4110 6272
580 302 650 359 75

577 431 702 480 tum
732 425 1085 490 humanum,
1121 439 1229 495 pro
1252 438 1373 495 quo
1403 421 1718 495 desperare
1757 427 2048 494 oporteat.
2090 420 2226 477 Nul-
2263 423 2308 474 Α

576 514 701 568 lum
724 517 810 568 est
827 512 1043 568 anima:
1061 512 1277 567 vulnus
1295 511 1908 574 adeoimmedicabile,
1930 511 2085 583 quod
2110 524 2228 564 non

577 606 832 666 curetur,
861 606 1060 655 ustum
1090 600 1338 672 pulchro
1362 601 1496 669 igne
1520 600 1900 673 paenitentiae.
1924 601 2111 669 Super
2132 613 2228 653 me

580 689 652 747 ait
674 694 773 744 tua
794 688 1098 760 iniquitas,
1150 704 1185 744 o
1208 688 1346 743 ﬁlia.
1374 691 1493 758 Ego
1518 704 1627 761 pro
1649 694 1700 743 te
1724 688 1953 745 Christo
1976 686 2225 742 reddam

576 778 889 833 rationem.
934 776 1137 832 Solum
1174 776 1307 832 veni
1363 792 1620 843 mecum,
1680 782 1734 832 et
1773 776 1850 831 ad
1890 774 2226 831 solitudinis

575 870 943 922 revertamur
975 865 1405 921 habitaculum.
1446 866 1535 920 Ad
1566 866 1693 921 haec
1724 865 1826 923 illa
1864 864 1962 919 vix
2002 863 2226 918 humile

573 954 889 1026 quippiam
916 960 971 1008 et
991 953 1173 1017 triste,
1193 959 1248 1008 et
1269 953 1448 1009 veluti
1466 954 1814 1024 aegritudine
1842 952 2228 1008 animiemor-

576 1047 746 1117 tuum
796 1042 1093 1097 submisse
1141 1042 1404 1113 loquitur
1445 1058 1457 1095 :
1500 1044 1647 1098 Cum
1697 1042 1766 1097 ad
1812 1047 1865 1097 te
1904 1046 1959 1096 et
1995 1040 2223 1095 vultum

575 1137 744 1188 tuum
784 1147 857 1186 ne
888 1130 1094 1186 oculos
1133 1130 1377 1202 quidem
1419 1131 1700 1196 habeam,
1742 1130 1843 1201 qui
1881 1130 2112 1200 possint
2140 1129 2225 1183 in-

574 1221 740 1286 tueri,
776 1236 810 1275 o
842 1220 1178 1275 venerande
1206 1223 1393 1282 Pater,
1437 1227 1497 1273 ut
1526 1220 1629 1291 qui
1663 1218 1777 1273 sint
1810 1219 1941 1273 tecti
1983 1223 2223 1290 propter

572 1315 800 1364 tantum
828 1309 1142 1380 pudorem,
1176 1308 1484 1379 quomodo
1513 1315 1718 1380 potero
1743 1308 1819 1363 ad
1843 1311 2026 1362 Deum
2060 1314 2222 1362 acce-

569 1396 730 1463 dere,
754 1414 790 1452 a
813 1397 1075 1465 maligno
1104 1398 1359 1465 graviter
1380 1398 1580 1451 animo
1600 1397 1883 1462 sauciata,
1914 1402 1969 1451 et
1986 1400 2218 1451 scatens

568 1488 691 1539 tam
710 1485 901 1539 multis
928 1490 1311 1557 peccatorum
1335 1485 1632 1541 ulceribus
1649 1486 1676 1542 i’
1702 1485 1797 1540 llle
1817 1491 2015 1540 autem
2040 1484 2223 1539 verba

567 1573 695 1642 ejus
735 1574 1034 1644 excipiens
1072 1592 1083 1628 :
1121 1576 1309 1644 Super
1350 1589 1468 1637 me,
1509 1574 1722 1644 inquit,
1758 1590 1793 1628 ο
1830 1573 1977 1639 ﬁlia,
2013 1574 2086 1627 sit
2116 1572 2223 1627 ini-

565 1661 762 1733 quitas
794 1669 911 1727 tua,
940 1667 993 1717 et
1023 1678 1176 1717 onus
1206 1662 1358 1717 collo
1394 1678 1528 1717 meo
1561 1669 1733 1717 erunt
1765 1667 1881 1717 tuae
1912 1663 2177 1717 actiones
2208 1678 2221 1727 ;

568 1750 760 1805 solum
788 1755 1157 1805 revertamur
1184 1750 1261 1804 ad
1288 1751 1516 1821 priores
1542 1754 1773 1805 nostras
1801 1750 2220 1806 habitationes.

570 1840 710 1894 Ecce
750 1838 909 1894 enim
950 1838 1374 1894 dilectissimus
1413 1855 1653 1911 quoque
1694 1838 1962 1909 Ephraam
1996 1839 2223 1911 pudore

565 1932 808 1998 propter
847 1932 900 1982 te
931 1927 1184 1982 afficitur
1222 1933 1279 1982 et
1310 1928 1491 1983 animi
1532 1927 1903 1997 aegritudine.
1957 1929 2224 1983 Concede

563 2030 704 2085 ergo
735 2016 929 2084 nobis,
965 2023 1027 2071 ut
1053 2017 1437 2089 respiremus,
1472 2023 1525 2072 et
1553 2016 1629 2071 ab
1651 2017 1761 2071 hoc
1787 2017 1956 2087 gravi
1985 2024 2226 2089 propter

563 2109 620 2159 te
649 2104 969 2159 liberemur
994 2121 1272 2162 mcerore.
1303 2107 1398 2160 His
1428 2105 1624 2176 puella
1654 2105 1826 2161 valde
1854 2106 2059 2161 animo
2089 2123 2227 2161 con-

563 2194 716 2259 trita,
739 2193 898 2249 cadit
924 2194 1053 2265 ipsa
1074 2211 1333 2265 quoque,
1369 2210 1486 2249 non
1511 2211 1676 2249 secus
1702 2211 1772 2250 ac
1801 2195 2073 2251 meretrix
2105 2196 2222 2270 illa,

563 2281 641 2337 ad
670 2283 854 2354 pedes
889 2284 1293 2354 praeceptoris,
1337 2284 1548 2340 acerbe
1590 2283 1833 2351 deﬂens,
1876 2290 1932 2341 et
1970 2302 2072 2341 eos
2104 2286 2226 2341 irri-

563 2385 717 2440 gans
746 2370 943 2427 ﬂuviis
972 2370 1400 2444 lacrymarum.

638 2633 839 2690 XXVII.
878 2635 1025 2690 Cum
1069 2634 1108 2689 ii
1140 2651 1281 2705 ergo
1312 2635 1393 2691 ita
1435 2652 1496 2691 se
1528 2636 1831 2703 haberent,
1882 2642 1936 2694 et
1966 2638 2060 2693 ille
2092 2639 2224 2710 qui-

562 2720 700 2776 dem
734 2722 897 2792 apud
930 2738 1064 2778 eam
1096 2729 1355 2778 uteretur
1379 2724 1906 2790 admonitionibus,
1940 2732 1996 2782 et
2026 2727 2085 2783 in
2114 2728 2220 2783 bo-

557 2826 701 2866 nam
742 2816 957 2866 terram
1024 2812 1108 2866 sic
1153 2813 1471 2868 seminaret
1516 2813 1660 2869 :illa
1704 2819 1900 2870 autem
1942 2815 2222 2888 lacrymis

564 2898 1023 2970 quodammodo
1049 2900 1315 2971 irrigaret
1339 2904 1590 2967 semina,
1617 2908 1680 2958 ut
1702 2904 1921 2959 fructus
1943 2906 2058 2961 cito
2086 2922 2217 2977 pro-

557 2988 799 3053 ferrent,
835 2994 890 3044 et
928 2988 1066 3044 hinc
1100 2989 1509 3060 paenitentiam
1541 2992 1875 3048 ostenderet
1912 2999 1967 3048 et
2004 2996 2214 3051 contri-

562 3074 812 3158 tionem,
847 3091 966 3131 nox
998 3078 1123 3147 jam
1157 3078 1414 3135 deducta
1444 3085 1568 3135 erat
1606 3081 1677 3135 ad
1722 3081 2079 3139 matutinum
2114 3101 2125 3139 :
2160 3090 2216 3141 et

559 3165 690 3233 lpse
730 3164 972 3235 quidem
1000 3166 1197 3221 fratris
1237 3167 1420 3223 ﬁliam
1450 3168 1701 3238 jubebat
1730 3170 1897 3243 sequi
1931 3172 2008 3228 ad
2040 3190 2209 3229 mon-

564 3256 702 3306 tem.
737 3254 881 3308 Cum
922 3254 1020 3309 illa
1054 3261 1320 3325 rogasset
1348 3262 1568 3323 autem,
1603 3259 1893 3331 quidnam
1934 3260 2007 3315 de
2039 3265 2211 3318 vesti-

570 3338 707 3404 bus,
738 3344 790 3395 et
811 3356 977 3408 auro,
1001 3347 1055 3398 et
1082 3351 1347 3415 argento,
1374 3350 1430 3401 et
1458 3347 1737 3417 stragulis
1760 3347 2021 3401 vestibus
2048 3349 2212 3404 dein-

558 3443 697 3499 ceps
724 3429 942 3486 faceret
961 3433 1107 3500 (erat
1132 3434 1291 3488 enim
1322 3436 1632 3505 splendide
1660 3441 1716 3490 et
1743 3440 2096 3506 sumptuose
2122 3455 2203 3493 or-

554 3516 741 3587 nata),
757 3523 819 3572 ut
838 3521 1253 3576 convenienter
1270 3521 1473 3578 divino
1496 3528 1795 3594 praecepto
1814 3526 2010 3581 omnia
2033 3527 2209 3582 relin-

554 3611 719 3675 quat,
743 3606 979 3661 divinus
1003 3609 1284 3664 admonet
1302 3610 1637 3681 Abramius,
1664 3617 1725 3667 ut
1747 3629 1882 3669 eum
1907 3614 2099 3670 solum
2126 3631 2211 3671 se-

551 3698 790 3763 quatur,
841 3699 898 3749 et
939 3697 1263 3752 contendat
1308 3700 1382 3752 ad
1424 3717 1594 3755 veras
1643 3701 1773 3756 illas
1818 3704 1949 3758 vitae
1994 3704 2208 3762 futurae

553 3779 812 3836 divitias.
848 3784 927 3837 Ea
958 3798 1099 3851 ergo
1132 3790 1399 3855 accepta,
1434 3788 1733 3856 egreditur
1764 3790 1920 3845 clam
1952 3807 1982 3845 e
2012 3793 2208 3849 diver-

553 3868 713 3923 sorio
743 3886 755 3923 :
780 3874 989 3925 etcum
1014 3870 1210 3942 ipsam
1233 3888 1389 3944 equo
1411 3873 1815 3946 imposuisset,
1876 3878 1969 3933 ille
1996 3896 2209 3951 praece-

554 3956 737 4012 debat
779 3958 985 4030 pedes,
1031 3976 1255 4033 equum
1302 3978 1486 4018 manu
1534 3964 1794 4022 trahens.
1836 3969 1981 4022 Cum
2008 3973 2206 4024 autem

549 4044 802 4102 fuissent
820 4046 881 4102 in
900 4053 1122 4114 monte,
1142 4056 1375 4106 mutant
1393 4053 1659 4108 ordinem
1674 4055 2204 4123 domuncularum;

548 4139 604 4190 et
630 4151 763 4191 eam
795 4137 1065 4209 quidem,
1094 4156 1227 4211 quae
1268 4146 1393 4197 erat
1425 4142 1693 4208 exterius,
1728 4145 1847 4215 ipse
1880 4147 2079 4201 statuit
2105 4147 2192 4203 ha-

549 4222 764 4289 bitare,
810 4226 943 4281 ﬁlias
992 4233 1190 4283 autem
1236 4230 1433 4285 fratris
1481 4231 1685 4288 tribuit
1730 4235 2090 4291 interiorem.
2141 4240 2202 4293 ln

545 4327 668 4383 qua
692 4330 829 4369 cum
854 4331 916 4369 se
932 4318 1304 4385 coercuisset,
1326 4325 1381 4374 et
1404 4320 1558 4376 fores
1582 4322 1930 4379 occlusisset
1950 4326 2203 4381 domun-

545 4401 718 4468 culae,
752 4402 867 4457 illic
897 4404 1006 4457 fuit
1057 4414 1367 4476 perpetuo,
1416 4409 1715 4479 precibus,
1763 4411 2003 4480 jejuniis
2034 4414 2197 4471 etla-

544 4491 764 4560 crymis
789 4490 991 4545 delens
1017 4491 1183 4547 labes
1208 4501 1587 4563 peccatorum
1618 4478 1851 4553 animae.
1886 4503 2109 4557 Etenim
2138 4511 2199 4560 ut
2232 4478 2275 4532 Β

540 4593 679 4648 quas
708 4594 902 4648 nuper
926 4579 1271 4651 resipuisset
1291 4599 1327 4637 a
1352 4584 1505 4639 vitiis
1534 4588 1822 4657 corporis,
1852 4589 1933 4643 sic
1956 4606 2023 4645 ea
2049 4608 2193 4648 sem-

538 4679 645 4735 per
671 4665 934 4722 habebat
965 4682 1088 4738 prae
1118 4668 1303 4725 oculis
1333 4671 1554 4728 inferne
1581 4677 1873 4731 versantia
1899 4678 2192 4742 animam,

535 4762 591 4809 et
620 4754 955 4811 admodum
995 4758 1207 4813 acerbe
1238 4762 1568 4831 pungentia
1599 4765 2047 4833 conscientiam,
2080 4773 2192 4828 etsi

534 4844 689 4897 Deus
722 4860 879 4915 saepe
906 4846 956 4899 ei
978 4847 1316 4902 ostenderet
1341 4855 1719 4919 peccatorum
1752 4856 2189 4929 remissionem,

530 4946 639 4987 nec
669 4931 783 4987 hoc
810 4933 1023 5000 solum,
1068 4936 1171 4991 sed
1203 4936 1380 4992 etiam
1410 4954 1543 4993 eam
1573 4945 1737 4998 tanta
1764 4944 2089 5016 impertiret
2121 4949 2190 5003 ﬁ-

529 5019 724 5083 ducia.
757 5028 819 5077 ut
849 5028 903 5078 et
932 5024 1168 5080 assidue
1210 5026 1515 5092 miracula,
1549 5033 1603 5084 et
1634 5046 1669 5085 a
1701 5033 1927 5088 morbis
1956 5041 2011 5091 et
2038 5039 2187 5093 vitiis

527 5107 904 5165 liberationes
936 5129 1041 5183 per
1062 5129 1195 5169 eam
1218 5115 1570 5171 ostenderet.
1599 5120 1837 5190 Propter
1857 5138 1985 5194 quas
2009 5127 2184 5183 corde

524 5195 836 5252 laetabatur
868 5200 1203 5269 Abramius,
1254 5206 1311 5258 et
1341 5206 1460 5260 Deo
1501 5205 1717 5277 agebat
1747 5210 1985 5283 gratias,
2019 5216 2179 5285 quod

526 5298 631 5354 spe
659 5284 904 5340 minime
934 5295 1087 5343 esset
1108 5289 1446 5361 frustratus,
1475 5293 1580 5349 sed
1608 5302 2017 5368 susceptorum
2042 5284 2181 5373 pro-

522 5375 657 5443 pter
695 5373 890 5443 ipsam
922 5374 1195 5433 laborum
1229 5379 1453 5437 fructus
1492 5384 1667 5440 ferret
1698 5387 2105 5446 suavissimos.

522 5460 598 5553 οἷς
626 5459 920 5535 εὐφραίνετο
950 5468 1043 5522 τὴν
1073 5463 1295 5539 καρδίαν
1320 5469 1604 5545 Ἀϐρςίμιος
1633 5479 1721 5527 καὶ
1755 5473 2012 5531 ἀπεδίδου
2062 5489 2174 5553 Θεῷ
2202 5485 2263 5536 τά

523 5545 783 5613 ἠδίστους
807 5560 906 5603 τῶν
937 5550 1013 5605 ἐπ’
1039 5553 1167 5627 αὐτῇ
1202 5561 1366 5609 πόνων
1397 5561 1479 5630 (1)
1506 5566 1623 5625 τούς
1649 5570 1879 5637 καρπούς
1906 5545 2192 5641 ἕκομίξετο.

2254 3125 2291 3179 C

1964 294 2229 353 MENSIS
2271 294 2585 352 MARTIUS

3900 292 3966 346 76

2341 416 2490 479 οἶδας
2538 418 2617 470 ἀεὶ
2660 425 2752 470 τοῦ
2796 416 2995 469 κελλίου
3037 418 3125 468 καὶ
3155 421 3249 475 τῆς
3301 414 3544 485 ἡσυχίας
3576 410 3771 466 εἰδότα
3824 416 3961 467 rium

2340 504 2489 560 οὐδέν
2540 525 2552 573 ;
2603 507 2712 558 Οὐκ
2780 509 2893 557 ἔστι
2946 525 2997 556 τι
3060 513 3159 556 τῶν
3215 502 3547 577 ἀνθρωπίνων
3605 506 3959 577 πραγμάτων,

2338 598 2459 667 ὅπερ
2510 594 2847 669 ἀπαγορεύειν
2903 599 3159 665 προσήκει
3219 612 3231 625 ·
3284 592 3379 644 ούκ
3426 596 3537 645 ἔστι
3607 613 3663 644 τι
3717 602 3832 644 τῶν
3883 604 3959 652 τῆς

2336 684 2521 756 ψυχῆς
2553 686 2863 758 τραυμάτων
2912 684 3071 742 οὕτως
3119 682 3342 747 ἀνίατον,
3377 682 3403 733 ὃ
3436 686 3507 754 μὴ
3559 691 3633 752 τῷ
3687 683 3847 753 καλῷ
3875 693 3957 743 τῆς

3787 772 3951 843 ἐρ.εέ

2338 862 2525 934 ἀνομία
2558 882 2670 929 σου,
2706 866 2877 913 τέκνον
2907 860 2918 914 1
2950 861 3048 932 ἐγὼ
3097 863 3192 922 τάς
3234 862 3361 932 ὑπὲρ
3406 868 3501 912 σοῦ
3534 860 3759 921 εὐθύνας
3794 862 3958 932 ὑφέξω

2338 959 2551 1023 Χριστῷ
2586 970 2597 983 ⁸
2623 956 2774 1022 μόνον
2818 949 2926 1002 ἐλθὲ
2965 948 3073 1021 μετ’
3116 948 3239 1021 ἐμοῦ
3287 969 3375 1000 και
3414 953 3547 1021 πρὸς
3589 953 3650 1000 τὸ
3702 958 3809 1011 τῆς
3841 949 3957 1024 ἐρη-

2335 1045 2458 1111 μίας
2515 1041 2812 1114 οἰκητήριον
2874 1038 3026 1091 πάλιν
3102 1037 3479 1110 ἐπανέλθωμεν,
3560 1042 3704 1110 Πρός
3789 1048 3959 1091 ταῦτα

2332 1130 2482 1201 μόλις
2527 1128 2690 1186 ἐκείνη
2768 1132 2890 1180 ποτε
2935 1133 3169 1179 ταπεινόν
3234 1147 3283 1179 τι
3339 1132 3429 1179 καὶ
3488 1129 3815 1199 σκυθρωπὸν
3876 1137 3956 1180 καὶ

2332 1220 2436 1271 οἷον
2491 1218 2690 1290 ἀθυμίᾳ
2722 1221 2964 1276 τεθνηκὸς
3005 1219 3387 1288 ὑποφθέγγεται
3423 1233 3433 1244 ⁸
3464 1217 3523 1268 Εἰ
3569 1220 3707 1289 πρὸς
3756 1221 3821 1269 σε
3877 1226 3953 1269 xui

2330 1311 2419 1368 τάς
2452 1312 2545 1367 σάς
2585 1307 2731 1377 ὄφεις
2769 1304 2891 1359 οὐδὲ
2924 1305 3220 1377 ὀφθαλμούς
3271 1308 3392 1376 όρᾲν
3450 1301 3782 1377 δυναμένους
3828 1310 3949 1377 ἔχω.

2329 1403 2465 1469 τίμιε
2523 1400 2711 1471 Πάτερ,
2770 1398 2855 1448 ait:
2897 1394 2943 1446 ἐν
2999 1403 3161 1469 τροπῇ
3222 1397 3453 1466 τοσαύτη
3502 1394 3948 1466 κεκαλυμμένους,

2330 1495 2435 1545 πῶς
2485 1485 2781 1557 προσελθεῖν
2834 1482 3145 1555 δυνήσομαι
3193 1491 3264 1552 τῷ
3305 1491 3439 1553 Θεῷ,
3490 1479 3667 1544 δεινῶς
3709 1485 3820 1536 ὑπὸ
3864 1493 3951 1536 τοῦ

2333 1582 2559 1646 πονηροῦ
2612 1578 2706 1631 τὴν
2752 1572 2949 1643 ψυχὴν
2998 1576 3285 1647 τετρωμένη
3336 1577 3427 1624 καὶ
3474 1577 3755 1633 τοσούτοις
3786 1574 3953 1648 ἁμαρ-

2333 1672 2454 1714 τιῶν
2508 1663 2677 1715 ἕλκεσι
2727 1660 2971 1734 βρύουσα
3004 1680 3017 1730 ;
3048 1662 3107 1714 Ὀ
3167 1659 3225 1714 δὲ
3273 1667 3362 1714 καὶ
3410 1658 3557 1722 αὖθις
3623 1662 3907 1715 ὑπολαϐὼν
3935 1682 3945 1693 ·

2334 1751 2444 1803 Ἐπ’
2502 1750 2606 1822 ἐμὲ,
2663 1757 2815 1823 φησὶ,
2848 1756 3040 1821 τέκνον,
3092 1754 3121 1810 ἡ
3184 1751 3373 1824 ἀνομία
3418 1771 3515 1804 σου
3568 1757 3659 1804 καὶ
3711 1760 3942 1827 φορτίον.

2334 1840 2439 1911 ἐμῷ
2490 1840 2739 1913 τραχήλῳ
2807 1846 2896 1893 σαὶ
2954 1846 3257 1911 ’γενήσονται
3309 1840 3521 1914 πράξεις
3578 1858 3589 1869 ⁸
3649 1845 3811 1911 μόνον
3866 1842 3945 1894 ἐπὶ

2332 1932 2424 1991 τάς
2490 1936 2735 2004 προτερας
2790 1932 2933 2001 ἡμῶν
3010 1932 3336 2003 πορευθῶμεν
3406 1926 3681 2002 διατριϐάς
3746 1950 3762 1965 σ
3830 1929 3944 1983 ἰδού

2332 2022 2428 2090 γάρ
2461 2024 2550 2069 καὶ
2580 2038 2665 2070 τον
2698 2020 2827 2071 θεῖον
2852 2018 3095 2092 Ἐφραὶμ,
3124 2019 3358 2089 αἰσχύνη
3393 2014 3485 2071 διὰ
3516 2022 3573 2069 σε
3602 2023 3835 2090 κατέχει
3859 2025 3944 2070 xui

2336 2106 2533 2179 ἀθυμία
2566 2128 2577 2140 ·
2616 2104 2703 2167 δὸς
2754 2105 2839 2159 οὖν
2889 2111 3011 2179 ἡμῖν
3068 2108 3386 2160 ἀναπνεῦσαι
3431 2113 3519 2160 καὶ
3558 2115 3654 2169 τῆς
3693 2109 3942 2179 χαλεπῆς

2337 778 2603 845 μετανοίας
2660 778 2787 847 πυρὶ
2839 776 3108 843 καιόμενον
3182 774 3535 845 θεραπεύεται.
3594 771 3707 823 Ἐπ’

2332 2200 2523 2257 ταύτης
2579 2197 2657 2249 ἐπὶ
2696 2202 2778 2250 σοὶ
2829 2202 3114 2269 κατηφείας
3161 2196 3541 2268 ἀπαλλαγῆναι.
3591 2202 3732 2271 Πρὸς
3773 2207 3943 2250 ταῦτα

2335 2284 2574 2361 σφοδρῶς
2620 2289 2649 2345 ἡ
2684 2293 2812 2359 κόρη
2845 2292 2938 2345 τὴν
2967 2287 3153 2358 ψυχὴν
3196 2286 3545 2360 συντριϐεῖσα,
3580 2291 3765 2339 πίπτει
3806 2292 3944 2340 κατὰ

2330 2380 2423 2433 τὴν
2456 2381 2647 2450 πόρνην
2677 2381 2765 2427 καὶ
2797 2376 2928 2433 αὖτη
2963 2380 3090 2449 πρὸς
3113 2379 3229 2435 τοὺς
3254 2373 3424 2437 πόδας
3453 2384 3544 2428 τοῦ
3578 2371 3938 2441 διδασκάλου,

2330 2472 2525 2538 πικρῶς
2549 2464 2894 2539 ὀλοφυρομένη
2923 2469 3013 2517 καὶ
3045 2461 3286 2538 δακρύων
3322 2472 3575 2537 ποταμοῖς
3603 2464 3797 2528 αύτούς
3833 2466 3942 2518 ἑπι-

2330 2551 2524 2612 κλύζου
2534 2572 2620 2607 σα.

2405 2642 2522 2695 ΚΖ’.
2597 2644 2767 2714 Ταύτῃ
2829 2650 3101 2715 τοιγαροῦν
3179 2641 3404 2713 ἐχόντων
3475 2642 3641 2695 αὐτῶν
3692 2649 3783 2696 καὶ
3845 2651 3941 2697 τοῦ

2328 2732 2417 2801 μὲν
2496 2734 2588 2790 τὰς
2650 2735 2979 2804 παραινέσεις
3065 2734 3193 2806 πρὸς
3253 2736 3414 2789 αὐτὴν
3474 2736 3786 2804 ποιουμένου
3845 2738 3937 2784 xui

2328 2823 2485 2880 οὕτως
2535 2820 2605 2882 εἰς
2652 2820 2853 2891 ἀγαθὴν
2896 2828 2995 2891 γῆν
3046 2825 3360 2893 σπείροντος,
3416 2829 3506 2881 τῆς
3562 2819 3621 2875 δὲ
3679 2819 3776 2875 διά
3835 2833 3934 2874 τῶν

2331 2906 2568 2983 δακρύων
2598 2912 2770 2981 ὥσπερ
2805 2907 3069 2983 ἀρδούσης
3114 2914 3179 2961 τά
3229 2915 3522 2983 σπέρματα,
3558 2912 3639 2962 ἱνα
3678 2916 3767 2964 καὶ
3795 2932 3935 2987 καρ-

2325 3002 2453 3060 πούς
2506 3003 2648 3070 ταχύ
2700 3004 3107 3074 προσενέγκωσι,
3164 3003 3250 3050 καὶ
3303 3004 3395 3058 τὴν
3448 3003 3720 3071 μετάνοιαν
3764 3000 3934 3054 ἐντεῦ-

2326 3090 2403 3140 θεν
2460 3095 2549 3141 καὶ
2604 3094 2698 3147 τὴν
2750 3088 3029 3162 συντριϐὴν
3096 3085 3540 3161 ἐπιδεικνυμένης,
3598 3092 3628 3148 ἡ
3683 3090 3774 3151 νύξ
3818 3087 3929 3149 ἤδη

2320 3182 2435 3250 περὶ
2486 3181 2667 3250 ὄρθρον
2720 3174 2779 3235 ἦν
2835 3183 2925 3229 xui
2973 3180 2997 3228 6
3051 3181 3141 3248 μὲν
3173 3179 3390 3231 ἕπεσθαι
3433 3184 3527 3236 τὴν
3576 3177 3792 3249 ἀνεψιὰν
3840 3180 3934 3232 ἐπ-

2320 3270 2494 3337 έτρεπε
2523 3269 2653 3336 πρὸς
2682 3270 2738 3317 τό
2789 3270 2905 3339 ὅρος
2938 3285 2950 3297 ·
2997 3274 3090 3327 τῆς
3132 3263 3190 3319 δὲ
3237 3272 3355 3340 περὶ
3400 3275 3498 3319 τῶν
3549 3266 3781 3326 ἐσθήτων
3836 3276 3925 3321 xui

2321 3362 2410 3404 τοῦ
2460 3362 2667 3425 χρυσοῦ
2728 3360 2815 3405 καὶ
2872 3364 2971 3406 τῶν
3021 3354 3408 3428 ἀργυρωμάτων
3461 3361 3549 3408 καὶ
3601 3365 3699 3408 τῶν
3759 3377 3932 3431 στρω-

2320 3450 2454 3512 μνῶν
2503 3444 2814 3513 πυθομένης,
2868 3445 2946 3495 ὅτι
2993 3443 3167 3495 λοιπὸν
3222 3444 3395 3504 αὐτοῖς
3449 3450 3714 3518 χρήσεται
3764 3462 3779 3476 ·
3837 3454 3929 3501 καὶ

2318 3532 2416 3604 γὰρ
2472 3528 2531 3588 ἦν
2589 3532 2871 3593 πολυτελῶς
2932 3535 3137 3604 ἔχουσα
3195 3536 3388 3585 τούτων
3468 3538 3556 3585 καὶ
3618 3534 3924 3608 φιλοτίμως,

2319 3623 2487 3672 πάντα
2539 3623 2673 3672 κατὰ
2724 3626 2816 3679 τὴν
2884 3618 3201 3680 δεσποτικὴν
3263 3622 3467 3680 ἐντολὴν
3538 3624 3847 3677 καταλιπεῖν
3900 3630 3924 3678 ό

2322 3711 2454 3771 θεῖος
2501 3710 2780 3785 Ἀϐράμιος
2832 3712 3132 3763 ὑποτίθεται
3189 3716 3277 3763 καὶ
3325 3711 3466 3782 αύτῷ
3513 3718 3651 3784 μόνῳ
3695 3712 3922 3767 ἀκολου-

2322 3802 2423 3851 θεῖν
2473 3805 2560 3852 καὶ
2623 3805 2751 3873 πρὸς
2795 3804 2880 3853 τὸν
2948 3800 3187 3858 ἀληθινὸν
3255 3804 3439 3853 ἐκεῖνον
3488 3809 3577 3862 τῆς
3624 3802 3925 3873 μελλούσης

2322 3890 2459 3949 ζωῆς
2517 3888 2812 3959 ἐπείγεσθαι
2884 3890 3120 3942 πλούτον.
3205 3889 3520 3963 Παραλαϐὼν
3577 3887 3664 3943 οὖν
3727 3891 3918 3957 αὐτὴν,

2318 3976 2547 4037 ὑπέξεισι
2586 3977 2753 4050 λάθρα
2794 3986 2887 4030 τοῦ
2944 3975 3265 4049 πανδοχείου
3316 3983 3405 4031 xui
3453 3982 3647 4037 ταύτην
3707 3980 3775 4041 εἰς
3822 3986 3917 4033 τόν

2318 4064 2469 4114 ἵππον
2524 4064 2847 4130 ἐπιϐιϐάσας,
2889 4067 3045 4128 πεζὸς
3089 4068 3238 4127 αὐτὸς
3285 4075 3585 4141 προηγεῖτο,
3619 4071 3705 4120 τὸν
3753 4070 3915 4122 ἵππον

2316 4148 2409 4203 διὰ
2456 4158 2632 4226 χειρὸς
2676 4154 3017 4227 ἐφελκόμενος.
3064 4161 3327 4227 Γενόμενος
3359 4153 3417 4208 δε
3465 4160 3596 4231 πρὸς
3647 4166 3719 4227 τῷ
3781 4164 3913 4231 ιῇοει,

2314 4245 2527 4297 τὴντῶν
2577 4243 2820 4295 οἱκίσκων
2864 4244 3140 4316 ἀμείϐουσι
3170 4245 3315 4307 τάξιν
3362 4251 3452 4297 xui
3500 4250 3587 4297 τὸν
3633 4250 3723 4317 μὲν
3765 4246 3913 4309 ἐκτὸς

2311 4329 2466 4391 αὐτὸς
2519 4332 2674 4383 εἵλετο
2724 4342 2998 4398 κατοικεῖν,
3054 4342 3115 4406 τῇ
3172 4332 3358 4405 ἀνεψιᾴ
3402 4332 3460 4386 δε
3512 4334 3753 4407 ἀπονέμει
3818 4341 3909 4389 τὸν

2309 4416 2556 4493 ἐνδοτέρω
2618 4440 2630 4453 ·
2685 4422 2745 4474 οὗ
2798 4419 2865 4477 δὴ
2920 4428 3008 4475 καὶ
3054 4423 3373 4497 καθείρξασα
3427 4423 3614 4483 ἑαυτὴν
3659 4430 3750 4476 xui
3810 4429 3908 4487 τὰς

2309 4511 2463 4581 θύρας
2520 4510 2876 4583 ἐπικλεισμὲνη
2932 4519 3019 4563 τοῦ
3070 4508 3359 4583 δωματίου,
3429 4508 3522 4565 διὰ
3591 4517 3782 4576 παντὸς
3839 4512 3903 4573 ἦν

2306 4595 2407 4649 ἐκεῖ
2464 4596 2679 4656 δεήσεσι
2741 4604 2830 4652 xui
2876 4606 3141 4661 νηστείαις
3189 4606 3278 4653 xui
3344 4598 3576 4675 δάκρυσι
3632 4606 3753 4664 τοὺς
3806 4613 3903 4665 τῆς

2304 4686 2555 4759 ἁμαρτίας
2607 4689 2822 4751 σπίλους
2852 4698 2943 4749 τῆς
2984 4689 3165 4761 ψυχῆς
3205 4689 3563 4762 ἀπαλείφουσα

2302 4778 2368 4837 ὡς
2398 4778 2517 4851 ἄρτι
2569 4786 2667 4829 τῶν
2714 4787 2803 4830 τοῦ
2855 4784 3093 4850 σωματος
3134 4782 3308 4832 παθῶν
3358 4779 3689 4851 ἀνανήψασα,
3733 4780 3902 4842 οὕτως

2300 4865 2433 4917 αύτά
2478 4870 2575 4939 πρὸ
2620 4876 2717 4918 τῶν
2759 4866 3031 4940 ὀφθαλμῶν
3085 4866 3224 4940 εἶχεν
3268 4868 3345 4921 ἀεὶ
3400 4873 3681 4941 στρέφοντα
3727 4872 3896 4923 κάτω-

2300 4956 2377 5005 θεν
2428 4959 2521 5013 τὴν
2578 4955 2764 5027 ψυχὴν
2819 4962 2908 5009 καὶ
2954 4954 3160 5031 σφόδρα
3207 4965 3407 5031 πικρῶς
3452 4962 3546 5016 τὴν
3587 4954 3895 5017 συνείδησιν

2295 5042 2609 5110 πλήττοντα,
2663 5050 2832 5097 καίτοι
2887 5054 2978 5098 τοῦ
3030 5054 3162 5099 Θεοῦ
3216 5050 3307 5104 τὴν
3356 5055 3454 5098 τῶν
3511 5048 3891 5119 ἡμαρτημένων

2293 5132 2474 5201 ἄφεσιν
2532 5133 2660 5205 αὐτῇ
2712 5134 2953 5195 πολλάκις
3008 5131 3463 5208 παραδεικνύντος,
3502 5140 3592 5187 καὶ
3644 5135 3701 5187 ού
3737 5144 3894 5189 τοῦτο

2294 5215 2351 5269 δὲ
2403 5223 2574 5290 μόνον,
2614 5220 2740 5275 ἀλλά
2788 5227 2877 5275 καὶ
2918 5227 3179 5285 τοσαύτης
3238 5224 3369 5296 αὐτῇ
3430 5220 3745 5296 μεναδόντος
3794 5234 3895 5289 τῆς

2290 5306 2610 5382 παρρησίας,
2665 5313 2730 5372 ὡς
2798 5316 2888 5363 καὶ
2944 5314 3183 5384 θαύματα
3253 5320 3487 5384 συνεχῶς
3566 5317 3655 5365 xui
3710 5316 3892 5367 παθῶν

2288 5403 2372 5449 xui
2426 5404 2588 5451 νόσων
2641 5399 2943 5472 ἀπαλλαγὰς
2993 5398 3065 5454 δι’
3119 5402 3280 5464 αὐτῆς
3335 5398 3776 5456 ἐπιδείκνυσθαι·
3813 5402 3891 5477 ἐφ’

2293 5484 2705 5564 εὐχαριστήρια,
2734 5490 2814 5541 ὅτι
2843 5494 2913 5563 μὴ
2957 5486 3242 5565 διήμαρτεν
3282 5488 3525 5557 ἐλπίδων,
3578 5489 3684 5545 ἀλλ’
3718 5492 3889 5547 οὕτως

3610 4706 3624 4721 '
3667 4696 3755 4743 xui
3795 4696 3899 4767 γὰρ

589 5638 666 5716 (1)
696 5641 762 5697 ln
810 5640 924 5698 hac
954 5657 1102 5700 voce
1134 5645 1257 5702 Vita
1294 5646 1561 5706 Abramii
1597 5654 1733 5709 cod.
1770 5656 1871 5713 774
1901 5638 2159 5727 desinit;
2192 5677 2209 5717 ι

2321 5679 2420 5734 [ua
2444 5665 2764 5740 desumpta
2799 5671 2935 5725 sunt
2964 5684 3037 5726 ex
3065 5669 3199 5727 cod.
3237 5669 3393 5741 1484,
3423 5685 3560 5728 εωο.
3594 5686 3700 5728 xu.
