4110 6272
113 249 182 304 77

1213 250 1381 306 VITA
1420 251 1523 311 SS.
1562 251 1838 308 AGAPES
1879 252 1966 309 ET
2001 254 2368 314 SOCIARUM

3393 261 3463 316 78

185 370 309 425 KH'.
385 370 602 431 Ἐκεῖνος
663 371 753 442 μὲν
807 366 895 424 οὖν
945 370 1019 433 εἰς
1067 371 1207 446 βαθύ
1272 386 1441 449 γῆρας
1524 376 1713 438 ἐλάσας

1889 380 2126 434 XXVIII.
2159 382 2348 453 Atque
2386 380 2483 436 ille
2529 378 2776 452 quidem
2806 395 2939 435 cum
2994 380 3068 435 ad
3098 380 3464 452 profundam

109 460 355 515 καταλύει
404 462 490 512 τὸν
542 456 655 531 βίον
706 464 797 511 καὶ
844 463 969 534 πρὸς
1012 464 1107 524 τὰς
1156 467 1353 525 σκηνὰς
1417 464 1712 536 μεταϐαίνει

108 554 203 614 τὰς
247 546 475 613 ἀϊδίους,
530 547 719 601 πολλοῦ
764 554 881 623 περὶ
924 555 1017 608 τὴν
1068 559 1158 603 τοῦ
1213 558 1449 623 σώματος
1495 552 1711 629 ἐκφορὰν

113 640 343 700 πλήθους
400 637 784 712 συῤῥεύσαντος
848 642 1178 711 πανταχόθεν
1236 648 1325 694 καὶ
1389 651 1486 694 τῶν
1555 643 1712 695 αὐτοῦ

111 729 519 803 πιριειλημάτων
567 732 655 780 καὶ
703 736 802 780 τῶν
860 728 1053 802 ῥακίων
1118 734 1574 805 παρασπάσασθαί
1661 752 1713 784 τι

109 821 295 892 μικρὸν
367 816 590 870 ἑκάστου
658 814 1063 888 φιλονεικοῦντος
1142 818 1209 879 εἰς
1266 818 1465 889 ἀγαθοῦ
1520 824 1712 879 παντὸς

112 908 395 981 θησαυρὸν,
458 905 530 968 εἰς
590 914 760 957 κακῶν
819 904 1055 958 ἁπάντων
1105 904 1537 981 φυγαδευτήριον’
1585 912 1712 980 πέμ-

107 1015 235 1048 πτον
291 991 349 1047 δὲ
396 998 525 1067 μετὰ
575 998 668 1053 τὴν
714 994 904 1047 ἐκείνου
949 994 1186 1054 τελευτὴν
1226 999 1335 1058 ἔτος
1375 997 1586 1068 τελευτᾷ
1623 1003 1710 1050 καὶ

109 1086 140 1142 ἡ
178 1083 383 1155 ἀνεψιὰ,
415 1085 479 1146 ἧς
513 1087 607 1142 τὴν
644 1083 829 1155 ψυχὴν
880 1092 951 1154 τῷ
1004 1086 1303 1157 ποθουμένῳ
1342 1092 1573 1159 Δεσπὸτῃ
1616 1107 1713 1139 πα-

108 1176 396 1248 ραθεμένης
447 1177 537 1225 καὶ
584 1179 761 1245 νεκρᾶς
813 1170 920 1231 ἤδη
973 1178 1063 1225 καὶ
1118 1177 1244 1248 πρὸς
1283 1183 1342 1246 τῇ
1382 1184 1514 1248 ταφῇ
1547 1179 1713 1247 κειμέ-

109 1282 200 1324 νης
238 1259 437 1321 ἡδίστη
512 1281 587 1323 τις
636 1260 839 1320 ἐπήνθει
889 1270 1006 1324 ταῖς
1058 1262 1212 1333 ὄψεσι
1263 1266 1421 1334 χάρις
1480 1269 1569 1316 καί
1639 1284 1713 1325 τις

112 1351 262 1414 ἀκτὶς
307 1350 494 1405 ἐκεῖθεν
550 1350 846 1414 ἀπέστιλϐε,
898 1350 1153 1423 σύμϐολον
1206 1350 1410 1423 ἀκριϐὲς
1443 1361 1536 1415 τῆς
1593 1357 1715 1404 ταύ-

107 1458 205 1499 την
263 1439 494 1512 ἐχούσης
550 1438 916 1511 λαμπρότητος
980 1438 1028 1491 ἐν
1097 1447 1312 1512 Χριστῷ
1378 1442 1557 1497 Ἰησοῦ
1642 1449 1712 1510 τῷ

111 1534 290 1603 Κυρίῳ
348 1531 515 1601 ἡμῶν,
645 1533 827 1604 πρέπει
873 1534 1021 1582 πᾶσα
1071 1525 1220 1595 δόξα,
1267 1533 1392 1601 τιμὴ
1435 1534 1524 1581 καὶ
1548 1548 1712 1602 προσ-

104 1619 350 1681 κύνησις,
420 1625 508 1669 νῦν
589 1623 679 1671 καὶ
745 1617 843 1684 ἀεὶ,
917 1622 1008 1670 καὶ
1074 1616 1143 1679 εἰς
1203 1621 1323 1679 τοὺς
1379 1617 1564 1678 αἰῶνας
1614 1626 1713 1669 τῶν

105 1706 327 1762 αἰώνων.
363 1708 550 1780 Ἀμήν.

1820 469 2184 538 pervenisset
2206 474 2588 534 senectutem,
2607 484 2638 524 θ
2660 469 2780 524 vita
2805 468 3051 535 excedit,
3080 474 3139 525 et
3154 470 3229 526 ad
3253 476 3472 528 aeterna

1820 556 2026 611 transit
2057 556 2457 625 tabernacula,
2500 557 2578 613 ad
2610 556 2973 613 efferendum
3004 574 3222 630 corpus
3250 575 3471 632 magna

1821 643 2085 716 undique
2106 645 2439 701 conﬂuente
2460 645 2855 711 multitudine,
2884 653 3061 718 atque
3088 646 3215 716 ejus
3238 662 3473 718 panno-

1819 746 1952 787 rum
1966 737 2023 788 et
2042 733 2368 790 ciliciorum
2390 750 2600 806 parum
2624 733 2763 805 quid
2790 734 3083 790 attrahere
3109 751 3471 808 unoquoque

1819 822 2232 887 contendente,
2260 824 2337 878 ad
2358 822 2625 893 cujusvis
2647 821 2785 878 boni
2808 822 3178 888 thesaurum,
3206 824 3284 880 ad
3315 824 3473 880 mala

1818 911 2022 967 omnia
2043 911 2472 983 propulsanda.
2499 911 2715 977 Quinto
2742 917 2945 967 autem
2973 928 3134 968 anno
3157 917 3291 983 post
3318 912 3472 969 illius

1817 1004 2094 1066 mortem,
2126 1000 2376 1057 moritur
2404 1000 2573 1056 etiam
2606 999 2800 1056 fratris
2833 998 2974 1056 ﬁlia.
3010 1002 3146 1066 Qua:
3178 1017 3317 1058 cum
3348 1001 3472 1057 ani-

1820 1103 1985 1143 mam
2024 1088 2360 1144 desiderato
2395 1088 2639 1145 Domino
2671 1088 3026 1159 tradidisset,
3061 1094 3119 1145 et
3148 1089 3275 1160 jam
3319 1094 3475 1146 esset

1822 1181 2077 1244 mortua,
2094 1176 2155 1231 in
2182 1177 2507 1248 sepultura,
2525 1178 2584 1231 in
2610 1177 2733 1246 ejus
2756 1177 2918 1232 vultu
2935 1178 3298 1235 suavissima
3318 1194 3476 1250 quie-

1820 1264 1963 1320 dam
1988 1264 2239 1322 ﬂorebat
2268 1266 2455 1336 gratia
2488 1282 2500 1320 :
2532 1270 2589 1321 et
2612 1265 2770 1321 illinc
2800 1266 3045 1338 quidam
3076 1268 3338 1323 micabat
3369 1284 3471 1324 ra-

1821 1352 1976 1422 dius,
2009 1360 2282 1424 apertum
2314 1355 2553 1426 signum
2618 1355 2746 1424 ejus
2787 1355 2995 1411 animm
3026 1355 3362 1427 splendoris
3412 1355 3475 1411 in

1822 1441 2047 1497 Christo
2066 1442 2203 1497 Jesu
2226 1443 2475 1498 Domino
2497 1447 2724 1511 nostro,
2742 1457 2923 1515 quem
2944 1443 3112 1499 decet
3132 1444 3331 1500 omnis
3353 1443 3475 1513 glo-

1820 1527 1923 1593 ria,
1979 1528 2194 1599 honor,
2247 1535 2304 1586 et
2361 1530 2631 1588 adoratio
2688 1530 2749 1587 in
2807 1530 3027 1589 saecula
3091 1531 3470 1589 saeculorum.

1821 1618 2031 1674 Amen.

1747 1701 1791 1755 B

859 2036 1683 2230 MENSIS
1799 2037 2725 2227 APRILIS.

1456 2463 2135 2553 MARTYRIUM

534 2647 719 2769 SS.
815 2646 1413 2792 AGAPES,
1503 2645 2163 2768 CHIONUE
2245 2645 2429 2766 ΕΤ
2514 2645 3046 2769 IRENES

1004 2887 1165 2950 QUAE
1202 2885 1391 2940 APUD
1429 2883 2015 2941 THESSALONICAM
2054 2885 2293 2942 PASS/E
2334 2884 2533 2943 SUNT.

271 3009 479 3074 (Latine
503 3007 645 3073 apud
676 3007 895 3058 Surlum
930 3008 1000 3058 ad
1034 3008 1177 3058 diem
1210 3008 1232 3056 1
1271 3008 1466 3071 Aprilis
1492 3009 1580 3070 (1).
1611 3034 1671 3043 —
1695 3008 1873 3059 Graeca
1898 3011 1954 3059 in
1982 3009 2256 3060 codicibus
2290 3010 2465 3074 Regiis
2499 3010 2889 3062 Parisiensibus
2921 3025 3029 3063 non
3063 3015 3288 3064 exstant.

148 3318 196 3373 1.
235 3315 468 3382 Quanto
505 3327 577 3369 ex
629 3311 890 3368 adventu
942 3314 998 3368 et
1037 3310 1357 3383 praesentia
1414 3310 1649 3366 Domini
1684 3314 1740 3367 et
1769 3318 1809 3375 C
1852 3315 1975 3366 tore
1999 3310 2289 3365 adversus
2307 3310 2667 3367 Christianos
2687 3311 2851 3368 illata
2866 3316 3039 3383 esset,
3063 3313 3337 3370 mulieres
3366 3315 3498 3383 illae,

70 3404 409 3464 Salvatoris
425 3401 609 3459 nostri
619 3402 787 3457 Jesus
810 3399 1016 3456 Christi
1039 3400 1225 3470 major
1242 3400 1435 3471 gratia
1451 3400 1510 3455 in
1527 3399 1738 3457 huma-

69 3510 231 3551 num
258 3508 447 3563 genus
476 3491 690 3547 collata
717 3494 823 3556 est,
851 3505 1035 3562 quam
1064 3489 1207 3545 olim
1247 3489 1456 3555 fuerat,
1486 3492 1654 3545 tanto
1681 3494 1738 3544 et

67 3588 429 3640 sanctorum
443 3580 761 3637 hominum
777 3578 1027 3635 victoria
1047 3580 1240 3649 major
1258 3579 1492 3634 exstitit.
1514 3578 1626 3633 Pro
1646 3579 1737 3635 his

67 3672 244 3730 enim
269 3670 557 3739 hostibus,
589 3669 692 3742 qui
723 3669 1022 3741 corporeis
1047 3668 1234 3724 oculis
1273 3671 1615 3731 cernuntur,
1636 3668 1735 3723 ho-

68 3768 200 3819 stes
238 3760 318 3815 illi
362 3758 628 3830 superari
678 3758 805 3828 jam
860 3757 1035 3827 empti
1086 3761 1244 3820 sunt,
1284 3756 1387 3828 qui
1425 3755 1736 3812 oculorum

72 3867 266 3907 sensu
288 3847 508 3921 percipi
522 3862 638 3902 non
656 3850 931 3919 possunt.
948 3847 1101 3902 Nam
1116 3845 1451 3901 dmmonesi
1458 3846 1571 3918 psi,
1587 3862 1736 3918 quo-

67 3956 218 3997 rum
255 3943 479 3993 natura:
518 3935 870 4008 spectabiles
905 3948 1023 3990 non
1045 3940 1205 4001 sunt,
1239 3934 1373 3990 vela
1402 3934 1736 4006 purissimis

67 4035 268 4101 atque
290 4025 724 4083 honestissimis
753 4024 1006 4091 feminis,
1041 4025 1260 4095 Spiritu
1291 4028 1498 4080 sancto
1524 4024 1735 4095 plenis,

70 4116 354 4191 superati
380 4114 503 4185 igni
520 4114 861 4171 traduntur.
895 4114 1061 4170 Tales
1077 4113 1318 4169 fuerunt
1337 4119 1453 4169 tres
1469 4114 1579 4168 illae
1605 4129 1739 4168 san-

68 4213 194 4265 ϐίω
218 4204 520 4269 mulieres,
549 4219 680 4275 quae
719 4219 791 4258 ex
822 4204 966 4258 urbe
995 4201 1415 4259 Thessalonica
1442 4201 1736 4271 originem

66 4294 417 4355 ducebant:
442 4308 625 4364 quam
646 4292 858 4348 urbem
872 4291 1344 4363 sapientissimus
1368 4289 1579 4346 Paulus
1597 4288 1740 4343 cele-

65 4384 303 4447 bravit,
339 4397 475 4437 cum
506 4380 637 4453 ejus
666 4380 838 4435 ﬁdem
871 4384 927 4435 et
955 4378 1326 4439 charitatem,
1350 4377 1621 4441 laudans,
1657 4376 1740 4431 sic

64 4475 159 4532 ait
184 4490 201 4529 :
230 4490 263 4523 «
288 4472 355 4528 In
385 4469 550 4525 omni
574 4468 706 4523 loco
726 4467 876 4523 ﬁdes
900 4471 1097 4522 vestra
1118 4466 1180 4521 in
1212 4469 1396 4521 Deum
1417 4469 1741 4537 pervagata

64 4564 286 4621 esti.»
326 4560 515 4629 Atque
561 4555 703 4611 alibi
733 4570 755 4613 ,ο
783 4575 812 4607 «
844 4559 919 4611 De
953 4555 1254 4620 charitate,
1295 4554 1505 4627 inquit,
1539 4553 1737 4609 frater-

64 4649 289 4711 nitatis
320 4661 443 4702 non
470 4660 709 4701 necesse
738 4644 1062 4701 habuimus
1094 4643 1353 4699 scribere
1386 4643 1549 4699 vobis
1583 4660 1596 4711 ;
1629 4642 1738 4713 ipsi

63 4741 249 4800 enim
274 4751 384 4791 vos
406 4751 442 4791 a
469 4737 585 4790 Deo
602 4732 904 4800 didicistis,
921 4732 1252 4804 utdiligatis
1272 4732 1527 4788 invicem
1539 4735 1581 4787 ².
1604 4751 1628 4783 ν

1847 3414 1983 3471 quae
2015 3397 2329 3453 virtutibus
2359 3400 2582 3471 seipsas
2611 3405 2992 3467 ornaverant,
3032 3403 3390 3473 evangelicis
3423 3404 3502 3459 le-

1848 3487 2398 3558 gibusobedientes,
2424 3494 2664 3560 propter
2689 3504 2989 3544 summam
3005 3490 3065 3544 in
3090 3506 3229 3546 eum
3257 3492 3503 3548 charita-

1848 3582 1958 3632 tem
1974 3575 2654 3632 etcmlestiumbonorum
2678 3593 2852 3647 spem,
2872 3578 3175 3651 patrisque
3198 3580 3501 3637 Abraham

1852 3664 2074 3721 factum
2097 3665 2419 3728 imitantes,
2439 3665 2707 3735 patriam,
2727 3667 3147 3735 cognationem
3169 3668 3502 3725 facultates-

1848 3769 1964 3826 que
1993 3769 2201 3808 omnes
2232 3751 2617 3825 reliquerunt,
2652 3770 2722 3809 ac
2753 3760 3160 3825 persecutores
3190 3756 3496 3827 fugiendo,

1846 3842 2365 3915 quemadmodum
2405 3842 2668 3897 Christus
2706 3844 3023 3915 praecepit’,
3070 3844 3255 3901 altum
3297 3862 3504 3918 quem-

1848 3932 1989 3987 dam
2044 3937 2308 3986 montem
2334 3931 2645 4002 petierunt,
2701 3931 2905 4003 ibique
2954 3932 3170 3988 divinis
3223 3934 3501 4005 precibus

1848 4037 2091 4093 operam
2106 4021 2331 4076 dabant
2356 4038 2367 4072 :
2395 4025 2675 4091 etcorpus
2690 4020 2937 4093 quidem
2952 4022 3150 4093 ipsum
3174 4023 3251 4079 ad
3282 4024 3502 4079 montis

1849 4109 2169 4166 celsitatem
2202 4108 2589 4175 contulerunt,
2612 4124 2820 4164 eorum
2844 4125 2983 4165 vero
3014 4111 3325 4167 animusin
3352 4112 3502 4168 cmlo

1848 4198 1983 4269 ipso
2004 4196 2525 4251 versabatur.Cum
2539 4201 2738 4251 autem
2757 4198 2817 4251 in
2838 4213 2910 4252 eo
2931 4198 3061 4254 loco
3076 4200 3503 4256 fuissentcom-

1853 4286 2173 4357 prehensaa,
2209 4284 2284 4339 ad
2315 4299 2471 4353 eum,
2499 4282 2601 4354 qui
2653 4286 3087 4355 persecutionis
3118 4292 3323 4343 auctor
3353 4293 3500 4360 erat,

1855 4374 2265 4443 magistratum
2283 4372 2476 4427 ductae
2495 4378 2651 4438 sunt,
2671 4377 2733 4427 ut
2748 4372 2973 4446 reliqua
2985 4374 3190 4432 divina
3208 4382 3502 4449 praecepta

1851 4466 2251 4533 exsequentes,
2280 4467 2335 4516 et
2360 4460 2439 4515 ad
2454 4465 2707 4516 mortem
2732 4478 2919 4535 usque
2933 4479 3103 4519 suam
3123 4465 3182 4519 in
3202 4464 3501 4521 Christum

1851 4551 2193 4607 charitatem
2220 4556 2536 4616 servantes,
2561 4549 3014 4607 immortalitatis
3036 4568 3316 4609 coronam
3342 4571 3501 4610 asse—

1851 4645 2198 4712 querentur.
2239 4640 2364 4694 Una
2390 4638 2633 4709 quidem
2665 4640 2898 4695 etribus
2930 4640 3051 4695 illis
3079 4642 3357 4712 praecepti
3377 4658 3504 4713 per-

1850 4729 2165 4785 fectionem
2183 4727 2582 4800 possidens,et
2596 4730 2769 4782 Deum
2782 4744 2853 4783 ex
2868 4734 2987 4784 toto
3000 4728 3201 4785 animo
3216 4729 3495 4802 diligens,

144 4830 214 4885 II.
255 4824 411 4882 Cum
440 4822 621 4894 igitur
649 4821 982 4893 persecutio
1013 4837 1050 4878 a
1078 4820 1441 4877 Maximiano
1480 4822 1736 4892 impera-
1771 4814 1816 4868 D
1852 4823 1907 4876 et
1922 4818 2242 4891 proximum
2260 4815 3211 4889 sicutseipsam,sanctoApostolo
3226 4817 3458 4875 dicente
3483 4820 3497 4860 τ

144 4974 165 5010 ί
202 4968 418 5028 Thess.
462 4981 499 5033 ι,
530 4966 586 5020 8.
662 4967 683 5000 ³
715 4965 954 5021 lTbess.
984 4979 1061 5037 1v,
1087 4964 1142 5019 9.
1220 4968 1239 4999 ³
1270 4963 1473 5021 Matth.
1505 4980 1560 5031 x,
1590 4977 1756 5037 seqq.

145 5149 229 5216 (1)
249 5144 564 5216 Quantum
590 5140 667 5197 ad
688 5140 917 5216 Irenen.
944 5142 1059 5197 Cur
1075 5145 1277 5197 autem
1307 5141 1513 5216 Irenen
1539 5140 1742 5216 Latina

66 5211 557 5293 Martyrologiats
572 5213 1055 5293 A_prilis_,Agapen
1073 5218 1270 5293 autem
1294 5220 1347 5267 et
1363 5211 1693 5293 Chiopiam,
1710 5214 1739 5266 3

68 5283 272 5349 Grméi
326 5301 469 5340 vero
506 5284 565 5339 in
603 5283 930 5349 Menologio
968 5299 1176 5338 omnes
1215 5288 1330 5338 tres
1370 5283 1438 5336 16
1471 5283 1741 5353 ejusdem

66 5360 322 5422 mensis
344 5356 435 5411 die
448 5356 728 5428 habeant,
747 5355 1072 5428 prmsertim
1087 5353 1412 5428 cumnulla
1432 5369 1618 5428 passa
1631 5353 1741 5428 illis

68 5436 305 5494 diebus
347 5426 675 5499 reperiatur
697 5425 765 5483 in
792 5426 949 5499 Actis
979 5442 1017 5482 a
1059 5425 1300 5482 notariis
1330 5425 1741 5499 exceptoribus

71 5494 458 5574 conscripta,
478 5497 767 5558 hactenus
787 5496 900 5555 sibi
920 5498 1349 5571 incompertum
1374 5494 1616 5553 testatur
1636 5494 1744 5552 Ba-

1850 5138 2052 5194 ronius
2082 5138 2141 5193 in
2173 5140 2295 5193 not.
2323 5137 2399 5193 ad
2434 5136 2806 5208 Martyrolog.
2842 5137 3009 5194 Rom.
3042 5140 3071 5191 3
3102 5137 3286 5208 April.
3321 5141 3493 5206 Quod

1850 5217 2050 5265 autem
2073 5209 2310 5264 easdem
2341 5207 2851 5280 auctormulieres
2882 5207 3206 5280 vocetcur’n
3240 5212 3496 5280 virgines

1851 5281 2084 5348 fuerint,
2108 5286 2166 5335 ut
2198 5282 2479 5336 testantur
2510 5278 2922 5349 Martyrologia
2950 5278 3176 5345 Latina,
3202 5278 3497 5338 nota—mu‘

1848 5352 2009 5408 lieris
2033 5367 2242 5406 nomen
2264 5351 2653 5420 adiapborum
2668 5365 2817 5415 esse,
2846 5357 2901 5405 et
2919 5366 3119 5406 sexum
3143 5352 3496 5408 solummodo

1847 5423 2131 5488 indicare,
2164 5428 2225 5478 ut
2262 5420 2532 5489 pluribus
2570 5421 2839 5492 disputat
2866 5420 3252 5479 Tertullianus
3296 5422 3380 5481 De
3406 5437 3495 5480 ve-

1853 5495 2020 5552 land.
2054 5496 2211 5564 virg.
2249 5492 2395 5549 Vide
2435 5492 2759 5550 Baronium
2786 5492 2916 5551 loco
2943 5494 3140 5552 citato.
