4110 6272
547 321 616 376 79
1681 298 1687 305 ’
1950 298 2170 359 MENSI‘

2337 293 2550 350 'RlLlS.
3918 284 3960 333 97

549 466 574 496 α
608 442 762 499 Finis
792 439 1067 513 pracepti
1109 442 1199 493 est
1227 435 1506 492 charitast
1535 451 1549 500 ;
1581 433 1824 488 »merito
1860 434 2056 497 Agape
2087 439 2193 513 vo-
2227 425 2269 475 A
2306 424 2390 513 tu,
2422 415 2727 513 Eutychia,
2753 412 2921 513 quid,
2965 410 3108 510 ais?
3136 411 3322 475 Idem,
3355 405 3569 513 inquit
3609 404 3761 513 illa;
3780 410 3840 502 et
3865 420 3960 513 Lego

546 493 1131 588 ca-bat-urfll—oc—enim
1157 526 1393 581 nomine
1414 493 1597 578 Graeci
1618 493 1965 576 charitatem
1989 493 2196 584 appel-
2303 509 2435 563 dico
2472 525 2483 558 :
2515 505 2675 561 malo
2714 508 2769 558 et
2790 505 2917 573 ipsa
2936 500 3108 591 mori,
3138 514 3319 591 quam
3352 496 3547 591 facere
3581 493 3764 565 quod

542 586 687 676 lant.
720 618 911 673 Altera
941 631 1159 687 purum
1195 629 1263 668 ac
1299 611 1679 684 splendidum
1708 604 2079 679 baptismatis
2110 599 2194 654 ni-
2304 596 2765 687 Aitilligpraeses:
2803 595 2939 647 Num
2973 590 3158 645 virum
3187 586 3421 687 habesf‘l
3453 588 3765 687 Mortun‘s,
3800 586 3960 653 inqm‘:

542 674 719 763 torem
746 674 1011 764 servans,
1034 704 1187 757 itaut
1209 702 1281 756 de
1315 674 1450 771 ipsa
1476 674 1887 770 pr0pheticum
1911 690 2056 747 illud
2078 687 2193 743 dici
2303 685 2611 757 Eutychia,
2646 682 2743 740 ille
2766 686 2877 737 est.
2924 684 3142 771 Praeses
3170 692 3307 734 vero
3334 693 3345 730 :
3376 674 3818 771 Quamprigem
3851 690 3960 771 inc:-

543 801 770 867 posset:
794 815 814 842 ‹
842 762 1088 847 Lavabis
1108 806 1224 855 me,
1251 762 1498 861 ets-uper
1525 762 1725 842 nivem
1746 780 2074 839 dealbabor
2091 780 2134 843 ⁵,
2163 795 2191 828 »
2305 782 2439 831 tuus
2460 775 2747 867 est?Ante
2772 787 3008 867 menses
3026 768 3410 867 fereseptem,
3437 765 3641 867 inquit
3660 762 3957 867 Eutych?

546 851 738 939 anive
764 895 984 936 nomen
1024 851 1249 949 accepit
1281 895 1294 943 ;
1348 851 1595 931 Chionia
1643 873 1799 929 enim
1860 867 2193 924 dicebatur.
2304 868 2460 920 Tunc
2492 863 2613 917 ille:
2649 862 2715 916 Et
2744 860 3046 915 undenam
3079 858 3256 927 igitur
3276 853 3752 949 gravida—facta
3772 869 3849 949 es
3876 851 3963 905 ?Ex

546 968 737 1024 Tertia
765 965 1085 1022 Salvatoris
1111 942 1181 1019 et-
1198 964 1293 1018 Dei
1319 963 1502 1018 nostri
1535 961 1781 1020 donum,
1813 959 1927 1012 hoc
1958 958 2069 1021 est,
2101 967 2195 1023 pa-
2307 968 2396 1016 eo,
2430 952 2620 1023 inquit
2650 949 2772 1017 illa,
2801 949 2946 1013 viro,
2973 963 3149 1019 quem
3178 945 3340 1001 dedit
3362 943 3505 999 mihi
3544 942 3742 997 Deus.
3772 944 3966 996 Prteses
4030 942 4031 963 ‘

550 1073 679 1113 cem
707 1058 765 1111 in
796 1070 857 1110 se
885 1054 1134 1118 habens,
1162 1056 1219 1107 et
1245 1053 1301 1107 in
1337 1066 1547 1108 omnes
1578 1063 1881 1115 exercens,
1910 1041 2198 1116 quemad-
2306 1044 2503 1096 autem
2532 1057 2545 1094 :
2575 1039 2785 1094 Hortor
2817 1036 3213 1108 te,Eutychia,
3252 1043 3311 1089 ut
3342 1033 3419 1089 ab
3450 1034 3564 1088 ista
3604 1032 3867 1087 insania
3896 1031 3967 1083 de

548 1145 797 1201 modum
824 1142 1106 1198 Dominus
1124 1140 1272 1195 dixit
1300 1157 1351 1194 τε
1376 1144 1575 1195 Pacem
1600 1153 1793 1193 meam
1823 1136 1900 1190 do
1923 1132 2092 1187 vobis
2106 1132 2193 1198 6,»
2306 1131 2506 1184 sistere
2538 1128 2701 1195 velis,
2753 1134 2808 1183 et
2838 1126 2915 1182 ad
2952 1126 3250 1181 humanas
3289 1122 3695 1195 cogitationes
3753 1121 3965 1175 redeas.

548 1236 713 1289 lrene
744 1233 821 1287 ab
852 1230 1131 1286 omnibus
1170 1229 1518 1298 vocabatur,
1553 1244 1587 1281 a
1612 1242 1758 1297 pace
1788 1238 2008 1279 nomen
2047 1219 2196 1275 acci-
2306 1217 2456 1283 Quid
2474 1217 2561 1272 ais
2581 1218 2609 1272 ‘I
2634 1217 2799 1271 visne
2814 1214 2993 1285 regali
3022 1214 3210 1269 edicto
3232 1210 3479 1284 parere?
3503 1210 3775 1273 Minime,
3800 1209 3967 1279 inquit

546 1323 734 1395 piens.
768 1324 882 1376 Has
937 1326 1051 1375 tres
1082 1318 1329 1374 feminas
1377 1334 1514 1372 cum
1548 1316 1624 1371 ad
1652 1332 1712 1369 se
1769 1314 1997 1376 ductas,
2034 1316 2089 1364 et
2114 1310 2195 1364 ita
2306 1307 2610 1378 Eutychia,
2652 1321 2764 1374 ego
2805 1320 3013 1377 parere
3052 1303 3212 1367 volo,
3256 1317 3391 1395 sum
3422 1301 3582 1354 enim
3614 1298 3965 1395 Christiana.
4034 1340 4035 1375 ξ

548 1388 792 1467 affectas
807 1408 1193 1479 magistratus
1208 1404 1663 1471 vidisset,utdiis
1682 1402 1971 1458 sacriﬁcia
1986 1398 2196 1454 offerre
2308 1396 2403 1449 Dei
2435 1393 2863 1465 omnipotentis
2892 1408 3080 1447 serva.
3113 1394 3259 1447 Tum
3288 1390 3381 1445 ille
3413 1406 3424 1442 :
3461 1388 3782 1454 Quoniam
3819 1388 3968 1457 Euty-

549 1478 936 1570 nollent,igne
958 1496 1313 1551 cremandas
1339 1511 1469 1550 esse
1493 1493 1851 1556 decrevit,ut
1873 1505 1977 1561 per
2002 1489 2198 1557 ignem
2307 1484 2438 1537 chia
2478 1482 2726 1552 gravida
2764 1488 2868 1545 est,
2912 1481 3135 1536 interea
3178 1484 3436 1534 servetur
3468 1478 3528 1531 in
3579 1492 3839 1531 carcere
3890 1480 3966 1541 i3}.

548 1588 743 1657 exigui
776 1565 1076 1657 temporis,
1110 1584 1231 1654 igni
1256 1584 1555 1653 subjectos
1592 1580 1899 1635 diabolum
1928 1591 2203 1632 omnem—
2316 1574 2510 1643 Atque
2538 1571 2662 1625 haec
2694 1570 2953 1625 addidit:
2976 1573 3059 1625 Tu
3086 1585 3240 1633 vero,
3264 1570 3488 1639 Agape,
3512 1566 3668 1657 quid
3683 1565 3779 1621 ais
3805 1567 3834 1622 ?
3864 1565 3968 1657 Viso

548 1654 671 1748 que
687 1654 1035 1730 daemonum
1058 1676 1368 1739 catervam,
1397 1670 1582 1741 ipsius
1609 1667 1830 1724 diaboli
1851 1664 2198 1729 exercitum,
2310 1677 2384 1716 ne
2408 1661 2612 1715 omnia
2639 1659 2739 1715 illa
2758 1659 2972 1723 facere,
2996 1675 3132 1731 quae
3163 1674 3274 1713 nos
3303 1656 3570 1712 dominis
3599 1654 3970 1726 imperatori-

548 1744 652 1837 qui
694 1764 807 1819 sub
833 1762 978 1817 coelo
1010 1768 1114 1829 est,
1159 1767 1528 1832 superantes,
1563 1761 1967 1829 incorruptam
2000 1754 2199 1823 gloriae
2238 1779 2280 1833 Β
2312 1750 2424 1804 bus
2452 1766 2522 1805 ac
2562 1749 2897 1805 Caesaribus
2920 1749 3134 1803 nostris
3165 1747 3358 1803 devoti
3382 1746 3644 1801 facimus
3670 1744 3704 1799 7
3730 1745 3966 1807 Minime,

549 1833 837 1909 coronam
854 1851 1125 1923 adipisci,
1146 1866 1213 1905 ac
1253 1853 1435 1905 Deum
1464 1849 1681 1920 ipsum,
1708 1864 1741 1902 a
1767 1862 1887 1918 quo
1911 1844 2097 1914 gratia
2118 1843 2199 1897 eis
2310 1839 2499 1909 inquit
2529 1845 2746 1909 Agape,
2785 1838 2953 1893 decet
2984 1839 3215 1892 Satanae
3247 1836 3522 1891 devotam
3553 1850 3655 1889 me
3692 1850 3853 1888 esse.
3888 1833 3969 1923 [lis

552 1940 765 1995 collata
796 1945 901 2002 est,
942 1922 1076 1994 cum
1119 1938 1343 2007 angelis
1374 1944 1657 2008 perpetuo
1687 1934 2018 1990 collaudare
2058 1947 2196 2003 pos-
2312 1928 2505 1981 verbis
2546 1943 2713 1982 mens
2742 1943 2876 1981 mea
2915 1942 3035 1981 non
3075 1926 3435 1981 abducitur:
3480 1922 3969 1994 inexpugnabilis

552 2034 703 2084 sent.
740 2029 883 2092 Quae
910 2042 1047 2082 vero
1073 2028 1144 2082 ad
1174 2026 1286 2081 illis
1309 2030 1477 2096 gesta
1508 2030 1665 2089 sunt,
1692 2039 1762 2079 ea
1788 2021 2044 2077 breviter
2069 2034 2199 2073 nar-
2312 2018 2469 2070 enim
2501 2016 2601 2071 illa
2632 2022 2743 2071 est.
2774 2016 2936 2070 Tunc
2952 2032 3176 2087 praeses
3192 2014 3271 2070 ait
3306 2036 3316 2067 :
3354 2012 3515 2077 Ettu,
3540 2010 3969 2083 Chionia,quid

551 2117 837 2171 rabimus.
2313 2106 2387 2160 ad
2408 2107 2535 2161 haec
2565 2106 2709 2160 dicis
2726 2105 2754 2159 ?
2776 2109 3022 2162 Mentem
3040 2110 3327 2168 nostram,
3353 2103 3544 2174 inquit
3571 2101 3859 2167 Chionia,
3888 2117 3971 2155 ne-
4042 2132 4043 2149 ι

623 2205 714 2258 Ill.
742 2206 872 2259 Cum
900 2202 1241 2274 praesideret
1266 2201 1560 2257 Dulcetius
1584 2201 1682 2272 (2),
1712 2197 2072 2254 Artemensis
2098 2196 2199 2266 [αι.
2314 2210 2412 2250 mo
2427 2199 2617 2266 potest
2643 2200 2986 2266 pervertere.
3011 2199 3081 2249 At
3108 2209 3328 2266 praeses
3355 2209 3365 2245 :
3392 2195 3544 2247 Num
3575 2190 3796 2261 aliqua
3825 2190 3974 2262 apud

4027 744 4029 781 l

551 2290 929 2364 Artemisius]
957 2292 1151 2348 scriba
1177 2290 1327 2346 dixit
1351 2307 1363 2345 :
1399 2290 1808 2361 Cognitionem
1843 2288 1916 2343 de
1958 2286 2071 2351 his,
2100 2285 2202 2357 qui
2314 2302 2419 2339 vos
2438 2285 2907 2356 suntimpiorum
2929 2280 3876 2345 Christianorumcommentaria,
3898 2279 3974 2333 vel

551 2376 2202 2453 prmsentessunt,astationariomissam,sijul)es,legam.
2318 2373 2682 2428 membranae
2712 2372 2945 2444 aliquae,
2980 2372 3072 2427 vel
3102 2371 3275 2427 libri?
3317 2368 3647 2441 Respondit
3686 2368 3970 2425 Chionia:

550 2470 758 2535 Jubeo,
788 2470 978 2541 inquit
1004 2469 1302 2524 Dulcetius
1335 2485 1574 2539 presses,
1605 2472 1658 2522 te
1688 2467 1899 2535 legere.
1935 2467 2095 2518 Tunc
2127 2462 2208 2516 ait
2318 2462 2555 2525 Nulla,o
2585 2462 3015 2533 praeses,nobis
3031 2467 3198 2525 sunt;
3232 2460 3437 2516 omnia
3464 2458 3973 2529 illaimperatores

555 2558 750 2614 scriba
773 2574 787 2613 :
813 2557 1031 2613 Ordine
1054 2558 1156 2613 tibi
1177 2573 1312 2612 meo
1329 2558 1574 2611 domino
1596 2554 1821 2617 omnia,
1841 2568 1974 2624 quae
1990 2551 2205 2619 scripta
2315 2552 2416 2621 qui
2452 2566 2610 2605 nunc
2628 2556 2781 2617 sunt,
2799 2566 2834 2605 a
2857 2550 3030 2605 nobis
3053 2550 3444 2605 abstulerunt.
3470 2548 3698 2602 Praeses
3738 2552 3972 2602 autem:

556 2651 717 2715 sunt,
737 2644 1358 2701 recitabo.Cassander
1374 2643 1783 2698 beneﬁciarius
1799 2641 1925 2695 haec
1940 2637 2201 2708 scripsit:
2318 2640 2603 2704 Quisnam
2634 2640 2791 2694 hanc
2828 2644 3092 2694 mentem
3125 2638 3294 2694 vobis
3334 2637 3493 2692 dedit
3522 2636 3549 2691 ‘l
3581 2637 3976 2709 Omnipotens

554 2734 732 2803 Scito,
767 2734 847 2789 mi
879 2734 1141 2798 domine,
1167 2733 1559 2801 Agathonem,
1590 2734 1855 2801 Agapen,
1880 2727 2203 2790 Chioniam,
2321 2727 2826 2798 Deus,inquitilla.
2860 2728 3223 2783 Dixitautem
3248 2742 3493 2797 praeses:
3520 2725 3787 2790 Quinam
3826 2731 3974 2793 sunt,

557 2822 783 2888 Irenen,
805 2823 1063 2889 Casiam,
1096 2808 1442 2893 Philippam,
1464 2828 1520 2875 et
1546 2818 1893 2891 Eutychiam
1929 2816 2084 2873 nolle
2112 2815 2205 2871 his
2316 2817 2594 2887 quivobis
2625 2821 2899 2872 auctores
2924 2816 3180 2882 fuerunt,
3204 2816 3534 2871 utadistam
3558 2813 3882 2870 stultitiam
3896 2830 3978 2868 ve-

555 2912 737 2977 vesci,
767 2927 903 2983 quas
932 2910 1046 2965 diis
1073 2914 1215 2965 sunt
1238 2910 1571 2981 immolata.
1610 2911 1717 2963 Eas
1746 2908 1916 2976 igitur
1948 2906 2024 2962 ad
2050 2912 2206 2961 tuam
2317 2906 2517 2961 niretis
2546 2907 2573 2962 ?
2607 2905 3265 2978 Deus,inquitChionia,
3295 2904 3681 2976 omnipotens
3702 2904 3980 2973 etunige-
4050 2924 4051 2937 ι

557 2999 1017 3070 amplitudinem
1058 2998 1446 3054 adducendas
1468 3014 1598 3053 esse
1628 2997 1850 3053 curavi.
1884 3004 2044 3050 Tunc
2077 2995 2205 3050 Dul-
2315 2996 2471 3049 nitus
2507 2996 2633 3065 ejus
2668 2995 2863 3064 Filius,
2918 2995 3203 3049 Dominus
3236 2999 3436 3049 noster
3482 2995 3653 3047 Jesus
3690 2992 3975 3048 Christus.

558 3087 742 3143 cetius
793 3102 1015 3159 praeses
1056 3087 1134 3142 illi
1166 3087 1312 3143 dixit
1343 3102 1353 3140 :
1422 3085 1709 3153 Quaenam
1744 3090 1832 3141 est
1868 3086 1981 3140 ista
2012 3089 2206 3139 vestra
2235 3124 2274 3177 α
2319 3084 2611 3140 Dulcetius
2653 3086 2731 3140 ait
2766 3102 2777 3139 :
2814 3084 3196 3140 Manifestum
3237 3082 3380 3138 illud
3408 3086 3519 3148 est,
3554 3081 3721 3153 quod
3764 3097 3979 3136 omnes

561 3180 725 3232 tanta
751 3176 1001 3241 insania,
1040 3181 1104 3231 ut
1142 3175 1338 3231 nolitis
1371 3174 1826 3247 religiosissimis
1864 3179 2204 3229 nostrorum
2244 3172 2273 3234 ζ’
2316 3190 2419 3228 vos
2450 3174 2741 3229 devotioni
2788 3179 3133 3227 nostrorum
3170 3172 3486 3243 potentium
3542 3172 3980 3242 imperatorum

560 3265 985 3336 imperatorum
1009 3270 1065 3320 et
1081 3266 1375 3319 Caesarum
1400 3265 1582 3335 jussis
1604 3264 1842 3319 obedire
1861 3264 1888 3316 ‘?
1911 3262 2205 3332 Agathoni
2317 3278 2385 3315 ac
2417 3260 2718 3316 Caesarum
2753 3261 3051 3331 subjectos
3080 3278 3207 3316 esse
3238 3265 3487 3332 oportet.
3511 3260 3817 3326 Quoniam
3845 3275 3981 3315 vero

558 3358 757 3409 autem
799 3370 812 3405 :
846 3354 1059 3418 Quare,
1099 3353 1311 3425 inquit,
1348 3358 1408 3408 tu
1470 3353 1547 3408 ad
1588 3368 1759 3407 sacra
1800 3351 2203 3421 proficiscens,
2319 3353 2452 3418 post
2481 3354 2592 3405 tam
2634 3348 2883 3403 multum
2916 3354 3176 3421 tempus,
3226 3353 3361 3420 post
3392 3354 3474 3405 tot
3503 3348 3981 3413 admonitiones,

558 3441 1074 3512 quemadmodum
1105 3444 1562 3506 consueverunt,
1603 3439 1706 3509 qui
1734 3438 1844 3491 diis
1876 3437 2207 3492 consecrati
2320 3437 2719 3508 totqucedicta
2739 3436 3067 3509 proposita,
3090 3443 3147 3493 et
3175 3442 3322 3493 tales
3354 3436 3848 3508 minasinjectas,
3880 3454 3984 3494 vos

561 3534 721 3595 sunt,
749 3546 870 3599 npn
897 3530 988 3585 his
1013 3529 1198 3586 sacris
1238 3545 1382 3584 usus
1412 3544 1474 3583 es
1499 3530 1524 3582 ?
1576 3526 1897 3598 Respondit
1937 3525 2158 3595 Agatho
2192 3541 2205 3578 :
2318 3526 2636 3584 temeritate
2658 3526 2923 3599 quadam
2942 3531 2997 3581 et
3017 3526 3271 3582 audacia
3292 3525 3480 3589 elatae,
3504 3526 3777 3596 ipsorum
3805 3527 3986 3598 impe-

562 3618 846 3682 Quoniam
869 3617 1241 3673 Christianus
1265 3633 1375 3686 ego
1389 3634 1531 3671 sum.
1552 3618 1688 3672 Tum
1716 3614 2042 3672 Dulcetius:
2067 3618 2207 3669 Num
2317 3619 2580 3670 ratorum
2622 3631 2691 3671 ac
2724 3616 3198 3686 Caesarumjusta
3229 3616 3399 3687 jussa
3430 3615 3906 3687 contempsistis,
3927 3616 3983 3670 in

560 3709 623 3760 tu
662 3706 839 3760 etiam
866 3705 1156 3760 hodierno
1188 3705 1285 3759 die
1311 3706 1370 3759 in
1401 3721 1469 3760 eo
1506 3706 1805 3775 proposito
1838 3720 2153 3775 permanes
2182 3702 2209 3758 ‘P
2318 3703 2973 3775 Christianorumimpio
2993 3706 3222 3760 nomine
3246 3710 3695 3776 permanentes:
3728 3719 3985 3777 eumque

560 3792 827 3857 Maxime,
863 3793 1055 3863 inquit
1091 3792 1341 3862 Agatho.
1378 3794 1447 3848 At
1485 3793 1577 3846 ille
1620 3808 1630 3846 :
1661 3795 1743 3847 Tu
1778 3808 1939 3859 vero,
1984 3792 2205 3863 Agape,
2320 3793 2392 3847 ad
2428 3793 2783 3849 hodiernum
2817 3793 2973 3849 diem
2997 3795 3181 3864 jussaa
3215 3810 3249 3849 a
3281 3794 3635 3849 stationariis
3666 3808 3737 3849 ac
3765 3793 3983 3864 primis

561 3880 807 3953 quidais
832 3882 860 3938 ‘I
886 3880 1243 3951 Respondit:
1272 3882 1390 3950 Ego
1422 3882 1537 3935 Deo
1560 3880 1773 3935 viventi
1800 3882 1995 3945 credo,
2017 3895 2211 3951 neque
2320 3881 2625 3947 militibus,
2661 3882 2870 3937 Christi
2912 3884 3285 3951 negationem
3342 3883 3629 3953 scriptam
3684 3882 3980 3952 proﬁteri,

561 3969 703 4026 volo
732 3974 886 4024 recte
917 3969 1209 4025 factorum
1240 3969 1662 4024 conscientiam
1702 3984 1901 4023 meam
1941 3968 2206 4039 perdere.
2322 3970 2510 4024 facere
2542 3969 2603 4024 id
2629 3971 2929 4037 recusetis,
2961 3977 3277 4042 propterea
3307 3987 3515 4042 pmnas
3546 3970 3717 4026 vobis
3759 3971 3985 4041 dignas

564 4061 960 4131 Tuncprmses
986 4061 1096 4118 :Tu
1112 4059 1470 4130 autemquid
1490 4057 1567 4114 ad
1591 4057 1715 4113 haec
1734 4057 1901 4123 dicis,
1927 4056 2210 4113 Chionia?
2321 4058 2581 4128 accipite.
2614 4058 2676 4113 ld
2707 4075 2840 4114 cum
2885 4060 3147 4125 dixisset,
3191 4059 3541 4114 sententiam
3576 4060 3865 4130 scriptam
3906 4059 3986 4115 le-

570 4148 655 4203 Ait
676 4147 775 4203 illa
805 4164 816 4201 :
847 4147 992 4203 Cum
1018 4148 1136 4203 Deo
1163 4148 1297 4203 vivo
1328 4148 1590 4213 credam,
1617 4147 1695 4202 ob
1722 4147 1780 4202 id
1814 4147 1976 4203 nolui
1999 4146 2209 4210 facere,
2322 4146 2403 4215 git
2427 4163 2438 4199 :
2460 4148 2696 4217 Agapen
2716 4153 2771 4202 et
2794 4148 3115 4213 Chioniam,
3141 4148 3419 4219 quoniam
3438 4147 3657 4219 iniquis
3678 4148 3982 4203 mentibus

566 4236 730 4308 quod
760 4237 929 4292 dicis.
961 4238 1041 4291 Ad
1069 4238 1274 4293 Irenen
1306 4254 1445 4293 vero
1476 4253 1797 4293 conversus
1829 4252 2067 4308 praeses,
2098 4236 2206 4291 ait:
2321 4241 2376 4289 et
2402 4236 2713 4291 contrariis
2745 4237 3048 4291 sententiis
3091 4237 3279 4302 elatae,
3313 4242 3519 4292 contra
3545 4235 3819 4292 divinum
3850 4238 3983 4292 edi-

568 4325 863 4390 Quidnam
884 4331 947 4381 tu
965 4327 1041 4383 ad
1062 4326 1186 4382 haec
1211 4329 1238 4383 ?
1282 4343 1388 4382 cur
1416 4343 1536 4382 non
1568 4327 1835 4397 piissimo
1866 4331 2208 4380 nostrorum
2321 4328 2469 4377 ctum
2493 4322 2855 4378 dominorum
2878 4328 3273 4393 Augustorum
3297 4324 3657 4379 etCaesarum
3681 4325 3976 4386 fecerunt.

564 4412 993 4483 imperatorum
1034 4420 1089 4469 et
1115 4417 1411 4469 Caesarum
1447 4413 1639 4483 jussui
1671 4414 2156 4484 obtemperavisti
2184 4414 2210 4467 ?
2243 4458 2286 4511 Β
2321 4418 2377 4465 et
2405 4428 2562 4465 nunc
2587 4412 2768 4467 etiam
2802 4412 3200 4481 temerariam,
3234 4429 3451 4469 vanam
3475 4419 3531 4468 et
3551 4413 3662 4484 piis
3693 4414 3979 4468 omnibus

569 4500 755 4555 Divini
775 4501 991 4555 timoris
1014 4517 1216 4565 causa,
1240 4502 1424 4570 inquit
1465 4503 1646 4555 lrene.
1682 4500 1823 4555 Dein
1856 4504 2105 4558 Przeses:
2129 4503 2211 4556 Tu
2243 4500 2283 4511 ν
2321 4500 2736 4556 exsecrabilem
2760 4502 3227 4557 Christianorum
3250 4501 3981 4572 religionemcolunt,igni

565 4604 727 4656 vero,
750 4588 1103 4660 Casia,quid
1120 4588 1252 4644 ais?
1273 4589 1544 4644 Animam
1574 4606 1789 4655 meam,
1810 4589 2208 4661 inquitCasia,
2322 4589 2636 4644 tradendas
2659 4590 2841 4660 jubeo
2881 4592 3097 4661 Hisque
3128 4590 3318 4657 dictis,
3354 4590 3665 4661 subjunxit
3690 4608 3702 4645 :
3735 4593 3979 4660 Agatho

568 4692 806 4732 servare
845 4676 1001 4731 volo.
1045 4677 1270 4732 Prreses
1302 4683 1529 4733 autem:
1561 4678 1863 4749 Numquid
1903 4694 2207 4733 sacrorum
2322 4684 2539 4743 autem,
2574 4678 2758 4741 Casia,
2792 4679 3061 4750 Philippa
3098 4685 3154 4735 et
3185 4683 3366 4744 lrene,
3422 4679 3626 4752 quoad
3659 4679 3807 4735 mihi
3850 4680 3981 4753 pla-

564 4766 653 4822 vis
683 4782 811 4822 esse
853 4765 1147 4837 particeps
1167 4766 1196 4817 ‘?
1226 4765 1468 4834 Minime,
1502 4766 1692 4838 inquit
1723 4767 1839 4821 illa.
1868 4769 2027 4822 Tunc
2057 4783 2211 4839 praa-
2321 4768 2523 4830 cuerit,
2556 4772 2860 4822 serventur
2889 4767 2947 4822 in
2976 4783 3228 4824 carcere.

567 4871 659 4911 ses
684 4876 697 4911 :
730 4859 813 4910 Tu
835 4854 1299 4927 vero,Philippa,
1328 4856 1471 4926 quid
1499 4856 1644 4911 dicis
1666 4857 1694 4912 ‘I
1718 4857 2039 4927 Respondit
2065 4856 2163 4912 illa
2193 4873 2204 4911 :
2392 4857 2480 4910 1V.
2506 4856 2711 4912 Postea
2739 4872 2897 4921 vero,
2927 4872 3113 4929 quam
3156 4857 3529 4913 sanctissimae
3554 4857 3981 4929 mulieresigni

565 4944 731 4999 Idem
758 4948 935 5013 etego
953 4944 1107 4999 dico.
1129 4944 1444 5009 Quidnam,
1471 4944 2206 5016 inquitpraeses,hocidem
2319 4951 2753 5001 consummatae
2782 4951 3083 5011 sunt,cum
3110 4963 3314 5001 rursus
3337 4947 3716 5003 sanctalrene
3732 4947 3811 5003 ad
3827 4964 3980 5020 prte-

567 5038 672 5096 est,
702 5033 866 5104 quod
901 5032 1043 5087 dicis
1080 5034 1108 5089 ?
1136 5032 1215 5087 Illi
1249 5038 1449 5088 autem
1483 5032 1753 5104 Philippa
1798 5050 1809 5087 :
1842 5033 1984 5087 Mori
2026 5034 2203 5099 malo,
2319 5036 2505 5089 siilem
2538 5034 2953 5101 ductafuisset,
2983 5036 3279 5090 Dulcetius
3313 5036 3575 5091 sicillam
3592 5035 3809 5091 affatus
3843 5042 3931 5093 est
3962 5054 3973 5091 :

565 5135 750 5191 quam
776 5121 981 5176 vestris
1031 5121 1329 5178 sacrificiis
1377 5120 1553 5177 vesci.
1603 5123 1763 5176 Tunc
1803 5137 2018 5192 praeses
2048 5138 2059 5176 :
2093 5124 2205 5179 Sed
2315 5126 2444 5178 Tute
2473 5123 2718 5179 insaniae
2748 5124 3117 5197 propositum
3150 5140 3217 5179 ex
3242 5124 3357 5191 his,
3390 5141 3525 5198 quae
3556 5124 3724 5192 facis,
3785 5127 3980 5184 mani-

637 5218 707 5272 ‘I
744 5218 890 5273 Tim.
931 5234 968 5274 1.
1003 5224 1055 5275 5.
1135 5221 1155 5255 ⁸
1190 5218 1345 5276 Psal.
1378 5236 1429 5291 1.,
1463 5219 1515 5275 9.
1595 5221 1615 5255 ο
1652 5220 1822 5275 Joan.
1853 5236 1970 5285 xiv,
2006 5225 2096 5277 27.

640 5393 716 5535 E2)
746 5395 915 5449 Anno
956 5398 1076 5475 30ft.
1118 5398 1261 5478 Vide
1302 5398 1641 5457 Baronium.
2317 5400 2475 5455 mine
2510 5401 2863 5467 puniuntur.
2900 5399 3137 5454 Sednec
3155 5400 3224 5454 de
3248 5400 3330 5455 eis
3354 5400 3559 5457 haberi
3582 5406 3976 5473 quaestionem

663 5468 716 5535 3)
746 5467 893 5535 Lege
936 5481 1094 5521 enim
1126 5474 1363 5523 vetitum
1413 5471 1487 5526 de
1544 5472 1995 5535 praegnantibus
2050 5472 2208 5528 sumi
2319 5470 2579 5527 afﬁrmat
2604 5471 2888 5535 Ulpianus
2913 5472 2955 5529 l.
2978 5472 3352 5535 Prcegnantis
3383 5471 3444 5535 if,
3480 5475 3558 5529 De
3583 5474 3806 5535 poenis.

663 5467 893 5546 3)_l.ege
936 5467 1094 5546 enim
1117 5470 1487 5546 _vetitum_de
1544 5472 1995 5546 praegnantibus
2050 5472 2208 5528 sumi
2319 5470 2579 5527 afﬁrmat
2604 5471 2888 5541 Ulpianus
2913 5472 2955 5529 l.
2978 5472 3352 5541 Prcegnantis
3383 5471 3444 5540 if,
3480 5475 3558 5537 De
3582 5467 3806 5545 poenis.

568 5536 927 5611 supplicium
958 5536 1130 5592 docet
1160 5538 1495 5597 Plutarchus
1534 5536 1605 5598 [ie
1638 5536 1725 5598 his
1755 5544 1856 5617 qui
1889 5559 2011 5601 sero
2041 5559 2078 5600 a
2098 5559 2208 5599 nu-
