4110 6272
156 216 224 274 81
254 274 257 277 ,
1290 225 1459 281 νΙΤΑ
1498 227 1817 292 SS.AGAPl

1932 230 2008 285 ΕΤ
2048 232 2449 294 SOCIARUM.
3495 249 3566 306 82

156 343 321 439 festo
338 348 607 439 apparet,
625 360 761 439 quae
784 349 1296 439 tot‘membranas,
1318 352 1528 418 libros,
1548 354 1818 421 tabellas,
1853 355 1898 408 A
1930 360 2031 412 cut
2059 374 2095 415 a
2124 360 2414 433 principio
2443 380 2944 422 consueveramus
2984 383 3174 439 usque
3217 370 3295 425 ad
3344 386 3568 429 annum

156 434 471 492 codicillos
500 438 556 490 et
581 435 833 505 paginas
864 437 1321 509 Scripturarum,
1354 458 1487 514 quae
1530 450 1667 500 sunt
1716 446 1821 501 im-

159 526 407 598 piorum
431 524 919 594 Christianorum,
936 528 1038 599 qui
1058 544 1325 602 unquam
1342 532 1599 598 fuerunt,
1621 533 1696 589 ad
1718 533 1822 589 ho-

162 614 446 670 diernum
488 629 682 685 usque
734 613 895 670 diem
929 632 1169 675 servare
1200 620 1439 676 voluisti
1475 638 1486 675 :
1519 638 1654 694 qua:
1682 639 1821 678 cum

164 703 402 775 prolata
424 708 729 768 essent,ea
747 705 1101 773 cognovisti,
1124 710 1405 780 quamvis
1431 712 1695 781 quotidie
1723 728 1822 767 ne-

165 791 425 864 gaveris,
459 808 564 847 vos
593 793 894 863 ejusmodi
920 798 1143 867 scripta
1174 798 1497 870 possidere,
1531 816 1651 857 non
1679 817 1822 857 con-

164 884 333 938 tenta
361 897 559 953 neque
591 897 861 938 sororum
895 887 1130 941 tuarum
1162 902 1362 959 paena,
1395 904 1585 960 neque
1617 890 1822 946 mortis

166 975 397 1028 metum
418 987 540 1044 prae
557 970 746 1027 oculis
758 971 1011 1030 habens.
1037 976 1442 1041 Quamobrem
1457 979 1559 1035 tibi
1579 996 1821 1051 poenam

165 1060 367 1118 afferri
391 1076 633 1117 necesse
656 1065 762 1116 est.
790 1062 902 1117 Sed
926 1063 1190 1120 alienum
1215 1072 1417 1123 tamen
1432 1083 1553 1123 non
1568 1069 1818 1135 videtur,

165 1150 351 1207 etiam
378 1165 539 1206 nunc
574 1150 950 1219 benignitatis
982 1158 1210 1224 partem
1242 1156 1511 1228 aliquam
1546 1157 1651 1213 tibi
1681 1172 1820 1213 con-

162 1238 394 1301 donari,
428 1242 492 1294 ut
516 1238 565 1294 si
594 1240 853 1295 volueris
880 1256 1041 1297 nunc
1066 1243 1275 1300 saltem
1311 1245 1451 1301 deos
1476 1261 1816 1315 agnoscere,

163 1326 431 1400 impunis
443 1328 586 1384 etab
598 1328 764 1384 omni
778 1330 1071 1401 supplicio
1087 1333 1473 1404 periculoque
1488 1334 1677 1390 libera
1689 1350 1820 1391 esse

162 1416 385 1490 possis.
419 1416 571 1483 Quid
600 1417 779 1487 igitur
806 1420 946 1475 dicis
974 1421 1002 1476 ?
1035 1421 1277 1477 Facisne
1307 1422 1472 1493 quod
1504 1422 1820 1493 imperato-

162 1521 261 1561 res
292 1506 482 1562 nostri
507 1510 563 1561 et
598 1508 857 1563 Casares
897 1509 1202 1580 jusserunt
1232 1510 1260 1565 ?
1291 1513 1442 1566 Num
1496 1517 1706 1582 parata
1756 1527 1818 1566 es

166 1594 474 1652 sacriﬁciis
499 1596 676 1661 vesci,
706 1602 762 1653 et
791 1597 904 1653 diis
936 1598 1248 1655 immolare
1275 1599 1303 1653 εἴ
1336 1600 1598 1666 Minime,
1626 1599 1819 1672 inquit

1933 446 2319 517 superiorem,
2351 468 2473 523 quo
2522 460 2577 508 et
2624 453 2722 509 illa
2772 454 3221 512 occultavimus.
3279 458 3576 517 Dulcetius

1932 549 2154 605 praeses
2192 538 2372 595 dicit:
2410 542 2652 598 Sorores
2683 543 2926 615 quidem
2967 549 3081 600 tuae
3122 561 3331 616 poenas
3375 554 3577 606 nostro

1926 626 2097 693 jussu
2150 626 2413 685 decretas
2467 631 2848 687 exsolverunt
2880 648 2893 696 ;
2925 638 2977 687 te
3029 650 3183 699 vero,
3216 637 3324 691 etsi
3377 622 3578 694 antea-

1931 728 2115 783 quam
2141 716 2495 787 aufugisses,
2530 726 2843 791 propterea
2863 722 3026 793 quod
3056 723 3278 794 scripta
3299 741 3368 780 ac
3394 743 3579 782 mem-

1930 801 2153 858 branas
2170 806 2310 862 istas
2330 807 2755 873 occultaveras,
2780 812 2985 866 mortis
3008 826 3187 881 pwna
3222 812 3327 868 tibi
3346 814 3578 871 decreta

1933 890 2136 957 fuerat,
2164 909 2279 949 non
2312 900 2508 952 tamen
2525 898 2738 954 eodem
2762 899 2942 954 modo
2961 900 3144 967 jubeo
3174 916 3205 955 e
3234 903 3351 958 vita
3373 902 3457 957 sic
3481 919 3575 959 re-

1931 985 2106 1051 pente
2136 981 2439 1039 discedere
2475 1001 2486 1039 :
2523 1001 2727 1041 verum
2760 1002 2864 1057 per
2881 987 3160 1043 satellites
3184 989 3358 1061 ipsos,
3391 996 3447 1046 et
3470 995 3573 1047 Zo-

1932 1068 2081 1123 simu
2094 1086 2149 1124 m
2164 1071 2472 1141 publicum
2490 1074 2831 1130 carnificem
2849 1075 2909 1131 in
2926 1076 3197 1146 lupanari
3216 1079 3443 1135 nudam
3462 1084 3576 1136 sta-

1931 1158 2014 1211 tui
2038 1158 2343 1230 prascipio,
2361 1178 2391 1215 e
2408 1162 2651 1232 pallatio
2666 1163 2913 1232 singulis
2928 1164 3137 1219 diebus
3154 1181 3372 1237 panem
3387 1184 3576 1225 unum

1930 1251 2287 1312 sumentem,
2313 1249 2659 1306 satellitibus
2695 1251 2832 1322 ipsis
2861 1267 2981 1308 non
3014 1254 3493 1322 permittentibus
3524 1262 3577 1313 te

1928 1333 2088 1389 illinc
2117 1334 2439 1393 discedere.

2004 1422 2093 1476 VL
2128 1425 2272 1479 Cum
2299 1424 2474 1497 igitur
2503 1427 2778 1483 satellites
2804 1432 2860 1482 et
2883 1429 3150 1485 Zosimus
3173 1431 3452 1502 publicus
3470 1433 3577 1489 mi-

1929 1508 2113 1565 nister
2140 1518 2356 1581 praesto
2405 1518 2601 1569 essent
2635 1531 2646 1567 :
2683 1515 2849 1578 Illud,
2881 1516 3072 1587 inquit
3128 1533 3369 1589 praeses,
3401 1520 3577 1575 vobis

1929 1606 2135 1653 notum
2150 1600 2239 1665 sit,
2259 1602 2421 1673 quod
2436 1603 2484 1656 si
2501 1602 2643 1658 mihi
2664 1604 3062 1672 signiﬁcatum
3081 1605 3270 1670 fuerit,
3289 1608 3378 1662 vel
3412 1608 3575 1664 horas

167 1688 351 1748 lrene,
388 1684 633 1739 minime
658 1701 763 1757 per
791 1688 972 1741 Deum
992 1686 1159 1742 illum
1186 1688 1681 1760 omnipotentem,
1714 1689 1817 1761 qui
1854 1702 1896 1757 Β
1929 1687 2181 1758 alicujus
2211 1695 2513 1747 momento
2535 1691 2791 1748 istamex
2812 1693 3022 1748 eoloco
3045 1700 3271 1749 motam
3293 1695 3494 1760 fuisse,
3515 1697 3577 1752 in

166 1773 381 1827 creavit
412 1772 630 1828 caelum
670 1779 727 1829 et
761 1778 997 1840 terram,
1043 1791 1207 1831 mare
1248 1781 1304 1831 et
1336 1777 1560 1842 omnia,
1593 1793 1726 1849 qua:
1758 1776 1819 1831 in

166 1861 256 1917 eis
282 1867 437 1917 sunt.
464 1864 712 1919 Summa
736 1863 895 1919 enim
916 1863 1070 1920 illius
1091 1865 1244 1935 ignis
1266 1866 1613 1937 sempiterni
1640 1881 1821 1937 poena

162 1951 481 2023 proposita
510 1951 603 2007 his
629 1956 735 2017 est,
763 1952 869 2025 qui
911 1955 1113 2010 Jesum
1136 1954 1237 2010 Dei
1266 1955 1527 2011 Verbum
1569 1971 1820 2025 negave-

161 2039 305 2096 rint.
341 2040 639 2096 Dulcetius
681 2058 851 2097 vero:
896 2043 1193 2112 Quisnam
1227 2043 1328 2100 tibi
1358 2049 1555 2100 auctor
1594 2044 1719 2109 fuit,
1756 2049 1821 2101 ut

163 2130 551 2186 membranas
580 2130 725 2185 istas
753 2134 933 2202 atque
975 2132 1306 2203 Scripturas
1344 2133 1423 2189 ad
1463 2133 1818 2189 hodiernum

166 2234 361 2290 usque
416 2218 575 2274 diem
624 2219 997 2275 custodiresl
1050 2220 1169 2289 Ille,
1204 2222 1399 2294 inquit
1453 2223 1637 2288 Irene,
1666 2223 1819 2277 Deus

161 2308 566 2379 omnipotens,
589 2309 692 2380 qui
707 2309 887 2381 jussit
906 2325 1009 2365 nos
1031 2310 1105 2365 ad
1129 2315 1382 2366 mortem
1407 2327 1597 2383 usque
1617 2311 1816 2382 ipsum

160 2396 412 2467 diligere
436 2414 450 2453 :
475 2414 597 2470 qua
620 2398 696 2454 de
725 2414 908 2454 causa
934 2414 1057 2455 non
1087 2415 1248 2454 ausae
1277 2415 1488 2455 sumus
1518 2416 1657 2455 eum
1685 2416 1818 2471 pro-

158 2486 303 2543 dere
337 2505 350 2545 :
384 2486 487 2541 sed
538 2486 861 2543 maluimus
914 2493 1018 2543 aut
1051 2488 1306 2543 viventes
1360 2488 1653 2551 comburi,
1689 2493 1813 2555 aut,

159 2591 535 2648 quaecunque
551 2574 669 2633 alia
685 2577 859 2632 nobis
875 2576 1210 2641 acciderint,
1232 2577 1483 2649 perpeti,
1516 2593 1701 2649 quam
1731 2582 1815 2634 ta-

159 2665 243 2720 lia
265 2666 483 2735 scripta
512 2665 783 2735 prodere.

238 2754 305 2807 V.
337 2756 486 2809 Tum
518 2769 739 2823 praeses
768 2768 779 2806 :
805 2753 1107 2817 Quisnam,
1140 2754 1352 2825 inquit,
1375 2756 1653 2810 conscius
1694 2762 1820 2812 erat

163 2842 299 2896 haec
321 2841 381 2894 in
399 2840 583 2895 domo
600 2839 864 2903 illaesse,
891 2842 949 2894 in
970 2857 1087 2911 qua
1107 2841 1425 2898 habitabas
1447 2842 1474 2896 ?
1496 2844 1817 2913 Respondit

165 2929 331 2983 lrene
361 2928 539 2985 :Haac
561 2927 708 2982 vidit
730 2930 881 2982 Deus
906 2929 1306 3000 omnipotens,
1325 2931 1428 3001 qui
1445 2932 1650 2986 omnia
1668 2934 1773 2988 scit
1803 2950 1817 2998 ;

163 3022 448 3089 praeterea
473 3031 672 3071 nemo.
701 3020 941 3073 Nostros
966 3017 1123 3073 enim
1150 3017 1426 3074 homines
1451 3018 1705 3074 inimicis
1724 3035 1820 3090 pe-
1851 3044 1893 3099 ρ

154 3106 323 3177 jores
354 3105 639 3160 duximus
665 3121 739 3159 ne
768 3105 915 3160 forte
940 3121 1052 3161 nos
1088 3105 1404 3161 deferrent.
1439 3107 1643 3179 Itaque
1673 3108 1818 3163 nulli

158 3196 294 3251 haec
332 3194 727 3250 ostendimus.
762 3194 1078 3265 Superiore
1117 3210 1298 3259 anno,
1340 3195 1534 3266 inquit
1573 3211 1814 3265 praeses,

159 3301 303 3341 cum
324 3283 578 3339 edictum
593 3283 739 3339 illud
752 3283 889 3349 tale,
905 3299 976 3339 ac
992 3284 1153 3354 pium
1174 3284 1411 3354 jussum
1428 3284 1814 3340 dominorum

158 3375 587 3445 imperatorum
618 3388 689 3428 ac
722 3374 1021 3428 Caesarum
1053 3373 1247 3444 primo
1278 3372 1385 3428 fuit
1413 3372 1808 3442 divulgatum,

156 3462 413 3518 ubinam
438 3477 546 3517 vos
575 3460 792 3517 latuisti
817 3460 845 3515 ?
866 3461 954 3516 Ad
978 3462 1105 3517 haec
1129 3463 1293 3517 lrene
1320 3478 1331 3516 ε
1360 3461 1503 3527 Illic,
1527 3462 1629 3518 ubi
1664 3466 1814 3517 Deus

154 3550 365 3607 voluit.
394 3550 453 3604 lu
471 3548 778 3605 montibus
804 3550 938 3617 (scit
956 3550 1135 3619 Deus)
1158 3549 1271 3605 sub
1291 3549 1389 3604 dio
1405 3549 1649 3605 fuimus.
1667 3550 1816 3605 Prae-

157 3656 257 3697 ses
275 3655 415 3694 vero
440 3655 451 3695 :
478 3638 651 3711 Apud
671 3654 853 3711 quem
878 3639 1108 3694 vixistis
1129 3639 1157 3693 ‘I
1185 3638 1307 3694 Sub
1332 3639 1451 3704 dio,
1473 3639 1667 3710 inquit
1693 3639 1810 3709 illa,

159 3729 314 3786 alias
344 3728 405 3783 in
437 3727 569 3784 aliis
594 3727 900 3784 montibus
928 3734 1249 3783 versantes.
1286 3733 1356 3782 At
1382 3742 1602 3799 praises
1636 3744 1649 3782 :
1683 3728 1817 3792 Qui-

162 3833 307 3874 nam
331 3821 519 3883 erant,
543 3816 646 3889 qui
672 3816 829 3872 vobis
850 3831 1069 3888 panem
1093 3815 1562 3887 suppeditabant
1586 3814 1614 3870 ?
1642 3818 1811 3881 Deus,

165 3905 363 3977 inquit
391 3907 576 3975 lrene,
601 3904 699 3976 qui
729 3905 1010 3960 omnibus
1041 3920 1240 3960 escam
1274 3904 1629 3976 suppeditat.
1670 3907 1814 3960 Tum

170 4010 397 4067 praeses
422 3994 507 4050 ait
536 4010 546 4048 :
580 3995 790 4050 Eratne
812 3999 980 4066 pater
998 3998 1193 4050 vester
1221 3994 1434 4050 harum
1459 4009 1656 4049 rerum
1687 4010 1820 4049 con-

172 4083 335 4141 scius
365 4083 393 4137 ‘I
416 4087 483 4139 At
501 4087 694 4139 lrene:
724 4082 984 4149 Minime,
1005 4099 1106 4153 per
1126 4085 1306 4137 Deum
1329 4083 1817 4154 omnipotentem,

172 4172 454 4230 conscius
470 4177 595 4228 erat
614 4172 729 4237 ille,
756 4171 946 4245 quine
968 4171 1383 4242 novitquidem
1402 4171 1529 4226 haec
1550 4172 1820 4227 omnino.

1928 1791 2050 1847 quo
2080 1793 2208 1832 esse
2234 1778 2547 1848 jussimus,
2585 1784 2723 1836 tunc
2756 1796 2858 1835 vos
2890 1797 3184 1853 supremas
3214 1799 3405 1854 poenae
3439 1785 3577 1839 sub-

1924 1865 2063 1934 jecti
2087 1866 2267 1921 eritis.
2299 1868 2527 1939 Scripta
2552 1884 2684 1924 vero
2741 1870 2873 1939 ipsa
2894 1885 2930 1924 a
2961 1869 3189 1925 scriniis
3244 1876 3297 1926 et
3359 1873 3576 1927 arculis

1928 1953 2127 2010 Irenes
2162 1955 2550 2025 proferantur.
2587 1958 2732 2013 Cum
2771 1958 2948 2027 igitur
2977 1960 3488 2029 quemadmodum
3540 1976 3577 2017 a

1934 2042 2179 2113 praeside
2204 2044 2351 2114 jussi
2379 2044 2630 2111 fuerant,
2664 2062 2797 2101 eam
2826 2046 2906 2101 illi
2938 2047 3014 2103 ad
3060 2047 3365 2117 publicum
3413 2047 3577 2120 lupa-

1928 2146 2037 2187 nar
2062 2131 2387 2198 duxissent,
2416 2138 2472 2189 et
2501 2139 2741 2205 propter
2785 2135 3036 2206 Spiritus
3083 2137 3270 2191 sancti
3322 2137 3573 2205 gratiam

1928 2234 2063 2291 quae
2085 2220 2278 2291 ipsam
2294 2224 2653 2291 protegebat,
2676 2228 2733 2278 et
2757 2222 3171 2279 universorum
3192 2225 3443 2279 Domino
3463 2228 3574 2280 Deo

1930 2323 2143 2379 puram
2165 2314 2343 2381 atque
2374 2310 2655 2366 intactam
2693 2311 2991 2375 servabat,
3023 2328 3098 2367 ne
3130 2328 3283 2367 unus
3330 2312 3575 2383 quidem

1928 2396 2004 2451 ad
2035 2413 2169 2452 eam
2201 2399 2503 2463 accedere,
2536 2399 2629 2454 vel
2662 2404 2829 2470 turpe
2858 2398 3083 2471 aliquid
3128 2400 3181 2453 in
3213 2415 3346 2454 eam
3381 2398 3574 2455 facere

1927 2490 2028 2539 aut
2057 2485 2251 2541 dicere
2279 2503 2461 2542 ausus
2489 2488 2716 2553 fuisset,
2751 2488 3189 2543 sanctissimam
3220 2487 3381 2543 illam
3412 2486 3577 2543 femi—

1927 2589 2070 2629 nam
2096 2575 2392 2630 Dulcetius
2426 2592 2642 2646 praeses
2677 2577 2992 2641 revocavit,
3028 2581 3082 2631 et
3134 2581 3267 2631 ante
3319 2575 3577 2632 tribunal

1928 2662 2053 2718 sisti
2079 2664 2334 2734 jussam,
2370 2664 2453 2719 sic
2484 2664 2700 2721 affatus
2741 2670 2828 2720 est
2858 2681 2869 2718 :
2900 2664 3201 2736 Numquid
3248 2664 3308 2719 in
3361 2664 3575 2721 eadem

1928 2752 2127 2808 adhuc
2157 2754 2481 2808 temeritate
2510 2753 2772 2823 persistis
2800 2754 2828 2808 ‘I
2858 2752 3108 2820 Minime,
3149 2751 3345 2823 inquit
3388 2753 3572 2817 lrene,

1929 2841 2245 2904 temeritas,
2275 2842 2380 2897 sed
2420 2842 2518 2897 Dei
2550 2841 2738 2913 pietas
2769 2847 2873 2907 est,
2909 2841 2967 2896 in
3007 2857 3128 2912 qua
3158 2839 3429 2912 persisto.
3472 2840 3573 2896 Cui

1930 2929 2235 3001 respondit
2266 2929 2558 2985 Dulcetius
2589 2946 2844 3001 praeses:
2882 2932 2948 2985 Et
2977 2945 3050 2985 ex
3084 2930 3275 2999 priore
3326 2934 3427 2985 tuo
3477 2944 3574 2985 re-

1930 3032 2156 3087 sponso
2190 3018 2499 3073 manifeste
2528 3019 2839 3074 ostendisti
2860 3023 2915 3074 te
2936 3019 3359 3090 imperatorum
3377 3018 3572 3089 jussui

1930 3104 2086 3158 nolle
2104 3121 2276 3175 aequo
2293 3107 2496 3161 animo
2513 3122 2740 3176 parere,
2760 3112 2817 3162 et
2837 3123 2994 3162 nunc
3015 3123 3255 3179 quoque
3274 3107 3332 3161 in
3361 3106 3572 3161 eadem

1927 3193 2268 3262 arrogantia
2304 3193 2715 3263 persistentem
2745 3202 2798 3249 te
2850 3194 3058 3249 video:
3086 3210 3273 3266 quare
3323 3194 3570 3263 dignam

1927 3297 2172 3353 pmnam
2192 3282 2513 3353 persolves.
2538 3281 2807 3353 Cumque
2837 3282 3107 3338 chartam
3133 3282 3416 3353 petiisset,
3443 3298 3573 3337 sen-

1924 3371 2173 3426 tentiam
2187 3371 2343 3425 hanc
2359 3375 2564 3425 contra
2582 3371 2777 3441 ipsam
2796 3370 3029 3441 scripsit
3053 3389 3064 3428 :
3087 3370 3382 3434 Quoniam
3408 3370 3572 3426 lrene

1925 3460 2355 3531 imperatorum
2380 3459 2572 3528 jussui
2604 3475 2831 3530 parere,
2858 3459 3087 3529 diisque
3117 3456 3427 3513 immolare
3468 3474 3572 3514 no-

1925 3548 2051 3615 luit,
2081 3547 2353 3620 quinimo
2387 3564 2541 3601 nunc
2567 3563 2809 3619 quoque
2850 3547 2910 3602 in
2965 3547 3433 3602 Christianorum
3478 3562 3574 3602 or-

1925 3636 2064 3692 dine
2085 3652 2155 3693 ac
2186 3636 2468 3705 religione
2496 3642 2829 3706 perseverat
2862 3652 2873 3690 :
2906 3636 3017 3691 hac
3044 3635 3117 3690 de
3145 3650 3347 3700 causa,
3380 3640 3445 3690 ut
3468 3651 3573 3691 an-

1926 3730 2022 3781 tea
2049 3726 2201 3781 duas
2231 3726 2360 3796 ejus
2388 3740 2639 3790 sorores,
2683 3724 2763 3780 ita
2780 3731 2836 3780 et
2865 3724 3059 3796 ipsam
3080 3722 3374 3779 viventem
3413 3739 3573 3779 nunc

1925 3814 2197 3870 comburi
2227 3814 2433 3884 jubeo.

1998 3903 2109 3958 Vll.
2145 3906 2272 3959 Haec
2312 3902 2603 3958 sententia
2650 3918 2786 3957 cum
2818 3918 2854 3958 a
2885 3901 3141 3974 praeside
3186 3901 3309 3957 lata
3348 3900 3573 3967 fuisset,

1931 3994 2147 4049 milites
2180 3994 2387 4047 Irenen
2417 3992 2913 4063 comprehensam
2946 3992 3005 4046 in
3036 3991 3362 4062 quemdam
3398 3990 3576 4045 subli-

1933 4099 2089 4137 mem
2136 4081 2332 4136 locum
2382 4082 2699 4146 duxerunt,
2734 4081 2835 4135 ubi
2886 4084 2943 4134 et
2971 4080 3100 4150 ejus
3134 4095 3367 4135 sorores
3399 4086 3575 4134 antea

1934 4169 2283 4241 martyrium
2297 4169 2758 4241 passaefuerant.
2783 4172 2927 4226 Cum
2944 4175 3139 4223 autem
3162 4183 3446 4238 magnum
3469 4182 3571 4222 ro-

169 4266 401 4319 Praases
423 4261 539 4317 ait:
570 4261 711 4327 Quis
736 4260 915 4330 igitur
930 4265 1262 4315 vestrorum
1280 4259 1610 4314 vicinorum
1635 4258 1695 4313 id
1722 4274 1825 4314 no-
1934 4275 2078 4328 gum
2105 4258 2487 4322 accedissent,
2516 4256 3031 4327 jusseruntipsam
3051 4257 3108 4310 in
3130 4272 3265 4310 eum
3292 4270 3574 4311 conscen-

172 4356 342 4409 verat
370 4351 381 4406 Ι
416 4350 661 4417 Vicinos,
693 4348 884 4420 inquit
915 4349 1098 4414 Irene,
1133 4347 1452 4415 interroga,
1495 4352 1551 4402 et
1581 4348 1709 4402 loca
1738 4346 1823 4402 in-
1858 4383 1900 4437 Β
1934 4348 2091 4403 dere.
2124 4348 2321 4419 Itaque
2354 4350 2561 4401 sancta
2595 4348 2753 4399 lrene
2786 4344 3051 4415 psalmos
3105 4359 3343 4409 canens,
3375 4349 3431 4398 et
3472 4343 3573 4398 Dei

166 4440 366 4516 quire,
397 4439 485 4495 vel
514 4455 615 4494 eos
645 4438 743 4510 qui
773 4442 1012 4502 norunt,
1042 4436 1139 4493 ubi
1171 4451 1281 4491 nos
1304 4452 1561 4491 eramus.
1597 4436 1824 4492 Praeses
1858 4432 1887 4437 ”
1934 4436 2187 4508 gloriam
2222 4434 2547 4498 celebrans,
2581 4434 2641 4489 in
2684 4448 2899 4504 rogum
2953 4449 3017 4488 se
3070 4432 3359 4501 conjecit:
3395 4436 3576 4502 atque

166 4531 319 4588 dixit
346 4547 358 4584 :
394 4529 721 4598 Postquam
750 4542 781 4582 e
821 4533 1020 4581 monte
1050 4542 1302 4581 reversa;
1324 4525 1532 4591 fuistis,
1558 4531 1621 4581 ut
1650 4530 1711 4582 tu
1742 4525 1825 4581 di-
1935 4526 2016 4580 ita
2032 4527 2448 4579 consummata
2464 4524 2624 4579 estin
2640 4522 2953 4577 consulatu
2973 4519 3577 4589 DiocletianiAugusti

170 4617 662 4687 cis,legebatisne
686 4615 904 4686 scripta
921 4615 1050 4681 ista,
1074 4619 1361 4683 prasente
1380 4614 1580 4686 aliquo
1602 4614 1629 4669 ?
1655 4616 1823 4671 Domi
1932 4629 2114 4676 nono,
2144 4612 2477 4669 Maximiani
2512 4616 2707 4667 autem
2749 4609 2995 4680 Augusti
3026 4614 3258 4671 octavo,
3300 4608 3576 4663 Kalendis

168 4714 395 4766 nostrae
424 4710 615 4772 erant,
647 4704 839 4777 inquit
877 4709 1037 4760 lrene
1077 4720 1273 4777 neque
1313 4703 1688 4760 audebamus
1728 4703 1825 4759 illa
1935 4702 2165 4774 Aprilis,
2199 4705 2483 4771 regnante
2530 4701 2588 4755 in
2641 4699 2858 4754 saecula
2898 4698 3123 4753 Christo
3160 4699 3294 4751 Jesu
3325 4696 3576 4750 Domino

171 4797 425 4857 efferre:
449 4793 846 4867 quamobrem
870 4809 1228 4866 magnopere
1250 4792 1827 4864 angebamur,quod
1934 4794 2161 4857 nostro,
2194 4806 2330 4845 cum
2356 4804 2477 4860 quo
2500 4786 2653 4843 Patri
2696 4792 2783 4842 est
2829 4786 3016 4857 gloria
3072 4788 3394 4855 sanctoque
3449 4782 3574 4855 Spi-

171 4901 303 4946 non
333 4889 683 4959 poteramus
710 4886 877 4940 nocte
906 4898 977 4939 ac
1008 4882 1103 4938 die
1139 4882 1250 4938 illis
1278 4896 1524 4954 Operam
1556 4880 1721 4950 dare,
1754 4880 1826 4936 si—
1935 4879 2069 4935 ritui
2106 4880 2167 4934 in
2207 4877 2425 4934 saecula
2462 4876 2836 4933 saeculorum.
2874 4878 3081 4930 Amen.
