4110 6272
507 324 579 380 83
1911 303 2172 364 MENSIS
2212 299 2521 359 APRILIS.
3874 296 3922 350 δέ

513 429 3876 467 ___________________________________________

1088 627 1439 747 VITA
1526 625 1634 746 S.
1723 615 2390 741 VIRGINIS
2474 610 3319 734 THEODOBfE

1829 896 1913 951 ΕΤ
1943 890 2181 948 DlDYMI
2213 888 2567 945 MARTYRIS

501 1059 675 1118 (Anno
705 1059 814 1121 280,
834 1057 1031 1121 Aprilis
1061 1058 1126 1112 5)·
1155 1079 1216 1093 -
1246 1054 1433 1121 Latiria
1458 1052 1673 1121 quidem
1714 1046 2092 1121 Marti'relosia,
2113 1037 3416 1121 ὴὲβρηὲηεξῐλξτ,ιὶίιεὲεὶιὲεέξξὶἓὲἑξὶξῖίιίνὶιμὲἱιὲιὶίὲιὶίῗ
3440 1035 3926 1121 ῙὲλιῖἳὶλοῖῗἮ;ἷ¹Ρ.³

565 1099 686 1170 ἱείὶίἶι
705 1099 933 1192 ὖῖἆῖιῖῖεὲ
943 1099 1396 1192 excessis
1406 1099 2329 1192 Nattam."r&%‘03.11?§03‘.939§1“
2339 1119 2370 1152 υ
2379 1118 2429 1151 ηπ
2448 1101 2821 1192 ἕξξξῗηλέἱὲἔὲιδ
2835 1115 3058 1192 θρδῗίἓῖῗῆι
3079 1099 3924 1192 TREBS°“3.”‘.E%ES§E..E"223?:
4001 1129 4004 1134 '

563 1197 663 1231 nos
698 1197 811 1230 eam

561 1245 965 1295 Parisiensibus.
975 1251 989 1304 )

573 1514 614 1566 Ι.
675 1511 1031 1566 Diocletiano
1079 1513 1134 1565 et
1184 1507 1534 1565 Maximiano
1583 1501 2042 1576 imperatoribus
2093 1503 2148 1552 et
2180 1497 2224 1549 A
2256 1496 2368 1550 hoc
2406 1493 2645 1566 quidem
2677 1507 2783 1563 per
2811 1491 2930 1546 vim
2962 1507 3032 1546 ac
3065 1494 3434 1562 potestatem,
3477 1507 3677 1564 quam
3709 1491 3925 1552 habes.
4023 1514 4025 1550 ξ

2257 1585 2450 1640 facere
2479 1582 2716 1654 poteris.
2752 1581 3024 1637 Similiter
3043 1581 3317 1652 lupanari
3351 1580 3579 1646 tradar,
3613 1597 3839 1645 necne,
3873 1582 3923 1636 in
4026 1608 4027 1616 ι

502 1600 753 1673 praeside
783 1599 1196 1655 Alexandrinas
1219 1597 1470 1653 civitatis
1504 1592 1857 1658 Eustrathio,
1889 1589 2147 1644 edictum

503 1689 811 1762 quoddam
890 1689 1181 1744 adversus
1256 1685 1619 1740 Christianos
1690 1683 1938 1736 missum
2020 1679 2144 1741 fuit,

505 1787 565 1836 ut
593 1780 682 1835 vel
715 1779 826 1834 diis
859 1777 1255 1841 immolarent,
1288 1775 1379 1830 vel
1410 1771 1700 1845 supplicio
1750 1769 2145 1826 afﬁcerentur.

506 1872 652 1926 Cum
680 1883 821 1924 vero
853 1883 1070 1939 praeses
1100 1866 1192 1921 ille
1223 1881 1330 1937 pro
1363 1862 1642 1918 tribunali
1675 1860 1906 1916 sederet
1936 1860 1990 1912 in
2025 1874 2147 1913 ma-

504 1971 621 2026 gna
649 1954 1185 2010 Alexandrinorum
1219 1953 1467 2016 civitate,
1492 1950 1672 2021 jussit
1706 1949 2007 2004 cohortem
2055 1962 2151 2002 ac-

507 2045 719 2099 cersire
766 2045 1135 2099 Theodoram
1183 2043 1493 2113 virginem,
1541 2055 1675 2111 quae
1733 2053 1922 2109 nuper
1975 2042 2150 2108 capta

507 2133 718 2198 fuerat,
751 2138 806 2188 et
831 2133 891 2187 in
913 2147 1143 2187 carcere
1166 2131 1531 2186 servabatur.
1569 2130 1756 2193 Quam
1788 2143 1924 2182 cum
1951 2126 2150 2181 duxis-

510 2226 638 2277 set:
669 2225 907 2287 Praesto,
964 2220 1148 2292 inquit
1202 2220 1434 2284 cohors,
1470 2223 1555 2274 est
1602 2218 1925 2272 Theodora.
1959 2216 2146 2271 Judex

507 2311 686 2380 igitur
715 2329 727 2366 :
758 2310 1083 2380 Cujusnam
1109 2311 1280 2364 sortis
1312 2324 1373 2362 es
1406 2307 1614 2362 mulier
1634 2307 1661 2363 ?
1688 2306 2035 2368 Christiana,
2064 2304 2150 2360 in-

509 2399 988 2472 quitTheodora,
1006 2414 1115 2464 ego
1137 2415 1288 2453 sum.
1306 2396 1513 2451 Atille:
1539 2396 1836 2459 Liberane,
1857 2411 1930 2449 an
1953 2411 2143 2450 serva.

510 2488 637 2544 Dixi
657 2488 807 2559 jam,
836 2486 1024 2558 inquit
1053 2486 1203 2558 ipsa,
1239 2485 1631 2540 Christianam
1665 2499 1757 2538 me
1788 2498 1914 2537 esse
1946 2498 1957 2534 :
1993 2483 2152 2537 Chri-

510 2580 637 2630 stus
663 2577 819 2631 enim
847 2575 1114 2640 veniens,
1148 2591 1183 2629 a
1227 2580 1470 2644 peccato
1520 2589 1613 2627 me
1661 2572 1949 2627 liberavit.
1981 2571 2149 2635 Quod

509 2680 651 2720 vero
679 2668 736 2719 et
764 2664 840 2718 ad
873 2679 1089 2718 vanam
1115 2667 1292 2734 atque
1318 2663 1556 2716 inanem
1585 2660 1794 2715 mundi
1825 2659 2003 2728 hujus
2035 2659 2154 2727 glo-

509 2753 658 2809 riam
685 2752 907 2816 attinet,
929 2752 1098 2806 claris
1114 2751 1461 2822 parentibus
1481 2755 1609 2805 orta
1627 2765 1779 2803 sum.
1800 2748 2156 2818 Tuncjudex

877 1112 1390 1182 iopercussam;scd
1407 1112 1677 1164 cuinMcta
1719 1112 2429 1167 hrasteshabeatDidymum
2448 1112 2608 1173 Nonis
2629 1112 3051 1170 Apriliscnzsum,
3080 1112 3412 1173 'l'neoaoram
3438 1112 3629 1171 autem
3673 1113 3924 1152 evasnsse.
4001 1112 4015 1134 -·

877 1183 1025 1231 uinto
1053 1181 1243 1243 Aprilis
1263 1179 1346 1228 die
1369 1192 1489 1228 cum
1519 1128 1874 1238 Metapliiraste
1918 1170 2316 1220 collocavimus.
2366 1193 2422 1202 —
2453 1167 2635 1214 Latine
2663 1163 2804 1227 apud
2849 1163 3079 1212 Suriuin.
3117 1162 3267 1212 Deest
3317 1175 3372 1212 in
3409 1161 3702 1211 codlmbus
3744 1163 3924 1210 Graecis

2258 1671 2482 1728 arbitrii
2512 1671 2624 1726 mei
2652 1675 2936 1741 potestate
2960 1685 3080 1725 non
3110 1676 3214 1734 est,
3246 1670 3426 1725 sedin
3451 1685 3641 1725 manu
3672 1677 3801 1736 tua,
3840 1674 3922 1725 cui

2258 1759 2698 1834 perimperium
2723 1758 2841 1813 vim
2866 1759 2997 1814 licet
3020 1759 3254 1814 inferre.
3278 1759 3442 1825 Quod
3467 1775 3608 1814 vero
3627 1759 3713 1815 ad
3738 1761 3923 1815 animi

2259 1850 2374 1906 mei
2412 1849 2784 1920 propositum
2817 1849 3040 1912 attinet,
3075 1853 3296 1902 certum
3324 1854 3412 1902 est
3442 1849 3562 1902 Deo
3596 1849 3716 1919 ipsi
3751 1851 3926 1904 casti—

2258 1941 2394 1996 tatis
2416 1955 2560 1993 meze
2582 1937 3008 2009 professionem
3025 1953 3260 1992 servare
3283 1956 3295 1996 :
3320 1936 3398 1991 illi
3417 1937 3577 1992 enim
3604 1938 3921 2007 virginitas

2260 2045 2395 2084 mea
2420 2029 2618 2083 dicata
2643 2033 2732 2081 est
2765 2044 2777 2092 ;
2808 2026 2901 2082 ille
2924 2031 3117 2082 certus
3146 2026 3327 2096 hujus
3357 2027 3437 2080 rei
3464 2026 3756 2082 dominus
3784 2033 3879 2081 est
3907 2046 3918 2082 :

2259 2119 2377 2184 ille,
2395 2119 2439 2172 si
2459 2117 2718 2181 voluerit,
2740 2116 3133 2184 virginitatem
3157 2116 3314 2170 hanc
3332 2131 3553 2179 meam,
3582 2118 3924 2186 possessio-

2260 2224 2396 2264 nem
2430 2224 2624 2271 suam,
2659 2206 3015 2262 incolumem
3039 2211 3217 2277 atque
3241 2207 3522 2261 intactam
3553 2207 3851 2262 servabit.

2328 2299 2417 2353 Ill.
2439 2298 2630 2352 Judex
2651 2312 2789 2351 vero
2807 2296 2886 2350 ait
2915 2317 2927 2350 :
2954 2294 3096 2359 Noli,
3120 2294 3447 2361 Theodora,
3484 2300 3724 2351 aetatem
3749 2301 3921 2351 tuam

2256 2387 2505 2444 honeste
2530 2393 2748 2448 actam,
2779 2390 2965 2440 totam
2997 2384 3223 2454 injuriae
3250 2388 3306 2440 et
3335 2384 3570 2456 probris
3605 2385 3878 2455 objicere
3906 2403 3918 2440 :

2259 2494 2402 2533 nam
2436 2481 2496 2530 ut
2527 2474 2688 2529 urbis
2717 2481 2977 2546 quaestor
3006 2479 3251 2529 testatus
3279 2479 3386 2539 est,
3419 2473 3510 2529 his
3561 2475 3921 2546 parentibus

2262 2575 2390 2623 orta
2415 2583 2497 2630 es,
2523 2565 2623 2635 qui
2648 2564 2950 2619 nobilitate
2969 2568 3146 2635 atque
3173 2563 3610 2618 existimatione
3635 2579 3780 2619 cum
3803 2564 3920 2635 pri-

2265 2657 2377 2711 mis
2421 2654 2733 2710 excellunt.
2785 2653 2868 2708 Ad
2919 2653 3040 2708 haec
3088 2653 3399 2708 Theodora
3432 2669 3444 2708 :
3474 2653 3807 2716 Christum,
3836 2655 3923 2708 in-

2263 2745 2410 2818 quit,
2444 2743 2705 2815 primum
2741 2742 3005 2797 conﬁteri
3046 2742 3256 2807 debeo,
3291 2742 3391 2813 qui
3433 2746 3491 2796 et
3530 2741 3686 2796 Deus
3716 2747 3836 2806 est,
3868 2749 3923 2798 et

510 2845 867 2914 quaestorem
895 2839 1382 2909 accersirijussit.
1410 2841 1595 2904 Quem
1620 2854 1754 2893 cum
1773 2837 1984 2893 cohors
2009 2854 2156 2910 prie-
2185 2845 2228 2900 Β
2264 2834 2460 2889 omnis
2516 2829 2788 2887 notabilis
2847 2830 3210 2902 honorisque
3268 2835 3493 2894 auctor,
3547 2830 3645 2901 qui
3704 2831 3819 2886 scit
3864 2838 3922 2886 et

511 2935 600 2986 sto
632 2945 761 2985 esse
791 2929 1036 2985 dixisset
1071 2947 1084 2981 :
1119 2929 1238 2993 Dic,
1271 2928 1481 3000 inquit,
1519 2928 1650 2983 Luci
1678 2943 1689 2982 :
1717 2926 1943 2982 nostine
1973 2928 2150 2982 Theo-

510 3019 720 3075 doram
758 3018 1048 3088 virginem
1077 3019 1106 3073 ?
1132 3019 1232 3073 Cui
1267 3019 1472 3073 Lucius
1506 3036 1518 3072 :
1555 3020 1656 3071 Per
1688 3021 1875 3079 tuam,
1908 3033 2150 3087 praeses,

513 3107 800 3162 valentem
818 3107 996 3162 vitam
1011 3123 1079 3163 ac
1095 3107 1472 3177 splendorem
1485 3105 1876 3171 ,nobilissima
1889 3106 2150 3174 est,mul-

512 3200 703 3267 taeque
717 3195 1166 3251 existimationis
1185 3196 1419 3266 etprimi
1439 3196 1667 3265 generis
1691 3194 1916 3251 mulier.
1935 3198 2147 3262 Quare,

509 3283 920 3357 inquitjudex,
945 3301 1080 3340 cum
1101 3284 1180 3339 sis
1199 3284 1279 3340 ita
1296 3284 1528 3350 nobilis,
1554 3285 1786 3355 nuptias
1818 3286 2151 3340 recusasti?

509 3372 818 3429 Theodora
847 3374 1191 3446 respondit:
1228 3374 1437 3429 Christi
1470 3389 1652 3428 causa
1697 3373 1921 3427 nubere
1965 3372 2148 3426 nolui.

510 3461 656 3517 Cum
689 3461 846 3516 enim
878 3461 971 3517 ille
1001 3462 1184 3518 homo
1215 3461 1400 3517 factus
1431 3462 1490 3514 in
1525 3460 1752 3514 mundo
1797 3464 2150 3528 versaretur,

511 3549 588 3605 ab
609 3566 701 3615 ea,
725 3566 860 3622 quas
889 3567 1124 3622 semper
1154 3550 1316 3622 virgo
1356 3554 1410 3604 et
1464 3548 1564 3603 Dei
1612 3550 1784 3604 Mater
1835 3547 1961 3616 fuit,
1993 3549 2150 3618 geni-

509 3643 622 3703 tus,
657 3638 1092 3710 acorruptione
1140 3654 1250 3693 nos
1297 3637 1565 3703 removit,
1620 3641 1678 3692 et
1726 3637 2148 3708 sempiternam

505 3726 694 3781 vitam
727 3727 892 3780 nobis
923 3726 1213 3796 promisit.
1238 3727 1441 3796 Itaque
1470 3726 1590 3779 fore
1616 3726 1758 3780 mihi
1791 3727 2145 3796 persuadeo,

508 3817 572 3867 ut
596 3813 654 3867 in
682 3813 810 3883 ejus
831 3813 948 3868 ﬁde
970 3827 1350 3885 permanens,
1375 3812 1451 3867 ad
1473 3811 1650 3867 ﬁnem
1672 3829 1862 3885 usque
1887 3829 2150 3868 incorru-

506 3904 608 3972 pta
641 3906 695 3956 et
728 3901 947 3957 intacta
986 3901 1118 3956 sim.

581 3989 650 4043 II.
676 3989 835 4044 Tunc
853 3991 1032 4060 judex
1054 3989 1200 4045 dixit
1228 4005 1238 4044 :
1269 3989 2145 4060 Imperatoresjusserunt,vos,

506 4093 639 4150 quae
673 4077 1063 4146 virginitatem
1094 4094 1323 4148 semper
1355 4079 1619 4142 servatis,
1654 4085 1757 4134 aut
1789 4078 1901 4132 diis
1933 4079 2151 4133 immo-

2265 2940 2360 2978 me
2379 2920 2722 2977 columbam
2745 2936 2915 2974 suam
2947 2935 3158 2990 puram
3192 2926 3247 2973 et
3267 2918 3607 2973 incolumen
3631 2919 3707 2973 ad
3733 2919 3918 2975 ﬁnem

2265 3028 2453 3084 usque
2485 3026 2740 3066 servare.
2765 3009 3114 3079 Tumjudex
3144 3007 3289 3064 dixit
3325 3027 3341 3063 :
3371 3010 3630 3064 Curnam
3662 3024 3857 3074 erras,
3883 3026 3918 3065 ο

2261 3102 2568 3160 Theodora
2597 3100 2625 3155 ?
2653 3102 2881 3154 Eumne
2917 3102 3096 3153 Deum
3134 3097 3345 3163 credis,
3383 3098 3479 3169 qui
3509 3098 3616 3153 fuit
3641 3099 3703 3152 in
3739 3115 3919 3154 cruce

2263 3192 2516 3247 sufﬁxus
2537 3189 2562 3242 ‘l
2583 3195 2666 3243 An
2696 3189 2797 3258 qui
2820 3187 2957 3242 talis
2982 3193 3090 3251 est,
3117 3193 3171 3241 te
3195 3188 3254 3241 in
3276 3188 3531 3258 lupanar
3552 3187 3914 3257 conjectam,

2262 3283 2549 3334 intactam
2582 3291 2816 3331 servare
2843 3276 3073 3346 poterit,
3103 3277 3179 3331 ab
3222 3276 3313 3331 his
3365 3275 3697 3347 praesertim
3743 3277 3913 3341 viris,

2261 3368 2363 3440 qui
2397 3365 2711 3420 mulierum
2739 3364 3041 3420 amoribus
3080 3365 3341 3421 insanire
3396 3365 3547 3420 soliti
3593 3371 3732 3420 sunt
3765 3365 3792 3420 i’
3823 3366 3918 3421 Fi-

2260 3456 2419 3521 dem,
2458 3455 2647 3526 inquit
2675 3453 2997 3517 Theodora,
3031 3461 3085 3510 et
3130 3471 3296 3526 spem
3328 3454 3522 3509 habeo
3553 3453 3614 3508 in
3659 3454 3912 3518 Christo,

2259 3545 2362 3618 qui
2392 3560 2627 3599 crucem
2658 3559 2978 3614 perpessus
3005 3543 3115 3599 fuit
3144 3543 3256 3598 sub
3297 3544 3500 3599 Pontio
3539 3543 3744 3608 Pilato,
3787 3543 3918 3599 fore

2259 3639 2322 3690 ut
2353 3649 2447 3689 me
2470 3633 2547 3688 ab
2566 3633 2781 3704 iniquis
2802 3632 2925 3687 istis
2948 3633 3084 3687 viris
3109 3633 3337 3704 eripiat,
3361 3637 3416 3687 et
3439 3648 3472 3686 a
3494 3631 3628 3687 labe
3661 3632 3916 3689 omnino

2256 3724 2505 3781 liberam
2534 3727 2739 3786 servet,
2783 3722 2840 3776 in
2881 3723 3010 3791 ejus
3040 3721 3157 3777 ﬁde
3198 3727 3671 3793 permanentem,
3715 3737 3916 3793 neque

2258 3829 2526 3883 unquam
2555 3827 2692 3866 eum
2722 3816 3060 3880 negantem.
3087 3811 3277 3865 Judex
3299 3826 3470 3866 vero:
3495 3810 3705 3865 Adhuc
3727 3815 3784 3866 te
3807 3826 3918 3865 nu-

2260 3905 2502 3969 gantem
2547 3900 2761 3970 patior,
2795 3899 3050 3954 necdum
3077 3900 3262 3969 jubeo
3312 3900 3619 3954 tormentis
3670 3899 3912 3970 subjici.

2259 3988 2383 4044 Atsi
2403 3989 2756 4042 contendere
2784 4003 2894 4043 non
2913 3988 3228 4054 destiteris,
3255 3992 3320 4042 ut
3341 3988 3619 4044 ancillam
3642 3988 3913 4060 aliquam

2260 4084 2312 4131 te
2339 4082 2737 4148 prosternens,
2772 4076 2988 4133 faciam
3011 4077 3175 4149 quod
3205 4077 3432 4132 domini
3454 4082 3634 4148 atque
3655 4077 3915 4149 impera-

505 4167 649 4234 lare,
684 4167 1140 4238 autinjuriosius
1161 4168 1412 4222 tractari.
1443 4169 1723 4234 Arbitror,
1760 4169 1947 4240 inquit
1971 4168 2148 4224 Theo-
2181 4192 2220 4248 ρ
2261 4172 2412 4221 tores
2443 4165 2624 4220 nostri
2678 4165 3003 4234 jusserunt,
3041 4169 3103 4219 ut
3155 4169 3211 4219 et
3262 4164 3504 4236 reliquis
3557 4164 3913 4220 mulieribus

505 4255 671 4319 dora,
702 4259 754 4311 te
793 4271 915 4311 non
970 4257 1263 4326 ignorare,
1291 4257 1547 4313 hominis
1599 4259 1973 4330 propositum
2032 4260 2146 4313 Deo

505 4345 610 4415 ipsi
641 4345 698 4399 in
726 4345 933 4416 primis
959 4351 1194 4417 gratum
1227 4362 1353 4402 esse
1385 4368 1396 4402 :
1421 4347 1468 4401 is
1496 4362 1637 4402 vero
1659 4347 1921 4400 animum
1944 4363 2145 4401 meum

504 4437 680 4504 atque
695 4435 1068 4504 propositum
1082 4441 1316 4489 castum
1339 4451 1470 4489 esse
1494 4434 1784 4502 cognovit.
1802 4434 1969 4498 Quod
1991 4434 2037 4488 si
2060 4451 2146 4490 me

505 4519 565 4576 id
596 4521 741 4590 pati.
765 4522 926 4591 quod
948 4520 1111 4586 dicis,
1142 4527 1195 4575 et
1215 4521 1418 4576 violari
1441 4523 1722 4590 coegeris,
1749 4538 1865 4576 non
1891 4523 1998 4577 erit
2024 4523 2146 4577 haec

504 4608 898 4680 impudicitia,
929 4609 1033 4663 sed
1053 4608 1143 4663 vis
1173 4614 1228 4664 et
1254 4608 1489 4680 injuria.
1517 4611 1701 4666 Judex
1728 4616 1929 4667 autem
1961 4627 1971 4664 :
1999 4612 2146 4666 Cum

504 4703 559 4754 te
582 4698 903 4769 ingenuam
938 4712 1065 4753 esse
1091 4700 1380 4764 noverim,
1417 4704 1472 4754 et
1503 4700 1582 4754 tui
1602 4701 1894 4756 rationem
1925 4700 2147 4756 habere

504 4788 756 4858 cupiam,
779 4787 850 4843 ad
862 4803 1092 4852 moneo,
1113 4803 1186 4842 ne
1204 4789 1683 4845 contumeliosius
1701 4794 1752 4844 te
1771 4805 1943 4860 geras
1967 4805 1980 4855 ;
2001 4789 2145 4845 nihil

502 4875 660 4931 enim
700 4875 994 4946 proﬁcies.
1028 4879 1171 4932 Nam
1212 4891 1317 4947 per
1348 4879 1493 4932 Deos
1533 4893 1763 4943 omnes,
1794 4876 2144 4932 sententiam

500 4963 657 5019 hanc
680 4963 1064 5035 imperatores
1086 4964 1362 5020 tulerunt.
1397 4965 1558 5020 Tunc
1589 4965 1668 5020 illi
1693 4965 2000 5021 Theodora
2033 4981 2046 5020 :
2080 4968 2147 5020 Et

502 5051 690 5123 prius,
715 5052 923 5122 inquit,
959 5051 1066 5108 tibi
1097 5053 1240 5117 dixi,
1268 5053 1530 5109 hominis
1561 5054 1938 5125 propositum
1973 5059 2145 5125 atque

503 5138 773 5194 animum
809 5142 922 5194 Deo
952 5144 1187 5209 gratum
1219 5157 1366 5196 esse.
1403 5143 1546 5196 Cum
1597 5141 1754 5196 enim
1803 5143 2005 5197 omnia
2051 5141 2145 5196 ille

501 5231 838 5300 pernoscat,
854 5228 1105 5297 cogitata
1119 5229 1294 5285 etiam
1310 5234 1513 5286 nostra
1527 5230 1654 5297 scit,
1670 5236 1725 5284 et
1740 5235 1966 5285 mentes
1982 5230 2145 5302 ipsas

500 5316 803 5389 perspicit.
837 5317 1233 5381 Quamobrem
1265 5319 1312 5374 si
1339 5324 1544 5375 coacta
1570 5319 1735 5375 fuero
1760 5318 1952 5374 facere
1982 5320 2145 5391 quod

501 5403 670 5468 dicis,
687 5403 1057 5476 impudicam
1081 5423 1174 5461 me
1195 5408 1410 5464 factam
1430 5424 1743 5480 nunquam
1763 5406 2140 5464 existimabo.

504 5492 636 5550 Sive
675 5492 832 5549 enim
872 5497 1052 5565 caput
1089 5510 1310 5561 meum,
1346 5497 1463 5552 sive
1513 5513 1747 5561 manus,
1791 5497 1911 5551 sive
1960 5497 2142 5568 pedes
2178 5544 2217 5596 Ο

502 5581 871 5651 abscindere,
901 5582 1025 5639 sive
1052 5586 1242 5640 totum
1271 5599 1488 5656 corpus
1509 5585 1828 5642 dilacerare
1860 5585 2138 5652 volueris,

2259 4253 2596 4326 exemplum
2625 4253 2752 4307 ﬁas.
2805 4253 2890 4307 Ad
2948 4254 3076 4308 haec
3124 4253 3433 4309 Theodora
3468 4269 3479 4307 :
3515 4257 3719 4308 Parata
3773 4269 3911 4308 sum

2257 4361 2470 4414 corpus
2506 4358 2728 4408 meum,
2762 4343 2936 4412 cujus
2995 4346 3352 4413 potestatem
3393 4341 3602 4406 habes,
3639 4342 3742 4397 tibi
3796 4349 3911 4398 tra-

2257 4433 2396 4488 dere
2431 4453 2441 4490 :
2473 4434 2670 4487 anima
2697 4447 2837 4486 vero
2871 4432 3001 4503 ipsa
3029 4432 3087 4485 in
3119 4431 3301 4486 solius
3332 4432 3434 4486 Dei
3458 4446 3645 4487 manu
3698 4437 3787 4487 est
3837 4447 3910 4487 ac

2256 4527 2557 4594 potestate.
2584 4525 2729 4577 Tum
2757 4522 2936 4591 judex
2967 4537 2979 4576 :
3011 4521 3318 4576 Excmcate
3356 4521 3524 4579 illam
3571 4521 3792 4588 statim,
3835 4521 3912 4577 ei-

2257 4627 2368 4681 que
2394 4610 2580 4678 dicite,
2614 4625 2687 4664 ne
2711 4609 2970 4664 insanire
3002 4609 3261 4681 amplius
3288 4611 3444 4676 velit,
3475 4610 3580 4665 sed
3609 4610 3818 4666 cedere
3851 4614 3907 4665 et

2257 4699 2368 4754 diis
2398 4699 2539 4770 ipsis
2566 4698 2896 4753 immolare.
2932 4699 3185 4763 Minime,
3209 4699 3404 4771 inquit
3430 4699 3760 4768 Theodora,
3801 4715 3909 4771 per

2256 4789 2439 4842 Deum
2467 4787 2663 4859 ipsum
2721 4787 3100 4842 daemonibus
3156 4788 3513 4843 sacriﬁcium
3546 4793 3644 4842 aut
3675 4788 3904 4844 cultum

2256 4876 2459 4933 afferre
2487 4876 2644 4941 volo,
2678 4891 2815 4931 cum
2873 4876 3058 4932 Deum
3108 4876 3438 4947 adjutorem
3493 4876 3778 4933 habeam.
3815 4879 3903 4934 Ad

2254 4967 2382 5022 htec
2408 4965 2594 5036 judex
2627 4983 2638 5019 ε
2667 4964 2821 5029 Quid
2847 4981 2938 5020 me
2962 4965 3116 5035 cogis
3139 4965 3241 5020 tibi
3269 4965 3709 5022 honestissimas
3734 4966 3901 5023 femi.

2256 5072 2348 5111 nae
2376 5053 2657 5124 injuriam
2689 5053 2877 5109 facere
2907 5054 2934 5108 7
2959 5054 3238 5110 Ausculta
3259 5054 3425 5121 mihi,
3454 5070 3490 5111 ο
3510 5055 3706 5122 stulta,
3742 5072 3815 5113 ne
3841 5057 3902 5113 in

2257 5148 2482 5200 tantam
2510 5141 2745 5196 turbam
2775 5141 3002 5197 incidas
3033 5158 3261 5209 eorum,
3296 5145 3396 5215 qui
3428 5145 3775 5201 sententiam
3807 5161 3901 5202 ex-

2255 5235 2525 5304 spectant
2553 5247 2687 5302 quae
2717 5235 2924 5287 contra
2977 5236 3032 5286 te
3065 5231 3300 5287 feratur.
3345 5235 3472 5288 Non
3521 5249 3656 5288 sum
3687 5249 3900 5290 amens

2256 5321 2447 5393 inquit
2492 5319 2818 5385 Theodora,
2875 5336 3006 5392 quae
3033 5321 3219 5376 Deum
3269 5321 3571 5392 conﬁteor,
3606 5326 3661 5377 et
3698 5323 3900 5394 ipsum

2257 5411 2590 5480 adjutorem
2621 5408 2834 5462 habeo.
2871 5409 3062 5473 Quam
3089 5409 3248 5465 enim
3274 5410 3555 5481 injuriam
3586 5411 3729 5466 mihi
3771 5411 3899 5469 fore

2255 5503 2452 5569 putas,
2484 5512 2554 5551 ea
2595 5511 2687 5549 res
2726 5496 3016 5552 honorem
3056 5501 3112 5553 et
3158 5497 3411 5566 gloriam
3465 5498 3898 5569 sempiternam

2255 5585 2403 5642 mihi
2424 5583 2816 5656 comparabit.
2848 5586 2994 5642 Tum
3015 5585 3199 5658 judex
3233 5607 3246 5642 :
3271 5589 3393 5659 Ego
3417 5601 3541 5644 non
3562 5587 3824 5662 amplius
3841 5593 3898 5647 te

4001 761 4019 1322 l
