4110 6272
163 305 246 363 85
1537 308 1703 364 VITA
1742 307 1801 363 S.
1843 304 2275 367 THEODOR/E.
3539 313 3611 370 86

153 432 395 497 feram,
423 431 531 488 sed
560 430 991 503 imperatorum
1018 432 1185 503 jussa
1214 448 1546 508 exsequar:
1572 434 1838 491 futurum
1867 433 1913 486 A
2021 438 2087 490 V.
2109 438 2318 495 Turbae
2342 444 2541 497 autem
2568 440 2681 497 illa;
2702 456 2858 507 eam,
2888 441 3613 515 utlupiagnam,circum-

157 522 341 579 enim
384 521 736 577 existimans
778 525 837 575 ut
865 521 1216 592 persuaderi
1246 539 1478 595 posses,
1521 524 1743 580 diutius
1786 530 1839 580 te

160 612 475 669 ferebam.
518 611 687 676 Quod
718 609 765 665 si
793 609 894 665 tibi
952 626 1232 682 parcens,
1267 612 1327 667 id
1367 612 1587 691 minus
1598 613 1838 679 curabo,

163 700 343 772 quod
370 700 581 769 jussus
608 697 714 766 fui,
741 697 1135 769 imperatores
1164 704 1540 756 contemnere
1580 700 1839 756 videbor.

166 789 267 845 Illi
310 792 515 845 autem
561 786 869 844 Theodora
897 790 978 842 ita
1006 789 1349 860 respondit:
1385 790 1545 845 Sicut
1575 789 1700 861 ipse
1732 790 1842 845 im-

1950 525 2180 592 dantes,
2214 529 2480 585 certatim
2509 530 2827 586 studebant
2857 547 2965 603 pro
2998 547 3059 587 se
3089 532 3345 604 quisque
3373 530 3450 585 ad
3473 542 3608 585 eam

1953 614 2201 687 ingredi,
2235 623 2288 672 et
2319 624 2383 673 ut
2408 634 2583 675 canes
2604 620 2663 674 in
2688 620 2877 675 feram
2900 621 3178 692 aliquam,
3209 627 3265 677 et
3297 618 3606 690 accipitres

1954 705 2014 759 in
2060 705 2427 772 columbam,
2458 708 2539 764 ita
2564 708 2622 763 in
2655 725 2783 765 eam
2816 711 2999 766 turbae
3028 711 3323 767 inhiantes
3370 705 3604 778 ingredi

1955 794 2332 852 festinabant.
2368 801 2656 854 Caeterum
2690 815 2885 871 neque
2908 805 3047 856 tunc
3066 799 3469 870 Christusipse
3485 810 3606 851 ces-

170 881 489 951 peratores
525 875 743 933 metuis
790 876 1075 949 quodque
1120 877 1197 933 ab
1246 878 1356 933 illis
1393 879 1601 950 jussus
1655 895 1739 945 es,
1782 879 1845 934 id

171 967 377 1024 facere
400 966 605 1025 studes
635 981 650 1032 ;
678 966 760 1021 ita
785 970 843 1022 et
881 981 991 1036 ego
1023 967 1232 1024 studeo
1259 982 1380 1024 non
1408 983 1627 1039 negare
1656 969 1844 1024 Deum

173 1072 409 1123 meum,
426 1056 607 1112 timeo
620 1055 775 1111 enim
797 1060 852 1111 et
873 1055 1006 1127 ipsa
1020 1071 1226 1112 verum
1244 1055 1410 1112 illum
1426 1058 1846 1128 imperatorem

1955 883 2146 949 sabat,
2182 885 2288 940 sed
2312 902 2447 942 cum
2463 888 2787 958 quemdam
2802 904 2873 943 ex
2886 889 3186 945 Fratribus
3208 888 3606 960 prmparasset,

1957 974 2027 1030 ad
2058 989 2191 1029 eam
2220 974 2386 1030 illum
2414 976 2592 1030 misit.
2627 977 2883 1042 Quidam
2921 979 3078 1033 enim
3119 976 3605 1047 religiosissimus

1955 1062 2176 1132 Frater,
2209 1064 2311 1135 qui
2342 1063 2441 1120 Dei
2470 1066 2704 1133 negotia
2735 1070 2984 1122 tractare
3023 1066 3248 1138 optime
3298 1065 3606 1135 didicerat,

1956 1156 2011 1206 et
2026 1151 2544 1222 quemadmodum
2559 1153 2822 1225 aliquem
2836 1170 2904 1210 ex
2926 1154 3022 1210 Dei
3036 1154 3337 1210 voluntate
3359 1155 3604 1212 divitem

1956 1238 2079 1293 ﬁeri
2114 1240 2366 1305 deceret,
2399 1240 2549 1296 bene
2577 1248 2836 1309 noverat,
2870 1242 2964 1298 ille
2999 1258 3134 1298 cum
3164 1259 3195 1298 θ
3225 1243 3404 1299 rebus
3437 1244 3612 1300 bonis

1958 1343 2191 1399 semper
2204 1328 2426 1400 aliquid
2440 1329 2699 1400 amplius
2720 1336 3042 1402 appeteret,
3058 1335 3114 1387 et
3125 1332 3235 1387 sibi
3262 1348 3612 1403 comparare

1958 1416 2271 1480 studeret,d
2283 1418 2533 1488 uplicem
2548 1419 2814 1490 martyrii
2828 1434 3112 1475 coronam
3128 1419 3236 1475 sibi
3251 1420 3610 1484 conciliavit,

1957 1506 2015 1557 et
2057 1518 2308 1571 regnum
2341 1505 2626 1560 coslorum
2657 1506 2771 1561 hoc
2803 1507 2985 1562 modo
3015 1508 3228 1578 rapuit.
3262 1510 3408 1563 Cum
3449 1508 3607 1563 enim

1959 1590 2197 1646 militari
2223 1591 2423 1647 habitu
2451 1608 2511 1647 se
2533 1593 2843 1660 induisset,
2868 1595 3094 1666 primus
3124 1596 3201 1651 ad
3229 1610 3354 1650 eam
3384 1596 3615 1665 ingres-

171 1147 372 1201 Deum
404 1150 802 1201 contemnere.
834 1144 1230 1211 Contentiose,
1270 1146 1463 1219 inquit
1485 1146 1689 1217 judex,
1723 1163 1849 1202 me-

171 1250 320 1291 cum
334 1233 487 1305 agis,
503 1237 929 1290 etasternorum
948 1233 1379 1306 imperatorum
1392 1236 1409 1303 j
1422 1251 1560 1290 ussa
1572 1235 1728 1305 negli
1737 1236 1843 1304 gis,

170 1329 235 1380 et
263 1340 381 1389 me,
406 1328 718 1395 tamquam
742 1321 1040 1378 imbellem
1059 1322 1320 1396 aliquem
1341 1324 1617 1395 despicis.
1638 1324 1849 1379 Adhuc

172 1412 363 1468 trium
418 1412 652 1467 dierum
694 1415 931 1482 tempus
962 1410 1066 1466 tibi
1117 1412 1415 1477 condono,
1456 1428 1526 1467 ac
1556 1428 1661 1483 per
1704 1412 1849 1467 deos

168 1517 413 1565 omnes,
440 1500 551 1555 nisi
579 1500 849 1556 animum
871 1504 1061 1556 mutes
1098 1506 1152 1555 et
1175 1499 1491 1563 sacriﬁces,
1516 1501 1575 1554 in
1593 1500 1850 1570 lupanar

171 1593 235 1647 te
269 1588 523 1653 tradam,
561 1592 623 1644 ut
653 1588 921 1644 mulieres
952 1604 1161 1643 omnes
1189 1594 1242 1644 te
1269 1589 1350 1644 ita
1382 1589 1617 1643 tractari
1647 1588 1850 1642 viden-

174 1682 294 1747 tes,
336 1677 701 1750 turpitudine
734 1684 834 1733 tua
872 1677 1255 1745 castigentur.
1310 1680 1385 1731 At
1422 1677 1691 1733 Thodora
1726 1699 1738 1730 :
1784 1678 1848 1732 Et
1957 1696 2059 1733 sus
2086 1683 2193 1746 est,
2213 1681 2385 1752 quasi
2410 1698 2563 1736 unus
2586 1682 3117 1753 eximpudentium
3140 1684 3615 1756 etintemperan-

172 1781 344 1823 nunc
372 1766 532 1822 idem
560 1766 714 1820 Deus
736 1770 841 1829 est,
875 1770 931 1821 et
962 1781 1219 1835 semper,
1252 1766 1357 1838 qui
1381 1781 1501 1821 non
1524 1765 1841 1837 permittet,
1880 1784 1923 1838 Β
1957 1769 2108 1824 tium
2138 1769 2455 1825 hominum
2486 1785 2735 1826 numero
2764 1777 2937 1827 esset.
2974 1772 3112 1842 Ejus
3142 1772 3319 1840 igitur
3347 1772 3610 1828 hominis

178 1860 250 1911 ut
293 1872 431 1911 eum
476 1855 905 1927 derelinquam.
962 1856 1102 1911 Peto
1133 1860 1333 1910 autem
1370 1860 1430 1910 ut
1461 1854 1746 1911 intactam
1779 1870 1848 1910 ac
1959 1859 2634 1928 novametperegrinam
2655 1859 2900 1927 ﬁguram
2918 1860 3613 1930 sanctaillavirgoTheo-

172 1961 401 2018 puram
428 1960 520 1999 me
542 1944 1231 2016 servarijubeas,quoad
1250 1944 1601 2000 sententiam
1623 1944 1847 2001 tuleris.
1958 1946 2107 2001 dora
2156 1962 2291 2001 cum
2346 1947 2608 2012 vidisset,
2650 1948 2755 2003 fuit
2804 1950 3148 2020 perterrita;
3191 1966 3261 2005 ea
3300 1951 3457 2005 enim
3516 1966 3610 2005 res

169 2037 341 2090 Tunc
368 2033 551 2104 judex
582 2033 663 2089 ait
694 2048 705 2087 :
740 2032 1107 2089 Theodoram
1127 2033 1243 2089 sub
1273 2037 1399 2089 tuta
1430 2033 1701 2089 custodia
1734 2049 1850 2087 ser-
1960 2034 2438 2105 multuminjurire
2452 2051 2520 2091 ac
2536 2036 2911 2106 turpitudinis
2926 2052 3047 2108 prae
3061 2037 3610 2103 seferebat.0uam-

170 2128 319 2178 vate
367 2137 555 2194 usque
593 2120 671 2176 ad
717 2124 835 2176 tres
872 2121 1019 2186 dies,
1058 2123 1105 2176 si
1144 2121 1290 2178 forte
1328 2123 1706 2193 resipiscens,
1737 2121 1849 2177 sibi
1959 2122 2167 2178 obrem
2208 2124 2450 2195 ancipiti
2490 2130 2545 2179 et
2584 2123 2763 2180 dubio
2804 2124 3004 2180 animo
3044 2126 3296 2180 carceris
3355 2126 3609 2196 angulos

168 2212 321 2284 ipsa
348 2211 736 2282 persuaserit,
766 2210 997 2265 utatali
1016 2211 1396 2266 contentione
1415 2211 1849 2276 desistat.Quin
1961 2212 2328 2277 circumibat,
2373 2227 2575 2268 secum
2615 2213 2897 2283 cogitans,
2942 2230 3086 2269 num
3114 2230 3149 2270 a
3185 2214 3414 2270 Christo
3474 2216 3608 2285 ipso

169 2305 241 2357 et
262 2299 563 2372 prmcipio,
589 2314 663 2354 ne
681 2299 1030 2371 permittatis
1052 2300 1314 2370 aliquem
1343 2300 1420 2356 ad
1453 2316 1586 2355 eam
1618 2289 1847 2369 ingredi
1956 2301 2160 2356 relicta
2184 2306 2356 2356 esset.

170 2394 240 2445 et
268 2404 405 2445 cum
432 2389 562 2460 ipsa
592 2388 833 2455 versari,
864 2392 1175 2459 propterea
1208 2390 1375 2460 quod
1402 2388 1628 2445 familia
1658 2387 1847 2444 nobili
2031 2390 2111 2443 VI.
2141 2394 2213 2445 At
2244 2394 2488 2445 sanctus
2521 2390 2803 2462 Didymus
2835 2391 2940 2463 (ita
2971 2390 3130 2446 enim
3161 2392 3503 2455 vocabatur)
3545 2394 3609 2448 ut

177 2483 244 2534 et
268 2477 514 2532 honesta
538 2480 679 2532 nata
705 2480 813 2533 est.

261 2565 349 2620 IV.
393 2568 528 2621 Post
569 2569 681 2621 tres
714 2565 841 2621 dies
880 2580 1018 2620 cum
1043 2564 1229 2635 judex
1260 2564 1319 2620 in
1361 2564 1641 2621 tribunali
1684 2564 1847 2621 sede-

177 2660 277 2712 ret
311 2654 704 2719 :Adducatur,
730 2654 936 2727 inquit,
958 2654 1287 2711 Theodora.
1310 2655 1532 2710 Cohors
1564 2654 1645 2709 ait
1676 2672 1690 2707 :
1738 2655 1848 2711 Do-

180 2744 370 2809 mine,
390 2748 608 2815 praasto
626 2749 716 2798 est
735 2742 1062 2799 Theodora.
1088 2743 1237 2798 Tum
1265 2743 1360 2799 ille
1395 2760 1406 2798 :
1436 2743 1494 2800 Si
1524 2744 1840 2815 resipuisti,

179 2839 248 2889 et
275 2834 376 2888 tibi
418 2833 544 2903 jam
591 2832 959 2903 persuasisti,
1008 2847 1167 2887 nunc
1216 2832 1507 2896 sacriﬁca,
1542 2837 1597 2887 et
1628 2838 1752 2888 esto
1782 2832 1843 2887 li-

181 2921 335 2976 bera
364 2936 377 2985 ;
413 2925 555 2991 puto
586 2920 746 2973 enim
787 2924 841 2974 te
865 2934 1252 2989 nequaquam
1284 2935 1515 2990 sapere,
1548 2920 1609 2974 in
1631 2922 1843 2976 eodem

186 3008 500 3080 proposito
515 3005 948 3077 persistentem.
966 3006 1615 3076 Responditheodora
1631 3026 1643 3063 :
1662 3009 1846 3065 Antea

181 3097 309 3152 dixi
355 3095 480 3163 tibi,
511 3100 565 3150 et
596 3110 757 3150 nunc
786 3095 996 3150 eadem
1024 3094 1220 3149 dicere
1251 3110 1371 3149 non
1402 3110 1632 3161 recuso,
1671 3097 1847 3151 casti-
1877 3135 1917 3190 Ο

176 3187 323 3243 tatis
365 3200 514 3241 meas
541 3183 990 3255 professionem,
1026 3181 1235 3238 Chr-isti
1265 3200 1452 3240 causa
1506 3190 1845 3256 susceptam

174 3292 333 3340 esse,
354 3274 455 3346 qui
476 3273 581 3328 fuit
599 3273 960 3343 incorruptae
985 3271 1116 3328 vitae
1137 3272 1506 3344 praedicator,
1531 3289 1846 3345 meamque

178 3363 625 3421 confessionem
670 3361 861 3433 ipsius
908 3361 1006 3415 Dei
1052 3362 1241 3431 gratia
1284 3360 1433 3418 ﬁeri.
1478 3362 1616 3433 Ejus
1667 3362 1848 3431 igitur

184 3452 425 3510 Domini
447 3456 505 3507 et
532 3451 630 3506 Dei
664 3449 959 3505 confessio
989 3465 1097 3522 per
1122 3466 1216 3505 me
1239 3450 1614 3522 praedicetur,
1644 3456 1699 3507 et
1720 3451 1845 3522 ipse

181 3542 387 3599 videat
418 3541 551 3613 (scit
573 3538 759 3611 enim)
783 3540 1095 3611 quomodo
1119 3556 1289 3595 suam
1316 3540 1602 3609 virginem
1629 3555 1845 3610 puram

184 3635 519 3687 conservet.
538 3629 645 3683 Per
660 3628 806 3683 deos
824 3628 1009 3699 ipsos,
1030 3628 1221 3700 inquit
1226 3629 1245 3698 j
1260 3628 1435 3694 udex,
1453 3628 1843 3683 dominorum

182 3720 360 3791 jussa
388 3718 632 3782 veritus,
664 3732 736 3771 ne
762 3715 909 3771 forte
940 3716 1055 3771 illis
1074 3732 1193 3771 non
1208 3717 1513 3779 obediens.
1533 3716 1844 3787 pericliter,

188 3809 476 3865 adversus
495 3812 547 3862 te
574 3805 791 3861 faciam
816 3806 981 3876 quod
996 3822 1127 3860 sum
1144 3806 1368 3875 jussus.
1395 3805 1689 3871 Quoniam
1706 3821 1846 3861 vero

182 3899 251 3952 in
284 3896 531 3967 lupanar
571 3893 722 3950 tradi
749 3893 1031 3957 maluisti,
1063 3909 1249 3965 quam
1294 3894 1405 3949 diis
1451 3894 1597 3965 ipsis
1625 3893 1846 3950 sacriﬁ-

185 4001 348 4051 care,
378 3984 715 4049 videamus,
767 3997 913 4036 num
940 3986 995 4036 te
1028 3987 1218 4037 servet
1249 3982 1509 4038 Christus
1557 3982 1650 4037 ille
1684 3988 1840 4048 tuus,

180 4078 428 4146 propter
446 4087 629 4145 quem
652 4072 711 4125 in
727 4070 1106 4126 contentione
1121 4071 1232 4126 ista
1252 4071 1561 4142 persistere
1578 4070 1840 4128 voluisti.

183 4162 250 4219 Id
270 4178 408 4217 cum
426 4159 609 4233 judex
632 4159 896 4223 dixisset,
923 4158 1001 4214 ad
1026 4158 1331 4214 cohortem
1358 4175 1563 4214 versus
1590 4176 1601 4214 :
1626 4159 1844 4214 Trada-

180 4257 302 4317 tur,
336 4250 544 4323 inquit,
578 4248 689 4304 ista
719 4248 779 4303 in
801 4247 1075 4319 lupanar.
1100 4250 1259 4303 Tunc
1281 4247 1362 4303 ait
1382 4247 1839 4313 Theodora:Tu,

178 4342 360 4411 Deus,
394 4355 498 4412 qui
524 4338 784 4394 occultas
814 4336 1193 4408 resinspicis,
1226 4336 1329 4407 qui
1370 4336 1584 4391 novisti
1617 4336 1839 4401 omnia,

178 4430 534 4505 priusquam
556 4426 655 4482 illa
669 4426 953 4497 ﬁant,qui
986 4424 1065 4480 ad
1093 4424 1450 4479 hodiernum
1476 4440 1664 4496 usque
1682 4423 1841 4479 diem

180 4519 331 4578 mihi
358 4517 579 4574 affuisti
598 4520 653 4572 et
676 4516 963 4570 intactam
983 4514 1043 4568 in
1064 4528 1134 4569 ea
1155 4528 1217 4568 re
1239 4528 1332 4568 me
1355 4512 1630 4577 servasti,
1658 4530 1841 4586 quam

180 4609 293 4666 tibi
316 4606 582 4681 promisi,
603 4606 792 4676 ipseet
813 4607 944 4675 post
964 4602 1077 4658 hac
1104 4616 1199 4657 me
1220 4602 1551 4666 custodias,
1577 4606 1635 4659 et
1660 4618 1840 4675 apro-

180 4697 337 4755 fanis
377 4700 433 4752 et
479 4693 693 4765 iniquis
730 4707 937 4748 eorum
980 4690 1280 4757 manibus,
1328 4692 1430 4763 qui
1482 4691 1672 4763 parati
1706 4695 1843 4748 sunt

178 4785 417 4845 ancillas
432 4789 545 4840 tuas
558 4782 636 4853 inj
647 4781 839 4837 uriam
854 4779 1085 4845 inferre,
1100 4781 1462 4836 incolumem
1479 4786 1536 4837 et
1548 4782 1841 4852 integram

180 4890 401 4933 serves.
431 4873 563 4928 Hmc
591 4887 729 4927 cum
755 4869 1135 4939 illadixisset,
1154 4870 1231 4925 ad
1252 4869 1504 4940 lupanar
1530 4869 1837 4935 ductaest;

180 4966 260 5023 ad
274 4962 445 5038 quod
461 4963 748 5031 ingressa,
773 4958 978 5015 oculos
991 4959 1070 5014 ad
1083 4959 1298 5015 caelum
1312 4960 1514 5027 erexit,
1529 4966 1584 5014 et
1602 4959 1707 5018 ait:
1733 4962 1834 5030 Tu,

176 5056 347 5112 Pater
378 5049 614 5108 Domini
636 5047 821 5105 nostri
841 5050 976 5103 Jesu
1000 5047 1227 5112 Christi,
1281 5063 1373 5103 me
1404 5047 1647 5119 adjuva,
1683 5048 1836 5103 utab

177 5144 272 5201 his
293 5140 551 5200 canibus
576 5137 818 5210 eripiar.
852 5137 956 5203 Tu,
979 5137 1082 5208 qui
1113 5137 1348 5193 Petrum
1380 5136 1440 5192 in
1473 5152 1707 5192 carcere
1733 5137 1835 5192 ad-

175 5230 399 5305 juvisti,
441 5241 699 5299 eumque
727 5225 803 5281 ab
843 5224 1059 5296 injuria
1088 5224 1336 5280 liberum
1365 5224 1524 5280 illinc
1565 5225 1830 5291 eduxisti,

180 5327 237 5378 et
263 5336 362 5377 me
383 5318 522 5374 hinc
547 5317 619 5373 ab
640 5314 860 5386 injuria
886 5313 1239 5369 incolumem
1266 5314 1503 5378 educas,
1534 5318 1596 5369 ut
1620 5328 1831 5368 omnes

178 5409 440 5475 videant,
476 5420 690 5477 meque
723 5418 959 5459 servam
988 5408 1149 5458 tuam
1172 5418 1300 5457 esse
1328 5406 1712 5474 cognoscant.

255 5586 271 5624 ¹
317 5583 507 5645 Galat.
538 5597 616 5654 ιν,
652 5585 739 5641 12.
778 5582 800 5618 ³
824 5584 973 5641 Dan.
998 5595 1116 5647 xxv,
1153 5582 1222 5637 32
1255 5593 1412 5653 seqq.

1958 2493 2281 2547 germanus
2313 2477 2512 2545 frater,
2544 2479 2831 2549 incipiens
2862 2494 2995 2534 eam
3026 2477 3195 2534 affari
3230 2496 3245 2533 :
3278 2482 3401 2535 Non
3446 2495 3601 2545 sum,

1957 2565 2170 2637 inquit,
2212 2565 2293 2629 id,
2336 2567 2500 2638 quod
2538 2566 2722 2621 vides.
2782 2566 3189 2622 Exstrinsecus
3231 2567 3388 2622 enim
3429 2567 3605 2638 lupus

1955 2655 2183 2718 videor,
2215 2656 2373 2709 intus
2402 2671 2540 2710 vero
2567 2672 2701 2710 sum
2740 2656 2867 2710 ovis
2895 2662 3232 2711 mansueta.
3267 2658 3344 2711 Ne
3372 2662 3604 2727 spectes

1956 2742 2302 2799 exteriorem
2332 2742 2489 2798 hanc
2517 2749 2759 2805 vestem,
2794 2744 2894 2798 sed
2934 2743 3274 2798 interiorem
3314 2749 3369 2798 et
3398 2758 3605 2816 prom-

1956 2839 2126 2905 ptum
2148 2829 2330 2886 animi
2364 2830 2642 2886 affectum
2671 2832 3034 2888 consideres.
3064 2834 3259 2888 Frater
3278 2831 3440 2887 enim
3470 2848 3605 2888 sum

1954 2922 2015 2977 in
2054 2920 2247 2975 aliena
2289 2919 2497 2989 ﬁgura,
2540 2925 2741 2976 contra
2766 2920 3073 2977 diabolum
3106 2920 3363 2992 sapiens,
3398 2936 3602 2976 eorum

1956 3009 2194 3083 quidem
2238 3013 2400 3063 veste
2438 3010 2702 3074 indutus,
2732 3012 2833 3080 qui
2868 3016 3003 3065 sunt
3034 3009 3188 3065 illius
3229 3008 3498 3076 ministri,
3544 3013 3607 3065 ut;

1958 3101 2036 3153 ita
2065 3097 2183 3151 huc
2208 3095 2548 3167 ingrediens
2580 3114 2701 3153 non
2722 3114 3078 3166 agnoscerer
3100 3097 3463 3169 (erantenim
3502 3097 3606 3169 qui

1956 3186 2075 3241 huc
2113 3183 2447 3238 venientem
2489 3186 3044 3255 speculabantur)et
3069 3186 3300 3242 Domini
3334 3186 3447 3241 mei
3473 3201 3607 3257 pre-

1958 3276 2173 3331 tiosam
2193 3274 2656 3342 possessionem,
2678 3280 2733 3329 et
2753 3275 2848 3329 Dei
2862 3275 3204 3331 columbam
3219 3291 3352 3330 eam
3370 3290 3605 3330 servare

1956 3380 2214 3435 possem.
2248 3364 2357 3420 Sed
2390 3378 2499 3431 age
2530 3366 2753 3417 vestem
2794 3368 3132 3428 mutemus;
3161 3363 3261 3417 tibi
3300 3366 3451 3418 Deus
3484 3364 3605 3433 ipse

1956 3451 2268 3508 victoriam
2308 3450 2596 3519 largitur:
2628 3466 2722 3505 me
2766 3465 2902 3505 vero
2947 3455 3192 3505 coronat
3240 3455 3499 3514 sanctus,
3550 3454 3607 3506 et

1956 3542 2058 3613 qui
2088 3542 2212 3597 sine
2244 3538 2475 3596 macula
2505 3544 2612 3607 est,
2649 3543 2850 3607 Agnus
2876 3538 2987 3603 ille,
3018 3539 3120 3610 qui
3174 3538 3315 3594 tollit
3362 3544 3605 3610 peccata

1959 3630 2184 3685 mundi.
2228 3630 2327 3685 Exi
2359 3636 2439 3695 tu,
2469 3633 2542 3692 et,
2587 3629 2664 3682 ad
2708 3628 3022 3683 Dominum
3050 3627 3129 3683 ito
3159 3644 3171 3682 :
3206 3629 3324 3696 Ego
3364 3633 3604 3698 propter

1958 3719 2279 3775 Dominum
2308 3717 2404 3773 hic
2444 3717 2790 3772 remanebo.
2826 3719 2938 3772 Hac
2963 3732 3098 3772 mea
3125 3721 3313 3781 veste,
3332 3732 3517 3789 quam
3536 3716 3602 3771 ti-

1957 3810 2183 3873 mebas,
2207 3806 2483 3863 induaris.
2502 3805 2710 3860 Estotu
2737 3820 2845 3877 pro
2872 3821 2985 3870 me,
3013 3811 3074 3860 ut
3104 3810 3191 3860 est
3223 3805 3299 3860 ab
3319 3804 3602 3876 Apostolo

1954 3898 2180 3953 dictum
2209 3898 2225 3932 ¹
2259 3915 2272 3952 :
2311 3915 2339 3947 «
2367 3897 2559 3950 Estote
2581 3899 2640 3948 ut
2663 3909 2795 3963 ego,
2828 3894 3100 3964 quoniam
3130 3899 3310 3963 etego
3330 3899 3393 3949 ut
3415 3910 3539 3948 vos.
3568 3912 3596 3947 ››

1954 3987 2051 4042 Ille
2095 3986 2341 4059 quidem
2372 3984 2500 4040 haec
2531 3983 2805 4037 dicebat:
2838 3982 3145 4038 Theodora
3178 3999 3315 4038 vero
3354 3982 3602 4037 libenter

1952 4076 2003 4131 ei
2030 4074 2507 4146 obtemperabat.
2542 4071 2711 4126 Novit
2738 4072 2897 4127 enim
2928 4071 3005 4127 ab
3045 4071 3144 4126 illo
3170 4071 3303 4142 ipso
3329 4071 3469 4137 Deo,
3501 4070 3601 4142 qui

1954 4164 2113 4218 misit
2141 4164 2200 4217 in
2224 4164 2421 4217 lacum
2443 4162 2681 4216 leonum
2704 4160 3053 4231 prophetam
3076 4160 3370 4223 Habacuc,
3398 4166 3457 4214 ut
3483 4162 3591 4214 Da-

1954 4251 2089 4306 nieli
2119 4254 2162 4319 ³,
2193 4251 2295 4322 qui
2321 4250 2511 4320 etipse
2538 4250 2829 4319 propheta
2850 4254 2990 4311 erat,
3018 4248 3216 4302 cibum
3244 4248 3591 4320 impartiret,

1951 4340 2173 4412 quique
2198 4344 2254 4393 et
2277 4337 2516 4393 leonum
2543 4351 2649 4391 ora
2674 4336 2979 4400 obstruxit,
3000 4336 3245 4390 militem
3264 4336 3429 4391 illum
3454 4342 3592 4391 tunc

1952 4428 2028 4484 ad
2060 4444 2120 4484 se
2153 4427 2423 4494 missum,
2457 4430 2517 4481 ut
2545 4424 2731 4496 ipsius
2768 4424 2977 4479 habitu
3006 4423 3323 4494 occultata,
3354 4429 3411 4480 et
3438 4424 3599 4480 illinc

1951 4521 2153 4588 erepta
2176 4516 2392 4571 servari
2420 4518 2639 4587 posset.

2024 4607 2139 4661 VII.
2188 4604 2296 4661 Illa
2333 4605 2509 4673 igitur
2546 4603 2713 4671 virgo
2754 4601 2951 4657 militis
2990 4601 3264 4657 habitum
3319 4604 3594 4674 sumpsit.

1950 4696 2276 4767 ocreisque,
2293 4692 2512 4765 quibus
2528 4697 2703 4747 antea
2721 4691 2886 4746 miles
2906 4690 2980 4745 uti
2996 4697 3404 4755 consueverat,
3422 4707 3598 4748 crura

1950 4800 2062 4839 sua
2090 4782 2347 4838 contexit
2378 4796 2391 4833 :
2426 4794 2684 4851 cumque
2723 4779 2947 4850 reliqua
2978 4783 3135 4832 veste
3168 4794 3231 4831 se
3282 4778 3595 4844 induisset,

1948 4872 2122 4944 capiti
2156 4872 2390 4941 galeam
2410 4868 2713 4937 imposuit,
2734 4868 2984 4939 ejusque
2998 4866 3175 4921 armis
3189 4869 3464 4937 acceptis,
3494 4866 3597 4922 illo

1946 4961 2099 5033 ipso,
2120 4975 2317 5033 quem,
2337 4959 2441 5031 qui
2458 4957 2509 5012 ei
2531 4956 2798 5013 astiterat
2816 4954 3113 5027 prmcepit,
3134 4962 3346 5010 ornatu
3386 4955 3598 5011 induta

1946 5064 2185 5119 egressa
2213 5050 2318 5103 est.
2359 5046 2674 5102 Admonita
2705 5045 2883 5100 etiam
2912 5043 3038 5109 fuit,
3074 5058 3146 5097 ne
3175 5058 3355 5113 quem
3388 5043 3600 5115 aspice-

1945 5144 2051 5203 ret,
2084 5140 2326 5209 propter
2376 5151 2581 5191 eorum
2612 5134 2887 5205 luporum
2944 5132 3381 5203 impudentiam
3423 5138 3598 5204 atque

1946 5226 2284 5291 audaciam,
2318 5240 2465 5279 neve
2491 5222 2750 5293 aliquem
2790 5221 3224 5291 alloqueretur:
3286 5220 3389 5275 sed
3445 5226 3599 5276 recta

1946 5315 2025 5372 ad
2082 5320 2319 5385 portam
2369 5310 2654 5375 tenderet,
2706 5315 2761 5364 et
2804 5310 3006 5364 Jesum
3057 5308 3257 5379 ipsum
3327 5308 3436 5363 vim
3489 5307 3598 5362 du-

1949 5418 2077 5458 cem
2106 5401 2218 5457 sibi
2249 5403 2622 5471 proponeret.
2657 5396 2841 5454 Etilla
2870 5396 3115 5469 quidem
3143 5395 3303 5452 illinc
3332 5410 3592 5465 egressa,
