  <div class='ocr_page' id='page_1' title='image "/cluster/home/n/w/nwhite01/storage/ocr_20150623/115/mdp.39015028574336/051.png"; bbox 0 0 4110 6272; ppageno 0'>
   <div class='ocr_carea' id='block_1_1' title="bbox 470 268 2454 338">
    <p class='ocr_par' dir='ltr' id='par_1_1' title="bbox 470 268 2454 338">
     <span class='ocr_line' id='line_1_1' title="bbox 470 268 2454 338; baseline -0.008 -1"><span class='ocrx_word' id='word_1_1' title='bbox 470 284 542 338; x_wconf 87' lang='grc'>87</span> <span class='ocrx_word' id='word_1_2' title='bbox 1861 271 2113 327; x_wconf 89' lang='lat' dir='ltr'>MENSIS</span> <span class='ocrx_word' id='word_1_3' title='bbox 2154 268 2454 325; x_wconf 78' lang='lat' dir='ltr'>APRILIS.</span> 
     </span>
    </p>
   </div>
   <div class='ocr_carea' id='block_1_2' title="bbox 3824 258 3908 312">
    <p class='ocr_par' dir='ltr' id='par_1_2' title="bbox 3824 258 3908 312">
     <span class='ocr_line' id='line_1_2' title="bbox 3824 258 3908 312; baseline -0.024 0"><span class='ocrx_word' id='word_1_4' title='bbox 3824 258 3908 312; x_wconf 86' lang='lat'>88</span> 
     </span>
    </p>
   </div>
   <div class='ocr_carea' id='block_1_3' title="bbox 468 383 3908 476">
    <p class='ocr_par' dir='ltr' id='par_1_3' title="bbox 468 383 3908 476">
     <span class='ocr_line' id='line_1_3' title="bbox 468 383 3908 476; baseline -0.008 -13"><span class='ocrx_word' id='word_1_5' title='bbox 468 409 534 463; x_wconf 93' lang='lat' dir='ltr'>ut</span> <span class='ocrx_word' id='word_1_6' title='bbox 554 404 835 462; x_wconf 90' lang='lat' dir='ltr'>columba</span> <span class='ocrx_word' id='word_1_7' title='bbox 854 401 1134 476; x_wconf 69' lang='lat' dir='ltr'>quaedam</span> <span class='ocrx_word' id='word_1_8' title='bbox 1148 400 1266 456; x_wconf 88' lang='lat' dir='ltr'>alas</span> <span class='ocrx_word' id='word_1_9' title='bbox 1288 400 1585 473; x_wconf 82' lang='lat' dir='ltr'>quatiens,</span> <span class='ocrx_word' id='word_1_10' title='bbox 1606 403 1783 472; x_wconf 89' lang='lat' dir='ltr'>atque</span> <span class='ocrx_word' id='word_1_11' title='bbox 1805 399 1864 454; x_wconf 91' lang='lat' dir='ltr'>in</span> <span class='ocrx_word' id='word_1_12' title='bbox 1895 397 2110 454; x_wconf 66' lang='lat' dir='ltr'>cretum</span> <span class='ocrx_word' id='word_1_13' title='bbox 2141 396 2188 449; x_wconf 87' lang='lat' dir='ltr'><strong>A</strong></span> <span class='ocrx_word' id='word_1_14' title='bbox 2222 396 2409 449; x_wconf 92' lang='lat' dir='ltr'>Deum</span> <span class='ocrx_word' id='word_1_15' title='bbox 2441 395 2640 464; x_wconf 89' lang='lat' dir='ltr'>ipsum</span> <span class='ocrx_word' id='word_1_16' title='bbox 2665 390 2809 448; x_wconf 86' lang='lat' dir='ltr'>satis</span> <span class='ocrx_word' id='word_1_17' title='bbox 2839 387 3113 476; x_wconf 87' lang='lat' dir='ltr'>confessa</span> <span class='ocrx_word' id='word_1_18' title='bbox 3141 383 3331 449; x_wconf 88' lang='lat' dir='ltr'>fuerit,</span> <span class='ocrx_word' id='word_1_19' title='bbox 3351 384 3575 476; x_wconf 80' lang='lat' dir='ltr'>intacta</span> <span class='ocrx_word' id='word_1_20' title='bbox 3607 398 3908 455; x_wconf 87' lang='lat' dir='ltr'>perman-</span> 
     </span>
    </p>
   </div>
   <div class='ocr_carea' id='block_1_4' title="bbox 469 486 2114 562">
    <p class='ocr_par' dir='ltr' id='par_1_4' title="bbox 469 486 2114 562">
     <span class='ocr_line' id='line_1_4' title="bbox 469 486 2114 562; baseline -0.008 -11"><span class='ocrx_word' id='word_1_21' title='bbox 469 495 742 558; x_wconf 87' lang='lat' dir='ltr'>tendens,</span> <span class='ocrx_word' id='word_1_22' title='bbox 784 509 850 548; x_wconf 88' lang='lat' dir='ltr'>ex</span> <span class='ocrx_word' id='word_1_23' title='bbox 880 491 1174 562; x_wconf 82' lang='lat' dir='ltr'>accipitris</span> <span class='ocrx_word' id='word_1_24' title='bbox 1201 506 1321 554; x_wconf 92' lang='lat' dir='ltr'>ore,</span> <span class='ocrx_word' id='word_1_25' title='bbox 1354 490 1439 545; x_wconf 88' lang='lat' dir='ltr'>vel</span> <span class='ocrx_word' id='word_1_26' title='bbox 1473 505 1632 559; x_wconf 90' lang='lat' dir='ltr'>agna</span> <span class='ocrx_word' id='word_1_27' title='bbox 1656 506 1686 543; x_wconf 94' lang='lat' dir='ltr'>e</span> <span class='ocrx_word' id='word_1_28' title='bbox 1717 489 1956 543; x_wconf 86' lang='lat' dir='ltr'>leonum</span> <span class='ocrx_word' id='word_1_29' title='bbox 1989 486 2114 540; x_wconf 86' lang='lat' dir='ltr'>fau-</span> 
     </span>
    </p>
   </div>
   <div class='ocr_carea' id='block_1_5' title="bbox 471 577 2112 648">
    <p class='ocr_par' dir='ltr' id='par_1_5' title="bbox 471 577 2112 648">
     <span class='ocr_line' id='line_1_5' title="bbox 471 577 2112 648; baseline -0.009 -7"><span class='ocrx_word' id='word_1_30' title='bbox 471 585 653 648; x_wconf 88' lang='lat' dir='ltr'>cibus,</span> <span class='ocrx_word' id='word_1_31' title='bbox 696 582 903 638; x_wconf 83' lang='lat' dir='ltr'>evasit.</span> <span class='ocrx_word' id='word_1_32' title='bbox 947 581 1150 635; x_wconf 82' lang='lat' dir='ltr'>Frater</span> <span class='ocrx_word' id='word_1_33' title='bbox 1192 595 1326 634; x_wconf 90' lang='lat' dir='ltr'>vero</span> <span class='ocrx_word' id='word_1_34' title='bbox 1366 579 1460 634; x_wconf 91' lang='lat' dir='ltr'>ille</span> <span class='ocrx_word' id='word_1_35' title='bbox 1502 579 1769 642; x_wconf 88' lang='lat' dir='ltr'>sedebat,</span> <span class='ocrx_word' id='word_1_36' title='bbox 1811 577 1884 631; x_wconf 92' lang='lat' dir='ltr'>de</span> <span class='ocrx_word' id='word_1_37' title='bbox 1919 591 2112 630; x_wconf 85' lang='lat' dir='ltr'>sorore</span> 
     </span>
    </p>
   </div>
   <div class='ocr_carea' id='block_1_6' title="bbox 470 665 2115 741">
    <p class='ocr_par' dir='ltr' id='par_1_6' title="bbox 470 665 2115 741">
     <span class='ocr_line' id='line_1_6' title="bbox 470 665 2115 741; baseline -0.007 -13"><span class='ocrx_word' id='word_1_38' title='bbox 470 687 591 728; x_wconf 88' lang='lat' dir='ltr'>non</span> <span class='ocrx_word' id='word_1_39' title='bbox 618 669 874 741; x_wconf 86' lang='lat' dir='ltr'>amplius</span> <span class='ocrx_word' id='word_1_40' title='bbox 903 667 1209 733; x_wconf 90' lang='lat' dir='ltr'>sollicitus,</span> <span class='ocrx_word' id='word_1_41' title='bbox 1245 672 1299 722; x_wconf 89' lang='lat' dir='ltr'>et</span> <span class='ocrx_word' id='word_1_42' title='bbox 1325 666 1627 738; x_wconf 87' lang='lat' dir='ltr'>spirituale</span> <span class='ocrx_word' id='word_1_43' title='bbox 1662 665 1983 737; x_wconf 86' lang='lat' dir='ltr'>prandium</span> <span class='ocrx_word' id='word_1_44' title='bbox 2019 679 2115 718; x_wconf 79' lang='lat' dir='ltr'>ex-</span> 
     </span>
    </p>
   </div>
   <div class='ocr_carea' id='block_1_7' title="bbox 472 753 2112 832">
    <p class='ocr_par' dir='ltr' id='par_1_7' title="bbox 472 753 2112 832">
     <span class='ocr_line' id='line_1_7' title="bbox 472 753 2112 832; baseline -0.006 -16"><span class='ocrx_word' id='word_1_45' title='bbox 472 763 773 832; x_wconf 89' lang='lat' dir='ltr'>spectans.</span> <span class='ocrx_word' id='word_1_46' title='bbox 808 759 1076 827; x_wconf 86' lang='lat' dir='ltr'>Cumque</span> <span class='ocrx_word' id='word_1_47' title='bbox 1109 772 1171 810; x_wconf 91' lang='lat' dir='ltr'>se</span> <span class='ocrx_word' id='word_1_48' title='bbox 1191 756 1398 826; x_wconf 89' lang='lat' dir='ltr'>capitis</span> <span class='ocrx_word' id='word_1_49' title='bbox 1429 761 1764 823; x_wconf 85' lang='lat' dir='ltr'>tegumento</span> <span class='ocrx_word' id='word_1_50' title='bbox 1802 753 2112 816; x_wconf 84' lang='lat' dir='ltr'>induisset,</span> 
     </span>
    </p>
   </div>
   <div class='ocr_carea' id='block_1_8' title="bbox 470 841 2114 906">
    <p class='ocr_par' dir='ltr' id='par_1_8' title="bbox 470 841 2114 906">
     <span class='ocr_line' id='line_1_8' title="bbox 470 841 2114 906; baseline -0.007 -1"><span class='ocrx_word' id='word_1_51' title='bbox 470 865 538 906; x_wconf 89' lang='lat' dir='ltr'>eo</span> <span class='ocrx_word' id='word_1_52' title='bbox 567 850 623 904; x_wconf 89' lang='lat' dir='ltr'>in</span> <span class='ocrx_word' id='word_1_53' title='bbox 651 848 782 903; x_wconf 93' lang='lat' dir='ltr'>loco</span> <span class='ocrx_word' id='word_1_54' title='bbox 811 847 1069 901; x_wconf 80' lang='lat' dir='ltr'>sedebat.</span> <span class='ocrx_word' id='word_1_55' title='bbox 1101 848 1234 899; x_wconf 86' lang='lat' dir='ltr'>Erat</span> <span class='ocrx_word' id='word_1_56' title='bbox 1261 850 1459 899; x_wconf 88' lang='lat' dir='ltr'>autem</span> <span class='ocrx_word' id='word_1_57' title='bbox 1482 844 1565 899; x_wconf 90' lang='lat' dir='ltr'>ita</span> <span class='ocrx_word' id='word_1_58' title='bbox 1590 847 1928 906; x_wconf 91' lang='lat' dir='ltr'>coronatus,</span> <span class='ocrx_word' id='word_1_59' title='bbox 1959 852 2020 896; x_wconf 85' lang='lat' dir='ltr'>ut</span> <span class='ocrx_word' id='word_1_60' title='bbox 2068 841 2114 894; x_wconf 89' lang='lat' dir='ltr'>si</span> 
     </span>
    </p>
   </div>
   <div class='ocr_carea' id='block_1_9' title="bbox 469 933 2116 1005">
    <p class='ocr_par' dir='ltr' id='par_1_9' title="bbox 469 933 2116 1005">
     <span class='ocr_line' id='line_1_9' title="bbox 469 933 2116 1005; baseline -0.005 -12"><span class='ocrx_word' id='word_1_61' title='bbox 469 936 880 994; x_wconf 87' lang='lat' dir='ltr'>adversarium</span> <span class='ocrx_word' id='word_1_62' title='bbox 911 935 1110 1005; x_wconf 87' lang='lat' dir='ltr'>ipsum</span> <span class='ocrx_word' id='word_1_63' title='bbox 1138 933 1386 987; x_wconf 81' lang='lat' dir='ltr'>vicisset.</span> <span class='ocrx_word' id='word_1_64' title='bbox 1417 933 1733 987; x_wconf 89' lang='lat' dir='ltr'>Intervallo</span> <span class='ocrx_word' id='word_1_65' title='bbox 1756 937 1955 987; x_wconf 90' lang='lat' dir='ltr'>autem</span> <span class='ocrx_word' id='word_1_66' title='bbox 1975 936 2116 985; x_wconf 91' lang='lat' dir='ltr'>tem-</span> 
     </span>
    </p>
   </div>
   <div class='ocr_carea' id='block_1_10' title="bbox 467 1020 2116 1100">
    <p class='ocr_par' dir='ltr' id='par_1_10' title="bbox 467 1020 2116 1100">
     <span class='ocr_line' id='line_1_10' title="bbox 467 1020 2116 1100; baseline -0.005 -19"><span class='ocrx_word' id='word_1_67' title='bbox 467 1024 899 1100; x_wconf 88' lang='lat' dir='ltr'>poris,quidam</span> <span class='ocrx_word' id='word_1_68' title='bbox 917 1039 986 1077; x_wconf 88' lang='lat' dir='ltr'>ex</span> <span class='ocrx_word' id='word_1_69' title='bbox 1011 1020 1433 1076; x_wconf 86' lang='lat' dir='ltr'>insanientium</span> <span class='ocrx_word' id='word_1_70' title='bbox 1452 1037 1701 1076; x_wconf 90' lang='lat' dir='ltr'>numero</span> <span class='ocrx_word' id='word_1_71' title='bbox 1719 1021 2116 1091; x_wconf 88' lang='lat' dir='ltr'>intemperan-</span> 
     </span>
    </p>
   </div>
   <div class='ocr_carea' id='block_1_11' title="bbox 468 1107 2116 1180">
    <p class='ocr_par' dir='ltr' id='par_1_11' title="bbox 468 1107 2116 1180">
     <span class='ocr_line' id='line_1_11' title="bbox 468 1107 2116 1180; baseline -0.005 -10"><span class='ocrx_word' id='word_1_72' title='bbox 468 1116 563 1170; x_wconf 63' lang='lat' dir='ltr'>tiae</span> <span class='ocrx_word' id='word_1_73' title='bbox 589 1130 812 1174; x_wconf 88' lang='lat' dir='ltr'>servus,</span> <span class='ocrx_word' id='word_1_74' title='bbox 850 1112 930 1167; x_wconf 90' lang='lat' dir='ltr'>ita</span> <span class='ocrx_word' id='word_1_75' title='bbox 957 1115 1020 1165; x_wconf 91' lang='lat' dir='ltr'>ut</span> <span class='ocrx_word' id='word_1_76' title='bbox 1048 1116 1173 1166; x_wconf 87' lang='lat' dir='ltr'>erat</span> <span class='ocrx_word' id='word_1_77' title='bbox 1198 1110 1536 1180; x_wconf 88' lang='lat' dir='ltr'>impudens,</span> <span class='ocrx_word' id='word_1_78' title='bbox 1566 1110 1704 1164; x_wconf 90' lang='lat' dir='ltr'>illuc</span> <span class='ocrx_word' id='word_1_79' title='bbox 1734 1114 2013 1180; x_wconf 86' lang='lat' dir='ltr'>tanquam</span> <span class='ocrx_word' id='word_1_80' title='bbox 2039 1107 2116 1161; x_wconf 91' lang='lat' dir='ltr'>ad</span> 
     </span>
    </p>
   </div>
   <div class='ocr_carea' id='block_1_12' title="bbox 467 1195 2115 1271">
    <p class='ocr_par' dir='ltr' id='par_1_12' title="bbox 467 1195 2115 1271">
     <span class='ocr_line' id='line_1_12' title="bbox 467 1195 2115 1271; baseline -0.005 -14"><span class='ocrx_word' id='word_1_81' title='bbox 467 1203 760 1271; x_wconf 84' lang='lat' dir='ltr'>virginem</span> <span class='ocrx_word' id='word_1_82' title='bbox 798 1199 1027 1267; x_wconf 80' lang='lat' dir='ltr'>ingredi</span> <span class='ocrx_word' id='word_1_83' title='bbox 1065 1215 1273 1262; x_wconf 91' lang='lat' dir='ltr'>ausus,</span> <span class='ocrx_word' id='word_1_84' title='bbox 1328 1215 1461 1252; x_wconf 88' lang='lat' dir='ltr'>cum</span> <span class='ocrx_word' id='word_1_85' title='bbox 1509 1199 1701 1251; x_wconf 87' lang='lat' dir='ltr'>virum</span> <span class='ocrx_word' id='word_1_86' title='bbox 1747 1213 1854 1268; x_wconf 90' lang='lat' dir='ltr'>pro</span> <span class='ocrx_word' id='word_1_87' title='bbox 1891 1195 2115 1265; x_wconf 82' lang='lat' dir='ltr'>virgine</span> 
     </span>
    </p>
   </div>
   <div class='ocr_carea' id='block_1_13' title="bbox 467 1284 2110 1358">
    <p class='ocr_par' dir='ltr' id='par_1_13' title="bbox 467 1284 2110 1358">
     <span class='ocr_line' id='line_1_13' title="bbox 467 1284 2110 1358; baseline -0.005 -13"><span class='ocrx_word' id='word_1_88' title='bbox 467 1289 831 1353; x_wconf 69' lang='lat' dir='ltr'>oﬂ‘endisset,</span> <span class='ocrx_word' id='word_1_89' title='bbox 858 1291 1052 1342; x_wconf 86' lang='lat' dir='ltr'>mente</span> <span class='ocrx_word' id='word_1_90' title='bbox 1091 1286 1399 1358; x_wconf 91' lang='lat' dir='ltr'>perculsus</span> <span class='ocrx_word' id='word_1_91' title='bbox 1451 1301 1655 1339; x_wconf 92' lang='lat' dir='ltr'>secum</span> <span class='ocrx_word' id='word_1_92' title='bbox 1687 1285 1811 1355; x_wconf 90' lang='lat' dir='ltr'>ipse</span> <span class='ocrx_word' id='word_1_93' title='bbox 1838 1284 2110 1338; x_wconf 87' lang='lat' dir='ltr'>dicebat:</span> 
     </span>
    </p>
   </div>
   <div class='ocr_carea' id='block_1_14' title="bbox 467 1372 2116 1450">
    <p class='ocr_par' dir='ltr' id='par_1_14' title="bbox 467 1372 2116 1450">
     <span class='ocr_line' id='line_1_14' title="bbox 467 1372 2116 1450; baseline -0.006 -16"><span class='ocrx_word' id='word_1_94' title='bbox 467 1376 748 1450; x_wconf 90' lang='lat' dir='ltr'>Nunquid</span> <span class='ocrx_word' id='word_1_95' title='bbox 780 1376 1033 1444; x_wconf 87' lang='lat' dir='ltr'>virgines</span> <span class='ocrx_word' id='word_1_96' title='bbox 1066 1374 1124 1428; x_wconf 92' lang='lat' dir='ltr'>in</span> <span class='ocrx_word' id='word_1_97' title='bbox 1155 1375 1309 1428; x_wconf 88' lang='lat' dir='ltr'>viros</span> <span class='ocrx_word' id='word_1_98' title='bbox 1329 1373 1609 1429; x_wconf 86' lang='lat' dir='ltr'>transfert</span> <span class='ocrx_word' id='word_1_99' title='bbox 1635 1374 1802 1427; x_wconf 91' lang='lat' dir='ltr'>Jesus</span> <span class='ocrx_word' id='word_1_100' title='bbox 1833 1372 1979 1428; x_wconf 78' lang='lat' dir='ltr'>iste?</span> <span class='ocrx_word' id='word_1_101' title='bbox 2016 1373 2116 1426; x_wconf 89' lang='lat' dir='ltr'>Mi-</span> 
     </span>
    </p>
   </div>
   <div class='ocr_carea' id='block_1_15' title="bbox 467 1462 2120 1536">
    <p class='ocr_par' dir='ltr' id='par_1_15' title="bbox 467 1462 2120 1536">
     <span class='ocr_line' id='line_1_15' title="bbox 467 1462 2120 1536; baseline -0.004 -15"><span class='ocrx_word' id='word_1_102' title='bbox 467 1467 552 1523; x_wconf 90' lang='lat' dir='ltr'>les</span> <span class='ocrx_word' id='word_1_103' title='bbox 581 1466 694 1530; x_wconf 90' lang='lat' dir='ltr'>ille,</span> <span class='ocrx_word' id='word_1_104' title='bbox 729 1464 831 1536; x_wconf 90' lang='lat' dir='ltr'>qui</span> <span class='ocrx_word' id='word_1_105' title='bbox 864 1470 997 1519; x_wconf 87' lang='lat' dir='ltr'>ante</span> <span class='ocrx_word' id='word_1_106' title='bbox 1024 1479 1115 1518; x_wconf 90' lang='lat' dir='ltr'>me</span> <span class='ocrx_word' id='word_1_107' title='bbox 1137 1463 1251 1518; x_wconf 88' lang='lat' dir='ltr'>huc</span> <span class='ocrx_word' id='word_1_108' title='bbox 1285 1462 1585 1530; x_wconf 87' lang='lat' dir='ltr'>ingressus</span> <span class='ocrx_word' id='word_1_109' title='bbox 1618 1468 1720 1525; x_wconf 89' lang='lat' dir='ltr'>est,</span> <span class='ocrx_word' id='word_1_110' title='bbox 1753 1463 1910 1517; x_wconf 81' lang='lat' dir='ltr'>exiit.</span> <span class='ocrx_word' id='word_1_111' title='bbox 1953 1462 2120 1526; x_wconf 86' lang='lat' dir='ltr'>Quis-</span> 
     </span>
    </p>
   </div>
   <div class='ocr_carea' id='block_1_16' title="bbox 469 1549 2117 1621">
    <p class='ocr_par' dir='ltr' id='par_1_16' title="bbox 469 1549 2117 1621">
     <span class='ocr_line' id='line_1_16' title="bbox 469 1549 2117 1621; baseline -0.005 -10"><span class='ocrx_word' id='word_1_112' title='bbox 469 1570 611 1612; x_wconf 86' lang='lat' dir='ltr'>nam</span> <span class='ocrx_word' id='word_1_113' title='bbox 634 1553 809 1621; x_wconf 87' lang='lat' dir='ltr'>igitur</span> <span class='ocrx_word' id='word_1_114' title='bbox 838 1552 931 1607; x_wconf 91' lang='lat' dir='ltr'>hic</span> <span class='ocrx_word' id='word_1_115' title='bbox 948 1557 1054 1618; x_wconf 91' lang='lat' dir='ltr'>est,</span> <span class='ocrx_word' id='word_1_116' title='bbox 1087 1550 1190 1621; x_wconf 89' lang='lat' dir='ltr'>qui</span> <span class='ocrx_word' id='word_1_117' title='bbox 1221 1549 1434 1604; x_wconf 80' lang='lat' dir='ltr'>sedet?</span> <span class='ocrx_word' id='word_1_118' title='bbox 1462 1549 1716 1604; x_wconf 90' lang='lat' dir='ltr'>Ubinam</span> <span class='ocrx_word' id='word_1_119' title='bbox 1771 1550 1939 1618; x_wconf 88' lang='lat' dir='ltr'>virgo</span> <span class='ocrx_word' id='word_1_120' title='bbox 1999 1550 2117 1615; x_wconf 90' lang='lat' dir='ltr'>illa,</span> 
     </span>
    </p>
   </div>
   <div class='ocr_carea' id='block_1_17' title="bbox 474 1638 2123 1714">
    <p class='ocr_par' dir='ltr' id='par_1_17' title="bbox 474 1638 2123 1714">
     <span class='ocr_line' id='line_1_17' title="bbox 474 1638 2123 1714; baseline -0.003 -17"><span class='ocrx_word' id='word_1_121' title='bbox 474 1659 610 1714; x_wconf 76' lang='lat' dir='ltr'>quae</span> <span class='ocrx_word' id='word_1_122' title='bbox 662 1641 762 1696; x_wconf 91' lang='lat' dir='ltr'>hic</span> <span class='ocrx_word' id='word_1_123' title='bbox 794 1639 1024 1695; x_wconf 92' lang='lat' dir='ltr'>inclusa</span> <span class='ocrx_word' id='word_1_124' title='bbox 1052 1638 1227 1693; x_wconf 84' lang='lat' dir='ltr'>erat?</span> <span class='ocrx_word' id='word_1_125' title='bbox 1271 1638 1477 1692; x_wconf 83' lang='lat' dir='ltr'>Audivi</span> <span class='ocrx_word' id='word_1_126' title='bbox 1527 1638 1848 1709; x_wconf 86' lang='lat' dir='ltr'>aliquando</span> <span class='ocrx_word' id='word_1_127' title='bbox 1901 1654 1936 1692; x_wconf 90' lang='lat' dir='ltr'>a</span> <span class='ocrx_word' id='word_1_128' title='bbox 1984 1641 2123 1692; x_wconf 91' lang='lat' dir='ltr'>Jesu</span> 
     </span>
    </p>
   </div>
   <div class='ocr_carea' id='block_1_18' title="bbox 2223 472 3904 555">
    <p class='ocr_par' dir='ltr' id='par_1_18' title="bbox 2223 472 3904 555">
     <span class='ocr_line' id='line_1_18' title="bbox 2223 472 3904 555; baseline -0.006 -17"><span class='ocrx_word' id='word_1_129' title='bbox 2223 484 2312 551; x_wconf 88' lang='lat' dir='ltr'>sit,</span> <span class='ocrx_word' id='word_1_130' title='bbox 2354 499 2537 555; x_wconf 88' lang='lat' dir='ltr'>quam</span> <span class='ocrx_word' id='word_1_131' title='bbox 2578 483 2733 536; x_wconf 90' lang='lat' dir='ltr'>Deus</span> <span class='ocrx_word' id='word_1_132' title='bbox 2765 480 2893 551; x_wconf 88' lang='lat' dir='ltr'>ipse</span> <span class='ocrx_word' id='word_1_133' title='bbox 2933 475 3304 533; x_wconf 91' lang='lat' dir='ltr'>incolumem</span> <span class='ocrx_word' id='word_1_134' title='bbox 3335 477 3390 528; x_wconf 89' lang='lat' dir='ltr'>et</span> <span class='ocrx_word' id='word_1_135' title='bbox 3414 489 3451 529; x_wconf 91' lang='lat' dir='ltr'>a</span> <span class='ocrx_word' id='word_1_136' title='bbox 3487 472 3626 529; x_wconf 91' lang='lat' dir='ltr'>labe</span> <span class='ocrx_word' id='word_1_137' title='bbox 3665 489 3904 545; x_wconf 87' lang='lat' dir='ltr'>puram</span> 
     </span>
    </p>
   </div>
   <div class='ocr_carea' id='block_1_19' title="bbox 2223 562 3905 641">
    <p class='ocr_par' dir='ltr' id='par_1_19' title="bbox 2223 562 3905 641">
     <span class='ocr_line' id='line_1_19' title="bbox 2223 562 3905 641; baseline -0.005 -14"><span class='ocrx_word' id='word_1_138' title='bbox 2223 572 2496 627; x_wconf 85' lang='lat' dir='ltr'>servavit.</span> <span class='ocrx_word' id='word_1_139' title='bbox 2544 575 2744 641; x_wconf 89' lang='lat' dir='ltr'>Itaque</span> <span class='ocrx_word' id='word_1_140' title='bbox 2782 568 2946 640; x_wconf 85' lang='lat' dir='ltr'>quod</span> <span class='ocrx_word' id='word_1_141' title='bbox 2988 566 3216 621; x_wconf 87' lang='lat' dir='ltr'>factum</span> <span class='ocrx_word' id='word_1_142' title='bbox 3256 568 3364 631; x_wconf 89' lang='lat' dir='ltr'>est,</span> <span class='ocrx_word' id='word_1_143' title='bbox 3406 578 3530 617; x_wconf 92' lang='lat' dir='ltr'>non</span> <span class='ocrx_word' id='word_1_144' title='bbox 3570 562 3736 632; x_wconf 89' lang='lat' dir='ltr'>mihi,</span> <span class='ocrx_word' id='word_1_145' title='bbox 3787 562 3905 618; x_wconf 90' lang='lat' dir='ltr'>sed</span> 
     </span>
    </p>
   </div>
   <div class='ocr_carea' id='block_1_20' title="bbox 2224 651 3902 732">
    <p class='ocr_par' dir='ltr' id='par_1_20' title="bbox 2224 651 3902 732">
     <span class='ocr_line' id='line_1_20' title="bbox 2224 651 3902 732; baseline -0.007 -16"><span class='ocrx_word' id='word_1_146' title='bbox 2224 663 2340 716; x_wconf 91' lang='lat' dir='ltr'>Deo</span> <span class='ocrx_word' id='word_1_147' title='bbox 2373 660 2484 732; x_wconf 91' lang='lat' dir='ltr'>ipsi</span> <span class='ocrx_word' id='word_1_148' title='bbox 2517 659 2707 714; x_wconf 89' lang='lat' dir='ltr'>tribuo</span> <span class='ocrx_word' id='word_1_149' title='bbox 2741 674 2754 723; x_wconf 90' lang='lat'><strong>;</strong></span> <span class='ocrx_word' id='word_1_150' title='bbox 2789 657 3079 728; x_wconf 90' lang='lat' dir='ltr'>quoniam</span> <span class='ocrx_word' id='word_1_151' title='bbox 3108 651 3446 707; x_wconf 90' lang='lat' dir='ltr'>secundum</span> <span class='ocrx_word' id='word_1_152' title='bbox 3475 651 3659 706; x_wconf 92' lang='lat' dir='ltr'>ﬁdem</span> <span class='ocrx_word' id='word_1_153' title='bbox 3701 652 3902 722; x_wconf 88' lang='lat' dir='ltr'>ipsius</span> 
     </span>
    </p>
   </div>
   <div class='ocr_carea' id='block_1_21' title="bbox 2225 739 3901 818">
    <p class='ocr_par' dir='ltr' id='par_1_21' title="bbox 2225 739 3901 818">
     <span class='ocr_line' id='line_1_21' title="bbox 2225 739 3901 818; baseline -0.005 -14"><span class='ocrx_word' id='word_1_154' title='bbox 2225 749 2453 804; x_wconf 88' lang='lat' dir='ltr'>fecitilli</span> <span class='ocrx_word' id='word_1_155' title='bbox 2481 742 3401 818; x_wconf 87' lang='lat' dir='ltr'>Deus,quemadmodumetipse</span> <span class='ocrx_word' id='word_1_156' title='bbox 3427 741 3608 810; x_wconf 86' lang='lat' dir='ltr'>nosti,</span> <span class='ocrx_word' id='word_1_157' title='bbox 3637 740 3685 795; x_wconf 90' lang='lat' dir='ltr'>si</span> <span class='ocrx_word' id='word_1_158' title='bbox 3715 739 3901 796; x_wconf 84' lang='lat' dir='ltr'>fateri</span> 
     </span>
    </p>
   </div>
   <div class='ocr_carea' id='block_1_22' title="bbox 2223 830 3904 906">
    <p class='ocr_par' dir='ltr' id='par_1_22' title="bbox 2223 830 3904 906">
     <span class='ocr_line' id='line_1_22' title="bbox 2223 830 3904 906; baseline -0.005 -13"><span class='ocrx_word' id='word_1_159' title='bbox 2223 839 2386 894; x_wconf 89' lang='lat' dir='ltr'>velis.</span> <span class='ocrx_word' id='word_1_160' title='bbox 2445 842 2602 893; x_wconf 91' lang='lat' dir='ltr'>Tunc</span> <span class='ocrx_word' id='word_1_161' title='bbox 2647 837 2728 892; x_wconf 92' lang='lat' dir='ltr'>ait</span> <span class='ocrx_word' id='word_1_162' title='bbox 2751 836 2979 906; x_wconf 85' lang='lat' dir='ltr'>judex:</span> <span class='ocrx_word' id='word_1_163' title='bbox 3024 833 3344 902; x_wconf 89' lang='lat' dir='ltr'>Cujusnam</span> <span class='ocrx_word' id='word_1_164' title='bbox 3375 831 3550 886; x_wconf 90' lang='lat' dir='ltr'>sortis</span> <span class='ocrx_word' id='word_1_165' title='bbox 3589 830 3780 886; x_wconf 91' lang='lat' dir='ltr'>homo</span> <span class='ocrx_word' id='word_1_166' title='bbox 3832 837 3904 885; x_wconf 84' lang='lat' dir='ltr'>tu</span> 
     </span>
    </p>
   </div>
   <div class='ocr_carea' id='block_1_23' title="bbox 2223 919 3904 995">
    <p class='ocr_par' dir='ltr' id='par_1_23' title="bbox 2223 919 3904 995">
     <span class='ocr_line' id='line_1_23' title="bbox 2223 919 3904 995; baseline -0.005 -13"><span class='ocrx_word' id='word_1_167' title='bbox 2223 944 2285 982; x_wconf 92' lang='lat' dir='ltr'>es</span> <span class='ocrx_word' id='word_1_168' title='bbox 2302 929 2328 982; x_wconf 91' lang='lat'><strong>?</strong></span> <span class='ocrx_word' id='word_1_169' title='bbox 2346 927 2724 991; x_wconf 89' lang='lat' dir='ltr'>Christianus,</span> <span class='ocrx_word' id='word_1_170' title='bbox 2781 924 2968 995; x_wconf 88' lang='lat' dir='ltr'>inquit</span> <span class='ocrx_word' id='word_1_171' title='bbox 2987 923 3291 993; x_wconf 90' lang='lat' dir='ltr'>Didymus,</span> <span class='ocrx_word' id='word_1_172' title='bbox 3310 935 3422 990; x_wconf 89' lang='lat' dir='ltr'>ego</span> <span class='ocrx_word' id='word_1_173' title='bbox 3446 935 3579 974; x_wconf 90' lang='lat' dir='ltr'>sum</span> <span class='ocrx_word' id='word_1_174' title='bbox 3603 935 3638 974; x_wconf 89' lang='lat' dir='ltr'>a</span> <span class='ocrx_word' id='word_1_175' title='bbox 3664 919 3904 975; x_wconf 84' lang='lat' dir='ltr'>Christo</span> 
     </span>
    </p>
   </div>
   <div class='ocr_carea' id='block_1_24' title="bbox 2222 1008 3906 1084">
    <p class='ocr_par' dir='ltr' id='par_1_24' title="bbox 2222 1008 3906 1084">
     <span class='ocr_line' id='line_1_24' title="bbox 2222 1008 3906 1084; baseline -0.005 -13"><span class='ocrx_word' id='word_1_176' title='bbox 2222 1016 2371 1071; x_wconf 90' lang='lat' dir='ltr'>liber</span> <span class='ocrx_word' id='word_1_177' title='bbox 2402 1016 2609 1070; x_wconf 86' lang='lat' dir='ltr'>factus.</span> <span class='ocrx_word' id='word_1_178' title='bbox 2641 1019 2706 1068; x_wconf 87' lang='lat' dir='ltr'>At</span> <span class='ocrx_word' id='word_1_179' title='bbox 2731 1014 2949 1084; x_wconf 85' lang='lat' dir='ltr'>judex:</span> <span class='ocrx_word' id='word_1_180' title='bbox 2979 1010 3242 1067; x_wconf 89' lang='lat' dir='ltr'>Cruciate</span> <span class='ocrx_word' id='word_1_181' title='bbox 3281 1010 3464 1064; x_wconf 91' lang='lat' dir='ltr'>istum</span> <span class='ocrx_word' id='word_1_182' title='bbox 3504 1008 3906 1064; x_wconf 85' lang='lat' dir='ltr'>vehementer</span> 
     </span>
    </p>
   </div>
   <div class='ocr_carea' id='block_1_25' title="bbox 2224 1098 3901 1173">
    <p class='ocr_par' dir='ltr' id='par_1_25' title="bbox 2224 1098 3901 1173">
     <span class='ocr_line' id='line_1_25' title="bbox 2224 1098 3901 1173; baseline -0.005 -13"><span class='ocrx_word' id='word_1_183' title='bbox 2224 1105 2462 1160; x_wconf 93' lang='lat' dir='ltr'>duobus</span> <span class='ocrx_word' id='word_1_184' title='bbox 2479 1104 2693 1172; x_wconf 90' lang='lat' dir='ltr'>modis,</span> <span class='ocrx_word' id='word_1_185' title='bbox 2715 1107 2956 1173; x_wconf 86' lang='lat' dir='ltr'>propter</span> <span class='ocrx_word' id='word_1_186' title='bbox 2978 1101 3106 1171; x_wconf 91' lang='lat' dir='ltr'>ejus</span> <span class='ocrx_word' id='word_1_187' title='bbox 3137 1098 3552 1170; x_wconf 87' lang='lat' dir='ltr'>petulantiam.</span> <span class='ocrx_word' id='word_1_188' title='bbox 3607 1099 3773 1164; x_wconf 89' lang='lat' dir='ltr'>Peto,</span> <span class='ocrx_word' id='word_1_189' title='bbox 3807 1099 3901 1153; x_wconf 85' lang='lat' dir='ltr'>in-</span> 
     </span>
    </p>
   </div>
   <div class='ocr_carea' id='block_1_26' title="bbox 2222 1186 3902 1264">
    <p class='ocr_par' dir='ltr' id='par_1_26' title="bbox 2222 1186 3902 1264">
     <span class='ocr_line' id='line_1_26' title="bbox 2222 1186 3902 1264; baseline -0.004 -17"><span class='ocrx_word' id='word_1_190' title='bbox 2222 1194 2350 1264; x_wconf 91' lang='lat' dir='ltr'>quit</span> <span class='ocrx_word' id='word_1_191' title='bbox 2369 1192 2679 1263; x_wconf 84' lang='lat' dir='ltr'>Didymus,</span> <span class='ocrx_word' id='word_1_192' title='bbox 2699 1194 2762 1246; x_wconf 91' lang='lat' dir='ltr'>ut</span> <span class='ocrx_word' id='word_1_193' title='bbox 2781 1189 2944 1262; x_wconf 92' lang='lat' dir='ltr'>quod</span> <span class='ocrx_word' id='word_1_194' title='bbox 2972 1189 3048 1244; x_wconf 89' lang='lat' dir='ltr'>ab</span> <span class='ocrx_word' id='word_1_195' title='bbox 3073 1186 3534 1258; x_wconf 88' lang='lat' dir='ltr'>imperatoribus</span> <span class='ocrx_word' id='word_1_196' title='bbox 3552 1187 3665 1242; x_wconf 90' lang='lat' dir='ltr'>tuis</span> <span class='ocrx_word' id='word_1_197' title='bbox 3682 1188 3902 1258; x_wconf 88' lang='lat' dir='ltr'>jussus</span> 
     </span>
    </p>
   </div>
   <div class='ocr_carea' id='block_1_27' title="bbox 2225 1275 3902 1350">
    <p class='ocr_par' dir='ltr' id='par_1_27' title="bbox 2225 1275 3902 1350">
     <span class='ocr_line' id='line_1_27' title="bbox 2225 1275 3902 1350; baseline -0.004 -14"><span class='ocrx_word' id='word_1_198' title='bbox 2225 1297 2306 1348; x_wconf 90' lang='lat' dir='ltr'>es,</span> <span class='ocrx_word' id='word_1_199' title='bbox 2336 1280 2598 1336; x_wconf 89' lang='lat' dir='ltr'>celeriter</span> <span class='ocrx_word' id='word_1_200' title='bbox 2621 1279 2926 1350; x_wconf 84' lang='lat' dir='ltr'>expedias.</span> <span class='ocrx_word' id='word_1_201' title='bbox 2958 1277 3058 1332; x_wconf 89' lang='lat' dir='ltr'>Cui</span> <span class='ocrx_word' id='word_1_202' title='bbox 3080 1275 3267 1347; x_wconf 83' lang='lat' dir='ltr'>judex</span> <span class='ocrx_word' id='word_1_203' title='bbox 3314 1292 3326 1329; x_wconf 91' lang='lat'>:</span> <span class='ocrx_word' id='word_1_204' title='bbox 3372 1275 3480 1329; x_wconf 91' lang='lat' dir='ltr'>Per</span> <span class='ocrx_word' id='word_1_205' title='bbox 3515 1275 3660 1330; x_wconf 92' lang='lat' dir='ltr'>deos</span> <span class='ocrx_word' id='word_1_206' title='bbox 3690 1275 3902 1346; x_wconf 85' lang='lat' dir='ltr'>dupli-</span> 
     </span>
    </p>
   </div>
   <div class='ocr_carea' id='block_1_28' title="bbox 2226 1363 3900 1439">
    <p class='ocr_par' dir='ltr' id='par_1_28' title="bbox 2226 1363 3900 1439">
     <span class='ocr_line' id='line_1_28' title="bbox 2226 1363 3900 1439; baseline -0.004 -14"><span class='ocrx_word' id='word_1_207' title='bbox 2226 1371 2316 1425; x_wconf 90' lang='lat' dir='ltr'>cia</span> <span class='ocrx_word' id='word_1_208' title='bbox 2349 1373 2647 1425; x_wconf 88' lang='lat' dir='ltr'>tormenta</span> <span class='ocrx_word' id='word_1_209' title='bbox 2665 1368 2770 1424; x_wconf 79' lang='lat' dir='ltr'>tibi</span> <span class='ocrx_word' id='word_1_210' title='bbox 2802 1367 3062 1439; x_wconf 88' lang='lat' dir='ltr'>reposita</span> <span class='ocrx_word' id='word_1_211' title='bbox 3094 1370 3231 1419; x_wconf 90' lang='lat' dir='ltr'>sunt</span> <span class='ocrx_word' id='word_1_212' title='bbox 3255 1363 3367 1419; x_wconf 92' lang='lat' dir='ltr'>nisi</span> <span class='ocrx_word' id='word_1_213' title='bbox 3393 1364 3507 1418; x_wconf 90' lang='lat' dir='ltr'>diis</span> <span class='ocrx_word' id='word_1_214' title='bbox 3532 1363 3678 1435; x_wconf 91' lang='lat' dir='ltr'>ipsis</span> <span class='ocrx_word' id='word_1_215' title='bbox 3711 1364 3900 1420; x_wconf 90' lang='lat' dir='ltr'>sacri-</span> 
     </span>
    </p>
   </div>
   <div class='ocr_carea' id='block_1_29' title="bbox 2226 1453 3902 1526">
    <p class='ocr_par' dir='ltr' id='par_1_29' title="bbox 2226 1453 3902 1526">
     <span class='ocr_line' id='line_1_29' title="bbox 2226 1453 3902 1526; baseline -0.004 -12"><span class='ocrx_word' id='word_1_216' title='bbox 2226 1460 2388 1514; x_wconf 88' lang='lat' dir='ltr'>ﬁces.</span> <span class='ocrx_word' id='word_1_217' title='bbox 2423 1458 2592 1522; x_wconf 88' lang='lat' dir='ltr'>Quod</span> <span class='ocrx_word' id='word_1_218' title='bbox 2617 1457 2663 1510; x_wconf 92' lang='lat' dir='ltr'>si</span> <span class='ocrx_word' id='word_1_219' title='bbox 2697 1457 2923 1519; x_wconf 88' lang='lat' dir='ltr'>feceris,</span> <span class='ocrx_word' id='word_1_220' title='bbox 2951 1457 3113 1526; x_wconf 89' lang='lat' dir='ltr'>prius</span> <span class='ocrx_word' id='word_1_221' title='bbox 3152 1454 3296 1508; x_wconf 93' lang='lat' dir='ltr'>illud</span> <span class='ocrx_word' id='word_1_222' title='bbox 3337 1453 3571 1508; x_wconf 87' lang='lat' dir='ltr'>facinus</span> <span class='ocrx_word' id='word_1_223' title='bbox 3589 1457 3759 1508; x_wconf 90' lang='lat' dir='ltr'>tuum</span> <span class='ocrx_word' id='word_1_224' title='bbox 3791 1470 3902 1508; x_wconf 89' lang='lat' dir='ltr'>au-</span> 
     </span>
    </p>
   </div>
   <div class='ocr_carea' id='block_1_30' title="bbox 2230 1542 3899 1615">
    <p class='ocr_par' dir='ltr' id='par_1_30' title="bbox 2230 1542 3899 1615">
     <span class='ocr_line' id='line_1_30' title="bbox 2230 1542 3899 1615; baseline -0.003 -13"><span class='ocrx_word' id='word_1_225' title='bbox 2230 1548 2347 1602; x_wconf 86' lang='lat' dir='ltr'>dax</span> <span class='ocrx_word' id='word_1_226' title='bbox 2374 1545 2832 1601; x_wconf 86' lang='lat' dir='ltr'>condonabitur.</span> <span class='ocrx_word' id='word_1_227' title='bbox 2852 1547 2992 1613; x_wconf 89' lang='lat' dir='ltr'>Ego,</span> <span class='ocrx_word' id='word_1_228' title='bbox 3018 1544 3207 1615; x_wconf 88' lang='lat' dir='ltr'>inquit</span> <span class='ocrx_word' id='word_1_229' title='bbox 3229 1543 3543 1614; x_wconf 85' lang='lat' dir='ltr'>Didymus,</span> <span class='ocrx_word' id='word_1_230' title='bbox 3571 1543 3767 1614; x_wconf 90' lang='lat' dir='ltr'>reipsa</span> <span class='ocrx_word' id='word_1_231' title='bbox 3785 1542 3899 1598; x_wconf 86' lang='lat' dir='ltr'>tibi</span> 
     </span>
    </p>
   </div>
   <div class='ocr_carea' id='block_1_31' title="bbox 2231 1630 3897 1702">
    <p class='ocr_par' dir='ltr' id='par_1_31' title="bbox 2231 1630 3897 1702">
     <span class='ocr_line' id='line_1_31' title="bbox 2231 1630 3897 1702; baseline -0.002 -12"><span class='ocrx_word' id='word_1_232' title='bbox 2231 1634 2483 1699; x_wconf 90' lang='lat' dir='ltr'>ostendi,</span> <span class='ocrx_word' id='word_1_233' title='bbox 2520 1649 2614 1688; x_wconf 92' lang='lat' dir='ltr'>me</span> <span class='ocrx_word' id='word_1_234' title='bbox 2643 1633 2744 1688; x_wconf 88' lang='lat' dir='ltr'>Dei</span> <span class='ocrx_word' id='word_1_235' title='bbox 2768 1633 3051 1687; x_wconf 85' lang='lat' dir='ltr'>athletam</span> <span class='ocrx_word' id='word_1_236' title='bbox 3073 1647 3202 1686; x_wconf 88' lang='lat' dir='ltr'>esse</span> <span class='ocrx_word' id='word_1_237' title='bbox 3228 1648 3239 1686; x_wconf 92' lang='lat'><strong>:</strong></span> <span class='ocrx_word' id='word_1_238' title='bbox 3267 1635 3508 1702; x_wconf 89' lang='lat' dir='ltr'>propter</span> <span class='ocrx_word' id='word_1_239' title='bbox 3529 1630 3710 1686; x_wconf 88' lang='lat' dir='ltr'>ﬁnem</span> <span class='ocrx_word' id='word_1_240' title='bbox 3728 1632 3897 1686; x_wconf 91' lang='lat' dir='ltr'>enim</span> 
     </span>
    </p>
   </div>
   <div class='ocr_carea' id='block_1_32' title="bbox 471 1719 3898 1804">
    <p class='ocr_par' dir='ltr' id='par_1_32' title="bbox 471 1719 3898 1804">
     <span class='ocr_line' id='line_1_32' title="bbox 471 1719 3898 1804; baseline -0.003 -18"><span class='ocrx_word' id='word_1_241' title='bbox 471 1731 603 1804; x_wconf 91' lang='lat' dir='ltr'>ipso</span> <span class='ocrx_word' id='word_1_242' title='bbox 625 1746 830 1800; x_wconf 89' lang='lat' dir='ltr'>aquam</span> <span class='ocrx_word' id='word_1_243' title='bbox 852 1729 910 1783; x_wconf 92' lang='lat' dir='ltr'>in</span> <span class='ocrx_word' id='word_1_244' title='bbox 932 1728 1131 1782; x_wconf 89' lang='lat' dir='ltr'>vinum</span> <span class='ocrx_word' id='word_1_245' title='bbox 1155 1742 1538 1782; x_wconf 89' lang='lat' dir='ltr'>conversam:</span> <span class='ocrx_word' id='word_1_246' title='bbox 1561 1743 1718 1782; x_wconf 90' lang='lat' dir='ltr'>nunc</span> <span class='ocrx_word' id='word_1_247' title='bbox 1740 1729 1928 1797; x_wconf 85' lang='lat' dir='ltr'>majus</span> <span class='ocrx_word' id='word_1_248' title='bbox 1949 1728 2121 1799; x_wconf 83' lang='lat' dir='ltr'>quid-</span> <span class='ocrx_word' id='word_1_249' title='bbox 2159 1744 2201 1798; x_wconf 76' lang='grc' dir='ltr'>Β</span> <span class='ocrx_word' id='word_1_250' title='bbox 2233 1724 2381 1779; x_wconf 88' lang='lat' dir='ltr'>mihi</span> <span class='ocrx_word' id='word_1_251' title='bbox 2405 1725 2727 1793; x_wconf 90' lang='lat' dir='ltr'>repositum</span> <span class='ocrx_word' id='word_1_252' title='bbox 2753 1722 2867 1776; x_wconf 92' lang='lat' dir='ltr'>hoc</span> <span class='ocrx_word' id='word_1_253' title='bbox 2888 1721 3081 1775; x_wconf 86' lang='lat' dir='ltr'>facere</span> <span class='ocrx_word' id='word_1_254' title='bbox 3107 1735 3424 1791; x_wconf 85' lang='lat' dir='ltr'>aggressus</span> <span class='ocrx_word' id='word_1_255' title='bbox 3442 1720 3545 1785; x_wconf 85' lang='lat' dir='ltr'>fui,</span> <span class='ocrx_word' id='word_1_256' title='bbox 3568 1725 3627 1776; x_wconf 93' lang='lat' dir='ltr'>ut</span> <span class='ocrx_word' id='word_1_257' title='bbox 3649 1726 3704 1775; x_wconf 93' lang='lat' dir='ltr'>et</span> <span class='ocrx_word' id='word_1_258' title='bbox 3725 1719 3898 1790; x_wconf 87' lang='lat' dir='ltr'>virgo</span> 
     </span>
    </p>
   </div>
   <div class='ocr_carea' id='block_1_33' title="bbox 471 1815 2125 1884">
    <p class='ocr_par' dir='ltr' id='par_1_33' title="bbox 471 1815 2125 1884">
     <span class='ocr_line' id='line_1_33' title="bbox 471 1815 2125 1884; baseline -0.002 -10"><span class='ocrx_word' id='word_1_259' title='bbox 471 1820 608 1874; x_wconf 88' lang='lat' dir='ltr'>dam</span> <span class='ocrx_word' id='word_1_260' title='bbox 646 1817 816 1873; x_wconf 91' lang='lat' dir='ltr'>video</span> <span class='ocrx_word' id='word_1_261' title='bbox 847 1835 859 1872; x_wconf 93' lang='lat'><strong>:</strong></span> <span class='ocrx_word' id='word_1_262' title='bbox 905 1816 1193 1884; x_wconf 88' lang='lat' dir='ltr'>virginem</span> <span class='ocrx_word' id='word_1_263' title='bbox 1226 1815 1377 1869; x_wconf 89' lang='lat' dir='ltr'>enim</span> <span class='ocrx_word' id='word_1_264' title='bbox 1411 1815 1471 1869; x_wconf 94' lang='lat' dir='ltr'>in</span> <span class='ocrx_word' id='word_1_265' title='bbox 1510 1816 1700 1869; x_wconf 89' lang='lat' dir='ltr'>virum</span> <span class='ocrx_word' id='word_1_266' title='bbox 1753 1817 2015 1871; x_wconf 88' lang='lat' dir='ltr'>mutavit.</span> <span class='ocrx_word' id='word_1_267' title='bbox 2040 1816 2125 1871; x_wconf 90' lang='lat' dir='ltr'>Ti-</span> 
     </span>
    </p>
   </div>
   <div class='ocr_carea' id='block_1_34' title="bbox 470 1904 2123 1964">
    <p class='ocr_par' dir='ltr' id='par_1_34' title="bbox 470 1904 2123 1964">
     <span class='ocr_line' id='line_1_34' title="bbox 470 1904 2123 1964; baseline -0.002 -1"><span class='ocrx_word' id='word_1_268' title='bbox 470 1924 606 1964; x_wconf 90' lang='lat' dir='ltr'>meo</span> <span class='ocrx_word' id='word_1_269' title='bbox 638 1923 708 1962; x_wconf 91' lang='lat' dir='ltr'>ne</span> <span class='ocrx_word' id='word_1_270' title='bbox 740 1911 792 1960; x_wconf 90' lang='lat' dir='ltr'>et</span> <span class='ocrx_word' id='word_1_271' title='bbox 821 1921 914 1960; x_wconf 91' lang='lat' dir='ltr'>me</span> <span class='ocrx_word' id='word_1_272' title='bbox 937 1906 996 1960; x_wconf 92' lang='lat' dir='ltr'>in</span> <span class='ocrx_word' id='word_1_273' title='bbox 1025 1904 1334 1959; x_wconf 82' lang='lat' dir='ltr'>mulierem</span> <span class='ocrx_word' id='word_1_274' title='bbox 1358 1908 1677 1959; x_wconf 86' lang='lat' dir='ltr'>convertat.</span> <span class='ocrx_word' id='word_1_275' title='bbox 1702 1904 1798 1958; x_wconf 90' lang='lat' dir='ltr'>Ille</span> <span class='ocrx_word' id='word_1_276' title='bbox 1822 1921 1959 1959; x_wconf 91' lang='lat' dir='ltr'>vero</span> <span class='ocrx_word' id='word_1_277' title='bbox 1986 1921 2123 1960; x_wconf 92' lang='lat' dir='ltr'>cum</span> 
     </span>
    </p>
   </div>
   <div class='ocr_carea' id='block_1_35' title="bbox 472 1992 2125 2068">
    <p class='ocr_par' dir='ltr' id='par_1_35' title="bbox 472 1992 2125 2068">
     <span class='ocr_line' id='line_1_35' title="bbox 472 1992 2125 2068; baseline -0.002 -16"><span class='ocrx_word' id='word_1_278' title='bbox 472 2000 811 2068; x_wconf 90' lang='lat' dir='ltr'>opportune</span> <span class='ocrx_word' id='word_1_279' title='bbox 852 2010 1112 2049; x_wconf 88' lang='lat' dir='ltr'>sororem</span> <span class='ocrx_word' id='word_1_280' title='bbox 1156 1993 1490 2064; x_wconf 89' lang='lat' dir='ltr'>eripuisset,</span> <span class='ocrx_word' id='word_1_281' title='bbox 1525 1992 1748 2047; x_wconf 89' lang='lat' dir='ltr'>factum</span> <span class='ocrx_word' id='word_1_282' title='bbox 1801 2010 1980 2048; x_wconf 92' lang='lat' dir='ltr'>suum</span> <span class='ocrx_word' id='word_1_283' title='bbox 2006 2010 2125 2048; x_wconf 91' lang='lat' dir='ltr'>non</span> 
     </span>
    </p>
   </div>
   <div class='ocr_carea' id='block_1_36' title="bbox 472 2082 2124 2154">
    <p class='ocr_par' dir='ltr' id='par_1_36' title="bbox 472 2082 2124 2154">
     <span class='ocr_line' id='line_1_36' title="bbox 472 2082 2124 2154; baseline -0.003 -13"><span class='ocrx_word' id='word_1_284' title='bbox 472 2083 791 2141; x_wconf 88' lang='lat' dir='ltr'>occultavit</span> <span class='ocrx_word' id='word_1_285' title='bbox 832 2103 843 2136; x_wconf 91' lang='lat'><strong>:</strong></span> <span class='ocrx_word' id='word_1_286' title='bbox 878 2083 984 2137; x_wconf 92' lang='lat' dir='ltr'>sed</span> <span class='ocrx_word' id='word_1_287' title='bbox 1024 2082 1184 2138; x_wconf 89' lang='lat' dir='ltr'>clara</span> <span class='ocrx_word' id='word_1_288' title='bbox 1217 2097 1358 2137; x_wconf 93' lang='lat' dir='ltr'>voce</span> <span class='ocrx_word' id='word_1_289' title='bbox 1392 2104 1404 2135; x_wconf 86' lang='lat'><strong>:</strong></span> <span class='ocrx_word' id='word_1_290' title='bbox 1457 2084 1581 2136; x_wconf 89' lang='lat' dir='ltr'>Non</span> <span class='ocrx_word' id='word_1_291' title='bbox 1622 2083 1892 2147; x_wconf 89' lang='lat' dir='ltr'>mutavit,</span> <span class='ocrx_word' id='word_1_292' title='bbox 1914 2084 2124 2154; x_wconf 87' lang='lat' dir='ltr'>inquit,</span> 
     </span>
    </p>
   </div>
   <div class='ocr_carea' id='block_1_37' title="bbox 475 2170 2122 2236">
    <p class='ocr_par' dir='ltr' id='par_1_37' title="bbox 475 2170 2122 2236">
     <span class='ocr_line' id='line_1_37' title="bbox 475 2170 2122 2236; baseline -0.002 -7"><span class='ocrx_word' id='word_1_293' title='bbox 475 2190 570 2230; x_wconf 91' lang='lat' dir='ltr'>me</span> <span class='ocrx_word' id='word_1_294' title='bbox 614 2173 919 2236; x_wconf 89' lang='lat' dir='ltr'>Dominus,</span> <span class='ocrx_word' id='word_1_295' title='bbox 970 2171 1072 2226; x_wconf 91' lang='lat' dir='ltr'>sed</span> <span class='ocrx_word' id='word_1_296' title='bbox 1111 2175 1164 2226; x_wconf 90' lang='lat' dir='ltr'>et</span> <span class='ocrx_word' id='word_1_297' title='bbox 1205 2171 1347 2225; x_wconf 90' lang='lat' dir='ltr'>mihi</span> <span class='ocrx_word' id='word_1_298' title='bbox 1379 2175 1434 2225; x_wconf 90' lang='lat' dir='ltr'>et</span> <span class='ocrx_word' id='word_1_299' title='bbox 1473 2170 1554 2225; x_wconf 89' lang='lat' dir='ltr'>illi</span> <span class='ocrx_word' id='word_1_300' title='bbox 1594 2186 1880 2226; x_wconf 88' lang='lat' dir='ltr'>coronam</span> <span class='ocrx_word' id='word_1_301' title='bbox 1947 2172 2122 2227; x_wconf 88' lang='lat' dir='ltr'>dedit.</span> 
     </span>
    </p>
   </div>
   <div class='ocr_carea' id='block_1_38' title="bbox 476 2259 2127 2332">
    <p class='ocr_par' dir='ltr' id='par_1_38' title="bbox 476 2259 2127 2332">
     <span class='ocr_line' id='line_1_38' title="bbox 476 2259 2127 2332; baseline 0 -16"><span class='ocrx_word' id='word_1_302' title='bbox 476 2264 666 2328; x_wconf 87' lang='lat' dir='ltr'>Quam</span> <span class='ocrx_word' id='word_1_303' title='bbox 698 2260 874 2330; x_wconf 86' lang='lat' dir='ltr'>igitur</span> <span class='ocrx_word' id='word_1_304' title='bbox 901 2259 1234 2324; x_wconf 88' lang='lat' dir='ltr'>habebatis,</span> <span class='ocrx_word' id='word_1_305' title='bbox 1267 2274 1399 2313; x_wconf 92' lang='lat' dir='ltr'>eam</span> <span class='ocrx_word' id='word_1_306' title='bbox 1431 2274 1548 2313; x_wconf 90' lang='lat' dir='ltr'>non</span> <span class='ocrx_word' id='word_1_307' title='bbox 1573 2259 1804 2314; x_wconf 91' lang='lat' dir='ltr'>habetis</span> <span class='ocrx_word' id='word_1_308' title='bbox 1847 2282 1858 2324; x_wconf 86' lang='lat'><strong>;</strong></span> <span class='ocrx_word' id='word_1_309' title='bbox 1904 2261 2127 2332; x_wconf 88' lang='lat' dir='ltr'>quique</span> 
     </span>
    </p>
   </div>
   <div class='ocr_carea' id='block_1_39' title="bbox 473 2347 2122 2420">
    <p class='ocr_par' dir='ltr' id='par_1_39' title="bbox 473 2347 2122 2420">
     <span class='ocr_line' id='line_1_39' title="bbox 473 2347 2122 2420; baseline 0 -16"><span class='ocrx_word' id='word_1_310' title='bbox 473 2349 643 2404; x_wconf 91' lang='lat' dir='ltr'>vobis</span> <span class='ocrx_word' id='word_1_311' title='bbox 695 2364 816 2403; x_wconf 92' lang='lat' dir='ltr'>non</span> <span class='ocrx_word' id='word_1_312' title='bbox 874 2352 1016 2413; x_wconf 92' lang='lat' dir='ltr'>erat,</span> <span class='ocrx_word' id='word_1_313' title='bbox 1073 2363 1210 2402; x_wconf 91' lang='lat' dir='ltr'>eum</span> <span class='ocrx_word' id='word_1_314' title='bbox 1265 2363 1423 2402; x_wconf 92' lang='lat' dir='ltr'>nunc</span> <span class='ocrx_word' id='word_1_315' title='bbox 1476 2347 1724 2403; x_wconf 85' lang='lat' dir='ltr'>habetis.</span> <span class='ocrx_word' id='word_1_316' title='bbox 1783 2349 1959 2420; x_wconf 91' lang='lat' dir='ltr'>Virgo</span> <span class='ocrx_word' id='word_1_317' title='bbox 2004 2349 2122 2415; x_wconf 90' lang='lat' dir='ltr'>illa,</span> 
     </span>
    </p>
   </div>
   <div class='ocr_carea' id='block_1_40' title="bbox 475 2435 2128 2506">
    <p class='ocr_par' dir='ltr' id='par_1_40' title="bbox 475 2435 2128 2506">
     <span class='ocr_line' id='line_1_40' title="bbox 475 2435 2128 2506; baseline -0.001 -13"><span class='ocrx_word' id='word_1_318' title='bbox 475 2438 643 2506; x_wconf 90' lang='lat' dir='ltr'>virgo</span> <span class='ocrx_word' id='word_1_319' title='bbox 672 2442 778 2502; x_wconf 92' lang='lat' dir='ltr'>est,</span> <span class='ocrx_word' id='word_1_320' title='bbox 812 2442 874 2491; x_wconf 90' lang='lat' dir='ltr'>ut</span> <span class='ocrx_word' id='word_1_321' title='bbox 903 2441 1096 2502; x_wconf 88' lang='lat' dir='ltr'>antea,</span> <span class='ocrx_word' id='word_1_322' title='bbox 1123 2436 1294 2491; x_wconf 92' lang='lat' dir='ltr'>miles</span> <span class='ocrx_word' id='word_1_323' title='bbox 1322 2452 1460 2490; x_wconf 92' lang='lat' dir='ltr'>vero</span> <span class='ocrx_word' id='word_1_324' title='bbox 1489 2435 1698 2491; x_wconf 87' lang='lat' dir='ltr'>Chritis</span> <span class='ocrx_word' id='word_1_325' title='bbox 1730 2437 1864 2492; x_wconf 84' lang='lat' dir='ltr'>Jesu</span> <span class='ocrx_word' id='word_1_326' title='bbox 1908 2437 2128 2493; x_wconf 87' lang='lat' dir='ltr'>athleta</span> 
     </span>
    </p>
   </div>
   <div class='ocr_carea' id='block_1_41' title="bbox 476 2530 772 2582">
    <p class='ocr_par' dir='ltr' id='par_1_41' title="bbox 476 2530 772 2582">
     <span class='ocr_line' id='line_1_41' title="bbox 476 2530 772 2582; baseline -0.01 -1"><span class='ocrx_word' id='word_1_327' title='bbox 476 2542 637 2582; x_wconf 90' lang='lat' dir='ltr'>nunc</span> <span class='ocrx_word' id='word_1_328' title='bbox 667 2530 772 2581; x_wconf 89' lang='lat' dir='ltr'>est.</span> 
     </span>
    </p>
   </div>
   <div class='ocr_carea' id='block_1_42' title="bbox 545 2612 2129 2684">
    <p class='ocr_par' dir='ltr' id='par_1_42' title="bbox 545 2612 2129 2684">
     <span class='ocr_line' id='line_1_42' title="bbox 545 2612 2129 2684; baseline -0.001 -15"><span class='ocrx_word' id='word_1_329' title='bbox 545 2615 685 2670; x_wconf 92' lang='lat' dir='ltr'>Vlll.</span> <span class='ocrx_word' id='word_1_330' title='bbox 728 2617 1007 2682; x_wconf 87' lang='lat' dir='ltr'>Egressus</span> <span class='ocrx_word' id='word_1_331' title='bbox 1045 2613 1241 2681; x_wconf 88' lang='lat' dir='ltr'>igitur,</span> <span class='ocrx_word' id='word_1_332' title='bbox 1282 2612 1385 2683; x_wconf 90' lang='lat' dir='ltr'>qui</span> <span class='ocrx_word' id='word_1_333' title='bbox 1428 2613 1616 2668; x_wconf 88' lang='lat' dir='ltr'>fuerat</span> <span class='ocrx_word' id='word_1_334' title='bbox 1651 2614 1831 2684; x_wconf 92' lang='lat' dir='ltr'>paulo</span> <span class='ocrx_word' id='word_1_335' title='bbox 1872 2620 2006 2669; x_wconf 91' lang='lat' dir='ltr'>ante</span> <span class='ocrx_word' id='word_1_336' title='bbox 2045 2614 2129 2668; x_wconf 90' lang='lat' dir='ltr'>in-</span> 
     </span>
    </p>
   </div>
   <div class='ocr_carea' id='block_1_43' title="bbox 479 2700 2125 2773">
    <p class='ocr_par' dir='ltr' id='par_1_43' title="bbox 479 2700 2125 2773">
     <span class='ocr_line' id='line_1_43' title="bbox 479 2700 2125 2773; baseline 0 -15"><span class='ocrx_word' id='word_1_337' title='bbox 479 2718 736 2773; x_wconf 79' lang='lat' dir='ltr'>gressus,</span> <span class='ocrx_word' id='word_1_338' title='bbox 771 2702 935 2772; x_wconf 90' lang='lat' dir='ltr'>quod</span> <span class='ocrx_word' id='word_1_339' title='bbox 967 2700 1186 2756; x_wconf 86' lang='lat' dir='ltr'>factum</span> <span class='ocrx_word' id='word_1_340' title='bbox 1218 2706 1363 2766; x_wconf 88' lang='lat' dir='ltr'>erat,</span> <span class='ocrx_word' id='word_1_341' title='bbox 1397 2701 1708 2756; x_wconf 88' lang='lat' dir='ltr'>nuntiavit.</span> <span class='ocrx_word' id='word_1_342' title='bbox 1734 2702 1796 2755; x_wconf 96' lang='lat' dir='ltr'>Id</span> <span class='ocrx_word' id='word_1_343' title='bbox 1822 2704 2125 2773; x_wconf 89' lang='lat' dir='ltr'>autemju-</span> 
     </span>
    </p>
   </div>
   <div class='ocr_carea' id='block_1_44' title="bbox 480 2788 2124 2859">
    <p class='ocr_par' dir='ltr' id='par_1_44' title="bbox 480 2788 2124 2859">
     <span class='ocr_line' id='line_1_44' title="bbox 480 2788 2124 2859; baseline 0.001 -14"><span class='ocrx_word' id='word_1_344' title='bbox 480 2790 595 2845; x_wconf 84' lang='lat' dir='ltr'>dex</span> <span class='ocrx_word' id='word_1_345' title='bbox 625 2791 895 2854; x_wconf 89' lang='lat' dir='ltr'>audiens,</span> <span class='ocrx_word' id='word_1_346' title='bbox 925 2788 1102 2859; x_wconf 90' lang='lat' dir='ltr'>jussit</span> <span class='ocrx_word' id='word_1_347' title='bbox 1135 2805 1271 2843; x_wconf 90' lang='lat' dir='ltr'>eum</span> <span class='ocrx_word' id='word_1_348' title='bbox 1300 2794 1433 2843; x_wconf 89' lang='lat' dir='ltr'>ante</span> <span class='ocrx_word' id='word_1_349' title='bbox 1467 2789 1721 2844; x_wconf 89' lang='lat' dir='ltr'>tribunal</span> <span class='ocrx_word' id='word_1_350' title='bbox 1757 2790 1902 2845; x_wconf 90' lang='lat' dir='ltr'>sisti.</span> <span class='ocrx_word' id='word_1_351' title='bbox 1944 2793 2124 2857; x_wconf 85' lang='lat' dir='ltr'>Quem</span> 
     </span>
    </p>
   </div>
   <div class='ocr_carea' id='block_1_45' title="bbox 480 2876 2124 2951">
    <p class='ocr_par' dir='ltr' id='par_1_45' title="bbox 480 2876 2124 2951">
     <span class='ocr_line' id='line_1_45' title="bbox 480 2876 2124 2951; baseline 0.001 -18"><span class='ocrx_word' id='word_1_352' title='bbox 480 2885 833 2951; x_wconf 69' lang='lat' dir='ltr'>praesentem</span> <span class='ocrx_word' id='word_1_353' title='bbox 871 2894 1008 2932; x_wconf 93' lang='lat' dir='ltr'>cum</span> <span class='ocrx_word' id='word_1_354' title='bbox 1048 2876 1310 2944; x_wconf 89' lang='lat' dir='ltr'>vidisset,</span> <span class='ocrx_word' id='word_1_355' title='bbox 1356 2893 1492 2932; x_wconf 91' lang='lat' dir='ltr'>eum</span> <span class='ocrx_word' id='word_1_356' title='bbox 1534 2880 1905 2948; x_wconf 86' lang='lat' dir='ltr'>interrogans</span> <span class='ocrx_word' id='word_1_357' title='bbox 1968 2881 2050 2937; x_wconf 91' lang='lat' dir='ltr'>ait</span> <span class='ocrx_word' id='word_1_358' title='bbox 2113 2899 2124 2934; x_wconf 88' lang='lat'><strong>:</strong></span> 
     </span>
    </p>
   </div>
   <div class='ocr_carea' id='block_1_46' title="bbox 483 2966 2124 3040">
    <p class='ocr_par' dir='ltr' id='par_1_46' title="bbox 483 2966 2124 3040">
     <span class='ocr_line' id='line_1_46' title="bbox 483 2966 2124 3040; baseline 0.004 -20"><span class='ocrx_word' id='word_1_359' title='bbox 483 2967 795 3033; x_wconf 87' lang='lat' dir='ltr'>Quodnam</span> <span class='ocrx_word' id='word_1_360' title='bbox 827 2966 926 3020; x_wconf 87' lang='lat' dir='ltr'>tibi</span> <span class='ocrx_word' id='word_1_361' title='bbox 959 2981 1171 3021; x_wconf 89' lang='lat' dir='ltr'>nomen</span> <span class='ocrx_word' id='word_1_362' title='bbox 1202 2972 1291 3021; x_wconf 90' lang='lat' dir='ltr'>est</span> <span class='ocrx_word' id='word_1_363' title='bbox 1342 2967 1368 3020; x_wconf 87' lang='lat'><strong>?</strong></span> <span class='ocrx_word' id='word_1_364' title='bbox 1413 2966 1714 3037; x_wconf 88' lang='lat' dir='ltr'>Didymus,</span> <span class='ocrx_word' id='word_1_365' title='bbox 1771 2969 1956 3040; x_wconf 90' lang='lat' dir='ltr'>inquit</span> <span class='ocrx_word' id='word_1_366' title='bbox 2012 2971 2124 3036; x_wconf 91' lang='lat' dir='ltr'>ille,</span> 
     </span>
    </p>
   </div>
   <div class='ocr_carea' id='block_1_47' title="bbox 480 3053 2128 3129">
    <p class='ocr_par' dir='ltr' id='par_1_47' title="bbox 480 3053 2128 3129">
     <span class='ocr_line' id='line_1_47' title="bbox 480 3053 2128 3129; baseline 0.002 -19"><span class='ocrx_word' id='word_1_367' title='bbox 480 3069 592 3124; x_wconf 87' lang='lat' dir='ltr'>ego</span> <span class='ocrx_word' id='word_1_368' title='bbox 624 3053 912 3126; x_wconf 88' lang='lat' dir='ltr'>appellor.</span> <span class='ocrx_word' id='word_1_369' title='bbox 939 3057 1087 3110; x_wconf 90' lang='lat' dir='ltr'>Tum</span> <span class='ocrx_word' id='word_1_370' title='bbox 1113 3053 1299 3124; x_wconf 85' lang='lat' dir='ltr'>judex</span> <span class='ocrx_word' id='word_1_371' title='bbox 1335 3071 1346 3108; x_wconf 94' lang='lat'>:</span> <span class='ocrx_word' id='word_1_372' title='bbox 1371 3056 1724 3126; x_wconf 89' lang='lat' dir='ltr'>thuisnam</span> <span class='ocrx_word' id='word_1_373' title='bbox 1753 3057 1855 3112; x_wconf 90' lang='lat' dir='ltr'>tibi</span> <span class='ocrx_word' id='word_1_374' title='bbox 1884 3075 2128 3129; x_wconf 87' lang='lat' dir='ltr'>sugges-</span> 
     </span>
    </p>
   </div>
   <div class='ocr_carea' id='block_1_48' title="bbox 482 3141 2124 3208">
    <p class='ocr_par' dir='ltr' id='par_1_48' title="bbox 482 3141 2124 3208">
     <span class='ocr_line' id='line_1_48' title="bbox 482 3141 2124 3208; baseline 0.004 -10"><span class='ocrx_word' id='word_1_375' title='bbox 482 3142 576 3207; x_wconf 87' lang='lat' dir='ltr'>sit,</span> <span class='ocrx_word' id='word_1_376' title='bbox 614 3147 676 3196; x_wconf 93' lang='lat' dir='ltr'>ut</span> <span class='ocrx_word' id='word_1_377' title='bbox 707 3143 863 3197; x_wconf 93' lang='lat' dir='ltr'>istud</span> <span class='ocrx_word' id='word_1_378' title='bbox 880 3141 1123 3208; x_wconf 82' lang='lat' dir='ltr'>faceres,</span> <span class='ocrx_word' id='word_1_379' title='bbox 1157 3157 1226 3196; x_wconf 91' lang='lat' dir='ltr'>ac</span> <span class='ocrx_word' id='word_1_380' title='bbox 1269 3159 1360 3196; x_wconf 92' lang='lat' dir='ltr'>me</span> <span class='ocrx_word' id='word_1_381' title='bbox 1389 3149 1804 3200; x_wconf 91' lang='lat' dir='ltr'>contemneres</span> <span class='ocrx_word' id='word_1_382' title='bbox 1833 3146 1860 3200; x_wconf 59' lang='grc' dir='ltr'>ἦ)</span> <span class='ocrx_word' id='word_1_383' title='bbox 1892 3149 1991 3203; x_wconf 87' lang='lat' dir='ltr'>Cui</span> <span class='ocrx_word' id='word_1_384' title='bbox 2035 3151 2124 3204; x_wconf 92' lang='lat' dir='ltr'>Di-</span> 
     </span>
    </p>
   </div>
   <div class='ocr_carea' id='block_1_49' title="bbox 480 3230 2123 3303">
    <p class='ocr_par' dir='ltr' id='par_1_49' title="bbox 480 3230 2123 3303">
     <span class='ocr_line' id='line_1_49' title="bbox 480 3230 2123 3303; baseline 0.005 -19"><span class='ocrx_word' id='word_1_385' title='bbox 480 3230 703 3301; x_wconf 93' lang='lat' dir='ltr'>dymus</span> <span class='ocrx_word' id='word_1_386' title='bbox 732 3247 744 3284; x_wconf 91' lang='lat'>:</span> <span class='ocrx_word' id='word_1_387' title='bbox 780 3231 930 3284; x_wconf 93' lang='lat' dir='ltr'>Deus</span> <span class='ocrx_word' id='word_1_388' title='bbox 951 3246 1045 3284; x_wconf 89' lang='lat' dir='ltr'>me</span> <span class='ocrx_word' id='word_1_389' title='bbox 1072 3230 1249 3293; x_wconf 90' lang='lat' dir='ltr'>misit,</span> <span class='ocrx_word' id='word_1_390' title='bbox 1279 3238 1341 3285; x_wconf 88' lang='lat' dir='ltr'>ut</span> <span class='ocrx_word' id='word_1_391' title='bbox 1362 3232 1474 3286; x_wconf 91' lang='lat' dir='ltr'>hoc</span> <span class='ocrx_word' id='word_1_392' title='bbox 1502 3232 1776 3289; x_wconf 83' lang='lat' dir='ltr'>facerem.</span> <span class='ocrx_word' id='word_1_393' title='bbox 1813 3237 2123 3303; x_wconf 85' lang='lat' dir='ltr'>Conﬁtere,</span> 
     </span>
    </p>
   </div>
   <div class='ocr_carea' id='block_1_50' title="bbox 483 3317 2129 3391">
    <p class='ocr_par' dir='ltr' id='par_1_50' title="bbox 483 3317 2129 3391">
     <span class='ocr_line' id='line_1_50' title="bbox 483 3317 2129 3391; baseline 0.004 -19"><span class='ocrx_word' id='word_1_394' title='bbox 483 3317 896 3389; x_wconf 86' lang='lat' dir='ltr'>inquitjudex,</span> <span class='ocrx_word' id='word_1_395' title='bbox 929 3323 1246 3390; x_wconf 89' lang='lat' dir='ltr'>antequam</span> <span class='ocrx_word' id='word_1_396' title='bbox 1281 3320 1581 3375; x_wconf 90' lang='lat' dir='ltr'>tormentis</span> <span class='ocrx_word' id='word_1_397' title='bbox 1609 3322 1961 3391; x_wconf 89' lang='lat' dir='ltr'>subjiciaris.</span> <span class='ocrx_word' id='word_1_398' title='bbox 1997 3325 2129 3379; x_wconf 90' lang='lat' dir='ltr'>Ubi-</span> 
     </span>
    </p>
   </div>
   <div class='ocr_carea' id='block_1_51' title="bbox 483 3406 2130 3478">
    <p class='ocr_par' dir='ltr' id='par_1_51' title="bbox 483 3406 2130 3478">
     <span class='ocr_line' id='line_1_51' title="bbox 483 3406 2130 3478; baseline 0.004 -18"><span class='ocrx_word' id='word_1_399' title='bbox 483 3420 626 3460; x_wconf 91' lang='lat' dir='ltr'>nam</span> <span class='ocrx_word' id='word_1_400' title='bbox 672 3410 760 3459; x_wconf 93' lang='lat' dir='ltr'>est</span> <span class='ocrx_word' id='word_1_401' title='bbox 789 3406 1095 3460; x_wconf 91' lang='lat' dir='ltr'>Theodora</span> <span class='ocrx_word' id='word_1_402' title='bbox 1116 3406 1217 3462; x_wconf 90' lang='lat' dir='ltr'>illa</span> <span class='ocrx_word' id='word_1_403' title='bbox 1243 3408 1409 3474; x_wconf 84' lang='lat' dir='ltr'>virgo</span> <span class='ocrx_word' id='word_1_404' title='bbox 1438 3409 1464 3462; x_wconf 87' lang='lat'><strong><em>?</em></strong></span> <span class='ocrx_word' id='word_1_405' title='bbox 1499 3410 1821 3478; x_wconf 83' lang='lat' dir='ltr'>Respondit</span> <span class='ocrx_word' id='word_1_406' title='bbox 1860 3411 1938 3464; x_wconf 88' lang='lat' dir='ltr'>illi</span> <span class='ocrx_word' id='word_1_407' title='bbox 1969 3427 1978 3465; x_wconf 94' lang='lat'><strong>:</strong></span> <span class='ocrx_word' id='word_1_408' title='bbox 2023 3412 2130 3466; x_wconf 91' lang='lat' dir='ltr'>Per</span> 
     </span>
    </p>
   </div>
   <div class='ocr_carea' id='block_1_52' title="bbox 485 3492 2127 3564">
    <p class='ocr_par' dir='ltr' id='par_1_52' title="bbox 485 3492 2127 3564">
     <span class='ocr_line' id='line_1_52' title="bbox 485 3492 2127 3564; baseline 0.004 -16"><span class='ocrx_word' id='word_1_409' title='bbox 485 3492 782 3548; x_wconf 87' lang='lat' dir='ltr'>Christum</span> <span class='ocrx_word' id='word_1_410' title='bbox 816 3494 912 3548; x_wconf 93' lang='lat' dir='ltr'>Dei</span> <span class='ocrx_word' id='word_1_411' title='bbox 941 3493 1167 3558; x_wconf 90' lang='lat' dir='ltr'>Filium,</span> <span class='ocrx_word' id='word_1_412' title='bbox 1202 3493 1301 3548; x_wconf 90' lang='lat' dir='ltr'>ubi</span> <span class='ocrx_word' id='word_1_413' title='bbox 1332 3509 1403 3549; x_wconf 88' lang='lat' dir='ltr'>ea</span> <span class='ocrx_word' id='word_1_414' title='bbox 1431 3494 1524 3559; x_wconf 89' lang='lat' dir='ltr'>sit,</span> <span class='ocrx_word' id='word_1_415' title='bbox 1557 3496 1775 3552; x_wconf 91' lang='lat' dir='ltr'>nescio.</span> <span class='ocrx_word' id='word_1_416' title='bbox 1803 3496 1949 3551; x_wconf 92' lang='lat' dir='ltr'>Illud</span> <span class='ocrx_word' id='word_1_417' title='bbox 1984 3498 2127 3564; x_wconf 91' lang='lat' dir='ltr'>scio,</span> 
     </span>
    </p>
   </div>
   <div class='ocr_carea' id='block_1_53' title="bbox 485 3582 2130 3656">
    <p class='ocr_par' dir='ltr' id='par_1_53' title="bbox 485 3582 2130 3656">
     <span class='ocr_line' id='line_1_53' title="bbox 485 3582 2130 3656; baseline 0.005 -21"><span class='ocrx_word' id='word_1_418' title='bbox 485 3596 553 3636; x_wconf 91' lang='lat' dir='ltr'>ac</span> <span class='ocrx_word' id='word_1_419' title='bbox 598 3597 954 3652; x_wconf 89' lang='lat' dir='ltr'>persuasum</span> <span class='ocrx_word' id='word_1_420' title='bbox 1001 3582 1214 3652; x_wconf 86' lang='lat' dir='ltr'>habeo,</span> <span class='ocrx_word' id='word_1_421' title='bbox 1247 3583 1411 3655; x_wconf 92' lang='lat' dir='ltr'>quod</span> <span class='ocrx_word' id='word_1_422' title='bbox 1444 3599 1579 3638; x_wconf 92' lang='lat' dir='ltr'>cum</span> <span class='ocrx_word' id='word_1_423' title='bbox 1623 3585 1720 3640; x_wconf 90' lang='lat' dir='ltr'>Dei</span> <span class='ocrx_word' id='word_1_424' title='bbox 1753 3586 1824 3641; x_wconf 92' lang='lat' dir='ltr'>sit</span> <span class='ocrx_word' id='word_1_425' title='bbox 1856 3603 2047 3656; x_wconf 88' lang='lat' dir='ltr'>serva,</span> <span class='ocrx_word' id='word_1_426' title='bbox 2076 3595 2130 3644; x_wconf 94' lang='lat' dir='ltr'>et</span> 
     </span>
    </p>
   </div>
   <div class='ocr_carea' id='block_1_54' title="bbox 2233 1809 3900 1884">
    <p class='ocr_par' dir='ltr' id='par_1_54' title="bbox 2233 1809 3900 1884">
     <span class='ocr_line' id='line_1_54' title="bbox 2233 1809 3900 1884; baseline -0.001 -16"><span class='ocrx_word' id='word_1_427' title='bbox 2233 1814 2380 1884; x_wconf 90' lang='lat' dir='ltr'>ipsa,</span> <span class='ocrx_word' id='word_1_428' title='bbox 2406 1811 2575 1882; x_wconf 90' lang='lat' dir='ltr'>virgo</span> <span class='ocrx_word' id='word_1_429' title='bbox 2602 1814 2954 1876; x_wconf 90' lang='lat' dir='ltr'>remaneret,</span> <span class='ocrx_word' id='word_1_430' title='bbox 2975 1813 3034 1868; x_wconf 92' lang='lat' dir='ltr'>et</span> <span class='ocrx_word' id='word_1_431' title='bbox 3063 1825 3173 1878; x_wconf 86' lang='lat' dir='ltr'>ego</span> <span class='ocrx_word' id='word_1_432' title='bbox 3196 1809 3752 1865; x_wconf 89' lang='lat' dir='ltr'>Deiconfessionem</span> <span class='ocrx_word' id='word_1_433' title='bbox 3768 1827 3900 1867; x_wconf 91' lang='lat' dir='ltr'>ma-</span> 
     </span>
    </p>
   </div>
   <div class='ocr_carea' id='block_1_55' title="bbox 2234 1898 3901 1971">
    <p class='ocr_par' dir='ltr' id='par_1_55' title="bbox 2234 1898 3901 1971">
     <span class='ocr_line' id='line_1_55' title="bbox 2234 1898 3901 1971; baseline 0 -16"><span class='ocrx_word' id='word_1_434' title='bbox 2234 1900 2444 1956; x_wconf 88' lang='lat' dir='ltr'>nifeste</span> <span class='ocrx_word' id='word_1_435' title='bbox 2473 1900 2807 1971; x_wconf 87' lang='lat' dir='ltr'>proﬁterer;</span> <span class='ocrx_word' id='word_1_436' title='bbox 2838 1916 2981 1954; x_wconf 88' lang='lat' dir='ltr'>nam</span> <span class='ocrx_word' id='word_1_437' title='bbox 3001 1900 3059 1953; x_wconf 91' lang='lat' dir='ltr'>in</span> <span class='ocrx_word' id='word_1_438' title='bbox 3090 1898 3188 1953; x_wconf 91' lang='lat' dir='ltr'>Dei</span> <span class='ocrx_word' id='word_1_439' title='bbox 3215 1898 3333 1953; x_wconf 84' lang='lat' dir='ltr'>ﬁde</span> <span class='ocrx_word' id='word_1_440' title='bbox 3360 1914 3742 1970; x_wconf 90' lang='lat' dir='ltr'>permanens,</span> <span class='ocrx_word' id='word_1_441' title='bbox 3778 1905 3901 1955; x_wconf 90' lang='lat' dir='ltr'>tor-</span> 
     </span>
    </p>
   </div>
   <div class='ocr_carea' id='block_1_56' title="bbox 2237 1987 3900 2060">
    <p class='ocr_par' dir='ltr' id='par_1_56' title="bbox 2237 1987 3900 2060">
     <span class='ocr_line' id='line_1_56' title="bbox 2237 1987 3900 2060; baseline -0.001 -15"><span class='ocrx_word' id='word_1_442' title='bbox 2237 1996 2438 2045; x_wconf 90' lang='lat' dir='ltr'>menta</span> <span class='ocrx_word' id='word_1_443' title='bbox 2466 2005 2586 2045; x_wconf 93' lang='lat' dir='ltr'>non</span> <span class='ocrx_word' id='word_1_444' title='bbox 2621 1990 2892 2045; x_wconf 88' lang='lat' dir='ltr'>sentiam.</span> <span class='ocrx_word' id='word_1_445' title='bbox 2930 1989 3132 2060; x_wconf 90' lang='lat' dir='ltr'>Itaque</span> <span class='ocrx_word' id='word_1_446' title='bbox 3164 1988 3428 2043; x_wconf 90' lang='lat' dir='ltr'>celeriter</span> <span class='ocrx_word' id='word_1_447' title='bbox 3462 1987 3577 2052; x_wconf 89' lang='lat' dir='ltr'>fac,</span> <span class='ocrx_word' id='word_1_448' title='bbox 3611 1989 3776 2060; x_wconf 90' lang='lat' dir='ltr'>quod</span> <span class='ocrx_word' id='word_1_449' title='bbox 3806 1990 3900 2044; x_wconf 88' lang='lat' dir='ltr'>vi-</span> 
     </span>
    </p>
   </div>
   <div class='ocr_carea' id='block_1_57' title="bbox 2235 2077 3898 2144">
    <p class='ocr_par' dir='ltr' id='par_1_57' title="bbox 2235 2077 3898 2144">
     <span class='ocr_line' id='line_1_57' title="bbox 2235 2077 3898 2144; baseline 0 -10"><span class='ocrx_word' id='word_1_450' title='bbox 2235 2078 2426 2144; x_wconf 91' lang='lat' dir='ltr'>detur,</span> <span class='ocrx_word' id='word_1_451' title='bbox 2461 2095 2583 2133; x_wconf 91' lang='lat' dir='ltr'>non</span> <span class='ocrx_word' id='word_1_452' title='bbox 2608 2082 2767 2134; x_wconf 89' lang='lat' dir='ltr'>enim</span> <span class='ocrx_word' id='word_1_453' title='bbox 2788 2077 3161 2132; x_wconf 78' lang='lat' dir='ltr'>daemonibus</span> <span class='ocrx_word' id='word_1_454' title='bbox 3195 2077 3465 2132; x_wconf 92' lang='lat' dir='ltr'>immolo.</span> <span class='ocrx_word' id='word_1_455' title='bbox 3491 2081 3639 2134; x_wconf 89' lang='lat' dir='ltr'>Nam</span> <span class='ocrx_word' id='word_1_456' title='bbox 3671 2083 3726 2134; x_wconf 90' lang='lat' dir='ltr'>et</span> <span class='ocrx_word' id='word_1_457' title='bbox 3753 2079 3804 2134; x_wconf 91' lang='lat' dir='ltr'>si</span> <span class='ocrx_word' id='word_1_458' title='bbox 3831 2079 3898 2134; x_wconf 92' lang='lat' dir='ltr'>in</span> 
     </span>
    </p>
   </div>
   <div class='ocr_carea' id='block_1_58' title="bbox 2235 2167 3899 2238">
    <p class='ocr_par' dir='ltr' id='par_1_58' title="bbox 2235 2167 3899 2238">
     <span class='ocr_line' id='line_1_58' title="bbox 2235 2167 3899 2238; baseline 0.001 -14"><span class='ocrx_word' id='word_1_459' title='bbox 2235 2170 2437 2238; x_wconf 92' lang='lat' dir='ltr'>ignem</span> <span class='ocrx_word' id='word_1_460' title='bbox 2466 2186 2561 2224; x_wconf 92' lang='lat' dir='ltr'>me</span> <span class='ocrx_word' id='word_1_461' title='bbox 2613 2169 2840 2225; x_wconf 91' lang='lat' dir='ltr'>tradere</span> <span class='ocrx_word' id='word_1_462' title='bbox 2887 2167 3165 2234; x_wconf 90' lang='lat' dir='ltr'>volueris,</span> <span class='ocrx_word' id='word_1_463' title='bbox 3213 2167 3374 2223; x_wconf 90' lang='lat' dir='ltr'>illinc</span> <span class='ocrx_word' id='word_1_464' title='bbox 3404 2168 3578 2225; x_wconf 88' lang='lat' dir='ltr'>etiam</span> <span class='ocrx_word' id='word_1_465' title='bbox 3613 2171 3764 2224; x_wconf 81' lang='lat' dir='ltr'>Deus</span> <span class='ocrx_word' id='word_1_466' title='bbox 3795 2185 3899 2226; x_wconf 92' lang='lat' dir='ltr'>me</span> 
     </span>
    </p>
   </div>
   <div class='ocr_carea' id='block_1_59' title="bbox 2235 2259 2695 2329">
    <p class='ocr_par' dir='ltr' id='par_1_59' title="bbox 2235 2259 2695 2329">
     <span class='ocr_line' id='line_1_59' title="bbox 2235 2259 2695 2329; baseline 0.002 -16"><span class='ocrx_word' id='word_1_467' title='bbox 2235 2263 2427 2329; x_wconf 90' lang='lat' dir='ltr'>potest</span> <span class='ocrx_word' id='word_1_468' title='bbox 2448 2259 2695 2329; x_wconf 90' lang='lat' dir='ltr'>eripere.</span> 
     </span>
    </p>
   </div>
   <div class='ocr_carea' id='block_1_60' title="bbox 2308 2345 3903 2421">
    <p class='ocr_par' dir='ltr' id='par_1_60' title="bbox 2308 2345 3903 2421">
     <span class='ocr_line' id='line_1_60' title="bbox 2308 2345 3903 2421; baseline 0.003 -20"><span class='ocrx_word' id='word_1_469' title='bbox 2308 2349 2390 2403; x_wconf 84' lang='lat' dir='ltr'>IX.</span> <span class='ocrx_word' id='word_1_470' title='bbox 2419 2348 2580 2402; x_wconf 92' lang='lat' dir='ltr'>Tunc</span> <span class='ocrx_word' id='word_1_471' title='bbox 2607 2347 2684 2402; x_wconf 89' lang='lat' dir='ltr'>illi</span> <span class='ocrx_word' id='word_1_472' title='bbox 2712 2347 2898 2417; x_wconf 83' lang='lat' dir='ltr'>judex</span> <span class='ocrx_word' id='word_1_473' title='bbox 2927 2363 2940 2400; x_wconf 91' lang='lat'><strong>:</strong></span> <span class='ocrx_word' id='word_1_474' title='bbox 2969 2348 3167 2402; x_wconf 73' lang='lat' dir='ltr'>Tantae</span> <span class='ocrx_word' id='word_1_475' title='bbox 3205 2345 3474 2402; x_wconf 65' lang='lat' dir='ltr'>audacia:</span> <span class='ocrx_word' id='word_1_476' title='bbox 3506 2363 3687 2404; x_wconf 89' lang='lat' dir='ltr'>causa</span> <span class='ocrx_word' id='word_1_477' title='bbox 3712 2355 3903 2421; x_wconf 89' lang='lat' dir='ltr'>caput</span> 
     </span>
    </p>
   </div>
   <div class='ocr_carea' id='block_1_61' title="bbox 2237 2435 3900 2510">
    <p class='ocr_par' dir='ltr' id='par_1_61' title="bbox 2237 2435 3900 2510">
     <span class='ocr_line' id='line_1_61' title="bbox 2237 2435 3900 2510; baseline 0.002 -19"><span class='ocrx_word' id='word_1_478' title='bbox 2237 2436 2341 2491; x_wconf 91' lang='lat' dir='ltr'>tibi</span> <span class='ocrx_word' id='word_1_479' title='bbox 2373 2435 2760 2490; x_wconf 85' lang='lat' dir='ltr'>abscindetur</span> <span class='ocrx_word' id='word_1_480' title='bbox 2795 2451 2808 2489; x_wconf 91' lang='lat'><strong>:</strong></span> <span class='ocrx_word' id='word_1_481' title='bbox 2842 2440 2898 2490; x_wconf 91' lang='lat' dir='ltr'>et</span> <span class='ocrx_word' id='word_1_482' title='bbox 2937 2436 3223 2507; x_wconf 90' lang='lat' dir='ltr'>quoniam</span> <span class='ocrx_word' id='word_1_483' title='bbox 3282 2436 3669 2492; x_wconf 90' lang='lat' dir='ltr'>dominorum</span> <span class='ocrx_word' id='word_1_484' title='bbox 3712 2443 3900 2510; x_wconf 90' lang='lat' dir='ltr'>atque</span> 
     </span>
    </p>
   </div>
   <div class='ocr_carea' id='block_1_62' title="bbox 2236 2525 3894 2598">
    <p class='ocr_par' dir='ltr' id='par_1_62' title="bbox 2236 2525 3894 2598">
     <span class='ocr_line' id='line_1_62' title="bbox 2236 2525 3894 2598; baseline 0.003 -20"><span class='ocrx_word' id='word_1_485' title='bbox 2236 2525 2666 2594; x_wconf 89' lang='lat' dir='ltr'>imperatorum</span> <span class='ocrx_word' id='word_1_486' title='bbox 2698 2530 3040 2580; x_wconf 91' lang='lat' dir='ltr'>nostrorum</span> <span class='ocrx_word' id='word_1_487' title='bbox 3070 2531 3435 2598; x_wconf 58' lang='lat' dir='ltr'>praeceptum</span> <span class='ocrx_word' id='word_1_488' title='bbox 3466 2529 3894 2598; x_wconf 87' lang='lat' dir='ltr'>contempsisti,</span> 
     </span>
    </p>
   </div>
   <div class='ocr_carea' id='block_1_63' title="bbox 2238 2613 3894 2689">
    <p class='ocr_par' dir='ltr' id='par_1_63' title="bbox 2238 2613 3894 2689">
     <span class='ocr_line' id='line_1_63' title="bbox 2238 2613 3894 2689; baseline 0.003 -22"><span class='ocrx_word' id='word_1_489' title='bbox 2238 2613 2493 2685; x_wconf 75' lang='lat' dir='ltr'>reliquias</span> <span class='ocrx_word' id='word_1_490' title='bbox 2512 2619 2625 2669; x_wconf 82' lang='lat' dir='ltr'>tuae</span> <span class='ocrx_word' id='word_1_491' title='bbox 2649 2615 2709 2668; x_wconf 91' lang='lat' dir='ltr'>in</span> <span class='ocrx_word' id='word_1_492' title='bbox 2732 2615 2935 2683; x_wconf 92' lang='lat' dir='ltr'>ignem</span> <span class='ocrx_word' id='word_1_493' title='bbox 2956 2614 3284 2670; x_wconf 90' lang='lat' dir='ltr'>tradentur.</span> <span class='ocrx_word' id='word_1_494' title='bbox 3303 2615 3401 2672; x_wconf 79' lang='lat' dir='ltr'>Ad</span> <span class='ocrx_word' id='word_1_495' title='bbox 3419 2615 3547 2671; x_wconf 82' lang='lat' dir='ltr'>haec</span> <span class='ocrx_word' id='word_1_496' title='bbox 3575 2616 3894 2689; x_wconf 90' lang='lat' dir='ltr'>Didymus:</span> 
     </span>
    </p>
   </div>
   <div class='ocr_carea' id='block_1_64' title="bbox 2236 2701 3900 2774">
    <p class='ocr_par' dir='ltr' id='par_1_64' title="bbox 2236 2701 3900 2774">
     <span class='ocr_line' id='line_1_64' title="bbox 2236 2701 3900 2774; baseline 0.004 -19"><span class='ocrx_word' id='word_1_497' title='bbox 2236 2701 2603 2767; x_wconf 89' lang='lat' dir='ltr'>Benedictus,</span> <span class='ocrx_word' id='word_1_498' title='bbox 2637 2703 2846 2774; x_wconf 90' lang='lat' dir='ltr'>inquit,</span> <span class='ocrx_word' id='word_1_499' title='bbox 2896 2704 3050 2758; x_wconf 91' lang='lat' dir='ltr'>Deus</span> <span class='ocrx_word' id='word_1_500' title='bbox 3106 2708 3161 2758; x_wconf 90' lang='lat' dir='ltr'>et</span> <span class='ocrx_word' id='word_1_501' title='bbox 3218 2705 3384 2758; x_wconf 87' lang='lat' dir='ltr'>Pater</span> <span class='ocrx_word' id='word_1_502' title='bbox 3427 2704 3657 2759; x_wconf 89' lang='lat' dir='ltr'>Domini</span> <span class='ocrx_word' id='word_1_503' title='bbox 3708 2706 3900 2762; x_wconf 88' lang='lat' dir='ltr'>nostri</span> 
     </span>
    </p>
   </div>
   <div class='ocr_carea' id='block_1_65' title="bbox 2235 2791 3897 2865">
    <p class='ocr_par' dir='ltr' id='par_1_65' title="bbox 2235 2791 3897 2865">
     <span class='ocr_line' id='line_1_65' title="bbox 2235 2791 3897 2865; baseline 0.002 -19"><span class='ocrx_word' id='word_1_504' title='bbox 2235 2792 2371 2846; x_wconf 83' lang='lat' dir='ltr'>Jesu</span> <span class='ocrx_word' id='word_1_505' title='bbox 2414 2791 2640 2854; x_wconf 85' lang='lat' dir='ltr'>Christi,</span> <span class='ocrx_word' id='word_1_506' title='bbox 2693 2792 2797 2863; x_wconf 92' lang='lat' dir='ltr'>qui</span> <span class='ocrx_word' id='word_1_507' title='bbox 2835 2792 3155 2848; x_wconf 88' lang='lat' dir='ltr'>consilium</span> <span class='ocrx_word' id='word_1_508' title='bbox 3196 2808 3400 2847; x_wconf 90' lang='lat' dir='ltr'>meum</span> <span class='ocrx_word' id='word_1_509' title='bbox 3435 2809 3556 2848; x_wconf 93' lang='lat' dir='ltr'>non</span> <span class='ocrx_word' id='word_1_510' title='bbox 3602 2794 3897 2865; x_wconf 80' lang='lat' dir='ltr'>despexit,</span> 
     </span>
    </p>
   </div>
   <div class='ocr_carea' id='block_1_66' title="bbox 2239 2879 3894 2950">
    <p class='ocr_par' dir='ltr' id='par_1_66' title="bbox 2239 2879 3894 2950">
     <span class='ocr_line' id='line_1_66' title="bbox 2239 2879 3894 2950; baseline 0.003 -16"><span class='ocrx_word' id='word_1_511' title='bbox 2239 2879 2342 2935; x_wconf 91' lang='lat' dir='ltr'>sed</span> <span class='ocrx_word' id='word_1_512' title='bbox 2363 2888 2416 2934; x_wconf 90' lang='lat' dir='ltr'>et</span> <span class='ocrx_word' id='word_1_513' title='bbox 2431 2879 2805 2936; x_wconf 84' lang='lat' dir='ltr'>Theodoram</span> <span class='ocrx_word' id='word_1_514' title='bbox 2821 2881 3098 2936; x_wconf 89' lang='lat' dir='ltr'>ancillam</span> <span class='ocrx_word' id='word_1_515' title='bbox 3118 2897 3289 2936; x_wconf 91' lang='lat' dir='ltr'>suam</span> <span class='ocrx_word' id='word_1_516' title='bbox 3310 2882 3603 2950; x_wconf 89' lang='lat' dir='ltr'>integram</span> <span class='ocrx_word' id='word_1_517' title='bbox 3622 2884 3894 2948; x_wconf 89' lang='lat' dir='ltr'>servavit,</span> 
     </span>
    </p>
   </div>
   <div class='ocr_carea' id='block_1_67' title="bbox 2237 2970 3900 3044">
    <p class='ocr_par' dir='ltr' id='par_1_67' title="bbox 2237 2970 3900 3044">
     <span class='ocr_line' id='line_1_67' title="bbox 2237 2970 3900 3044; baseline 0.003 -21"><span class='ocrx_word' id='word_1_518' title='bbox 2237 2974 2292 3024; x_wconf 91' lang='lat' dir='ltr'>et</span> <span class='ocrx_word' id='word_1_519' title='bbox 2322 2985 2415 3024; x_wconf 93' lang='lat' dir='ltr'>me</span> <span class='ocrx_word' id='word_1_520' title='bbox 2448 2985 2553 3040; x_wconf 92' lang='lat' dir='ltr'>per</span> <span class='ocrx_word' id='word_1_521' title='bbox 2584 2970 2706 3025; x_wconf 91' lang='lat' dir='ltr'>duo</span> <span class='ocrx_word' id='word_1_522' title='bbox 2743 2976 3037 3026; x_wconf 91' lang='lat' dir='ltr'>tormenta</span> <span class='ocrx_word' id='word_1_523' title='bbox 3091 2970 3420 3026; x_wconf 91' lang='lat' dir='ltr'>coronabit.</span> <span class='ocrx_word' id='word_1_524' title='bbox 3467 2970 3735 3044; x_wconf 90' lang='lat' dir='ltr'>Cumque</span> <span class='ocrx_word' id='word_1_525' title='bbox 3762 2989 3900 3028; x_wconf 92' lang='lat' dir='ltr'>sen—</span> 
     </span>
    </p>
   </div>
   <div class='ocr_carea' id='block_1_68' title="bbox 2237 3060 3897 3133">
    <p class='ocr_par' dir='ltr' id='par_1_68' title="bbox 2237 3060 3897 3133">
     <span class='ocr_line' id='line_1_68' title="bbox 2237 3060 3897 3133; baseline 0.002 -19"><span class='ocrx_word' id='word_1_526' title='bbox 2237 3060 2479 3114; x_wconf 90' lang='lat' dir='ltr'>tentiam</span> <span class='ocrx_word' id='word_1_527' title='bbox 2509 3075 2543 3113; x_wconf 90' lang='lat' dir='ltr'>a</span> <span class='ocrx_word' id='word_1_528' title='bbox 2565 3060 2765 3130; x_wconf 91' lang='lat' dir='ltr'>judice</span> <span class='ocrx_word' id='word_1_529' title='bbox 2792 3060 2974 3116; x_wconf 87' lang='lat' dir='ltr'>latam</span> <span class='ocrx_word' id='word_1_530' title='bbox 2995 3061 3338 3130; x_wconf 89' lang='lat' dir='ltr'>accepisset,</span> <span class='ocrx_word' id='word_1_531' title='bbox 3364 3061 3555 3116; x_wconf 91' lang='lat' dir='ltr'>securi</span> <span class='ocrx_word' id='word_1_532' title='bbox 3578 3077 3897 3133; x_wconf 89' lang='lat' dir='ltr'>percussus</span> 
     </span>
    </p>
   </div>
   <div class='ocr_carea' id='block_1_69' title="bbox 2236 3148 3896 3222">
    <p class='ocr_par' dir='ltr' id='par_1_69' title="bbox 2236 3148 3896 3222">
     <span class='ocr_line' id='line_1_69' title="bbox 2236 3148 3896 3222; baseline 0.002 -18"><span class='ocrx_word' id='word_1_533' title='bbox 2236 3153 2340 3204; x_wconf 91' lang='lat' dir='ltr'>est.</span> <span class='ocrx_word' id='word_1_534' title='bbox 2371 3151 2498 3213; x_wconf 87' lang='lat' dir='ltr'>Quo</span> <span class='ocrx_word' id='word_1_535' title='bbox 2521 3148 2692 3206; x_wconf 85' lang='lat' dir='ltr'>facto.</span> <span class='ocrx_word' id='word_1_536' title='bbox 2715 3151 2843 3219; x_wconf 87' lang='lat' dir='ltr'>ejus</span> <span class='ocrx_word' id='word_1_537' title='bbox 2866 3165 3083 3217; x_wconf 91' lang='lat' dir='ltr'>corpus</span> <span class='ocrx_word' id='word_1_538' title='bbox 3101 3150 3159 3204; x_wconf 92' lang='lat' dir='ltr'>in</span> <span class='ocrx_word' id='word_1_539' title='bbox 3188 3150 3387 3218; x_wconf 89' lang='lat' dir='ltr'>ignem</span> <span class='ocrx_word' id='word_1_540' title='bbox 3405 3149 3512 3205; x_wconf 80' lang='lat' dir='ltr'>fuit</span> <span class='ocrx_word' id='word_1_541' title='bbox 3537 3152 3896 3222; x_wconf 90' lang='lat' dir='ltr'>conjectum.</span> 
     </span>
    </p>
   </div>
   <div class='ocr_carea' id='block_1_70' title="bbox 2239 3237 3898 3310">
    <p class='ocr_par' dir='ltr' id='par_1_70' title="bbox 2239 3237 3898 3310">
     <span class='ocr_line' id='line_1_70' title="bbox 2239 3237 3898 3310; baseline 0.004 -20"><span class='ocrx_word' id='word_1_542' title='bbox 2239 3237 2514 3305; x_wconf 88' lang='lat' dir='ltr'>Martyrio</span> <span class='ocrx_word' id='word_1_543' title='bbox 2536 3241 2736 3290; x_wconf 89' lang='lat' dir='ltr'>autem</span> <span class='ocrx_word' id='word_1_544' title='bbox 2759 3237 2996 3291; x_wconf 86' lang='lat' dir='ltr'>functus</span> <span class='ocrx_word' id='word_1_545' title='bbox 3018 3242 3104 3293; x_wconf 90' lang='lat' dir='ltr'>est</span> <span class='ocrx_word' id='word_1_546' title='bbox 3137 3244 3377 3294; x_wconf 89' lang='lat' dir='ltr'>sanctus</span> <span class='ocrx_word' id='word_1_547' title='bbox 3402 3238 3695 3310; x_wconf 87' lang='lat' dir='ltr'>Didymus</span> <span class='ocrx_word' id='word_1_548' title='bbox 3716 3242 3898 3297; x_wconf 90' lang='lat' dir='ltr'>Nonis</span> 
     </span>
    </p>
   </div>
   <div class='ocr_carea' id='block_1_71' title="bbox 2237 3323 3898 3393">
    <p class='ocr_par' dir='ltr' id='par_1_71' title="bbox 2237 3323 3898 3393">
     <span class='ocr_line' id='line_1_71' title="bbox 2237 3323 3898 3393; baseline 0.006 -16"><span class='ocrx_word' id='word_1_549' title='bbox 2237 3323 2473 3393; x_wconf 77' lang='lat' dir='ltr'>Aprilis,</span> <span class='ocrx_word' id='word_1_550' title='bbox 2535 3330 2821 3392; x_wconf 88' lang='lat' dir='ltr'>regnante</span> <span class='ocrx_word' id='word_1_551' title='bbox 2866 3325 2926 3379; x_wconf 94' lang='lat' dir='ltr'>in</span> <span class='ocrx_word' id='word_1_552' title='bbox 2977 3326 3141 3381; x_wconf 82' lang='lat' dir='ltr'>caelis</span> <span class='ocrx_word' id='word_1_553' title='bbox 3194 3327 3444 3383; x_wconf 91' lang='lat' dir='ltr'>Domino</span> <span class='ocrx_word' id='word_1_554' title='bbox 3503 3334 3704 3384; x_wconf 90' lang='lat' dir='ltr'>nostro</span> <span class='ocrx_word' id='word_1_555' title='bbox 3761 3332 3898 3388; x_wconf 92' lang='lat' dir='ltr'>Jesu</span> 
     </span>
    </p>
   </div>
   <div class='ocr_carea' id='block_1_72' title="bbox 2240 3411 3898 3487">
    <p class='ocr_par' dir='ltr' id='par_1_72' title="bbox 2240 3411 3898 3487">
     <span class='ocr_line' id='line_1_72' title="bbox 2240 3411 3898 3487; baseline 0.007 -22"><span class='ocrx_word' id='word_1_556' title='bbox 2240 3411 2467 3466; x_wconf 89' lang='lat' dir='ltr'>Christo</span> <span class='ocrx_word' id='word_1_557' title='bbox 2500 3434 2510 3464; x_wconf 93' lang='lat'>:</span> <span class='ocrx_word' id='word_1_558' title='bbox 2540 3414 2830 3484; x_wconf 89' lang='lat' dir='ltr'>quoniam</span> <span class='ocrx_word' id='word_1_559' title='bbox 2864 3415 2976 3486; x_wconf 89' lang='lat' dir='ltr'>ipsi</span> <span class='ocrx_word' id='word_1_560' title='bbox 3008 3420 3066 3470; x_wconf 93' lang='lat' dir='ltr'>et</span> <span class='ocrx_word' id='word_1_561' title='bbox 3093 3417 3284 3487; x_wconf 89' lang='lat' dir='ltr'>gloria</span> <span class='ocrx_word' id='word_1_562' title='bbox 3311 3433 3445 3472; x_wconf 91' lang='lat' dir='ltr'>cum</span> <span class='ocrx_word' id='word_1_563' title='bbox 3479 3418 3650 3473; x_wconf 87' lang='lat' dir='ltr'>Patre</span> <span class='ocrx_word' id='word_1_564' title='bbox 3678 3424 3733 3475; x_wconf 91' lang='lat' dir='ltr'>et</span> <span class='ocrx_word' id='word_1_565' title='bbox 3768 3436 3898 3477; x_wconf 91' lang='lat' dir='ltr'>san-</span> 
     </span>
    </p>
   </div>
   <div class='ocr_carea' id='block_1_73' title="bbox 2240 3501 3898 3577">
    <p class='ocr_par' dir='ltr' id='par_1_73' title="bbox 2240 3501 3898 3577">
     <span class='ocr_line' id='line_1_73' title="bbox 2240 3501 3898 3577; baseline 0.007 -23"><span class='ocrx_word' id='word_1_566' title='bbox 2240 3505 2333 3555; x_wconf 89' lang='lat' dir='ltr'>cto</span> <span class='ocrx_word' id='word_1_567' title='bbox 2376 3501 2592 3572; x_wconf 90' lang='lat' dir='ltr'>Spiritu</span> <span class='ocrx_word' id='word_1_568' title='bbox 2616 3519 2776 3560; x_wconf 90' lang='lat' dir='ltr'>nunc</span> <span class='ocrx_word' id='word_1_569' title='bbox 2805 3509 2881 3570; x_wconf 93' lang='lat' dir='ltr'>,et</span> <span class='ocrx_word' id='word_1_570' title='bbox 2905 3521 3158 3577; x_wconf 90' lang='lat' dir='ltr'>semper,</span> <span class='ocrx_word' id='word_1_571' title='bbox 3221 3511 3277 3562; x_wconf 89' lang='lat' dir='ltr'>et</span> <span class='ocrx_word' id='word_1_572' title='bbox 3306 3505 3368 3560; x_wconf 91' lang='lat' dir='ltr'>in</span> <span class='ocrx_word' id='word_1_573' title='bbox 3391 3506 3609 3564; x_wconf 72' lang='lat' dir='ltr'>saecula</span> <span class='ocrx_word' id='word_1_574' title='bbox 3653 3510 3898 3566; x_wconf 61' lang='lat' dir='ltr'>saeculo-</span> 
     </span>
    </p>
   </div>
   <div class='ocr_carea' id='block_1_74' title="bbox 2241 3591 2647 3646">
    <p class='ocr_par' dir='ltr' id='par_1_74' title="bbox 2241 3591 2647 3646">
     <span class='ocr_line' id='line_1_74' title="bbox 2241 3591 2647 3646; baseline -0.002 -2"><span class='ocrx_word' id='word_1_575' title='bbox 2241 3604 2400 3644; x_wconf 92' lang='lat' dir='ltr'>rum.</span> <span class='ocrx_word' id='word_1_576' title='bbox 2436 3591 2647 3646; x_wconf 91' lang='lat' dir='ltr'>Amen.</span> 
     </span>
    </p>
   </div>
   <div class='ocr_carea' id='block_1_75' title="bbox 494 3711 3876 3744">
    <p class='ocr_par' dir='ltr' id='par_1_75' title="bbox 494 3711 3876 3744">
     <span class='ocr_line' id='line_1_75' title="bbox 494 3711 3876 3744; baseline 0.001 -20"><span class='ocrx_word' id='word_1_577' title='bbox 494 3711 3876 3744; x_wconf 84' lang='lat'>..____.___._._._________._____________________________</span> 
     </span>
    </p>
   </div>
   <div class='ocr_carea' id='block_1_76' title="bbox 1261 3851 2144 3976">
    <p class='ocr_par' dir='ltr' id='par_1_76' title="bbox 1261 3851 2144 3976">
     <span class='ocr_line' id='line_1_76' title="bbox 1261 3851 2144 3976; baseline 0.007 -8"><span class='ocrx_word' id='word_1_578' title='bbox 1261 3851 2144 3976; x_wconf 79' lang='lat' dir='ltr'>MABTYRIUM</span> 
     </span>
    </p>
   </div>
   <div class='ocr_carea' id='block_1_77' title="bbox 2231 3856 3122 3984">
    <p class='ocr_par' dir='ltr' id='par_1_77' title="bbox 2231 3856 3122 3984">
     <span class='ocr_line' id='line_1_77' title="bbox 2231 3856 3122 3984; baseline 0.007 -6"><span class='ocrx_word' id='word_1_579' title='bbox 2231 3856 2338 3982; x_wconf 88' lang='lat' dir='ltr'>S.</span> <span class='ocrx_word' id='word_1_580' title='bbox 2428 3859 3122 3984; x_wconf 82' lang='lat' dir='ltr'>THEBMES</span> 
     </span>
    </p>
   </div>
   <div class='ocr_carea' id='block_1_78' title="bbox 1188 4099 3186 4180">
    <p class='ocr_par' dir='ltr' id='par_1_78' title="bbox 1188 4099 3186 4180">
     <span class='ocr_line' id='line_1_78' title="bbox 1188 4099 3186 4180; baseline 0.009 -22"><span class='ocrx_word' id='word_1_581' title='bbox 1188 4099 1283 4158; x_wconf 90' lang='lat' dir='ltr'><strong>ET</strong></span> <span class='ocrx_word' id='word_1_582' title='bbox 1327 4101 1767 4164; x_wconf 62' lang='lat' dir='ltr'>PHERBUTxE</span> <span class='ocrx_word' id='word_1_583' title='bbox 1814 4103 2001 4165; x_wconf 89' lang='lat' dir='ltr'>EJUS</span> <span class='ocrx_word' id='word_1_584' title='bbox 2046 4104 2373 4168; x_wconf 83' lang='lat' dir='ltr'>SORORIS</span> <span class='ocrx_word' id='word_1_585' title='bbox 2421 4110 2761 4180; x_wconf 86' lang='lat' dir='ltr'>EJUSQUE</span> <span class='ocrx_word' id='word_1_586' title='bbox 2806 4113 3186 4174; x_wconf 75' lang='lat' dir='ltr'>ANCILL/E.</span> 
     </span>
    </p>
   </div>
   <div class='ocr_carea' id='block_1_79' title="bbox 981 4230 3401 4310">
    <p class='ocr_par' dir='ltr' id='par_1_79' title="bbox 981 4230 3401 4310">
     <span class='ocr_line' id='line_1_79' title="bbox 981 4230 3401 4310; baseline 0.007 -32"><span class='ocrx_word' id='word_1_587' title='bbox 981 4230 1153 4293; x_wconf 80' lang='lat' dir='ltr'>(Anno</span> <span class='ocrx_word' id='word_1_588' title='bbox 1187 4232 1296 4284; x_wconf 88' lang='grc'>310.</span> <span class='ocrx_word' id='word_1_589' title='bbox 1318 4260 1380 4270; x_wconf 91' lang='grc'><strong>-</strong></span> <span class='ocrx_word' id='word_1_590' title='bbox 1410 4234 1564 4297; x_wconf 84' lang='lat' dir='ltr'>Apud</span> <span class='ocrx_word' id='word_1_591' title='bbox 1591 4235 1803 4286; x_wconf 89' lang='lat' dir='ltr'>Surium</span> <span class='ocrx_word' id='word_1_592' title='bbox 1826 4237 1893 4287; x_wconf 91' lang='lat' dir='ltr'>ad</span> <span class='ocrx_word' id='word_1_593' title='bbox 1923 4238 2064 4288; x_wconf 90' lang='lat' dir='ltr'>diem</span> <span class='ocrx_word' id='word_1_594' title='bbox 2095 4241 2122 4287; x_wconf 87' lang='lat'><strong>5</strong></span> <span class='ocrx_word' id='word_1_595' title='bbox 2154 4240 2365 4302; x_wconf 82' lang='lat' dir='ltr'>Aprilis.</span> <span class='ocrx_word' id='word_1_596' title='bbox 2390 4241 2565 4292; x_wconf 60' lang='lat' dir='ltr'>Greece</span> <span class='ocrx_word' id='word_1_597' title='bbox 2601 4257 2710 4293; x_wconf 91' lang='lat' dir='ltr'>non</span> <span class='ocrx_word' id='word_1_598' title='bbox 2741 4249 2916 4296; x_wconf 83' lang='lat' dir='ltr'>exstat</span> <span class='ocrx_word' id='word_1_599' title='bbox 2943 4247 2997 4296; x_wconf 90' lang='lat' dir='ltr'>in</span> <span class='ocrx_word' id='word_1_600' title='bbox 3028 4248 3181 4298; x_wconf 90' lang='lat' dir='ltr'>codd.</span> <span class='ocrx_word' id='word_1_601' title='bbox 3210 4249 3401 4310; x_wconf 88' lang='lat' dir='ltr'>Paris.)</span> 
     </span>
    </p>
   </div>
   <div class='ocr_carea' id='block_1_80' title="bbox 558 4476 3897 4557">
    <p class='ocr_par' dir='ltr' id='par_1_80' title="bbox 558 4476 3897 4557">
     <span class='ocr_line' id='line_1_80' title="bbox 558 4476 3897 4557; baseline 0.009 -28"><span class='ocrx_word' id='word_1_602' title='bbox 558 4477 598 4532; x_wconf 93' lang='grc' dir='ltr'><strong>Ι.</strong></span> <span class='ocrx_word' id='word_1_603' title='bbox 629 4476 917 4547; x_wconf 90' lang='lat' dir='ltr'>Tempore</span> <span class='ocrx_word' id='word_1_604' title='bbox 948 4482 1155 4533; x_wconf 66' lang='lat' dir='ltr'>nostrae</span> <span class='ocrx_word' id='word_1_605' title='bbox 1177 4481 1629 4549; x_wconf 89' lang='lat' dir='ltr'>persecutionis,</span> <span class='ocrx_word' id='word_1_606' title='bbox 1653 4483 1861 4550; x_wconf 89' lang='lat' dir='ltr'>regina</span> <span class='ocrx_word' id='word_1_607' title='bbox 1889 4490 2132 4554; x_wconf 90' lang='lat' dir='ltr'>repente</span> <span class='ocrx_word' id='word_1_608' title='bbox 2167 4488 2211 4541; x_wconf 94' lang='lat' dir='ltr'>D</span> <span class='ocrx_word' id='word_1_609' title='bbox 2245 4490 2620 4546; x_wconf 86' lang='lat' dir='ltr'>constitutus.</span> <span class='ocrx_word' id='word_1_610' title='bbox 2644 4493 2790 4549; x_wconf 91' lang='lat' dir='ltr'>Cum</span> <span class='ocrx_word' id='word_1_611' title='bbox 2806 4498 3004 4550; x_wconf 87' lang='lat' dir='ltr'>autem</span> <span class='ocrx_word' id='word_1_612' title='bbox 3024 4500 3231 4551; x_wconf 89' lang='lat' dir='ltr'>sancta</span> <span class='ocrx_word' id='word_1_613' title='bbox 3248 4497 3493 4553; x_wconf 88' lang='lat' dir='ltr'>Therme</span> <span class='ocrx_word' id='word_1_614' title='bbox 3510 4513 3645 4555; x_wconf 90' lang='lat' dir='ltr'>cum</span> <span class='ocrx_word' id='word_1_615' title='bbox 3660 4500 3897 4557; x_wconf 91' lang='lat' dir='ltr'>duabus</span> 
     </span>
    </p>
   </div>
   <div class='ocr_carea' id='block_1_81' title="bbox 486 4565 2131 4637">
    <p class='ocr_par' dir='ltr' id='par_1_81' title="bbox 486 4565 2131 4637">
     <span class='ocr_line' id='line_1_81' title="bbox 486 4565 2131 4637; baseline 0.004 -15"><span class='ocrx_word' id='word_1_616' title='bbox 486 4566 547 4622; x_wconf 90' lang='lat' dir='ltr'>in</span> <span class='ocrx_word' id='word_1_617' title='bbox 604 4565 884 4620; x_wconf 85' lang='lat' dir='ltr'>morbum</span> <span class='ocrx_word' id='word_1_618' title='bbox 909 4565 1116 4620; x_wconf 92' lang='lat' dir='ltr'>incidit</span> <span class='ocrx_word' id='word_1_619' title='bbox 1148 4583 1160 4627; x_wconf 84' lang='lat'><strong>;</strong></span> <span class='ocrx_word' id='word_1_620' title='bbox 1193 4582 1327 4637; x_wconf 73' lang='lat' dir='ltr'>quae</span> <span class='ocrx_word' id='word_1_621' title='bbox 1381 4584 1516 4623; x_wconf 88' lang='lat' dir='ltr'>cum</span> <span class='ocrx_word' id='word_1_622' title='bbox 1545 4570 1893 4627; x_wconf 67' lang='lat' dir='ltr'>Judaaorum</span> <span class='ocrx_word' id='word_1_623' title='bbox 1940 4575 2131 4628; x_wconf 84' lang='lat' dir='ltr'>crucis</span> 
     </span>
    </p>
   </div>
   <div class='ocr_carea' id='block_1_82' title="bbox 487 4652 2129 4728">
    <p class='ocr_par' dir='ltr' id='par_1_82' title="bbox 487 4652 2129 4728">
     <span class='ocr_line' id='line_1_82' title="bbox 487 4652 2129 4728; baseline 0.004 -19"><span class='ocrx_word' id='word_1_624' title='bbox 487 4652 856 4709; x_wconf 89' lang='lat' dir='ltr'>inimicorum</span> <span class='ocrx_word' id='word_1_625' title='bbox 881 4657 1032 4708; x_wconf 89' lang='lat' dir='ltr'>esset</span> <span class='ocrx_word' id='word_1_626' title='bbox 1055 4654 1346 4721; x_wconf 92' lang='lat' dir='ltr'>studiosa,</span> <span class='ocrx_word' id='word_1_627' title='bbox 1369 4673 1588 4728; x_wconf 89' lang='lat' dir='ltr'>eosque</span> <span class='ocrx_word' id='word_1_628' title='bbox 1612 4658 1859 4714; x_wconf 89' lang='lat' dir='ltr'>libenter</span> <span class='ocrx_word' id='word_1_629' title='bbox 1879 4661 2129 4728; x_wconf 91' lang='lat' dir='ltr'>audiret,</span> 
     </span>
    </p>
   </div>
   <div class='ocr_carea' id='block_1_83' title="bbox 488 4742 2133 4823">
    <p class='ocr_par' dir='ltr' id='par_1_83' title="bbox 488 4742 2133 4823">
     <span class='ocr_line' id='line_1_83' title="bbox 488 4742 2133 4823; baseline 0.004 -24"><span class='ocrx_word' id='word_1_630' title='bbox 488 4749 862 4799; x_wconf 88' lang='lat' dir='ltr'>accesserunt</span> <span class='ocrx_word' id='word_1_631' title='bbox 891 4742 966 4797; x_wconf 88' lang='lat' dir='ltr'>ad</span> <span class='ocrx_word' id='word_1_632' title='bbox 998 4759 1131 4799; x_wconf 90' lang='lat' dir='ltr'>eam</span> <span class='ocrx_word' id='word_1_633' title='bbox 1164 4749 1340 4815; x_wconf 89' lang='lat' dir='ltr'>atque</span> <span class='ocrx_word' id='word_1_634' title='bbox 1361 4745 1656 4814; x_wconf 89' lang='lat' dir='ltr'>dixerunt,</span> <span class='ocrx_word' id='word_1_635' title='bbox 1690 4749 1982 4805; x_wconf 90' lang='lat' dir='ltr'>Simeonis</span> <span class='ocrx_word' id='word_1_636' title='bbox 2017 4752 2133 4823; x_wconf 89' lang='lat' dir='ltr'>epi-</span> 
     </span>
    </p>
   </div>
   <div class='ocr_carea' id='block_1_84' title="bbox 489 4832 2134 4904">
    <p class='ocr_par' dir='ltr' id='par_1_84' title="bbox 489 4832 2134 4904">
     <span class='ocr_line' id='line_1_84' title="bbox 489 4832 2134 4904; baseline 0.005 -18"><span class='ocrx_word' id='word_1_637' title='bbox 489 4833 673 4900; x_wconf 88' lang='lat' dir='ltr'>scopi,</span> <span class='ocrx_word' id='word_1_638' title='bbox 708 4837 1106 4899; x_wconf 90' lang='lat' dir='ltr'>cognomento</span> <span class='ocrx_word' id='word_1_639' title='bbox 1159 4832 1507 4904; x_wconf 76' lang='lat' dir='ltr'>Jombaphae</span> <span class='ocrx_word' id='word_1_640' title='bbox 1541 4852 1791 4902; x_wconf 81' lang='lat' dir='ltr'>sorores,</span> <span class='ocrx_word' id='word_1_641' title='bbox 1847 4845 1908 4893; x_wconf 90' lang='lat' dir='ltr'>ut</span> <span class='ocrx_word' id='word_1_642' title='bbox 1940 4838 2134 4895; x_wconf 81' lang='lat' dir='ltr'>fratris</span> 
     </span>
    </p>
   </div>
   <div class='ocr_carea' id='block_1_85' title="bbox 487 4918 2130 4997">
    <p class='ocr_par' dir='ltr' id='par_1_85' title="bbox 487 4918 2130 4997">
     <span class='ocr_line' id='line_1_85' title="bbox 487 4918 2130 4997; baseline 0.006 -23"><span class='ocrx_word' id='word_1_643' title='bbox 487 4934 695 4974; x_wconf 91' lang='lat' dir='ltr'>necem</span> <span class='ocrx_word' id='word_1_644' title='bbox 730 4918 1173 4984; x_wconf 87' lang='lat' dir='ltr'>ulciscerentur,</span> <span class='ocrx_word' id='word_1_645' title='bbox 1202 4936 1493 4978; x_wconf 91' lang='lat' dir='ltr'>venenum</span> <span class='ocrx_word' id='word_1_646' title='bbox 1519 4923 1650 4993; x_wconf 88' lang='lat' dir='ltr'>ipsi,</span> <span class='ocrx_word' id='word_1_647' title='bbox 1701 4942 1822 4997; x_wconf 91' lang='lat' dir='ltr'>quo</span> <span class='ocrx_word' id='word_1_648' title='bbox 1854 4929 2130 4997; x_wconf 84' lang='lat' dir='ltr'>interiret,</span> 
     </span>
    </p>
   </div>
   <div class='ocr_carea' id='block_1_86' title="bbox 489 5007 2133 5084">
    <p class='ocr_par' dir='ltr' id='par_1_86' title="bbox 489 5007 2133 5084">
     <span class='ocr_line' id='line_1_86' title="bbox 489 5007 2133 5084; baseline 0.007 -23"><span class='ocrx_word' id='word_1_649' title='bbox 489 5007 816 5062; x_wconf 88' lang='lat' dir='ltr'>miscuisse.</span> <span class='ocrx_word' id='word_1_650' title='bbox 849 5009 1017 5073; x_wconf 89' lang='lat' dir='ltr'>Quod</span> <span class='ocrx_word' id='word_1_651' title='bbox 1049 5026 1184 5064; x_wconf 90' lang='lat' dir='ltr'>cum</span> <span class='ocrx_word' id='word_1_652' title='bbox 1219 5011 1295 5065; x_wconf 87' lang='lat' dir='ltr'>ad</span> <span class='ocrx_word' id='word_1_653' title='bbox 1318 5012 1472 5082; x_wconf 89' lang='lat' dir='ltr'>regis</span> <span class='ocrx_word' id='word_1_654' title='bbox 1526 5029 1699 5068; x_wconf 91' lang='lat' dir='ltr'>aures</span> <span class='ocrx_word' id='word_1_655' title='bbox 1753 5018 2133 5084; x_wconf 88' lang='lat' dir='ltr'>pervenisset,</span> 
     </span>
    </p>
   </div>
   <div class='ocr_carea' id='block_1_87' title="bbox 492 5096 2134 5163">
    <p class='ocr_par' dir='ltr' id='par_1_87' title="bbox 492 5096 2134 5163">
     <span class='ocr_line' id='line_1_87' title="bbox 492 5096 2134 5163; baseline 0.009 -15"><span class='ocrx_word' id='word_1_656' title='bbox 492 5101 705 5150; x_wconf 90' lang='lat' dir='ltr'>sancta</span> <span class='ocrx_word' id='word_1_657' title='bbox 731 5096 979 5152; x_wconf 90' lang='lat' dir='ltr'>Therme</span> <span class='ocrx_word' id='word_1_658' title='bbox 1008 5099 1206 5154; x_wconf 90' lang='lat' dir='ltr'>statim</span> <span class='ocrx_word' id='word_1_659' title='bbox 1239 5116 1370 5154; x_wconf 89' lang='lat' dir='ltr'>cum</span> <span class='ocrx_word' id='word_1_660' title='bbox 1405 5117 1606 5156; x_wconf 91' lang='lat' dir='ltr'>sorore</span> <span class='ocrx_word' id='word_1_661' title='bbox 1633 5106 1689 5155; x_wconf 92' lang='lat' dir='ltr'>et</span> <span class='ocrx_word' id='word_1_662' title='bbox 1716 5103 1931 5160; x_wconf 90' lang='lat' dir='ltr'>ancilla</span> <span class='ocrx_word' id='word_1_663' title='bbox 1977 5123 2134 5163; x_wconf 88' lang='lat' dir='ltr'>com-</span> 
     </span>
    </p>
   </div>
   <div class='ocr_carea' id='block_1_88' title="bbox 491 5184 2136 5259">
    <p class='ocr_par' dir='ltr' id='par_1_88' title="bbox 491 5184 2136 5259">
     <span class='ocr_line' id='line_1_88' title="bbox 491 5184 2136 5259; baseline 0.009 -22"><span class='ocrx_word' id='word_1_664' title='bbox 491 5184 787 5257; x_wconf 89' lang='lat' dir='ltr'>prehensa</span> <span class='ocrx_word' id='word_1_665' title='bbox 820 5190 922 5240; x_wconf 91' lang='lat' dir='ltr'>est.</span> <span class='ocrx_word' id='word_1_666' title='bbox 957 5189 1087 5242; x_wconf 88' lang='lat' dir='ltr'>Erat</span> <span class='ocrx_word' id='word_1_667' title='bbox 1113 5194 1308 5244; x_wconf 90' lang='lat' dir='ltr'>autem</span> <span class='ocrx_word' id='word_1_668' title='bbox 1338 5190 1463 5244; x_wconf 65' lang='lat' dir='ltr'>haec</span> <span class='ocrx_word' id='word_1_669' title='bbox 1482 5191 1647 5259; x_wconf 91' lang='lat' dir='ltr'>virgo</span> <span class='ocrx_word' id='word_1_670' title='bbox 1671 5192 1853 5246; x_wconf 90' lang='lat' dir='ltr'>sacris</span> <span class='ocrx_word' id='word_1_671' title='bbox 1882 5195 1939 5248; x_wconf 94' lang='lat' dir='ltr'>in</span> <span class='ocrx_word' id='word_1_672' title='bbox 1958 5197 2136 5251; x_wconf 90' lang='lat' dir='ltr'>rebus</span> 
     </span>
    </p>
   </div>
   <div class='ocr_carea' id='block_1_89' title="bbox 492 5273 2148 5348">
    <p class='ocr_par' dir='ltr' id='par_1_89' title="bbox 492 5273 2148 5348">
     <span class='ocr_line' id='line_1_89' title="bbox 492 5273 2148 5348; baseline 0.007 -20"><span class='ocrx_word' id='word_1_673' title='bbox 492 5273 807 5328; x_wconf 84' lang='lat' dir='ltr'>exercitata</span> <span class='ocrx_word' id='word_1_674' title='bbox 840 5290 850 5328; x_wconf 93' lang='lat'>:</span> <span class='ocrx_word' id='word_1_675' title='bbox 902 5275 1023 5330; x_wconf 90' lang='lat' dir='ltr'>imo</span> <span class='ocrx_word' id='word_1_676' title='bbox 1053 5294 1192 5332; x_wconf 91' lang='lat' dir='ltr'>vero</span> <span class='ocrx_word' id='word_1_677' title='bbox 1224 5295 1432 5335; x_wconf 91' lang='lat' dir='ltr'>omnes</span> <span class='ocrx_word' id='word_1_678' title='bbox 1454 5285 1621 5335; x_wconf 90' lang='lat' dir='ltr'>erant</span> <span class='ocrx_word' id='word_1_679' title='bbox 1651 5280 1708 5334; x_wconf 91' lang='lat' dir='ltr'>in</span> <span class='ocrx_word' id='word_1_680' title='bbox 1739 5283 1873 5336; x_wconf 84' lang='lat' dir='ltr'>Jesu</span> <span class='ocrx_word' id='word_1_681' title='bbox 1930 5284 2148 5348; x_wconf 80' lang='lat' dir='ltr'>Christi,</span> 
     </span>
    </p>
   </div>
   <div class='ocr_carea' id='block_1_90' title="bbox 491 5361 2134 5442">
    <p class='ocr_par' dir='ltr' id='par_1_90' title="bbox 491 5361 2134 5442">
     <span class='ocr_line' id='line_1_90' title="bbox 491 5361 2134 5442; baseline 0.007 -26"><span class='ocrx_word' id='word_1_682' title='bbox 491 5361 610 5416; x_wconf 88' lang='lat' dir='ltr'>ﬁde</span> <span class='ocrx_word' id='word_1_683' title='bbox 636 5362 859 5432; x_wconf 90' lang='lat' dir='ltr'>optime</span> <span class='ocrx_word' id='word_1_684' title='bbox 887 5362 1182 5421; x_wconf 82' lang='lat' dir='ltr'>institutae.</span> <span class='ocrx_word' id='word_1_685' title='bbox 1221 5369 1428 5424; x_wconf 90' lang='lat' dir='ltr'>Habita</span> <span class='ocrx_word' id='word_1_686' title='bbox 1447 5370 1519 5424; x_wconf 88' lang='lat' dir='ltr'>de</span> <span class='ocrx_word' id='word_1_687' title='bbox 1543 5368 1654 5423; x_wconf 90' lang='lat' dir='ltr'>illis</span> <span class='ocrx_word' id='word_1_688' title='bbox 1677 5372 1925 5442; x_wconf 66' lang='lat' dir='ltr'>quaestio</span> <span class='ocrx_word' id='word_1_689' title='bbox 1946 5372 2056 5428; x_wconf 88' lang='lat' dir='ltr'>fuit</span> <span class='ocrx_word' id='word_1_690' title='bbox 2082 5375 2134 5428; x_wconf 92' lang='lat' dir='ltr'>in</span> 
     </span>
    </p>
   </div>
   <div class='ocr_carea' id='block_1_91' title="bbox 492 5449 2139 5529">
    <p class='ocr_par' dir='ltr' id='par_1_91' title="bbox 492 5449 2139 5529">
     <span class='ocr_line' id='line_1_91' title="bbox 492 5449 2139 5529; baseline 0.008 -25"><span class='ocrx_word' id='word_1_691' title='bbox 492 5449 732 5521; x_wconf 87' lang='lat' dir='ltr'>palatio.</span> <span class='ocrx_word' id='word_1_692' title='bbox 773 5452 1006 5521; x_wconf 83' lang='lat' dir='ltr'>Maupta</span> <span class='ocrx_word' id='word_1_693' title='bbox 1032 5453 1188 5508; x_wconf 88' lang='lat' dir='ltr'>enim</span> <span class='ocrx_word' id='word_1_694' title='bbox 1222 5458 1520 5527; x_wconf 85' lang='lat' dir='ltr'>Magorum</span> <span class='ocrx_word' id='word_1_695' title='bbox 1547 5457 1814 5529; x_wconf 87' lang='lat' dir='ltr'>princeps</span> <span class='ocrx_word' id='word_1_696' title='bbox 1834 5476 1968 5514; x_wconf 91' lang='lat' dir='ltr'>cum</span> <span class='ocrx_word' id='word_1_697' title='bbox 1994 5462 2139 5518; x_wconf 90' lang='lat' dir='ltr'>duo-</span> 
     </span>
    </p>
   </div>
   <div class='ocr_carea' id='block_1_92' title="bbox 494 5537 2140 5618">
    <p class='ocr_par' dir='ltr' id='par_1_92' title="bbox 494 5537 2140 5618">
     <span class='ocr_line' id='line_1_92' title="bbox 494 5537 2140 5618; baseline 0.007 -24"><span class='ocrx_word' id='word_1_698' title='bbox 494 5537 609 5594; x_wconf 90' lang='lat' dir='ltr'>bus</span> <span class='ocrx_word' id='word_1_699' title='bbox 655 5538 781 5595; x_wconf 89' lang='lat' dir='ltr'>aliis</span> <span class='ocrx_word' id='word_1_700' title='bbox 832 5540 1197 5612; x_wconf 89' lang='lat' dir='ltr'>principibus</span> <span class='ocrx_word' id='word_1_701' title='bbox 1227 5544 1379 5614; x_wconf 89' lang='lat' dir='ltr'>regis</span> <span class='ocrx_word' id='word_1_702' title='bbox 1410 5547 1693 5604; x_wconf 90' lang='lat' dir='ltr'>mandato</span> <span class='ocrx_word' id='word_1_703' title='bbox 1717 5547 1901 5618; x_wconf 80' lang='lat' dir='ltr'>judex</span> <span class='ocrx_word' id='word_1_704' title='bbox 1950 5551 2140 5608; x_wconf 82' lang='lat' dir='ltr'>fuerat</span> 
     </span>
    </p>
   </div>
   <div class='ocr_carea' id='block_1_93' title="bbox 2244 4577 3898 4661">
    <p class='ocr_par' dir='ltr' id='par_1_93' title="bbox 2244 4577 3898 4661">
     <span class='ocr_line' id='line_1_93' title="bbox 2244 4577 3898 4661; baseline 0.011 -32"><span class='ocrx_word' id='word_1_705' title='bbox 2244 4577 2484 4650; x_wconf 87' lang='lat' dir='ltr'>reliquis</span> <span class='ocrx_word' id='word_1_706' title='bbox 2515 4581 2573 4635; x_wconf 90' lang='lat' dir='ltr'>in</span> <span class='ocrx_word' id='word_1_707' title='bbox 2602 4582 2893 4651; x_wconf 87' lang='lat' dir='ltr'>judicium</span> <span class='ocrx_word' id='word_1_708' title='bbox 2926 4589 3076 4639; x_wconf 85' lang='lat' dir='ltr'>esset</span> <span class='ocrx_word' id='word_1_709' title='bbox 3101 4585 3380 4651; x_wconf 88' lang='lat' dir='ltr'>adducta,</span> <span class='ocrx_word' id='word_1_710' title='bbox 3408 4591 3898 4661; x_wconf 87' lang='lat' dir='ltr'>perspectajudi-</span> 
     </span>
    </p>
   </div>
   <div class='ocr_carea' id='block_1_94' title="bbox 2245 4670 3890 4741">
    <p class='ocr_par' dir='ltr' id='par_1_94' title="bbox 2245 4670 3890 4741">
     <span class='ocr_line' id='line_1_94' title="bbox 2245 4670 3890 4741; baseline 0.01 -21"><span class='ocrx_word' id='word_1_711' title='bbox 2245 4681 2340 4720; x_wconf 90' lang='lat' dir='ltr'>ces</span> <span class='ocrx_word' id='word_1_712' title='bbox 2359 4670 2791 4738; x_wconf 82' lang='lat' dir='ltr'>pulchritudine</span> <span class='ocrx_word' id='word_1_713' title='bbox 2807 4673 2996 4741; x_wconf 86' lang='lat' dir='ltr'>ipsius</span> <span class='ocrx_word' id='word_1_714' title='bbox 3013 4674 3167 4741; x_wconf 91' lang='lat' dir='ltr'>(erat</span> <span class='ocrx_word' id='word_1_715' title='bbox 3186 4676 3339 4729; x_wconf 91' lang='lat' dir='ltr'>enim</span> <span class='ocrx_word' id='word_1_716' title='bbox 3360 4677 3550 4734; x_wconf 90' lang='lat' dir='ltr'>forma</span> <span class='ocrx_word' id='word_1_717' title='bbox 3564 4679 3890 4738; x_wconf 90' lang='lat' dir='ltr'>admodum</span> 
     </span>
    </p>
   </div>
   <div class='ocr_carea' id='block_1_95' title="bbox 2245 4758 3894 4829">
    <p class='ocr_par' dir='ltr' id='par_1_95' title="bbox 2245 4758 3894 4829">
     <span class='ocr_line' id='line_1_95' title="bbox 2245 4758 3894 4829; baseline 0.012 -21"><span class='ocrx_word' id='word_1_718' title='bbox 2245 4758 2516 4828; x_wconf 89' lang='lat' dir='ltr'>venusta)</span> <span class='ocrx_word' id='word_1_719' title='bbox 2550 4758 2828 4828; x_wconf 88' lang='lat' dir='ltr'>improbo</span> <span class='ocrx_word' id='word_1_720' title='bbox 2862 4761 3081 4829; x_wconf 88' lang='lat' dir='ltr'>singuli</span> <span class='ocrx_word' id='word_1_721' title='bbox 3103 4778 3306 4817; x_wconf 90' lang='lat' dir='ltr'>amore</span> <span class='ocrx_word' id='word_1_722' title='bbox 3329 4765 3708 4824; x_wconf 86' lang='lat' dir='ltr'>vehementer</span> <span class='ocrx_word' id='word_1_723' title='bbox 3734 4786 3894 4826; x_wconf 82' lang='lat' dir='ltr'>exar-</span> 
     </span>
    </p>
   </div>
   <div class='ocr_carea' id='block_1_96' title="bbox 2247 4849 3894 4929">
    <p class='ocr_par' dir='ltr' id='par_1_96' title="bbox 2247 4849 3894 4929">
     <span class='ocr_line' id='line_1_96' title="bbox 2247 4849 3894 4929; baseline 0.012 -32"><span class='ocrx_word' id='word_1_724' title='bbox 2247 4853 2447 4899; x_wconf 88' lang='lat' dir='ltr'>serunt</span> <span class='ocrx_word' id='word_1_725' title='bbox 2480 4865 2490 4900; x_wconf 87' lang='lat'><strong>:</strong></span> <span class='ocrx_word' id='word_1_726' title='bbox 2530 4862 2707 4901; x_wconf 90' lang='lat' dir='ltr'>nemo</span> <span class='ocrx_word' id='word_1_727' title='bbox 2739 4853 2942 4903; x_wconf 90' lang='lat' dir='ltr'>tamen</span> <span class='ocrx_word' id='word_1_728' title='bbox 2973 4849 3100 4903; x_wconf 90' lang='lat' dir='ltr'>aliis</span> <span class='ocrx_word' id='word_1_729' title='bbox 3122 4866 3246 4905; x_wconf 89' lang='lat' dir='ltr'>rem</span> <span class='ocrx_word' id='word_1_730' title='bbox 3269 4852 3573 4911; x_wconf 89' lang='lat' dir='ltr'>indicavit.</span> <span class='ocrx_word' id='word_1_731' title='bbox 3609 4857 3700 4914; x_wconf 89' lang='lat' dir='ltr'>Sic</span> <span class='ocrx_word' id='word_1_732' title='bbox 3725 4858 3894 4929; x_wconf 87' lang='lat' dir='ltr'>igitur</span> 
     </span>
    </p>
   </div>
   <div class='ocr_carea' id='block_1_97' title="bbox 2245 4932 2839 4991">
    <p class='ocr_par' dir='ltr' id='par_1_97' title="bbox 2245 4932 2839 4991">
     <span class='ocr_line' id='line_1_97' title="bbox 2245 4932 2839 4991; baseline 0.002 -4"><span class='ocrx_word' id='word_1_733' title='bbox 2245 4932 2376 4987; x_wconf 89' lang='lat' dir='ltr'>illas</span> <span class='ocrx_word' id='word_1_734' title='bbox 2409 4939 2548 4989; x_wconf 90' lang='lat' dir='ltr'>sunt</span> <span class='ocrx_word' id='word_1_735' title='bbox 2580 4934 2839 4991; x_wconf 83' lang='lat' dir='ltr'>allocuti.</span> 
     </span>
    </p>
   </div>
   <div class='ocr_carea' id='block_1_98' title="bbox 2320 5024 3895 5098">
    <p class='ocr_par' dir='ltr' id='par_1_98' title="bbox 2320 5024 3895 5098">
     <span class='ocr_line' id='line_1_98' title="bbox 2320 5024 3895 5098; baseline 0.012 -22"><span class='ocrx_word' id='word_1_736' title='bbox 2320 5026 2383 5076; x_wconf 89' lang='lat' dir='ltr'>ll.</span> <span class='ocrx_word' id='word_1_737' title='bbox 2418 5024 2530 5077; x_wconf 87' lang='lat' dir='ltr'>Cur</span> <span class='ocrx_word' id='word_1_738' title='bbox 2558 5025 2718 5078; x_wconf 85' lang='lat' dir='ltr'>orbis</span> <span class='ocrx_word' id='word_1_739' title='bbox 2743 5030 3036 5082; x_wconf 90' lang='lat' dir='ltr'>terrarum</span> <span class='ocrx_word' id='word_1_740' title='bbox 3063 5030 3282 5098; x_wconf 67' lang='lat' dir='ltr'>reginas</span> <span class='ocrx_word' id='word_1_741' title='bbox 3307 5048 3376 5087; x_wconf 91' lang='lat' dir='ltr'>ac</span> <span class='ocrx_word' id='word_1_742' title='bbox 3398 5033 3657 5091; x_wconf 70' lang='lat' dir='ltr'>dominae</span> <span class='ocrx_word' id='word_1_743' title='bbox 3682 5039 3895 5094; x_wconf 87' lang='lat' dir='ltr'>veneﬁ-</span> 
     </span>
    </p>
   </div>
   <div class='ocr_carea' id='block_1_99' title="bbox 2248 5111 3893 5194">
    <p class='ocr_par' dir='ltr' id='par_1_99' title="bbox 2248 5111 3893 5194">
     <span class='ocr_line' id='line_1_99' title="bbox 2248 5111 3893 5194; baseline 0.012 -30"><span class='ocrx_word' id='word_1_744' title='bbox 2248 5111 2404 5165; x_wconf 91' lang='lat' dir='ltr'>cium</span> <span class='ocrx_word' id='word_1_745' title='bbox 2439 5114 2690 5180; x_wconf 85' lang='lat' dir='ltr'>parastis</span> <span class='ocrx_word' id='word_1_746' title='bbox 2720 5115 2746 5169; x_wconf 90' lang='lat'><strong>?</strong></span> <span class='ocrx_word' id='word_1_747' title='bbox 2774 5117 2902 5180; x_wconf 89' lang='lat' dir='ltr'>Quo</span> <span class='ocrx_word' id='word_1_748' title='bbox 2933 5117 3178 5188; x_wconf 90' lang='lat' dir='ltr'>quidem</span> <span class='ocrx_word' id='word_1_749' title='bbox 3225 5122 3469 5178; x_wconf 90' lang='lat' dir='ltr'>crimine</span> <span class='ocrx_word' id='word_1_750' title='bbox 3521 5124 3715 5194; x_wconf 69' lang='lat' dir='ltr'>dignae</span> <span class='ocrx_word' id='word_1_751' title='bbox 3763 5129 3893 5185; x_wconf 91' lang='lat' dir='ltr'>estis</span> 
     </span>
    </p>
   </div>
   <div class='ocr_carea' id='block_1_100' title="bbox 2251 5200 3889 5285">
    <p class='ocr_par' dir='ltr' id='par_1_100' title="bbox 2251 5200 3889 5285">
     <span class='ocr_line' id='line_1_100' title="bbox 2251 5200 3889 5285; baseline 0.013 -32"><span class='ocrx_word' id='word_1_752' title='bbox 2251 5200 2455 5254; x_wconf 90' lang='lat' dir='ltr'>mortis</span> <span class='ocrx_word' id='word_1_753' title='bbox 2490 5201 2808 5271; x_wconf 88' lang='lat' dir='ltr'>supplicio.</span> <span class='ocrx_word' id='word_1_754' title='bbox 2845 5206 2943 5259; x_wconf 91' lang='lat' dir='ltr'>Hic</span> <span class='ocrx_word' id='word_1_755' title='bbox 2975 5213 3182 5264; x_wconf 88' lang='lat' dir='ltr'>sancta</span> <span class='ocrx_word' id='word_1_756' title='bbox 3198 5210 3444 5267; x_wconf 87' lang='lat' dir='ltr'>Therme</span> <span class='ocrx_word' id='word_1_757' title='bbox 3479 5216 3846 5285; x_wconf 91' lang='lat' dir='ltr'>respondens</span> <span class='ocrx_word' id='word_1_758' title='bbox 3878 5236 3889 5274; x_wconf 94' lang='lat'>:</span> 
     </span>
    </p>
   </div>
   <div class='ocr_carea' id='block_1_101' title="bbox 2250 5288 3893 5372">
    <p class='ocr_par' dir='ltr' id='par_1_101' title="bbox 2250 5288 3893 5372">
     <span class='ocr_line' id='line_1_101' title="bbox 2250 5288 3893 5372; baseline 0.015 -33"><span class='ocrx_word' id='word_1_759' title='bbox 2250 5288 2360 5341; x_wconf 88' lang='lat' dir='ltr'>Cur</span> <span class='ocrx_word' id='word_1_760' title='bbox 2392 5303 2519 5353; x_wconf 86' lang='lat' dir='ltr'>nos,</span> <span class='ocrx_word' id='word_1_761' title='bbox 2552 5290 2761 5361; x_wconf 85' lang='lat' dir='ltr'>inquit,</span> <span class='ocrx_word' id='word_1_762' title='bbox 2796 5291 2854 5347; x_wconf 94' lang='lat' dir='ltr'>in</span> <span class='ocrx_word' id='word_1_763' title='bbox 2886 5293 3108 5351; x_wconf 92' lang='lat' dir='ltr'>crimen</span> <span class='ocrx_word' id='word_1_764' title='bbox 3132 5299 3378 5364; x_wconf 87' lang='lat' dir='ltr'>vocatis,</span> <span class='ocrx_word' id='word_1_765' title='bbox 3403 5302 3568 5372; x_wconf 90' lang='lat' dir='ltr'>quod</span> <span class='ocrx_word' id='word_1_766' title='bbox 3593 5320 3627 5359; x_wconf 74' lang='grc' dir='ltr'>ει</span> <span class='ocrx_word' id='word_1_767' title='bbox 3654 5306 3893 5363; x_wconf 83' lang='lat' dir='ltr'>veritate</span> 
     </span>
    </p>
   </div>
   <div class='ocr_carea' id='block_1_102' title="bbox 2249 5377 3892 5453">
    <p class='ocr_par' dir='ltr' id='par_1_102' title="bbox 2249 5377 3892 5453">
     <span class='ocr_line' id='line_1_102' title="bbox 2249 5377 3892 5453; baseline 0.015 -25"><span class='ocrx_word' id='word_1_768' title='bbox 2249 5377 2410 5431; x_wconf 90' lang='lat' dir='ltr'>abest</span> <span class='ocrx_word' id='word_1_769' title='bbox 2436 5393 2621 5448; x_wconf 91' lang='lat' dir='ltr'>quam</span> <span class='ocrx_word' id='word_1_770' title='bbox 2643 5379 2988 5449; x_wconf 85' lang='lat' dir='ltr'>longissime</span> <span class='ocrx_word' id='word_1_771' title='bbox 3005 5385 3155 5440; x_wconf 86' lang='lat' dir='ltr'>?Cur</span> <span class='ocrx_word' id='word_1_772' title='bbox 3174 5388 3348 5443; x_wconf 92' lang='lat' dir='ltr'>nobis</span> <span class='ocrx_word' id='word_1_773' title='bbox 3371 5389 3704 5450; x_wconf 89' lang='lat' dir='ltr'>calumnias</span> <span class='ocrx_word' id='word_1_774' title='bbox 3729 5397 3892 5453; x_wconf 90' lang='lat' dir='ltr'>strui-</span> 
     </span>
    </p>
   </div>
   <div class='ocr_carea' id='block_1_103' title="bbox 2251 5463 3894 5549">
    <p class='ocr_par' dir='ltr' id='par_1_103' title="bbox 2251 5463 3894 5549">
     <span class='ocr_line' id='line_1_103' title="bbox 2251 5463 3894 5549; baseline 0.015 -32"><span class='ocrx_word' id='word_1_775' title='bbox 2251 5464 2321 5518; x_wconf 88' lang='lat' dir='ltr'>tis</span> <span class='ocrx_word' id='word_1_776' title='bbox 2345 5463 2373 5518; x_wconf 81' lang='lat'><strong>?</strong></span> <span class='ocrx_word' id='word_1_777' title='bbox 2415 5467 2470 5521; x_wconf 92' lang='lat' dir='ltr'>Si</span> <span class='ocrx_word' id='word_1_778' title='bbox 2504 5470 2859 5538; x_wconf 90' lang='lat' dir='ltr'>sanguinem</span> <span class='ocrx_word' id='word_1_779' title='bbox 2885 5479 3158 5529; x_wconf 89' lang='lat' dir='ltr'>nostrum</span> <span class='ocrx_word' id='word_1_780' title='bbox 3187 5476 3371 5543; x_wconf 91' lang='lat' dir='ltr'>sititis,</span> <span class='ocrx_word' id='word_1_781' title='bbox 3407 5479 3547 5549; x_wconf 88' lang='lat' dir='ltr'>quid</span> <span class='ocrx_word' id='word_1_782' title='bbox 3589 5482 3755 5539; x_wconf 91' lang='lat' dir='ltr'>vobis</span> <span class='ocrx_word' id='word_1_783' title='bbox 3792 5485 3894 5542; x_wconf 92' lang='lat' dir='ltr'>im-</span> 
     </span>
    </p>
   </div>
   <div class='ocr_carea' id='block_1_104' title="bbox 2251 5553 3892 5634">
    <p class='ocr_par' dir='ltr' id='par_1_104' title="bbox 2251 5553 3892 5634">
     <span class='ocr_line' id='line_1_104' title="bbox 2251 5553 3892 5634; baseline 0.016 -26"><span class='ocrx_word' id='word_1_784' title='bbox 2251 5553 2601 5625; x_wconf 91' lang='lat' dir='ltr'>pedimento</span> <span class='ocrx_word' id='word_1_785' title='bbox 2632 5561 2738 5629; x_wconf 91' lang='lat' dir='ltr'>est,</span> <span class='ocrx_word' id='word_1_786' title='bbox 2763 5561 3083 5632; x_wconf 88' lang='lat' dir='ltr'>quominus</span> <span class='ocrx_word' id='word_1_787' title='bbox 3105 5562 3273 5623; x_wconf 89' lang='lat' dir='ltr'>illum</span> <span class='ocrx_word' id='word_1_788' title='bbox 3291 5565 3550 5627; x_wconf 84' lang='lat' dir='ltr'>bibatis?</span> <span class='ocrx_word' id='word_1_789' title='bbox 3572 5570 3629 5627; x_wconf 89' lang='lat' dir='ltr'>Si</span> <span class='ocrx_word' id='word_1_790' title='bbox 3645 5578 3892 5634; x_wconf 87' lang='lat' dir='ltr'>mortem</span> 
     </span>
    </p>
   </div>
  </div>
