4110 6272
177 314 250 371 89
1310 321 1476 378 VITA
1514 323 1575 378 S.
1615 321 1911 379 THERME
1949 322 2037 385 ET
2074 324 2460 385 SOCIARUM.
3516 332 3595 391 90.

169 443 440 497 nostram
471 439 712 511 optatis,
741 454 876 496 ecce
903 456 1119 499 manus
1139 450 1347 502 vestrae
1368 447 1632 520 quotidie
1649 447 1820 504 caedi-
1852 447 1898 502 Α
1933 465 1964 504 e
1993 453 2146 507 terra
2166 452 2459 509 tollendas
2478 454 2959 525 pronuntiarunt,
2981 454 3146 527 quod
3167 455 3386 527 reginm
3406 455 3584 528 phar-

164 529 284 586 bus
309 530 779 602 coinquinantur
810 546 822 584 :
851 535 909 589 et
936 548 1046 589 nos
1078 540 1319 607 propter
1346 540 1532 594 Deum
1551 544 1821 594 nostrum
1933 556 2105 597 maca
2126 547 2590 615 praeparassent,
2621 544 2842 616 quibus
2872 545 3150 600 interiret.
3183 546 3583 615 Statimigitur

168 620 473 676 malumus
506 620 681 685 mori,
712 636 898 693 quam
928 622 1127 695 ipsum
1157 625 1457 696 abnegare
1490 643 1501 681 :
1537 633 1628 683 est
1664 628 1822 683 enim
1929 643 2031 684 rex
2062 629 2298 686 hancin
2320 647 2421 688 eas
2451 633 2802 689 sententiam
2837 632 2981 699 tulit,
3015 638 3075 687 ut
3105 648 3227 704 quo
3260 634 3465 689 mortis
3486 649 3582 703 ge-

166 710 289 765 vita
337 713 561 765 nostra.
605 711 670 765 Et
706 711 1226 782 quemadmodum
1266 716 1551 787 scriptum
1591 724 1695 783 est,
1758 720 1825 772 ut
1931 731 2068 772 nere
2102 720 2263 789 magi
2295 720 2511 776 vellent
2542 720 2938 777 afﬁcerentur.
2970 722 3451 791 Negabantenim
3477 724 3581 779 ho-

169 814 360 854 unum
386 802 569 855 Deum
592 798 936 867 adoremus,
960 806 1019 856 et
1044 801 1123 857 illi
1156 803 1262 859 soli
1286 804 1617 861 serviamus
1650 806 1693 874 ¹,
1736 805 1821 860 sic
1932 807 2122 862 mines
2160 809 2326 880 impii
2366 815 2544 882 atque
2585 811 2824 881 impuri,
2869 811 2996 867 ﬁeri
3034 827 3232 883 posse,
3277 817 3337 867 ut
3374 813 3581 882 regina

170 887 349 944 etiam
377 887 650 945 facimus.
676 891 740 943 Et
769 906 908 945 cum
925 890 1060 946 alibi
1080 892 1365 964 scriptum
1395 894 1505 950 sit:
1536 912 1566 945 ‹‹
1599 893 1821 949 Maleﬁ-
1927 897 2385 963 convalesceret,
2405 899 2517 954 nisi
2542 899 2839 969 virginum
2854 915 3106 970 corpora
3121 899 3271 955 duas
3296 900 3355 955 in
3384 906 3579 972 partes

168 992 273 1033 cos
302 993 425 1034 non
455 978 612 1034 sines
641 977 837 1033 vivere
866 980 888 1014 ²
918 1020 932 1047 ,
967 1000 994 1030 ››
1025 983 1335 1054 quomodo
1364 998 1474 1039 nos
1515 983 1815 1051 maleﬁcae,
1927 986 2008 1041 ita
2046 987 2505 1057 dissecarentur,
2548 992 2611 1044 ut
2647 989 2852 1058 regina
2892 1005 2996 1060 per
3037 988 3299 1044 medium
3338 989 3577 1046 illarum

168 1081 304 1138 quas
335 1067 531 1123 scelus
554 1066 613 1122 id
641 1067 880 1137 gravius
906 1084 1093 1142 prope
1126 1071 1223 1126 Dei
1248 1073 1642 1142 abnegatione
1662 1073 1816 1143 judi-
1926 1074 2243 1132 incederet.
2270 1076 2383 1133 Sed
2411 1080 2675 1148 Mauptas
2696 1093 2923 1142 rursus,
2956 1093 3093 1132 cum
3117 1077 3195 1132 ad
3218 1077 3578 1149 supplicium

167 1170 377 1212 camus
398 1158 426 1213 7
465 1156 707 1229 Utrique
744 1156 1009 1229 profecto
1045 1160 1279 1215 crimini
1312 1176 1472 1217 mors
1510 1163 1820 1233 proposita
1924 1163 2301 1230 ducerentur,
2334 1165 2412 1221 ad
2429 1170 2696 1221 sanctam
2730 1165 2902 1230 misit,
2935 1165 3038 1237 qui
3063 1166 3301 1229 diceret,
3334 1166 3384 1221 si
3410 1166 3581 1222 vellet

166 1248 275 1301 est.
308 1245 646 1301 Audiebant
669 1245 901 1316 judices
934 1248 1220 1318 virginem
1260 1265 1399 1305 cum
1430 1251 1732 1323 voluptate
1762 1256 1818 1306 et
1927 1251 2037 1306 sibi
2064 1251 2335 1323 obsequi,
2369 1258 2737 1321 curaturum,
2779 1258 2842 1309 ut
2874 1269 2982 1310 nec
3012 1257 3163 1325 ipsa,
3197 1270 3304 1309 nec
3334 1254 3577 1327 reliquae

165 1348 292 1405 prae
319 1334 778 1405 pulchritudinis
810 1339 990 1408 atque
1026 1338 1333 1410 sapientiai
1354 1339 1542 1410 ipsius
1562 1339 1817 1395 admira-
1928 1339 2137 1410 puellas
2168 1340 2655 1397 interﬁcerentur.
2688 1343 2942 1412 Atvirgo
2964 1348 3191 1409 sancta,
3215 1342 3376 1399 clara
3394 1358 3537 1399 voce
3561 1360 3575 1399 :

162 1422 325 1478 tione
354 1422 517 1495 loqui
546 1438 667 1479 non
698 1427 993 1494 poterant.
1028 1426 1142 1481 Sed
1170 1427 1422 1499 quisque
1454 1444 1659 1483 secum
1689 1429 1819 1499 ipse
1928 1430 2119 1493 Canis,
2141 1429 2350 1501 inquit,
2379 1430 2829 1498 immunde,cur
2853 1432 2981 1488 haec
2997 1431 3282 1504 loqueris,
3309 1448 3443 1504 quas
3466 1447 3577 1502 ego

165 1512 248 1568 sic
279 1511 583 1581 cogitabat
615 1527 629 1567 :
663 1515 879 1583 Regem
913 1514 1217 1583 hortabor,
1248 1521 1310 1570 ut
1336 1515 1468 1571 illas
1495 1516 1701 1571 liberet
1743 1521 1819 1582 ,et
1927 1516 2133 1572 audire
2165 1533 2283 1572 non
2301 1519 2887 1588 possum9Adﬁnem
2906 1520 3064 1576 enim
3092 1520 3272 1590 hujus
3290 1521 3421 1575 vitae
3440 1535 3576 1591 per-

166 1601 323 1657 hanc
365 1600 505 1656 mihi
548 1616 794 1657 uxorem
837 1602 1077 1658 ducam.
1122 1604 1384 1675 Mauptas
1423 1609 1626 1660 autem
1669 1626 1680 1657 :
1716 1606 1817 1660 Vix
1928 1605 2127 1660 venire
2158 1607 2355 1677 cupio,
2400 1613 2461 1662 ut
2500 1614 2784 1679 perpetuo
2813 1608 3038 1666 vivam.
3069 1609 3252 1677 Absit,
3298 1612 3361 1664 ut
3398 1609 3577 1664 cadu-

166 1690 407 1746 tandem
441 1693 614 1756 recte,
642 1689 856 1762 inquit,
884 1690 1103 1757 dixisti,
1130 1692 1304 1747 vobis
1336 1708 1456 1748 non
1484 1692 1660 1749 licere
1689 1709 1817 1750 esse
1926 1709 2061 1750 cam
2097 1695 2254 1750 hanc
2290 1696 2435 1751 mihi
2466 1697 2649 1753 vitam
2686 1712 2911 1768 parem,
2954 1713 3078 1769 qua
3111 1702 3297 1753 morte
3336 1712 3575 1769 peream

164 1777 484 1844 maleﬁcis;
507 1795 715 1835 verum
738 1779 1011 1836 fraternae
1033 1781 1239 1837 mortis
1263 1781 1619 1838 ulciscendae
1634 1798 1819 1838 causa
1852 1795 1897 1851 Β
1927 1784 2307 1854 sempiterna.

161 1868 226 1924 id
252 1869 658 1941 perpetrastis.
703 1869 791 1925 Ad
829 1870 956 1926 haec
994 1871 1162 1941 virgo
1202 1876 1413 1928 sancta
1451 1872 1761 1944 respondit
1801 1889 1814 1928 :
1998 1872 2062 1925 V.
2107 1874 2448 1929 Eduxerunt
2478 1874 2656 1943 igitur
2684 1874 2814 1931 illas
2843 1880 3010 1930 extra
3037 1873 3357 1939 civitatem,
3385 1877 3441 1931 et
3465 1888 3575 1945 pro

162 1959 319 2025 Quid
372 1958 511 2015 mali
555 1958 719 2016 fratri
766 1966 971 2016 nostro
1020 1961 1255 2028 accidit,
1309 1967 1372 2018 ut
1418 1977 1527 2018 nos
1577 1966 1819 2033 propter
1930 1976 2293 2034 unaquaque
2322 1963 2593 2033 ipsarum
2621 1963 2794 2018 binos
2820 1962 2990 2035 palos
3022 1963 3104 2018 ita
3129 1963 3482 2029 deﬁxerunt,
3514 1965 3579 2017 ut

158 2048 364 2120 ipsum
386 2064 423 2105 a
454 2049 570 2104 Deo
602 2048 836 2105 vivente
859 2050 1043 2107 vitam
1073 2056 1341 2107 nostram
1375 2051 1685 2122 sejungere
1713 2051 1820 2107 de-
1930 2051 2030 2104 uni
2056 2065 2265 2105 eorum
2290 2050 2530 2114 collum,
2565 2050 2729 2106 alteri
2763 2050 2943 2122 pedes
2974 2066 3182 2106 eorum
3214 2049 3529 2119 alligarent
3563 2064 3574 2103 :

154 2136 417 2193 beamus
442 2138 470 2194 ‘2
495 2138 782 2203 Quamvis
810 2139 968 2194 enim
991 2156 1100 2195 vos
1117 2140 1285 2196 illum
1310 2140 1691 2212 improbitate
1721 2156 1820 2197 ve-
1927 2144 2141 2194 etcum
2165 2154 2267 2194 eas
2298 2139 2379 2193 sic
2396 2138 2823 2208 extendissent,
2851 2142 3162 2210 assumpta
3180 2153 3343 2193 serra
3359 2136 3578 2203 fabrili,

152 2230 280 2283 stra
319 2231 376 2282 et
413 2226 794 2283 aemulatione
831 2227 1255 2295 interfeceritis,
1299 2234 1501 2285 tamen
1540 2229 1707 2297 vivit,
1764 2234 1820 2286 et
1930 2227 2197 2298 singulas
2226 2228 2286 2283 in
2317 2227 2490 2283 binas
2521 2232 2717 2300 partes
2747 2227 3174 2283 dissecuerunt.
3210 2228 3272 2281 Et
3309 2231 3474 2281 terna
3508 2225 3580 2281 1i-

154 2315 382 2385 gaudet
400 2316 459 2371 in
481 2331 667 2384 regno
689 2315 1125 2389 cmlesti:quod
1149 2318 1397 2390 quidem
1418 2334 1694 2389 regnum,
1716 2334 1822 2391 po-
1929 2333 2049 2388 gna
2073 2333 2321 2389 procera
2357 2318 2416 2372 in
2449 2332 2568 2373 una
2597 2322 2763 2389 parte
2795 2317 2925 2382 vite,
2951 2321 3117 2373 terna
3139 2317 3198 2371 in
3230 2316 3415 2372 altera
3444 2330 3583 2371 con-

155 2406 406 2461 tentiam
432 2405 824 2477 etimperium
856 2411 1119 2462 vestrum
1141 2412 1380 2463 evertet.
1403 2409 1545 2473 Quae
1563 2407 1664 2464 illa
1680 2424 1819 2463 cum
1931 2406 2266 2475 stituerunt,
2317 2406 2550 2478 illisque
2591 2410 2935 2462 sanctarum
2976 2406 3271 2475 virginum
3330 2420 3584 2475 corpora

156 2493 399 2562 diceret,
436 2494 746 2566 jusserunt
774 2510 876 2551 eas
914 2495 974 2551 in
1005 2511 1307 2553 carcerem
1336 2496 1497 2563 duci,
1531 2501 1589 2553 et
1627 2501 1822 2553 custo-
1931 2496 2390 2566 suspenderunt.
2413 2497 2456 2552 Ο
2482 2495 2888 2566 spectaculum
2918 2495 3282 2550 horrendum
3315 2510 3383 2549 ac
3412 2494 3585 2548 mise-

162 2582 298 2639 diri.
1929 2584 2140 2647 rabile,
2171 2585 2581 2655 spectaculum
2614 2584 2920 2655 lacrymis,
2952 2584 3134 2647 luctu,
3159 2588 3399 2655 stupore
3420 2587 3585 2651 etge-

240 2671 325 2728 lIl.
369 2671 636 2728 Diluculo
664 2677 864 2729 autem
906 2673 1063 2730 misit
1092 2673 1172 2729 ad
1201 2689 1335 2731 eam
1366 2677 1633 2747 Mauptas
1670 2690 1822 2731 nun—
1932 2674 2079 2730 mitu
2101 2674 2614 2745 prosequendum.
2652 2675 2707 2730 Si
2737 2676 2870 2745 quis
2898 2674 3197 2744 lacrymas
3232 2688 3349 2727 non
3382 2672 3581 2735 habet,

163 2762 339 2830 tium,
371 2762 473 2833 qui
504 2762 724 2818 diceret
751 2779 763 2816 :
799 2763 855 2819 Si
888 2762 996 2828 vis,
1029 2763 1217 2819 orabo
1266 2779 1489 2833 regem,
1526 2770 1588 2819 ut
1615 2763 1824 2821 liberet
1932 2763 2197 2830 accedat,
2222 2766 2277 2817 et
2306 2764 2703 2834 erumpentex
2719 2762 2905 2818 oculis
2928 2764 3057 2830 ejus
3087 2761 3276 2817 fontes
3294 2760 3586 2832 lacryma—

162 2866 271 2907 vos
293 2867 331 2907 a
356 2855 563 2917 morte,
591 2856 648 2906 et
667 2851 784 2907 eris
810 2851 953 2905 mihi
977 2867 1144 2906 uxor.
1180 2853 1409 2918 Quibus
1440 2853 1637 2907 verbis
1660 2853 1824 2909 audi-
1933 2867 2087 2906 rum.
2123 2854 2266 2906 Ecce
2296 2867 2551 2921 corpora
2582 2851 2841 2907 candida
2871 2856 2925 2907 et
2965 2855 3171 2906 sancta
3201 2854 3491 2920 tropaeum
3524 2849 3585 2903 in

162 2938 261 3003 tis,
293 2943 534 2993 strenua
564 2938 756 3007 virgo,
790 2939 896 2993 etsi
919 2954 1040 2993 non
1074 2940 1267 3009 potuit
1293 2955 1415 2994 non
1438 2942 1820 3007 commoveri,
1932 2938 2032 2995 via
2071 2940 2520 3004 constituerunt,
2562 2940 2621 2995 in
2663 2940 2882 3011 quibus
2922 2940 3039 2996 illae
3079 2938 3244 2993 omni
3288 2937 3420 2993 vitae
3461 2953 3587 2992 suae

162 3030 371 3083 tamen
401 3026 483 3081 ita
512 3026 820 3096 respondit
852 3044 863 3081 :
903 3027 979 3081 Os
1011 3031 1182 3082 tuum
1210 3025 1474 3091 obstrue,
1516 3028 1681 3082 canis
1718 3028 1824 3084 im-
1934 3032 2199 3099 tempore
2230 3028 2578 3097 gravitatem
2612 3034 2669 3085 et
2700 3028 3101 3096 virginitatem
3133 3028 3468 3084 coluerunt.
3504 3026 3588 3082 Li-

160 3114 409 3179 munde,
442 3114 681 3170 inimice
712 3114 831 3179 Dei,
850 3119 907 3171 et
929 3113 1128 3170 omnis
1147 3114 1443 3180 veritatis;
1471 3130 1580 3170 nec
1599 3115 1825 3171 audeas
1866 3141 1906 3197 C
1935 3116 2135 3171 bertas
2157 3118 2217 3171 in
2239 3117 2633 3184 ignominiam
2652 3133 2824 3173 versa
2848 3122 2938 3173 est
2969 3133 3198 3181 earum,
3231 3131 3360 3187 quae
3388 3114 3587 3171 mode-

154 3204 419 3275 amplius
435 3203 1007 3274 verbumimpurum
1025 3202 1331 3258 effundere
1352 3205 1413 3258 in
1437 3220 1613 3259 aures
1638 3219 1822 3261 meas.
1936 3205 2109 3259 stiam
2138 3209 2193 3259 et
2218 3205 2560 3272 aequitatem
2587 3206 2645 3259 in
2662 3206 2905 3276 proprio
2932 3205 3198 3261 thalamo
3212 3204 3585 3260 exercebant.

157 3296 361 3366 Neque
389 3292 550 3348 enim
581 3291 695 3347 ista
718 3291 997 3362 cogitatio
1028 3291 1187 3347 cadit
1212 3292 1269 3346 in
1301 3298 1564 3348 mentem
1598 3308 1818 3350 meam.
1936 3296 2081 3347 Ecce
2112 3292 2299 3362 gloria
2340 3297 2571 3349 mutata
2608 3299 2694 3349 est
2731 3295 2791 3347 in
2822 3293 3267 3348 contumeliam.
3311 3292 3589 3359 Quandiu

164 3383 345 3439 Absit.
377 3380 571 3439 Semel
591 3383 754 3437 enim
783 3380 981 3437 dicata
1008 3397 1145 3436 sum
1180 3380 1405 3437 Christo
1428 3380 1704 3449 Domino,
1728 3380 1823 3436 cui
1934 3380 2647 3454 quiescetetexspectabit
2669 3381 2873 3436 divina
2884 3381 3115 3453 justitia
3143 3383 3170 3437 ?
3202 3381 3313 3437 Sed
3346 3396 3484 3436 cum
3512 3380 3590 3436 ad

161 3472 557 3542 virginitatem
604 3486 803 3526 meam
847 3485 1041 3534 servo,
1081 3474 1139 3526 et
1185 3470 1368 3525 ﬁdem
1399 3486 1470 3525 ac
1514 3471 1825 3526 veritatem
1931 3470 2330 3541 judicandum
2383 3474 2684 3539 exsurget,
2736 3485 2856 3525 non
2908 3475 3110 3541 parcet
3150 3469 3430 3539 amplius,
3480 3484 3590 3524 nec

163 3560 313 3618 tueri
337 3558 548 3615 studeo
582 3575 596 3625 ;
630 3558 793 3613 solus
823 3558 981 3615 enim
1014 3563 1102 3614 est
1133 3558 1259 3614 sine
1294 3562 1559 3629 peccato,
1595 3564 1653 3615 et
1682 3558 1826 3614 libe-
1938 3559 2331 3615 miserebitur.
2358 3560 2552 3624 Quam
2575 3558 2762 3613 multa
2787 3557 2966 3614 audet
2992 3557 3310 3627 superbia:
3344 3572 3478 3629 quae
3511 3566 3590 3613 ta-

162 3664 297 3706 rare
325 3664 419 3704 me
452 3652 642 3720 potest
667 3647 745 3703 ab
770 3646 1101 3703 immundis
1138 3647 1441 3712 manibus,
1477 3653 1533 3704 et
1571 3647 1828 3720 impuris
1937 3664 2075 3703 men
2101 3664 2239 3704 cum
2270 3647 2561 3712 ceciderit,
2592 3663 2701 3703 nec
2730 3651 3066 3715 consurget,
3086 3661 3194 3701 nec
3210 3645 3457 3701 habebit
3486 3645 3589 3701 ubi

166 3736 628 3809 cogitationibus
655 3735 882 3792 vestris.
924 3735 1062 3792 Mori
1098 3751 1221 3792 non
1259 3736 1462 3802 timeo,
1504 3752 1614 3793 nec
1639 3736 1827 3791 ullum
1937 3738 2239 3793 consistat.
2284 3740 2415 3793 Huic
2454 3736 2717 3807 profecto
2757 3742 3102 3791 sanctarum
3142 3736 3303 3807 ligna
3362 3735 3590 3791 fructus

169 3825 352 3884 cadis
379 3840 570 3896 genus
596 3824 942 3881 reformido.
979 3826 1111 3880 Haac
1136 3824 1297 3881 enim
1318 3824 1433 3889 via,
1462 3840 1649 3897 quam
1682 3824 1828 3880 mihi
1932 3827 2175 3897 justitiae
2192 3826 2405 3882 ferunt.
2439 3827 2581 3881 Vere
2613 3824 2707 3880 isti
2736 3829 2876 3880 sunt
2900 3824 3130 3880 Arabim
3162 3824 3283 3894 lupi
3297 3824 3588 3888 crudeles,

169 3914 498 3983 adornatis,
522 3929 615 3970 me
632 3913 811 3970 ducet
826 3912 903 3969 ad
922 3912 1346 3970 charissimum
1366 3913 1608 3970 fratrem
1627 3930 1829 3969 meum
1938 3916 2325 3988 bibentesque
2344 3913 2719 3984 sanguinem,
2740 3913 2847 3986 qui
2869 3913 3120 3982 virgines
3144 3914 3249 3968 has
3274 3915 3596 3968 secuerunt

172 4002 902 4073 Simeonem,utdolorum
929 4006 985 4058 et
1005 4003 1357 4073 gemituum,
1386 4018 1539 4074 quos
1564 4009 1701 4074 post
1731 4018 1830 4058 ne-
1937 4019 2009 4059 ac
2026 4003 2482 4075 suspenderunt.
2508 4001 2742 4074 Deipsis
2756 4002 3058 4072 cogitabat
3071 4002 3277 4057 beatus
3298 4001 3597 4071 Propheta

167 4110 299 4151 cem
318 4094 506 4166 ipsius
524 4091 1151 4165 pertulitanimamea,
1174 4091 1458 4148 solatium
1483 4099 1538 4147 et
1558 4092 1829 4148 consola-
1938 4109 2076 4148 cum
2103 4093 2322 4149 diceret
2354 4109 2366 4146 :
2400 4112 2424 4143 α
2453 4091 2719 4147 Viventes
2753 4091 2957 4162 utique
2988 4090 3435 4146 absorbuissent
3457 4105 3591 4146 nos.

166 4182 394 4239 tionem
434 4181 748 4255 accipiam.
783 4180 1065 4236 Miserunt
1102 4180 1308 4236 itidem
1337 4181 1413 4236 ad
1453 4196 1587 4236 eam
1617 4181 1830 4253 reliqui
1942 4184 2089 4251 Cum
2126 4182 2480 4235 irasceretur
2519 4179 2680 4235 furor
2719 4194 2928 4234 eorum
2959 4179 3019 4233 in
3059 4194 3189 4244 nos,
3222 4178 3485 4234 viventes
3516 4177 3596 4234 ad

164 4271 287 4329 duo
310 4271 610 4344 principes
644 4270 885 4326 nuntios
916 4286 933 4327 :
964 4284 1119 4342 quos
1144 4268 1246 4325 illa
1271 4269 1491 4339 pariter
1520 4285 1657 4325 cum
1682 4269 1831 4324 indi-
1941 4268 2162 4325 inferos
2191 4267 2538 4323 deduxisset
2575 4282 2685 4323 nos
2713 4271 2756 4323 ³.
2785 4289 2805 4316 ι
2845 4266 2986 4332 Quis
3014 4271 3133 4322 tam
3157 4265 3426 4322 horribili
3451 4266 3597 4323 faci-

166 4362 456 4432 gnatione
480 4360 699 4431 rejecit.
729 4357 1137 4425 Quamobrem
1165 4373 1302 4413 cum
1334 4373 1396 4413 se
1425 4357 1613 4413 victos
1632 4358 1709 4413 ab
1731 4358 1832 4413 illa
1941 4372 2085 4413 nore
2118 4356 2298 4412 laetari
2326 4354 2715 4428 potuit?Quis
2748 4359 2868 4411 tam
2896 4354 3158 4410 immane
3182 4356 3593 4426 spectaculum

167 4450 595 4523 perspicerent,
637 4455 693 4504 et
740 4446 1129 4518 cupiditatem
1180 4461 1355 4501 suam
1405 4446 1649 4502 inanem
1698 4462 1830 4503 esse
1863 4490 1907 4544 Ι)
1942 4447 2071 4501 sine
2101 4445 2382 4517 lacrymis
2409 4444 2621 4500 intueri
2648 4444 2675 4500 ?
2706 4447 2889 4500 Nemo
2922 4443 3206 4514 profecto.
3242 4446 3353 4500 Aut
3385 4444 3433 4499 si
3459 4444 3597 4516 quis

165 4538 739 4601 animadverterent,
766 4534 1077 4591 consilium
1112 4533 1388 4599 inierunt,
1425 4541 1478 4589 et
1504 4534 1722 4591 falsum
1749 4542 1832 4592 at—
1863 4532 1905 4544 "
1943 4536 2148 4607 potuit,
2183 4534 2230 4589 is
2259 4534 2335 4589 ab
2360 4532 2620 4589 hominis
2644 4537 2861 4588 natura
2888 4537 2975 4588 est
2997 4532 3246 4595 alienus,
3278 4548 3386 4589 nec
3406 4547 3478 4588 ex
3500 4547 3594 4602 ge-

168 4644 289 4700 que
312 4627 590 4699 iniquum
609 4624 687 4682 ad
706 4640 909 4695 regem
928 4622 1333 4679 testimonium
1350 4622 1705 4690 detulerunt,
1729 4640 1831 4681 eas
1940 4620 2078 4680 nere
2114 4623 2304 4678 Adam
2334 4622 2632 4693 profectus
2665 4625 2777 4676 est.

172 4734 308 4774 esse
346 4714 670 4783 maleﬁcas,
703 4718 1051 4770 asserentes.
2012 4715 2094 4768 Vl.
2136 4712 2413 4767 Tulerunt
2450 4710 2624 4779 igitur
2662 4709 2955 4765 infelicem
2998 4709 3302 4778 Reginam,
3343 4724 3481 4780 quae
3530 4710 3594 4765 in

237 4807 331 4863 lV.
376 4806 505 4871 Quo
532 4820 635 4860 rex
662 4803 887 4867 audito,
925 4802 1202 4866 decrevit,
1235 4803 1299 4856 ut
1329 4800 1441 4856 nisi
1473 4800 1588 4858 Soli
1621 4801 1832 4858 immo-
1940 4818 2011 4859 ea
2027 4801 2123 4857 via
2140 4816 2245 4872 per
2269 4802 2609 4855 sanctarum
2635 4812 2889 4868 corpora
2911 4797 3157 4872 tram'it,
3185 4812 3407 4866 magna
3427 4796 3595 4854 illam

167 4895 388 4959 larent,
421 4892 850 4949 occiderentur.
880 4889 1051 4957 Quod
1080 4890 1327 4961 quidem
1356 4890 1663 4946 decretum
1694 4908 1831 4947 cum
1940 4894 2178 4945 caterva
2208 4890 2621 4959 prosequente.
2646 4887 2763 4941 Rex
2783 4883 2943 4940 enim
2962 4882 3119 4938 diB'En
3144 4882 3307 4938 illum
3338 4884 3593 4939 celebra~

169 4984 246 5040 ad
266 4998 379 5041 eas
410 4981 705 5054 perlatum
725 4984 899 5045 esset,
926 4978 1382 5051 responderunt,
1403 4994 1463 5033 se
1487 4979 1674 5034 Deum
1702 4978 1833 5034 coeli
1942 4979 2063 5035 bat.
2116 4976 2385 5048 Martyrio
2425 4978 2708 5031 coronata
2747 4980 2837 5029 est
2890 4978 3097 5028 sancta
3138 4973 3406 5040 Therme,
3460 4988 3598 5029 cum

169 5090 238 5129 ac
267 5078 449 5131 terrae
477 5069 816 5127 effectorem
838 5068 1121 5137 adorare;
1146 5067 1301 5124 nolle
1323 5071 1524 5125 autem
1546 5068 1832 5123 honorem
1944 5082 2143 5122 sorore
2175 5071 2230 5120 et
2258 5063 2491 5131 ancilla,
2517 5064 2694 5119 Nonis
2727 5060 2934 5133 Aprilis
2959 5060 3017 5115 in
3051 5060 3283 5117 Christo
3313 5062 3447 5115 Jesn
3484 5063 3600 5118 Do-

172 5163 291 5220 Deo
327 5161 626 5228 debitum,
655 5157 773 5215 Soli
800 5158 877 5213 ab
900 5156 1032 5229 ipso
1063 5160 1374 5229 procreato
1405 5156 1697 5213 tribuere:
1727 5172 1835 5213 nec
1945 5156 2106 5211 mino
2126 5160 2330 5210 nostro
2364 5170 2377 5220 ;
2411 5153 2503 5209 cui
2538 5152 2724 5221 gloria
2750 5166 2889 5206 cum
2916 5149 3293 5205 sanctissimo
3326 5152 3510 5215 Patre,
3542 5151 3599 5207 et

171 5251 302 5308 ullis
354 5248 531 5306 minis
571 5263 752 5321 posse
784 5263 820 5303 a
845 5246 1126 5302 charitate
1160 5245 1480 5303 Salvatoris
1509 5251 1563 5301 et
1600 5246 1834 5301 Domini
1943 5241 2373 5313 benignissimo
2412 5241 2597 5312 ipsius
2640 5238 2859 5311 Spiritu
2898 5237 3030 5292 vitae
3070 5236 3366 5307 largitore,
3409 5251 3593 5307 nunc,

177 5341 264 5397 sui
290 5343 433 5398 Jesu
460 5337 670 5396 Christi
714 5336 1001 5393 revocari.
1044 5336 1182 5401 Quas
1208 5350 1344 5391 cum
1375 5334 1662 5391 dixissent
1700 5350 1836 5391 san-
1943 5338 2001 5391 et
2030 5348 2288 5405 semper,
2320 5336 2377 5387 et
2404 5332 2466 5386 in
2498 5329 2716 5386 saecula
2749 5327 3127 5386 saeculorum.
3168 5332 3379 5383 Amen.

182 5433 285 5488 ctm
314 5429 603 5499 virgines,
638 5441 759 5484 uno
789 5426 950 5497 magi
976 5440 1276 5481 consensu
1315 5439 1655 5497 magnaque
1692 5439 1835 5481 voce
3299 5441 3305 5447 ’

259 5604 277 5643 ¹
319 5605 489 5665 Deut.
534 5618 607 5671 vi,
638 5617 690 5658 x.
768 5602 791 5636 ²
818 5599 1003 5659 Exod.
1028 5614 1222 5664 xxvm.
1256 5601 1337 5655 18.
1394 5603 1438 5663 ,³
1463 5597 1613 5656 Psal.
1646 5612 1837 5664 omn,
1864 5601 1916 5655 4.
