4110 6272
532 342 600 400 91
1920 332 2184 392 MENSIS
2221 329 2531 390 APRILIS.
3874 328 3935 382 92
4034 312 4039 317 ’

542 458 3915 488 ____________________________________________

1320 609 1461 752 S.
1584 603 2561 754 CALLIOPII
2682 599 3151 743 VITA

1680 954 1847 1044 ET
1964 946 2792 1041 MABTYRIUM.

1090 1184 1295 1247 (Latine
1332 1186 1477 1248 apud
1510 1186 1721 1236 Surium
1748 1184 1814 1237 ad
1850 1185 1992 1235 diem
2016 1185 2047 1233 7
2076 1182 2288 1248 Aprilis.
2326 1182 2502 1232 Greece
2532 1182 2585 1231 in
2617 1181 2735 1231 cod.
2773 1180 2936 1231 Paris.
2966 1192 3073 1228 non
3105 1177 3428 1227 invenimus.
3439 1198 3452 1231 ι

605 1454 646 1508 l.
675 1451 943 1508 Theoclia
962 1452 1174 1507 mulier
1200 1451 1480 1523 quaedam
1507 1452 1624 1523 pia,
1659 1467 1727 1507 ac
1754 1451 1965 1506 timens
1987 1450 2172 1504 Deum
2207 1447 2253 1503 A
2282 1447 2401 1503 lem
2435 1463 2505 1503 ac
2543 1446 2688 1502 deos
2727 1460 2959 1511 omnes,
3002 1443 3313 1517 praefectus
3352 1441 3564 1514 inquit,
3608 1440 3658 1496 si
3701 1440 3799 1495 vis
3832 1454 3952 1495 esse

536 1556 671 1596 cum
696 1546 813 1597 tota
826 1540 1051 1596 familia
1071 1558 1197 1605 sua,
1233 1542 1449 1595 multas
1470 1540 1723 1595 faciebat
1739 1540 2174 1610 eleemosynas,

534 1634 591 1685 et
632 1635 836 1685 sancte
863 1628 1119 1684 vivebat.
1156 1632 1285 1684 Haec
1316 1629 1439 1684 viro
1471 1629 1675 1700 nupsit
1704 1628 2023 1693 senatorio,
2073 1627 2176 1699 qui

533 1718 729 1774 nullos
770 1734 841 1773 ex
880 1733 967 1781 ea,
1000 1719 1291 1790 quoniam
1323 1724 1447 1774 erat
1477 1717 1705 1783 sterilis,
1738 1717 1956 1772 liberos
1999 1715 2178 1770 susci-

533 1805 736 1878 piebat
779 1822 792 1860 :
840 1807 936 1861 Dei
965 1813 1161 1861 tamen
1193 1822 1435 1862 munere
1467 1807 1702 1861 tandem
1737 1806 2025 1876 concepit.
2065 1804 2178 1859 Sed

534 1911 669 1950 cum
693 1895 887 1951 adhuc
909 1900 1137 1950 uterum
1163 1900 1405 1965 gereret,
1440 1895 1684 1950 maritus
1714 1895 1843 1965 ejus
1866 1894 2179 1949 defunctus

532 1988 635 2039 est.
656 1984 1056 2049 Quamobrem
1080 1985 1138 2040 in
1163 1999 1383 2053 magna
1403 1984 1704 2055 opulentia
1725 1984 1915 2038 ﬁlium
1938 1983 2177 2055 peperit,

532 2076 587 2128 et
603 2072 953 2144 Calliopium
981 2072 1319 2145 appellavit,
1339 2073 1438 2144 qui
1458 2072 1517 2127 in
1540 2072 1703 2127 omni
1723 2072 2061 2127 divinarum
2077 2071 2181 2126 Lil-

528 2164 790 2217 terarum
820 2162 1111 2233 sapientia
1139 2161 1428 2216 educatus
1457 2167 1560 2216 est.
1590 2164 1723 2216 Erat
1750 2166 1949 2216 autem
1981 2161 2181 2230 Pergaa

532 2249 894 2321 Pamphylia
912 2250 1222 2321 patricius;
1241 2266 1446 2305 verum
1468 2266 1604 2306 cum
1631 2266 1700 2305 eo
1724 2256 1989 2321 tempore
2002 2249 2181 2305 conti-

535 2337 736 2408 gisset,
775 2344 835 2394 ut
864 2338 1209 2395 idololatriae
1236 2355 1398 2394 error
1428 2339 1669 2409 vigeret,
1703 2344 1760 2394 et
1790 2340 1999 2395 veritas
2043 2355 2181 2394 con-

533 2425 788 2492 deretur,
820 2432 876 2481 et
908 2427 1072 2482 multi
1106 2427 1503 2483 sacriﬁcarent
1534 2428 1726 2493 idolis,
1757 2433 1999 2483 sanctus
2058 2428 2181 2484 Cal-

530 2512 747 2586 li0pius
760 2516 1242 2587 assiduejejuniis
1255 2522 1310 2572 et
1323 2517 1759 2587 precationibus
1776 2517 2179 2572 incumbebat.

534 2603 704 2667 Quod
717 2620 852 2659 cum
866 2604 942 2660 ad
949 2606 968 2675 j
981 2605 1180 2660 udices
1197 2606 1457 2660 delatum
1476 2610 1649 2669 esset,
1669 2607 1842 2661 beata
1857 2610 2044 2660 mater
2056 2606 2106 2675 ej
2118 2622 2184 2660 us

530 2691 803 2748 Theoclia
844 2693 1140 2747 consuluit
1186 2693 1326 2757 lilio,
1362 2699 1423 2748 ut
1453 2693 1677 2749 vitandi
1720 2693 1927 2763 judicii
1976 2709 2180 2759 causa,

2288 1539 2418 1608 pius
2446 1542 2502 1592 et
2526 1536 2637 1591 diis
2659 1534 2989 1603 immolare,
3022 1534 3226 1598 ﬁliam,
3252 1548 3436 1604 quam
3464 1531 3707 1586 unicam
3740 1529 3947 1593 habeo,

2288 1625 2391 1680 tibi
2423 1639 2668 1680 uxorem
2695 1624 2875 1679 dabo.
2896 1624 2950 1679 Si
2970 1638 3237 1688 uxorem,
3261 1621 3453 1692 inquit
3475 1619 3836 1691 Calliopius,
3857 1618 3952 1672 du-

2288 1729 2418 1769 cere
2440 1713 2856 1781 decrevissem,
2879 1728 2997 1767 non
3021 1712 3185 1784 prius
3204 1711 3392 1766 ﬁliam
3410 1715 3573 1765 tuam
3594 1710 3948 1781 acciperem;

2288 1819 2471 1872 quam
2504 1808 2690 1857 mater
2718 1818 2850 1858 mea
2872 1801 2931 1855 id
2956 1803 3128 1856 sciret
3147 1806 3202 1856 et
3229 1800 3611 1871 approbaret.
3632 1800 3856 1853 Verum
3879 1795 3952 1851 sic

2288 1892 2528 1956 habeto,
2572 1907 2666 1947 me
2708 1891 2941 1946 Christo
2983 1907 3116 1946 meo
3157 1888 3497 1955 credidisse,
3550 1892 3606 1943 et
3644 1887 3951 1958 pulverem

2290 1985 2469 2046 hunc,
2520 1997 2702 2052 quem
2750 1980 2905 2036 Deus
2951 1980 3250 2045 conﬂavit,
3286 1983 3342 2035 et
3373 1978 3448 2033 ad
3498 1976 3949 2032 similitudinem

2291 2087 2465 2125 suam
2499 2070 2653 2137 fecit,
2685 2086 2903 2141 purum
2936 2074 2990 2125 et
3020 2070 3144 2124 sine
3180 2068 3415 2123 macula
3452 2072 3587 2123 ante
3619 2065 3843 2121 Christi
3871 2064 3956 2119 tri-

2290 2159 2475 2215 bunal
2493 2159 2822 2214 sistendum
2844 2157 3416 2224 esse.Quamobrem
3437 2156 3548 2222 fac,
3584 2171 3722 2228 quae
3759 2153 3949 2210 tibivi-

2289 2249 2503 2305 dentur
2528 2265 2538 2304 :
2568 2264 2680 2317 ego
2706 2249 2861 2303 enim
2895 2247 3261 2302 Christianus
3292 2262 3447 2300 sum.

2362 2342 2451 2394 lll.
2510 2338 2959 2401 Scelestissime,
3022 2336 3218 2408 inquit
3271 2335 3559 2392 Maximus
3611 2333 3948 2403 praefectus,

2290 2427 2631 2483 istiusmodi
2662 2425 2857 2481 verbis
2876 2426 3138 2481 futurum
3163 2430 3358 2497 putas,
3384 2429 3447 2479 ut
3472 2425 3559 2479 ira
3585 2429 3950 2487 commotus,

2294 2521 2346 2571 te
2376 2515 2547 2570 celeri
2575 2514 2869 2586 supplicio
2895 2514 3234 2569 necandum
3268 2528 3471 2569 curem
3499 2510 3527 2566 ?
3554 2511 3819 2567 Falleris.
3855 2514 3950 2567 Ne-

2292 2620 2409 2676 que
2438 2604 2596 2659 enim
2627 2603 2687 2658 id
2722 2603 2935 2659 faciam
2971 2620 2982 2659 :
3028 2603 3131 2658 sed
3171 2619 3387 2674 corpus
3422 2608 3588 2657 tuum
3614 2601 3787 2656 omni
3833 2617 3954 2656 cru-

2295 2694 2561 2749 ciatuum
2616 2708 2829 2761 genere
2878 2692 3235 2756 confectum,
3270 2692 3329 2746 in
3356 2693 3556 2760 ignem
3612 2690 3952 2761 conjiciam.

532 2794 769 2848 aurum,
817 2781 1188 2849 vestimenta,
1235 2797 1551 2853 serv03que
1596 2787 1872 2848 sumeret,
1925 2785 1982 2837 et
2025 2782 2184 2837 illinc
2218 2795 2263 2849 Β
2296 2784 2548 2848 Quanto,
2584 2782 2775 2853 inquit
2813 2780 3158 2853 Calliopius,
3200 2780 3472 2852 pluribus
3508 2796 3601 2835 me
3641 2780 3955 2835 tormentis

532 2868 860 2937 navigaret.
887 2869 1356 2940 Pompeiopolim
1383 2870 1556 2941 igitur
1579 2871 1787 2927 Ciliciae
1821 2887 1884 2925 se
1912 2871 2181 2938 contulit,

530 2956 631 3011 ubi
664 2972 800 3012 cum
844 2959 1062 3027 impius
1094 2959 1405 3029 praefectus
1436 2960 1718 3015 Maximus
1775 2960 2179 3026 Bacchanalia,

532 3048 588 3100 et
611 3044 807 3111 ludos,
837 3051 893 3100 et
921 3046 1189 3112 choreas,
1224 3052 1279 3102 et
1309 3048 1586 3103 convivia
1616 3047 1788 3103 idolis
1839 3049 2182 3115 celebraret,

532 3132 944 3189 admirabatur
969 3135 1101 3205 pius
1133 3135 1497 3201 adolescens,
1531 3153 1810 3208 quamam
1840 3138 1937 3194 illa
1968 3144 2181 3195 essent.

533 3223 662 3294 Ipse
685 3223 842 3277 enim
859 3222 1098 3293 jejuniis
1131 3230 1416 3296 perpetuo
1439 3226 1711 3281 vacabat.
1738 3226 1825 3283 Ab
1847 3227 1961 3283 illis
1985 3228 2182 3301 igitur,

531 3310 634 3382 qui
666 3311 931 3377 aderant,
962 3320 1341 3384 percontatus
1371 3320 1479 3381 est,
1515 3315 1661 3387 quid
1694 3315 1836 3371 illud
1870 3322 2038 3372 esset.
2076 3320 2184 3381 Qui

532 3414 665 3453 cum
682 3401 1146 3471 respondissent,
1162 3403 1409 3461 deorum
1424 3420 1552 3459 esse
1566 3404 1969 3459 celebritatem
1991 3421 2004 3458 :
2022 3404 2183 3470 Veni,

528 3486 823 3559 inquiunt,
854 3494 908 3545 et
932 3497 1013 3554 tu,
1049 3496 1112 3545 ut
1138 3491 1391 3545 convivii
1421 3492 1727 3562 particeps
1764 3492 1893 3547 fias.
1918 3492 2005 3547 Ab
2048 3492 2181 3547 ille:

531 3575 910 3643 Christianus,
938 3578 1147 3651 inquit,
1192 3596 1344 3645 sum,
1389 3584 1443 3635 et
1479 3580 1775 3635 Christum
1808 3581 2055 3652 jejuniis
2095 3598 2187 3637 ce-

527 3661 713 3728 lebro,
748 3681 854 3720 nec
875 3681 1010 3736 quae
1034 3673 1169 3722 sunt
1198 3668 1505 3737 ﬂagitiosis
1536 3674 1707 3739 atque
1730 3668 1983 3741 impuris
2011 3670 2183 3726 idolis

528 3749 839 3807 immolata
867 3752 1000 3808 licet
1037 3754 1097 3807 in
1127 3770 1194 3809 os
1226 3770 1456 3823 eorum,
1489 3757 1593 3827 qui
1628 3756 1929 3812 Christum
1959 3760 2181 3825 colunt,

529 3838 785 3908 ingredi.

604 3930 665 3981 ll.
710 3930 842 3983 Hmc
863 3943 1001 3984 cum
1032 3929 1108 3984 ad
1131 3944 1306 3983 aures
1338 3929 1594 4001 prmfecti
1620 3932 2050 4002 pervenissent,
2074 3933 2182 3989 ira-

532 4015 750 4070 cundia
764 4017 1406 4087 plenus,jussiteumin
1428 4019 1655 4089 judicio
1681 4021 1823 4076 sisti.
1850 4022 2020 4086 Quod
2047 4038 2185 4077 cum

2293 2869 2680 2933 excruciabis,
2717 2874 2879 2925 tanto
2913 2870 3055 2924 mihi
3086 2885 3158 2925 ea
3186 2868 3498 2941 perferenti
3520 2883 3744 2923 corona
3765 2867 3956 2940 splen-

2293 2959 2488 3015 didior
2517 2964 2878 3016 contexetur.
2924 2962 3106 3015 Nemo
3144 2959 3323 3021 enim,
3361 2963 3422 3012 ut
3465 2958 3749 3029 scriptum
3795 2963 3889 3013 est
3916 2959 3954 3019 ¹,

4056 2814 4061 2989 4

2294 3049 2696 3115 coronabitur,
2748 3048 2860 3104 nisi
2907 3048 3167 3117 legitime
3204 3048 3527 3103 certaverit.
3575 3050 3736 3103 Tunc
3780 3046 3955 3103 Maxi-
4060 3098 4061 3105 η

2298 3157 2429 3196 mus
2454 3139 2795 3209 juissitutei
2826 3140 3019 3193 vincto
3052 3137 3375 3209 plumbatis
3392 3137 3569 3206 virgis
3590 3137 3799 3193 omnia
3817 3151 3959 3193 ossa

2295 3228 2825 3297 confringerentur.
2863 3230 3068 3281 Beatus
3101 3232 3298 3282 autem
3315 3226 3657 3297 Calliopius,
3682 3228 3834 3282 dum
3865 3242 3960 3281 va-

2296 3316 2561 3387 pularet:
2598 3316 2844 3379 Gratias,
2881 3316 3091 3387 inquit,
3121 3332 3236 3386 ago
3269 3316 3389 3382 tibi,
3422 3315 3668 3379 Christe,
3700 3315 3851 3387 quia
3879 3316 3960 3370 di-

2297 3419 2449 3473 gnus
2464 3402 2706 3460 effectus
2732 3420 2887 3469 sum,
2905 3405 3004 3476 qui
3021 3412 3263 3477 propter
3278 3420 3496 3460 nomen
3520 3410 3689 3460 tuum
3708 3405 3959 3461 verbera.

2296 3493 2669 3548 sustinerem.
2722 3494 2868 3554 Mihi,
2914 3494 3105 3565 inquit
3144 3494 3430 3550 Maximus
3472 3494 3810 3565 praefectus,
3855 3493 3958 3549 ob-

2296 3587 2559 3653 tempera
2590 3588 2645 3638 et
2666 3582 2780 3638 diis
2813 3583 3080 3649 immota,
3115 3589 3177 3638 ut
3208 3584 3467 3649 patriam
3500 3583 3728 3651 videas,
3762 3589 3821 3638 et
3836 3600 3960 3639 ma-

2294 3676 2441 3728 trem
2477 3677 2659 3737 tuam,
2690 3679 2744 3728 et
2776 3688 2847 3727 ne
2880 3671 3152 3743 spolieris
3182 3672 3401 3727 divitiis
3434 3688 3504 3728 ac
3536 3672 3787 3727 fortunis
3821 3672 3954 3728 tuis.

2292 3763 2743 3817 Tormentorum
2757 3760 2915 3816 enim
2930 3761 3114 3816 sentis
3128 3760 3534 3816 acerbitatem.
3553 3760 3954 3826 Dulcedinem,

2293 3847 2487 3919 inquit
2511 3848 2852 3919 CalliOpius,
2883 3848 3195 3919 promissae
3224 3864 3258 3904 a
3290 3848 3517 3904 Christo
3540 3848 3754 3921 quietis
3776 3849 3958 3921 degu-

2295 3933 2406 3995 sto,
2440 3938 2495 3984 et
2520 3936 2813 3987 tormenta
2841 3946 2963 3987 non
2995 3934 3205 3987 sentio.
3237 3935 3349 3987 Nec
3380 3932 3439 3988 in
3478 3932 3673 3988 aliena
3711 3935 3958 4002 regione

2296 4034 2391 4073 me
2428 4034 2559 4074 esse
2591 4024 2753 4091 puto,
2785 4036 2922 4075 cum
2958 4021 3189 4075 Domini
3230 4022 3301 4076 sit
3335 4025 3507 4086 terra,
3550 4026 3605 4076 et
3646 4020 3956 4092 plenitudo

531 4108 688 4198 esset
714 4104 936 4198 factum
960 4121 972 4159 :
1000 4106 1262 4178 Ecquod,
1298 4106 1489 4178 inquit
1518 4110 1822 4178 Maximus,
1849 4124 2071 4165 nomen
2099 4109 2187 4165 est
2224 4140 2264 4198 Ο
2295 4106 2423 4176 ejus
2463 4108 2505 4160 ³.
2558 4109 2619 4160 Et
2647 4108 2739 4161 hic
2766 4123 3008 4179 quoque
3038 4109 3289 4179 patriam
3334 4124 3534 4175 cerno,
3581 4116 3957 4183 matremque

529 4189 635 4246 tibi
662 4191 689 4246 ‘f
720 4192 1088 4249 Christianus
1122 4211 1276 4258 sum,
1308 4196 1520 4267 inquit,
1552 4202 1607 4253 et
1638 4196 1952 4270 Calliopius
1980 4215 2183 4263 vocor.

531 4280 1398 4355 Cur,aitMaximusprtefectus,
1430 4302 1566 4341 cum
1590 4302 1693 4358 per
1714 4288 1921 4343 orbem
1958 4290 2184 4344 univer.

528 4383 662 4423 sum
691 4368 941 4425 deorum
967 4371 1273 4429 celebritas
1306 4379 1645 4445 peragatur,
1676 4380 1738 4430 tu
1762 4376 1819 4430 in
1848 4377 1962 4431 isto
1984 4394 2179 4434 errore

525 4456 791 4527 persistis
820 4457 848 4513 Ὺ
876 4460 1005 4523 Vos,
1038 4460 1249 4531 inquit,
1284 4462 1627 4532 Calliopius,
1660 4479 1856 4519 errore
1898 4466 2177 4522 tenebris-

524 4560 643 4618 que
670 4545 1015 4610 versamini,
1038 4547 1161 4617 qui,
1196 4546 1395 4603 relicto
1424 4552 1539 4605 Deo
1562 4550 1808 4617 vivente,
1838 4554 1939 4625 qui
1961 4556 2177 4611 coelum

526 4636 583 4688 et
618 4638 857 4698 terram,
908 4638 963 4689 et
1004 4649 1140 4705 quaa
1191 4635 1250 4690 in
1298 4636 1381 4690 eis
1432 4644 1568 4693 sunt
1597 4641 1801 4697 omnia
1832 4642 2013 4697 verbo
2045 4660 2178 4715 pro-

525 4720 765 4788 creavit,
794 4736 940 4777 saxa
960 4738 1169 4777 sensus
1197 4725 1477 4795 expertia,
1502 4732 1557 4783 et
1578 4727 1740 4795 ligna
1765 4731 2021 4800 putrida,
2045 4749 2176 4804 quas

526 4813 666 4865 sunt
695 4825 985 4866 manuum
1012 4811 1332 4895 imiarum
1360 4829 1561 4885 opera,
1596 4816 1781 4873 colitis
1812 4824 1868 4874 et
1894 4819 2173 4878 adoratis.

522 4896 954 4967 Adolescentia,
978 4900 1166 4971 inquit
1188 4900 1522 4971 prmfectus,
1566 4908 1619 4959 te
1652 4907 2017 4976 petulantem
2048 4911 2177 4965 red-

525 4983 629 5048 dit,
671 4989 727 5041 et
768 5001 1021 5057 magnos
1073 4987 1176 5043 tibi
1208 4989 1503 5045 cruciatus
1532 4998 1723 5061 parat.
1757 4994 1855 5049 Dic
1898 4996 2093 5067 igitur,
2144 5014 2175 5054 e

524 5088 647 5144 qua
677 5079 847 5143 gente
875 5075 980 5140 sis,
1011 5080 1153 5131 etex
1174 5092 1295 5147 quo
1316 5092 1550 5146 genere.
1581 5083 1619 5135 E
1642 5083 1992 5155 Pamphylia
2019 5102 2173 5156 sum,

521 5161 719 5232 inquit
746 5162 1081 5235 Calliopius,
1116 5170 1171 5221 et
1199 5166 1482 5236 patricius
1511 5184 1743 5237 genere,
1773 5179 1847 5237 et,
1880 5173 2045 5245 quod
2074 5190 2177 5230 no-

522 5247 883 5307 bilissimum
904 5257 1014 5321 est,
1034 5253 1421 5311 Christianus.
1453 5255 1551 5311 Dic
1571 5257 1736 5324 mihi,
1763 5261 2175 5329 praefectusin-

2296 4210 2513 4249 meam.
2565 4198 2711 4250 Nam
2757 4202 2943 4250 mater
2984 4212 3138 4262 mea,
3169 4204 3256 4251 est
3287 4198 3499 4254 Christi
3553 4199 3809 4255 Ecclesia
3865 4218 3957 4255 sa-

2292 4290 2601 4340 crosancta
2617 4301 2629 4339 :
2646 4286 2901 4356 etpatria
2924 4302 3076 4352 mea,
3102 4288 3453 4343 estcmlestis
3480 4288 3580 4344 illa
3603 4288 3952 4345 Jerusalem.

2290 4377 2494 4431 Nostra
2515 4376 2674 4430 enim
2699 4376 3073 4431 conversatio
3103 4376 3160 4431 in
3176 4376 3440 4432 cmlisest
3468 4378 3696 4444 '.Quod
3728 4378 3777 4433 si
3808 4380 3955 4435 mihi

2288 4479 2633 4535 corpoream
2687 4469 2936 4520 matrem
2980 4465 3248 4535 objicias,
3310 4466 3451 4522 audi
3503 4467 3650 4539 quid
3686 4467 3951 4525 Christus

2289 4552 2441 4607 Deus
2468 4568 2636 4608 meus
2666 4553 2825 4608 dicat
2853 4571 2865 4608 :
2902 4576 2929 4602 «
2962 4554 3066 4619 Qui
3100 4559 3267 4610 amat
3298 4561 3528 4625 patrem
3556 4562 3661 4612 aut
3691 4563 3948 4614 matrem

2286 4640 2610 4713 plusquam
2640 4657 2751 4706 me,
2786 4656 2905 4696 non
2924 4648 3009 4697 est
3038 4660 3130 4697 me
3148 4644 3368 4713 dignus
3389 4645 3429 4699 ⁸,
3453 4665 3481 4695 »
3505 4648 3651 4701 Nam
3682 4646 3848 4718 quod
3873 4647 3953 4703 ad

2285 4728 2515 4785 divitias
2547 4730 2817 4801 pertinet,
2847 4746 2948 4785 eas
2974 4732 3230 4802 negligo,
3264 4738 3319 4789 et
3352 4734 3507 4790 malo
3540 4734 3751 4791 Christi
3774 4752 3953 4792 cruce

2285 4816 2487 4887 afﬂigi,
2520 4834 2705 4891 quam
2736 4819 2978 4875 caducis
3010 4820 3163 4876 stulti
3200 4822 3407 4878 mundi
3441 4823 3668 4879 deliciis
3700 4823 3834 4880 frui.

2356 4910 2439 4962 lV.
2480 4907 2767 4963 Maximus
2817 4909 3173 4979 praefectus:
3207 4913 3398 4977 Quam
3442 4919 3548 4980 est,
3582 4913 3793 4985 inquit,
3848 4931 3951 4971 ex-

2286 5010 2437 5051 cors.
2459 4996 2667 5051 Crudis
2698 4998 2893 5052 nervis
2926 5005 3191 5055 ventrem
3221 5002 3349 5071 ejus
3380 5003 3610 5068 caedite,
3642 5002 3945 5059 dicentes:

2287 5083 2409 5139 Noti
2439 5099 2623 5139 unum
2655 5101 2763 5157 pro
2795 5087 2911 5142 alio
2942 5088 3113 5143 stulte
3144 5090 3526 5161 respondere,
3562 5092 3667 5146 sed
3699 5097 3836 5163 apte
3866 5094 3947 5148 ad

2286 5172 2662 5245 interrogata.
2694 5176 2925 5242 Insane,
2946 5176 3138 5249 inquit
3160 5178 3503 5250 Calliopius,
3521 5184 3576 5235 et
3595 5180 3810 5253 quavis
3822 5181 3948 5239 fera

2285 5261 2596 5333 crudelior,
2627 5268 2683 5319 et
2705 5280 2739 5319 a
2765 5265 2973 5320 Christi
3006 5266 3242 5338 pietate,
3267 5268 3369 5340 qui
3390 5269 3449 5324 in
3477 5269 3639 5325 costis
3664 5275 3772 5336 est,
3805 5271 3947 5327 alie-

522 5338 669 5410 quit,
695 5344 970 5409 parentes
1001 5339 1187 5397 babes
1220 5343 1247 5399 ?
1273 5344 1469 5410 Mater,
1499 5347 1807 5418 respondit
1833 5348 2169 5421 Calliopius,
2206 5331 2253 5387 Π
2288 5365 2382 5419 ne,
2419 5352 2521 5407 tibi
2550 5331 2811 5407 veritatis
2838 5331 3129 5411 rationem
3161 5331 3417 5428 expono,
3443 5374 3626 5430 quam
3660 5366 3725 5414 tu
3757 5331 3945 5417 animi

525 5430 795 5498 superest
825 5440 841 5492 ;
868 5441 1011 5484 nam
1038 5435 1201 5499 pater
1212 5431 1340 5501 jam
1363 5431 1467 5488 diu
1484 5432 1801 5493 defunctus
1828 5442 1937 5494 est.
1964 5440 2069 5495 Per
2085 5455 2175 5495 so-

2284 5439 2470 5495 oculis
2500 5455 2622 5497 non
2644 5442 2857 5508 cernis,
2890 5459 3061 5499 aures
3086 5444 3427 5514 occludens,
3457 5463 3531 5505 ne
3557 5448 3794 5506 Domini
3821 5466 3944 5507 ser-

600 5605 615 5640 ¹
649 5603 696 5660 ll
729 5604 938 5674 Tim.n,
964 5612 1017 5667 5.
1095 5610 1116 5646 ²
1156 5608 1314 5665 Psal.
1341 5614 1503 5683 xxiu,
1531 5615 1582 5668 t.
1662 5618 1681 5649 ³
1721 5613 1968 5690 Philipp.
2011 5632 2091 5685 ιιι,
2122 5617 2179 5672 20

2294 5618 2310 5656 ³
2339 5616 2535 5687 Matth,
2565 5634 2624 5690 x,
2656 5618 2743 5677 37.
