4110 6272
160 332 236 390 93
1542 331 1709 392 VITA
1746 334 1787 391 S
1800 378 1815 395 .
1863 334 2195 399 CALLIOPI
3505 343 3585 402 94

164 474 409 517 monem
428 454 738 521 exaudias,
773 458 829 512 et
856 456 1268 529 contralegum
1283 459 1819 533 praeseriptajuhes
1852 461 1900 519 Α
1932 467 2132 520 autem
2188 464 2507 539 Calliopius
2533 466 2774 534 catenis,
2818 473 2873 524 et
2925 467 3191 540 corporis
3221 471 3454 525 tumore
3508 484 3583 525 ex

160 566 278 615 me,
311 554 605 621 tanquam
644 544 1034 613 homicidam,
1074 548 1430 606 verberari?
1459 552 1687 617 Rotam,
1732 553 1819 608 in-
1927 552 2610 620 verberibuscontracto,
2625 556 3037 622 cohibebatur,
3054 556 3583 629 quominusposset

160 639 291 713 quit
318 637 655 711 prmiectus,
685 634 971 691 collocato
997 640 1053 692 et
1105 652 1396 708 magnum
1441 639 1642 708 ignem
1689 656 1818 697 suc-
1929 657 2261 716 assurgere,
2294 648 2351 700 et
2375 645 2451 700 ad
2472 649 2723 701 matrem
2756 644 3061 702 accedere.
3099 644 3210 702 Sed
3235 646 3317 701 ita
3344 645 3579 702 locutus

156 726 410 785 cendite.
444 726 606 783 Rotas
634 730 797 783 tanta
824 723 883 779 vi
922 724 1200 795 alligatus
1234 730 1323 782 est
1352 726 1721 797 adolescens,
1754 734 1817 786 ut
1855 754 1892 786 ο
1924 736 2041 787 est:
2068 734 2411 804 Opportune
2424 733 2874 799 venisti,mater,
2908 738 2972 789 ut
3002 733 3163 789 testis
3177 750 3335 789 esses
3367 734 3577 790 Christi

156 820 315 873 totus
332 816 785 889 discerperetur.
803 818 932 883 Quo
949 816 1193 889 quidem
1213 817 1477 874 cruciatu
1495 834 1635 875 cum
1655 834 1814 875 acer-
1923 821 2314 878 cruciatuum.
2332 824 2513 879 Mater
2544 827 2744 878 autem
2775 822 2877 878 ﬁlii
2909 838 3126 894 corpus
3167 822 3460 894 aspiciens
3485 823 3579 879 di-

152 905 398 962 bissime
432 908 750 978 angeretur
780 921 794 963 :
824 905 1067 971 Christe,
1093 904 1304 978 inquit,
1335 911 1554 978 praesto
1584 906 1665 963 sis
1696 924 1812 965 ser-
1919 907 2245 967 laniatum:
2272 913 2445 968 Beata
2460 926 2590 983 ego,
2607 910 2799 983 inquit
2816 909 2893 965 ad
2916 910 3361 967 sanctissimum
3378 910 3568 967 ﬁlium

153 1010 233 1051 vo
262 999 386 1061 tuo,
410 999 475 1051 ut
503 994 579 1051 ad
619 994 801 1051 ﬁnem
834 1011 1024 1068 usque
1064 994 1339 1051 laudetur
1368 994 1429 1051 in
1463 1011 1557 1051 me
1589 1012 1809 1053 nomen
1919 1014 2094 1054 suum
2158 998 2527 1071 Calliopium,
2571 1005 2628 1057 et
2662 1000 2873 1055 beatus
2902 997 3130 1054 fructus
3182 998 3404 1054 ventris
3431 999 3571 1067 mei,

153 1087 346 1152 tuum,
388 1086 667 1157 quamvis
696 1084 978 1154 indignus
1016 1084 1129 1141 sim
1167 1099 1374 1140 servus
1408 1093 1584 1140 tuus:
1618 1090 1675 1142 et
1712 1102 1808 1142 co-
1919 1088 2231 1159 quoniam,
2278 1094 2549 1154 utAnna,
2583 1087 2780 1144 dicavi
2820 1092 2874 1143 te
2904 1103 3143 1143 sacrum
3194 1104 3413 1143 munus
3461 1090 3573 1144 Do-

146 1177 439 1242 gnoscent
476 1188 703 1236 omnes,
740 1188 862 1242 eos,
902 1173 1008 1245 qui
1038 1172 1099 1228 in
1131 1177 1184 1228 te
1212 1178 1475 1245 sperant,
1508 1190 1631 1230 non
1671 1191 1806 1230 con-
1919 1178 2083 1233 mino
2110 1180 2247 1233 Jesu
2278 1178 2541 1235 Christo:
2575 1184 2638 1234 ut
2665 1180 2810 1234 Sara
2838 1176 3026 1232 obtuli
3057 1182 3109 1232 te
3150 1180 3268 1232 Deo
3292 1176 3573 1233 holocau-

138 1260 308 1317 fundi
335 1261 395 1317 in
431 1268 741 1318 aeternum.
778 1263 986 1319 Statim
1011 1261 1189 1332 igitur
1216 1262 1508 1318 accedens
1550 1264 1804 1333 angelus
1919 1269 2074 1321 stum
2132 1270 2389 1336 gratum,
2440 1272 2494 1322 et
2542 1270 2853 1337 acceptum
2899 1264 3149 1320 Domino
3190 1264 3567 1321 sacriﬁcium.

138 1351 262 1416 Dei,
304 1351 620 1409 ﬂammam
689 1351 1023 1409 carbonum
1053 1352 1376 1407 exstinxit:
1427 1356 1481 1408 et
1523 1352 1800 1417 ministri,
1915 1354 2125 1410 Mansit
2170 1358 2373 1410 autem
2404 1359 2590 1411 totam
2635 1358 2869 1409 noctem
2902 1353 3062 1410 illam
3086 1353 3145 1408 in
3190 1370 3426 1409 carcere
3491 1354 3571 1410 ad

133 1453 275 1496 cum
296 1440 511 1497 vellent
538 1446 733 1496 rotam
761 1440 1012 1509 volvere,
1044 1456 1166 1496 non
1197 1445 1495 1512 poterant.
1533 1441 1795 1497 Delicata
1914 1442 2100 1513 ipsius
2122 1442 2304 1515 pedes
2329 1448 2612 1514 postrata.
2648 1443 2823 1500 Simul
2864 1447 3066 1498 autem
3124 1442 3308 1499 ambo
3364 1457 3571 1513 preca-

130 1529 522 1601 autemipsius
538 1529 1506 1598 membratotamrotamsanguine
1524 1544 1799 1601 consper-
1909 1530 2148 1595 bantur,
2190 1536 2246 1586 et
2275 1531 2608 1587 laudabant
2651 1535 2853 1587 Deum.
2886 1534 2950 1586 Et
2981 1531 3141 1587 circa
3175 1530 3439 1587 mediam
3464 1546 3568 1587 no-

131 1623 357 1674 serunt.
428 1620 565 1674 Erat
606 1618 768 1674 enim
810 1618 999 1674 aeutis
1042 1617 1259 1687 gladiis
1314 1617 1791 1673 circummunita.
1908 1624 2062 1675 ctem
2095 1620 2431 1689 magnalux
2462 1636 2753 1675 carcerem
2776 1619 3106 1685 illustravit,
3136 1625 3192 1675 et
3217 1635 3329 1674 vox
3353 1635 3454 1674 eos
3481 1619 3565 1674 sic

128 1708 313 1765 Jussit
334 1713 535 1763 autem
562 1707 876 1780 praefectus
927 1723 1067 1764 eum
1108 1706 1273 1772 solvi,
1303 1711 1360 1762 et
1387 1722 1421 1763 a
1451 1712 1584 1763 rota
1602 1707 1791 1763 dimo-
1904 1707 2162 1763 allocuta
2217 1714 2340 1765 est:
2377 1711 2488 1764 Vos
2516 1709 2655 1764 estis
2700 1708 2888 1764 sancti
2933 1709 3031 1763 Dei
3056 1712 3112 1764 et
3164 1708 3373 1764 Christi
3425 1722 3567 1763 con-

132 1797 278 1853 veri.
311 1799 679 1869 Spectatores
698 1798 997 1861 dicebant,
1015 1796 1308 1867 judicium
1339 1796 1485 1852 illud
1517 1796 1789 1869 iniquum
1823 1812 1862 1865 B
1903 1796 2621 1870 fessores,eversoresque
2640 1798 2957 1865 idolorum,
2979 1798 3081 1869 qui
3107 1797 3359 1868 patriam
3383 1801 3561 1868 etpe-

132 1892 367 1949 esse;et
389 1886 877 1959 dolebant,quod
895 1886 1021 1942 talis
1038 1886 1387 1942 adolescens
1437 1886 1789 1942 tamacerbe
1902 1888 2111 1942 cunias
2140 1886 2477 1959 reliquistis,
2522 1894 2733 1942 utcum
2776 1886 3004 1943 Christo
3047 1884 3421 1957 pateremini.

136 1980 534 2047 torqueretur.
571 1977 683 2032 Sed
733 1974 1057 2033 Maximus:
1116 1978 1338 2039 Nonne,
1400 1974 1612 2046 inquit,
1668 1975 1789 2030 dixi
1972 1977 2058 2030 Vl.
2102 1980 2246 2032 Cum
2276 1981 2472 2031 autem
2505 1975 2811 2039 illuxisset,
2861 1974 3208 2047 praefectus:
3261 1976 3436 2039 Voca,
3471 1974 3557 2029 in-

135 2063 260 2131 tibi,
294 2069 350 2120 te
382 2064 782 2121 adolescentia
811 2080 941 2121 esse
972 2063 1356 2135 petulantem,
1383 2067 1440 2120 et
1477 2068 1792 2135 propterea
1897 2066 2046 2136 quit,
2082 2065 2545 2121 Christianorum
2580 2071 2755 2119 sectas
2802 2062 3139 2118 studiosum
3180 2061 3553 2133 Calliopium.
3644 2068 3667 2089 "

134 2153 514 2225 gravioribus
545 2153 907 2209 cruciatibus
936 2153 1215 2209 aﬁ‘ectum
1242 2151 1343 2208 iri?
1357 2153 1531 2209 Canis
1553 2195 1566 2219 ,
1600 2153 1791 2225 inquit
1900 2154 2227 2210 Demetrius
2255 2159 2453 2209 autem
2484 2153 2749 2209 centurio
2764 2153 2839 2208 ad
2854 2152 3206 2222 Calliopium
3232 2154 3426 2206 :Nunc
3445 2150 3557 2206 sal-

134 2242 478 2315 Calliopius,
508 2242 1048 2314 impudentissime,
1083 2248 1144 2297 tu
1185 2258 1281 2298 me
1311 2242 1397 2297 sic
1444 2242 1788 2314 alloqueris,
1900 2248 2039 2312 tem,
2072 2243 2284 2315 inquit,
2309 2241 2634 2298 abinsania
2659 2241 3432 2311 discede,etimperatorum
3448 2239 3555 2293 de-

130 2331 308 2403 quasi
338 2330 752 2387 crudelissima
769 2346 1038 2386 recusem
1065 2331 1465 2401 autdeprecer
1494 2336 1789 2387 tormenta
1900 2334 2070 2389 cretis
2099 2334 2541 2404 obtemperans,
2584 2331 2696 2386 diis
2727 2330 3019 2398 sacriﬁca,
3048 2334 3113 2384 ut
3143 2328 3306 2383 vivas
3335 2344 3348 2383 :
3409 2326 3557 2383 alio-

130 2427 255 2477 tua.
288 2420 515 2485 Infelix,
542 2420 735 2492 inquit
760 2420 1090 2492 praefectus,
1124 2419 1316 2476 credis
1343 2420 1790 2476 tecontumeliis
1896 2422 2045 2495 quin
2070 2418 2866 2490 utMagistertuussuﬁigeris
2890 2419 2949 2474 in
2977 2434 3233 2473 crucem.
3254 2415 3550 2478 Admiror.

129 2508 501 2575 eﬂ'ecturum,
535 2516 599 2566 ut
627 2515 679 2565 te
708 2510 953 2565 celerius
981 2508 1381 2567 occidendum
1421 2525 1647 2566 curem.
1682 2512 1785 2564 Ve-
1900 2509 2442 2581 inquitCalliopius.
2471 2509 2901 2579 impudentiam
2925 2506 3218 2576 tuam,qui
3243 2521 3376 2560 cum
3399 2519 3555 2575 saepe

127 2615 265 2655 rum
294 2599 455 2654 haud
488 2598 570 2656 ita
597 2600 724 2655 erit.
752 2600 871 2654 Diis
901 2599 1077 2671 igitur
1106 2599 1377 2665 immola,
1408 2605 1471 2655 ut
1491 2615 1628 2671 qua:
1660 2598 1788 2653 reli-
1897 2615 1963 2655 ex
1996 2614 2091 2654 me
2121 2598 2381 2653 audieris
2413 2598 2808 2653 Christianum
2868 2612 2962 2651 me
3006 2611 3163 2659 esse,
3189 2599 3245 2649 et
3277 2592 3556 2648 Christia-

124 2704 250 2760 qua
281 2692 440 2751 sunt,
472 2692 770 2744 tormenta
791 2687 1153 2745 lucrifacias.
1195 2690 1325 2745 Non
1356 2689 1667 2761 permittet,
1700 2688 1791 2745 in-
1898 2703 2045 2743 num
2076 2703 2204 2742 esse
2236 2687 2609 2749 moriturum,
2642 2691 2698 2740 et
2719 2686 2777 2740 in
2809 2684 3040 2739 Christo
3074 2683 3391 2742 victurum,
3433 2686 3550 2737 tam

124 2777 255 2849 quit
284 2776 627 2847 Calliopius,
657 2776 921 2832 Christus
952 2793 1144 2842 meus,
1176 2782 1465 2849 utpuram
1499 2793 1698 2833 meam
1726 2777 1787 2833 in
1898 2776 2278 2848 impudenter
2310 2790 2523 2847 pergas
2553 2774 2850 2829 veritatem
2918 2784 3290 2843 oppugnare.
3324 2768 3553 2824 Festino

128 2869 317 2922 Deum
348 2865 529 2919 ﬁdem
557 2870 878 2932 pervertas.
908 2864 1203 2919 Arbitratu
1224 2872 1328 2921 tuo
1355 2882 1789 2937 corpusexcru-
1900 2864 2400 2935 eamdem,quam
2415 2863 2685 2932 Magister
2702 2878 2869 2917 meus
2897 2860 3151 2933 pertulit,
3177 2861 3427 2912 mortem
3449 2872 3555 2926 op-

128 2954 247 3019 cia,
270 2958 617 3024 recepturus
648 2967 685 3007 a
712 2953 909 3007 Deoin
941 2951 1036 3006 die
1052 2951 1259 3023 judicii
1290 2954 1498 3008 merita
1519 2955 1786 3025 praemia.
1900 2957 2116 3024 petere.
2158 2955 2288 3007 Haec
2342 2968 2478 3007 cum
2534 2950 2627 3005 ille
2657 2950 2925 3014 dixisset,
2980 2948 3290 3019 praefectus
3345 2960 3416 3000 ex
3469 2958 3555 2998 re-

128 3043 258 3108 Oua
298 3043 457 3096 enim
490 3055 773 3095 mensura
805 3039 1047 3104 metiris,
1067 3038 1278 3094 eadem
1300 3041 1639 3095 remetietur
1664 3042 1789 3099 tibi.
1902 3041 2144 3112 sponsis
2166 3041 2432 3112 martyris
2444 3039 2919 3095 animadvertens
2934 3054 3061 3093 eum
3080 3053 3114 3092 a
3133 3032 3439 3106 proposito
3455 3031 3555 3087 de-

130 3128 579 3201 Ferreis,inquit
607 3128 916 3195 Maximus,
931 3128 1155 3184 catenis
1172 3128 1437 3183 vinctum
1469 3128 1525 3183 in
1558 3128 1791 3185 interio-
1833 3156 1872 3211 ρ
1901 3129 2039 3184 duci
2071 3144 2192 3183 non
2232 3144 2431 3199 posse,
2464 3128 2817 3183 sententiam
2839 3127 2986 3192 tulit,
3017 3123 3302 3196 utquinta
3333 3119 3554 3176 Sabba-

124 3234 253 3275 rem
292 3233 592 3274 carcerem
626 3217 898 3287 conjicite
934 3231 949 3283 ;
979 3232 1159 3272 nemo
1189 3231 1396 3271 curam
1427 3216 1583 3272 illius
1600 3224 1786 3287 gerat;
1847 3208 1862 3211 ⁷
1901 3219 2097 3271 torum
2127 3216 2445 3270 Paschaein
2468 3231 2700 3270 crucem
2718 3219 3009 3284 ageretur.
3040 3211 3209 3278 Quod
3226 3208 3555 3279 materejus

122 3305 651 3378 nemoimpiorum
676 3305 1011 3361 amicorum
1053 3304 1132 3360 ad
1170 3321 1309 3360 eum
1340 3305 1787 3371 accedat;bea-
1896 3303 2251 3373 intelligens,
2294 3304 2561 3375 quinque
2608 3319 2891 3357 nummos
2954 3299 3235 3355 ministris
3268 3296 3451 3365 dedit,
3492 3298 3554 3350 ut

123 3400 253 3453 tum
286 3411 347 3451 se
368 3399 534 3467 putet
554 3395 633 3451 ob
655 3399 1055 3458 eatormenta,
1079 3394 1299 3466 quibus
1326 3399 1567 3466 propter
1595 3394 1784 3466 ipsius
1894 3407 2033 3447 eum
2088 3392 2383 3447 contraria
2422 3393 2667 3455 ratione,
2726 3405 2908 3461 quam
2949 3388 3211 3444 Christus
3267 3384 3552 3440 Dominus

121 3484 490 3557 impietatem
512 3484 801 3540 adversus
831 3484 975 3540 deos
1010 3483 1259 3540 affectus
1296 3487 1404 3538 est.
1441 3484 1647 3541 Statim
1677 3484 1783 3553 igi-
1893 3479 2213 3536 cruciﬁxus
2242 3478 2367 3546 fuit,
2397 3478 2711 3548 aﬁ‘igerent
2741 3477 2928 3534 cruci.
2962 3475 3177 3543 Quinto
3204 3473 3381 3542 igitur
3410 3471 3555 3528 Sab-

122 3578 221 3630 tur
286 3573 524 3629 vinctus
549 3573 608 3628 in
634 3588 931 3629 carcerem
975 3572 1314 3629 interiorem
1340 3573 1646 3644 conjectus
1671 3578 1779 3641 est,
1890 3568 2171 3625 batorum
2202 3584 2427 3640 pronus
2453 3567 2512 3622 in
2544 3572 2724 3638 caput
2755 3565 3075 3622 cruciﬁxus
3104 3568 3213 3627 est,
3246 3566 3302 3617 et
3326 3560 3421 3615 die
3452 3561 3556 3614 Pa-

122 3662 229 3719 ubi
265 3662 390 3717 sine
418 3661 853 3718 intermissione
892 3662 1079 3717 Deum
1117 3661 1422 3717 laudabat.
1889 3673 2168 3714 rasceves
2207 3657 2475 3712 animam
2502 3656 2637 3725 egit.
2674 3658 2739 3710 Et
2777 3670 2886 3709 vox
2919 3652 2992 3708 de
3019 3651 3169 3707 coelo
3201 3649 3406 3705 audita
3443 3653 3551 3712 est,

198 3754 262 3808 V.
292 3752 390 3807 His
420 3750 660 3815 auditis,
703 3755 910 3816 mater,
947 3750 1103 3806 facto
1154 3755 1528 3817 testamento,
1562 3750 1783 3806 ducen—
1891 3747 1971 3803 ita
2000 3761 2224 3801 sonans
2254 3762 2265 3801 :
2297 3746 2461 3812 Veni,
2488 3744 2630 3800 civis
2658 3742 2892 3807 Christi,
2934 3746 2987 3797 el
3019 3740 3282 3796 cohaeres
3316 3742 3552 3795 sancto-

122 3843 217 3897 tos
251 3839 690 3913 quinquaginta
707 3853 910 3895 servos
926 3838 1196 3895 libertate
1228 3838 1783 3911 peculioquedona-
1891 3850 2026 3891 rum
2067 3833 2439 3904 angelorum.

122 3929 212 3985 vit
240 3946 254 3985 :
288 3932 344 3985 et
361 3928 658 4001 quidquid
688 3926 841 3993 auri,
868 3933 970 3983 aut
1006 3928 1257 3999 argenti,
1286 3932 1389 3983 aut
1412 3929 1782 3984 vestimento-
1961 3924 2074 3979 VII.
2108 3926 2282 3979 Mater
2313 3938 2449 3978 vero
2479 3920 2836 3977 sanctissimi
2859 3934 2928 3975 ac
2954 3915 3281 3975 beatissimi
3302 3913 3407 3969 ﬁlii
3427 3927 3554 3968 cor-

121 4035 264 4076 rum
294 4018 936 4091 habebatpauperibus
968 4017 1229 4091 reliquit;
1248 4018 1657 4090 possessiones
1679 4035 1780 4075 au-
1889 4028 2005 4085 pus
2045 4010 2379 4084 complexa,
2412 4014 2466 4065 et
2505 4008 2803 4065 Christum
2825 4007 3100 4071 laudans,
3134 4006 3191 4060 in
3225 4003 3355 4075 ejus
3393 4016 3553 4057 com-

124 4112 250 4166 tem
291 4107 565 4165 Ecclesia:
605 4113 825 4164 sancta
854 4107 1067 4178 largita
1094 4112 1201 4163 est.
1234 4110 1381 4163 Tum
1421 4107 1683 4164 celeriter
1720 4110 1778 4164 in
1892 4100 2067 4172 plexu
2100 4099 2377 4172 spiritum
2408 4096 2686 4154 reddidit.
2722 4098 2785 4151 Et
2814 4094 3163 4151 accedentes
3192 4091 3420 4156 fratres,
3457 4104 3552 4144 eo-

125 4197 391 4254 Ciliciam
422 4196 500 4253 ad
541 4198 987 4253 sanctissimum
1003 4196 1192 4253 ﬁlium
1218 4213 1397 4252 suum
1431 4196 1778 4268 Calliopium
1888 4204 2022 4243 rum
2050 4204 2298 4258 corpora
2320 4188 2378 4241 in
2400 4186 2530 4241 loco
2548 4200 2718 4241 sacro
2743 4183 3114 4254 sepelierunt,
3142 4178 3550 4268 collaudantes

119 4278 431 4334 contendit
464 4293 476 4333 :
510 4283 566 4334 et
603 4278 662 4333 in
692 4292 992 4333 carcerem
1024 4278 1316 4345 ingressa,
1349 4265 1779 4348 procidit-ante
1814 4294 1855 4346 ι)
1890 4278 2117 4331 Patrem
2156 4282 2212 4330 et
2253 4275 2458 4330 Filium
2486 4279 2541 4327 et
2579 4272 2861 4343 Spiritum
2901 4276 3194 4335 sanctum,
3236 4268 3331 4324 cui
3363 4265 3552 4337 gloria

114 4366 309 4441 pedes
339 4367 552 4439 ejus,et
576 4366 888 4423 vulnerum
920 4380 1194 4422 cruorem
1223 4364 1779 4422 abstersit.Sanctus
1888 4369 1944 4421 et
1980 4363 2297 4436 imperium
2322 4364 2381 4418 in
2414 4361 2631 4417 saecula
2659 4359 3033 4416 saeculorum.
3068 4362 3275 4412 Amen.
