4110 6272
536 326 608 382 95
1916 312 2164 371 MENSlS
2202 311 2377 379 APBI
2386 309 2492 369 LIS
3847 295 3909 350 96

542 429 3907 468 ______________________________________.________

1156 568 1787 660 ΜΑΡΤΥΡΙΟΝ
1863 562 2075 650 ΤΩΝ
2152 558 2493 648 ΑΓΙΩΝ
2534 562 2734 642 ΚΑΙ
2776 544 3300 642 ΕΝΔΟΞΩΝ

1789 740 1919 786 ΤΟΥ
1957 738 2263 786 ΧΡΙΣΤΟΡ
2280 736 2331 783 Μ
2341 734 2635 782 ΑΡΤΥΡΩΝ

915 885 1556 990 ΤΕΡΕΝΤΙΟΥ,
1636 880 2236 983 ΑΦΡΙΚΝΟΥ,
2314 868 2871 973 ΜΑΞΙΜΟΥ,
2938 870 3481 958 ΠΟΜΠΙΟΥ

1449 1074 1561 1123 ΚΑΙ
1601 1074 1727 1121 ΤΗΣ
1765 1069 2084 1120 ΣΥΝΟΔΙΛΣ
2123 1069 2346 1116 ΑΥΤΩΝ
2384 1066 2519 1115 TON
2558 1062 2854 1113 ΔΡΙΘΜΟΝ
2898 1054 2988 1113 Μ’.

1887 1413 2567 1504 MARTYRIUM

1035 1647 1181 1806 SS.
1274 1644 1804 1818 TERENTII,
1903 1639 2432 1817 AFRICANI,
2531 1638 2953 1813 MAXIMI,
3050 1636 3426 1789 POMPII

1714 1898 1798 1953 ΕΤ
1837 1895 2189 1953 SOCIORUM
2229 1894 2752 1959 QUADRAGINTA.

626 2065 797 2124 (Anno
814 2063 921 2112 420.
944 2061 1124 2111 Latine
1148 2059 1292 2125 apud
1309 2060 1520 2125 surium
1546 2057 1615 2107 ad
1636 2056 1776 2106 diem
1800 2055 2071 2125 10_l_tprilis_
2092 2061 2105 2103 ξ
2139 2054 2314 2103 Graece
2336 2066 2399 2125 ei;
2426 2052 2544 2125 cod.
2576 2052 2701 2113 Reg.
2727 2051 2873 2125 Ifaris
2894 2063 2954 2125 nI.‘
2975 2049 3237 2125 i5342saec.
3265 2047 3701 2125 ‘xu.—lnterpres
3722 2050 3928 2098 textum

1208 2122 1394 2173 habuit
1426 2122 1493 2171 ab
1528 2135 1589 2171 eo
1623 2134 1783 2183 quem
1818 2112 2025 2168 edimus
2062 2118 2116 2166 in
2150 2115 2422 2166 nonnullis
2458 2112 2875 2177 discrepantem.
2918 2113 3062 2164 lion.
3106 2112 3281 2173 PATR.)

638 2439 673 2490 Ι.
694 2435 901 2491 Decius
915 2436 1320 2490 Romanorum
1335 2434 1675 2503 imperator,
1701 2431 1996 2486 idolorum
2015 2429 2212 2484 studio
2246 2440 2261 2484 Λ

2395 2426 2477 2481 Α’.
2540 2425 2907 2486 Βασιλεύοντος
2953 2429 3127 2478 Δεκίου
3184 2432 3274 2477 τοῦ
3332 2443 3638 2497 παρανόμου
3677 2433 3776 2489 τῆς
3807 2426 3937 2479 Ῥω-

564 2524 811 2595 cupiens
838 2538 1048 2579 omnes
1074 2524 1131 2577 in
1155 2523 1309 2577 exitii
1332 2522 1680 2577 barathrum
1708 2520 2048 2591 pertrahere
2068 2518 2187 2589 (era

2325 2520 2489 2587 μαίων
2532 2514 2707 2588 ἀρχῆς
2757 2519 2847 2566 καὶ
2898 2513 3218 2586 βουλομένου
3269 2514 3427 2566 αὑτοῦ
3480 2517 3677 2577 πάντας
3712 2523 3775 2587 τῇ
3822 2512 3938 2587 ἰδίᾳ

565 2613 722 2669 enim
754 2611 913 2666 ﬁlius
939 2611 1185 2676 diaboli)
1211 2611 1269 2665 in
1306 2611 1609 2665 universas
1636 2609 1883 2678 imperio
1912 2606 2182 2676 subjecta

2328 2606 2581 2677 θρησκείᾳ
2634 2606 2849 2655 ἑλκύσαι
2902 2608 2992 2654 καὶ
3067 2602 3137 2664 εἰς
3206 2602 3473 2677 βάραθρον
3538 2601 3793 2665 ἀπωλείας
3854 2604 3939 2676 ἐμ-

564 2701 902 2773 provincias
940 2700 1199 2754 edictum
1242 2698 1419 2763 misit,
1455 2703 1517 2753 ut
1552 2712 1765 2751 omnes
1800 2695 2107 2751 Christiani
2141 2710 2187 2749 ac

2328 2693 2495 2745 ϐαλεῖν
2540 2693 2763 2764 (πατέρα
2826 2694 2927 2766 γὰρ
2974 2694 3103 2763 ἔσχε
3174 2695 3258 2743 τὸν
3309 2694 3583 2763 Σατανᾶν),
3640 2692 3940 2755 ἐξαπέστει-

564 2788 1003 2845 immolandum
1026 2786 1533 2843 etcomedendum
1570 2783 1996 2857 ea,quaaidolis
2025 2799 2187 2839 essen

2326 2782 2405 2834 λεν
2464 2782 2535 2843 εἰς
2588 2788 2760 2832 πᾶσαν
2830 2786 2923 2838 τὴν
2984 2782 3403 2852 ύποτεταγμένην
3459 2781 3599 2833 αύτῶ
3659 2780 3939 2853 βασιλείαν

566 2875 895 2940 immolata,
918 2877 1413 2947 pertraherentur.
1440 2873 1608 2939 Quod
1629 2873 1676 2928 si
1724 2872 1826 2944 qui
1855 2877 2189 2927 recusarent

2328 2872 2713 2942 προστάγματα
2778 2868 3068 2943 ἐγγράφως,
3120 2871 3254 2921 ὥστε
3322 2872 3518 2932 πάντας
3585 2874 3700 2930 τούς
3755 2869 3939 2921 ἐπικα-

566 2964 931 3034 injudicium
962 2963 1146 3018 vocati
1182 2962 1922 3033 plecterentur.jDecretum
1945 2959 2059 3014 hoc
2082 2975 2189 3015 cun

2328 2958 2605 3030 λουμένους
2649 2962 2705 3010 τό
2750 2962 2909 3031 ὄνομα
2964 2967 3052 3011 τεῦ
3103 2966 3337 3031 Χριστοῦ
3386 2960 3705 3012 καθελκύσαι
3749 2959 3818 3019 εἰς
3851 2964 3937 3016 τὴν

568 3053 629 3109 in
652 3051 905 3106 Africam
938 3051 1014 3105 ad
1042 3050 1381 3122 praefectum
1412 3049 1900 3105 Fortunatianum
1925 3054 2191 3119 essetper

2330 3051 2523 3121 μιαρὰν
2570 3050 2929 3120 προσκύνησιν
2977 3056 3075 3098 τῶν
3130 3044 3353 3099 εἰδώλων
3405 3064 3418 3078 ·
3450 3048 3494 3100 εἰ
3533 3044 3593 3100 δέ
3632 3067 3766 3110 τινες
3800 3046 3939 3099 ἀντι-

568 3139 780 3204 latum,
811 3140 937 3210 ipse
964 3140 1174 3194 sedens
1198 3138 1257 3194 in
1290 3137 1585 3203 tribunali,
1611 3137 1899 3209 populum
1932 3153 2191 3193 convoca

2329 3138 2543 3209 λέγοιεν,
2593 3140 2804 3197 τούτους
2850 3144 2921 3206 τῷ
2982 3133 3311 3209 δικαστηρίῳ
3368 3133 3790 3210 παραδίδοσθαι,
3850 3142 3941 3189 καὶ

571 3229 666 3292 vit,
697 3231 754 3282 et
784 3227 865 3282 sic
896 3234 982 3283 est
1006 3227 1295 3283 allocutus
1319 3245 1331 3282 :
1358 3226 1810 3293 Diisimmolate,
1831 3227 2051 3298 alioqui
2078 3243 2192 3297 sup

2331 3230 2461 3298 μετὰ
2533 3225 2728 3276 πολλῶν
2780 3224 3025 3295 βασάνων
3091 3228 3185 3277 καὶ¹
3234 3226 3493 3297 αἰκισμῶν
3547 3234 3608 3299 τῇ
3670 3226 3942 3298 τελευταίᾳ

572 3316 763 3389 pliciis
788 3315 1147 3372 amciemiui.
1192 3319 1276 3381 Et,
1318 3316 1410 3371 his
1446 3316 1639 3383 dictis,
1682 3321 1975 3371 tormenta
2013 3316 2071 3369 in
2102 3330 2195 3368 me

2333 3322 2423 3365 τοῦ
2480 3316 2700 3365 Θανάτου
2760 3315 3053 3383 ὑπάγεσθαι
3104 3314 3281 3385 ψήφῳ.
3336 3314 3686 3378 Ἐξαπέστειλε
3746 3313 3806 3368 δὲ
3884 3320 3940 3368 τό

570 3404 740 3461 dium
772 3404 1017 3477 proferri
1038 3405 1230 3476 jussit.
1260 3406 1482 3470 Quibus
1513 3405 1868 3474 conspectis,
1896 3402 2062 3456 multi
2093 3417 2193 3472 per

2333 3404 2557 3475 πονηρὸν
2608 3401 2766 3453 αὑτοῦ
2822 3407 2912 3453 καὶ
2968 3401 3150 3464 ἀσεϐες
3217 3400 3396 3475 δόγμα
3460 3409 3549 3456 καὶ
3599 3413 3669 3456 τῶ
3719 3406 3942 3476 ἡγεμόνι

572 3495 751 3551 territi
802 3493 1081 3565 praefecto
1141 3494 1650 3566 obtemperarunt,
1688 3491 2036 3547 etaChristi
2100 3490 2195 3545 reli

2335 3493 2701 3562 Φουρτουνάτῳ
2731 3498 2801 3560 τῷ
2852 3494 2899 3543 ἐν
2948 3500 3008 3563 τῇ
3060 3494 3277 3564 Ἀφρικῇ
3317 3509 3330 3522 ·
3372 3498 3461 3545 καὶ
3510 3495 3798 3565 φθάσαντος
3848 3502 3942 3546 τοῦ

574 3583 749 3652 gione
777 3582 1136 3638 defecerunt.
1172 3581 1425 3648 Quidam
1453 3586 1653 3636 tamen
1681 3597 1750 3636 ex
1781 3581 1944 3652 ipsis,
1974 3595 2197 3635 numeri

2336 3576 2620 3651 βασιλικοῦ
2679 3582 3082 3653 προστάγματος
3160 3585 3291 3654 πρὸς
3354 3586 3446 3639 τὴν
3508 3580 3681 3654 ἀρχὴν
3754 3582 3940 3649 αὑτοῦ,

575 3670 976 3742 quadraginta
1015 3671 1074 3724 in
1115 3670 1325 3724 Christi
1366 3670 1481 3724 fide
1514 3669 1732 3724 fortiter
1763 3670 1915 3724 mori
1954 3669 2198 3723 decreve

2335 3665 2546 3731 ἐδέξατο
2606 3670 2813 3740 ἡγεμὼν
2864 3672 2928 3721 τὰ
2979 3668 3235 3741 βασιλικὰ
3283 3672 3595 3742 γράμματα.
3661 3671 3944 3742 Ἀναγνοὺς

574 3763 726 3827 rant,
760 3773 939 3829 seque
981 3765 1187 3811 mutuo
1225 3758 1305 3811 ita
1344 3758 1846 3812 cohortabantur:
1881 3758 2077 3811 Videte
2112 3758 2197 3812 ira

2337 3755 2423 3812 οὖν
2483 3758 2616 3811 αύτὰ
2675 3763 2764 3809 καὶ
2832 3760 3101 3817 καθεσθεὶς
3154 3758 3239 3810 ἐπὶ
3287 3766 3379 3810 τοῦ
3438 3757 3699 3830 βήματος,
3759 3759 3945 3819 εὐθέως

573 3851 710 3908 tres,
744 3860 818 3901 ne
846 3845 1163 3900 Dominum
1194 3846 1679 3899 nostrumJesum
1711 3844 2003 3900 Christum
2044 3845 2196 3900 abne

2336 3845 3028 3918 προσέταξε’συλλειφθῆναι
3079 3850 3136 3897 τὸ
3173 3846 3369 3907 πλῆθος
3421 3854 3515 3909 τῆς
3560 3846 3752 3909 πόλεως
3782 3866 3795 3880 ’
3840 3857 3944 3899 τῶν

579 3948 810 4003 gemus,
867 3949 941 3988 ne
971 3933 1095 4004 ipse
1126 3948 1367 4005 quoque
1407 3932 1661 4001 abneget
1718 3949 1849 3988 nos.
1883 3936 2202 3989 Mementott

2338 3931 2398 3986 δὲ
2452 3934 2872 4005 συλληφθέντων,
2931 3936 3024 4006 ἔφη
3079 3938 3204 4005 πρὸς
3264 3935 3446 3995 αὐτούς
3478 3956 3490 3968 ’
3534 3938 3758 3997 Δέκιοςό
3789 3936 3941 3988 αύτο-

578 4021 899 4077 Dominum
957 4020 1099 4076 olim
1131 4021 1347 4075 dixisse
1383 4037 1393 4076 :
1433 4040 1459 4071 «
1492 4021 1673 4075 Nolite
1713 4022 1915 4076 timere
1956 4036 2077 4087 eos,
2124 4038 2201 4093 qu

2337 4024 2542 4096 κράτωρ
2592 4022 2800 4090 κελεύει,
2861 4026 2941 4075 ἱνα
2994 4026 3185 4081 θύσητε
3233 4025 3449 4085 ἅπαντες
3505 4032 3613 4087 τοῖς
3668 4026 3803 4087 θεοῖς
3835 4045 3848 4057 ·
3896 4027 3944 4078 εἰ

578 4116 789 4183 Corpus
807 4110 1085 4165 occidunt
1112 4108 1379 4165 animam
1404 4116 1603 4165 autem
1641 4124 1761 4164 non
1786 4115 2039 4181 possunt
2076 4111 2200 4166 occi

2339 4108 2398 4163 δὲ
2450 4116 2603 4182 μήγε,
2676 4112 2877 4183 μελλετε
2932 4122 3101 4173 κακῶς
3157 4118 3247 4165 καὶ
3318 4122 3515 4185 πικρῶς
3569 4113 3938 4172 ἀποθνήσκειν.

581 4199 741 4254 dere.
793 4200 1012 4255 Timete
1043 4199 1241 4271 potius
1273 4214 1431 4265 eum,
1465 4199 1567 4272 qui
1631 4203 1827 4271 potest
1870 4200 2136 4256 animam
2174 4216 2203 4255 e

2336 4208 2515 4253 Ταῦτα
2558 4200 2709 4253 εἰπὼν
2740 4202 3024 4276 προσέταξε
3072 4208 3161 4254 καὶ
3204 4205 3269 4254 τὰ
3310 4201 3706 4277 βασανιστήρια
3736 4204 3942 4255 ἅπαντα

579 4302 797 4360 corpus
818 4288 1062 4360 perdere
1086 4289 1145 4343 in
1174 4288 1509 4357 gehennam
1543 4290 1621 4342 ¹.››

2342 4290 2675 4362 προτεθῆναι.
2729 4296 2838 4341 Τῶν
2908 4287 2967 4342 δι
3023 4293 3387 4363 προτεθέντων,
3424 4291 3604 4345 πολλοὶ
3670 4301 3770 4344 τῶν
3822 4295 3942 4344 θεω-

578 4378 847 4452 ρησάντων
892 4380 948 4430 τὸ
986 4376 1177 4438 πλῆθος
1230 4386 1328 4429 τῶν
1381 4377 1756 4448 κολαστηρίων,
1816 4376 1873 4428 ἐκ
1918 4382 2080 4448 μόνης
2144 4386 2235 4438 τῆς
2287 4381 2399 4440 θέας
2452 4375 2748 4439 δεδοικότες
2791 4383 2884 4437 τὴν
2928 4377 3162 4443 ἀπειλὴν,
3222 4378 3540 4437 ἐπείσθησαν
3592 4389 3663 4451 τῷ
3707 4383 3941 4453 τυράννῳ

578 4470 668 4519 καὶ
712 4465 1024 4525 ἀποστάντες
1081 4464 1179 4515 ἀπὸ
1224 4473 1314 4524 τῆς
1351 4473 1441 4516 τοῦ
1483 4472 1713 4537 Χριστοῦ
1750 4469 1986 4531 πίστεως,
2036 4471 2432 4538 προσεκύνησαν
2478 4475 2585 4530 τοῖς
2644 4464 2893 4527 εἰδώλοις.
2936 4472 3076 4530 Τινὲς
3121 4465 3180 4520 δὲ
3230 4468 3281 4531 ἐξ
3327 4468 3516 4536 αὐτῶν,
3577 4474 3664 4522 τὸν
3718 4469 3940 4542 ἀριθμὸν

578 4556 990 4628 τεσσαράκοντα,
1050 4553 1312 4603 συνέθεντο
1371 4552 1559 4623 μᾶλλον
1616 4550 1664 4603 ἒν
1718 4558 2038 4623 γενναιότητι
2090 4555 2419 4615 τελειωθῆναι
2468 4556 2516 4608 ἐν
2570 4565 2631 4629 τῇ
2687 4561 2861 4609 πίστει
2912 4564 3001 4608 τοῦ
3058 4566 3307 4630 Χριστοῦ,
3368 4563 3453 4609 καὶ
3506 4562 3629 4631 πρὸς
3685 4557 3938 4621 ἀλλήλους

578 4642 746 4714 ἔλεγον
811 4643 937 4713 μετὰ
996 4641 1217 4713 θάρσους
1267 4656 1279 4669 ο
1331 4639 1535 4713 Ὁρᾶτε,
1602 4637 1833 4712 ἀδελφοὶ,
1899 4646 1970 4713 μὴ
2047 4641 2391 4715 ἀρνησώμεθα
2442 4650 2527 4698 τὸν
2596 4648 2782 4718 Κύριον
2850 4647 2996 4717 ἡμῶν
3063 4647 3265 4703 Ἰησοῦν
3340 4652 3592 4721 Χριστόν,
3655 4649 3737 4700 ἵνα
3795 4646 3935 4720 μηδὲ

579 4730 735 4793 αὐτὸς
788 4729 984 4802 ἀρνήσῃ
1040 4731 1215 4801 ἡμᾶς·
1248 4736 1431 4799 γνῶτε,
1494 4731 1574 4781 ὃτι
1630 4727 1737 4788 ἤδη
1797 4727 1932 4783 εἶπεν
1995 4734 2019 4782 ὁ
2079 4736 2305 4804 Κύριος’
2342 4755 2371 4786 (ι
2430 4739 2514 4793 Μὴ
2574 4733 2833 4806 φοϐηθῆτε
2888 4734 2987 4787 ἀπὸ
3040 4745 3139 4788 τῶν
3194 4738 3594 4789 ἀποκτεινόντων
3648 4741 3704 4789 τὸ
3762 4746 3937 4810 σῶμα,

576 4824 667 4879 τὴν
717 4816 775 4873 δὲ
819 4818 1004 4891 ψυχὴν
1057 4822 1128 4891 μή
1190 4814 1456 4890 δυναμέων
1498 4816 1785 4872 ἀκοκτεῖναι
1834 4819 2095 4892 φοϐήθητε
2143 4818 2202 4874 δε
2256 4822 2444 4894 μᾶλλον
2504 4826 2589 4875 τὸν
2648 4820 2928 4896 δυνάμενον
2975 4830 3065 4877 καὶ
3112 4824 3297 4896 ψυχὴν
3342 4845 3431 4877 και
3488 4834 3641 4897 σῶμα
3687 4824 3939 4880 ἀπολέσαι

578 4907 626 4961 ἕν
652 4912 821 4980 γεέννῃ
834 4947 845 4960 .
876 4927 903 4959 ››

648 4998 712 5052 II.
749 4996 1205 5052 Fortunatianus
1233 4994 1311 5050 ad
1346 4994 1457 5050 hos
1485 5011 1498 5050 :
1535 4995 1733 5061 Video,
1767 4997 1978 5068 iuquit,
2011 5013 2119 5054 vos
2146 4998 2227 5053 vi-

2408 5000 2474 5053 B'.
2514 5003 2725 5060 Τούτοις
2769 4997 2854 5052 οὖν
2902 5009 3011 5063 τοῖς
3062 5001 3239 5073 λόγοις
3282 5001 3521 5065 ἀλλήλοις
3561 5006 3939 5078 θαρσοποιοῦν-

574 5100 675 5141 ros
721 5089 776 5139 et
837 5088 1006 5139 astate
1064 5084 1372 5155 perfectos,
1437 5089 1495 5139 et
1558 5084 1848 5153 sapientia
1895 5086 2176 5156 praeditos

2336 5107 2418 5151 τες
2468 5091 2517 5140 οἱ
2564 5088 2727 5159 ἅγιοι,
2794 5092 2885 5161 ἔφη
2936 5094 3063 5163 πρὸς
3114 5090 3297 5152 αύτούς
3347 5094 3373 5144 ὁ
3433 5094 3640 5165 ἡγεμών
3676 5109 3688 5122 ’
3722 5090 3939 5166 ’Ἄνδρες

576 5172 972 5245 quamobrem
996 5173 1196 5238 miror,
1216 5188 1321 5227 cur
1339 5188 1444 5227 vos
1460 5172 1757 5243 ejusmodi
1780 5173 2091 5230 dementia)
2118 5182 2199 5233 tra

2338 5175 2622 5249 βελτιστοι,
2680 5179 2853 5248 θεωρῶ
2919 5179 3049 5250 ὑμᾶς
3102 5177 3149 5230 ἕν
3215 5179 3396 5253 ἡλικίᾳ
3443 5180 3573 5253 καλῇ
3623 5186 3713 5234 καὶ
3772 5181 3940 5254 τελείᾳ

575 5260 861 5326 dideritis,
894 5265 955 5316 ut
981 5276 1170 5317 unum
1204 5264 1387 5318 Deum
1425 5266 1481 5317 et
1534 5276 1735 5332 regem
1785 5261 2012 5327 dicatis,
2045 5279 2198 5336 quen

2335 5268 2750 5337 κεκοσμημένους
2802 5269 2952 5329 ὄντας
3004 5272 3093 5321 καὶ
3144 5267 3280 5341 λογῳ
3340 5276 3744 5343 σεσοφισμένους
3785 5287 3798 5302 ·
3850 5277 3939 5325 καὶ

575 5348 786 5417 Ιυόωί,
819 5351 882 5404 ut
908 5348 1216 5407 hominem
1241 5350 1618 5416 sceleratum,
1649 5351 2091 5410 cruciﬁxerunt.
2126 5356 2198 5410 Re

2341 5354 2613 5427 θαυμάζω,
2667 5362 2771 5417 πῶς
2813 5358 3026 5430 τοιαύτῃ
3082 5355 3308 5431 ἀπιστίᾳ
3373 5358 3583 5420 ἑαυτούς
3628 5355 3938 5429 ἕξεδώκατε,

657 5526 674 5560 ί
709 5523 906 5580 Matth.
937 5540 996 5589 x,
1028 5527 1118 5578 28.
