4110 6272
197 301 270 358 97
1303 304 1466 361 VITA
1508 305 1563 360 S.
1605 301 1938 361 TERENTII
1976 304 2062 361 ET
2098 304 2466 364 SOCIORUM
3489 311 3560 370 98

200 429 287 480 ἕνα
333 415 487 498 μόνον
543 427 672 478 Θεὸν
745 423 1107 496 ὁμολογοῦντες
1168 431 1256 480 τὸν
1321 434 1574 503 Χριστόν,
1633 431 1802 482 ὅντινα

1932 431 2153 501 .pondit
2185 433 2454 488 omnium
2473 432 2715 489 nomine
2731 438 2973 489 sanctus
2987 439 3215 507 martyr
3229 438 3555 494 Terentius:

201 517 471 590 ἄνθρωπον
527 517 667 582 ὄντα,
723 514 793 574 ὡς
829 521 1137 588 κακοῦργον,
1203 519 1253 568 οἱ
1297 515 1566 570 Ἰουδαίων
1616 515 1801 580 παῖδες

1936 519 1967 573 ii
2032 535 2262 586 nosses,
2311 521 2605 592 praefecte,
2667 521 2940 577 Cruciﬁxi
3001 523 3292 590 virtutem,
3345 526 3559 583 relictis

203 604 562 677 ἐσταύρωσαν.
603 606 732 654 Τότε
779 603 804 654 ό
863 602 1010 672 ἅγιος
1063 606 1261 679 μάρτυς
1308 614 1399 658 τοῦ
1442 615 1672 681 Χριστοῦ
1710 613 1804 659 Τε-

1938 607 2205 664 dolorum
2233 609 2528 665 erroribus
2549 610 2752 682 ipsum
2784 611 3005 667 coleres
3042 616 3100 667 et
3131 613 3433 670 adorares.
3463 617 3561 671 Est

203 697 418 768 ρέντιος,
477 696 650 764 στόμα
699 699 798 742 τῶν
849 693 1053 743 πάντων
1090 699 1371 766 γενόμενος,
1434 692 1567 748 εἶπεν
1623 695 1798 755 οὕτως’

1939 697 2070 752 :nim
2103 697 2276 753 Filius
2308 699 2430 764 Dei,
2451 698 2975 770 benignus,dives,
3000 701 3259 758 clemens
3289 708 3346 759 et
3382 705 3562 760 mise-

205 781 264 836 Εἰ
315 777 483 855 ᾕδεις,
541 777 581 831 ὦ
624 781 841 852 ἡγεμόν,
884 785 976 838 τὴν
1031 778 1228 854 δωρεὰν
1259 791 1350 836 τοῦ
1393 791 1524 837 Θεοῦ
1569 790 1656 837 xui
1708 787 1802 842 τὴν

1938 785 2112 851 'icors,
2141 790 2244 859 qui
2274 788 2462 843 Patris
2488 794 2638 845 nutu
2665 793 2720 844 et
2750 789 3051 845 voluntate
3081 791 3141 846 in
3194 797 3410 848 terram
3462 793 3561 850 de-

205 867 428 942 δύναμιν
483 876 574 922 τοῦ
628 867 1040 942 ἕσταυρωιιένου,
1089 871 1391 944 κατέλειψας
1444 875 1504 925 ἄν
1554 877 1646 931 τήν
1705 881 1802 924 τῶν

1936 874 2155 940 :cendit,
2175 873 2666 948 divinitatemque
2685 893 2856 932 suam
2879 877 3160 934 humanae
3175 884 3400 936 naturae
3421 897 3559 937 con-

203 963 433 1032 ματαίων
486 954 714 1011 εἰδώλων
769 957 988 1027 πλάνην,
1041 965 1130 1012 καὶ
1171 960 1311 1031 αύτῷ
1359 965 1494 1034 μόνῳ
1550 963 1800 1036 προσεκύ-

1938 963 2121 1028 unxit,
2146 968 2202 1018 et
2222 979 2329 1034 pro
2351 965 2539 1019 salute
2569 971 2775 1021 nostra
2820 981 3058 1022 crucem
3109 967 3308 1024 subire
3355 969 3555 1026 voluit.

202 1067 306 1110 νεις
367 1052 457 1100 καὶ
511 1045 827 1122 ἕθεράπευες,
888 1051 974 1099 τόν
1029 1051 1148 1101 ὄντα
1215 1052 1334 1102 Υἰόν
1418 1051 1682 1122 εὐεργέτην
1747 1049 1802 1101 ἐκ

1932 1051 2388 1116 "ortunatianus,
2411 1051 2505 1107 his
2527 1053 2767 1122 auditis,
2792 1053 2937 1109 dixit
2952 1054 3029 1110 ad
3047 1070 3148 1110 eos
3172 1073 3185 1110 :
3212 1057 3520 1114 lmmolate
3543 1075 3555 1114 :

207 1139 410 1211 Πατρός
469 1135 668 1207 ἀγαθοῦ
719 1139 808 1187 καὶ
875 1135 1163 1209 εὐεργέτου,
1228 1142 1314 1191 τόν
1387 1139 1634 1192 πλούσιον
1712 1144 1801 1190 καὶ

1938 1139 2420 1210 tlioquimembra
2435 1145 2631 1197 vestra
2643 1141 3024 1208 comburens,
3050 1143 3263 1199 delebo
3295 1160 3423 1200 vos.
3452 1145 3561 1202 Pu-

205 1224 572 1297 εῦσπλαγχνον
621 1229 709 1276 καὶ
751 1223 1011 1295 ἐλεήμονα,
1063 1228 1113 1287 ὃς
1195 1230 1409 1300 νεύματι
1463 1234 1552 1281 καὶ
1613 1227 1803 1300 βουλή-

1938 1243 2020 1294 as,
2040 1227 2569 1300 inquitTerentius,
2600 1245 2708 1284 nos
2726 1234 2946 1284 terrore
2969 1235 3305 1286 commotos
3332 1239 3561 1290 senten-

203 1334 332 1386 ματι
377 1333 468 1368 του
521 1317 719 1390 Πατρός
767 1315 839 1376 εἰς
882 1324 980 1386 γῆν
1034 1315 1263 1377 καταϐὰς
1311 1322 1400 1368 καὶ
1439 1322 1535 1375 τήν
1587 1319 1805 1374 θεότητα

1938 1316 2058 1370 iam
2091 1321 2422 1371 mutaturos
2442 1316 2471 1369 ‘2
2513 1319 2638 1372 Non
2669 1317 2820 1373 adeo
2848 1334 3054 1372 sumus
3082 1318 3299 1390 ignavi,
3329 1327 3410 1390 ut,
3435 1323 3561 1377 reli-

203 1403 362 1456 αὐτοῦ
420 1401 715 1476 ἀνθρωπινῃ
784 1406 935 1476 φύσει
996 1401 1215 1465 ἑνδύσκς
1271 1407 1505 1477 ὑπέμεινε
1581 1408 1804 1478 σταυρὸν

1938 1409 2003 1458 :to
2016 1403 2150 1458 vita
2168 1404 2486 1473 Largitore,
2500 1404 2644 1460 deos
2666 1404 2891 1459 alienos
2907 1404 3252 1462 adoremus.
3270 1410 3377 1463 Fac
3389 1409 3561 1480 igitur

202 1498 293 1545 καὶ
325 1494 540 1546 θάνατον
573 1489 666 1545 διὰ
716 1500 807 1550 τῆν
836 1494 1088 1565 ἡμετέραν
1140 1498 1421 1566 σωτηρίαν.
1471 1493 1528 1545 Ὁ
1575 1491 1632 1545 δὲ
1685 1496 1801 1564 ήγεο

1937 1491 2194 1556 :eleriter,
2227 1491 2389 1564 quod
2423 1492 2525 1548 tibi
2560 1492 2720 1562 libet,
2760 1495 3081 1548 adversum
3111 1510 3242 1559 nos,
3269 1498 3560 1567 quoniam

205 1587 314 1655 μὼν
342 1581 568 1643 ἀκούσας
612 1589 794 1647 ταῦτα,
843 1581 979 1652 λέγει
1021 1585 1153 1655 πρὸς
1180 1586 1297 1644 τοῦς
1347 1582 1542 1653 ἁγίους·
1595 1584 1804 1635 Θύσατε

1938 1580 2129 1634 trenui
2154 1585 2209 1634 et
2233 1585 2576 1636 constantes
2607 1581 2815 1636 Christi
2853 1581 3108 1636 cultores
3146 1599 3380 1640 sumus.
3406 1586 3561 1641 Indi-

204 1674 497 1746 προθύμωςο
578 1674 610 1730 ἤ
689 1669 946 1743 ἁψάμενος
1012 1671 1153 1743 ὑμῶν
1210 1679 1310 1722 τῶν
1362 1671 1545 1743 μελῶν,
1603 1660 1802 1732 τελείως

1935 1673 2130 1736 gnatus
2161 1668 2491 1738 praefectus,
2515 1667 2689 1738 jussit
2727 1683 2850 1738 eos,
2878 1671 3248 1726 vestimentis
3279 1671 3558 1729 detractis

206 1762 344 1832 ὑμᾶς
393 1759 648 1833 ἀφανίσω.
698 1757 758 1811 '0
807 1759 951 1831 ἅγιος
1016 1763 1273 1832 Τερέντιος
1328 1757 1482 1812 εἶπεν·
1536 1759 1802 1831 Νομίζεις,

1939 1772 1974 1810 n
2007 1755 2304 1811 idolorum
2335 1756 2626 1828 templum
2657 1755 2825 1812 trahi.
2863 1757 3023 1813 Idola
3053 1763 3245 1815 autem
3286 1776 3434 1817 auro
3473 1778 3562 1818 ar-

209 1848 248 1900 ὥ
295 1851 528 1923 τύραννε,
585 1846 722 1920 φόϐῳ
763 1843 1006 1900 δελεάσαι
1053 1849 1194 1920 ἡμᾶς
1227 1864 1241 1915 ;
1276 1847 1397 1919 Οὐχ
1449 1848 1604 1908 οὕτως
1650 1849 1806 1898 ἄναν-

1936 1850 2213 1916 ςοῐιιοίιυθ
2279 1850 2334 1900 et
2397 1844 2670 1916 pretiosis
2735 1852 2901 1900 erant
2949 1847 3209 1903 vestibus
3254 1861 3559 1908 exornata.

214 1934 334 2011 δροί
373 1936 544 2010 ἐσμεν,
593 1937 675 1989 ἵνα
703 1935 1100 2007 καταλείψαντες
1143 1940 1229 1989 τὸν
1260 1945 1355 1998 τῆς
1409 1937 1550 1998 ζωῆς
1573 1941 1808 2009 χορηγόν

1947 1949 2222 2004 ngressus
2279 1934 2752 2001 Fortunatianus,
2803 1933 2950 1990 dixit
2999 1935 3128 1991 eis:
3187 1939 3393 2007 Magno
3448 1939 3561 1995 deo

214 2031 656 2101 προσκυνήσωμεν
755 2028 900 2087 θεούς
981 2024 1299 2100 ἀλλοτρίους.
1385 2025 1540 2078 Ἀλλά
1618 2033 1812 2099 πρᾶττε

1938 2021 2149 2077 ierculi
2201 2022 2546 2076 sacrificate.
2579 2021 2843 2077 Gloriam
2899 2023 3057 2078 enim
3110 2029 3165 2080 et
3209 2030 3561 2096 potestatem

220 2120 506 2186 συντόμως,
557 2117 583 2167 ὃ
633 2114 808 2188 βούλει
845 2118 1090 2189 πράττειν
1141 2115 1258 2167 καθ’
1303 2116 1468 2187 ἡμῶν⁵
1515 2117 1665 2187 ἡμεῖς
1709 2119 1810 2187 γὰρ

1939 2121 2048 2181 εμιε
2078 2110 2434 2182 conspicitis.
2461 2112 2652 2175 Erras,
2680 2111 3213 2183 inquitTerentius,
3247 2120 3304 2170 et
3325 2115 3562 2184 ignoras

219 2205 414 2265 τελείως
467 2208 553 2256 τὸν
640 2211 868 2276 γενναῖον
949 2205 1096 2276 ἡμῶν
1153 2204 1403 2276 λογισμόν
1484 2201 1813 2277 ἡδρασμένον

1944 2199 2004 2267 d,
2043 2199 2206 2272 quod
2248 2198 2351 2254 tibi
2393 2198 2530 2254 utile
2568 2205 2673 2254 est.
2713 2200 2814 2255 Dei
2853 2200 3011 2255 enim
3053 2201 3145 2256 isti
3203 2203 3305 2270 tui,
3338 2203 3563 2274 lapides

219 2296 407 2366 ἔχομεν
457 2293 527 2355 εἰς
576 2298 833 2363 Χριστόν.
885 2297 1011 2346 Τότε
1070 2295 1324 2365 θυμωθεὶς
1385 2294 1410 2344 ό
1449 2294 1655 2366 ἡγεμὼν
1707 2292 1816 2346 ἐκέ-

1942 2293 2076 2356 sunt,
2109 2287 2363 2357 ctligna,
2388 2292 2444 2342 et
2474 2303 2574 2354 tes,
2607 2291 2664 2341 et
2688 2287 2930 2343 ferrum.
2963 2289 3166 2344 Ornati
3197 2296 3396 2347 autem
3429 2297 3565 2348 sunt

213 2381 364 2435 λευσε
415 2383 808 2455 περιαιρεθῆναι
860 2381 1027 2434 αὐτῶν
1084 2385 1148 2433 τὰ
1209 2383 1391 2452 ἱμάτια
1449 2387 1536 2434 καὶ
1594 2383 1815 2453 ἀγεσθαι

1941 2392 2088 2446 iuro,
2125 2381 2186 2431 ut
2213 2377 2484 2431 homines
2505 2377 2824 2448 decipiant,
2848 2381 2906 2432 et
2925 2377 3232 2435 abducant
3252 2381 3328 2436 ab
3349 2385 3564 2438 aeterna

215 2471 403 2532 αὐτοὺς
455 2474 546 2522 καὶ
596 2474 666 2542 μή
721 2468 1068 2543 βουλομένους
1123 2469 1194 2529 εἰς
1237 2475 1323 2521 τόν
1365 2473 1484 2521 ναόν
1536 2478 1635 2522 τῶν
1668 2466 1814 2522 εἰδώ-

1938 2466 2057 2520 rita.
2090 2468 2236 2521 Nam
2265 2465 2377 2536 ipsi
2407 2465 2651 2536 quidem
2685 2481 2805 2521 non
2837 2465 3056 2534 vident,
3087 2483 3195 2523 nec
3215 2467 3561 2541 loquuntur,

217 2559 337 2616 λων.
395 2558 565 2612 Ἦσαν
611 2554 670 2611 δε
721 2560 788 2610 τά
834 2554 1024 2610 εἷδωλα
1062 2557 1268 2610 ἅπαντα
1315 2561 1814 2631 περικεχρυσωμένα

1943 2569 2030 2608 iec
2056 2553 2325 2617 audiunt,
2361 2569 2468 2608 nec
2500 2554 2812 2610 ambulant
2839 2571 2852 2609 :
2885 2555 3108 2627 quippe
3133 2556 3236 2628 qui
3268 2558 3346 2613 ab
3374 2558 3566 2615 homi-

219 2652 310 2700 xui
359 2645 701 2720 έστολισμένα
756 2651 937 2718 κόσμῳ
973 2645 1244 2699 πολυτελεῖ
1286 2651 1374 2698 καὶ
1427 2645 1666 2718 λαμπρῷ.
1714 2652 1812 2699 Καὶ

1940 2642 2099 2697 libus
2122 2641 2331 2712 sculpti
2354 2640 2708 2712 conﬂatique
2740 2648 2901 2712 sunt,
2927 2647 2982 2698 et
3013 2642 3073 2698 in
3098 2644 3412 2701 hominum
3435 2659 3563 2719 spe-

216 2735 458 2790 εἰσελθὼν
515 2738 541 2788 ό
580 2737 786 2808 ἡγεμὼν
835 2731 969 2787 εἶπεν
1009 2731 1204 2797 αὐτοῖς·
1247 2737 1456 2788 Θύσατε
1498 2743 1569 2805 τῷ
1609 2735 1811 2807 μεγάλῳ

1942 2730 2072 2786 :iem
2114 2729 2486 2795 conformati,
2511 2733 2573 2784 ut
2594 2730 2670 2784 ad
2698 2729 2852 2785 hanc
2873 2730 3117 2802 impiam
3145 2734 3565 2804 cogitationem

219 2828 316 2896 θεῷ
355 2824 612 2897 Ἡρακλεῖ’
669 2825 851 2883 πάντες
915 2821 1055 2876 ἴδετε
1106 2829 1200 2881 τὴν
1241 2820 1397 2885 δόξαν
1443 2827 1531 2874 καὶ
1581 2828 1674 2882 τὴν
1715 2820 1813 2875 δύ-

1942 2835 2040 2883 ιοε,
2076 2819 2178 2890 qui
2230 2817 2342 2873 sibi
2386 2823 2617 2889 parent,
2650 2826 3037 2875 convertant:
3068 2840 3096 2872 ί(
3121 2821 3350 2877 Similes
3407 2824 3565 2878 enim

216 2933 370 2985 ναμιν
429 2912 609 2966 αὐτοῦ.
666 2911 724 2963 Ὀ
783 2911 932 2981 ἅγιος
995 2915 1251 2982 Τερέντιος
1309 2909 1462 2963 εἶπεν
1525 2911 1810 2976 Πλανᾶσαι,

1946 2923 2130 2963 eorum
2161 2912 2317 2972 sunt,
2337 2907 2440 2977 qui
2467 2907 2690 2962 faciunt
2708 2923 2779 2963 ea
2805 2913 2860 2962 et
2883 2924 3114 2975 omnes,
3133 2909 3234 2981 qui
3258 2911 3569 2968 conﬁdunt

220 2999 260 3052 ὦ
308 3003 522 3072 ἠγεμὸν,
573 3003 646 3072 μή
710 2995 861 3060 εἰδὼς
914 3002 971 3050 τὸ
1024 3002 1279 3070 συμφέρον
1336 3017 1436 3050 σοι·
1491 2999 1633 3050 οὗτοι
1690 3004 1812 3071 γὰρ,

1947 3013 1985 3050 n
2010 2996 2117 3051 eis’
2151 3017 2199 3050 .››
2263 2995 2460 3060 Dicite,
2492 3011 2694 3067 quaeso
2729 3011 2741 3050 :
2776 2995 2879 3050 Isti
2908 3013 3061 3068 quos
3099 2999 3243 3053 deos
3283 3000 3566 3065 asseritis,

219 3090 304 3151 οὖς
333 3089 496 3161 λέγεις
529 3089 688 3152 θεοὺς,
727 3086 864 3139 λίθοι
899 3087 1002 3140 εἰσὶ
1053 3091 1144 3138 καὶ
1193 3085 1320 3148 ξύλα
1368 3089 1451 3137 xui
1492 3086 1691 3156 χαλκός
1728 3092 1817 3139 καὶ

1949 3088 2254 3138 iossuntne
2286 3083 2399 3137 sibi
2429 3083 2574 3155 ipsis
2606 3083 2902 3156 opitulari,
2923 3090 2981 3140 et
3009 3101 3130 3150 eos,
3167 3102 3200 3141 a
3223 3087 3444 3159 quibus
3476 3088 3572 3144 lae-

221 3174 464 3250 σίδηροςο
502 3181 854 3248 κεκόσμηνται
885 3172 944 3227 δὲ
981 3182 1172 3249 χρυσῷ
1211 3178 1298 3226 xui
1327 3176 1594 3246 ἱματισμῷ
1645 3173 1810 3227 πολυ-

1947 3172 2167 3237 iuntur,
2211 3172 2468 3227 ulcisci?
2509 3173 2680 3236 Quod
2731 3172 2779 3226 si
2827 3173 2940 3244 ipsi
2994 3174 3214 3231 auxilio
3268 3191 3400 3232 esse
3450 3192 3570 3234 non

217 3266 350 3320 τελεῖ
404 3268 531 3341 πρὸς
581 3268 640 3317 τό
691 3263 988 3317 πλανᾶσθαι
1048 3267 1168 3323 τοὺς
1219 3261 1470 3324 ἀνοήτους
1517 3261 1818 3335 ἀνθρώπους

1652 3267 1818 3324 ώπους
1926 3265 2202 3333 possunt,
2233 3258 2541 3330 quomodo
2572 3259 2744 3314 nobis
2775 3261 3224 3331 opitulabuntur
3247 3264 3275 3319 ‘I

218 3356 306 3409 ὑπ’
363 3354 551 3420 αὐτῶν,
607 3360 699 3406 τοῦ
755 3352 1045 3410 ἀποστῆνκι
1104 3354 1193 3424 μεν
1251 3360 1341 3412 τῆς
1423 3351 1632 3403 αἰωνίου
1685 3355 1837 3417 ζωῆς,
1897 3359 1969 3421 τῷ
2043 3353 2170 3420 πυρὶ
2247 3344 2306 3400 δε
2382 3350 2837 3420 παραπεμφθῆναι·
2912 3351 3028 3402 οὔτε
3101 3353 3202 3424 γάρ
3290 3351 3572 3424 βλέπουσιν

220 3447 334 3498 οὔτε
380 3443 624 3496 λαλοῦσιν
666 3443 783 3495 οὔτε
840 3441 1143 3507 ἀκούουσιν,
1200 3441 1300 3492 ύπό
1361 3441 1463 3512 γὰρ
1517 3438 1794 3513 ἀνθρωπων
1843 3439 2115 3512 γλῦφέντες
2183 3440 2274 3488 καὶ
2337 3438 2699 3508 χωνευθέντες,
2769 3441 2858 3488 καὶ
2932 3436 3000 3496 εἰς
3083 3434 3218 3499 εἶδος
3293 3439 3572 3514 ἀνθρώπων

219 3535 552 3598 τυπωθέντες,
635 3534 1005 3604 μεταφέρουσιν
1087 3529 1158 3590 εἰς
1241 3533 1336 3588 τήν
1403 3529 1551 3581 ἄθεον
1626 3532 1821 3580 τούτων
1890 3531 2082 3580 ἔννοιαν
2157 3529 2276 3586 τοὺς
2356 3526 2684 3596 πειθομένους
2767 3524 2962 3586 αὐτοῖς·
3017 3523 3228 3598 Ὀμοιοι
3279 3525 3339 3580 δὲ
3404 3529 3575 3582 αὐτῶν

221 3622 350 3675 εἰσιν
396 3623 443 3674 οἱ
495 3627 760 3680 ποιοῦντες
815 3619 952 3671 αῦτά
1012 3623 1102 3670 καὶ
1144 3619 1328 3679 πάντες
1376 3619 1424 3669 οἱ
1469 3619 1770 3678 πεποιθότες
1822 3616 1896 3669 ἐπ’
1959 3615 2154 3676 αὐτοῖς.
2218 3634 2246 3667 ››
2305 3616 2494 3666 Εῖπατε
2542 3609 2602 3665 δὲ
2658 3614 2804 3684 ἡμῖν,
2859 3607 2961 3685 ἆρα
3005 3616 3055 3666 οἱ
3108 3615 3213 3668 θεοὶ⁸
3267 3617 3428 3688 ὑμῶν,
3487 3617 3576 3682 οὓς

219 3711 406 3782 λέγετε,
434 3707 682 3762 δύνανται
707 3709 906 3770 ἑαυτοῖς
941 3706 1210 3781 βοηθῆσαι
1238 3709 1269 3766 ἤ
1318 3704 1644 3778 ἀμείψασθαί
1688 3726 1789 3758 τινι
1838 3703 2137 3778 ἀμυνομένῳ
2179 3702 2356 3762 αὐτοῖς
2390 3717 2404 3767 ;
2436 3707 2498 3753 Ei
2543 3701 2630 3753 οὖν
2660 3701 2837 3764 αὐτοῖς
2881 3699 3150 3774 βοηθῆσαι
3197 3704 3254 3757 ού
3302 3701 3572 3777 δύνανται,

227 3807 334 3860 πῶς
361 3800 481 3871 ὑμῖν
510 3797 824 3871 βοηθήσωσι
857 3813 872 3862 ;
1495 3848 1502 3852 .

293 3887 365 3943 Γ’.
424 3893 602 3940 Ταῦτα
657 3885 889 3947 ἀκούσας
935 3887 961 3938 ὁ
1015 3886 1220 3957 ἡγεμὼν
1277 3887 1366 3935 καὶ
1418 3881 1648 3955 έμμανής
1684 3887 1824 3954 γενό-

2002 3881 2091 3936 ΙΙΙ.
2127 3882 2254 3935 Haec
2285 3878 2536 3934 audiens
2565 3877 2900 3950 praefectus,
2930 3880 3105 3950 jussit
3133 3883 3489 3953 Terentium,
3521 3889 3576 3942 et

227 3995 374 4048 μενος
419 3973 645 4050 σφόδρα,
705 3974 934 4028 ἐκέλευσε
979 3976 1062 4026 τὸν
1129 3974 1382 4046 μακάριον
1425 3976 1683 4045 Τερέντιον
1734 3978 1824 4026 καὶ

1953 3969 2296 4032 tfricanum,
2336 3973 2392 4022 et
2429 3967 2768 4036 Maximum,
2802 3973 2857 4023 et
2896 3971 3243 4041 Pompeium
3282 3971 3343 4026 in
3380 3988 3576 4029 carce-

227 4069 555 4140 Ἀφρικανόν,
614 4063 853 4136 Μάξιμόν
905 4083 959 4116 τε
1009 4067 1097 4115 xui
1151 4066 1384 4134 Πόμπιον
1434 4063 1484 4114 ἓν
1513 4069 1574 4133 τῇ
1627 4067 1826 4134 φρουρᾷ

1951 4075 2058 4114 -em
2089 4057 2428 4113 interiorem
2457 4056 2710 4122 detrudi,
2735 4061 2790 4112 et
2819 4057 2984 4112 omni
3027 4057 3334 4127 diligentia
3379 4066 3574 4117 custo-

235 4152 498 4226 βληθῆναι
571 4161 632 4226 τῇ
688 4149 930 4226 ἓνδοτέρᾳ
976 4155 1063 4204 xui
1111 4153 1243 4224 μετά
1305 4152 1477 4211 πάσης
1548 4149 1824 4222 ἀσφαλείας

1951 4148 2062 4215 liri,
2078 4149 2240 4212 Cras,
2261 4145 2558 4216 inquiens,
2576 4145 2819 4200 audiam
2833 4144 2983 4201 illos.
3003 4149 3244 4203 Beatum
3262 4154 3461 4204 autem
3478 4153 3574 4206 Ze-

235 4245 512 4319 τηρεῖσθαι
565 4245 771 4308 αὐτοὺς,
831 4241 1003 4294 εἰπών’
1057 4245 1136 4293 Ἐν
1189 4247 1251 4311 τῇ
1298 4238 1552 4312 μελλούσῃ
1613 4235 1824 4310 προόδῳ

1948 4250 2173 4296 ionem,
2189 4239 2245 4288 et
2258 4233 2681 4302 Alexandrum,
2705 4236 3143 4290 etheodorum
3174 4253 3311 4292 cum
3328 4237 3571 4310 reliquis

229 4331 440 4385 ἀκούσω
490 4331 677 4383 αὐτῶν.
718 4335 848 4392 Τοὺς
900 4327 957 4382 δὲ
1007 4331 1119 4402 περὶ
1169 4331 1256 4380 τόν
1293 4329 1548 4400 μακάριον
1592 4332 1822 4391 Ζήνωνα,

1951 4322 2133 4388 sociis,
2162 4322 2264 4393 qui
2293 4326 2461 4376 erant
2517 4336 2726 4375 omnes
2755 4337 3005 4377 numero
3047 4323 3290 4393 triginta
3338 4343 3463 4393 sex,
3495 4329 3574 4384 ad

227 4424 322 4473 xui
371 4415 730 4492 Ἀλέξανδρον,
780 4422 870 4469 καὶ
917 4413 1207 4487 Θεόδωρον,
1265 4418 1414 4475 ὄντας
1464 4417 1548 4466 τόν
1606 4413 1825 4486 ἀριθμόν

1952 4409 2190 4466 ,ribunal
2245 4409 2539 4465 adductos
2588 4408 2671 4464 sic
2711 4408 3069 4481 alloquitur:
3096 4413 3238 4468 Cum
3285 4429 3356 4469 ex
3400 4415 3575 4486 priori

224 4509 337 4578 λς’,
375 4507 687 4582 προσέταξεν
733 4515 802 4577 τῷ
861 4504 1064 4578 βήματι
1117 4503 1350 4575 ἀχθῆναι
1413 4507 1504 4554 καὶ
1551 4501 1685 4574 λέγει
1733 4503 1828 4555 αύ-

1951 4503 2129 4555 vestra
2157 4496 2535 4554 contentione
2563 4496 2708 4552 nihil
2749 4497 3009 4553 utilitatis
3045 4502 3439 4572 pereeperitis,
3473 4519 3574 4576 pa~

227 4603 362 4656 τοῖςο
419 4592 600 4654 Μηδὲν
650 4594 988 4668 ὠφεληθέντες
1044 4591 1099 4644 ἐκ
1182 4599 1278 4652 τῆς
1349 4595 1605 4666 προτέρας
1685 4593 1825 4663 ὑμῶν

1948 4593 2054 4642 rete
2082 4586 2248 4651 mihi,
2277 4591 2334 4640 et
2357 4600 2577 4656 magno
2606 4583 2720 4640 deo
2761 4586 2992 4641 Herculi
3015 4587 3340 4646 immolate.
3361 4597 3432 4647 At
3452 4591 3571 4649 illi:

234 4684 535 4758 ὁμολογίας,
599 4685 694 4736 κᾶν
756 4691 844 4735 νῦν
916 4684 1167 4740 πείσθητί
1217 4701 1307 4754 μοι
1361 4684 1450 4733 καὶ
1511 4682 1700 4732 θύσατέ
1754 4686 1826 4751 τῷ

1951 4677 2160 4747 Saepius
2181 4675 2331 4746 jam,
2355 4673 2653 4746 inquiunt,
2685 4673 2968 4741 diximus,
3001 4692 3113 4732 nos
3143 4694 3270 4734 esse
3291 4677 3574 4737 Christia-

228 4773 442 4848 μεγάλῳ
509 4780 620 4843 Θεῷ
675 4771 933 4846 Ἠρακλεῖ.
994 4773 1060 4824 Οἱ
1130 4767 1189 4824 δε
1253 4770 1397 4840 ἅγιοι
1477 4770 1827 4841 ἀποκριθέντες

1950 4780 2062 4829 nos,
2091 4763 2150 4819 id
2176 4763 2341 4835 quod
2366 4778 2438 4818 ex
2468 4762 2875 4833 superioribus
2912 4765 3336 4836 quaestionibus
3368 4769 3573 4824 intelli-

229 4859 398 4915 εἶπονο
469 4860 640 4935 Ἡμεῖς
705 4861 947 4921 πολλάκις
1023 4879 1107 4913 σοι
1181 4862 1385 4931 εἴπομεν
1439 4862 1558 4932 περὶ
1620 4859 1822 4909 τούτου⁶

1948 4871 2070 4927 ζετο
2100 4852 2342 4927 potuisti
2376 4870 2393 4907 :
2423 4867 2528 4908 nec
2559 4857 2623 4908 tu
2655 4853 2831 4908 nobis
2864 4868 3131 4926 unquam
3169 4858 3571 4927 persuadebis,

233 4950 369 5004 ἀλλά
439 4955 528 5003 καὶ
597 4949 654 5002 ἔκ
718 4958 814 5002 τῶν
886 4953 1145 5024 προτέρων
1231 4951 1591 5023 ἐπερωτήσεων
1649 4947 1823 5017 ἔγνως,

1951 4949 1995 4999 1t
2021 4943 2182 4998 idola
2203 4941 2432 5014 impura
2458 4940 2727 4997 colamus
2759 4946 2816 4998 et
2839 4942 3178 4999 adoremus.
3203 4945 3387 5001 Facile
3413 4947 3574 5004 enim

231 5043 321 5094 ὅτι
370 5043 676 5113 Χριστιανοί
723 5038 873 5110 ἔσμεν
924 5038 1126 5102 τελειοι,
1174 5041 1262 5090 xui
1335 5037 1393 5089 οῦ
1449 5037 1640 5097 πείθεις
1693 5037 1828 5106 ἡμᾶς

1949 5047 2272 5103 possumus,
2304 5029 2599 5101 quidquid
2628 5029 2690 5084 in
2743 5029 2898 5086 banc
2949 5033 3304 5088 sententiam
3334 5033 3572 5103 dixeris,

227 5135 602 5205 προσκυνῆσαι
659 5124 894 5188 εἰδώλοις
949 5127 1264 5199 ἀκαθάρτοις
1319 5129 1460 5179 ποτέ”
1521 5127 1578 5176 τό
1650 5122 1824 5176 λοιπὸν

1955 5122 2258 5177 :onfutare.
2289 5117 2428 5173 Non
2452 5117 2646 5183 vultis,
2665 5117 2858 5190 inquit
2872 5117 3208 5190 praefectus,
3228 5121 3578 5181 cohortatio-

218 5221 369 5272 ποίει
397 5215 445 5268 έν
485 5219 660 5288 τάχει,
703 5216 729 5268 ὃ
781 5215 974 5281 βούλει,
1025 5215 1096 5276 εἰς
1143 5217 1300 5286 ἡμᾶς.
1333 5213 1390 5266 '0
1417 5214 1622 5284 ἡγεμὼν
1654 5207 1815 5264 εἶπεν

1955 5225 2038 5265 ies
2067 5223 2234 5264 meas
2255 5206 2460 5263 audire
2488 5208 2516 5260 ‘2
2549 5207 2724 5278 Atqui
2762 5206 3115 5264 invictorum
3148 5209 3578 5282 imperatorum

223 5306 308 5361 Οὐ
360 5307 599 5359 πείθεσθε
647 5324 738 5377 μοι
791 5302 1178 5379 παρακαλοῦντι
1227 5304 1407 5373 ύμᾶς;
1457 5299 1825 5371 ἀναγκάζομαι

1962 5313 2104 5353 ussa
2127 5296 2321 5352 facere
2350 5294 2664 5366 cogemini.
2693 5296 2758 5349 Et
2783 5295 2957 5365 jussit
2983 5311 3087 5351 eos
3118 5301 3345 5369 asperis
3394 5300 3577 5371 virgis

220 5394 317 5451 οὖν
353 5398 408 5448 τὸ
460 5393 725 5447 κελευσθέν
767 5412 858 5467 μοι
899 5394 1043 5468 παρὰ
1081 5400 1182 5446 τῶν
1242 5390 1512 5450 ἀηττήτων
1566 5386 1824 5462 βασιλέων

1955 5391 1994 5444 at
2021 5384 2216 5442 nervis
2240 5383 2542 5457 vapulare.
2573 5383 2645 5437 At
2671 5381 2773 5450 illi,
2799 5382 3052 5442 sublatis
3073 5385 3134 5449 in
3153 5387 3370 5445 cmlum
3391 5389 3578 5446 mani-

305 5573 328 5608 ²
369 5570 523 5628 Psal.
558 5586 706 5640 cxm,
742 5571 796 5626 8.
