4110 6272
576 298 648 355 99
1950 286 2208 345 MENSIS
2250 282 2539 342 APRILIS
3847 282 3947 340 {00

575 422 710 488 bus,
740 434 862 477 una
890 433 1100 475 omnes
1147 422 1203 475 et
1238 418 1399 475 clara
1449 432 1595 474 voce
1646 414 2192 486 dixeruntzAspice

2328 420 2569 475 ποιῆσαι,
2615 414 2704 462 καὶ
2743 407 2906 468 ἄλλως
2952 408 3073 479 ὑμῖν
3116 408 3557 481 προσενεχθῆναι.
3615 408 3721 459 Καὶ
3758 406 3941 465 εὐθέως

579 509 847 577 Domine,
867 513 923 563 et
947 507 1171 577 adjuva
1202 523 1404 563 servos
1426 511 1582 574 tuos,
1601 510 1660 561 et
1676 504 1861 560 libera
1884 519 1989 559 nos
2012 505 2091 560 ab
2117 502 2192 559 ad

2329 500 2582 553 ἐκέλευσεν
2638 498 2822 559 αὐτοὺς
2885 499 3174 550 τύπτεσθαι
3252 500 3384 569 μετὰ
3444 492 3657 570 ῥάϐδων
3740 493 3939 566 ἀγρίων

576 597 859 654 versatio.
891 595 1113 661 Quibus
1139 596 1381 661 auditis,
1412 596 1606 666 magis
1639 594 1837 650 adhuc
1890 608 1998 648 eos
2038 591 2186 662 virgi

2328 596 2416 641 xui
2465 588 2755 662 βουνεύρων
2803 592 2973 659 ὠμῶν.
3029 589 3095 639 Οἱ
3144 583 3203 639 δι
3249 586 3393 657 άφιοι
3437 588 3704 658 μαρτυρες
3751 590 3941 636 τυπτό-

574 686 725 742 οωάί
756 686 1087 757 imperavit,
1118 685 1310 740 donec
1338 684 1503 739 multi
1556 682 1835 739 satellites
1884 698 2039 737 unus
2088 697 2192 752 pos

2329 697 2490 750 μενοι,
2525 676 2850 737 ἁπλώσαντες
2892 679 2986 738 τὰς
3024 683 3211 747 χεῖρας
3238 674 3405 726 αὐτῶν
3450 674 3522 737 εἰς
3567 677 3655 725 τὸν
3700 673 3940 745 οὐρανόν,

577 775 760 830 alium
790 790 893 829 eos
921 773 1284 829 verberando
1304 772 1516 829 defessi
1545 778 1702 837 sunt,
1719 777 1773 827 et
1796 772 1921 827 lora
1949 786 2019 826 ac
2040 769 2192 839 virga

2331 774 2465 839 φωνῇ
2510 766 2703 839 μεγάλη
2759 762 2917 818 εἶπον·
2977 767 3133 837 Κύριε
3192 766 3217 815 6
3268 766 3416 829 Θεὸς,
3477 758 3625 816 ἔπιδε
3672 760 3755 833 ἐφ’
3804 764 3943 833 ἡμᾶς

577 863 938 919 defecerunt.
997 864 1253 917 Rursum
1311 867 1512 917 autem
1566 861 1747 931 jussit
1795 876 1900 915 eos
1966 858 2190 914 fustibu

2330 860 2448 916 τοῦς
2478 852 2691 917 δούλους
2742 857 2859 921 σὸυ,
2891 860 2981 907 καὶ
3031 853 3300 927 βοήθησον
3331 856 3487 926 ἡμᾶς.
3544 858 3634 904 καὶ
3665 852 3941 926 λύτρωσαι

579 952 743 1006 caedi.
787 952 996 1005 Verum
1024 949 1156 1005 licet
1185 949 1389 1004 omnia
1412 949 1685 1020 ipsorum
1722 948 1947 1004 viscera
1964 951 2192 1003 contere

2332 946 2470 1017 ἡμᾶς
2528 943 2582 997 ἐκ
2634 952 2726 997 τοῦ
2783 944 3147 1017 ἀντικειμένου.
3227 945 3480 1002 Ἀκούσας
3556 938 3616 995 δι
3671 949 3858 993 ταῦτα
3919 944 3940 992 6

574 1043 799 1102 rentur,
831 1039 982 1093 adeo
1030 1043 1227 1093 tamen
1253 1036 1465 1092 hilares
1511 1052 1582 1093 ac
1630 1037 1745 1093 laeti
1790 1042 1957 1091 erant
1989 1035 2192 1090 fortiuu

2334 1036 2561 1106 ἡγεμὼν,
2634 1036 2709 1086 ἔτι
2761 1033 2951 1106 μᾶλλον
2998 1032 3278 1104 προσέταξε
3328 1028 3680 1107 ῥαϐδίζεσθαι
3729 1030 3937 1092 αὐτούς,

575 1132 910 1197 martyrum
925 1125 1134 1194 vultus,
1167 1132 1227 1179 ut
1255 1141 1465 1181 omnes
1496 1131 1842 1182 sanctorum
1874 1123 2192 1195 patientian

2334 1124 2424 1184 ἕως
2472 1124 2532 1175 οὗ
2588 1122 2803 1186 ἧλλαξεν
2853 1124 3069 1182 ἕκαστος
3114 1120 3212 1174 ἀνά
3251 1119 3381 1175 δέκα
3422 1124 3790 1194 κεντυρίωνας’
3849 1138 3942 1170 ru-

577 1220 758 1286 atque
779 1215 1178 1269 constantiam
1204 1213 1663 1269 admirarentur.

2335 1216 2595 1283 πτομένων
2647 1209 2707 1265 δὲ
2756 1212 2924 1265 αὐτῶν
2974 1211 3057 1265 επὶ
3101 1211 3228 1265 πολὺ
3261 1215 3481 1263 καὶτῶν
3528 1218 3740 1284 σαρκῶν
3775 1208 3943 1260 αὐτῶν

575 1303 1014 1374 καταξαινομένων
1039 1308 1128 1353 καὶ
1148 1310 1238 1354 τοῦ
1266 1304 1479 1374 αἵματος
1518 1310 1579 1375 τῇ
1612 1310 1679 1374 γῇ
1712 1305 2074 1376 προσρίοντος,
2109 1302 2158 1353 οἱ
2187 1299 2340 1374 λῶροι
2367 1306 2456 1353 καὶ
2499 1303 2553 1353 αἱ
2596 1298 2788 1375 ῥάϐδοι
2828 1298 3258 1360 ἐδαπανήθησαν·
3291 1305 3385 1355 καὶ
3420 1298 3572 1354 πάλιν
3609 1297 3883 1351 ἐκέλευσεν
3921 1298 3945 1347 6

575 1394 870 1464 παράνομος
900 1390 1070 1453 ξύλοις
1101 1390 1301 1465 ἀγρίοις
1349 1394 1634 1444 τύπτεσθαι
1678 1391 1885 1457 αὐτοὺς,
1927 1393 1996 1451 ὡς
2020 1390 2197 1442 λοιπὸν
2247 1394 2332 1441 xui
2375 1396 2468 1448 τὴν
2498 1387 2701 1444 ἔνδοθεν
2740 1391 3035 1463 οἰκονομίαν
3065 1400 3163 1443 τῶν
3191 1390 3511 1462 σπλάγχνων
3541 1388 3713 1442 αὐτῶν
3755 1385 3945 1461 διαφα-

577 1490 746 1540 νῆναι.
779 1487 1008 1533 Τοιαῦτα
1037 1476 1095 1532 δὲ
1125 1479 1350 1551 ἐγένοντο
1389 1477 1588 1556 φαιδρά
1630 1482 1695 1532 τὰ
1723 1485 1982 1555 πρόσωπα
2019 1487 2119 1532 τῶν
2164 1478 2323 1549 ἁγίων
2369 1487 2459 1531 τοῦ
2492 1487 2727 1554 Χριστοῦ
2771 1483 3069 1556 μαρτύρων,
3100 1482 3234 1533 ὥστε
3280 1482 3476 1542 πάντας
3509 1478 3807 1550 θαυμάζειν
3851 1482 3946 1536 τὴν

578 1571 841 1642 ὑπομονὴν
874 1574 964 1620 καὶ
989 1573 1258 1641 καρτερίαν
1292 1568 1479 1624 αὐτῶν.

648 1658 737 1713 ιν.
781 1662 1097 1729 Postquam
1128 1657 1303 1728 igitur
1336 1658 1475 1712 caesi
1501 1656 1757 1724 fuerunt,
1790 1657 1937 1712 dixit
1992 1656 2069 1711 ad
2122 1670 2222 1711 eos

568 1746 930 1818 praefectus:
965 1746 1289 1812 lmmolate,
1321 1751 1377 1801 et
1416 1745 1682 1801 liberabo
1710 1761 1840 1801 vos.
1875 1746 2071 1802 Sancti
2122 1760 2223 1800 au-

575 1840 694 1891 tem
719 1835 1014 1891 tacebant.
1045 1834 1157 1890 Sed
1188 1834 1496 1905 praefectus
1535 1836 1740 1899 iratus,
1774 1850 1956 1906 pyras
1984 1832 2220 1889 incendi

570 1923 765 1994 jussit,
797 1928 853 1977 et
884 1929 1047 1992 terga
1075 1938 1283 1978 eorum
1303 1923 1495 1988 aduri,
1526 1939 1663 1978 cum
1692 1938 1763 1978 ea
1785 1921 1949 1994 prius
1970 1927 2139 1978 aceto
2165 1938 2192 1977 e

2332 1926 2437 1985 θεὶς
2487 1927 2513 1978 6
2565 1927 2771 1998 ἡγεμὼν
2823 1924 3051 1979 ἐκελευσε
3113 1927 3419 1998 πυρωθῆναι
3470 1924 3775 1985 ὀϐελίσκους
3836 1930 3929 1977 καὶ

576 2012 699 2067 sale
735 2026 1054 2081 conspersa
1092 2016 1302 2069 essent.
1333 2015 1494 2068 Tunc
1542 2012 1729 2067 sancti
1785 2013 1885 2067 Dei
1924 2018 2192 2080 martyre;

2326 2022 2659 2066 κατακαῦσαι
2720 2013 2887 2066 αὐτῶν
2952 2018 3073 2076 τοὺς
3145 2021 3358 2083 νώτους,
3436 2014 3527 2066 εἶθ’
3599 2013 3766 2076 οὕτως
3817 2014 3931 2077 ὅξος

575 2100 961 2170 suspicientes
974 2100 1034 2154 in
1046 2100 1262 2155 coelum
1276 2100 1546 2156 dixerunt
1564 2120 1576 2159 :
1593 2101 1839 2156 Domine
1855 2102 2006 2154 Deus
2023 2104 2189 2155 noste

2328 2099 2489 2175 δριμύ
2539 2123 2628 2155 και
2675 2103 2800 2165 ἅλας
2850 2104 3123 2177 ῥαίνεσθαι
3166 2103 3339 2163 αὐτοῖς
3380 2107 3470 2155 καὶ
3512 2104 3786 2175 ὑφάσματι
3816 2122 3931 2176 τρι-

574 2187 675 2259 qui
705 2192 818 2244 tres
847 2204 1084 2260 pueros,
1107 2188 1419 2255 Ananiam,
1438 2189 1709 2244 Azariam
1742 2192 1799 2243 et
1825 2188 2123 2244 Misaelem
2144 2188 2192 2243 dt

2324 2195 2458 2263 χίνῳ
2521 2191 2857 2265 ἀνατριϐῆναι
2938 2192 3106 2249 αὐτῶν
3164 2194 3284 2254 τοὺς
3331 2196 3541 2253 νώτους⁸
3594 2188 3814 2264 δριμεῖα
3868 2189 3928 2245 δι

576 2276 814 2333 camino
835 2277 989 2347 ignis
1040 2277 1320 2346 liberasti,
1344 2294 1451 2333 nec
1470 2294 1570 2334 eos
1591 2277 1724 2333 laedi
1739 2278 2054 2349 permisisti
2079 2295 2091 2332 :
2112 2294 2191 2350 qu

2325 2282 2481 2341 ὄντως
2536 2283 2669 2333 πάνυ
2718 2283 2747 2339 ἡ
2805 2280 3038 2355 βάσανος
3087 2282 3242 2341 αὕτη·
3290 2282 3401 2334 ὅθεν
3457 2279 3832 2351 ἀναϐλέψαντες
3881 2283 3931 2333 οἰ

574 2364 876 2422 Danielem
898 2382 969 2421 ex
990 2382 1091 2422 ore
1109 2366 1352 2422 leonum
1376 2366 1657 2439 eripuisti,
1688 2372 1744 2423 et
1763 2366 1836 2422 de
1862 2382 2046 2423 manu
2071 2367 2192 2424 Pha

2322 2365 2464 2436 ἅγιοι
2517 2378 2610 2421 τοῦ
2658 2378 2791 2423 Θεοῦ
2848 2372 3105 2446 μάρτυρες
3174 2370 3246 2432 εἰς
3300 2373 3388 2422 τόν
3467 2370 3684 2443 ούρανὸν
3758 2366 3924 2423 εἶπον·

571 2453 769 2510 raonis
812 2457 1029 2511 Mosem
1078 2455 1372 2512 servasti:
1406 2460 1462 2511 et
1512 2460 1779 2511 sanctam
1809 2455 2082 2511 Theclam
2138 2456 2192 2510 al

2326 2458 2480 2529 Κύριε
2527 2459 2552 2509 6
2607 2458 2730 2520 Θεός
2766 2460 2934 2531 ἡμῶν,
2986 2461 3011 2512 ό
3058 2460 3350 2534 ῥυσάμενος
3390 2461 3511 2520 τοὺς
3558 2465 3695 2533 τρεῖς
3726 2455 3929 2520 παῖδας

570 2542 727 2612 igne,
757 2547 812 2599 et
842 2543 1089 2608 theatro,
1120 2549 1176 2599 et
1205 2543 1342 2599 feris
1367 2560 1437 2599 ac
1468 2542 1666 2599 bestiis
1693 2544 1929 2599 marinis
1955 2543 2191 2599 defendi

2323 2542 2377 2595 ἔκ
2432 2551 2651 2618 καμίνου
2708 2552 2891 2618 πυρὸς,
2942 2552 3197 2613 ’Δνανίαν,
3252 2548 3503 2624 Ἀζαρίαν
3551 2553 3641 2600 καὶ
3678 2548 3924 2617 Μισαήλ,

572 2631 689 2686 sti:
720 2633 824 2703 qui
853 2633 1062 2687 amicis
1118 2632 1231 2687 tuis
1278 2632 1605 2704 perfectum
1657 2648 1906 2703 regnum
1967 2633 2192 2703 largitu:

2322 2638 2410 2685 xui
2463 2640 2532 2707 μὴ
2585 2636 2743 2700 ἐάσας
2790 2638 2980 2699 αὐτοὺς
3037 2635 3378 2704 ἀδικηθῆναι,
3430 2639 3456 2689 ό
3503 2638 3797 2711 ῥυσάμενος
3838 2641 3923 2689 τὸν

572 2734 635 2773 es
667 2734 681 2773 :
713 2720 816 2790 qui
856 2719 1061 2775 Filium
1110 2725 1276 2775 tuum
1344 2721 1666 2775 Dominum
1704 2726 1972 2775 nostrum
2012 2723 2192 2777 Jesun

2322 2724 2510 2782 Δανιὴλ
2544 2724 2598 2777 ἐκ
2654 2730 2909 2797 στόματος
2964 2725 3198 2791 λεόντων,
3238 2728 3263 2777 ό
3308 2722 3583 2786 διασώσας
3628 2732 3833 2784 Μωσῆν
3866 2726 3923 2778 ἐκ

572 2806 865 2862 Christum
893 2823 928 2864 a
955 2808 1201 2863 mortuis
1230 2808 1494 2864 excitasti
1526 2825 1537 2863 :
1567 2809 1670 2880 qui
1703 2808 1885 2865 multa
1922 2808 2192 2882 variaqut

2320 2817 2497 2887 χειρὸς
2549 2821 2755 2888 Φαραὼ,
2812 2816 2837 2866 6
2896 2812 3167 2876 διασώσας
3218 2815 3414 2869 Θίκλαν
3475 2815 3530 2867 ἐκ
3581 2818 3765 2888 πυρὸς,
3826 2822 3921 2869 καὶ

570 2894 734 2951 dona
748 2895 922 2951 nobis
940 2896 1155 2951 dedisti
1176 2914 1189 2952 :
1207 2899 1309 2969 qui
1333 2897 1524 2953 lucem
1544 2897 1886 2969 procreasti,
1911 2902 1969 2954 et
1992 2899 2192 2954 ccelun

2322 2904 2557 2976 θεάτρου,
2610 2910 2699 2957 καὶ
2756 2906 2944 2981 θηρῶν,
3000 2908 3026 2958 ό
3077 2905 3265 2966 πολλὰς
3315 2911 3404 2958 καὶ
3454 2902 3737 2980 διαφόρους
3776 2906 3920 2980 εὐερ-

566 2983 720 3039 sicut
748 2984 964 3055 pellem
993 2986 1325 3041 extendisti'
1360 2987 1510 3059 :qui
1566 2986 1763 3041 stellas
1816 2987 2192 3056 dinumeras‘,

2317 2998 2498 3065 γεσίας
2538 2996 2892 3068 χαρισάμενος
2939 2997 3063 3067 ἡμῖν
3093 3003 3200 3058 τοῖς
3233 2991 3439 3058 δούλοις
3480 3014 3595 3064 σου,
3646 2996 3671 3047 6
3712 2998 3773 3048 τὸ
3806 3003 3917 3067 φῶς

567 3076 624 3127 et
654 3073 777 3127 suis
808 3088 909 3129 eas
942 3073 1288 3129 nominibus
1321 3090 1501 3130 vocas
1536 3094 1550 3133 :
1592 3074 1697 3146 qui
1746 3076 1805 3131 in
1853 3076 2002 3132 ﬁnes
2045 3082 2192 3133 terra

2316 3087 2543 3146 ποιήσας
2599 3089 2688 3137 καὶ
2739 3088 2823 3137 τὸν
2873 3084 3088 3157 ούρανὸν
3141 3082 3388 3153 ἕκτείνας,
3447 3085 3572 3138 ὠσεὶ
3631 3080 3827 3159 δέῥριν,
3889 3086 3917 3137 6

562 3160 777 3216 misisti
810 3162 1112 3218 veritatem
1145 3178 1158 3217 :
1192 3164 1407 3219 exaudi
1436 3179 1547 3219 nos
1578 3165 1893 3236 supplices,
1927 3170 1983 3222 et
2012 3181 2082 3222 ex
2113 3183 2192 3224 ca-

2317 3169 2549 3245 ἀριθμῶν
2595 3173 2767 3231 πλήθη
2839 3175 3045 3246 ἄστρων
3096 3178 3186 3225 καὶ
3235 3180 3396 3226 πᾶσιν
3450 3173 3622 3235 αὐτοῖς
3682 3172 3917 3247 ὀνόματα

560 3248 930 3307 lamitatibus
964 3250 1150 3306 libera
1176 3268 1190 3306 :
1219 3253 1503 3323 quoniam
1534 3259 1636 3311 tua
1665 3259 1753 3310 est
1782 3254 1973 3324 gloria
2000 3255 2061 3310 in
2100 3272 2192 3311 saa-

2313 3260 2498 3325 καλῶν,
2561 3262 2587 3312 6
2636 3266 2729 3318 τὴν
2778 3260 3019 3319 ἀλήθειαν
3078 3262 3421 3335 καταπέμψας
3470 3262 3539 3324 εἰς
3589 3265 3655 3316 τὰ
3711 3267 3918 3336 πέρατα

561 3337 699 3394 cula
719 3338 1096 3395 saeculorum.
1114 3341 1320 3396 Amen.
1347 3346 1492 3399 Cum
1515 3344 1800 3414 precandi
1826 3342 2005 3398 finem
2042 3344 2192 3398 fecis-

2313 3356 2408 3408 τῆς
2460 3348 2782 3419 οἰκουμένης,
2838 3348 3124 3403 ἐπάκουσον
3181 3357 3268 3405 καὶ
3324 3354 3490 3424 ἡμῶν,
3550 3360 3649 3403 τῶν
3711 3348 3914 3405 δούλων

560 3434 708 3493 sent,
737 3429 1043 3500 praefectus
1069 3430 1156 3486 ira
1184 3432 1535 3496 desmviens,
1553 3433 1728 3502 jussit
1753 3448 1855 3487 eos
1879 3448 2192 3503 suspensos

2317 3455 2431 3503 σου,
2489 3434 2739 3508 δεομένων
2793 3457 2876 3491 σοι
2927 3447 3035 3507 νῦν,
3080 3446 3169 3493 καὶ
3221 3450 3390 3494 σῶσον
3462 3444 3602 3515 ἡμᾶς
3671 3442 3729 3494 ἐκ
3808 3450 3913 3494 τῶν

560 3516 885 3573 dilacerari.
912 3519 1083 3584 Quod
1110 3519 1353 3590 quidem
1384 3521 1528 3574 dum
1560 3521 1741 3589 ﬁeret,
1762 3520 2068 3592 sanguinis
2092 3523 2192 3577 rivi

2313 3526 2547 3597 ἀναγκῶν
2585 3528 2727 3598 ἡμῶν
2758 3533 2846 3581 καὶ
2890 3537 2989 3580 τῶν
3040 3529 3275 3601 θλίψεων,
3329 3533 3409 3584 ὅτι
3452 3530 3710 3589 ἐτάκησαν
3759 3533 3911 3603 ἡμῶν

558 3619 626 3660 ex
645 3621 850 3661 eorum
878 3608 1227 3679 corporibus
1250 3608 1614 3664 deﬂuebant.
1631 3612 1830 3681 Neque
1855 3614 2053 3666 tamen
2068 3627 2192 3666 cru-

2310 3616 2364 3665 ui
2426 3617 2632 3687 σάρκες,
2684 3619 2935 3681 Δίσποτα,
2996 3623 3085 3671 καὶ
3134 3622 3191 3670 τό
3249 3628 3452 3691 πνεῦμα
3506 3618 3742 3672 ἐκλείπει·
3810 3628 3909 3671 σοῦ

556 3692 821 3748 .ciatuum
871 3695 1190 3751 acerbitate
1243 3698 1800 3753 commovebantur.
1837 3701 1989 3755 Deus
2040 3701 2192 3756 enim

2310 3698 2386 3768 δὲ,
2451 3706 2623 3779 Κύριε,
2673 3708 2731 3756 τὸ
2785 3705 2919 3767 ἔλεος
2963 3706 3262 3760 ἀνείκαστον
3315 3714 3405 3761 καὶ
3473 3710 3503 3767 ἡ
3568 3710 3909 3782 μακροθυμία

557 3781 950 3837 confirmabat
980 3798 1100 3847 eos,
1129 3790 1182 3838 et
1214 3784 1392 3838 robur
1434 3800 1503 3839 ac
1530 3782 1936 3841 fortitudinem
1968 3788 2192 3843 submi-

2307 3793 2520 3863 άφατος,
2576 3798 2664 3846 καὶ
2714 3798 2795 3846 σοὶ
2846 3799 3027 3867 πρέπει
3080 3798 3105 3855 ἡ
3164 3794 3295 3860 δόξα
3360 3797 3427 3858 είς
3496 3801 3611 3859 τοὺς
3687 3797 3899 3859 αἰῶνας.

555 3867 862 3924 nistrabat.
892 3870 1202 3925 Praefectus
1235 3877 1435 3926 autem
1466 3872 1541 3926 ad
1572 3887 1674 3927 eos
1706 3889 1719 3926 :
1755 3874 2199 3930 Persuaserunt-

555 3971 632 4012 ne
659 3956 826 4012 vobis
857 3962 1173 4025 tormenta,
1207 3964 1271 4015 ut
1316 3959 1394 4015 ab
1443 3960 1681 4016 insania
1744 3963 2031 4018 recedatis
2059 3964 2087 4017 ‘2
2119 3979 2198 4019 an

550 4043 751 4099 adhuc
798 4044 858 4100 in
889 4046 1189 4117 impietate
1238 4052 1429 4104 vestra
1470 4051 1832 4120 permanetis
1863 4048 1891 4104 ‘P
1928 4050 2012 4105 llli
2052 4051 2198 4108 nihil

550 4134 1000 4204 responderunt.
1029 4136 1117 4192 Ad
1159 4153 1285 4202 vos,
1336 4137 1527 4209 inquit
1575 4155 1815 4195 rursum
1864 4138 2193 4211 praafectus,

550 4222 679 4277 haec
706 4222 940 4295 loquor.
974 4226 1042 4280 At
1073 4228 1264 4282 sancti
1298 4227 1396 4282 Dei
1418 4234 1711 4300 martyres
1734 4230 2193 4302 suspicientesin

551 4310 786 4379 calum,
823 4312 902 4369 ita
930 4312 1107 4369 locuti
1133 4322 1268 4370 sunt
1303 4331 1316 4370 :
1344 4316 1495 4372 Deus
1521 4318 1921 4390 omnipotens,
1951 4321 2055 4391 qui
2086 4321 2193 4376 So-

549 4399 870 4456 domorum
902 4402 1111 4457 urbem
1136 4414 1371 4475 propter
1400 4406 1663 4475 ipsorum
1696 4408 2023 4478 nequitiam
2054 4410 2190 4479 igne

550 4489 931 4552 succendisti,
963 4496 1019 4543 et
1045 4490 1103 4543 in
1135 4491 1512 4545 solitudinem
1545 4493 1833 4561 redegisti,
1866 4494 1980 4551 hoc
2009 4497 2187 4553 etiam

547 4576 869 4647 impiorum
894 4576 1261 4632 domicilium
1278 4594 1435 4632 nunc
1457 4582 1988 4651 propterjustitiam
2022 4590 2186 4641 tuam

2300 4609 2394 4642 σαν
2435 4595 2487 4644 αἱ
2519 4592 2745 4665 βάσανοι
2775 4596 2929 4647 αὗται
2969 4597 3327 4669 ἀπαλλαγῆναι
3368 4608 3460 4662 τῆς
3489 4606 3690 4671 μανίας,
3743 4600 3772 4658 ἢ
3814 4603 3892 4652 ἑτι

546 4669 759 4720 everte.
790 4664 1057 4736 Cumque
1089 4666 1293 4721 Christi
1324 4668 1563 4735 signum
1598 4670 1889 4727 frontibus
1930 4673 2049 4728 suis
2080 4674 2185 4731 im-

2300 4676 2530 4751 ἔμμένετε
2600 4690 2660 4754 τῇ
2742 4679 3027 4757 δυσσεϐείᾳ
3082 4689 3270 4758 ὑμῶν;
3314 4690 3378 4740 Οἱ
3432 4686 3491 4741 δε
3539 4689 3682 4760 ἅγιοι
3737 4687 3887 4742 οὐδὲν

546 4754 916 4825 pressissent,
936 4753 1320 4810 insufﬂarunt
1348 4756 1635 4813 adversus
1665 4758 1843 4825 idola,
1878 4768 1933 4815 et
1970 4777 2038 4816 ea
2068 4769 2183 4819 sta-

2300 4766 2647 4841 ἀπεκρίναντο.
2723 4772 2881 4825 11άλιν
2950 4773 3081 4844 λέγει
3142 4777 3167 4825 ό
3248 4777 3450 4847 ἡγεμὼν
3506 4780 3633 4851 πρὸς
3679 4778 3883 4838 αύτούς·

544 4842 651 4897 tim
683 4843 984 4899 confracta
998 4843 1059 4899 in
1092 4845 1387 4915 pulverem
1413 4846 1787 4916 redegerunt.
1815 4852 1974 4905 Tunc
1997 4853 2183 4908 sancti

2405 1656 2475 1710 Δ’.
2531 1657 2676 1711 Μετά
2728 1654 2787 1711 δε
2832 1661 2887 1711 τό
2944 1655 3183 1734 σφοδρῶς
3230 1660 3575 1724 τυπτηθῆναι,
3631 1655 3743 1711 εἶπε
3812 1663 3943 1729 πρὸς

2334 1746 2517 1807 αύτούς
2573 1748 2598 1798 6
2652 1748 2877 1818 ἡγεμών·
2936 1750 3162 1813 Θύσατε,
3216 1744 3514 1816 κατάδικοι,
3570 1750 3661 1800 καὶ
3720 1744 3936 1799 ἀπολύω

2330 1836 2462 1906 ὑμᾶς
2490 1844 2843 1911 παραχρῆμα.
2891 1838 2956 1888 Οἱ
3014 1834 3074 1889 δι
3120 1836 3264 1908 ἅγιοι
3306 1835 3557 1890 ἕσιώπων.
3587 1839 3716 1888 Τότε
3758 1837 3935 1909 θυμωο

2309 3880 2492 3951 Ἀμήν.
2548 3882 2901 3935 Τελευσάντων
2961 3882 3019 3937 δὲ
3062 3885 3229 3938 αὐτῶν
3276 3891 3367 3945 τὴν
3416 3887 3601 3959 εὐχὴν.
3670 3887 3824 3940 πάλιν
3872 3889 3900 3939 ὁ

2306 3969 2508 4039 ἡγεμὼν
2565 3970 2887 4043 θυμομαχῶν
2948 3971 3176 4026 ἐκέλευσε
3244 3977 3625 4048 κρεμασθέντας
3689 3975 3899 4039 ξέεσθαι

2306 4056 2513 4117 αὐτούς.
2563 4062 2814 4131 Ξεομένων
2870 4058 2929 4113 δὲ
2978 4071 3075 4114 τῶν
3118 4070 3387 4140 μακαρίων
3440 4064 3519 4117 ἰπὶ
3575 4065 3725 4130 πολὺ,
3773 4063 3899 4119 οὐδε

2304 4146 2462 4206 οὕτως
2518 4146 2809 4219 ἐφρόντιζον
2861 4158 2961 4202 τῶν
3016 4150 3279 4224 βασάνωνο
3336 4155 3361 4205 6
3429 4150 3488 4207 δε
3541 4154 3899 4228 φιλάνθρωπος

2302 4237 2424 4309 γὰρ,
2485 4240 2614 4298 Θεὸς
2666 4235 2726 4296 ἧν
2774 4239 2883 4311 μετ’
2943 4242 3131 4308 αὐτῶν,
3185 4243 3210 4294 6
3266 4242 3764 4316 ἀντιλαμϐανόμενος
3803 4248 3893 4297 καὶ

2300 4328 2545 4398 παρέχων
2595 4327 2766 4387 αὐτοῖς
2814 4335 2905 4387 τὴν
2963 4331 3122 4403 ἰσχύν
3178 4338 3267 4385 καὶ
3320 4338 3412 4392 τὴν
3463 4329 3724 4405 ἀνδρείαν⁶
3787 4335 3893 4386 ἐπεὶ

2301 4414 2449 4484 (ποία
2519 4418 2620 4489 γὰρ
2687 4418 2747 4469 ἅν
2804 4416 3095 4492 ἀνθρωπίνη
3159 4421 3291 4497 σὰρξ
3346 4424 3601 4494 ύπήνεγκε
3660 4430 3825 4475 ταῦτα
3855 4439 3893 4493 ;)

2298 4501 2431 4572 λέγει
2478 4504 2504 4555 6
2542 4506 2745 4577 ἡγεμὼν
2785 4511 2913 4580 πρὸς
2960 4509 3168 4572 αύτούς·
3225 4513 3329 4564 Κᾶν
3376 4520 3480 4581 νῦν,
3530 4512 3719 4583 ἄθλιοι,
3754 4515 3893 4564 ἕπει-

2292 4855 2431 4928 ’Υμῖν
2478 4858 2608 4929 λέγω
2645 4865 2734 4912 καὶ
2789 4859 2940 4914 οὐδέν
2981 4883 3070 4935 μοι
3121 4862 3458 4939 ἀποκρίνεσθε
3492 4868 3739 4933 ;Θύσατι
3782 4867 3885 4919 λοι-

541 4935 833 5001 martyres
887 4932 966 4989 ad
1012 4932 1357 5004 praefectum
1391 4957 1403 4988 :
1448 4936 1673 5003 Cernis,
1704 4937 2002 5009 inquiunt,
2033 4940 2179 4998 deos

543 5022 676 5074 tuos
706 5017 733 5073 7
766 5020 870 5075 Ubi
911 5028 999 5076 est
1028 5021 1211 5076 robur
1262 5022 1533 5092 ipsorum
1564 5022 1592 5078 ‘f
1623 5030 2017 5093 potueruntne
2074 5029 2178 5085 sibi

542 5106 685 5177 ipsis
713 5108 989 5179 Opitulari
1018 5110 1045 5163 ‘I
1075 5109 1242 5165 Haud
1274 5111 1454 5166 multo
1485 5117 1621 5183 post
1668 5117 1868 5170 autem
1923 5121 1979 5171 et
2028 5120 2176 5175 tem-

542 5195 707 5265 plum
724 5199 1145 5268 corruit.Cujus
1163 5199 1467 5256 eversione
1481 5200 1821 5271 indignatus
1840 5205 2174 5275 praefectus,

536 5283 729 5353 jussit,
764 5290 827 5339 ut
856 5287 1036 5342 sancti
1060 5294 1343 5360 martyres
1378 5290 1568 5362 capite
1608 5290 2015 5362 plecterentur.
2050 5297 2177 5361 Qua

540 5370 623 5428 illi
650 5374 940 5430 sententia
965 5374 1091 5446 laeti,
1121 5376 1546 5436 collaudabant
1572 5382 1754 5436 Deum
1780 5386 1835 5438 et
1850 5383 2175 5451 gaudentes

611 5552 632 5587 ³
661 5549 815 5606 Psal.
851 5567 1006 5619 exui,
1041 5555 1094 5606 '2.
1172 5555 1191 5588 ‘
1221 5555 1375 5612 Psal.
1405 5572 1596 5623 CXLVI,
1629 5562 1684 5613 4.

2290 4949 2385 4997 πόν
2438 4954 2541 5007 τοῖς
2593 4953 2860 5020 μεγίστοις
2913 4954 3039 5013 θεοῖς
3092 4957 3182 5005 καὶ
3224 4952 3429 5006 ἀπολύω
3482 4956 3619 5026 ὑμᾶς
3668 4955 3887 5008 ἕκαστον

2290 5033 2355 5094 εἰς
2399 5037 2463 5087 τὰ
2508 5032 2625 5088 ἴδια
2675 5039 2782 5108 μετ’
2838 5040 3063 5112 εἰρήνης.
3121 5046 3244 5094 Τότε
3303 5044 3351 5095 οἱ
3411 5042 3551 5115 ἅγιοι
3610 5046 3885 5118 μάρτυρες,

2291 5120 2663 5194 ἀναϐλέψαντες
2732 5126 2797 5188 εἰς
2860 5132 2944 5180 τόν
3011 5130 3245 5204 οὐρανόν,
3317 5130 3458 5185 εἷπον
3526 5132 3679 5185 οὔτ-ω’
3732 5136 3890 5208 Κύριε

2288 5212 2313 5262 6
2342 5216 2494 5279 Θεὸς,
2527 5214 2552 5265 6
2600 5219 2694 5273 τὴν
2742 5216 2888 5268 πόλιν
2940 5227 3038 5269 τῶν
3070 5215 3362 5291 Σοδομιτῶν
3408 5217 3502 5273 διὰ
3538 5226 3627 5280 τὴν
3668 5242 3891 5298 παρανο-

2286 5305 2408 5372 μίαν
2435 5301 2600 5354 αὐτῶν
2638 5310 2765 5379 πυρὶ
2798 5311 3133 5370 κατακαύσας
3182 5315 3270 5362 καὶ
3319 5309 3612 5383 ἐρημώσας,
3669 5318 3759 5365 καὶ
3802 5332 3892 5365 τα-

2285 5396 2372 5440 νῦν
2404 5385 2626 5463 δεόμεθά
2676 5412 2790 5460 σου,
2831 5395 3049 5449 Βασιλεῦ
3092 5396 3227 5471 ἆγιε·
3283 5406 3462 5453 νεῦσον
3516 5401 3599 5454 ἐπὶ
3636 5408 3758 5473 γῆς,
3803 5398 3889 5456 δί-
