4110 6272
173 275 266 333 101

1241 275 1402 334 VITA
1441 277 1502 332 S.
1544 273 1929 333 TORRENTH
1968 276 2057 334 ΕΤ
2095 278 2467 338 SOCIORUM

3427 285 3532 343 102

171 421 318 464 καιος
366 399 435 453 ῶν
483 403 573 451 καὶ
619 402 714 456 τὴν
761 397 1028 464 πολύθεον,
1070 399 1259 473 μᾶλλον
1309 398 1369 454 δε
1421 403 1568 454 ἄθεον
1607 403 1764 452 κατά-

1896 401 1956 458 td
1986 402 2186 460 locum
2218 405 2576 476 prmﬁnitum
2601 409 3030 478 pervenerunt:
3065 411 3121 464 et
3144 408 3396 477 genibus
3425 411 3529 467 ﬂe-

174 489 396 566 στριψον
431 485 718 560 οἰκοδομήν
757 495 849 540 τοῦ
888 490 1136 562 ἡγεμόνος
1180 495 1270 542 καὶ
1317 495 1436 552 τοὺς
1484 493 1628 552 θεοὺς
1674 491 1768 542 αῦ-

169 588 262 633 τοῦ
304 579 546 632 λίπτυνον
593 583 684 630 καὶ
729 576 978 650 ἀφάνισον
1021 595 1033 608 ⁸
1066 584 1155 632 καὶ
1203 581 1339 652 ἡμᾶς
1387 583 1508 642 τοὺς
1553 577 1773 640 δούλους

175 688 270 722 σου
309 668 358 720 ἐν
387 669 543 740 τάχει
573 665 870 737 ἔπίσκεψον,
916 669 984 729 ὡς
1015 666 1206 738 ἀγαθός
1254 674 1342 721 καὶ
1391 669 1766 741 φιλάνθρωπος,

1879 490 1990 556 xis,
2009 491 2337 565 oblatisque
2355 493 2702 561 cervicibus,
2727 495 3336 554 confestiminterfecti
3365 504 3528 556 sunt.

1883 583 2273 637 Accesserunt
2298 589 2499 638 autem
2525 583 2633 638 viri
2663 583 2940 654 religiosi,
2971 589 3028 640 et
3058 585 3296 643 sublata
3322 602 3532 644 eorum

1884 683 2136 740 corpora
2164 669 2224 724 in
2247 669 2380 726 loco
2410 687 2581 727 sacro
2619 671 3035 729 condiderunt.

173 759 256 810 ὅτι
315 760 380 809 σὺ
436 761 590 828 μόνος
641 751 1022 828 δεδοξασμένος
1089 758 1369 829 ὑπάρχεις,
1449 758 1515 818 εἰς
1575 761 1696 818 τοῦς
1748 756 1938 818 αἰῶνας
1983 765 2080 810 τῶν
2143 757 2360 814 αἰώνων.
2426 764 2527 813 Καὶ
2583 759 2803 821 εἰπόντες
2857 768 3026 814 ταῦτα
3089 764 3138 815 οἰ
3197 762 3337 834 ἅγιοι
3401 764 3532 838 μάρ-

173 865 324 921 τυρες
380 849 508 918 μετά
566 853 866 916 στεναγμῶν
922 849 1010 897 καί
1064 842 1325 921 δακρύων,
1380 851 1470 899 καὶ
1520 851 1833 906 ποιήσαντες
1887 847 1946 897 τὸ
2007 853 2219 918 σημεῖον
2269 854 2361 900 τοῦ
2418 855 2648 921 σταυροῦ
2705 847 2754 900 ἐν
2808 857 2880 920 τῷ
2935 855 3154 922 μετώπῳ
3211 851 3379 904 αὐτῶν
3444 855 3533 904 καὶ

173 935 290 988 καθ’
344 934 464 988 ὅλου
511 942 604 987 τοῦ
667 953 930 1006 σωματος,
988 933 1307 1005 ἐνεφύσησαν
1368 943 1478 996 τοῖς
1548 933 1865 1007 ἀκαθάρτοις
1915 929 2165 1000 εἰδώλοις,
2215 941 2304 989 καὶ
2360 945 2696 1011 παραχρῆμα
2740 937 3026 1010 ἐλίκμησαν
3077 938 3213 992 αύτά
3261 945 3350 992 καὶ
3415 939 3532 1011 ἔγε-

173 1043 320 1077 νοντο
371 1026 492 1076 ὡσεὶ
545 1019 763 1084 σποδός⁸
823 1029 949 1075 Τότε
979 1023 1218 1095 λέγουσιν
1265 1025 1313 1076 οἱ
1370 1024 1514 1095 ἅγιοι
1563 1025 1816 1098 μάρτυρες
1864 1031 1936 1093 τῷ
1979 1024 2195 1094 ἡγεμόνι
2240 1063 2254 1076 .
2302 1022 2414 1078 Ἴδε
2458 1029 2525 1078 τά
2576 1025 2886 1098 σεϐάσματα
2944 1028 3085 1099 ὑμῶν
3132 1045 3144 1057 ⁸
3191 1035 3291 1079 ποῦ
3342 1030 3444 1100 γὰρ
3498 1029 3530 1086 ἡ

179 1112 340 1184 ἰσχὺς
371 1112 539 1164 αὐτῶν
565 1113 594 1170 ἠ
627 1115 748 1169 κενή
779 1127 794 1177 ;
821 1116 906 1170 Μὴ
935 1110 1278 1171 ἠδυνήθησαν
1311 1113 1503 1174 ἑαυτοῖς
1531 1111 1802 1185 βοηθῆσαι
1837 1127 1851 1174 ;
1882 1112 2004 1164 Μετ’
2051 1111 2109 1164 ού
2157 1113 2285 1166 πολύ
2328 1111 2388 1167 δὲ
2413 1119 2501 1168 καὶ
2530 1117 2555 1167 6
2585 1118 2701 1176 ναὸς
2730 1114 3062 1172 συνετελέσθη
3103 1119 3191 1168 καὶ
3235 1114 3530 1189 συνετρίϐη.

181 1202 476 1274 Ὀργισθεὶς
503 1196 589 1252 οὖν
619 1202 752 1252 πάνυ
779 1201 803 1251 ὸ
835 1202 1040 1272 ἡγεμὼν
1070 1201 1152 1254 ἐπί
1178 1221 1230 1254 τε
1261 1210 1320 1274 τῇ
1349 1200 1594 1275 συντριϐῇ
1623 1206 1714 1252 καὶ
1742 1199 1968 1271 ἀπωλείᾳ
1996 1209 2096 1252 τῶν
2128 1202 2250 1254 θεῶν
2283 1203 2462 1268 αὐτοῦ,
2496 1203 2580 1256 ἐπί
2596 1223 2648 1256 τε
2673 1211 2734 1276 τῇ
2759 1209 2956 1256 πτώσει
2986 1211 3076 1256 τοῦ
3101 1211 3245 1272 ναοῦ,
3279 1203 3535 1258 ἐκέλευσεν

179 1289 659 1362 ἀποκεφαλισθῆναι
698 1289 881 1350 αὐτούς
912 1300 1266 1365 παραχρῆμα.
1303 1289 1560 1354 Λαϐόντες
1609 1287 1789 1347 δὲτὴν
1821 1287 2080 1359 ἀπόφασιν
2111 1291 2160 1341 οἰ
2197 1291 2359 1361 ἅγιοι,
2411 1290 2646 1364 ἀπῄεσαν
2673 1297 2944 1364 χαίροντες
2991 1297 3080 1344 καὶ
3113 1288 3417 1354 δοξάζοντες
3453 1297 3535 1345 τὸν

179 1382 322 1444 Θεὸν,
379 1383 469 1430 καὶ
522 1377 747 1440 ἐλθόντες
799 1377 882 1431 ἐπὶ
932 1384 1018 1431 τόν
1074 1382 1357 1452 ὡρισμένον
1410 1384 1587 1445 τόπον,
1641 1378 1896 1436 κλίναντες
1960 1379 2028 1428 τὰ
2083 1382 2276 1448 γόνατα
2323 1386 2412 1432 καὶ
2464 1385 2551 1432 τόν
2604 1385 2726 1434 Θεὸν
2783 1381 3280 1452 εὐχαριστήσαντες,
3349 1381 3534 1442 εὐθέως

180 1466 688 1540 ἀπεκεφαλίσθησαν.
740 1472 839 1521 Καὶ
887 1467 1113 1529 ἐλθόντες
1166 1471 1214 1520 οἱ
1271 1473 1580 1543 Χριστιανοὶ
1617 1467 1804 1538 λάθρα,
1857 1473 1986 1536 ἦραν
2036 1468 2115 1538 τά,
2149 1466 2368 1538 λείψανα
2407 1477 2504 1521 τῶν
2544 1467 2704 1540 ἁγίων
2748 1474 2838 1522 καὶ
2883 1471 3073 1527 ἔθηκαν
3124 1469 3254 1522 αύτά
3306 1468 3354 1522 ἕν
3394 1474 3537 1540 τόπῳ

183 1564 372 1628 σεμνῷ.

255 1644 326 1701 Ε’.
380 1647 583 1698 Τούτων
636 1641 695 1698 δε
761 1645 919 1706 οὕτως
972 1645 1352 1712 τελειωθέντων,
1410 1645 1562 1697 πάλιν
1617 1662 1780 1718 προσ-

1961 1643 2022 1698 ν.
2081 1645 2228 1700 Tum
2275 1645 2514 1701 beatum
2562 1646 2916 1712 Terentium,
2971 1650 3030 1703 et
3063 1646 3433 1714 Africanum,
3483 1650 3540 1720 et

183 1733 355 1796 εταξεν
411 1735 438 1785 6
481 1737 780 1808 παράνομος
833 1736 1059 1806 ἡγεμὼν,
1105 1735 1329 1804 ἄγεσθαι
1368 1733 1454 1786 ἐπὶ
1509 1737 1567 1785 τὸ
1629 1731 1781 1805 βῆμα

183 1826 304 1884 τοῦς
345 1827 464 1898 περὶ
509 1827 597 1876 τὸν
653 1826 907 1896 μακάριον
971 1827 1232 1897 Τερέντιον
1296 1827 1386 1874 καὶ
1450 1823 1778 1894 Ἀφρικανόν,

181 1911 420 1983 Μάξιμόν
473 1930 524 1964 τε
566 1917 657 1964 καὶ
716 1917 970 1983 Πόμπιον,
1027 1916 1117 1964 καὶ
1164 1911 1301 1982 λέγει
1343 1913 1474 1984 πρὸς
1525 1911 1711 1971 αύτούς
1765 1949 1776 1961 .

1175 2005 1217 2053 εἱ
1271 1997 1330 2053 δε
1378 2005 1532 2072 μήγε,
1583 1999 1783 2061 μελλετε

181 2098 357 2150 κακῶς
394 2095 484 2142 καὶ
525 2098 726 2164 πικρῶς
771 2088 1082 2153 ἀπολέσθαι,
1126 2094 1216 2142 καὶ
1260 2086 1430 2150 οὐδεὶς
1478 2087 1538 2141 ἀν
1578 2086 1778 2146 δυνηθῆ

181 2004 395 2054 Θύσατε
448 2000 542 2052 κᾶν
589 2003 737 2073 ὑμεῖς
782 2009 888 2062 τοίς
937 2002 1069 2062 θεοῖς
1115 2019 1126 2031 ⁸

177 2179 451 2253 ῥύσασθαι
503 2179 638 2251 ὑμᾶς
677 2177 731 2230 ἑκ
777 2186 876 2230 τῶν
917 2186 1112 2251 χειρῶν
1160 2197 1281 2251 μου.
1337 2181 1403 2230 Οἱ
1451 2178 1592 2250 ἅγιοι
1643 2174 1782 2230 εἶπον

179 2271 314 2341 πρὸς
364 2267 519 2320 αὐτόν
567 2287 578 2300 ⁸
632 2267 870 2339 Ἠγεμόν,
948 2270 1154 2339 εἴπομέν
1215 2287 1300 2320 σοι
1367 2267 1631 2336 πολλάκις,
1705 2269 1785 2320 ὅτι

181 2361 495 2430 Χριστιανοί
551 2356 700 2430 ἔσμεν
739 2361 828 2408 καὶ
881 2355 948 2416 εἰς
995 2360 1223 2424 Χριστὸν
1269 2359 1457 2428 ἔχομεν
1513 2358 1608 2418 τὰς
1651 2357 1783 2408 ἐπλί-

185 2442 288 2508 δας
318 2463 331 2476 ⁸
361 2441 586 2516 δαίμοσι
628 2441 685 2498 δε
720 2448 836 2498 οὔτε
878 2453 1290 2519 προσκυνοῦμεν,
1339 2447 1455 2497 οὔτε
1493 2452 1598 2505 τοῖς
1650 2446 1784 2507 θεοῖς

184 2553 284 2588 σου
331 2535 636 2610 λατρώομέν
693 2553 835 2601 ποτε,
885 2537 999 2587 οὔτε
1051 2539 1149 2606 μὴν
1202 2536 1296 2595 τὰς
1362 2531 1631 2606 βασάνους
1687 2553 1782 2586 σου

182 2626 617 2697 προσποιούμεθα
672 2643 684 2657 ⁸

188 2711 454 2786 βασάνους
501 2730 515 2743 ⁸
575 2716 883 2785 πιστεύομεν
929 2715 1027 2787 γὰρ
1078 2721 1150 2783 τῷ
1197 2720 1331 2783 Θεῷ,
1381 2714 1459 2765 ὃτι
1501 2714 1780 2785 ἡττηθήση

185 2803 271 2875 ὑφ’
304 2804 470 2876 ἡμῶν,
497 2803 670 2864 καθὼς
711 2807 801 2854 καὶ
849 2803 874 2853 6
920 2807 1092 2874 πατήρ
1147 2821 1263 2866 σου,
1318 2802 1342 2852 6
1379 2799 1641 2865 διάϐολος,
1693 2803 1783 2859 ἠτ-

184 2894 320 2950 τήθή
388 2893 488 2944 ὑπὸ
565 2898 655 2943 τοῦ
711 2897 966 2962 Χριστοῦ,
1021 2897 1113 2942 τοῦ
1177 2887 1575 2961 ίνδυναμοῦντος
1654 2891 1787 2961 ἡμᾶς

187 2986 336 3050 νικᾴν
383 2998 477 3031 σου
543 2981 638 3040 τάς
711 2977 1033 3049 ἐνθυμήσεις.

190 3069 396 3140 ἡγεμὼν
467 3070 554 3119 καὶ
625 3067 852 3140 ἐμμανής
923 3069 1190 3138 γενόμενος
1270 3062 1494 3139 σφόδρα,
1563 3065 1792 3117 ἕκεἿευσε

188 3157 346 3210 πάλιν
393 3155 656 3230 βληθῆναι
701 3155 886 3216 αὐτοὺς
950 3153 998 3206 ἓν
1057 3162 1118 3226 τῇ
1175 3153 1398 3226 φυλακῇ,
1443 3153 1596 3206 εἰπὼν
1652 3173 1793 3228 περι-

188 3246 446 3305 ϐληθῆναι
497 3245 668 3306 αὐτοῖς
706 3244 857 3296 κλοιά
903 3240 1104 3318 σιδηρᾶ
1153 3247 1270 3318 περὶ
1326 3246 1447 3302 τούς
1489 3241 1792 3318 τραχήλους

191 3336 382 3404 αὐτῶν,
431 3339 522 3386 καὶ
563 3330 726 3394 πέδας
768 3337 886 3406 περὶ
926 3335 1050 3394 τοὺς
1100 3328 1272 3392 πόδας
1322 3331 1508 3397 αὐτῶν,
1553 3336 1643 3382 καὶ
1673 3329 1790 3382 ἀλύ-

194 3444 298 3484 σεις
345 3423 429 3477 ἐπὶ
485 3431 584 3475 τῶν
649 3431 842 3495 χειρῶν
894 3442 907 3455 ⁸
962 3419 1343 3494 παραλαϐόντες
1391 3416 1450 3472 δε
1503 3419 1692 3481 αὐτούς
1742 3420 1791 3471 οἱ

195 3509 402 3584 δήμιοι,
447 3514 613 3566 ἔθεντο
662 3514 710 3563 ἓν
762 3519 825 3584 τῇ
872 3510 1095 3583 ¹ρυλακῇ,
1152 3513 1325 3570 καθὼς
1377 3509 1779 3567 ἐκελεύσθησαν.

194 3601 456 3654 Ἐκελευσε
523 3597 582 3653 δε
627 3601 654 3652 6
705 3602 1004 3674 παράνομος
1056 3603 1145 3650 καὶ
1207 3597 1473 3669 τριϐόλους
1535 3595 1791 3670 σιδηροῦς

195 3691 598 3756 ὑποστρωθῆναι
654 3689 834 3750 αὐτοῖς
877 3693 968 3740 καὶ
1036 3688 1443 3762 καταπείρεσθαι
1503 3687 1690 3748 αὐτούς
1743 3685 1790 3737 ἐν

739 2629 912 2677 τοίνυν
982 2622 1170 2676 ἕπινόει
1235 2625 1361 2696 ἡμῖν
1439 2626 1564 2684 ὅσας
1629 2623 1783 2683 θέλεις

195 3779 370 3839 αὐτοῖς
424 3783 513 3831 καὶ
557 3781 627 3850 μὴ
692 3779 1090 3850 συγχωρεῖσθαί
1138 3795 1253 3828 τινα
1305 3784 1405 3828 τῶν
1463 3783 1790 3847 Χριστιανῶν

198 3868 534 3942 είσέρχεσθαι
586 3870 712 3939 πρὸς
759 3866 968 3930 αὐτοὺς,
1025 3869 1156 3940 πρὸς
1205 3867 1263 3916 τὸ
1313 3861 1444 3937 μηδ’
1485 3863 1607 3924 ὅλως
1663 3883 1790 3936 παρ-

197 3961 338 4028 έχειν
399 3957 572 4016 αὐτοῖς
634 3957 842 4030 τροφάς,
901 3957 1102 4007 Τούτων
1167 3950 1256 4006 οὖν
1315 3954 1450 4006 οὕτω
1512 3956 1790 4025 γενομένων

195 4051 288 4098 καὶ
330 4050 446 4116 περὶ
497 4049 555 4097 τὸ
599 4046 934 4117 μεσονύκτιον
985 4043 1281 4115 εὐχομένων
1324 4043 1509 4106 αὐτῶν,
1557 4041 1790 4114 ἐξαίφνης

196 4144 305 4208 φῶς
343 4137 479 4206 μέγα
523 4133 749 4205 ἔλαμψεν
794 4131 842 4184 ἐν
878 4135 941 4205 τῇ
997 4132 1192 4204 φυλακῇ
1243 4149 1256 4162 ⁸
1290 4131 1508 4203 ἅγγελος
1543 4133 1644 4204 γὰρ
1691 4137 1786 4183 Κυ-

193 4229 318 4298 ρίου
363 4226 486 4281 ἰστη
549 4225 685 4275 κατὰ
738 4226 1019 4294 πρόσωπον
1090 4225 1256 4273 αὕτῶν
1323 4225 1411 4272 καὶ
1483 4217 1615 4272 εἶπεν
1662 4223 1791 4291 πρὸς

195 4313 361 4366 αὐτοῦ
373 4334 395 4374 ς
446 4329 459 4342 ⁸

191 4421 304 4465 πιε,
364 4397 544 4454 δοῦλοι
625 4407 716 4452 τοῦ
795 4407 928 4452 Θεοῦ
981 4398 1225 4468 ὑψίστου,
1297 4397 1609 4458 ἀναστάντες
1677 4393 1795 4447 δότε

195 4488 362 4552 δόξαν
404 4497 474 4560 τῷ
529 4496 641 4558 Θεῷ
701 4491 791 4539 καὶ
855 4485 1197 4539 ἀναπαύεσθε.
1261 4481 1388 4537 Εἶτα
1429 4483 1721 4556 προσελθὼν
1769 4485 1794 4536 6

193 4577 418 4652 ἅγγελος
491 4576 664 4646 ἥψατο
730 4583 830 4628 τῶν
913 4574 1095 4626 κλοιῶν
1173 4581 1271 4625 τῶν
1337 4575 1661 4644 ἑπικειμίνων
1711 4571 1793 4625 ἐπὶ

193 4671 322 4728 τούς
365 4665 663 4739 τραχήλους
725 4663 892 4716 αὐτῶν
949 4667 1037 4715 καὶ
1089 4663 1272 4724 εὐθέως
1337 4659 1685 4736 διαῤῥαγέντα
1732 4664 1798 4714 τὰ

198 4754 409 4828 σίδηρα
438 4754 670 4818 ἐξέπεσον
711 4753 765 4816 ἐξ
806 4752 923 4805 ὅλου
967 4760 1057 4804 τοῦ
1087 4757 1322 4824 σώματος
1351 4752 1515 4805 αὐτῶν
1549 4771 1560 4784 ⁸

195 4854 273 4918 τῷ
323 4852 490 4898 ταῦτα
532 4845 790 4915 γενέσθαι,
836 4839 954 4896 ἰδοὺ
997 4846 1086 4894 καὶ
1124 4841 1359 4915 τράπεζα
1389 4841 1598 4894 ἐνώπιον
1630 4841 1795 4894 αὐτῶν

195 4936 584 5006 ἡτοιμασμένη,
627 4931 826 5004 πλήρης
875 4936 1108 5004 γέμουσα
1150 4934 1334 4992 παντὸς
1387 4928 1587 5001 ἀγαθοῦ
1641 4949 1654 4962 ⁸

195 5023 317 5080 εἶπε
364 5025 488 5098 πρὸς
536 5021 719 5082 αὐτούς
780 5022 806 5073 6
861 5019 1074 5092 ἅγγελος
1133 5036 1145 5050 ⁸
1207 5019 1581 5085 Ἀναπαύεσθε,
1648 5015 1796 5071 ἀδελ-

194 5118 316 5187 φοὶ,
372 5109 697 5162 ἀναπαύεσθε
751 5107 806 5160 ἐκ
875 5117 970 5161 τῶν
1031 5107 1226 5160 πολλῶν
1290 5109 1430 5180 ὑμῶν
1492 5111 1663 5160 κόπων
1708 5111 1797 5158 καὶ

196 5200 427 5274 θλίψεων
463 5217 477 5230 ⁸

197 5289 425 5346 ἔστειλεν
477 5288 597 5360 ὑμῖν
636 5287 661 5338 6
695 5289 882 5360 Κύριος
934 5287 1079 5358 ἡμῶν
1124 5286 1327 5348 Ἰησοῦς
1373 5290 1619 5357 Χριστός.
1673 5289 1799 5338 Τότε

201 5384 252 5435 οἱ
299 5378 447 5451 ἅγιοι
495 5375 793 5448 ηὑλόγησαν
840 5378 928 5428 τὸν
981 5377 1108 5427 Θεὸν
1163 5378 1253 5427 καὶ
1299 5372 1570 5448 μετέλαϐον
1601 5381 1800 5447 τρυφῆς

277 5509 300 5544 ⁵
335 5505 358 5562 Ι
391 5504 520 5559 Cor.
547 5518 583 5571 ι,
617 5505 706 5558 25.

1612 4757 1701 4804 καὶ
1748 4751 1796 4803 ἓν

1709 4933 1798 4981 καὶ

522 5199 634 5270 ἅμα
681 5194 739 5250 δε
794 5202 883 5249 καὶ
941 5205 1133 5271 τροφῆς
1185 5195 1508 5269 μεταλάϐετε,
1577 5197 1640 5259 ἧς
1707 5194 1797 5248 ἀπ-

513 4316 741 4386 Τερέντιε
779 4316 868 4363 καὶ
917 4311 1210 4383 Ἀφρικανε,
1257 4309 1461 4380 Μάξιμε
1511 4313 1602 4360 καὶ
1657 4312 1791 4379 Πόμ-
1823 4337 1868 4390 D

1889 1732 2226 1795 Maximum.
2268 1738 2325 1790 et
2353 1734 2702 1807 Pompeium
2736 1735 2956 1792 adduci
2977 1736 3170 1807 jubet,
3202 1741 3259 1792 et
3286 1735 3428 1792 dicit
3459 1733 3539 1791 ad

1889 1836 1990 1876 eos
2018 1835 2031 1874 :
2064 1821 2186 1876 Diis
2214 1821 2537 1894 immolata,
2573 1823 2790 1896 alioqui
2830 1823 2985 1880 male
3015 1825 3155 1880 estis
3185 1823 3444 1896 perituri.
3472 1822 3538 1878 Et

1889 1924 2067 1966 nemo
2097 1911 2313 1982 poterit
2345 1912 2564 1982 eripere
2600 1928 2710 1968 vos
2740 1927 2772 1968 e
2811 1912 3086 1968 manibus
3111 1913 3347 1968 nostris.
3377 1910 3537 1968 Chri-

1891 1998 2068 2054 stiani
2093 2015 2322 2065 sumus,
2340 2004 2403 2055 ut
2421 1999 2751 2072 saepissime
2761 2000 2890 2072 jam
2917 2001 3192 2068 diximus,
3213 2000 3540 2072 responde-

1891 2092 2028 2142 runt
2058 2093 2368 2159 martyres,
2392 2089 2523 2144 etin
2541 2086 2772 2145 Christo
2799 2104 2935 2160 spes
2966 2088 3194 2160 positas
3208 2092 3264 2145 et
3290 2087 3542 2145 colloca-

1893 2179 1983 2230 tas
1999 2174 2314 2232 habemus.
2335 2179 2646 2233 Daamones
2668 2193 2792 2233 non
2819 2177 3365 2249 adoramus,neque
3393 2176 3540 2233 deos

1892 2267 2031 2320 tuos
2055 2265 2328 2332 colimus,
2351 2270 2408 2321 et
2433 2270 2729 2322 tormenta
2753 2272 2855 2322 tua
2879 2266 3253 2337 negligimus.
3287 2264 3540 2321 Proinde

1891 2368 2046 2425 quos
2076 2353 2185 2418 vis,
2214 2353 2432 2410 adhibe
2449 2356 2764 2411 cruciatus.
2798 2357 2914 2411 Deo
2928 2354 3087 2410 enim
3111 2353 3458 2425 adjuvante,
3483 2358 3541 2410 te

1891 2457 1928 2498 a
1956 2442 2130 2498 nobis
2169 2441 2390 2498 victum
2430 2443 2497 2498 iri
2532 2442 2906 2510 conﬁdimus,
2947 2441 3455 2514 quemadmodum
3485 2446 3543 2498 et

1890 2529 2168 2586 diabolus
2199 2537 2514 2603 superatus
2542 2537 2630 2588 est
2655 2548 2693 2589 a
2723 2531 2965 2596 Christo,
2998 2531 3102 2604 qui
3131 2546 3240 2587 nos
3270 2531 3349 2586 ad
3378 2529 3543 2602 cupi-

1890 2618 2103 2675 ditates
2129 2624 2262 2676 tuas
2284 2620 2613 2676 vincendas
2643 2621 3005 2676 corroborat.
3035 2619 3130 2676 His
3151 2619 3387 2686 auditis,
3413 2618 3545 2690 jus-

1894 2709 1969 2765 sit
1997 2725 2099 2764 eos
2121 2709 2180 2764 in
2211 2709 2548 2766 custodiam
2575 2708 2813 2774 abduci,
2833 2714 2888 2765 et
2913 2708 3137 2765 catenis
3159 2724 3367 2764 eorum
3388 2706 3542 2763 colla

1893 2805 1950 2854 et
1975 2813 2196 2854 manus
2219 2798 2521 2870 pedesque
2549 2797 2945 2871 compedibus
2969 2797 3195 2852 vinciri.
3224 2799 3336 2852 Eos
3365 2796 3543 2868 igitur

1897 2885 2167 2952 ministri,
2194 2893 2255 2940 ut
2264 2886 2414 2957 jussi
2435 2886 2668 2943 fuerant
2691 2927 2704 2951 ,
2734 2886 2795 2941 in
2825 2901 3123 2942 carcerem
3141 2885 3539 2955 conjecerunt.

1112 2976 1366 3040 Ἀκούσας
1421 2975 1480 3030 δὲ
1543 2986 1709 3030 ταῦτα
1762 2979 1787 3028 ό

1897 2973 2208 3044 imperavit
2255 2980 2558 3046 praeterea,
2589 2979 2654 3031 ut
2688 2973 2939 3030 tribulos
2969 2973 3190 3029 ferreos
3228 2973 3289 3028 in
3323 2977 3542 3028 terram

1899 3061 2275 3132 projicerent,
2306 3063 2522 3133 quibus
2547 3062 2984 3132 conﬁgerentur
3015 3077 3028 3119 :
3061 3066 3118 3118 et
3143 3060 3366 3117 nemini
3385 3060 3543 3117 Chri-

1899 3149 2228 3205 stianorum
2254 3150 2329 3204 ad
2358 3165 2456 3204 eos
2482 3151 2760 3206 accedere
2785 3150 3204 3222 permitterent,
3235 3165 3310 3206 ne
3339 3149 3544 3205 cibum

1898 3235 2416 3293 aﬂ‘errentNerum
2441 3237 2598 3294 circa
2621 3239 2883 3295 mediam
2915 3245 3148 3294 noctem
3171 3238 3270 3294 lux
3295 3237 3458 3294 fulsit
3479 3237 3544 3293 in

1897 3342 2152 3396 carcere,
2180 3325 2500 3395 etangelus
2523 3326 2622 3382 Dei
2649 3325 2876 3382 stetitin
2906 3330 3228 3397 conspectu
3251 3327 3537 3398 ipsorum,

1898 3419 1953 3470 et
1983 3414 2124 3470 dixit
2173 3415 2252 3470 ad
2285 3431 2389 3471 eos
2430 3431 2444 3470 :
2486 3415 2732 3479 Terenti,
2773 3419 2832 3470 et
2860 3414 3150 3480 Africane,
3193 3419 3248 3469 et
3279 3414 3540 3486 Pompei,

1897 3508 1954 3559 et
1989 3503 2252 3568 Maxime,
2279 3504 2432 3558 servi
2475 3503 2572 3559 Dei
2603 3502 2896 3568 altissimi,
2929 3501 3287 3571 consurgite,
3320 3506 3373 3557 et
3413 3516 3546 3558 cor-

1899 3608 2048 3664 pora
2063 3597 2258 3648 vestra
2278 3597 2498 3649 curate.
2531 3595 2596 3648 Et
2617 3592 2908 3648 accedens
2937 3591 3208 3661 angelus,
3242 3592 3427 3660 tetigit
3449 3605 3544 3647 ca-

1898 3685 2064 3737 tenas
2097 3697 2314 3742 eorum,
2356 3685 2414 3737 et
2440 3680 2800 3736 ceciderunt.
2841 3683 2906 3736 Et
2935 3695 3072 3735 ecce
3100 3694 3311 3735 mensa
3338 3694 3543 3736 coram

1896 3769 2041 3842 ipsis
2091 3769 2242 3826 bene
2294 3769 2600 3826 instructa.
2643 3771 2710 3824 Et
2755 3767 2894 3824 dixit
2937 3768 3013 3824 ad
3069 3767 3201 3823 illos
3260 3767 3541 3837 angelus:

1897 3858 2206 3924 Quiescite,
2240 3864 2297 3914 et
2339 3858 2538 3914 cibum
2591 3857 2802 3929 capite,
2832 3872 3012 3930 quem
3059 3855 3228 3912 vobis
3279 3855 3544 3912 Christus

1897 3948 2072 4004 misit.
2105 3947 2302 4004 Sancti
2353 3952 2575 4011 autem,
2607 3946 2836 4002 Christo
2865 3945 3224 4012 collaudato,
3279 3945 3549 4001 comede-

1897 4043 2055 4094 runt.
2083 4040 2154 4092 At
2196 4037 2496 4103 custodes,
2553 4035 2866 4108 splendore
2917 4041 3251 4106 perspecto,
3297 4033 3548 4106 ingressi

1899 4131 2056 4190 sunt,
2085 4131 2150 4180 ut
2174 4125 2464 4189 viderent,
2508 4123 2655 4194 quid
2678 4123 2821 4178 illud
2847 4129 3002 4178 esset
3031 4139 3044 4178 :
3071 4123 3423 4178 invenerunt
3447 4137 3548 4178 eos

1899 4215 2262 4284 gaudentes:
2289 4218 2345 4266 et
2369 4193 2639 4283 praefecto
2665 4227 2790 4266 rem
2808 4211 3174 4267 nuntiarunt.
3208 4210 3318 4277 Qui
3339 4209 3548 4282 postri-

1899 4302 1995 4358 die
2021 4317 2124 4356 eos
2145 4300 2222 4357 ad
2248 4298 2508 4355 tribunal
2537 4297 2749 4355 adduci
2776 4297 2952 4368 jussit
2977 4314 2992 4364 ;
3019 4303 3077 4354 et
3105 4316 3118 4350 :
3142 4300 3439 4364 Nondum,
3461 4297 3546 4354 in-

1901 4389 2047 4462 quit,
2080 4387 2386 4460 suppliciis
2441 4386 2634 4442 edocti
2665 4387 2822 4451 estis,
2858 4391 2920 4441 ut
2949 4384 3023 4441 ab
3053 4387 3316 4442 amentia
3350 4389 3550 4442 vestra

1902 4477 2236 4545 discedatis,
2263 4482 2320 4533 ct
2345 4475 2453 4532 diis
2479 4473 2798 4531 immoletis
2829 4475 2857 4532 ?
2879 4474 3196 4545 Respondit
3215 4474 3544 4531 Terentius:

1903 4565 2155 4625 Stultitia
2203 4565 2330 4621 haec
2367 4563 2538 4620 nobis
2589 4563 2697 4620 erit
2724 4569 2781 4619 et
2819 4562 3101 4618 omnibus
3154 4561 3259 4634 qui
3297 4562 3552 4634 diligunt

1903 4661 2112 4715 Deum.
2140 4677 2169 4708 «
2197 4654 2367 4721 Quod
2395 4654 2552 4709 enim
2586 4652 2830 4708 stultum
2861 4657 2948 4708 est
2979 4651 3435 4724 Dei,sapientius
3463 4653 3553 4708 est

1900 4745 2245 4803 hominibus
2271 4762 2283 4800 :
2313 4758 2457 4799 nam
2486 4741 2800 4797 hominum
2825 4740 3138 4812 sapientia,
3164 4739 3328 4811 apud
3362 4743 3550 4795 Deum

1902 4834 2145 4891 stultitia
2169 4838 2254 4889 est
2280 4834 2323 4884 ⁵.
2355 4852 2384 4883 ››
2409 4830 2577 4886 Stulti
2605 4835 2660 4886 et
2688 4835 2954 4885 amentes
2990 4843 3286 4894 essemus,
3318 4825 3392 4896 si,
3423 4825 3552 4882 reli-

1902 4930 1996 4980 cto
2011 4927 2148 4990 Deo,
2167 4923 2494 4989 dmmones,
2521 4917 3036 4991 quemadmodum
3062 4921 3124 4972 tu
3151 4915 3314 4980 facis,
3341 4913 3553 4972 adora-

1901 5029 2122 5069 remus.
2155 5010 2380 5077 Quibus
2418 5008 2615 5065 verbis
2652 5007 2966 5080 praefectus
2994 5005 3200 5068 iratus,
3243 5004 3422 5074 jussit
3451 5019 3553 5060 eos

1903 5102 2146 5173 ungulis
2185 5098 2454 5158 lacerari.
2497 5101 2648 5154 Dum
2683 5103 2883 5152 autem
2913 5094 2972 5150 id
3007 5093 3169 5148 ﬁeret
3204 5091 3293 5147 illi
3339 5107 3554 5165 preca-

1903 5194 2123 5250 bantur
2146 5195 2351 5257 Deum,
2373 5189 2637 5246 dicentes
2664 5186 2826 5241 :Jesu
2849 5183 3090 5247 Christe,
3121 5181 3222 5239 Fili
3239 5181 3338 5237 Dei
3359 5181 3551 5238 viven-

1905 5283 1976 5340 tis
2000 5283 2058 5337 in
2101 5281 2334 5344 saecula,
2386 5278 2589 5334 lumen
2643 5273 3129 5336 Christianorum,
3162 5286 3298 5342 spes
3354 5274 3554 5326 nostra

1906 5369 2251 5434 certissima,
2299 5371 2518 5441 prasto
2549 5364 2630 5420 sis
2661 5361 2856 5429 nobis,
2901 5365 2957 5418 et
2993 5360 3079 5417 fer
3118 5359 3406 5419 auxilium
3439 5373 3454 5416 :
3495 5361 3554 5417 et
