4110 6272
591 286 691 340 103
1964 267 2221 327 MENSIS
2262 264 2540 324 APRILIS
2622 305 2630 316 .
3872 262 3968 320 ,οι

586 424 662 463 ne
692 407 1025 464 confundas
1057 421 1163 460 nos
1195 404 1435 475 propter
1472 401 1742 454 sanctum
1780 410 1999 450 nomen
2040 398 2228 448 tuum.

2350 391 2481 440 ὥστε
2531 392 2618 439 καὶ
2658 390 2779 448 τοὺς
2830 382 3106 458 δεσμώτας
3152 386 3518 458 θεωρήσαντας
3565 387 3625 437 τὸ
3667 393 3800 457 φῶς,
3867 385 3968 436 εἱσι

590 496 795 552 Christi
825 497 998 566 igitur
1028 510 1140 566 ope
1176 474 1487 557 sublevati,
1529 486 1822 542 cruciatus
1860 498 1981 538 non
2023 480 2228 537 sentie-

2345 475 2590 535 πηδῆσαι
2648 479 2748 527 ἔσω
2801 480 2889 528 καὶ
2944 477 3124 547 μαθεῖν
3197 480 3254 527 τὸ
3320 479 3526 547 γεγονός
3576 491 3590 504 ⁸
3637 474 3957 533 εἰσελθόντες

587 584 756 641 bam.
848 560 876 566 ’
1068 560 1085 566 ’
2342 570 2441 639 γὰρ
2492 562 2636 637 εὖρον
2677 565 2861 625 αύτούς
2901 565 3325 637 εὐφραινομένους
3374 570 3463 616 καὶ
3512 560 3849 627 δοξάζοντας
3881 568 3963 614 τὸν

591 678 738 726 Θεὸν.
798 675 863 725 οἱ
921 668 979 724 δέ
1032 667 1239 743 δήμιοι,
1294 667 1421 739 ἅπερ
1476 664 1772 725 ἐθεάσαντο,
1822 657 2122 732 ἀνήγγειλαν
2180 664 2251 727 τῷ
2304 658 2518 727 ἡγεμόνι
2565 672 2578 684 ο
2642 659 2730 706 καὶ
2783 661 2845 726 τῇ
2905 656 3074 727 ἡμέρᾳ
3125 651 3187 725 τῇ
3244 658 3393 728 τρίτη
3441 652 3707 706 ἐκελευσεν
3771 653 3961 712 αὐτούς

588 766 688 826 πρὸ
744 770 835 813 τοῦ
890 740 1125 833 βήματος
1190 759 1414 829 ἄγεσθαι
1476 770 1489 783 ·
1547 752 1810 824 ἀχθεντων
1863 747 1921 801 δὲ
1997 747 2163 799 αὐτῶν
2238 743 2322 797 ἐπὶ
2384 748 2440 796 τὸ
2510 742 2681 816 βῆμα,
2737 740 2846 795 εἷπε
2901 747 3031 815 πρὸς
3086 742 3325 803 αύτούςό
3358 745 3563 815 ἡγεμών
3616 760 3628 771 ·
3700 742 3959 796 Ἀθλιοιῐ

587 830 746 911 ούτως
793 830 1109 902 ἐπαίδευσαν
1158 850 1289 919 ὑμᾶς
1343 846 1396 897 αἱ
1449 842 1692 915 βάσανοι,
1754 837 2115 908 ἀπαλλαγῆναι
2171 835 2235 895 ἧς
2299 836 2447 905 ἔχετε
2500 838 2695 905 μωρίας
2748 838 2837 885 καὶ
2900 831 3195 904 προσελθεῖν
3251 834 3407 884 θῦσαι
3466 839 3571 893 τοῖς
3634 833 3777 891 θεοῖς
3837 849 3856 901 ς
3909 830 3962 882 Ὀ

587 939 732 1010 ἅγιος
778 942 1035 1013 Τερέντιος
1085 935 1216 988 εἶπεν
1248 952 1260 964 ·
1289 934 1347 986 Ἠ
1413 936 1583 1005 μωρία
1628 930 1782 991 αὕτη,
1818 925 1856 978 ὦ
1906 928 2117 997 ἠγεμὸν,
2182 925 2316 976 ἔστω
2374 922 2487 994 ἐμοὶ
2538 927 2625 974 καὶ
2672 928 2776 982 τοῖς
2836 920 3083 993 ἀγαπῶσι
3133 925 3220 972 τὸν
3280 925 3407 974 Θεόν
3443 935 3456 949 ”
3491 940 3520 971 ι(
3557 924 3628 972 Τὸ
3678 924 3791 992 γὰρ
3856 941 3963 991 μω-

585 1008 674 1098 ρὸν
739 1008 853 1079 τοῦ.
886 1031 1010 1078 Θεοῦ
1061 1030 1344 1098 σοφώτερον
1403 1030 1497 1074 τῶν
1553 1019 1832 1090 ἀνθρώπων
1880 1014 2029 1067 ἐστίν
2065 1033 2077 1045 '
2113 1015 2141 1072 ἡ
2199 1009 2257 1064 δὲ
2307 1016 2464 1084 σοφία
2514 1021 2612 1063 τῶν
2664 1012 2944 1085 ἀνθρώπων
2993 1014 3165 1084 μωρία
3221 1013 3366 1085 παρὰ
3418 1018 3489 1080 τῷ
3550 1017 3666 1079 Θεῷ
3730 1008 3903 1062 ἐστιν.
3936 1032 3961 1056 κ

587 1117 875 1188 Παράφρων
916 1113 974 1166 δὲ
1023 1118 1112 1165 καὶ
1162 1096 1460 1184 μαινόμενος
1511 1111 1699 1180 ἔσομαι
1746 1109 1923 1178 ὅμοιός
1981 1124 2097 1169 σου,
2152 1100 2253 1166 ἐάν,
2307 1105 2392 1153 τὸν
2442 1106 2568 1154 Θεὸν
2623 1121 2720 1172 μου
2779 1100 3112 1170 καταλείψας,
3179 1096 3405 1171 δαίμοσι
3453 1104 3846 1170 προσκυνήσω.
3908 1098 3962 1152 Ὀ

588 1200 647 1256 δὲ
703 1206 924 1274 ἡγεμών,
973 1209 1138 1254 ταῦτα
1193 1201 1416 1259 ἀκούσας
1468 1202 1557 1250 καὶ
1624 1196 1854 1268 χολέσας
1916 1194 2073 1261 πάνυ,
2131 1190 2388 1242 ἐκελευσεν
2462 1189 2842 1262 ἀναρτηθέντας
2920 1189 3104 1251 αύτούς
3173 1188 3258 1241 ἐπὶ
3329 1197 3418 1240 τοῦ
3486 1188 3661 1257 ξύλου,
3726 1188 3959 1251 ξέεσθαι.

588 1294 654 1343 Οὶ
686 1289 743 1343 δὲ
770 1295 1017 1365 μακάριοι
1056 1290 1281 1361 ξεόμενοι
1311 1289 1395 1341 ἐπὶ
1422 1287 1571 1351 πολὺ,
1604 1289 1833 1356 ηὔχοντο
1880 1286 2008 1357 πρὸς
2042 1284 2229 1353 Κύριον
2259 1279 2488 1350 λέγοντες
2523 1297 2534 1309 ·
2574 1282 2729 1353 Κύριε
2759 1280 2936 1336 Ἰησοῦ
2969 1281 3183 1350 Χριστε,
3216 1280 3299 1330 Υιε
3320 1285 3411 1329 τοῦ
3442 1286 3574 1330 Θεοῦ
3613 1286 3709 1329 τοῦ
3746 1278 3958 1339 ζῶντος,

585 1383 645 1433 τὸ
673 1388 772 1451 φῶς
800 1388 897 1431 τῶν
925 1386 1275 1452 Χριστιανῶν,
1310 1378 1338 1434 ἡ
1368 1380 1511 1447 πηγὴ
1544 1382 1637 1435 τῆς
1674 1374 1813 1434 ζωῆς
1842 1376 1930 1423 καὶ
1959 1379 2051 1431 τῆς
2082 1368 2389 1433 ἀθανασίας,
2424 1370 2453 1426 ἡ
2493 1373 2670 1427 πίστις
2713 1370 2742 1425 ἡ
2778 1366 3006 1442 ἀρραγὴς
3051 1372 3140 1418 καὶ
3181 1365 3514 1430 ἀκατάλυτος,
3551 1366 3840 1438 ἐπιφάνηθι
3868 1371 3959 1416 καὶ

589 1468 856 1541 βοήθησον
888 1469 1031 1539 ἡμῖν,
1055 1471 1231 1539 καὶμὴ
1265 1467 1626 1535 καταισχύνῃς
1652 1465 1787 1534 ἡμᾶς
1803 1465 1922 1522 τοὺς
1948 1461 2218 1518 ταπεινούς
2248 1454 2343 1509 διὰ
2372 1461 2428 1509 τὸ
2459 1460 2623 1527 ὄνομά
2647 1476 2740 1509 σου
2784 1460 2836 1508 τὸ
2864 1457 3007 1527 ἅγιον
3039 1455 3139 1507 ἀπὸ
3169 1464 3257 1516 τῆς
3284 1452 3605 1529 προσδοκίας
3639 1457 3814 1527 ἡμῶν.
3848 1462 3959 1507 Τῶν

589 1554 647 1609 δε
671 1554 871 1628 δημίων
931 1556 1136 1619 ξεὸντων
1186 1554 1374 1616 αὐτοὺς
1420 1553 1505 1605 ἐπὶ
1548 1551 1679 1604 πολύ
1731 1555 1820 1602 καὶ
1865 1556 1955 1601 τοῦ
2000 1553 2236 1619 Χριστοῦ
2280 1545 2702 1617 ἐπικουφίζοντος
2744 1550 2833 1597 καὶ
2888 1543 3237 1616 ἐνισχύοντος,
3271 1554 3370 1597 τῶν
3405 1544 3649 1617 βασάνων
3678 1540 3801 1597 οὐδ’
3830 1544 3959 1604 ὅλως

588 1647 893 1718 ᾐσθάνοντο.

659 1736 748 1789 VI.
791 1735 995 1806 Itaque
1020 1732 1194 1804 jussit
1232 1747 1333 1788 eos
1372 1730 1680 1803 praefectus
1711 1729 1768 1784 in
1797 1741 2093 1783 carcerem
2141 1740 2235 1779 re-
2268 1726 2308 1779 Β

585 1823 829 1879 trudi.Et
844 1822 1184 1877 convocatis
1202 1818 1477 1875 omnibus
1490 1818 1745 1873 ferarum
1768 1812 2234 1870 incantatoribus

582 1912 916 1983 imperavit,
949 1914 1013 1964 ut
1040 1924 1223 1964 saevas
1249 1922 1458 1962 omnes
1487 1905 1642 1961 feras
1675 1910 1731 1960 et
1756 1903 2049 1970 crudeles,
2080 1916 2233 1973 quas

583 1999 884 2063 haberent,
913 1997 1148 2069 aspides
1172 2003 1225 2051 et
1254 1996 1485 2065 viperas
1518 1994 1813 2059 afferrent,
1837 1999 1893 2047 et
1918 2007 2054 2047 cum
2085 1990 2232 2060 ipsis

582 2087 970 2143 includerent.
994 2087 1130 2150 Quae
1162 2084 1407 2156 quidem
1431 2083 1565 2138 feras
1596 2082 1671 2137 ad
1700 2081 1875 2153 pedes
1898 2096 2102 2135 eorum
2136 2095 2235 2132 ac-

583 2177 877 2241 cedentes,
911 2190 1012 2231 eos
1044 2174 1186 2229 nihil
1233 2173 1476 2227 omnino
1502 2170 1821 2227 laedebant.
1865 2169 2061 2225 Sancti
2095 2182 2232 2222 vero

585 2264 977 2328 considentes,
1035 2260 1386 2332 psallebant,
1444 2265 1501 2315 et
1547 2262 1729 2313 Deum
1784 2256 2226 2313 collaudabant.

585 2354 851 2423 Cumque
875 2350 1065 2406 tribus
1095 2350 1307 2404 diebus
1337 2354 1392 2403 et
1419 2348 1603 2404 tribus
1633 2347 1905 2402 noctibus
1932 2361 2068 2401 cum
2097 2359 2221 2399 san-

583 2441 690 2496 ctis
744 2439 985 2495 inclusae
1027 2438 1399 2500 mansissent,
1452 2440 1665 2508 quarto
1710 2437 1804 2491 die
1835 2435 1943 2490 sub
1994 2439 2228 2490 noctem

584 2529 746 2584 misit
800 2528 1132 2599 praefectus,
1160 2527 1261 2597 qui
1293 2524 1580 2589 viderent,
1617 2530 1811 2579 utrum
1841 2540 1877 2579 a
1924 2524 2062 2578 feris
2092 2538 2228 2577 con-

585 2618 807 2688 sumpti
836 2621 1051 2671 essent.
1082 2615 1193 2670 Sed
1224 2614 1327 2685 qui
1361 2614 1523 2668 missi
1572 2614 1826 2677 fuerant,
1878 2614 1954 2667 ad
1986 2610 2232 2665 carceris

582 2708 739 2761 fores
756 2704 1321 2776 appropinquantes,
1356 2701 1679 2756 audiebant
1703 2717 1805 2756 eos
1830 2699 2150 2772 psallentes
2177 2704 2233 2754 et

582 2793 990 2850 collaudantes
1016 2795 1219 2847 Deum.
1243 2794 1507 2861 Cumque
1539 2789 1877 2861 diligentius
1908 2787 2120 2843 vellent
2146 2786 2228 2842 in-

582 2882 750 2946 tueri,
782 2882 927 2953 quid
967 2886 1259 2952 ageretur,
1290 2880 1538 2935 carceris
1569 2884 1786 2934 tectum
1833 2878 2231 2933 conscenden-

581 2977 687 3036 tes,
717 2976 947 3026 sanctos
976 2969 1259 3033 viderunt,
1292 2969 1393 3039 qui
1424 2967 1837 3031 considebant,
1870 2969 1928 3021 et
1949 2966 2226 3036 angelum

584 3060 683 3115 Dei
713 3064 965 3114 stantem
992 3064 1127 3113 ante
1154 3056 1365 3111 faciem
1396 3056 1674 3122 ferarum,
1704 3062 1761 3111 et
1786 3072 1859 3111 ne
1885 3056 1963 3111 ad
1992 3071 2093 3111 eos
2121 3071 2230 3127 ap-
2267 3100 2306 3154 Ο

582 3146 1070 3219 propinquarent,
1124 3144 1538 3216 prohibentem
1580 3161 1593 3200 :
1627 3150 1682 3199 et
1720 3143 1993 3200 Praefecto
2032 3144 2227 3199 celeri-

581 3240 686 3303 ter,
704 3252 837 3307 quas
858 3235 1141 3298 viderant,
1168 3233 1535 3288 nuntiarunt.
1572 3235 1815 3290 Summo
1843 3234 2020 3305 igitur
2046 3249 2225 3289 mane

581 3323 726 3379 sedit
764 3324 825 3379 in
853 3322 1149 3390 tribunali,
1200 3328 1256 3377 et
1293 3322 1486 3393 jussit,
1531 3327 1593 3377 ut
1632 3324 2027 3378 incantatores
2072 3320 2226 3375 feras

580 3428 719 3468 suas
770 3420 1086 3477 sumerent,
1133 3417 1189 3467 et
1218 3413 1403 3468 sancti
1433 3412 1511 3467 ad
1555 3411 1814 3466 tribunal
1859 3409 2228 3465 adduceren-

581 3508 689 3556 tur.
722 3502 1125 3557 Incantatores
1150 3500 1324 3569 igitur
1342 3515 1478 3554 cum
1511 3499 1587 3553 ad
1620 3499 1868 3553 carceris
1902 3497 2121 3553 ostium
2143 3497 2227 3551 in-

579 3590 1016 3645 cantationibus
1047 3588 1170 3644 suis
1207 3589 1362 3644 feras
1393 3587 1771 3653 advocarent,
1820 3586 1933 3642 illae
1974 3601 2095 3641 non
2126 3602 2228 3641 au-

578 3677 841 3733 diebant.
868 3677 979 3733 Sed
1010 3692 1147 3732 cum
1172 3677 1393 3731 ostium
1422 3676 1672 3732 carceris
1703 3681 1973 3747 apertum
2007 3676 2083 3729 ab
2112 3674 2225 3729 illis

579 3773 886 3833 esset,uno
907 3781 1116 3821 omnes
1145 3764 1369 3835 impetu
1410 3765 1796 3834 egredientes,
1831 3780 2225 3836 quoscunque

577 3859 766 3911 nactae
797 3859 935 3909 sunt
956 3852 1249 3917 homines,
1281 3852 1642 3916 occiderunt,
1677 3853 1809 3906 etin
1843 3852 2224 3907 solitudinem

577 3943 1199 4013 profectaesunt.Tunc
1223 3939 1497 3995 custodes
1519 3940 1594 3994 ad
1614 3939 1959 4010 praefectum
1984 3945 2225 3994 sanctos

577 4031 973 4087 adduxerunt.
1026 4030 1134 4095 Qui
1179 4045 1313 4084 cum
1369 4045 1471 4084 eos
1512 4029 1675 4084 nulla
1724 4029 1781 4083 in
1837 4034 2001 4098 parte
2050 4028 2225 4083 laesus

575 4122 881 4192 aspiceret,
919 4120 1111 4175 furore
1151 4118 1502 4182 concitatus,
1545 4134 1647 4172 eos
1672 4118 1864 4189 capite
1894 4117 2221 4173 damnavit.

574 4210 768 4266 Sancti
801 4215 1000 4265 autem
1031 4207 1255 4278 egressi
1288 4214 1421 4262 sunt
1451 4206 1589 4273 laeti,
1631 4212 2035 4280 canentesque
2067 4207 2224 4262 dice-

573 4297 712 4353 bant
745 4317 757 4356 :
796 4318 820 4349 «
864 4298 1146 4353 Liberasti
1200 4313 1329 4362 nos,
1374 4298 1638 4362 Domine,
1692 4297 1769 4352 ab
1820 4298 1915 4361 iis,
1948 4297 2051 4367 qui
2109 4312 2220 4352 nos

573 4385 934 4456 aﬂligebant,
960 4387 1133 4458 etqui
1158 4387 1407 4441 oderant
1434 4402 1567 4450 nos,
1589 4385 1901 4440 confudisti
1933 4387 1974 4438 θ.
2002 4404 2031 4436 (ι
2060 4384 2222 4439 Mini-

2414 1724 2485 1788 ;".
2527 1728 2652 1777 Τότε
2713 1726 2962 1797 θυμωθεὶς
3018 1726 3043 1775 ὸ
3097 1726 3301 1796 ἡγεμὼν
3356 1722 3583 1776 ἐκέλευσε
3612 1725 3953 1795 κατενεχθέν-

2341 1833 2428 1874 τας
2470 1814 2659 1875 αὐτούς
2699 1812 2798 1866 ἀπὸ
2826 1822 2917 1866 τοῦ
2976 1812 3148 1878 ξύλου,
3196 1812 3549 1885 ἀναληφθῆναι
3605 1812 3762 1864 πάλιν
3791 1812 3841 1863 ἐν
3881 1821 3953 1881 τῷ

2804 1908 2892 1955 καὶ
2944 1903 3163 1963 καλέσας
3231 1904 3421 1962 πάντας
3484 1906 3603 1964 τούς
3664 1898 3955 1959 ἐπαοιδούς

3640 1993 3745 2043 ὃσα
3803 1988 3950 2062 εἶχον

2344 1899 2689 1975 δεσμωτηρίῳ
2740 1921 2752 1933 ⁸

2340 2000 2438 2042 τῶν
2520 1994 2725 2067 θηρίων,
2787 1990 3043 2044 ἐκέλευσεν
3115 1991 3288 2053 αύτοίς
3338 1990 3561 2061 ἐνέγκαι,

2345 2082 2501 2154 θηρία
2539 2081 2747 2153 χαλεπά
2794 2086 2883 2133 καὶ
2916 2077 3079 2145 δεινὰ,
3126 2079 3263 2132 τοῦτ’
3309 2083 3450 2132 ἔστιν
3495 2078 3737 2151 ἐχίδνας,
3792 2079 3949 2131 ἀσπί-

2342 2167 2441 2231 δας
2495 2189 2549 2224 τε
2617 2174 2703 2221 καὶ
2784 2172 3059 2244 κεράστας,
3108 2174 3198 2221 καὶ
3272 2169 3778 2228 πναποκλείσθῆναι
3836 2168 3947 2240 μετ’

2342 2259 2507 2310 αὐτῶν
2553 2260 2602 2310 ἐν
2650 2267 2711 2330 τῇ
2746 2258 2943 2331 φυλακῇ
2986 2262 3117 2331 πρὸς
3145 2261 3202 2309 τὸ
3235 2256 3568 2331 ἀναιρεθῆναι
3618 2259 3704 2309 ὑπ’
3749 2259 3945 2311 αὐτῶν.

2342 2354 2441 2401 Καὶ
2512 2350 2704 2399 τούτων
2769 2348 2904 2399 ούτω
2970 2351 3267 2419 γενομένων,
3322 2343 3455 2405 ἦσαν
3522 2350 3587 2400 τά
3641 2352 3803 2420 Θηρία
3861 2351 3947 2420 ἔρ-

2341 2457 2501 2490 ποντα
2544 2442 2633 2489 καὶ
2688 2439 2817 2511 πρὸς
2874 2439 2993 2497 τούς
3045 2432 3215 2498 πόδας
3262 2436 3429 2487 αὐτῶν
3482 2438 3898 2510 παρακαθήμενα
3930 2454 3943 2465 ·

2340 2528 2397 2576 τὸ
2450 2524 2665 2577 καθολον
2712 2525 2805 2577 οὐκ
2863 2524 3173 2598 ἐλυμήναντο
3239 2525 3450 2590 αύτούς,
3510 2524 3618 2575 ἀλλ’
3686 2524 3945 2583 ἐποίησαν

2340 2617 2403 2666 τὰ
2449 2616 2635 2687 ἑρπετά
2681 2623 2819 2688 τρεῖς
2872 2617 3067 2690 ἡμέρας
3115 2620 3205 2668 καὶ
3262 2612 3394 2688 τρείς
3440 2620 3626 2676 νύκτας
3693 2614 3946 2687 ἐγκεκλει-

2343 2706 2505 2774 σμένα
2557 2722 2649 2774 μετ
2705 2702 2891 2767 αὐτῶν,
2957 2705 3129 2776 ὥσπερ
3199 2704 3309 2764 ζῶα
3360 2706 3548 2777 ἣμερα,
3606 2713 3707 2756 τῶν
3772 2704 3943 2774 ἁγίων

2341 2793 2631 2862 ὑμνούντων
2675 2796 2765 2843 καὶ
2816 2788 3142 2854 δοξαςόντων
3191 2796 3277 2844 τὸν
3310 2797 3437 2845 Θεὸν
3476 2792 3900 2855 ἀκαταπαύστως
3929 2816 3940 2826 ·

2339 2885 2429 2932 καὶ
2478 2889 2539 2954 τῇ
2582 2883 2750 2955 ἡμέρᾳ
2791 2888 2853 2947 τῇ
2904 2884 3120 2956 τετάρτη
3178 2880 3471 2934 ἀπέστειλεν
3508 2884 3533 2933 ό
3574 2885 3782 2954 ἡγεμών
3841 2886 3943 2935 ὑπὸ

2338 2973 2518 3039 νύκτα,
2563 2971 2607 3023 εἰ
2650 2972 2753 3045 ἄρα
2787 2970 3126 3028 ἀνηλώθησαν
3176 2974 3223 3023 οἱ
3271 2971 3411 3042 ἅγιοι
3454 2974 3553 3023 ύπὸ
3598 2980 3696 3023 τῶν
3745 2974 3943 3046 θηρίων

2338 3068 2435 3111 τῶν
2494 3059 2703 3112 ἰοϐόλων
2752 3078 2764 3090 ·
2825 3064 2915 3112 καὶ
2961 3062 3024 3119 ὡς
3074 3056 3225 3117 ἦλθον
3275 3062 3324 3112 οἱ
3381 3058 3757 3132 ἀπεσταλμένοι
3809 3065 3945 3135 πρὸς

2334 3154 2425 3207 τὴν
2471 3151 2627 3221 θύραν
2677 3149 3063 3220 ἀκροάσασθαι,
3096 3153 3185 3200 καὶ
3230 3152 3461 3206 ἤκουσαν
3506 3149 3674 3201 αὐτῶν
3716 3149 3945 3219 ψαλλόν-

2335 3256 2433 3288 των
2484 3242 2573 3288 καὶ
2616 3238 2905 3308 ὑμνούντων
2954 3240 3037 3288 τὸν
3094 3241 3241 3301 Θεὸν,
3292 3236 3596 3310 βουλόμενοι
3640 3236 3945 3313 ἀκριϐέστε-

2335 3344 2421 3398 ρον
2496 3326 2696 3395 μαθεῖν,
2756 3323 3010 3382 ἀνέϐησαν
3069 3324 3153 3378 ἐπὶ
3206 3330 3263 3378 τὸ
3326 3323 3479 3399 δῶμα
3532 3336 3626 3389 τῆς
3682 3327 3940 3399 φυλακῆς.

2337 3413 2769 3486 Περιϐλεψάμενοι
2823 3419 2911 3465 καὶ
2955 3413 3185 3489 ἀκριϐῶς
3224 3421 3741 3480 κατασκοπῆσαντες,
3796 3413 3941 3469 εἶδον

2336 3506 2451 3563 τούς
2502 3502 2679 3573 ἁγίους
2731 3505 3051 3575 καθημένους
3086 3510 3176 3557 καὶ
3223 3504 3437 3577 ἄγγελον
3490 3512 3681 3579 Κυρίου
3730 3506 3943 3559 ἑστῶτα

2338 3594 2468 3643 κατά
2517 3596 2792 3663 πρόσωπον
2848 3601 2947 3643 τῶν
3028 3592 3235 3645 ἰοϐόλων
3303 3593 3501 3647 ἐκείνων
3574 3597 3783 3668 θηρίων,
3842 3601 3940 3649 καὶ

2336 3678 2464 3753 μηδ’
2527 3680 2652 3743 ὅλως
2712 3690 3090 3755 συγχωροῦντα
3143 3682 3235 3734 κᾶν
3285 3682 3495 3755 ἐγγίσαι
3551 3685 3746 3747 αὐτοῖς.
3802 3692 3937 3738 Τότε

2337 3768 2616 3842 δραμόντες
2662 3769 2968 3843 ἀνήγγειλαν
3015 3780 3086 3842 τῷ
3130 3774 3359 3844 ἡγεμόνι,
3405 3775 3505 3825 ὅσα
3545 3771 3681 3827 εἶδον
3722 3774 3937 3837 οἰκείοις

2336 3860 2617 3931 ὀφθαλμοῖς
2685 3878 2697 3890 ·
2759 3866 2846 3912 καὶ
2894 3859 3120 3923 ἀναστὰς
3144 3864 3330 3935 ὄρθρου
3364 3862 3463 3915 ἀπὸ
3496 3872 3588 3925 τῆς
3625 3862 3800 3924 κλίνης
3834 3864 3936 3915 αὑ-

2334 3950 2724 4021 τούόἡγεμὼν,
2765 3954 2854 4001 καὶ
2887 3951 3160 4013 καθεσθεὶς
3232 3950 3314 4004 ἐπὶ
3371 3960 3461 4004 τοῦ
3520 3950 3752 4025 βήματος
3814 3952 3934 4005 ἐκέ-

2334 4036 2481 4089 λευσε
2536 4044 2639 4097 τοῖς
2696 4034 2959 4099 ἐπαοιδοῑς
3008 4037 3274 4092 ἀναλαϐεῖν
3309 4044 3398 4112 μεν
3447 4044 3510 4093 τὰ
3548 4043 3721 4114 θηρία,
3754 4041 3932 4112 ἀχθῆ-

2334 4146 2417 4177 ναι
2449 4122 2507 4177 δὲ
2554 4130 2675 4187 τούς
2720 4126 2898 4197 ἁγίους
2940 4126 3022 4179 ἐπὶ
3074 4131 3131 4179 τὸ
3184 4127 3337 4201 βῆμα
3370 4147 3381 4159 '
3416 4129 3717 4192 ἀπελθόντες
3770 4128 3831 4183 δὲ
3878 4133 3931 4183 ὁὶ

2334 4211 2569 4267 ἐπαοιδοὶ
2593 4220 2681 4267 καὶ
2710 4216 2973 4287 μέλλοντες
3015 4215 3239 4287 ἐγγίζειν
3284 4226 3345 4290 τῇ
3402 4220 3533 4290 θύρᾳ
3574 4227 3667 4280 τῆς
3694 4219 3925 4291 εἱρκτῆς,

2332 4303 2551 4377 ἤρξαντο
2610 4302 2861 4356 ἐπικαλεῖν
2922 4308 2985 4356 τὰ
3053 4307 3209 4377 θηρία
3272 4314 3331 4378 τῇ
3398 4306 3589 4358 ἑαυτῶν
3630 4305 3877 4379 ἐπαοιδίᾳ
3912 4330 3925 4342 ·

2330 4394 2395 4443 τά
2425 4388 2483 4444 δὲ
2507 4392 2611 4463 οὐχ
2642 4394 2944 4451 ὑπήκουσαν
2988 4393 3181 4449 αὐτῶν.
3234 4400 3359 4447 Τότε
3388 4395 3608 4457 ἐλθόντες
3660 4397 3709 4447 οἱ
3754 4395 3931 4449 ἐπαοι-

578 4476 680 4529 stri
699 4449 869 4543 vvero,
891 4449 1113 4528 eductis
1138 4473 1373 4541 gladiis,
1403 4449 1668 4527 fecerunt
1691 4472 2002 4542 imperata.
2031 4474 2219 4544 Atque

2335 4476 2416 4532 δοὶ
2463 4485 2551 4533 καὶ
2583 4480 2871 4544 ἀνοίξαντες
2919 4486 3012 4539 τὴν
3064 4484 3220 4555 θύραν
3274 4491 3368 4545 τῆς
3418 4483 3671 4556 φυλακῆς,
3714 4483 3927 4547 ἐξῆλθον

573 4562 655 4617 ita
679 4563 864 4617 sancti
895 4561 955 4614 in
987 4560 1198 4615 Christi
1228 4559 1620 4624 confessione,
1657 4560 1921 4630 martyrii
1952 4561 2218 4631 palmam

575 4654 945 4721 acceperunt.
966 4651 1183 4704 Eorum
1210 4653 1407 4703 autem
1423 4663 1675 4718 corpora
1687 4654 1840 4703 recte
1858 4663 2220 4719 componen-

574 4744 660 4795 tes
674 4737 780 4794 viri
803 4738 1079 4809 religiosi,
1105 4738 1163 4792 iu
1185 4736 1330 4800 loco,
1347 4736 1447 4807 qui
1476 4736 1716 4791 duobus
1741 4752 2027 4808 passuum
2045 4737 2221 4792 milli-

572 4828 688 4883 bus
734 4828 813 4883 ab
862 4827 1007 4882 urbe
1060 4826 1339 4892 distabat,
1411 4824 1788 4896 sepelierunt,
1840 4826 1914 4881 ad
1968 4825 2217 4895 gloriam

579 4915 896 4971 Salvatoris
934 4914 1116 4971 nostri
1145 4914 1285 4969 Jesu
1316 4912 1544 4978 Christi,
1592 4914 1692 4984 qui
1722 4914 1880 4981 vivit,
1911 4920 1967 4971 et
2012 4921 2221 4988 regnat

573 5011 636 5065 in
666 5006 882 5060 saecula
912 5004 1288 5060 saeculorum.
1318 5006 1527 5057 Amen.

575 5088 931 5161 ἀδικηθέντας,
991 5092 1221 5165 ἐμμανὴς
1284 5095 1549 5163 γενόμενος
1605 5089 1829 5166 σφόδρα,
1896 5092 2056 5147 ἔδωκε
2138 5094 2253 5148 κατ’

649 5215 671 5249 θ
701 5214 855 5270 Psal.
894 5231 1049 5281 11.111,
1091 5216 1143 5270 8.

650 5335 724 5406 (t)
778 5336 1120 5393 Theodorus
1182 5339 1388 5400 Lector
1460 5342 1657 5400 scribit
1716 5343 1777 5397 in
1838 5343 2215 5401 Collectaneis

578 5404 676 5486 lib.
697 5406 975 5486 ll,horum
1002 5414 1344 5486 sanctorum
1374 5422 1706 5486 martyrum
1726 5413 2006 5486 reliquias
2028 5422 2216 5471 trans-

575 5478 726 5537 latas
755 5495 882 5534 esse
921 5480 1484 5555 Constantinopolim
1517 5478 1551 5541 ἑ
1589 5485 1707 5540 Kal.
1741 5478 2007 5541 Octobris
2035 5488 2215 5543 Theo-

2328 4569 2392 4618 τὰ
2469 4571 2625 4642 θηρία
2672 4566 3006 4641 ὁμοθυμαδὸν
3059 4572 3171 4622 κατ’
3245 4572 3431 4637 αὐτῶν,
3482 4579 3572 4625 καὶ
3627 4571 3925 4626 ἀπέκτειναν

2327 4667 2659 4730 παραχρῆμα
2725 4661 2840 4717 τούς
2895 4678 2946 4711 τε
3021 4655 3296 4721 ἐπαοιδούς
3365 4666 3453 4713 καὶ
3523 4664 3716 4722 πάντας
3774 4665 3927 4724 ὅσους

2329 4745 2471 4819 εὖρον
2525 4745 2818 4820 ἀνθρώπους
2867 4746 3014 4799 ἐκεῖ·
3048 4753 3137 4800 καὶ
3182 4747 3314 4800 αύτά
3353 4751 3536 4821 ἔφυγον
3586 4751 3653 4811 εἰς
3696 4750 3923 4825 ἐρήμους

2326 4838 2535 4895 τόπους.
2586 4836 2725 4888 Μετά
2776 4842 2942 4887 ταῦτα
2990 4831 3048 4887 δὲ
3101 4840 3503 4909 παραγενόμενοι
3551 4840 3599 4890 οἱ
3658 4835 3922 4910 δεσμοφύ-

2328 4918 2496 4985 λακες,
2556 4919 2792 4972 ἀνέλαϐον
2868 4926 2989 4984 τοὺς
3050 4923 3233 4993 ἁγίους
3295 4929 3384 4975 καὶ
3464 4929 3661 4997 ἤγαγον
3734 4926 3923 4989 αύτούς

2328 5012 2457 5083 πρὸς
2502 5012 2586 5060 τὸν
2635 5011 2881 5081 ἡγεμόνα.
2937 5016 3035 5064 Καὶ
3091 5009 3213 5063 ἰδὼν
3252 5012 3437 5074 αύτούς
3468 5015 3492 5065 ό
3524 5016 3728 5087 ἡγεμὼν
3756 5012 3923 5088 μηδὲν

2328 5098 2493 5149 αὐτῶν
2570 5101 2656 5155 τὴν
2728 5097 3006 5167 ἀπόφασιν.
3073 5103 3138 5153 Οἱ
3208 5097 3267 5153 δε
3318 5101 3461 5173 ἅγιοι
3518 5102 3728 5166 ἐξῆλθον
3786 5111 3922 5179 χαί-

2322 5346 2487 5420 dosio
2528 5347 2742 5404 Minore
2773 5350 3126 5420 imperante.
3167 5353 3309 5409 Vide
3332 5354 3657 5413 Baronium
3681 5357 3740 5413 in
3765 5357 3925 5413 notis

2323 5418 2401 5472 ad
2426 5418 2902 5491 Martyrologium
2932 5424 3289 5492 Romanum,
3329 5427 3402 5480 10
3425 5426 3612 5499 April.
