4110 6272
164 306 282 366 105
1312 304 1481 365 νιΤΑ
1520 306 1579 363 S.
1622 304 1800 364 CARF

1911 306 1966 364 ΞΤ
2005 305 2399 367 SOCIORUM.
3428 312 3532 370 106

159 451 360 507 ροντες,
424 435 515 483 καὶ
588 428 865 499 ψάλλοντες
934 427 1123 499 ἔλεγονο
1201 429 1446 493 Ἐσωσας
1527 435 1687 505 ἡμᾶς,
1751 437 1924 507 Κύριε,
1994 433 2049 486 ἐκ
2154 444 2252 488 τῶν
2339 435 2609 489 θλιϐόντων
2678 438 2820 507 ἡμᾶς
2865 439 2955 488 καὶ
3046 439 3167 495 τοὺς
3241 445 3526 508 μισοῦντας

162 524 309 594 ἡμᾶς
372 525 740 592 κατῄσχυνας.
824 519 889 569 Οἱ
964 514 1023 570 δε
1114 519 1187 581 εἰς
1252 528 1404 572 τοῦτο
1454 524 1751 593 ταχθέντες,
1829 522 2107 594 ἐνεγκόντες
2190 524 2309 596 ξίφη
2394 528 2451 577 τὸ
2517 527 2852 599 προσταχθὲν
2914 524 3088 585 αὐτοῖς
3138 525 3395 583 ἐποίησαν
3442 532 3533 580 καὶ

162 612 315 673 τέλος
372 614 430 662 τὸ
486 607 579 662 διὰ
634 608 807 679 ξίφους
860 614 970 667 τοίς
1024 606 1187 679 ἁγίοις
1240 612 1500 681 μάρτυσιν
1558 610 1829 668 ἐπέθηκαν·
1900 618 1987 665 καὶ
2036 614 2195 675 οὕτως
2253 613 2301 665 ἐν
2370 614 2499 687 καλῇ
2574 616 2844 687 προθυμίᾳ
2912 612 3279 671 ἐτελειώθησαν
3349 614 3398 667 ἐν
3468 623 3530 689 τῇ

164 700 425 773 ὁμολογίᾳ
454 705 544 751 τοῦ
569 702 763 769 Κυρίου
789 698 935 768 ἡμῶν
958 698 1136 753 Ἰησοῦ
1168 706 1421 770 Χριστοῦ,
1449 706 1573 771 μηνὶ
1607 701 1874 775 Ἀπριλίῳ.
1911 702 2168 764 Λαϐόντες
2194 700 2253 755 δὲ
2293 706 2358 755 τά
2380 708 2530 774 τίμια
2559 709 2774 775 σώματα
2795 711 2893 755 τῶν
2922 703 3082 774 ἀγίων
3113 708 3202 755 καὶ
3230 703 3534 756 καλλινίκων

165 791 451 863 μαρτύρων
479 789 765 859 Τερεντίου,
802 784 1134 855 Ἀφρικανοῦ,
1163 786 1404 857 Μαξίμου
1436 806 1489 839 τε
1518 794 1606 839 καὶ
1639 794 1876 859 Πομπίου
1910 786 2095 863 ἄνδρες
2125 790 2353 850 εὐλαϐεῖς
2381 796 2470 843 καὶ
2501 790 2855 863 φιλόχριστοι,
2896 794 2983 841 καὶ
3011 793 3144 842 πάνυ
3184 796 3419 861 κοσμίως
3445 796 3534 843 καὶ

166 882 465 952 πρεπόντως
515 870 866 933 κηδεύσαντες
916 873 1070 937 αὐτὰ,
1122 873 1365 927 ἀπέθεντο
1421 875 1471 927 ἐν
1528 884 1588 947 τῇ
1638 884 1729 949 γῇ,
1790 880 1855 937 ὡς
1912 876 2012 929 ἀπὸ
2070 878 2251 949 μιλίων
2309 876 2406 931 δύο
2454 886 2547 940 τῆς
2584 879 2771 938 πόλεως
2822 879 3093 951 Ἀφρικῆς,
3127 878 3195 939 εἰς
3234 875 3391 941 δόξαν
3446 884 3535 931 καὶ

167 970 334 1037 τιμήν
381 971 473 1017 τοῦ
530 966 723 1034 Κυρίου
772 966 861 1014 καὶ¹
913 969 1045 1015 Θεοῦ
1092 967 1178 1015 καὶ
1218 971 1451 1037 Σωτῆρος
1502 967 1647 1037 ἡμῶν
1675 964 1851 1023 Ἰησοῦ
1896 974 2152 1039 Χριστοῦ,
2271 970 2300 1025 ἡ
2354 963 2485 1029 δόξα
2515 970 2690 1019 καὶτὸ
2719 968 2904 1039 κράτος
2944 966 3012 1027 εἰς
3053 970 3173 1028 τοὺς
3213 966 3403 1028 αἰῶνας
3434 974 3534 1019 τῶν

168 1053 396 1106 αἰώνων.
437 1053 626 1123 Ἀμήν.

1541 1307 2177 1395 ΜΑΡΤΥΡΙΟΝ

977 1497 1113 1544 ΤΩΝ
1152 1494 1357 1545 ΔΓΙΩΝ
1396 1496 1509 1545 ΚΑΙ
1552 1494 1859 1546 ΕΝΔΟΞΩΝ
1896 1499 2029 1545 ΤΟΥ
2065 1499 2350 1547 ΧΡΙΣΤΟΥ
2385 1499 2739 1549 ΜΔΡΤΥΡΩΝ

970 1662 1617 1780 ΚΑΡΠΟΥ
1675 1661 1953 1778 ΚΑΙ
2014 1664 2758 1785 ΠΑΠΥΛΟΥ
2874 1724 2903 1749 ~

1505 1875 1617 1924 ΚΑΙ
1655 1876 1791 1924 ΤΩΝ
1817 1876 1941 1925 ΣΥΝ
1973 1877 2227 1928 ΔΥΤΟΙΣ.

545 2122 1006 2182 MARTYRIUM
1076 2121 1535 2184 SANCTORUM
1604 2121 1706 2182 ET
1777 2122 2324 2185 GLORIOSORUM
2391 2123 2693 2186 CHRISTI
2762 2125 3198 2186 MARTYRUM

759 2280 1233 2418 CARPI,
1323 2281 1851 2399 PAPYLI
1944 2282 2124 2400 ET
2208 2280 2980 2404 SOCIOBUM.

173 2524 354 2583 (Anno
381 2522 487 2571 150.
504 2521 686 2571 Latine
712 2518 855 2584 apud
878 2519 1090 2584 surium
1115 2518 1182 2584 ad
1208 2519 1350 2567 diem
1378 2520 1436 2567 13
1455 2518 1661 2584 Aprilis,
1679 2518 1836 2584 juxta
1856 2520 2239 2584 perantiquum
2266 2519 2566 2584 Romanum
2594 2521 3053 2584 Martyrologium,
3072 2521 3307 2584 itemque
3334 2519 3481 2569 Beda
3494 2520 3551 2567 et

784 2533 855 2568 uo
878 2533 1090 2568 aurium
1115 2533 1182 2567 ad
1208 2533 1350 2567 diem
1378 2533 1436 2567 15
1455 2533 1492 2567 Α
1536 2533 1661 2574 rius,
1679 2533 1836 2581 Juxra
1856 2533 2239 2582 perannquum
2267 2533 2566 2569 nomanum
2594 2533 2979 2584 martyrowgiu

744 2534 988 2633 Bsuardi.
1015 2608 1076 2619 —
1108 2580 1292 2631 Graca
1319 2595 1385 2631 ex
1417 2533 1534 2631 cod).
1570 2583 1694 2644 Reg.
1716 2580 1875 2630 Paris.
1896 2596 2040 2631 nunc
2063 2582 2297 2645 primum
2330 2583 2611 2646 prodeunt.
2654 2582 2772 2632 Eorr
2803 2582 2981 2641 Pun.)

266 2844 349 2900 A’.
400 2842 713 2912 Μεμνῆσθαι
762 2848 861 2891 τῶν
914 2840 1040 2910 ὑπὲρ
1078 2845 1312 2910 Χριστοῦ
1352 2840 1616 2890 παθόντων
1647 2841 1784 2911 εἴπερ

1972 2840 2011 2892 l.
2053 2838 2382 2893 Meminisse
2412 2852 2641 2903 eorum,
2673 2838 2777 2910 qui
2808 2853 2912 2910 pro
2942 2836 3174 2894 Christo
3201 2840 3342 2893 sunt
3364 2836 3548 2909 passi,

187 2932 316 2985 ἄλλο
355 2950 407 2981 τι
456 2928 713 2987 λυσιτελὴς
752 2932 840 2979 καὶ
892 2926 1164 2997 ὠφέλιμονο
1215 2928 1359 2982 ἱκανή
1401 2929 1499 2997 γὰρ
1539 2931 1628 2977 καὶ
1659 2931 1786 2996 μόνη

188 3021 471 3092 μαρτύρων
517 3022 692 3088 μνήμη
762 3018 889 3088 πρὸς
943 3022 1077 3066 Θεοῦ
1128 3015 1292 3084 ἔρωτα
1322 3011 1507 3083 ψυχήν
1539 3009 1793 3084 διεγεῖραι

184 3112 284 3160 καὶ
323 3108 475 3158 οἱονεί
532 3124 581 3156 τι
635 3106 816 3177 πτερόν
875 3102 941 3162 εἰς
1001 3100 1182 3173 ἀρετήν
1235 3102 1476 3171 γενέσθαι
1534 3104 1622 3151 καὶ
1678 3104 1794 3159 τους

187 3196 388 3256 αὐτοὺς
432 3200 541 3254 τοῖς
593 3194 852 3264 μάρτυσιν
900 3191 1088 3251 οῖθλους
1134 3198 1317 3263 νοερῶς
1369 3190 1636 3260 ὑπομένειν
1692 3208 1793 3241 πα-

183 3284 545 3360 ρασκευάσαι,
579 3277 673 3332 διὰ
714 3288 812 3332 τῶν
844 3278 1028 3331 ἐκεῖθεν
1080 3276 1307 3350 ἀμοιϐῶν
1346 3283 1439 3335 τήν
1485 3276 1792 3333 ἀπόλαυσιν.

182 3380 304 3426 Τῶν
358 3378 479 3442 γοῦν
528 3374 643 3429 τοὺς
701 3370 1049 3442 μαρτυρικούς
1101 3369 1319 3427 τούτους
1374 3364 1576 3437 ἀγῶνας
1616 3362 1795 3423 διήνυ-

190 3465 359 3512 κότων
408 3458 509 3511 εἰσὶ
543 3462 633 3508 καὶ
663 3458 711 3507 οἱ
746 3454 949 3529 στερροὶ
1006 3464 1095 3515 τῆς
1122 3453 1435 3515 Ἐκκλησίας
1483 3454 1622 3505 οὗτοι
1674 3455 1795 3505 στύ-

188 3550 279 3601 λοι
328 3567 380 3600 τε
430 3553 519 3598 καὶ
561 3544 805 3617 θεμέλιοι,
853 3547 1061 3618 Κάρπος
1107 3550 1195 3595 καί
1237 3542 1501 3609 Πάπυλος,
1534 3544 1583 3593 οἱ
1612 3546 1796 3616 πατρί-

194 3634 296 3698 δος
348 3639 437 3708 μεν
494 3636 736 3706 ὑπῆρχον
786 3639 1110 3705 περιφανοῦς,
1169 3639 1263 3693 τῆς
1309 3638 1658 3706 Περγαμηνῶν
1705 3634 1798 3682 πό-

189 3726 339 3791 λεως,
389 3726 619 3794 πατέρων
678 3718 737 3773 δε
787 3717 994 3792 σφόδρα
1045 3719 1323 3793 φιλαρέτων
1373 3724 1634 3791 γενόμενοι
1675 3738 1799 3769 κατ-

194 3812 415 3870 άλληλον
455 3807 810 3885 ἐπεδείκνυντο
854 3814 945 3861 καὶ
972 3814 1065 3866 τήν
1094 3807 1322 3879 ἀγωγήν,
1356 3808 1440 3859 οἶά
1486 3826 1621 3868 τινος
1643 3807 1797 3881 ῥίζης

197 3903 431 3974 εὐγενοῦς
491 3900 665 3970 εὐγενῆ
724 3897 1097 3970 βλαστήματα,
1154 3899 1224 3959 ὡς
1270 3893 1427 3955 δῆλον
1458 3900 1512 3948 ἐκ
1550 3905 1641 3949 τοῦ
1673 3916 1797 3970 καρ-

199 3996 306 4044 ποῦ
356 3992 411 4040 τὸ
465 3983 677 4058 δένδρον
737 3988 973 4057 γίνεσθαι
1025 3991 1113 4037 καὶ
1163 3993 1235 4055 τῷ
1283 3985 1468 4059 ῥείθρῳ
1515 3982 1819 4058 μακαρίζει

203 4080 335 4131 σθαι
375 4081 466 4134 τὴν
513 4080 707 4147 πηγήν.
752 4082 904 4146 Σῶμα
954 4077 1042 4145 μεν
1090 4075 1191 4148 γὰρ
1231 4076 1401 4144 μόνοις
1454 4071 1653 4124 ἐποίουν
1704 4072 1798 4144 ἀρ-

1901 2930 1988 2981 est
2012 2925 2339 2996 plurimum
2363 2926 2500 2981 utile
2525 2930 2581 2981 et
2605 2926 2997 2982 conducibile.
3027 2926 3255 2982 Sufﬁcit
3279 2925 3432 2980 enim
3460 2923 3550 2980 vel

1902 3013 2030 3069 sola
2058 3014 2370 3078 memoria,
2405 3015 2555 3070 utad
2584 3014 2684 3069 Dei
2710 3030 2978 3071 amorem
3010 3014 3220 3070 excitet
3256 3014 3549 3082 animum,

1902 3106 1960 3156 et
1986 3101 2059 3156 sit
2090 3101 2268 3156 veluti
2295 3102 2573 3172 quadam
2599 3102 2694 3158 ala
2721 3103 2798 3158 ad
2823 3103 3115 3168 virtutem,
3143 3107 3201 3158 et
3229 3102 3465 3165 efﬁciat,
3489 3105 3554 3156 ut

1903 3188 2116 3244 eadem
2156 3190 2499 3253 certamina,
2542 3206 2675 3261 qua
2715 3206 2961 3261 corpore
3001 3196 3310 3261 martyres,
3354 3195 3553 3246 mente

1903 3276 2000 3332 ille
2028 3277 2317 3333 sustineat
2340 3293 2448 3349 pro
2477 3278 2741 3333 fruendis
2770 3279 2840 3333 iis
2868 3294 3003 3350 qua
3034 3284 3171 3333 sunt
3196 3278 3334 3344 illic,
3359 3294 3551 3333 remu-

1904 3365 2336 3422 nerationibus.
2364 3368 2444 3421 Ex
2461 3365 2532 3420 iis
2552 3380 2711 3435 ergo,
2732 3366 2969 3438 qnihac
2989 3366 3257 3438 martyrii
3276 3382 3553 3437 peregere

1905 3454 2251 3523 certamina,
2311 3453 2524 3509 valida
2561 3470 2804 3526 quoque
2843 3453 3114 3509 Ecclesia
3154 3454 3447 3509 columna
3499 3458 3556 3510 et

1905 3542 2320 3607 fundamenta,
2337 3542 2562 3614 Carpus
2574 3542 2896 3615 etPapylus
2925 3549 3254 3598 noscuntur
3280 3558 3555 3615 :quorum

1906 3638 2153 3702 uterque
2188 3631 2247 3685 in
2293 3630 2454 3685 clara
2505 3629 2751 3702 quidem
2800 3630 3013 3701 patria,
3058 3645 3275 3702 nempe
3323 3630 3556 3686 civitate

1906 3720 2293 3790 Pergamena,
2322 3734 2392 3773 ex
2420 3718 2587 3774 valde
2614 3724 2812 3773 autem
2844 3719 2955 3790 piis
2988 3724 3160 3774 natus
3186 3717 3554 3790 parentibus,

1905 3809 1988 3864 eis
2017 3823 2257 3880 quoque
2296 3808 2742 3863 convenientem
2779 3808 2912 3861 vita
2950 3807 3206 3862 ostendit
3242 3806 3556 3872 rationem,

1907 3896 2081 3953 veluti
2114 3911 2416 3966 generosa
2446 3895 2761 3965 cujusdam
2800 3895 3015 3951 radicis
3047 3910 3402 3966 generosum
3434 3910 3560 3965 ger-

1906 4002 2041 4041 men
2064 4004 2080 4055 ;
2110 3986 2261 4040 adeo
2292 3990 2356 4039 ut
2383 3999 2456 4039 ex
2488 3983 2678 4040 fructu
2706 3984 2885 4039 arbor
2915 3983 3193 4039 evaderet
3222 3983 3555 4048 manifesta,

1906 4080 1963 4129 et
1986 4089 2058 4128 ex
2099 4071 2321 4127 ﬂuento
2353 4076 2689 4126 censeretur
2724 4070 2860 4125 fons
2894 4072 3124 4125 beatus.
3179 4074 3325 4126 Nam
3377 4070 3559 4126 ambo

197 4168 410 4220 κεῖσθαι
463 4172 570 4224 τοῖς
627 4163 941 4235 ἀναγκαίοις,
990 4168 1091 4215 πᾶν
1139 4165 1195 4214 τό
1244 4162 1471 4214 ποικίλον
1518 4166 1606 4213 καὶ
1658 4166 1797 4232 περί-

1911 4159 2153 4232 quidem
2182 4174 2397 4228 corpus
2429 4158 2725 4212 faciebant
2754 4173 2885 4212 esse
2915 4157 3053 4212 solis
3082 4162 3427 4214 contentum
3457 4172 3565 4213 ne-

200 4274 355 4328 εργον
416 4252 788 4323 ἀπωθούμενοι,
848 4252 982 4304 οὕτω
1063 4247 1124 4303 δε
1178 4255 1268 4303 καὶ
1332 4256 1435 4310 τοῖς
1502 4248 1799 4319 ἀναγκαίοις

202 4344 361 4415 ὀλίγα
405 4347 687 4414 χρώμενοι,
739 4343 807 4403 ὡς
839 4346 1041 4411 σώματι
1088 4342 1177 4410 μεν
1220 4341 1362 4411 παρὰ
1398 4337 1527 4389 πολὺ
1575 4346 1672 4388 των
1712 4334 1800 4407 ἀγ-

200 4434 368 4506 γέλων
417 4429 795 4501 ἀπολελεῖφθαι,
851 4436 923 4499 τῷ
982 4425 1040 4480 δὲ
1084 4432 1314 4498 περιόντι
1364 4434 1459 4487 τῆς
1506 4424 1801 4499 ἐγκρατείας

204 4528 402 4596 μικροῦ
457 4523 545 4570 καὶ
621 4517 949 4590 παραψαύειν
1004 4522 1095 4567 τοῦ
1163 4513 1462 4587 ἀσωμάτου.
1543 4514 1801 4568 Ἐντεῦθεν

206 4610 285 4671 εἰς
341 4608 469 4679 ὕψος
520 4606 704 4679 ἀρετῆς
770 4605 1091 4677 ἀναχθέντες,
1148 4602 1283 4665 ἄξιοι
1340 4601 1620 4676 ἐκρίθησαν
1678 4599 1805 4655 εἶναι

205 4703 305 4751 καὶ
356 4699 681 4769 προστασίαν
727 4693 853 4745 λαοῦ
908 4693 1271 4751 πιστευθῆναι.
1322 4692 1427 4746 Καὶ
1460 4693 1667 4764 Κάρπος
1716 4694 1805 4761 μεν

210 4786 612 4860 ἀρχιερωσύνην
670 4781 846 4843 ἐπιϐὰς
924 4784 989 4835 τά
1042 4789 1138 4843 τῆς
1202 4779 1462 4841 εὐσεϐείας
1538 4785 1808 4852 μυστήρια

210 4872 490 4947 διήγγελλε
542 4878 646 4933 τοῖς
693 4870 740 4923 ἐν
798 4876 1119 4944 Θυατείροις
1182 4869 1423 4930 Πάπυλος
1485 4865 1561 4933 δε,
1612 4877 1683 4939 τῷ
1713 4877 1806 4930 τῆς

213 4961 489 5023 διακονίας
568 4958 757 5033 βαθμῷ
834 4962 1089 5032 τιμηθεὶς,
1147 4958 1419 5033 ἰσόρροπον
1487 4957 1651 5029 ἐαυτῷ
1715 4962 1807 5015 τήν

216 5047 459 5109 σπουδήν
489 5048 537 5102 ἐν
566 5056 673 5112 τοῖς
698 5052 836 5109 ἴσοις
874 5048 1090 5101 ἐποιεῖτο
1118 5052 1310 5108 πόνοις.

290 5226 368 5280 Β’.
400 5225 538 5278 Ἐπεὶ
567 5221 654 5278 οὖν
694 5227 720 5277 ὁ
758 5229 875 5297 περὶ
933 5223 1100 5276 αὐτῶν
1146 5223 1292 5294 λόγος
1333 5231 1609 5294 πανταχοῦ
1644 5219 1679 5274 δ
1685 5218 1809 5275 ιεδί-

225 5312 371 5382 δοτο,
425 5315 509 5366 οἶα
558 5311 697 5387 μηδὲ
742 5312 1005 5365 λανθάνειν
1050 5315 1199 5384 φύσει
1250 5320 1342 5374 τῆς
1382 5310 1563 5384 ἀρετῆς
1593 5307 1811 5382 δυναμί-

225 5422 337 5472 νης,
417 5400 526 5455 ἀλλ’
578 5402 764 5461 ἑαυτήν
831 5401 909 5455 ἀεί
961 5419 1084 5454 ποτε
1139 5403 1519 5475 κηρυττούσης,
1577 5399 1704 5452 πολύ
1761 5418 1812 5451 τι

513 5509 763 5568 Ριτιιοι..
796 5510 897 5566 Gn.
926 5509 1079 5565 CXV.

1908 4246 2206 4313 cessariis,
2247 4244 2593 4316 repellentes
2631 4244 2924 4316 quidquid
2964 4250 3087 4301 erat
3127 4246 3357 4301 varium
3382 4250 3438 4302 et
3464 4261 3563 4301 cu-

1909 4336 2134 4391 riosum
2163 4332 2550 4398 gnecessariis
2578 4337 2778 4387 autem
2806 4337 2925 4387 tam
2960 4333 3194 4388 modice
3218 4338 3467 4403 utentes,
3498 4338 3563 4390 ut

1910 4438 2157 4494 corpore
2189 4421 2433 4493 quidem
2454 4418 2708 4475 multum
2731 4420 3011 4475 abessent
3040 4421 3117 4477 ab
3146 4421 3396 4491 angelis,
3424 4421 3564 4476 insi-

1912 4513 2013 4584 gni
2039 4518 2238 4567 autem
2266 4510 2641 4576 abstinentia,
2661 4508 2995 4581 incorporei
3015 4510 3453 4582 propemodum
3480 4510 3567 4566 vi-

1912 4602 2209 4658 derentur.
2228 4599 2367 4654 Hinc
2380 4614 2517 4654 cum
2539 4598 2799 4669 provecti
2812 4604 3006 4653 essent
3030 4598 3107 4653 ad
3126 4614 3435 4655 summum
3452 4600 3566 4654 vir-

1914 4690 2074 4757 tutis,
2102 4688 2350 4760 judicati
2368 4692 2507 4743 sunt
2526 4686 2713 4755 digni,
2732 4702 2990 4758 quorum
3014 4686 3151 4741 ﬁdei
3173 4688 3568 4742 committere-

1914 4784 2007 4835 tur
2033 4775 2234 4848 populi
2267 4775 2633 4847 prafectura.
2656 4778 2720 4829 Et
2740 4774 2966 4846 Carpus
2982 4774 3248 4846 quidem,
3273 4791 3410 4830 cum
3439 4791 3567 4846 per-

1913 4865 2174 4922 venisset
2205 4864 2280 4919 ad
2303 4863 2734 4935 pontiﬁcatum,
2762 4862 3000 4934 pietatis
3034 4863 3314 4934 mysteria
3334 4877 3568 4919 annun-

1915 4954 2102 5011 tiabat
2130 4953 2215 5019 iis,
2249 4953 2351 5024 qui
2374 4957 2539 5007 erant
2566 4951 2855 5023 Thyatiris
2887 4967 2900 5005 :
2934 4950 3192 5021 Papylus
3226 4956 3427 5005 autem
3460 4951 3568 5007 ho-

1918 5046 2163 5100 noratus
2185 5043 2374 5111 gradu
2390 5040 2762 5105 diaconatus,
2788 5054 2895 5093 suo
2920 5038 3150 5093 muneri
3170 5040 3565 5109 respondens,

1918 5131 2240 5189 adhibebat
2278 5129 2544 5184 studium
2575 5128 2634 5183 in
2666 5126 2911 5198 paribus
2952 5125 3283 5181 laboribus.

1988 5220 2051 5274 ll.
2108 5220 2241 5274 Cum
2268 5233 2409 5287 ergo
2439 5231 2646 5272 eorum
2674 5216 2835 5271 fama
2865 5214 3213 5286 pervasisset
3240 5213 3300 5270 in
3353 5232 3565 5273 omnes

1920 5315 2133 5381 partes,
2189 5311 2390 5379 utpote
2417 5304 2579 5377 quod
2609 5319 2681 5359 ea
2712 5304 2784 5358 sit
2809 5307 3022 5359 natura
3051 5303 3301 5368 virtutis,
3340 5308 3401 5358 ut
3451 5320 3571 5359 non

1922 5397 2114 5470 possit
2132 5395 2333 5459 latere,
2358 5392 2460 5448 sed
2485 5391 2748 5464 seipsam
2772 5406 3009 5463 semper
3035 5391 3333 5463 pradicet,
3354 5406 3575 5462 magna

3120 5502 3154 5559 ι
