4110 6272
615 281 715 335 107

1986 263 2238 323 MENSIS
2278 262 2587 323 APRILIS.
3875 270 3962 333 403

602 399 916 458 multitudo
929 398 1063 454 ideo
1076 395 1433 461 conﬂuebat,
1453 398 1509 451 et
1524 410 1727 451 eorum
1746 392 1946 447 fruens
1961 389 2237 452 doctrina,

2363 388 2553 451 πλῆθος
2609 395 2751 465 παρὰ
2806 400 2957 444 τοῦτο
3014 391 3277 467 συνέρῥεον
3338 399 3427 445 καὶ
3474 402 3571 456 τῆς
3627 396 3754 467 παρ’
3808 397 3964 447 αὐτῶν

598 490 851 546 libenter
897 484 1217 543 accedebat
1248 484 1320 539 ad
1354 484 1650 554 pietatem.
1688 481 1801 538 Sed
1838 480 1963 535 ﬁeri
2005 477 2251 534 omnino

598 593 721 635 non
750 579 1006 649 poterat,
1040 578 1102 629 ut
1132 573 1236 645 qui
1267 571 1374 627 fuit
1402 571 1479 627 ab
1505 571 1670 627 initio
1702 570 2000 625 bonorum
2049 566 2251 621 adver-

599 667 816 735 sarius,
852 679 989 719 cum
1020 662 1150 718 haec
1182 661 1264 716 sic
1310 660 1539 725 ﬁerent,
1570 659 1828 730 quietem
1860 658 2079 727 ageret.
2123 657 2250 709 Non

595 752 1050 827 quievititaque,
1072 749 1175 804 sed
1198 764 1336 804 cum
1357 748 1678 803 invenisset
1701 746 1968 815 egregios
2000 740 2251 799 admini-

595 847 750 898 stros
778 855 900 897 sum
919 838 1181 900 malitiae,
1196 837 1279 891 eis
1296 850 1433 907 pers
1444 835 1694 890 uadetut
1713 838 1949 890 sanctos
1972 833 2252 886 accusent

594 930 757 1001 apud
784 927 1042 991 Decium,
1075 923 1242 997 quod
1263 923 1376 978 sint
1414 927 1472 978 et
1501 923 1562 977 in
1593 922 1739 976 deos
1770 919 1937 991 impii
1978 934 2080 974 eos
2110 916 2252 973 abo-

595 1019 913 1079 minantes,
932 1019 990 1070 et
1016 1016 1345 1085 sequantur
1364 1026 1589 1068 vanam
1621 1008 2095 1065 Christianorum
2121 1003 2254 1076 opi-

593 1107 854 1163 nionem.
882 1104 976 1159 llle
998 1106 1199 1158 autem
1211 1102 1324 1156 hac
1338 1116 1397 1155 re
1419 1098 1768 1168 gravissime
1795 1096 2063 1160 affectus,
2086 1094 2253 1149 Vale-

593 1195 749 1249 rium
776 1192 1107 1266 quemdam
1160 1204 1547 1253 assessorem,
1583 1203 1720 1241 cum
1752 1201 1872 1258 quo
1903 1200 1997 1239 res
2043 1198 2251 1238 omnes

591 1299 730 1338 suas
760 1277 1401 1347 communicabat(erat
1417 1280 1616 1331 autem
1640 1291 1854 1332 amans
1878 1274 2249 1335 daemonum,

595 1378 650 1427 et
676 1371 761 1426 vir
781 1368 1053 1440 agrestis)
1075 1366 1283 1423 emittit
1304 1366 1362 1420 in
1388 1364 1610 1429 Asiam,
1636 1379 1771 1435 quae
1799 1362 1911 1417 sibi
1933 1363 2006 1417 de
2030 1360 2249 1416 sanctis

593 1458 869 1516 nuntiata
897 1458 1147 1519 fuerant,
1182 1454 1235 1509 ei
1264 1453 1634 1522 signiﬁcans,
1666 1456 1724 1507 et
1753 1453 1803 1506 ei
1836 1450 1893 1505 in
1923 1449 2055 1504 illos
2087 1450 2252 1519 pote-

594 1553 807 1603 statem
837 1545 1205 1617 permittens.
1233 1541 1440 1597 Statim
1472 1555 1613 1609 ergo
1642 1539 1906 1594 Valerius
1927 1538 2088 1592 viam
2111 1550 2250 1590 con-

595 1636 717 1692 ﬁcit
740 1651 925 1708 quam
950 1630 1295 1708 celerrime‘:
1326 1635 1384 1685 et
1410 1632 1731 1701 postquam
1754 1628 1859 1683 fuit
1878 1627 1936 1681 in
1968 1626 2119 1690 loco,
2151 1622 2252 1679 ubi

2362 479 2698 541 ἀπολαύοντες
2752 478 3127 547 διδασκαλίας,
3187 485 3403 554 ἄσμενοι
3471 492 3857 555 προσεχώρουν
3909 496 3958 556 τῇ

2363 569 2615 642 εὐσεϐείᾳ.
2681 570 2812 622 Ἀλλ’
2869 571 2962 623 οῦκ
3015 568 3074 629 ἧν
3108 575 3314 633 παντως
3370 576 3453 624 τόν
3499 572 3554 635 ἐξ
3599 572 3777 646 ἀρχῆς
3836 574 3958 625 ἀντι-

2361 664 2586 730 κείμενον
2637 667 2741 720 τοῖς
2790 659 3002 729 ἀγαθοῖς
3050 664 3243 712 τούτων
3298 661 3432 713 οὕτω
3493 667 3776 733 γινομένων
3841 666 3959 719 {och

2361 754 2488 819 χίαν
2546 751 2709 819 οἴγειν·
2754 750 2935 801 οὔκουν
2974 748 3097 803 οὐδὲ
3136 752 3432 821 ἡσύχαζεν,
3487 750 3617 802 ἀλλά
3661 760 3757 812 τῆς
3812 752 3961 803 αύτού

2362 842 2548 898 κακίας
2606 840 2894 911 ὑπουργοὺς
2946 838 3040 889 ούκ
3113 838 3331 910 ἀγεννεῖς
3385 840 3633 911 εὑρηκὼς,
3692 837 3959 893 6310:300-

2362 925 2461 977 λειν
2508 926 2769 979 ἀναπείθει
2832 933 2990 998 Δεκίῳ
3028 932 3145 989 τούς
3205 932 3493 1001 μάρτυρας,
3538 931 3617 980 ὅτι
3668 949 3724 981 τε
3769 928 3961 990 ἀσεϐεῖς

2363 1018 2425 1065 τά
2472 1019 2600 1089 πρὸς
2651 1018 2792 1077 θεούς
2836 1017 2957 1079 εἰσι,
2994 1021 3081 1068 καὶ
3112 1018 3186 1068 ὅτι
3216 1021 3307 1074 τὴν
3346 1022 3527 1075 καινὴν
3559 1026 3656 1069 τῶν
3706 1026 3961 1093 Χριστια-

2361 1113 2457 1155 νῶν
2517 1105 2863 1176 πρεσϐεύουσι
2930 1103 3106 1168 δόξαν.
3175 1106 3233 1158 Ὀ
3296 1104 3354 1159 δὲ
3419 1107 3777 1179 χαλεπώτατα
3848 1114 3961 1182 πρὸς

2361 1200 2508 1245 τοῦτο
2558 1192 2831 1259 διατεθεὶς,
2887 1196 3165 1266 Οὐαλέριόν
3213 1216 3326 1247 τινα
3367 1194 3761 1269 συγκάθεδρον,
3798 1200 3854 1258 ὃς
3882 1205 3957 1249 καὶ

2361 1291 2459 1333 τὼν
2526 1284 2652 1335 ὅλων
2712 1285 2850 1354 αύτῷ
2898 1284 3169 1351 ἐκοινώνει,
3237 1282 3580 1356 φιλοδαίμονα
3634 1292 3725 1338 καὶ
3790 1290 3958 1362 ἄγριον

2360 1369 2547 1441 ἄνδρα,
2608 1377 2737 1442 πρὸς
2787 1377 2879 1430 τὴν
2946 1374 3127 1424 Ἀσίαν
3201 1372 3465 1445 ἐκπέμπει,
3536 1373 3624 1426 ἅτε
3677 1381 3803 1447 περὶ
3870 1386 3957 1427 τῶν

2361 1460 2520 1529 ἀγίνιιν
2570 1460 2708 1528 αύτῷ
2764 1460 3018 1531 ἀνηγγέλη
3077 1467 3338 1533 γνωρίσας
3396 1468 3485 1514 καὶ
3544 1468 3635 1520 τὴν
3689 1466 3808 1515 κατ’
3841 1465 3958 1516 ἐκεί-

2360 1567 2456 1596 νων
2533 1548 2769 1610 ἐξουσίαν
2818 1548 3091 1621 ἐπιτρέψας
3146 1550 3304 1619 αύτῲ.
3376 1550 3575 1602 Αὐτίκα
3625 1548 3713 1603 οὖν
3772 1553 3959 1604 Ούαλέ-

2360 1656 2466 1709 ριος
2491 1642 2584 1694 τὴν
2615 1634 2736 1688 ὁδὸν
2767 1637 2834 1698 εἱς
2877 1642 3017 1709 ταχύ
3062 1636 3221 1704 ἀνυει,
3272 1644 3361 1690 καὶ
3408 1636 3587 1697 ἐπειδὴ
3638 1639 3688 1690 ἐν
3822 1642 3955 1693 οὗτοι

594 1725 633 1780 ii
676 1698 994 1793 degebant,
1047 1720 1139 1775 ille
1182 1698 1428 1790 quidem
1473 1698 1673 1773 statim
1726 1716 1852 1772 deis
1902 1714 2072 1770 vanis
2113 1727 2237 1768 con-

2362 1722 2547 1795 διῆγον
2589 1729 2761 1796 γέγονε
2813 1731 2973 1796 τόπῳ,
3024 1727 3048 1776 ὁ
3098 1730 3186 1797 μὲν
3235 1726 3384 1787 εὐθὺς
3423 1734 3532 1788 τοῖς
3569 1734 3813 1798 ματαίοις
3869 1733 3956 1790 τὰς

594 1818 762 1869 sueta
790 1811 974 1867 voluit
995 1808 1207 1865 offerre
1238 1805 1561 1872 sacriﬁcia,
1594 1806 1843 1876 ejusque
1869 1804 2077 1875 jussus
2109 1817 2250 1857 mox

594 1900 851 1973 pervasit
874 1913 1083 1954 omnes
1114 1896 1397 1951 terminos
1418 1894 1676 1963 regionis
1707 1893 2146 1965 Thyatirorum,
2188 1893 2253 1944 ut

591 1988 934 2062 quicunque
966 1988 1027 2041 in
1056 2001 1126 2041 ea
1160 1987 1346 2049 erant,
1370 1982 1516 2037 nihil
1538 1987 1886 2037 cunctantes
1903 1981 2172 2036 venirent
2192 1980 2252 2033 in

592 2094 731 2133 eum
750 2076 951 2132 locum
974 2074 1075 2130 ubi
1104 2074 1271 2148 ﬁeret
1300 2070 1677 2134 sacriﬁcium,
1713 2070 2037 2139 gratiarum
2073 2068 2253 2123 actio-

588 2183 696 2222 nes
718 2167 830 2238 ipsi
860 2180 1101 2237 quoque
1123 2161 1236 2215 diis
1258 2160 1412 2214 illius
1433 2158 1739 2225 reddituri,
1758 2158 1936 2230 utqui
1965 2157 2143 2213 nollet
2163 2172 2254 2212 so-

588 2256 715 2311 lum
745 2258 1052 2323 aegrotare,
1081 2250 1186 2306 sed
1215 2249 1361 2305 alios
1390 2263 1631 2319 quoque
1666 2247 1836 2302 vellet
1867 2245 1976 2301 frui
2031 2245 2246 2301 eodem

586 2344 822 2400 morbo.
844 2345 959 2397 Hoc
977 2346 1177 2397 autem
1193 2336 1453 2393 ducebat
1469 2351 1597 2391 esse
1612 2335 1914 2390 sufﬁciens
1933 2349 2249 2404 argumen-

587 2439 713 2487 tum
740 2431 1041 2486 sententiae
1075 2433 1424 2499 martyrum.
1455 2423 1696 2480 Dicebat
1746 2425 1907 2479 enim
1957 2424 2114 2477 intra
2162 2438 2250 2489 se,

587 2520 751 2593 quod
769 2520 818 2574 si
835 2520 996 2590 ipsos
1012 2518 1256 2589 quidem
1274 2513 1489 2569 viderit
1512 2515 1914 2569 communiter
1938 2510 2253 2567 covenien-

586 2613 676 2663 tes
703 2624 840 2663 cum
864 2605 1238 2661 multitudine
1256 2602 1333 2658 ad
1356 2600 1849 2665 sacriﬁcandum,
1879 2599 2029 2655 falsa
2060 2614 2251 2671 appa-

584 2696 802 2752 rebunt
821 2694 1084 2759 omnino,
1109 2708 1244 2763 quae
1260 2690 1532 2745 dixerunt
1546 2689 1744 2746 Decio.
1774 2690 1869 2745 Sin
1890 2688 2108 2753 minus,
2124 2702 2247 2743 non

586 2791 677 2841 est
706 2783 825 2840 alia
853 2781 1048 2852 major
1067 2780 1470 2852 exspectanda
1516 2777 1814 2852 probatio.

660 2960 750 3015 ΙΙΙ.
784 2958 932 3013 Cum
962 2972 1102 3026 ergo
1123 2971 1332 3012 omnes
1352 2956 1596 3027 quidem
1625 2954 1686 3009 in
1706 2954 1908 3009 locum
1936 2952 2240 3008 convenis-

586 3053 739 3112 sent,
762 3052 827 3102 ut
857 3051 1208 3118 peragerent
1234 3045 1551 3110 sacriﬁcia,
1587 3042 1698 3097 soli
1728 3046 1926 3098 autem
1959 3041 2240 3107 abessent

584 3135 970 3192 admirabiles
985 3134 1106 3189 duo
1136 3138 1422 3204 martyres
1444 3132 1613 3203 (alibi
1644 3132 1803 3187 enim
1828 3131 2087 3197 stabant,
2119 3132 2237 3186 Deo

582 3239 809 3295 preces,
851 3238 1067 3294 nempe
1109 3238 1314 3277 verum
1352 3221 1669 3277 reddentes
1709 3220 2114 3288 sacriﬁcium),
2168 3220 2237 3273 iis

583 3312 705 3368 sisti
747 3312 949 3382 jussis,
1005 3310 1099 3366 ille
1138 3310 1452 3381 superbius
1494 3325 1563 3364 ac
1602 3309 1811 3364 elatius
1854 3324 1957 3362 eos
2010 3307 2238 3374 rogavit

582 3415 851 3464 causam,
877 3415 983 3455 cur
1007 3398 1121 3470 ipsi
1153 3398 1484 3453 abfuissent
1510 3415 1522 3451 :
1554 3396 1772 3451 deinde
1800 3396 1977 3449 etiam
1990 3392 2232 3463 adjecit:

580 3493 651 3544 At
682 3490 888 3544 saltem
919 3494 1055 3543 ante
1080 3503 1247 3542 meos
1276 3486 1483 3541 oculos
1508 3484 1754 3557 pulchre
1786 3482 2116 3552 corrigatur
2137 3482 2237 3536 de-

580 3577 786 3632 lictum
830 3581 890 3630 ut
928 3575 1381 3631 accusatoribus
1422 3573 1651 3629 invidia
1689 3574 1750 3627 in
1791 3577 1971 3643 caput
2025 3586 2232 3626 eorum

581 3669 977 3727 convertatur,
1037 3668 1092 3717 et
1119 3663 1292 3718 vobis
1320 3662 1551 3726 clarior,
1581 3677 1767 3732 quam
1799 3660 1981 3731 prius,
2044 3660 2232 3729 gloria

581 3753 826 3808 oriatur.
859 3751 943 3805 Ad
973 3752 1102 3806 haec
1128 3750 1336 3815 sancti,
1368 3751 1472 3820 qui
1502 3755 1557 3803 et
1588 3754 1751 3803 metu
1778 3754 1835 3802 et
1869 3749 2034 3803 omni
2064 3749 2230 3803 clari-

580 3845 696 3896 tate
741 3840 1011 3895 humana
1037 3843 1207 3894 erant
1236 3838 1569 3908 superiores
1606 3854 1617 3892 :
1654 3839 1811 3891 Esset
1864 3836 2144 3901 dedecus,
2193 3852 2228 3892 o

573 3928 785 4002 judex,
811 3929 1111 3996 dixerunt,
1152 3932 1442 3998 apertum,
1481 3926 1752 3996 inquam,
1793 3924 2071 3988 dedecus,
2114 3925 2229 3980 ha-

581 4017 720 4073 bere
748 4017 954 4072 bovem
979 4021 1036 4071 et
1051 4016 1285 4072 asinum
1304 4014 1391 4087 (ut
1415 4030 1553 4069 cum
1583 4029 1803 4082 magno
1835 4012 2031 4067 dicam
2050 4011 2225 4084 Isaia)

579 4107 683 4177 qui
720 4122 831 4161 nos
872 4112 1181 4175 arguerent
1213 4103 1416 4173 magni
1457 4101 1722 4157 criminis
1763 4101 1978 4170 ingrati
2017 4102 2222 4168 animi,

579 4193 879 4266 siquidem
924 4193 1005 4249 illi
1033 4193 1273 4265 quidem
1305 4197 1712 4261 cognoverunt
1738 4206 2147 4263 possessorem
2180 4192 2221 4260 ¹,

578 4287 633 4338 et
661 4298 820 4348 eum,
844 4283 944 4353 qui
972 4284 1131 4354 ipsos
1155 4283 1352 4339 alebat
1379 4298 1391 4336 :
1421 4298 1531 4336 nos
1560 4286 1781 4343 autem,
1809 4279 1971 4351 quod
1991 4280 2224 4335 alamur

579 4369 815 4441 abipso,
836 4372 1108 4439 ignorare
1123 4372 1477 4434 videremur,
1495 4369 1689 4423 sivero
1720 4368 1918 4421 relicto
1948 4368 2218 4433 Domino,
2256 4411 2301 4466 D
2336 4368 2530 4456 a'mjr'm

577 4457 682 4528 qui
707 4457 854 4512 falso
879 4462 1183 4521 vocantur,
1211 4458 1356 4512 deos
1382 4456 1731 4511 coleremus.
1762 4458 1890 4509 Haec
1912 4454 2216 4511 dixerunt:

577 4549 635 4600 et
656 4548 809 4600 Deus
855 4544 1033 4600 simul
1082 4544 1169 4610 iis,
1199 4561 1333 4617 quae
1387 4544 1546 4599 dicta
1582 4553 1737 4610 sunt,
1789 4549 1880 4597 est
1916 4559 2216 4600 assensus.

574 4636 723 4689 Nam
751 4647 1010 4703 magnus
1028 4633 1258 4688 irruens
1281 4638 1443 4687 terrae
1468 4639 1679 4697 motus,
1707 4631 1992 4687 convertit
2014 4633 2071 4685 in
2097 4632 2218 4701 pul-

572 4738 775 4779 verem
794 4738 881 4788 ea,
907 4738 1041 4795 quae
1059 4722 1136 4778 ab
1154 4720 1569 4792 insipientibus
1588 4720 1957 4783 colebantur,
1976 4718 2218 4775 simula-

574 4826 693 4866 cra.
720 4813 783 4866 Et
802 4812 1071 4868 inanima
1095 4810 1339 4882 quidem
1368 4810 1448 4864 sic
1470 4824 1530 4864 se
1556 4808 1879 4871 habebant,
1911 4814 1968 4864 et
1993 4808 2074 4865 ita
2100 4808 2216 4864 fue-

570 4914 634 4960 re
657 4899 971 4955 dissoluta.

645 4987 733 5040 IV.
767 4988 995 5043 Valerio
1026 4990 1225 5042 autem
1257 4984 1433 5039 ﬁrma
1462 4988 1587 5039 erat
1615 4999 1685 5039 ac
1715 4983 1939 5039 stabilis
1970 4984 2212 5052 malitia,

572 5084 629 5133 et
656 5092 790 5149 quae
818 5092 939 5132 non
968 5080 1201 5148 poterat
1226 5071 1514 5129 amoveri.
1545 5075 1692 5128 Nam
1741 5088 1878 5127 cum
1928 5072 2213 5128 admirari

572 5163 1201 5238 oporteretpotentiam
1224 5163 1321 5216 Dei
1340 5160 1721 5225 ineffabilem,
1737 5165 1793 5216 et
1812 5160 2060 5215 deorum
2080 5178 2214 5217 suo-

569 5269 703 5310 rum
730 5268 1013 5323 magnam
1039 5249 1754 5307 irridereimbecillitatem
1769 5249 1953 5321 (quod
1967 5249 2211 5321 quidem

568 5341 802 5400 fecisset
831 5342 917 5397 vir
946 5339 1210 5413 prudens
1240 5344 1295 5396 et
1322 5339 1700 5411 intelligens),
1732 5338 1826 5394 ille
1865 5337 2051 5394 evasit
2079 5353 2204 5395 ma-

639 5536 656 5569 ¹
690 5534 867 5601 133.1,
923 5538 978 5589 3.

2363 1817 2601 1876 συνήθεις
2660 1822 2892 1888 προσῆγε
2947 1818 3150 1875 θυσίας·
3204 1817 3589 1887 προστάγματα
3660 1813 3720 1868 δὲ
3804 1818 3954 1869 αὑτοῦ

2359 1909 2531 1953 πᾶσαν
2563 1904 2689 1961 ὅσην
2720 1906 2767 1955 οἱ
2797 1908 3091 1978 Θυατείρων
3124 1902 3331 1975 ἐπεῖχον
3372 1906 3503 1976 ὅροι,
3534 1908 3669 1957 κατά
3716 1904 3953 1964 σπουδὴν

2361 1988 2709 2061 διελάμϐανεν,
2769 1994 2901 2044 ὥστε
2948 1996 3062 2052 τούς
3109 1992 3238 2064 αὐτῇ
3290 1995 3503 2054 πάντας,
3550 1996 3668 2045 ἔνθα
3707 1996 3737 2051 ἡ
3801 1999 3954 2047 θυσίά

2362 2084 2573 2150 γίνοιτο,
2605 2078 2769 2153 μηδεν
2822 2081 3097 2153 μέλλοντας
3145 2079 3375 2151 ἀπαντᾴν
3431 2084 3524 2143 τὰς
3565 2088 3952 2157 χαριστηρίους

2360 2168 2520 2239 εὐχὰς
2585 2174 2673 2220 καὶ
2729 2170 2918 2229 αὐτούς
2973 2176 3078 2230 τοῖς
3130 2168 3321 2221 ἐκείνου
3382 2172 3513 2231 θεοῖς
3599 2176 3949 2237 συνοίσοντας,

2360 2260 2529 2331 ὥσπερ
2582 2259 2676 2311 ούκ
2734 2258 2988 2320 ἐθέλοντος
3044 2265 3196 2330 μόνον
3243 2266 3427 2324 νοσεῖν,
3491 2259 3617 2311 ἀλλά
3681 2268 3772 2313 καὶ
3837 2267 3953 2323 τοὺς

2358 2347 2543 2409 ἄλλους
2591 2348 2972 2420 παραπολαύειν
3024 2348 3162 2418 αύτῷ
3211 2356 3301 2399 τοῦ
3339 2353 3652 2420 νοσήματος.
3685 2357 3854 2402 Τοῦτο
3897 2350 3953 2404 δὲ

2358 2438 2461 2509 ἄρα
2512 2443 2784 2511 τεκμήριον
2839 2440 3009 2489 ἱκανόν
3068 2446 3161 2498 τῆς
3226 2445 3323 2487 τῶν
3380 2441 3655 2510 μαρτύρων
3733 2439 3949 2493 ἐποιεῖτο

2358 2531 2585 2596 γνώμης·
2646 2527 2779 2597 ἔλεγε
2830 2529 2929 2599 γὰρ
2973 2529 3055 2591 ὡς,
3111 2525 3154 2577 εἰ
3206 2528 3296 2597 μὲν
3346 2530 3437 2577 καὶ
3485 2526 3666 2585 αύτούς
3702 2546 3949 2601 συνερχο-

2355 2618 2555 2685 μένους,
2612 2624 2681 2685 τῴ
2712 2616 2897 2673 πλήθει
2934 2622 3023 2667 καὶ
3069 2623 3211 2687 κοινῇ
3260 2618 3350 2676 τὰς
3410 2616 3592 2677 θυσίας
3638 2623 3949 2690 προσφέρον-

2354 2722 2445 2764 τας
2482 2701 2611 2770 ἶὸοι,
2661 2702 2831 2775 ψευδῆ
2874 2706 3077 2766 πάντως
3120 2703 3154 2755 ὀί
3194 2707 3323 2777 πρὸς
3374 2708 3461 2756 τὸν
3492 2709 3663 2756 Δέκιον
3708 2715 3946 2759 κατεῖπον

2354 2793 2519 2845 αὐτῶν
2569 2790 2715 2845 εἶναι·
2769 2794 2812 2847 εἰ
2867 2791 2926 2847 δε
2973 2798 3068 2866 μὴ,
3127 2797 3198 2864 μή
3256 2798 3435 2846 πίστιν
3465 2793 3633 2867 ἑτέραν
3685 2793 3947 2867 ἀναμένειν

2347 2887 2578 2955 μείζονα.

2420 2972 2489 3027 Γ’.
2579 2974 2720 3026 Ἐπεὶ
2786 2970 2873 3025 οὖν
2950 2974 3132 3032 πάντες
3192 2975 3282 3042 μὲν
3343 2966 3725 3045 συνδραμόντες
3789 2970 3941 3039 ἦσαν,

2270 3072 2311 3129 (ς
2347 3064 2481 3114 ὥστε
2519 3065 2606 3122 τάς
2657 3065 2845 3124 θυσίας
2901 3060 3206 3125 ἐπιτελέσαι,
3269 3064 3396 3131 μόνη
3460 3057 3517 3112 δὲ
3576 3062 3604 3117 η
3665 3062 3941 3134 θαυμαστή

2346 3160 2444 3202 τῶν
2497 3154 2771 3222 μαρτύρων
2838 3150 3114 3221 ἀπελείφθη
3171 3145 3298 3209 δυὰς
3351 3149 3582 3220 (ἵσταντο
3659 3151 3762 3222 γὰρ
3830 3152 3941 3215 ἔξω,

2347 3247 2418 3306 τῷ
2459 3246 2570 3308 Θεῲ
2619 3241 2711 3299 τὰς
2750 3238 2930 3310 εύχάς,
2970 3244 3062 3296 τὴν
3108 3237 3271 3296 ἀληθῆ
3327 3240 3509 3289 θυσίαν
3555 3235 3941 3309 ἀποδιδόντες),

2346 3331 2812 3399 παραστησάμενος
2888 3328 3075 3390 αύτούς
3133 3331 3377 3399 σχήματι
3449 3325 3788 3401 σοϐαρωτέρῳ
3852 3336 3942 3388 τὴν

2347 3416 2517 3468 αἰτίαν
2566 3418 2744 3490 ἠρώτα
2791 3426 2884 3478 τῆς
2936 3417 3267 3488 ἀπολείψεως
3320 3413 3427 3468 εἶτα
3479 3420 3567 3467 καὶ
3623 3420 3938 3489 προσετίθει·

2342 3504 2463 3557 ’Ὁτι
2509 3508 2602 3557 κοῗν
2655 3516 2778 3578 γοῦν
2835 3506 2913 3559 ἐπ’
2968 3507 3119 3578 ὄψεσι
3170 3514 3281 3568 ταῖς
3336 3504 3484 3577 ἐμαῖς
3540 3508 3598 3556 τό
3669 3506 3941 3579 ὑστέρημα

2343 3596 2510 3655 καλῶς
2558 3595 3000 3668 ἀναπληρωθήτω,
3061 3599 3141 3648 ἶνα
3192 3601 3280 3646 καὶ
3328 3601 3433 3654 τοῖς
3483 3599 3801 3669 κατηγόροις
3870 3598 3939 3659 εἰς

2340 3684 2561 3756 κεφαλὰς
2591 3688 2615 3737 ὁ
2656 3687 2837 3758 φθόνος
2871 3691 3251 3758 μεταχωρηση,
3286 3688 3376 3735 καὶ
3424 3684 3545 3755 ὑμῖν
3584 3682 3935 3759 λαμπρότερον

2339 3776 2368 3833 ἧ
2429 3779 2485 3826 τὸ
2543 3778 2765 3849 πρόσθεν
2819 3795 2875 3827 το
2928 3774 3069 3834 κλέος
3142 3772 3392 3845 ἀναφανῇ.
3476 3774 3608 3846 Πρὸς
3663 3780 3831 3825 ταῦτα
3886 3777 3934 3826 οὶ

2340 3863 2481 3933 ἅγιοι
2528 3870 2615 3915 καὶ
2668 3863 2823 3935 φόϐου
2876 3869 2964 3916 καὶ
3014 3867 3335 3934 περιφανείας
3389 3864 3564 3923 πάσης
3606 3859 3935 3935 ἀνθρωπίνης

2341 3950 2578 4025 ἀνώτεροι
2633 3957 2915 4023 γεγονότες’
2978 3951 3117 4004 Ἀλλ’
3175 3950 3432 4021 αἰσχύνη,
3481 3947 3722 4021 βασιλεῦ,
3768 3947 3928 4015 εἶπον,

2339 4040 2569 4110 αἰσχύνη
2606 4046 2794 4112 σαφὴς,
2830 4040 2955 4113 βοῦν
2996 4043 3133 4111 ἔχειν
3174 4045 3261 4090 καὶ
3302 4043 3431 4103 ὄνον,
3472 4041 3607 4089 κατά
3641 4041 3727 4089 τὸν
3768 4043 3929 4109 μέγαν

2334 4128 2550 4183 Ἠσαίαν
2658 4131 2832 4196 εἰπεῖν,
2918 4128 3141 4201 μεγάλης
3222 4130 3595 4198 ἀγνωμοσύνης
3689 4126 3927 4197 ἔλεγχον,

2335 4225 2472 4295 εἴπερ
2534 4219 2697 4272 ἐκεῖνα
2749 4221 2838 4291 μὲν
2886 4220 3013 4289 ἔγνω
3056 4221 3140 4269 τόν
3185 4219 3491 4287 κεκτημένον
3536 4220 3625 4267 καὶ
3654 4218 3923 4287 τρέφοντα,

2333 4313 2472 4382 ἡμᾶς
2525 4306 2582 4362 δὲ
2640 4311 2911 4380 φαίνεσθαι
2972 4305 3263 4378 ἀγνοοῦτας,
3323 4307 3425 4374 εἴγε
3487 4308 3571 4355 τὸν
3617 4302 3783 4360 ἀληθῆ
3842 4310 3921 4356 Δε-

2632 4397 3015 4457 καταλιπόντες,
3109 4391 3470 4464 ψευδωνύμως
3563 4394 3922 4463 προπεθώμεν

2335 4490 2483 4549 θεοῖς.
2534 4495 2711 4540 Ταῦτα
2780 4486 2918 4537 εἷπον
2971 4489 3058 4536 καὶ
3110 4483 3220 4554 ἅμα
3281 4485 3410 4543 Θεὸς
3465 4487 3572 4542 τοῖς
3637 4480 3921 4553 εἰρημένοις

2331 4576 2694 4649 ἐπεψηφίζετο,
2754 4579 2841 4625 καὶ
2887 4580 3104 4644 σεισμοῦ
3156 4591 3207 4623 τι
3254 4576 3387 4643 μέγα
3433 4576 3624 4641 χρῆμα
3652 4567 3922 4639 ἐπενεχθέν

2330 4666 2401 4729 εἰς
2429 4672 2567 4718 κόνιν
2612 4663 2844 4715 ἐλέπτυνε
2868 4664 2932 4713 τά
2970 4670 3067 4713 τῶν
3109 4660 3335 4735 ἀφρόνων
3368 4660 3695 4730 σεϐάσματα,
3736 4662 3828 4709 καὶ
3856 4656 3923 4709 τὰ

2658 4131 2832 4196 εἰπεῖν,

2328 4759 2416 4828 μὲν
2445 4754 2637 4827 ἄψυχα
2666 4752 2829 4813 οὕτως
2855 4748 2967 4823 εἶχε
2986 4751 3075 4803 καί
3106 4747 3383 4803 διελέλυτο.

2397 4984 2466 5038 Δ’.
2493 4984 2755 5057 Οὐαλερίῳ
2786 4980 2845 5035 δε
2873 4982 3058 5052 πάγιος
3088 4980 3117 5037 ἡ
3151 4982 3310 5030 κακία
3334 4980 3423 5029 καὶ
3454 4974 3779 5048 ἀμετάθετος·
3803 4970 3917 5026 δέον

2322 5077 2423 5146 γὰρ
2457 5075 2725 5144 θαυμάσαι
2763 5076 2850 5128 τὴν
2881 5072 3073 5142 ἄφατον
3114 5074 3204 5119 τοῦ
3258 5073 3390 5119 Θεοῦ
3422 5061 3642 5134 δύναμιν
3691 5068 3780 5115 καὶ
3825 5070 3918 5124 τῆς

2323 5163 2512 5224 πολλῆς
2559 5171 2655 5213 τῶν
2700 5161 2858 5212 αὐτοῦ
2908 5161 3030 5211 θεῶν
3069 5155 3335 5216 ἀσθενείας
3380 5152 3736 5224 καταγελάσαι
3769 5154 3915 5225 (ὅπερ

2323 5254 2382 5304 ἄν
2442 5252 2652 5308 ἐποίησε
2700 5257 2813 5301 νοῦν
2853 5251 2987 5320 ἔχων
3042 5250 3131 5298 καὶ
3180 5249 3364 5297 συνιὼν
3425 5240 3732 5317 ἄνθρωπος)·
3783 5243 3807 5292 ό
3859 5238 3917 5293 δὲ

2315 5343 2625 5415 θρασύτερος
2657 5335 2917 5391 ἐδείκνυτο
2947 5335 3134 5410 μᾶλλον
3176 5340 3265 5387 καὶ
3297 5333 3478 5398 αὐτὴν,
3524 5331 3592 5393 ὤς
3642 5337 3776 5403 εἶχε,
3820 5334 3916 5389 τὴν
