4110 6272
169 313 272 372 109
1320 316 1484 372 VITA
1523 315 1582 371 S.
1623 310 1842 368 CARPI

173 443 355 511 μανίαν
408 436 651 511 ἐγύμνου.
708 436 844 490 Ἀλλ’
896 440 1004 492 ἐπεὶ
1050 443 1108 492 τὸ
1165 441 1359 512 εὐγενὲς
1405 445 1493 493 καὶ
1547 443 1766 511 κόσμιον
1797 435 1841 491 Α

172 537 269 581 τῶν
333 524 535 602 ἀνδρῶν
611 523 938 598 αἰδούμενος,
993 527 1287 602 βαρυτέρας
1341 534 1461 591 τέως
1519 528 1766 600 ἀπείχετο

173 622 438 690 τιμωρίας·
487 616 676 668 κελεύει
749 616 943 678 κλοιοῖς
1006 615 1251 692 σιδηροῖς
1306 619 1764 691 περιαυχενισθέν-

174 727 262 769 τας
317 708 544 779 γυμνοὺς
599 704 696 757 ἀνὰ
751 710 914 778 μέσην
987 711 1080 765 τὴν
1161 707 1352 780 ἀγορὰν
1404 707 1764 781 περιάγεσθαι·

176 801 362 868 ἤγοντο
408 799 578 847 τοίνυν
634 797 684 846 οἱ
723 794 943 852 ἀθληταὶ
980 801 1169 866 γυμνοὶ
1207 800 1554 868 περιαυχενίῳ
1588 792 1767 866 δεσμῷ

179 884 540 958 βαρυνόμενοι,
600 887 688 935 καὶ
753 888 1032 956 περιῄεσαν
1087 882 1284 956 ἀτίμως
1335 889 1427 942 τὴν
1476 883 1668 959 ἀγορὰν
1721 884 1770 935 οἱ

177 973 374 1034 ἀληθῶς
424 977 609 1044 τίμιοι,
667 976 1032 1044 μυκτηρισμός
1089 977 1177 1025 καὶ
1231 971 1389 1045 γέλως
1455 974 1502 1024 οἱ
1571 975 1768 1045 μυρίων

178 1068 314 1126 ὄντες
342 1066 561 1115 ἐπαίνων
601 1059 756 1122 ἆξιοι.
809 1059 868 1112 ’0
912 1057 1169 1121 δικαστὴς
1217 1057 1304 1113 οὖν
1342 1066 1436 1121 τὴν
1473 1063 1654 1132 ἄτιμον
1684 1078 1769 1113 πε-

177 1155 445 1225 ριαγωγὴν
489 1152 684 1206 ταύτην
715 1148 977 1220 αἰσχύνην
1025 1148 1293 1202 ὑπολαϐὼν
1342 1152 1626 1221 ἐμποιῆσαι
1661 1154 1771 1209 τοῖς

177 1241 345 1312 ἁγίοις
385 1243 473 1290 καὶ
519 1239 652 1290 οὕτω
700 1237 1096 1309 μαλακωτέρους
1141 1239 1332 1300 αὐτοὺς
1368 1241 1770 1310 παρασκεύασαι

176 1334 294 1402 περὶ
341 1332 433 1386 τὴν
482 1329 743 1390 ἔνστασιν,
779 1325 1128 1400 ἁπαλωτέροις
1157 1329 1320 1399 ἔκρινε
1366 1327 1536 1397 λόγοις
1586 1325 1771 1386 αὐτοὺς

175 1418 408 1470 ὑπελθεῖν
464 1420 553 1468 καὶ
600 1417 758 1488 ταύτῃ
818 1414 1004 1485 κλέψαι
1051 1423 1146 1476 τῆς
1198 1419 1544 1490 προαιρέσεως
1603 1414 1769 1465 αὐτῶν

174 1510 267 1563 την
316 1505 588 1576 εὐγένειαν,
660 1508 768 1555 καί·
824 1503 884 1556 Εἰ
931 1507 1020 1574 μεν
1068 1504 1236 1577 ἐώρων
1293 1505 1447 1574 ὑμᾶς,
1490 1508 1638 1573 φησὶ,
1694 1506 1764 1572 μὴ

177 1600 503 1668 φρονήματος
583 1594 760 1664 ὑγιοῦς
845 1600 982 1663 σαφῆ
1074 1595 1419 1664 γνωρίσματα
1503 1595 1766 1662 φέροντας,

178 1683 489 1753 ἀπεσχόμην
517 1682 578 1734 οἶν
607 1690 702 1743 τῆς
740 1683 868 1756 πρὸς
917 1681 1052 1752 ὑμᾶς
1102 1679 1415 1751 συμϐουλῆς·
1459 1678 1618 1740 ἔξεστι
1667 1681 1768 1752 γὰρ

175 1777 264 1824 καὶ
295 1769 388 1824 διὰ
435 1769 680 1843 βασάνων
731 1771 866 1841 ὑμᾶς
896 1767 1039 1833 ἑλεῖν,
1083 1769 1125 1820 εἰ
1165 1769 1490 1840 θελήσαιμεν,
1537 1772 1627 1820 καὶ
1674 1773 1767 1826 τὴν
1797 1767 1849 1828 Β

173 1863 428 1933 ἡμετέραν
478 1861 719 1924 ἄκοντας,
774 1864 864 1910 καὶ
910 1863 981 1930 μὴ
1034 1856 1378 1930 βουλομένους
1417 1853 1769 1927 μεταδιδάξαι

175 1953 479 2022 θρησκείαν·
537 1949 644 2000 ἐπεὶ
692 1943 751 2000 δε
802 1951 891 2000 καὶ
940 1946 1058 2018 ὄψις
1110 1951 1197 1998 καὶ
1244 1947 1274 2004 ἡ
1319 1955 1418 1998 τῶν
1457 1947 1597 2004 ἠθῶν
1627 1945 1768 1998 εὐκο-

175 2044 312 2112 σμία
359 2043 453 2096 τὴν
506 2047 602 2099 τῆς
642 2042 854 2108 γνώμης
900 2035 1185 2110 ἐλευθερίαν
1231 2032 1471 2098 δηλοῦσι,
1523 2036 1770 2106 πείθομαι

174 2127 472 2199 σύμϐουλος
509 2126 700 2197 ἀγαθὸς
747 2126 868 2196 ὑμῖν
913 2133 1259 2184 καταστῆναι·
1301 2120 1426 2176 οὐδὲ
1474 2125 1577 2195 γὰρ
1624 2120 1771 2194 οἶμαι

171 2214 534 2270 διαλανθάνειν
591 2215 746 2286 ὑμᾶς,
796 2216 866 2274 ὡς
912 2215 966 2265 ἐκ
1019 2221 1222 2286 μακροῦ
1267 2221 1357 2264 τοῦ
1399 2216 1594 2286 χρόνου
1646 2213 1772 2282 τάγε

168 2314 264 2366 τῆς
310 2308 435 2377 πρὸς
495 2305 612 2363 τούς
666 2300 952 2362 ἀθανάτους
1005 2304 1147 2363 θεοὺς
1199 2301 1459 2374 ἀρξάμενα
1507 2297 1668 2362 δόξης
1718 2318 1773 2352 τε

165 2400 264 2447 καὶ
293 2401 446 2465 τιμῆς
492 2396 582 2444 καὶ
630 2391 696 2451 εἰς
725 2388 880 2463 δεῦρο
922 2395 1012 2443 καὶ
1059 2393 1132 2442 ἔτι
1180 2394 1338 2462 μένει,
1387 2389 1445 2441 οὐ
1485 2390 1608 2460 παρ’
1648 2391 1773 2460 ἡμῖν

166 2503 233 2554 γε
285 2488 452 2555 μόνοις
494 2488 604 2542 τοῖς
654 2485 745 2537 τὴν
799 2476 1024 2531 Ἐλλάδα
1073 2478 1318 2549 γλῶσσαν
1361 2474 1580 2543 εἰδόσιν,
1647 2476 1774 2528 ἀλλὰ

168 2578 264 2624 καὶ
319 2578 427 2632 τοῖς
489 2567 776 2642 Βαρϐάροις
843 2567 1040 2629 αὐτοῖς·
1101 2567 1296 2630 ἔξεστιν
1349 2564 1436 2618 οὖν
1484 2563 1556 2619 δι’
1609 2565 1772 2628 αὐτῆς

173 2664 300 2736 όρᾷν
351 2659 524 2719 πόλεις
581 2657 818 2730 εὐνομίαν
866 2655 1118 2728 ἀγούσας,
1177 2655 1432 2728 πολεμίων
1480 2654 1636 2728 ὀφρῦν
1683 2659 1771 2706 πί-

172 2769 413 2804 πτουσαν
469 2753 560 2799 καὶ
611 2747 816 2821 εἰρήνην
880 2745 1197 2817 ἰθυνομένην·
1253 2749 1284 2803 ἣ
1336 2745 1488 2797 πόθεν
1541 2743 1774 2816 βασιλεῖς

171 2843 267 2890 καὶ
299 2834 558 2889 δυνάσται
607 2835 780 2887 πολλοὶ
825 2837 912 2905 μεν
963 2839 1053 2885 καὶ
1087 2837 1353 2906 πρότερον,
1396 2832 1657 2902 Ῥωμαίων
1716 2828 1776 2884 δε

172 2934 267 2977 νῦν
312 2925 384 2986 εἰς
411 2932 657 2976 τοσοῦτον
698 2920 860 2984 δόξης
896 2923 1173 2996 προῆλθον,
1202 2924 1266 2980 ὡς
1313 2920 1776 2992 καταστρέψασθαι

179 3017 272 3086 μεν
326 3014 467 3076 ἔθνη,
547 3009 1011 3082 καταστρέψασθαι
1076 3004 1135 3060 δε
1193 3007 1383 3070 πόλεις,
1440 3008 1777 3079 ὑποχειρίους

181 3098 245 3154 δέ
283 3100 609 3158 ποιήσασθαι
646 3103 745 3150 πᾶν
798 3101 856 3148 τό
897 3095 1169 3148 ἀντίπαλον
1199 3111 1213 3161 ;
1248 3094 1308 3148 Εἰ
1345 3099 1515 3146 τοίνυν
1567 3093 1778 3164 ἀμαθῶν
1814 3112 1854 3169 C

175 3189 354 3259 λόγοις
410 3190 538 3258 πρὸς
595 3191 685 3244 τὴν
742 3185 928 3255 α’λογον
972 3186 1162 3241 ταύτην
1218 3188 1305 3235 καὶ
1368 3181 1619 3255 ἁρτιφανῆ
1679 3190 1778 3233 τῶν

174 3283 514 3352 Χριστιανῶν
591 3272 747 3336 δόξαν
815 3274 1110 3343 ὑπήχθητε,
1174 3271 1232 3323 οὐ
1315 3275 1600 3343 μέμφομαι·
1687 3277 1778 3330 τῆς

174 3367 468 3424 ἁπλότητος
523 3366 623 3437 γὰρ
673 3361 802 3414 εἶναι
868 3365 1017 3412 τοῦτό
1091 3376 1244 3432 φημι·
1319 3360 1462 3430 ὑμεῖς
1538 3355 1597 3410 δὲ
1671 3357 1777 3409 ἀλλ’

176 3453 517 3512 ἀναλαϐόντες
564 3451 776 3511 ἑαυτοὺς
825 3451 1069 3522 μετάθετε
1119 3452 1245 3520 πρὸς
1315 3450 1373 3498 τὸ
1433 3445 1656 3519 βελτιον,
1713 3448 1778 3506 ὡς

176 3545 243 3595 οἷν
275 3544 324 3595 οῖ
379 3561 431 3594 τε
486 3545 590 3593 θεοὶ
637 3541 758 3611 ὑμῖν
813 3538 926 3608 ἵλεῳ
967 3541 1229 3608 γένωνται,
1275 3535 1516 3588 πλειόνων
1561 3553 1616 3587 τε
1655 3533 1776 3586 ἀπο-

175 3632 410 3688 λαύσητε
457 3638 555 3682 τῶν
594 3630 720 3702 παρ’
762 3629 887 3700 ἡμῖν
939 3625 1143 3698 ἀγαθῶν
1186 3629 1275 3677 καὶ
1315 3627 1372 3676 τό
1401 3632 1493 3675 τοῦ
1525 3622 1778 3696 βασιλέως

175 3721 317 3773 οὕτω
372 3719 638 3792 φιλότιμον
679 3720 795 3789 περὶ
847 3717 941 3776 τὰς
985 3714 1216 3774 εὐποιίας
1260 3709 1571 3786 κερδήσητε·
1625 3711 1669 3764 εἰ
1718 3707 1777 3763 δὲ

177 3817 297 3870 τοῖς
341 3812 607 3880 προτέροις
653 3809 815 3878 μέχρι
869 3806 1058 3865 παντὸς
1108 3803 1422 3874 ἐπιμείνητε,
1468 3803 1534 3852 τὰ
1583 3802 1777 3852 τούτων

180 3897 393 3951 ἐναντία
429 3897 549 3968 ὑμῖν
598 3892 944 3966 συμϐήσεται,
1000 3890 1125 3942 ἀλλὰ
1153 3896 1242 3943 καὶ
1292 3892 1436 3962 ἡμῶν
1467 3889 1779 3964 αὐστηροτέ-

179 4006 292 4062 ρων
349 3985 491 4056 (ὅπερ
550 3982 872 4054 ἀπεύχομαι)
922 3979 1080 4038 πολλὴ
1139 3977 1340 4050 ἀνάγκη
1397 3980 1594 4038 πάντως
1647 3978 1779 4049 ὑμᾶς

178 4076 408 4148 πειραθή
418 4093 520 4126 ναι.

261 4163 336 4217 Ε¹.
389 4169 563 4215 Ταῦτα
614 4155 795 4218 ἐπειδὴ
841 4161 890 4210 οἱ
961 4158 1218 4232 μάρτυρες
1271 4157 1519 4217 ἤκουσαν,
1570 4158 1634 4207 τὰ
1690 4153 1780 4226 ὃμ-

173 4271 334 4326 μοιτα
380 4250 451 4313 εὶς
500 4249 747 4322 οὐρανοὺς
795 4245 1109 4319 ἀνασχόντες
1153 4250 1243 4297 καὶ
1290 4245 1438 4305 ὅλους
1478 4243 1685 4304 ἑαυτοὺς
1715 4251 1777 4314 τῇ

171 4348 280 4395 τοῦ
384 4346 612 4412 σταυροῦ
698 4333 955 4411 σφραγῖδι
1040 4336 1474 4405 σημειωσάμενοι.
1568 4330 1783 4392 Ἔοικας

170 4432 351 4494 εἷπον,
438 4431 609 4499 ὥσπερ
669 4429 808 4488 τινὰς
885 4433 984 4476 τῶν
1047 4422 1407 4495 ἁφελεστέρων,
1453 4417 1590 4492 μηδὲ
1648 4417 1859 4516 βρα-Ι)

170 4517 340 4586 δέως,
389 4516 495 4568 ἀλλ’
547 4515 759 4575 εὐκόλως
811 4513 945 4566 οὕτω
992 4517 1186 4564 πείσειν
1230 4511 1368 4581 ἡμᾶς
1413 4508 1655 4567 οἰηθῆναι
1691 4526 1784 4578 με·-

167 4607 441 4680 ταμαθεῖν
479 4608 572 4662 τὴν
611 4602 893 4656 εὐσέϐειαν·
933 4600 1039 4652 ἀλλ’
1087 4599 1180 4651 οὐκ
1223 4595 1475 4672 ἀνδράσιν
1522 4595 1782 4667 ἀγεννέσιν

165 4697 305 4752 ἶσθι
361 4698 678 4766 περιτυχὼν,
740 4690 799 4743 οὐ
852 4691 928 4763 μὰ
989 4693 1075 4741 τόν
1129 4689 1254 4761 ὑπὲρ
1312 4693 1548 4759 Χριστοῦ
1601 4693 1782 4738 τοῦτον

167 4787 374 4859 ἀγῶνα
418 4786 506 4833 καὶ
551 4785 643 4839 τὴν
692 4782 940 4853 ἡμετέραν
989 4780 1044 4830 ἐκ
1093 4773 1297 4829 παίδων
1335 4781 1449 4849 περὶ
1497 4779 1592 4832 τὴν
1643 4773 1783 4826 εὐσέ-

164 4877 338 4931 ϐειαν
391 4870 636 4928 ἄσκησιν·
691 4865 814 4922 οὐδὲ
857 4870 958 4942 γὰρ
1010 4870 1055 4919 εἷ
1089 4886 1141 4918 τι
1196 4862 1440 4939 ἀρχαῖον,
1493 4871 1646 4916 τοῦτο
1695 4866 1783 4914 καὶ

162 4970 352 5038 τιμῆς
403 4960 565 5022 ἄξιον·
622 4954 799 5016 ἐπειδή
856 4957 1052 5009 παλαιὰ
1107 4958 1196 5027 μὲν
1240 4955 1445 5014 πάντως
1499 4957 1588 5004 καὶ
1619 4954 1649 5010 ἠ
1696 4971 1784 5003 κα-

164 5060 296 5110 κία·
357 5049 463 5101 ἀλλ’
517 5047 643 5120 οὐχὶ
699 5051 787 5098 καὶ
831 5046 1085 5118 τιμᾶσθαι
1130 5040 1221 5095 διὰ
1274 5047 1362 5094 τόν
1403 5048 1593 5114 χρόνον
1641 5039 1781 5102 ἀξία.

167 5144 261 5200 Οὐ
321 5143 492 5193 τοίνυν
543 5138 585 5188 εἱ
623 5134 828 5210 ἀρχαία
875 5130 960 5186 δεῖ
1005 5138 1212 5185 σκοπεῖν
1248 5133 1278 5190 ἡ
1338 5133 1592 5204 θρησκεία
1620 5131 1783 5201 ὑμῶν,

165 5232 294 5286 ἀλλ’
347 5227 475 5280 αὐτὸ
524 5232 695 5290 τοῦτο,
728 5224 771 5277 εἰ
821 5219 934 5275 δέον
986 5221 1146 5278 αὐτὴν
1190 5221 1522 5294 προσίεσθαι,
1563 5222 1624 5278 ἧν
1657 5238 1788 5289 συμο

168 5319 568 5387 ϐουλεύσαιμεν
621 5315 682 5366 ἄν
733 5315 880 5384 ἡμεῖς
936 5308 1176 5362 ἐκκλίνειν
1230 5310 1396 5366 όπόση
1444 5306 1662 5378 δύναμις
1699 5312 1788 5359 καὶ

169 5412 234 5464 ἐκ
288 5413 392 5460 τοῦ
440 5406 600 5476 μέσου
652 5409 836 5467 ποιεῖν,
899 5399 1029 5453 οὕτω
1105 5401 1316 5471 φρικτὸν
1369 5400 1527 5470 πυρός
1588 5399 1788 5466 γέενναν

169 5505 296 5559 τοίς
357 5492 629 5565 ἀγαπῶσιν
684 5490 848 5549 αὐτὴν
895 5487 1344 5562 θησαυρίζουσαν.
1396 5483 1560 5546 Ὀλως
1613 5481 1692 5550 δε,
1748 5483 1792 5537 εἰ

171 5590 303 5665 χρὴ
363 5582 476 5660 μετ’
525 5579 791 5655 ἀκριϐείας
825 5581 1126 5653 προσέχειν,
1184 5576 1416 5650 εὑρήσεις
1450 5575 1656 5634 πάντως
1701 5576 1791 5626 καὶ

1881 317 1965 372 ΕΤ
2011 320 2392 384 SOCIORUM.
3414 338 3521 394 υο

1877 442 1967 510 gis
1999 450 2365 522 temerarius,
2404 459 2455 509 et
2486 469 2659 511 suam
2689 453 2867 526 plane
2913 455 3171 512 ostendit
3196 456 3518 516 insaniam.

1878 534 1992 588 Sed
2015 551 2153 594 cum
2176 540 2436 598 virorum
2459 543 2826 599 nobilitatem
2854 549 2910 599 et
2936 544 3284 602 modestiam
3309 549 3519 604 reveri-

1880 628 1992 688 tus,
2043 631 2180 682 tunc
2229 646 2263 684 a
2307 632 2577 699 graviore
2615 632 2879 687 cruciatu
2919 632 3316 701 abstinuisset,
3351 637 3522 708 jubet

1878 726 2000 777 eos,
2043 714 2244 771 ferreis
2274 718 2592 775 collaribus
2633 720 2796 776 collis
2831 735 3034 775 eorum
3066 722 3387 794 impositis,
3415 740 3522 797 per

1879 801 2143 857 medium
2173 803 2370 862 forum
2399 807 2595 863 nudos
2624 807 2967 876 circumagi.
3001 808 3155 864 Nudi
3186 810 3382 883 itaque
3413 813 3521 867 du-

1879 888 2167 945 cebantur
2197 891 2448 958 athletae,
2483 893 2615 950 colli
2642 893 2878 950 vinculo
2909 897 3132 964 gravati
3181 912 3195 952 :
3241 903 3298 953 et
3324 898 3522 955 forum

1877 976 2128 1033 obibant
2151 995 2288 1036 cum
2310 981 2578 1053 infamia,
2603 983 2860 1055 quivere
2878 988 3046 1038 erant
3062 982 3298 1041 honesti
3326 1003 3340 1042 :
3367 986 3523 1042 irrisi

1878 1066 2206 1124 etludibrio
2236 1068 2441 1136 habiti,
2474 1072 2575 1143 qui
2598 1070 3136 1128 innumerabilibus
3165 1072 3326 1144 digni
3358 1083 3526 1131 erant

1877 1153 2176 1211 laudibus.
2200 1157 2390 1213 Judex
2416 1175 2571 1229 ergo,
2591 1159 2695 1231 qui
2717 1163 2948 1230 turpem
2975 1160 3134 1216 hanc
3163 1165 3219 1218 et
3237 1161 3524 1220 infamem

1878 1243 2310 1299 traductionem
2330 1246 2827 1316 putabatsanctos
2847 1246 3191 1303 effecturam
3210 1249 3520 1316 dedecore,

1879 1335 1936 1384 et
1961 1329 2046 1386 sic
2072 1347 2277 1386 eorum
2305 1333 2700 1390 constantiam
2725 1349 2856 1388 esse
2881 1334 3299 1402 emollituram,
3328 1339 3528 1394 statuit

1882 1418 2160 1474 mollibus
2189 1435 2292 1474 eos
2319 1420 2516 1476 verbis
2542 1421 2869 1491 aggredi,et
2897 1422 2980 1477 sic
3009 1423 3320 1479 cuniculos
3351 1441 3527 1496 agere

1878 1506 1938 1560 in
1966 1520 2326 1574 generosum
2358 1524 2562 1564 eorum
2596 1510 2992 1580 propositum,
3025 1515 3082 1566 et
3114 1527 3126 1566 :
3164 1510 3224 1568 Si
3253 1528 3362 1568 vos
3393 1514 3529 1585 qui-

1878 1592 2038 1662 dem,
2067 1595 2278 1666 inquit,
2305 1596 2566 1652 viderem
2599 1613 2719 1652 non
2760 1597 2909 1652 ferre
2938 1603 3146 1668 aperta
3174 1599 3396 1656 indicia
3429 1616 3531 1672 ge-

1878 1682 2078 1737 nerosi
2095 1683 2353 1753 spiritus,
2375 1699 2758 1756 nequaquam
2780 1684 2949 1740 vobis
2965 1685 3174 1742 darem
3191 1687 3528 1745 consilium.

1883 1769 2035 1825 Licet
2063 1771 2245 1836 enim,
2279 1772 2332 1827 si
2362 1773 2560 1839 velim,
2593 1789 2696 1830 vos
2718 1789 2822 1845 per
2843 1779 3134 1831 tormenta
3164 1791 3529 1847 expugnare,

1878 1859 2210 1932 invitosque
2227 1865 2283 1916 et
2294 1861 2468 1918 nolen
2479 1868 2560 1918 tes
2575 1862 2649 1918 ad
2665 1867 2934 1919 nostram
2948 1869 3288 1920 convertere
3301 1865 3533 1934 religio-

1879 1963 2037 2002 nem.
2064 1949 2176 2004 Sed
2199 1964 2335 2004 cum
2356 1954 2410 2005 et
2431 1949 2648 2020 vultus,
2670 1956 2727 2006 et
2747 1967 2985 2007 morum
3001 1952 3331 2009 moderatio
3352 1953 3532 2023 signi-

1878 2036 2055 2092 ﬁcent
2073 2039 2252 2093 vestri
2275 2039 2457 2094 animi
2479 2039 2826 2105 libertatem,
2852 2041 3027 2096 statui
3046 2040 3214 2111 fungi
3241 2040 3404 2113 apud
3425 2057 3532 2098 vos

1879 2124 2076 2181 ofﬁcio
2104 2125 2250 2181 boni
2273 2127 2608 2184 consiliarii.
2638 2131 2836 2200 Neque
2857 2128 3017 2184 enim
3031 2128 3286 2185 arbitror
3315 2145 3419 2186 vos
3444 2129 3531 2185 la-

1882 2217 2022 2279 tere,
2050 2214 2216 2284 quod
2233 2214 2413 2284 longo
2439 2215 2516 2270 ab
2541 2215 2680 2271 hinc
2701 2220 2965 2286 tempore
2986 2217 3243 2288 incepta,
3266 2232 3403 2288 quae
3419 2216 3533 2272 diis

1881 2301 2318 2358 immortalibus
2355 2303 2682 2367 exhibetur,
2740 2303 2930 2374 gloria
2980 2308 3038 2360 et
3089 2304 3296 2368 honor,
3333 2309 3535 2362 manet

1885 2407 2073 2461 usque
2102 2391 2162 2446 in
2183 2392 2537 2448 hodiernum
2563 2391 2744 2456 diem,
2767 2408 2888 2447 non
2911 2392 3075 2464 apud
3101 2409 3211 2449 nos
3233 2393 3411 2456 solos,
3436 2394 3534 2466 qui

1884 2480 2148 2534 Graecam
2193 2479 2464 2548 linguam
2493 2481 2792 2544 novimus,
2824 2480 2929 2534 sed
2963 2481 3138 2537 etiam
3175 2482 3336 2553 apud
3366 2482 3533 2553 ipsos

1884 2565 2196 2622 Barbaros.
2222 2569 2326 2622 Per
2348 2568 2505 2624 hanc
2530 2584 2671 2637 ergo
2696 2567 3038 2638 religionem
3061 2567 3258 2624 videre
3288 2569 3422 2625 licet
3450 2569 3533 2625 ci-

1883 2654 2090 2710 vitates
2114 2654 2288 2710 bonis
2318 2657 2440 2725 regi
2470 2655 2723 2725 legibus,
2755 2655 3018 2712 hostium
3045 2656 3300 2728 deprimi
3332 2673 3536 2729 super-

1883 2741 2110 2808 cilium,
2152 2759 2484 2816 pacemque
2523 2744 2740 2815 vigere.
2779 2743 3092 2800 Undenam
3131 2749 3330 2800 autem
3365 2760 3536 2815 reges

1885 2835 1941 2885 et
1961 2831 2278 2902 principes,
2299 2831 2465 2887 multi
2486 2831 2732 2903 quidem
2755 2831 2932 2888 etiam
2954 2832 3139 2903 prius,
3156 2847 3317 2888 nunc
3334 2838 3535 2889 autem

1886 2921 2313 2990 Romanorum,
2371 2919 2448 2975 ad
2495 2925 2722 2976 tantam
2776 2920 3028 2990 gloriam
3079 2936 3422 2993 pervenere,
3473 2925 3539 2978 ut

1886 3012 2094 3076 gentes
2133 3008 2373 3080 quidem
2399 3011 2459 3063 et
2487 3007 2751 3064 civitates
2791 3014 3136 3076 everterent,
3176 3010 3238 3064 in
3278 3013 3538 3081 potesta-

1887 3099 2005 3149 tem
2037 3101 2236 3150 autem
2267 3111 2476 3151 omnes
2496 3097 2828 3165 redigerent
2849 3097 3226 3153 adversarios
3248 3096 3278 3152 7
3309 3098 3364 3154 Si
3394 3113 3536 3171 ergo

1887 3181 2264 3237 indoctorum
2291 3184 2666 3238 sermonibus
2688 3184 2911 3240 inducti
2937 3186 3074 3241 estis
3101 3187 3178 3241 ad
3199 3187 3356 3242 hanc
3381 3203 3417 3243 a
3445 3203 3538 3244 ra-

1887 3270 2048 3325 tione
2075 3269 2351 3335 alienam,
2385 3275 2442 3326 et
2469 3286 2604 3342 quas
2635 3286 2826 3342 nuper
2855 3273 3150 3343 apparuit,
3184 3273 3538 3331 Christiano-

1885 3373 2018 3413 rum
2041 3358 2408 3429 opinionem,
2429 3374 2548 3413 non
2564 3357 2736 3413 valde
2753 3359 3145 3430 reprehendo.
3165 3363 3280 3416 Hoc
3304 3367 3536 3418 tantum

1884 3445 2018 3502 dico
2059 3462 2187 3501 esse
2227 3447 2642 3517 simplicitatis.
2672 3452 2740 3502 At
2784 3463 2886 3503 vos
2928 3463 3085 3502 nunc
3118 3449 3358 3505 tandem
3388 3451 3537 3506 resi-

1886 3534 2200 3607 piscentes,
2231 3540 2289 3590 et
2312 3534 2389 3590 ad
2413 3551 2517 3591 vos
2544 3535 2876 3601 redeuntes,
2906 3537 3318 3593 convertimini
3349 3538 3427 3594 ad
3451 3539 3536 3606 id,

1885 3623 2047 3696 quod
2073 3629 2162 3678 est
2188 3622 2417 3689 melius,
2444 3629 2506 3678 ut
2526 3628 2581 3678 et
2601 3623 2682 3678 dii
2709 3623 2823 3679 sint
2851 3623 3025 3679 vobis
3048 3624 3302 3696 propitii,
3330 3632 3388 3682 et
3412 3626 3539 3698 plu-

1886 3712 2050 3768 ribus
2074 3711 2267 3780 bonis,
2296 3727 2432 3783 qute
2459 3716 2597 3768 sunt
2634 3712 2797 3783 apud
2827 3728 2965 3781 nos,
3007 3713 3311 3780 fruamini,
3349 3720 3404 3770 et
3432 3715 3540 3772 im-

1885 3800 2173 3872 peratoris
2202 3799 2262 3854 in
2291 3799 2720 3856 benefaciendo
2745 3799 3219 3857 muniﬁcentiam
3250 3802 3334 3858 sic
3367 3803 3539 3860 vobis

1885 3887 2224 3944 concilietis.
2252 3887 2351 3945 Sin
2378 3892 2573 3944 autem
2597 3888 2658 3943 in
2685 3887 2978 3960 prioribus
3001 3890 3246 3946 omnino
3275 3892 3539 3961 perstite-

1883 3976 2032 4046 ritis,
2046 3992 2081 4033 a
2097 3975 2658 4032 totbonisexcidetis
2681 3993 2694 4031 :
2714 3975 2819 4031 sed
2831 3981 2886 4031 et
2901 3992 3008 4032 nos
3021 3993 3262 4049 quoque
3280 3979 3542 4051 asperio-

1886 4081 1979 4121 res
2006 4066 2191 4137 (quod
2214 4065 2396 4135 absit)
2421 4064 2589 4120 vobis
2610 4080 2848 4119 necesse
2861 4065 2969 4120 erit
2988 4065 3238 4121 omnino
3263 4067 3538 4138 experiri.

1959 4156 2020 4207 V.
2047 4156 2178 4207 Haec
2201 4158 2520 4223 postquam
2549 4152 2904 4207 audiverunt
2929 4159 3240 4224 martyres,
3263 4155 3451 4210 oculis
3481 4156 3541 4212 in

1888 4241 2092 4296 caelum
2108 4239 2375 4305 sublatis,
2391 4255 2523 4294 cum
2541 4256 2603 4294 se
2618 4239 2821 4296 Christi
2837 4240 3140 4310 signaculo
3155 4243 3496 4299 muniissent
3526 4259 3540 4299 :

1888 4327 2131 4394 Videris,
2147 4327 2439 4394 dixerunt,
2459 4343 2588 4394 nos,
2604 4331 2891 4398 tanquam
2905 4327 3133 4398 aliquos
3151 4329 3541 4400 simpliciores

1889 4432 2007 4472 non
2032 4416 2220 4482 tarde,
2241 4415 2343 4470 sed
2365 4415 2535 4470 facile
2553 4419 2760 4486 putare
2775 4430 2952 4486 posse
2970 4421 3309 4472 convertere
3325 4418 3400 4474 ad
3423 4418 3542 4474 dis-

1889 4505 2141 4560 cendam
2164 4504 2545 4575 impietatem.
2563 4502 2676 4558 Sed
2698 4503 2852 4558 scias
2878 4509 2929 4558 te
2948 4519 3067 4559 non
3083 4504 3438 4562 incidissein
3457 4507 3538 4561 vi-

1888 4609 1988 4648 ros
2012 4591 2210 4664 pusilli
2236 4596 2291 4646 et
2307 4590 2520 4660 abjecti
2541 4590 2762 4645 animi:
2789 4606 2930 4658 non,
2947 4607 3051 4663 per
3071 4593 3206 4658 hoc,
3247 4593 3412 4665 quod
3432 4609 3540 4666 pro

1892 4683 2119 4740 Christo
2139 4679 2454 4751 suscipitur
2480 4684 2803 4745 certamen,
2828 4685 2884 4734 et
2907 4687 3172 4736 nostram
3196 4681 3274 4738 ab
3299 4681 3541 4737 ineunte

1891 4775 2058 4826 astate
2089 4769 2151 4824 in
2177 4769 2394 4840 pietate
2421 4766 2920 4823 exercitationem.
2950 4770 3076 4822 Non
3115 4769 3274 4823 enim
3301 4777 3544 4841 propter

1891 4858 2178 4930 temporis
2196 4857 2628 4928 antiquitatem,
2645 4855 2867 4911 honore
2881 4855 3126 4924 dignam
3148 4857 3401 4914 dixerim
3417 4874 3546 4914 ves-

1893 4955 2042 5004 tram
2063 4946 2560 5018 religionem.Non
2575 4943 2734 5000 enim
2748 4943 2795 4998 si
2813 4944 2946 5015 quid
2960 4945 3545 5016 estantiquumest,id

1893 5038 2068 5092 etiam
2087 5035 2313 5090 honore
2326 5033 2575 5103 dignum
2591 5050 2607 5086 :
2623 5032 3104 5104 quandoquidem
3119 5037 3280 5088 vetus
3299 5035 3544 5105 quidem

1894 5129 1985 5181 est
1999 5122 2246 5180 omnino
2263 5121 2438 5178 etiam
2456 5121 2684 5185 vitium,
2707 5122 2810 5176 sed
2830 5136 2948 5174 non
2967 5121 3138 5176 etiam
3153 5127 3382 5192 propter
3399 5126 3548 5178 tem-

1895 5229 2008 5286 pus
2032 5212 2281 5282 dignum
2311 5216 2396 5266 est
2421 5209 2586 5282 quod
2612 5210 2952 5264 honoratur.
2981 5212 3105 5264 Non
3133 5215 3220 5264 est
3241 5225 3386 5279 ergo
3407 5226 3548 5266 con-

1897 5299 2304 5364 siderandum,
2329 5315 2406 5354 an
2427 5299 2675 5369 antiqua
2699 5297 2774 5351 sit
2799 5301 2997 5352 vestra
3022 5297 3225 5368 religio
3251 5315 3263 5352 :
3294 5298 3398 5352 sed
3430 5299 3545 5354 hoc

1898 5393 2116 5463 ipsum,
2149 5403 2227 5444 an
2249 5403 2384 5444 eam
2405 5391 2675 5458 oporteat
2701 5384 3037 5452 admittere,
3063 5401 3246 5457 quam
3275 5401 3384 5441 nos
3409 5387 3548 5457 qui-

1899 5479 2038 5536 dem
2066 5475 2537 5533 consuluerimus
2570 5472 2889 5538 declinare,
2923 5477 2980 5529 et
3009 5473 3084 5529 de
3114 5473 3313 5530 medio
3345 5471 3548 5529 tollere

1900 5581 2010 5640 pro
2042 5563 2288 5629 viribus,
2330 5577 2466 5636 quas
2496 5566 2618 5618 tam
2650 5560 2997 5620 horribilem
3036 5561 3192 5632 ignis
3221 5560 3548 5633 gehennan
