4110 6272
634 325 723 377 lll

2004 308 2267 371 MENSIS
2296 296 2598 373 A’PRILis.

3909 330 3991 385 lli

625 446 898 502 recondit
927 450 984 500 et
1008 449 1270 500 reservat
1298 444 1368 499 iis
1387 444 1491 515 qui
1518 443 1713 515 ipsam
1739 442 2083 514 diligunt.ln
2110 457 2259 495 sum-

2387 447 2449 494 σὺ
2493 448 2615 505 τοὺς
2652 447 2774 519 παρ’
2823 446 2943 517 ύμιν
2989 451 3303 519 τιμωμένους
3340 451 3497 513 θεοὺς
3554 449 3717 505 οὐδὲν
3789 457 3981 528 ἕτεεοονέ

630 550 732 589 ma
781 538 1000 597 autem,
1043 533 1086 586 si
1137 531 1279 587 velis
1325 535 1599 587 accurate
1647 530 1969 594 attendere,
2012 530 2275 583 invenies

630 622 880 677 omnino
897 625 957 675 tu
976 636 1214 691 quoque
1231 636 1349 685 eos,
1372 618 1473 690 qui
1490 620 1646 689 apud
1666 635 1770 674 vos
1794 617 2088 681 coluntur,
2110 616 2269 680 deos,

631 709 775 765 nihil
808 708 968 764 aliud
1014 724 1139 763 esse
1170 723 1355 779 quam
1386 722 1563 777 opera
1613 723 1902 761 manuum
1956 705 2272 760 hominum

631 797 896 852 inanima
939 801 995 851 et
1028 796 1229 861 surda,
1276 811 1411 866 quae
1451 795 1599 850 nihil
1636 794 1905 859 omnino,
1939 809 2060 849 non
2091 792 2273 847 modo

629 885 787 951 aliis,
817 885 923 940 sed
942 900 1017 939 ne
1040 883 1149 939 sibi
1175 884 1417 956 quidem
1439 883 1603 955 ipsis,
1628 884 1861 954 possint
1885 884 2015 953 opis
2041 882 2271 936 aﬁerre.

630 973 689 1029 Si
728 988 870 1041 ergo
909 973 1090 1027 homo
1119 971 1365 1043 quidem
1397 978 1483 1026 est
1512 972 1611 1025 Dei
1650 986 1822 1041 opus,
1866 976 1927 1024 ut
1957 970 2060 1040 qui
2093 968 2173 1024 ab
2204 984 2275 1023 eo

629 1063 705 1116 sit
725 1060 972 1125 efﬁctus,
997 1075 1131 1131 quae
1147 1075 1253 1115 vos
1266 1064 1466 1115 autem
1487 1058 1809 1114 simulacra
1822 1057 2109 1123 adoratis,
2135 1062 2278 1113 sunt

626 1165 810 1221 opera
836 1163 1054 1203 manus
1083 1149 1364 1204 humanae
1393 1164 1405 1201 ε
1434 1147 1742 1219 quomodo
1772 1146 1924 1218 quis,
1960 1146 2073 1201 nisi
2102 1145 2275 1200 fuerit

626 1237 803 1308 plane
824 1236 987 1292 nullo
1013 1251 1189 1290 sensu
1214 1236 1518 1307 praeditus,
1542 1241 1599 1290 et
1625 1235 1799 1306 plane
1824 1235 1936 1289 bos
1958 1240 2012 1289 et
2040 1234 2271 1300 asinus,

626 1325 718 1389 iis,
742 1340 876 1396 quae
890 1324 1013 1395 ipse
1030 1330 1118 1379 est
1136 1324 1478 1392 fabricatus,
1492 1324 1780 1379 honorem
1799 1322 2065 1378 tribuerit
2086 1322 2113 1376 ?
2132 1338 2268 1377 cum

624 1418 921 1484 oporteret
946 1412 1046 1468 illa
1073 1412 1261 1481 magis
1283 1428 1425 1467 suos
1449 1412 1744 1467 honorare
1766 1411 2030 1482 opiﬁces,
2061 1411 2109 1465 si
2130 1409 2268 1481 quis

626 1502 846 1557 inesset
884 1502 968 1556 eis
1010 1516 1221 1555 sensus
1260 1501 1287 1554 ?
1326 1501 1623 1566 Quoniam
1662 1516 1805 1569 ergo
1838 1499 2149 1554 confessus
2181 1514 2267 1561 es,

623 1604 734 1644 nos
760 1604 889 1643 esse
926 1587 1333 1657 intelligentes,
1367 1594 1419 1643 et
1443 1589 1575 1654 scis,
1602 1588 1767 1661 quod
1800 1588 2006 1654 homo,
2043 1587 2148 1657 qui
2182 1590 2272 1641 est

623 1693 786 1734 sanas
803 1678 1038 1745 mentis,
1060 1693 1370 1749 nunquam
1393 1678 1620 1733 veritati
1640 1677 1898 1748 id,quod
1918 1681 2004 1731 est
2022 1674 2268 1739 falsum,

622 1766 966 1837 praetulerit,
1000 1764 1237 1821 adverte
1264 1766 1554 1834 animum,
1588 1770 1644 1820 et
1668 1766 1743 1820 de
1771 1781 1858 1830 eo,
1887 1764 1989 1836 qui
2020 1780 2153 1819 vere
2183 1769 2270 1819 est
2304 1793 2345 1849 Β

621 1855 831 1925 Opifex
858 1854 1294 1922 universorum,
1326 1854 1487 1910 disce
1518 1870 1554 1909 a
1579 1853 1849 1909 veridicis
1881 1853 2088 1909 labris.

690 1943 779 1996 Vl.
809 1945 961 1997 Deus
983 1946 1191 2013 suapte
1220 1947 1432 1998 natura
1457 1958 1577 1997 non
1610 1948 1794 2012 potest
1816 1941 2223 1997 circumscribi
2252 1958 2264 1995 :

619 2035 705 2087 est
731 2031 890 2086 enim
908 2030 1220 2101 ejusmodi,
1246 2038 1307 2085 ut
1326 2031 1384 2085 in
1401 2046 1539 2085 eum
1560 2046 1684 2085 non
1703 2031 1881 2086 cadat
1895 2031 2143 2087 omnino
2167 2030 2269 2085 cir-

619 2119 1025 2191 cumscriptio,
1053 2124 1110 2174 et
1148 2126 1387 2190 superat
1424 2134 1687 2187 omnem,
1726 2135 1861 2190 quae
1901 2119 1961 2174 in
2003 2124 2267 2190 tempore

619 2209 955 2279 suscipitur,
969 2207 1406 2278 cogitationem.
1421 2211 1673 2278 Namque
1686 2213 2015 2279 temporum
2029 2210 2268 2264 Creator

620 2312 740 2353 non
755 2296 1328 2367 subjiciturtempori.
1347 2297 1724 2361 Quamobrem
1740 2312 1841 2351 nec
1853 2297 2028 2369 coepit
2041 2296 2265 2369 quidem

617 2402 767 2443 esse.
791 2386 1002 2441 Omnia
1023 2390 1243 2454 autem,
1264 2391 1384 2441 tam
1400 2400 1535 2457 quae
1558 2386 1669 2440 sub
1690 2391 1997 2456 aspectum
2019 2387 2263 2454 cadunt,

616 2490 801 2545 quam
832 2490 965 2545 qum
990 2478 1185 2529 mente
1212 2474 1637 2546 percipiuntur,
1662 2475 1739 2529 ad
1765 2475 1898 2540 hoc,
1922 2475 2088 2545 quod
2122 2476 2263 2540 sint,

616 2562 914 2633 produxit.
944 2564 1130 2616 Homo
1170 2577 1311 2629 ergo
1342 2578 1480 2616 cum
1508 2568 1664 2616 esset
1692 2578 1729 2616 a
1769 2564 1885 2616 Deo
1916 2561 2165 2627 efﬁctus,
2210 2568 2267 2617 et

617 2650 671 2703 ei
698 2655 848 2704 esset
868 2649 1156 2704 tributum
1175 2656 1235 2703 ut
1256 2649 1552 2704 habitaret
1570 2650 1940 2719 paradisum,
1962 2654 2016 2704 et
2042 2649 2117 2704 ad
2140 2665 2266 2706 ma-

612 2738 760 2807 joris
776 2737 1067 2808 profectus
1080 2738 1555 2793 exercitationem
1572 2738 1885 2808 accepisset
1899 2738 2260 2803 mandatum,

617 2826 843 2882 invidia
872 2826 1101 2882 diaboli
1132 2826 1378 2882 aﬂ'ectus
1417 2826 1630 2882 morbo
1669 2826 2101 2892 inobedientiae,
2142 2843 2263 2883 non

615 2929 799 2985 posse
826 2915 1081 2986 interire,
1116 2916 1478 2987 permutavit
1506 2916 1739 2970 interitu
1770 2931 1780 2968 :
1815 2922 1871 2971 et
1902 2932 2039 2971 cum
2065 2916 2262 2972 carnis

616 3000 893 3056 subiisset
940 3002 1329 3071 voluntatem,
1366 3003 1474 3057 fuit
1517 3002 1817 3073 subjectus
1851 3004 2043 3059 morti.
2087 3006 2258 3060 Caete-

614 3104 749 3144 rum
789 3094 957 3160 pater
980 3090 1217 3145 invidiae
1239 3106 1362 3145 non
1392 3090 1501 3147 fuit
1527 3096 1841 3147 contentus
1874 3091 1984 3147 hoc
2015 3091 2141 3149 solo
2171 3092 2256 3148 la-

613 3192 728 3248 psu
753 3178 902 3248 ejus,
943 3178 1035 3233 cui
1076 3178 1381 3234 invidebat
1422 3195 1435 3233 :
1478 3179 1579 3234 sed
1613 3180 1791 3235 etiam
1827 3180 1903 3235 ad
1944 3182 2065 3248 Dei,
2107 3182 2258 3253 proh
2290 3178 2329 3202 "‘

612 3265 785 3321 dolor
825 3267 838 3321 l
880 3266 1242 3323 oblivionem
1283 3284 1386 3323 eos
1438 3268 1703 3333 deduxit,
1753 3270 1855 3340 qui
1897 3276 2099 3339 postea
2137 3271 2259 3325 nati

612 3360 751 3411 sunt
780 3371 852 3410 ex
882 3356 1091 3411 eodem
1133 3371 1368 3425 genere,
1411 3362 1474 3412 ut
1503 3374 1625 3412 non
1660 3358 1854 3412 solum
1885 3358 2253 3427 corporibus,

612 3442 717 3497 sed
738 3443 915 3499 etiam
936 3444 1154 3499 animis
1175 3461 1337 3499 mors
1361 3446 1788 3500 dominaretur.
1820 3444 2037 3499 Relicto
2058 3445 2259 3516 itaque

611 3546 751 3586 vero
781 3534 918 3597 Deo,
955 3539 1012 3588 et
1036 3533 1114 3588 ad
1152 3533 1345 3588 lucem
1391 3533 1652 3589 veritatis
1688 3548 1798 3589 sua
1836 3540 2046 3604 sponte
2093 3533 2259 3588 clau—

611 3619 825 3674 dentes
859 3621 1083 3685 oculos,
1117 3621 1307 3676 cultus
1344 3621 1798 3678 simulacrorum
1840 3622 2073 3677 subiere
2103 3627 2259 3678 tene-

611 3706 772 3761 bras.
815 3708 1127 3779 Propterea
1164 3724 1304 3777 ergo
1344 3710 1504 3764 idem
1535 3709 1725 3764 nostri
1766 3710 1996 3778 generis
2027 3711 2253 3782 Opifex,

611 3794 716 3864 qui
736 3794 1010 3863 benignis
1030 3795 1353 3850 visceribus
1375 3812 1485 3850 nos
1508 3797 1788 3868 produxit
1808 3813 1881 3852 ex
1906 3800 2110 3862 nihilo,
2136 3814 2255 3854 non

610 3882 806 3939 ferens
825 3884 1024 3939 videre
1045 3884 1357 3939 hominem
1378 3886 1633 3956 opprimi
1650 3886 1894 3955 maligni
1919 3887 2253 3957 tyrannide,

610 3978 668 4028 et
693 3989 729 4028 a
774 3974 1025 4028 Paterno
1068 3974 1201 4027 sinu
1230 3989 1351 4028 non
1396 3974 1661 4040 excessit,
1695 3979 1752 4029 et
1794 3977 2000 4030 omnia
2042 3975 2253 4041 factus,

612 4062 760 4117 sicut
785 4077 914 4127 nos,
948 4067 1157 4134 praeter
1186 4062 1379 4117 solum
1414 4068 1744 4134 peccatum,
1777 4064 1937 4119 cruci
1971 4063 2252 4132 afﬁgitur,

610 4156 667 4205 et
697 4150 966 4216 moritur,
1019 4166 1054 4206 a
1085 4150 1262 4223 lapsu
1309 4152 1535 4223 peccati
1576 4168 1687 4208 nos
1737 4156 1934 4208 volens
1980 4154 2252 4209 liberare.

611 4241 755 4295 Cum
787 4254 928 4308 ergo
960 4256 1072 4295 sua
1102 4246 1289 4295 morte
1311 4242 1496 4296 nostri
1527 4241 1731 4312 lapsus
1760 4249 2063 4299 auctorem
2092 4242 2254 4313 deje-

608 4329 805 4395 cisset,
834 4329 960 4399 ipse
991 4334 1045 4385 et
1070 4330 1129 4384 in
1160 4330 1341 4386 caelos
1374 4331 1657 4399 ascendit,
1692 4346 1723 4384 e
1755 4332 1973 4402 quibus
2004 4333 2249 4387 descen-

608 4416 805 4471 derat:
842 4423 897 4471 et
930 4434 1037 4472 nos
1068 4418 1205 4471 illuc
1229 4424 1419 4481 vocat,
1456 4424 1515 4473 ut
1538 4419 1641 4488 qui
1662 4417 1836 4473 nobis
1860 4420 1936 4474 ad
1964 4436 2025 4474 se
2050 4436 2252 4475 ascen-

2384 535 2508 604 ἔργα
2555 543 2746 605 χειρῶν
2800 534 3081 609 ἀνθρώπων
3128 536 3322 607 ἄψυχα
3374 544 3463 591 καὶ
3512 544 3687 612 κωφὰ,
3744 542 3808 593 οὐ
3850 550 3987 615 μόνον

2382 620 2551 681 ἄλλοις
2599 620 2695 674 οὐδ
2754 626 2944 690 ὁτιοῦν,
3015 624 3141 677 ἀλλά
3198 633 3286 679 καὶ
3342 628 3541 690 ἑαυτοῖς
3600 629 3890 701 βοηθῆσαι
3939 655 3985 684 τε

2382 712 2626 782 παράπαν
2681 712 2739 763 οὐ
2801 711 3134 785 δυναμένους.
3196 717 3252 769 Εἰ
3302 722 3472 769 τοίνυν
3544 718 3827 791 ἅνθρωπος
3910 730 3985 791 μέν

2382 799 2618 871 πλάσμα,
2669 801 2703 852 ἅ
2752 799 2810 853 δὲ
2866 805 3013 874 ὑμεῖς
3070 801 3259 856 εἴδωλα
3319 816 3672 879 προσκυνεῖτε,
3735 808 3985 882 ἀνθρωπί-

2382 908 2474 947 νης
2516 890 2647 941 εἰσὶν
2703 893 2827 963 ἔργα
2874 897 3076 963 χειρὸς,
3129 902 3233 953 πῶς
3286 896 3345 945 οἶν
3376 915 3472 964 τις,
3506 896 3647 968 εἰμὴ
3704 898 3827 950 λίαν
3855 899 3981 951 ἀναί-

2386 979 2577 1038 σθητος
2619 982 2718 1043 εἴη,
2759 985 2845 1031 καὶ
2882 978 3013 1052 βους
3045 982 3364 1055 αὐτόχρημα
3403 990 3492 1036 καὶ
3521 986 3652 1051 ὄνος,
3704 995 3826 1049 τοῖς
3871 992 3984 1061 παρ’

2383 1065 2542 1118 αὐτοῦ
2593 1064 3130 1140 δεδημιουργημένας
3168 1076 3262 1129 τὴν
3319 1078 3475 1145 τιμὴν
3514 1072 3822 1148 ἀπονείμοι,
3882 1074 3985 1129 δέον

2382 1156 2549 1207 ἐκεῖνα
2604 1156 2794 1227 μᾶλλον
2843 1161 2964 1219 τοὺς
3016 1158 3237 1220 οἰκείους
3288 1167 3440 1233 τιμᾷν
3500 1160 3901 1237 δημιουργούς,
3948 1172 3983 1219 εἰ

2381 1262 2461 1303 τις
2506 1243 2683 1306 αὐτοῖς
2740 1248 2990 1307 αἴσθησις
3023 1264 3036 1313 ;
3071 1246 3287 1307 Ἐπειδὴ
3326 1256 3493 1302 τοίνυν
3549 1258 3804 1316 συνετοὺς
3856 1258 3984 1326 ἡμᾶς

2380 1332 2719 1404 ὡμολόγησας
2772 1340 2858 1386 καὶ
2889 1332 3038 1397 οἶδας
3070 1340 3138 1399 ὡς
3183 1337 3276 1389 οὐκ
3319 1340 3379 1390 ἄν
3425 1360 3548 1393 ποτε
3592 1348 3777 1415 φρενός
3810 1346 3985 1414 ὑγιοῦς

2378 1423 2649 1495 ἄνθρωπος
2717 1420 2915 1493 ψεῦδος
2990 1423 3101 1477 ἀντὶ
3178 1434 3268 1487 τῆς
3352 1426 3593 1490 ἀληθείας
3688 1438 3981 1503 προέλοιτο,

2380 1508 2662 1567 ἐπίστησον
2702 1516 2789 1569 τὴν
2840 1509 3073 1565 διάνοιαν
3120 1519 3205 1566 xui
3266 1518 3331 1567 τὰ
3378 1523 3495 1589 περὶ
3541 1527 3634 1570 τοῦ
3682 1525 3848 1583 ὅντως
3899 1521 3983 1580 δη-

2379 1606 2635 1670 μιουργοῦ
2684 1608 2780 1651 τῶν
2828 1601 2953 1653 ὅλων
3001 1610 3133 1656 Θεοῦ
3185 1605 3284 1656 ὑπὸ
3325 1604 3526 1663 ἀληθῶν
3569 1608 3796 1679 xulem»
3834 1608 3983 1664 διδά-

2379 1688 2567 1757 χθητι.

2466 1918 2557 2003 ς’.
2617 1924 2747 1982 Θεὸς
2815 1920 2873 1973 οὐ
2934 1926 3125 1995 πέφυκε
3197 1928 3627 1998 περιγράφεσθαι·
3696 1929 3984 2005 ἀπερίγρα-

2377 2029 2505 2071 πτος
2559 2012 2658 2083 γὰρ
2718 2013 2880 2067 πάντη
2930 2016 3019 2063 xui
3075 2012 3391 2088 ὑψηλότερος
3452 2026 3707 2090 χρονικῆς
3776 2020 3981 2080 ἁπάσης

2377 2097 2589 2160 ἐννοίας’
2622 2103 2843 2161 ποιητὴς
2888 2102 2989 2171 γὰρ
3033 2106 3257 2173 χρόνων,
3315 2106 3420 2172 ούχ
3469 2106 3568 2156 ὑπὸ
3614 2111 3839 2181 χρόνον·
3873 2112 3981 2162 ὅθεν

2376 2185 2499 2240 οὐδὲ
2545 2195 2637 2239 τοῦ
2696 2184 2823 2240 εἶναι
2879 2188 3091 2261 ἧρξατο·
3138 2192 3306 2242 πάντα
3359 2188 3418 2244 δὲ
3464 2196 3528 2244 τά
3574 2213 3628 2246 τε
3676 2197 3851 2268 ὁρατὰ
3898 2206 3981 2251 καὶ

2375 2281 2622 2349 νοούμενα
2674 2278 2745 2339 εἰς
2799 2281 2855 2329 τὸ
2914 2275 3042 2329 εἶναι
3099 2278 3253 2339 αὐτὸς
3316 2288 3632 2354 παρήγαγεν.
3692 2285 3753 2337 Ὀ
3810 2292 3980 2339 τοίνυν

2374 2366 2636 2439 ἄνθρωπος
2684 2366 2901 2438 πλάσμα
2950 2374 3082 2419 Θεοῦ
3128 2374 3347 2439 γεγονώς
3397 2374 3483 2422 τόν
3538 2370 3870 2444 παράδεισον
3931 2397 3979 2429 τι

2373 2455 2529 2507 οἰκεῖν
2585 2455 2864 2529 κληρωθεὶς
2912 2460 2999 2507 καὶ
3040 2456 3205 2507 λαϐὼν
3258 2458 3461 2516 ἐντολὴν
3497 2465 3622 2531 πρὸς
3674 2472 3976 2535 γυμνασίαν

2374 2554 2635 2617 προκοπῆς
2689 2545 2941 2614 μείζονος,
2993 2547 3159 2617 φθόνῳ
3199 2543 3448 2599 διαϐόλου
3486 2556 3761 2623 παρακοήν
3813 2562 3973 2611 νοσή-

2376 2652 2489 2696 σας,
2536 2637 2629 2689 τὴν
2677 2635 2868 2705 φθορὰν
2907 2643 2998 2694 τῆς
3049 2633 3345 2708 ἀφθαρσίας
3379 2636 3633 2699 ἠλλάξατο
3682 2646 3773 2693 καὶ
3833 2645 3969 2701 θελη-

2372 2741 2501 2793 μασι
2563 2726 2754 2796 σαρκός
2806 2724 3101 2795 ὑποκύψας,
3155 2726 3254 2776 ὑπὸ
3301 2732 3460 2800 χεῖρα
3487 2731 3664 2798 γέγονε
3715 2738 3788 2799 τῷ
3826 2734 3973 2783 θανά-

2370 2830 2457 2881 τῳ·
2515 2815 2603 2861 καὶ
2656 2812 2681 2861 ό
2729 2820 2823 2872 τῆς
2877 2811 3167 2884 βασκανίας
3208 2819 3381 2887 πατὴρ
3437 2812 3560 2867 οὐδὲ
3611 2821 3783 2888 τούτῳ
3834 2828 3971 2890 μόνῳ

2367 2907 2458 2951 τοῦ
2515 2901 2849 2972 φθονηθέντος
2907 2902 3134 2974 ἠρκέσθη
3180 2911 3251 2972 τῷ
3302 2923 3566 2976 πτωματι,
3609 2903 3739 2957 ἀλλὰ
3777 2914 3876 2960 καὶ
3906 2912 3973 2970 εἰς

2368 2988 2549 3055 λήθην,
2584 2992 2723 3060 οἴμοι
2750 2989 2761 3043 l
2793 2998 2926 3043 Θεοῦ
2975 2994 3094 3051 τοὺς
3140 2989 3194 3042 ἐκ
3239 2998 3330 3043 τοῦ
3383 2992 3541 3045 αὐτοῦ
3572 2998 3766 3065 φύντας
3791 3004 3973 3068 γένους

2368 3079 2581 3153 ὕστερον
2638 3083 2850 3151 ἤγαγεν,
2911 3083 2975 3139 ὡς
3024 3085 3094 3151 μὴ
3154 3082 3403 3152 σωμάτων
3458 3088 3630 3154 μόνον,
3685 3083 3819 3138 ἀλλά
3886 3094 3972 3140 καὶ

2365 3169 2554 3239 ψυχῶν
2637 3168 2802 3219 αὐτῶν
2877 3171 3129 3239 κυριεύειν
3196 3170 3428 3222 θάνατον’
3504 3170 3676 3244 ἀμέλει
3733 3180 3827 3227 καὶ
3888 3182 3971 3229 τόν

2368 3256 2530 3314 ἀληθῆ
2610 3260 2737 3307 Θεὸν
2808 3255 3137 3319 ἀπολιπόντες
3198 3263 3286 3310 καὶ
3338 3263 3464 3332 πρὸς
3517 3264 3573 3312 τό
3631 3265 3814 3334 φέγγος
3880 3275 3975 3327 τῆς

2369 3343 2607 3404 ἀληθείας
2673 3345 2836 3397 ἑκοντὶ
2910 3348 3185 3416 μύσαντες,
3244 3351 3331 3399 τὸν
3388 3356 3484 3411 τῆς
3549 3346 3973 3425 εἰδωλολατρείας

2369 3438 2551 3485 σκότον
2604 3433 2849 3492 ὑπῆλθον.
2884 3437 2976 3486 Διά
3021 3442 3182 3486 ταῦτα
3227 3440 3396 3488 τοίνυν
3427 3438 3579 3499 αὐτός
3626 3441 3652 3491 ὁ
3703 3449 3797 3493 τοῦ
3839 3445 3973 3514 ἠμε-

2366 3526 2512 3595 τέρου
2563 3525 2737 3592 γένους
2776 3526 3093 3593 Δημιουργὸς
3136 3525 3161 3575 ὁ
3213 3524 3588 3599 φιλανθρώποις
3639 3529 3971 3602 σπλάγχνοις

2366 3610 2420 3661 ἐκ
2472 3618 2562 3662 τοῦ
2610 3615 2681 3682 μὴ
2739 3615 2881 3671 ὄντος
2953 3617 3290 3685 παραγαγὼν,
3348 3619 3421 3685 μὴ
3495 3618 3655 3687 φέρων
3719 3620 3821 3670 ὑπὸ
3874 3629 3968 3673 τοῦ

2365 3708 2593 3774 πονηροῦ
2650 3704 2735 3753 τόν
2793 3702 3230 3774 ἄνθρωπον-όρᾴν
3282 3706 3702 3775 τυραννούμενον,
3754 3716 3858 3758 τῶν
3915 3730 3970 3762 τε

2368 3798 2636 3863 [Ιατρικῶν
2674 3790 2767 3842 οὐκ
2816 3788 2997 3851 ἐξέστη
3058 3790 3278 3857 κόλπων,
3329 3798 3417 3844 καὶ
3464 3796 3633 3845 πάντα
3674 3794 3808 3853 πλὴν
3866 3804 3970 3869 μό-

2364 3900 2456 3941 νης
2520 3888 2614 3940 τῆς
2669 3879 2925 3952 ἁμαρτίας
2977 3879 3095 3931 καθ’
3152 3882 3282 3951 ἡμᾶς
3330 3887 3567 3953 γεγονὼς,
3640 3895 3970 3958 σταυροῦται

2364 3973 2453 4019 καὶ
2513 3969 2741 4033 θνήσκει,
2812 3976 2904 4019 τοῦ
2976 3976 3070 4027 τῆς
3126 3967 3380 4042 ἁμαρτίας
3440 3976 3714 4041 πτώματος
3780 3972 3968 4027 ἐθέλων

2366 4059 2499 4129 ἡμᾶς
2556 4054 2951 4110 ἀνασώσασθαι.
3004 4063 3085 4126 Τῴ
3165 4057 3349 4109 ἑαυτοῦ
3418 4068 3691 4131 τοιγαροῦν
3757 4062 3969 4135 θανάτῳ

2363 4150 2449 4198 τὸν
2502 4149 2665 4197 αἴτιον
2718 4153 2808 4197 τοῦ
2876 4147 3125 4220 ἡμετέρου
3201 4152 3478 4218 πτώματος
3540 4148 3965 4215 καταϐεκληκὼς,

2363 4236 2515 4296 αὐτός
2564 4254 2617 4287 τε
2669 4236 2737 4296 εἰς
2788 4234 3036 4307 οὐρανούς
3087 4233 3400 4301 ἀνεληλύθει,
3444 4234 3526 4308 ἀφ’
3583 4237 3649 4287 ὧν
3697 4244 3787 4290 καὶ
3840 4260 3967 4292 κατ-

2362 4324 2529 4388 ῆλθεν,
2584 4328 2673 4375 καὶ
2723 4326 2862 4395 ἡμᾶς
2891 4324 3055 4375 ἐκεῖσε
3096 4322 3259 4393 καλεῖ,
3313 4328 3405 4382 τὴν
3460 4328 3588 4397 πρὸς
3618 4325 3773 4378 αὐτὸν
3831 4330 3963 4400 ἡμῖν

2361 4412 2546 4467 ἄνοδον
2593 4409 2889 4475 ὑποδείξας.
2964 4411 3145 4484 Ἔχεις
3214 4432 3263 4463 τι
3344 4418 3434 4465 καὶ
3514 4414 3664 4474 αὐτὸς
3720 4425 3960 4469 τοιοῦτον

609 4520 745 4558 sum
776 4504 1114 4559 ostenderit.
1138 4506 1379 4559 Potesne
1405 4511 1467 4559 tu
1485 4486 1726 4577 qu—oque
1754 4506 1867 4560 tale
1888 4507 2032 4577 quid
2059 4515 2253 4563 osten-

2369 4500 2711 4565 ἀντπιδείξαι
2780 4504 2921 4575 παρὰ
2992 4510 3090 4553 τῶν
3147 4502 3398 4575 ὑμετέρων
3456 4503 3577 4554 θεῶν
3633 4510 3953 4574 γενόμενον;

605 4592 765 4656 dere,
793 4593 958 4664 quod
979 4608 1016 4648 a
1039 4592 1151 4648 tuis
1181 4592 1293 4646 diis
1317 4592 1541 4648 factum
1567 4594 1658 4661 sit,
1686 4610 1762 4649 an
1785 4600 1837 4649 te
1854 4596 1980 4665 jam
2014 4612 2115 4650 eos
2140 4613 2250 4652 vo-

604 4696 738 4736 care
758 4682 998 4752 pcenitet
1018 4679 1044 4732 ?
1063 4682 1509 4736 Possessionum
1534 4690 1729 4738 autem
1759 4689 1810 4740 et
1836 4684 2246 4755 pecuniarum,

603 4775 659 4826 et
687 4770 925 4826 honoris
958 4770 1120 4841 apud
1152 4770 1558 4840 imperatores,
1601 4788 1735 4843 quae
1766 4778 1903 4827 sunt
1934 4778 2142 4843 vestra,
2184 4780 2249 4830 ut

602 4860 811 4923 dicitis,
840 4859 1018 4923 bona,
1046 4874 1155 4912 nos
1178 4873 1429 4928 parvam
1449 4874 1651 4914 curam
1675 4863 1958 4931 gerimus,
1977 4866 2041 4917 ut
2062 4863 2247 4934 quiea

602 4963 721 5001 non
744 4952 1032 5018 tanquam
1057 4947 1273 5002 stantia
1285 4946 1574 5016 judicare,
1590 4949 1691 5003 sed
1712 4954 1998 5021 tanquam
2012 4951 2243 5019 fugien-

602 5033 697 5098 tia,
726 5040 878 5089 recte
906 5034 1289 5090 didicerimus
1321 5052 1355 5089 a
1386 5036 1695 5106 propheta,
1737 5042 1791 5091 et
1821 5039 2079 5093 maxime
2106 5056 2242 5095 cum

599 5120 659 5174 in
693 5124 873 5178 Deum
904 5124 1102 5195 ipsum
1136 5140 1303 5195 spem
1333 5123 1838 5191 collocaverimus,
1882 5132 1936 5181 et
1971 5126 2049 5182 ab
2086 5127 2242 5183 illius

601 5208 788 5277 gloria
820 5212 921 5265 toti
943 5214 1331 5282 pendeamus,
1356 5218 1596 5287 propter
1625 5229 1805 5285 quem
1826 5216 2006 5270 etiam
2029 5232 2241 5287 magno

599 5313 670 5352 ac
701 5295 833 5351 forti
874 5300 1073 5357 animo
1104 5302 1228 5374 pati
1268 5302 1605 5358 statuimus.

671 5384 923 5439 Vll.Haec
936 5402 1062 5441 cum
1077 5390 2059 5463 audiissetValerius,ettegritudine
2073 5393 2239 5449 animi

598 5473 709 5527 fuit
732 5470 996 5539 affectus,
1030 5480 1085 5530 et
1106 5475 1241 5544 igne
1272 5478 1520 5535 insanias
1549 5480 1849 5535 incensus.
1878 5483 1942 5536 Et
1968 5482 2241 5552 protinus

599 5576 821 5617 exuens
849 5560 1050 5618 ﬁctam
1080 5579 1398 5634 personam
1421 5569 1912 5634 mansuetudinis,
1947 5570 2240 5627 internam

2358 4598 2388 4652 ἥ
2446 4597 2533 4645 καὶ
2590 4597 2646 4643 τό
2706 4592 2847 4651 θεοὺς
2889 4587 2995 4648 ἤδη
3032 4592 3243 4649 τούτους
3286 4588 3455 4642 καλεῖν
3512 4591 3783 4663 μεταμέλει
3819 4611 3951 4661 σοις

2357 4683 2633 4753 κτημάτων
2661 4675 2719 4731 δὲ
2757 4682 2846 4729 καὶ
2876 4679 3166 4750 χρημάτων
3208 4682 3297 4729 καὶ
3347 4687 3438 4737 τῆς
3479 4681 3622 4751 παρά
3664 4677 3953 4750 βασιλεῦσι

2355 4779 2507 4842 τιμῆς
2560 4777 2655 4821 τῶν
2726 4768 3000 4841 ὑμετέρων,
3064 4768 3126 4826 ὥς
3178 4785 3322 4838 φατε,
3374 4766 3540 4818 καλῶν
3606 4767 3758 4839 λόγος
3825 4773 3951 4842 ἡμῖν

2356 4862 2542 4931 ὀλίγος,
2590 4858 2695 4928 οὐχ
2765 4858 2830 4918 ὡς
2885 4856 3082 4908 ἑστῶτα
3136 4860 3347 4928 κρίνειν,
3411 4854 3516 4907 ἀλλ’
3559 4858 3623 4917 ὡς
3693 4861 3952 4929 φεύγοντα

2354 4950 2516 5009 καλῶς
2580 4948 2679 4999 ὑπὸ
2740 4952 2831 4996 τοῦ
2916 4950 3181 5017 προφήτου
3252 4952 3417 4996 ταῦτα
3488 4941 3946 5019 πεπαιδευμένοις,

2354 5038 2512 5097 ἄλλως
2563 5056 2616 5088 τε
2665 5034 2723 5088 δὲ
2768 5038 2855 5087 καὶ
2908 5034 2980 5095 εἰς
3028 5037 3154 5087 Θεὸν
3197 5030 3304 5092 ἤδη
3355 5030 3542 5086 ἐλπίδα
3574 5035 3802 5106 θεμένοις
3859 5042 3947 5088 καὶ

2352 5135 2442 5186 τῆς
2499 5123 2685 5177 ἐκεῖθεν
2734 5122 2890 5186 δοξης
2944 5122 3069 5183 ὅλως
3134 5121 3473 5193 ἐξεχομένοις,
3530 5118 3603 5174 δι’
3652 5124 3705 5174 ὃν
3746 5129 3838 5177 καὶ
3890 5128 3947 5176 τό

2351 5217 2525 5268 παθεῖν
2550 5213 2791 5287 εὐψύχως
2820 5212 3080 5284 εἱλόμεθα.

2421 5391 2492 5444 Ζ’.
2534 5393 2737 5443 Τούτων
2791 5387 3015 5446 ἀκούσας
3064 5385 3360 5460 Οὐαλέριος,
3416 5384 3618 5459 ἀθυμίᾳ
3664 5406 3719 5441 τε
3771 5392 3952 5462 εἴχετο

2350 5487 2438 5535 καὶ
2491 5486 2619 5555 πυρὶ
2664 5483 2852 5552 μανίας
2900 5476 3150 5549 ἐφλέγετο,
3198 5479 3289 5527 καὶ
3342 5484 3681 5550 παραχρῆμα
3725 5481 3787 5532 τὸ
3832 5478 3950 5534 ἐπί-

2348 5571 2574 5624 πλαστον
2622 5576 2713 5629 τῆς
2763 5569 3073 5641 ἡμερότητος
3122 5560 3449 5637 προσωπεῖον
3501 5563 3799 5634 ἀποϐαλὼν,
3850 5573 3950 5629 τήν
