  <div class='ocr_page' id='page_1' title='image "/cluster/home/n/w/nwhite01/storage/ocr_20150623/115/mdp.39015028574336/064.png"; bbox 0 0 4110 6272; ppageno 0'>
   <div class='ocr_carea' id='block_1_1' title="bbox 168 274 1741 360">
    <p class='ocr_par' dir='ltr' id='par_1_1' title="bbox 168 274 1741 343">
     <span class='ocr_line' id='line_1_1' title="bbox 168 274 1741 343; baseline 0.006 -12"><span class='ocrx_word' id='word_1_1' title='bbox 168 274 275 332; x_wconf 75' lang='grc'>113</span> <span class='ocrx_word' id='word_1_2' title='bbox 1322 286 1483 341; x_wconf 88' lang='lat' dir='ltr'><strong>VITA</strong></span> <span class='ocrx_word' id='word_1_3' title='bbox 1518 285 1578 342; x_wconf 90' lang='lat' dir='ltr'><strong>S.</strong></span> <span class='ocrx_word' id='word_1_4' title='bbox 1619 285 1741 343; x_wconf 68' lang='lat' dir='ltr'>CAP</span> 
     </span>
    </p>
   </div>
   <div class='ocr_carea' id='block_1_2' title="bbox 1853 274 3541 360">
    <p class='ocr_par' dir='ltr' id='par_1_2' title="bbox 1875 285 3541 360">
     <span class='ocr_line' id='line_1_2' title="bbox 1875 285 3541 360; baseline 0.01 -18"><span class='ocrx_word' id='word_1_5' title='bbox 1875 285 1964 341; x_wconf 91' lang='lat' dir='ltr'><strong>ET</strong></span> <span class='ocrx_word' id='word_1_6' title='bbox 2002 289 2390 351; x_wconf 82' lang='lat' dir='ltr'>SOCIORUM.</span> <span class='ocrx_word' id='word_1_7' title='bbox 3435 296 3541 360; x_wconf 69' lang='grc'><strong>114</strong></span> 
     </span>
    </p>
   </div>
   <div class='ocr_carea' id='block_1_3' title="bbox 168 400 1741 493">
    <p class='ocr_par' dir='ltr' id='par_1_3' title="bbox 168 400 1741 493">
     <span class='ocr_line' id='line_1_3' title="bbox 168 400 1741 493; baseline 0.006 -38"><span class='ocrx_word' id='word_1_8' title='bbox 168 400 314 456; x_wconf 76' lang='grc' dir='ltr'>ἔνδον</span> <span class='ocrx_word' id='word_1_9' title='bbox 387 403 673 493; x_wconf 84' lang='grc' dir='ltr'>ἀγριότητα</span> <span class='ocrx_word' id='word_1_10' title='bbox 743 404 1019 480; x_wconf 80' lang='grc' dir='ltr'>έξεγύμνου</span> <span class='ocrx_word' id='word_1_11' title='bbox 1074 414 1165 463; x_wconf 82' lang='grc' dir='ltr'>καὶ</span> <span class='ocrx_word' id='word_1_12' title='bbox 1236 415 1331 470; x_wconf 78' lang='grc' dir='ltr'>τὴν</span> <span class='ocrx_word' id='word_1_13' title='bbox 1404 415 1494 484; x_wconf 73' lang='grc' dir='ltr'>μεν</span> <span class='ocrx_word' id='word_1_14' title='bbox 1554 412 1741 485; x_wconf 83' lang='grc' dir='ltr'>ὕπαρξι</span> 
     </span>
    </p>
   </div>
   <div class='ocr_carea' id='block_1_4' title="bbox 1853 400 3535 493">
    <p class='ocr_par' dir='ltr' id='par_1_4' title="bbox 1853 416 3535 493">
     <span class='ocr_line' id='line_1_4' title="bbox 1853 416 3535 493; baseline 0.007 -21"><span class='ocrx_word' id='word_1_15' title='bbox 1853 466 1856 472; x_wconf 92' lang='grc'>.</span> <span class='ocrx_word' id='word_1_16' title='bbox 1888 416 2121 484; x_wconf 89' lang='lat' dir='ltr'>aperuit</span> <span class='ocrx_word' id='word_1_17' title='bbox 2150 416 2460 475; x_wconf 82' lang='lat' dir='ltr'>feritatem.</span> <span class='ocrx_word' id='word_1_18' title='bbox 2489 421 2553 476; x_wconf 87' lang='lat' dir='ltr'>Et</span> <span class='ocrx_word' id='word_1_19' title='bbox 2582 424 2926 478; x_wconf 87' lang='lat' dir='ltr'>sanctorum</span> <span class='ocrx_word' id='word_1_20' title='bbox 2955 421 3199 493; x_wconf 88' lang='lat' dir='ltr'>quidem</span> <span class='ocrx_word' id='word_1_21' title='bbox 3230 423 3535 483; x_wconf 82' lang='lat' dir='ltr'>facultates</span> 
     </span>
    </p>
   </div>
   <div class='ocr_carea' id='block_1_5' title="bbox 162 492 1741 587">
    <p class='ocr_par' dir='ltr' id='par_1_5' title="bbox 162 492 1741 572">
     <span class='ocr_line' id='line_1_5' title="bbox 162 492 1741 572; baseline 0.006 -27"><span class='ocrx_word' id='word_1_22' title='bbox 162 502 260 545; x_wconf 90' lang='grc' dir='ltr'>τῶν</span> <span class='ocrx_word' id='word_1_23' title='bbox 308 493 471 565; x_wconf 85' lang='grc' dir='ltr'>ἀγίῶν</span> <span class='ocrx_word' id='word_1_24' title='bbox 512 495 577 555; x_wconf 83' lang='grc' dir='ltr'>εἰς</span> <span class='ocrx_word' id='word_1_25' title='bbox 619 492 918 569; x_wconf 83' lang='grc' dir='ltr'>διαρπαγὴν</span> <span class='ocrx_word' id='word_1_26' title='bbox 968 505 1070 559; x_wconf 90' lang='grc' dir='ltr'>τοῖς</span> <span class='ocrx_word' id='word_1_27' title='bbox 1118 506 1551 572; x_wconf 81' lang='grc' dir='ltr'>κατηγορήσασιν</span> <span class='ocrx_word' id='word_1_28' title='bbox 1610 498 1741 563; x_wconf 78' lang='grc' dir='ltr'>ἐξεδί</span> 
     </span>
    </p>
   </div>
   <div class='ocr_carea' id='block_1_6' title="bbox 1853 492 3532 587">
    <p class='ocr_par' dir='ltr' id='par_1_6' title="bbox 1886 492 3532 587">
     <span class='ocr_line' id='line_1_6' title="bbox 1886 492 3532 587; baseline 0.009 -31"><span class='ocrx_word' id='word_1_29' title='bbox 1886 501 2048 558; x_wconf 87' lang='lat' dir='ltr'>dedit</span> <span class='ocrx_word' id='word_1_30' title='bbox 2075 504 2439 577; x_wconf 90' lang='lat' dir='ltr'>diripiendas</span> <span class='ocrx_word' id='word_1_31' title='bbox 2482 509 2551 564; x_wconf 93' lang='lat' dir='ltr'>iis</span> <span class='ocrx_word' id='word_1_32' title='bbox 2604 511 2706 583; x_wconf 88' lang='lat' dir='ltr'>qui</span> <span class='ocrx_word' id='word_1_33' title='bbox 2738 492 3184 578; x_wconf 81' lang='lat' dir='ltr'>accusaverant,</span> <span class='ocrx_word' id='word_1_34' title='bbox 3217 528 3362 580; x_wconf 88' lang='lat' dir='ltr'>rem,</span> <span class='ocrx_word' id='word_1_35' title='bbox 3396 530 3532 587; x_wconf 69' lang='lat' dir='ltr'>qum</span> 
     </span>
    </p>
   </div>
   <div class='ocr_carea' id='block_1_7' title="bbox 168 577 1741 670">
    <p class='ocr_par' dir='ltr' id='par_1_7' title="bbox 168 577 1741 663">
     <span class='ocr_line' id='line_1_7' title="bbox 168 577 1741 663; baseline 0.004 -30"><span class='ocrx_word' id='word_1_36' title='bbox 168 577 286 648; x_wconf 87' lang='grc' dir='ltr'>δου,</span> <span class='ocrx_word' id='word_1_37' title='bbox 345 589 566 657; x_wconf 87' lang='grc' dir='ltr'>πρᾶγμα</span> <span class='ocrx_word' id='word_1_38' title='bbox 618 588 677 637; x_wconf 91' lang='grc' dir='ltr'>τό</span> <span class='ocrx_word' id='word_1_39' title='bbox 731 586 841 637; x_wconf 97' lang='grc' dir='ltr'>λίαν</span> <span class='ocrx_word' id='word_1_40' title='bbox 901 586 987 638; x_wconf 75' lang='grc' dir='ltr'>ὑπ’</span> <span class='ocrx_word' id='word_1_41' title='bbox 1041 586 1241 640; x_wconf 73' lang='grc' dir='ltr'>ἐκείνων</span> <span class='ocrx_word' id='word_1_42' title='bbox 1293 594 1741 663; x_wconf 70' lang='grc' dir='ltr'>περιφρονούμενοι</span> 
     </span>
    </p>
   </div>
   <div class='ocr_carea' id='block_1_8' title="bbox 1853 577 3531 670">
    <p class='ocr_par' dir='ltr' id='par_1_8' title="bbox 1887 577 3531 670">
     <span class='ocr_line' id='line_1_8' title="bbox 1887 577 3531 670; baseline 0.009 -27"><span class='ocrx_word' id='word_1_43' title='bbox 1887 591 2055 647; x_wconf 85' lang='lat' dir='ltr'>valde</span> <span class='ocrx_word' id='word_1_44' title='bbox 2079 595 2316 665; x_wconf 89' lang='lat' dir='ltr'>quidem</span> <span class='ocrx_word' id='word_1_45' title='bbox 2346 598 2422 651; x_wconf 93' lang='lat' dir='ltr'>ab</span> <span class='ocrx_word' id='word_1_46' title='bbox 2448 597 2561 653; x_wconf 86' lang='lat' dir='ltr'>illis</span> <span class='ocrx_word' id='word_1_47' title='bbox 2590 577 3041 669; x_wconf 70' lang='lat' dir='ltr'>despiciebatur.</span> <span class='ocrx_word' id='word_1_48' title='bbox 3070 599 3309 670; x_wconf 89' lang='lat' dir='ltr'>plurimi</span> <span class='ocrx_word' id='word_1_49' title='bbox 3331 577 3531 658; x_wconf 73' lang='lat' dir='ltr'>autem</span> 
     </span>
    </p>
   </div>
   <div class='ocr_carea' id='block_1_9' title="bbox 166 674 1741 761">
    <p class='ocr_par' dir='ltr' id='par_1_9' title="bbox 166 674 1741 747">
     <span class='ocr_line' id='line_1_9' title="bbox 166 674 1741 747; baseline 0.004 -25"><span class='ocrx_word' id='word_1_50' title='bbox 166 678 271 731; x_wconf 92' lang='grc' dir='ltr'>τοῖς</span> <span class='ocrx_word' id='word_1_51' title='bbox 298 674 431 723; x_wconf 89' lang='grc' dir='ltr'>πάνυ</span> <span class='ocrx_word' id='word_1_52' title='bbox 479 676 615 744; x_wconf 91' lang='grc' dir='ltr'>μέγα</span> <span class='ocrx_word' id='word_1_53' title='bbox 642 680 794 726; x_wconf 83' lang='grc' dir='ltr'>τοῦτο</span> <span class='ocrx_word' id='word_1_54' title='bbox 824 674 1176 747; x_wconf 76' lang='grc' dir='ltr'>λογιζομένοις</span> <span class='ocrx_word' id='word_1_55' title='bbox 1206 692 1221 707; x_wconf 87' lang='lat'><strong>&#39;</strong></span> <span class='ocrx_word' id='word_1_56' title='bbox 1281 678 1467 739; x_wconf 81' lang='grc' dir='ltr'>αύτούς</span> <span class='ocrx_word' id='word_1_57' title='bbox 1500 676 1558 730; x_wconf 73' lang='grc' dir='ltr'>δὲ</span> <span class='ocrx_word' id='word_1_58' title='bbox 1608 679 1741 729; x_wconf 84' lang='grc' dir='ltr'>ῖππω</span> 
     </span>
    </p>
   </div>
   <div class='ocr_carea' id='block_1_10' title="bbox 1853 674 3531 761">
    <p class='ocr_par' dir='ltr' id='par_1_10' title="bbox 1884 678 3531 761">
     <span class='ocr_line' id='line_1_10' title="bbox 1884 678 3531 761; baseline 0.008 -27"><span class='ocrx_word' id='word_1_59' title='bbox 1884 678 2065 736; x_wconf 86' lang='lat' dir='ltr'>ﬁebat</span> <span class='ocrx_word' id='word_1_60' title='bbox 2086 681 2164 736; x_wconf 92' lang='lat' dir='ltr'>ab</span> <span class='ocrx_word' id='word_1_61' title='bbox 2194 683 2264 737; x_wconf 92' lang='lat' dir='ltr'>iis</span> <span class='ocrx_word' id='word_1_62' title='bbox 2288 685 2389 755; x_wconf 89' lang='lat' dir='ltr'>qui</span> <span class='ocrx_word' id='word_1_63' title='bbox 2419 686 2479 740; x_wconf 93' lang='lat' dir='ltr'>id</span> <span class='ocrx_word' id='word_1_64' title='bbox 2512 702 2799 755; x_wconf 89' lang='lat' dir='ltr'>magnum</span> <span class='ocrx_word' id='word_1_65' title='bbox 2834 687 3255 743; x_wconf 82' lang='lat' dir='ltr'>existimabant</span> <span class='ocrx_word' id='word_1_66' title='bbox 3309 706 3321 743; x_wconf 91' lang='lat'>:</span> <span class='ocrx_word' id='word_1_67' title='bbox 3368 691 3531 761; x_wconf 90' lang='lat' dir='ltr'>ipsos</span> 
     </span>
    </p>
   </div>
   <div class='ocr_carea' id='block_1_11' title="bbox 168 757 1741 848">
    <p class='ocr_par' dir='ltr' id='par_1_11' title="bbox 168 758 1741 838">
     <span class='ocr_line' id='line_1_11' title="bbox 168 758 1741 838; baseline 0.003 -27"><span class='ocrx_word' id='word_1_68' title='bbox 168 769 315 812; x_wconf 91' lang='grc' dir='ltr'>τινῶν</span> <span class='ocrx_word' id='word_1_69' title='bbox 384 760 571 834; x_wconf 89' lang='grc' dir='ltr'>ἀγρίων</span> <span class='ocrx_word' id='word_1_70' title='bbox 638 758 983 825; x_wconf 86' lang='grc' dir='ltr'>ἀποδεθέντας</span> <span class='ocrx_word' id='word_1_71' title='bbox 1046 764 1265 817; x_wconf 80' lang='grc' dir='ltr'>ἐκέλευεν</span> <span class='ocrx_word' id='word_1_72' title='bbox 1322 768 1397 818; x_wconf 83' lang='grc' dir='ltr'>ὅτι</span> <span class='ocrx_word' id='word_1_73' title='bbox 1467 768 1630 838; x_wconf 90' lang='grc' dir='ltr'>τάχος</span> <span class='ocrx_word' id='word_1_74' title='bbox 1688 767 1741 818; x_wconf 78' lang='grc' dir='ltr'>ἐπ</span> 
     </span>
    </p>
   </div>
   <div class='ocr_carea' id='block_1_12' title="bbox 1853 757 3531 848">
    <p class='ocr_par' dir='ltr' id='par_1_12' title="bbox 1886 757 3531 848">
     <span class='ocr_line' id='line_1_12' title="bbox 1886 757 3531 848; baseline 0.007 -26"><span class='ocrx_word' id='word_1_75' title='bbox 1886 784 2023 824; x_wconf 90' lang='lat' dir='ltr'>vero</span> <span class='ocrx_word' id='word_1_76' title='bbox 2053 772 2389 838; x_wconf 81' lang='lat' dir='ltr'>agrestibus</span> <span class='ocrx_word' id='word_1_77' title='bbox 2419 774 2782 845; x_wconf 89' lang='lat' dir='ltr'>quibusdam</span> <span class='ocrx_word' id='word_1_78' title='bbox 2809 776 2979 847; x_wconf 92' lang='lat' dir='ltr'>equis</span> <span class='ocrx_word' id='word_1_79' title='bbox 3024 775 3314 847; x_wconf 89' lang='lat' dir='ltr'>alligatos,</span> <span class='ocrx_word' id='word_1_80' title='bbox 3353 757 3531 848; x_wconf 81' lang='lat' dir='ltr'>jussit</span> 
     </span>
    </p>
   </div>
   <div class='ocr_carea' id='block_1_13' title="bbox 167 848 1741 937">
    <p class='ocr_par' dir='ltr' id='par_1_13' title="bbox 167 848 1741 926">
     <span class='ocr_line' id='line_1_13' title="bbox 167 848 1741 926; baseline 0.003 -24"><span class='ocrx_word' id='word_1_81' title='bbox 167 852 256 911; x_wconf 85' lang='grc' dir='ltr'>τὰς</span> <span class='ocrx_word' id='word_1_82' title='bbox 308 848 525 925; x_wconf 80' lang='grc' dir='ltr'>Σάρδεις</span> <span class='ocrx_word' id='word_1_83' title='bbox 582 850 902 906; x_wconf 71' lang='grc' dir='ltr'>ἐλαύνεσθαι.</span> <span class='ocrx_word' id='word_1_84' title='bbox 960 856 1063 916; x_wconf 82' lang='grc' dir='ltr'>Τὰς</span> <span class='ocrx_word' id='word_1_85' title='bbox 1269 851 1356 907; x_wconf 81' lang='grc' dir='ltr'>οὖν</span> <span class='ocrx_word' id='word_1_86' title='bbox 1425 856 1614 916; x_wconf 83' lang='grc' dir='ltr'>ἵππους</span> <span class='ocrx_word' id='word_1_87' title='bbox 1671 854 1741 907; x_wconf 90' lang='grc' dir='ltr'>ἀπ</span> 
     </span>
    </p>
   </div>
   <div class='ocr_carea' id='block_1_14' title="bbox 1853 848 3528 937">
    <p class='ocr_par' dir='ltr' id='par_1_14' title="bbox 1882 860 3528 937">
     <span class='ocr_line' id='line_1_14' title="bbox 1882 860 3528 937; baseline 0.006 -26"><span class='ocrx_word' id='word_1_88' title='bbox 1882 872 2064 927; x_wconf 90' lang='lat' dir='ltr'>quam</span> <span class='ocrx_word' id='word_1_89' title='bbox 2095 860 2357 931; x_wconf 92' lang='lat' dir='ltr'>primum</span> <span class='ocrx_word' id='word_1_90' title='bbox 2385 863 2481 931; x_wconf 88' lang='lat' dir='ltr'>agi</span> <span class='ocrx_word' id='word_1_91' title='bbox 2510 863 2749 919; x_wconf 87' lang='lat' dir='ltr'>Sardas.</span> <span class='ocrx_word' id='word_1_92' title='bbox 2795 866 2985 936; x_wconf 83' lang='lat' dir='ltr'>Atque</span> <span class='ocrx_word' id='word_1_93' title='bbox 3032 880 3218 935; x_wconf 90' lang='lat' dir='ltr'>equos</span> <span class='ocrx_word' id='word_1_94' title='bbox 3258 866 3528 937; x_wconf 90' lang='lat' dir='ltr'>quidem,</span> 
     </span>
    </p>
   </div>
   <div class='ocr_carea' id='block_1_15' title="bbox 167 940 1741 1022">
    <p class='ocr_par' dir='ltr' id='par_1_15' title="bbox 167 940 1741 1017">
     <span class='ocr_line' id='line_1_15' title="bbox 167 940 1741 1017; baseline 0.003 -25"><span class='ocrx_word' id='word_1_95' title='bbox 167 945 468 1014; x_wconf 82' lang='grc' dir='ltr'>Θυατείρων</span> <span class='ocrx_word' id='word_1_96' title='bbox 508 945 712 1013; x_wconf 75' lang='grc' dir='ltr'>τρέχειν</span> <span class='ocrx_word' id='word_1_97' title='bbox 762 940 1062 1014; x_wconf 78' lang='grc' dir='ltr'>ἀρξαμένοις,</span> <span class='ocrx_word' id='word_1_98' title='bbox 1131 943 1345 1017; x_wconf 82' lang='grc' dir='ltr'>ἑσπέρας</span> <span class='ocrx_word' id='word_1_99' title='bbox 1395 942 1502 1003; x_wconf 80' lang='grc' dir='ltr'>ἤδη</span> <span class='ocrx_word' id='word_1_100' title='bbox 1543 944 1741 997; x_wconf 88' lang='grc' dir='ltr'>καταλα</span> 
     </span>
    </p>
   </div>
   <div class='ocr_carea' id='block_1_16' title="bbox 1853 940 3527 1022">
    <p class='ocr_par' dir='ltr' id='par_1_16' title="bbox 1880 946 3527 1022">
     <span class='ocr_line' id='line_1_16' title="bbox 1880 946 3527 1022; baseline 0.007 -24"><span class='ocrx_word' id='word_1_101' title='bbox 1880 959 2013 1000; x_wconf 90' lang='lat' dir='ltr'>cum</span> <span class='ocrx_word' id='word_1_102' title='bbox 2036 946 2391 1017; x_wconf 89' lang='lat' dir='ltr'>incepissent</span> <span class='ocrx_word' id='word_1_103' title='bbox 2419 966 2651 1005; x_wconf 90' lang='lat' dir='ltr'>currere</span> <span class='ocrx_word' id='word_1_104' title='bbox 2676 951 2989 1022; x_wconf 89' lang='lat' dir='ltr'>Thyatiris,</span> <span class='ocrx_word' id='word_1_105' title='bbox 3022 952 3378 1008; x_wconf 81' lang='lat' dir='ltr'>adventante</span> <span class='ocrx_word' id='word_1_106' title='bbox 3433 970 3527 1009; x_wconf 87' lang='lat' dir='ltr'>ve-</span> 
     </span>
    </p>
   </div>
   <div class='ocr_carea' id='block_1_17' title="bbox 167 1026 1741 1106">
    <p class='ocr_par' dir='ltr' id='par_1_17' title="bbox 167 1026 1741 1106">
     <span class='ocr_line' id='line_1_17' title="bbox 167 1026 1741 1106; baseline 0.001 -26"><span class='ocrx_word' id='word_1_107' title='bbox 167 1027 379 1094; x_wconf 85' lang='grc' dir='ltr'>ϐούσης,</span> <span class='ocrx_word' id='word_1_108' title='bbox 417 1032 471 1081; x_wconf 84' lang='grc' dir='ltr'>αἱ</span> <span class='ocrx_word' id='word_1_109' title='bbox 501 1026 718 1105; x_wconf 75' lang='grc' dir='ltr'>Σάρδεις</span> <span class='ocrx_word' id='word_1_110' title='bbox 755 1030 899 1103; x_wconf 88' lang='grc' dir='ltr'>μόλις</span> <span class='ocrx_word' id='word_1_111' title='bbox 926 1039 1017 1083; x_wconf 83' lang='grc' dir='ltr'>τοῦ</span> <span class='ocrx_word' id='word_1_112' title='bbox 1058 1028 1258 1106; x_wconf 86' lang='grc' dir='ltr'>δρόμου</span> <span class='ocrx_word' id='word_1_113' title='bbox 1289 1036 1547 1085; x_wconf 82' lang='grc' dir='ltr'>παύουσιν</span> <span class='ocrx_word' id='word_1_114' title='bbox 1593 1052 1605 1063; x_wconf 87' lang='grc'>·</span> <span class='ocrx_word' id='word_1_115' title='bbox 1643 1034 1741 1085; x_wconf 77' lang='grc' dir='ltr'>ἀλ).</span> 
     </span>
    </p>
   </div>
   <div class='ocr_carea' id='block_1_18' title="bbox 1853 1026 3523 1106">
    <p class='ocr_par' dir='ltr' id='par_1_18' title="bbox 1881 1036 3523 1104">
     <span class='ocr_line' id='line_1_18' title="bbox 1881 1036 3523 1104; baseline 0.007 -18"><span class='ocrx_word' id='word_1_116' title='bbox 1881 1050 2073 1104; x_wconf 91' lang='lat' dir='ltr'>spere,</span> <span class='ocrx_word' id='word_1_117' title='bbox 2104 1036 2303 1092; x_wconf 78' lang='lat' dir='ltr'>Sardis</span> <span class='ocrx_word' id='word_1_118' title='bbox 2329 1038 2425 1093; x_wconf 88' lang='lat' dir='ltr'>vix</span> <span class='ocrx_word' id='word_1_119' title='bbox 2442 1040 2683 1094; x_wconf 85' lang='lat' dir='ltr'>tandem</span> <span class='ocrx_word' id='word_1_120' title='bbox 2716 1040 2938 1095; x_wconf 89' lang='lat' dir='ltr'>faciunt</span> <span class='ocrx_word' id='word_1_121' title='bbox 2972 1056 3197 1095; x_wconf 90' lang='lat' dir='ltr'>acursu</span> <span class='ocrx_word' id='word_1_122' title='bbox 3217 1041 3523 1098; x_wconf 88' lang='lat' dir='ltr'>desistere.</span> 
     </span>
    </p>
   </div>
   <div class='ocr_carea' id='block_1_19' title="bbox 165 1118 1741 1200">
    <p class='ocr_par' dir='ltr' id='par_1_19' title="bbox 165 1118 1741 1195">
     <span class='ocr_line' id='line_1_19' title="bbox 165 1118 1741 1195; baseline 0.003 -26"><span class='ocrx_word' id='word_1_123' title='bbox 165 1124 275 1179; x_wconf 88' lang='grc' dir='ltr'>τοῖς</span> <span class='ocrx_word' id='word_1_124' title='bbox 317 1120 570 1191; x_wconf 83' lang='grc' dir='ltr'>μάρτυσι,</span> <span class='ocrx_word' id='word_1_125' title='bbox 615 1120 711 1171; x_wconf 83' lang='grc' dir='ltr'>κᾶν</span> <span class='ocrx_word' id='word_1_126' title='bbox 752 1127 814 1187; x_wconf 73' lang='grc' dir='ltr'>τῇ</span> <span class='ocrx_word' id='word_1_127' title='bbox 874 1126 1039 1195; x_wconf 80' lang='grc' dir='ltr'>πικρᾷ</span> <span class='ocrx_word' id='word_1_128' title='bbox 1088 1123 1249 1194; x_wconf 76' lang='grc' dir='ltr'>ταύτῃ</span> <span class='ocrx_word' id='word_1_129' title='bbox 1305 1127 1533 1193; x_wconf 79' lang='grc' dir='ltr'>τιμωρίᾳ</span> <span class='ocrx_word' id='word_1_130' title='bbox 1583 1118 1741 1194; x_wconf 85' lang='grc' dir='ltr'>διημε</span> 
     </span>
    </p>
   </div>
   <div class='ocr_carea' id='block_1_20' title="bbox 1853 1118 3524 1200">
    <p class='ocr_par' dir='ltr' id='par_1_20' title="bbox 1880 1122 3524 1200">
     <span class='ocr_line' id='line_1_20' title="bbox 1880 1122 3524 1200; baseline 0.007 -25"><span class='ocrx_word' id='word_1_131' title='bbox 1880 1122 2165 1178; x_wconf 62' lang='lat' dir='ltr'>Caeterum</span> <span class='ocrx_word' id='word_1_132' title='bbox 2197 1127 2577 1197; x_wconf 85' lang='lat' dir='ltr'>martyribus,</span> <span class='ocrx_word' id='word_1_133' title='bbox 2605 1128 2701 1200; x_wconf 89' lang='lat' dir='ltr'>qui</span> <span class='ocrx_word' id='word_1_134' title='bbox 2720 1127 2779 1182; x_wconf 94' lang='lat' dir='ltr'>in</span> <span class='ocrx_word' id='word_1_135' title='bbox 2800 1128 2910 1183; x_wconf 92' lang='lat' dir='ltr'>hoc</span> <span class='ocrx_word' id='word_1_136' title='bbox 2927 1128 3142 1183; x_wconf 89' lang='lat' dir='ltr'>acerbo</span> <span class='ocrx_word' id='word_1_137' title='bbox 3157 1129 3424 1185; x_wconf 91' lang='lat' dir='ltr'>cruciatu</span> <span class='ocrx_word' id='word_1_138' title='bbox 3442 1136 3524 1186; x_wconf 91' lang='lat' dir='ltr'>to-</span> 
     </span>
    </p>
   </div>
   <div class='ocr_carea' id='block_1_21' title="bbox 164 1204 1741 1283">
    <p class='ocr_par' dir='ltr' id='par_1_21' title="bbox 164 1204 1739 1282">
     <span class='ocr_line' id='line_1_21' title="bbox 164 1204 1739 1282; baseline 0.001 -22"><span class='ocrx_word' id='word_1_139' title='bbox 164 1209 438 1279; x_wconf 84' lang='grc' dir='ltr'>ρεύσασιν,</span> <span class='ocrx_word' id='word_1_140' title='bbox 497 1209 636 1280; x_wconf 88' lang='grc' dir='ltr'>ὅμως</span> <span class='ocrx_word' id='word_1_141' title='bbox 689 1204 813 1261; x_wconf 70' lang='grc' dir='ltr'>οὐδὲ</span> <span class='ocrx_word' id='word_1_142' title='bbox 877 1210 907 1267; x_wconf 81' lang='grc' dir='ltr'><strong>ἡ</strong></span> <span class='ocrx_word' id='word_1_143' title='bbox 962 1209 1055 1272; x_wconf 83' lang='grc' dir='ltr'>νὺξ</span> <span class='ocrx_word' id='word_1_144' title='bbox 1106 1210 1342 1282; x_wconf 74' lang='grc' dir='ltr'>ἀμοχθος</span> <span class='ocrx_word' id='word_1_145' title='bbox 1396 1207 1475 1275; x_wconf 75' lang='grc' dir='ltr'>ἦν,</span> <span class='ocrx_word' id='word_1_146' title='bbox 1533 1209 1637 1262; x_wconf 86' lang='grc' dir='ltr'>ἀλλ’</span> <span class='ocrx_word' id='word_1_147' title='bbox 1698 1212 1739 1262; x_wconf 77' lang='grc' dir='ltr'>εἲ</span> 
     </span>
    </p>
   </div>
   <div class='ocr_carea' id='block_1_22' title="bbox 1853 1204 3525 1283">
    <p class='ocr_par' dir='ltr' id='par_1_22' title="bbox 1880 1210 3525 1283">
     <span class='ocr_line' id='line_1_22' title="bbox 1880 1210 3525 1283; baseline 0.006 -19"><span class='ocrx_word' id='word_1_148' title='bbox 1880 1213 2002 1264; x_wconf 90' lang='lat' dir='ltr'>tum</span> <span class='ocrx_word' id='word_1_149' title='bbox 2041 1210 2197 1266; x_wconf 91' lang='lat' dir='ltr'>diem</span> <span class='ocrx_word' id='word_1_150' title='bbox 2221 1218 2646 1283; x_wconf 89' lang='lat' dir='ltr'>transegerant,</span> <span class='ocrx_word' id='word_1_151' title='bbox 2679 1231 2787 1270; x_wconf 91' lang='lat' dir='ltr'>nec</span> <span class='ocrx_word' id='word_1_152' title='bbox 2812 1231 2931 1270; x_wconf 84' lang='lat' dir='ltr'>nox</span> <span class='ocrx_word' id='word_1_153' title='bbox 2957 1220 3155 1271; x_wconf 90' lang='lat' dir='ltr'>tamen</span> <span class='ocrx_word' id='word_1_154' title='bbox 3175 1216 3351 1273; x_wconf 91' lang='lat' dir='ltr'>bonis</span> <span class='ocrx_word' id='word_1_155' title='bbox 3387 1219 3525 1274; x_wconf 89' lang='lat' dir='ltr'>acti-</span> 
     </span>
    </p>
   </div>
   <div class='ocr_carea' id='block_1_23' title="bbox 164 1295 1741 1376">
    <p class='ocr_par' dir='ltr' id='par_1_23' title="bbox 164 1295 1741 1371">
     <span class='ocr_line' id='line_1_23' title="bbox 164 1295 1741 1371; baseline 0.003 -24"><span class='ocrx_word' id='word_1_156' title='bbox 164 1296 358 1368; x_wconf 80' lang='grc' dir='ltr'>ὕμνους</span> <span class='ocrx_word' id='word_1_157' title='bbox 414 1298 578 1357; x_wconf 90' lang='grc' dir='ltr'>θείους</span> <span class='ocrx_word' id='word_1_158' title='bbox 628 1300 686 1349; x_wconf 90' lang='grc' dir='ltr'>τό</span> <span class='ocrx_word' id='word_1_159' title='bbox 736 1296 974 1350; x_wconf 89' lang='grc' dir='ltr'>πλεῖστον</span> <span class='ocrx_word' id='word_1_160' title='bbox 1028 1298 1187 1361; x_wconf 74' lang='grc' dir='ltr'>αὐτῆς</span> <span class='ocrx_word' id='word_1_161' title='bbox 1244 1304 1398 1371; x_wconf 82' lang='grc' dir='ltr'>μέρος</span> <span class='ocrx_word' id='word_1_162' title='bbox 1448 1295 1741 1351; x_wconf 72' lang='grc' dir='ltr'>ἐδαπανᾶτο</span> 
     </span>
    </p>
   </div>
   <div class='ocr_carea' id='block_1_24' title="bbox 1853 1295 3525 1376">
    <p class='ocr_par' dir='ltr' id='par_1_24' title="bbox 1877 1296 3525 1376">
     <span class='ocr_line' id='line_1_24' title="bbox 1877 1296 3525 1376; baseline 0.007 -25"><span class='ocrx_word' id='word_1_163' title='bbox 1877 1296 1990 1351; x_wconf 92' lang='lat' dir='ltr'>bus</span> <span class='ocrx_word' id='word_1_164' title='bbox 2012 1314 2203 1355; x_wconf 86' lang='lat' dir='ltr'>vacua</span> <span class='ocrx_word' id='word_1_165' title='bbox 2224 1302 2509 1357; x_wconf 89' lang='lat' dir='ltr'>remansit</span> <span class='ocrx_word' id='word_1_166' title='bbox 2532 1319 2545 1356; x_wconf 92' lang='lat'><strong>:</strong></span> <span class='ocrx_word' id='word_1_167' title='bbox 2566 1302 2671 1358; x_wconf 91' lang='lat' dir='ltr'>sed</span> <span class='ocrx_word' id='word_1_168' title='bbox 2690 1303 2747 1357; x_wconf 92' lang='lat' dir='ltr'>in</span> <span class='ocrx_word' id='word_1_169' title='bbox 2770 1303 2984 1358; x_wconf 86' lang='lat' dir='ltr'>divinis</span> <span class='ocrx_word' id='word_1_170' title='bbox 3003 1304 3245 1376; x_wconf 88' lang='lat' dir='ltr'>hymnis</span> <span class='ocrx_word' id='word_1_171' title='bbox 3267 1306 3525 1376; x_wconf 88' lang='lat' dir='ltr'>plurima</span> 
     </span>
    </p>
   </div>
   <div class='ocr_carea' id='block_1_25' title="bbox 162 1381 1741 1464">
    <p class='ocr_par' dir='ltr' id='par_1_25' title="bbox 162 1381 1741 1459">
     <span class='ocr_line' id='line_1_25' title="bbox 162 1381 1741 1459; baseline 0 -21"><span class='ocrx_word' id='word_1_172' title='bbox 162 1384 223 1438; x_wconf 83' lang='grc' dir='ltr'>Εἰ</span> <span class='ocrx_word' id='word_1_173' title='bbox 266 1381 327 1437; x_wconf 88' lang='grc' dir='ltr'>δέ</span> <span class='ocrx_word' id='word_1_174' title='bbox 371 1405 470 1437; x_wconf 93' lang='grc' dir='ltr'>που</span> <span class='ocrx_word' id='word_1_175' title='bbox 514 1384 699 1459; x_wconf 83' lang='grc' dir='ltr'>βραχὺ</span> <span class='ocrx_word' id='word_1_176' title='bbox 738 1391 827 1439; x_wconf 83' lang='grc' dir='ltr'>καὶ</span> <span class='ocrx_word' id='word_1_177' title='bbox 870 1387 1032 1439; x_wconf 82' lang='grc' dir='ltr'>ὕπνου</span> <span class='ocrx_word' id='word_1_178' title='bbox 1080 1386 1377 1459; x_wconf 88' lang='grc' dir='ltr'>μετέλαϐον,</span> <span class='ocrx_word' id='word_1_179' title='bbox 1418 1388 1628 1458; x_wconf 82' lang='grc' dir='ltr'>ἄγγελοι</span> <span class='ocrx_word' id='word_1_180' title='bbox 1678 1387 1741 1438; x_wconf 78' lang='grc' dir='ltr'>αύ</span> 
     </span>
    </p>
   </div>
   <div class='ocr_carea' id='block_1_26' title="bbox 1853 1381 3521 1464">
    <p class='ocr_par' dir='ltr' id='par_1_26' title="bbox 1878 1387 3521 1464">
     <span class='ocr_line' id='line_1_26' title="bbox 1878 1387 3521 1464; baseline 0.007 -24"><span class='ocrx_word' id='word_1_181' title='bbox 1878 1401 2018 1455; x_wconf 88' lang='lat' dir='ltr'>pars</span> <span class='ocrx_word' id='word_1_182' title='bbox 2049 1387 2178 1457; x_wconf 89' lang='lat' dir='ltr'>ejus</span> <span class='ocrx_word' id='word_1_183' title='bbox 2206 1387 2312 1443; x_wconf 87' lang='lat' dir='ltr'>fuit</span> <span class='ocrx_word' id='word_1_184' title='bbox 2332 1395 2706 1461; x_wconf 89' lang='lat' dir='ltr'>consumpta.</span> <span class='ocrx_word' id='word_1_185' title='bbox 2736 1391 2791 1447; x_wconf 92' lang='lat' dir='ltr'>Si</span> <span class='ocrx_word' id='word_1_186' title='bbox 2814 1392 3059 1461; x_wconf 85' lang='lat' dir='ltr'>quando</span> <span class='ocrx_word' id='word_1_187' title='bbox 3087 1397 3287 1448; x_wconf 88' lang='lat' dir='ltr'>autem</span> <span class='ocrx_word' id='word_1_188' title='bbox 3306 1409 3521 1464; x_wconf 89' lang='lat' dir='ltr'>parum</span> 
     </span>
    </p>
   </div>
   <div class='ocr_carea' id='block_1_27' title="bbox 158 1473 1741 1548">
    <p class='ocr_par' dir='ltr' id='par_1_27' title="bbox 158 1473 1741 1547">
     <span class='ocr_line' id='line_1_27' title="bbox 158 1473 1741 1547; baseline 0.001 -22"><span class='ocrx_word' id='word_1_189' title='bbox 158 1481 265 1534; x_wconf 90' lang='grc' dir='ltr'>τοῖς</span> <span class='ocrx_word' id='word_1_190' title='bbox 323 1473 653 1547; x_wconf 77' lang='grc' dir='ltr'>ἐφιστάμενοι</span> <span class='ocrx_word' id='word_1_191' title='bbox 732 1480 1091 1538; x_wconf 82' lang='grc' dir='ltr'>πεπονηκότας</span> <span class='ocrx_word' id='word_1_192' title='bbox 1147 1496 1200 1528; x_wconf 85' lang='grc' dir='ltr'>τε</span> <span class='ocrx_word' id='word_1_193' title='bbox 1260 1475 1606 1547; x_wconf 87' lang='grc' dir='ltr'>ἀνελάμϐανον</span> <span class='ocrx_word' id='word_1_194' title='bbox 1677 1496 1741 1527; x_wconf 80' lang='grc' dir='ltr'>κα</span> 
     </span>
    </p>
   </div>
   <div class='ocr_carea' id='block_1_28' title="bbox 1853 1473 3520 1548">
    <p class='ocr_par' dir='ltr' id='par_1_28' title="bbox 1877 1474 3520 1548">
     <span class='ocr_line' id='line_1_28' title="bbox 1877 1474 3520 1548; baseline 0.006 -21"><span class='ocrx_word' id='word_1_195' title='bbox 1877 1474 2072 1528; x_wconf 87' lang='lat' dir='ltr'>somni</span> <span class='ocrx_word' id='word_1_196' title='bbox 2104 1481 2400 1546; x_wconf 86' lang='lat' dir='ltr'>caperent,</span> <span class='ocrx_word' id='word_1_197' title='bbox 2431 1477 2513 1531; x_wconf 89' lang='lat' dir='ltr'>eis</span> <span class='ocrx_word' id='word_1_198' title='bbox 2539 1478 2883 1533; x_wconf 88' lang='lat' dir='ltr'>assistentes</span> <span class='ocrx_word' id='word_1_199' title='bbox 2902 1478 3116 1548; x_wconf 83' lang='lat' dir='ltr'>angeli,</span> <span class='ocrx_word' id='word_1_200' title='bbox 3141 1480 3413 1536; x_wconf 88' lang='lat' dir='ltr'>defessos</span> <span class='ocrx_word' id='word_1_201' title='bbox 3432 1497 3520 1537; x_wconf 91' lang='lat' dir='ltr'>re-</span> 
     </span>
    </p>
   </div>
   <div class='ocr_carea' id='block_1_29' title="bbox 158 1562 1741 1638">
    <p class='ocr_par' dir='ltr' id='par_1_29' title="bbox 158 1563 1734 1638">
     <span class='ocr_line' id='line_1_29' title="bbox 158 1563 1734 1638; baseline 0 -23"><span class='ocrx_word' id='word_1_202' title='bbox 158 1568 276 1635; x_wconf 76' lang='grc' dir='ltr'>περὶ</span> <span class='ocrx_word' id='word_1_203' title='bbox 346 1566 438 1626; x_wconf 90' lang='grc' dir='ltr'>τάς</span> <span class='ocrx_word' id='word_1_204' title='bbox 513 1563 800 1636; x_wconf 86' lang='grc' dir='ltr'>μελλούσας</span> <span class='ocrx_word' id='word_1_205' title='bbox 857 1567 929 1616; x_wconf 78' lang='grc' dir='ltr'>ἔτι</span> <span class='ocrx_word' id='word_1_206' title='bbox 1002 1564 1264 1637; x_wconf 79' lang='grc' dir='ltr'>βασάνους</span> <span class='ocrx_word' id='word_1_207' title='bbox 1342 1566 1734 1638; x_wconf 86' lang='grc' dir='ltr'>προθυμοτέρου</span> 
     </span>
    </p>
   </div>
   <div class='ocr_carea' id='block_1_30' title="bbox 1853 1562 3518 1638">
    <p class='ocr_par' dir='ltr' id='par_1_30' title="bbox 1873 1562 3518 1625">
     <span class='ocr_line' id='line_1_30' title="bbox 1873 1562 3518 1625; baseline 0.007 -11"><span class='ocrx_word' id='word_1_208' title='bbox 1873 1562 2187 1620; x_wconf 90' lang='lat' dir='ltr'>creabant:</span> <span class='ocrx_word' id='word_1_209' title='bbox 2206 1568 2263 1618; x_wconf 91' lang='lat' dir='ltr'>et</span> <span class='ocrx_word' id='word_1_210' title='bbox 2286 1563 2361 1618; x_wconf 91' lang='lat' dir='ltr'>ad</span> <span class='ocrx_word' id='word_1_211' title='bbox 2390 1568 2683 1621; x_wconf 90' lang='lat' dir='ltr'>tormenta</span> <span class='ocrx_word' id='word_1_212' title='bbox 2705 1581 2846 1621; x_wconf 90' lang='lat' dir='ltr'>mox</span> <span class='ocrx_word' id='word_1_213' title='bbox 2860 1566 3055 1621; x_wconf 91' lang='lat' dir='ltr'>futura</span> <span class='ocrx_word' id='word_1_214' title='bbox 3068 1566 3371 1624; x_wconf 88' lang='lat' dir='ltr'>faciebant</span> <span class='ocrx_word' id='word_1_215' title='bbox 3391 1570 3518 1625; x_wconf 85' lang='lat' dir='ltr'>ani-</span> 
     </span>
    </p>
   </div>
   <div class='ocr_carea' id='block_1_31' title="bbox 156 1648 1741 1726">
    <p class='ocr_par' dir='ltr' id='par_1_31' title="bbox 156 1649 1741 1725">
     <span class='ocr_line' id='line_1_31' title="bbox 156 1649 1741 1725; baseline -0.001 -22"><span class='ocrx_word' id='word_1_216' title='bbox 156 1650 381 1704; x_wconf 78' lang='grc' dir='ltr'>έποίουν.</span> <span class='ocrx_word' id='word_1_217' title='bbox 444 1659 517 1725; x_wconf 77' lang='grc' dir='ltr'><strong>Τῇ</strong></span> <span class='ocrx_word' id='word_1_218' title='bbox 576 1649 632 1704; x_wconf 80' lang='grc' dir='ltr'>δὲ</span> <span class='ocrx_word' id='word_1_219' title='bbox 672 1654 923 1725; x_wconf 80' lang='grc' dir='ltr'>ὑστεραίᾳ</span> <span class='ocrx_word' id='word_1_220' title='bbox 971 1660 1123 1705; x_wconf 83' lang='grc' dir='ltr'>τοῦτο</span> <span class='ocrx_word' id='word_1_221' title='bbox 1168 1656 1257 1725; x_wconf 72' lang='grc' dir='ltr'>μεν</span> <span class='ocrx_word' id='word_1_222' title='bbox 1310 1652 1562 1716; x_wconf 84' lang='grc' dir='ltr'>ἀλλήλοις,</span> <span class='ocrx_word' id='word_1_223' title='bbox 1611 1660 1741 1704; x_wconf 82' lang='grc' dir='ltr'>τοῦτ‹</span> 
     </span>
    </p>
   </div>
   <div class='ocr_carea' id='block_1_32' title="bbox 1853 1648 3516 1726">
    <p class='ocr_par' dir='ltr' id='par_1_32' title="bbox 1871 1648 3516 1726">
     <span class='ocr_line' id='line_1_32' title="bbox 1871 1648 3516 1726; baseline 0.005 -23"><span class='ocrx_word' id='word_1_224' title='bbox 1871 1664 1972 1703; x_wconf 92' lang='lat' dir='ltr'>mo</span> <span class='ocrx_word' id='word_1_225' title='bbox 2002 1648 2337 1705; x_wconf 86' lang='lat' dir='ltr'>alacriores.</span> <span class='ocrx_word' id='word_1_226' title='bbox 2373 1651 2658 1707; x_wconf 90' lang='lat' dir='ltr'>Postridie</span> <span class='ocrx_word' id='word_1_227' title='bbox 2688 1659 2887 1708; x_wconf 89' lang='lat' dir='ltr'>autem</span> <span class='ocrx_word' id='word_1_228' title='bbox 2914 1654 3129 1725; x_wconf 88' lang='lat' dir='ltr'>partim</span> <span class='ocrx_word' id='word_1_229' title='bbox 3161 1654 3404 1726; x_wconf 91' lang='lat' dir='ltr'>quidem</span> <span class='ocrx_word' id='word_1_230' title='bbox 3430 1656 3516 1711; x_wconf 93' lang='lat' dir='ltr'>in-</span> 
     </span>
    </p>
   </div>
   <div class='ocr_carea' id='block_1_33' title="bbox 158 1737 1741 1814">
    <p class='ocr_par' dir='ltr' id='par_1_33' title="bbox 158 1737 1735 1814">
     <span class='ocr_line' id='line_1_33' title="bbox 158 1737 1735 1814; baseline -0.001 -21"><span class='ocrx_word' id='word_1_231' title='bbox 158 1737 218 1793; x_wconf 74' lang='grc' dir='ltr'>δὶ</span> <span class='ocrx_word' id='word_1_232' title='bbox 258 1746 485 1803; x_wconf 81' lang='grc' dir='ltr'>καὶτοῖς</span> <span class='ocrx_word' id='word_1_233' title='bbox 522 1748 753 1814; x_wconf 84' lang='grc' dir='ltr'>παροῦσι</span> <span class='ocrx_word' id='word_1_234' title='bbox 794 1746 886 1799; x_wconf 77' lang='grc' dir='ltr'>τὴν</span> <span class='ocrx_word' id='word_1_235' title='bbox 922 1742 1058 1793; x_wconf 86' lang='grc' dir='ltr'>θείαν</span> <span class='ocrx_word' id='word_1_236' title='bbox 1101 1739 1295 1798; x_wconf 71' lang='grc' dir='ltr'>ἐκείνην</span> <span class='ocrx_word' id='word_1_237' title='bbox 1340 1741 1652 1793; x_wconf 83' lang='grc' dir='ltr'>ἐπιστασίαν</span> <span class='ocrx_word' id='word_1_238' title='bbox 1711 1761 1735 1792; x_wconf 92' lang='grc' dir='ltr'>ο</span> 
     </span>
    </p>
   </div>
   <div class='ocr_carea' id='block_1_34' title="bbox 1853 1737 3512 1814">
    <p class='ocr_par' dir='ltr' id='par_1_34' title="bbox 1869 1739 3512 1812">
     <span class='ocr_line' id='line_1_34' title="bbox 1869 1739 3512 1812; baseline 0.004 -19"><span class='ocrx_word' id='word_1_239' title='bbox 1869 1741 1955 1793; x_wconf 87' lang='lat' dir='ltr'>ter</span> <span class='ocrx_word' id='word_1_240' title='bbox 1967 1753 2049 1803; x_wconf 92' lang='lat' dir='ltr'>se,</span> <span class='ocrx_word' id='word_1_241' title='bbox 2066 1739 2282 1808; x_wconf 87' lang='lat' dir='ltr'>partim</span> <span class='ocrx_word' id='word_1_242' title='bbox 2298 1745 2495 1795; x_wconf 90' lang='lat' dir='ltr'>autem</span> <span class='ocrx_word' id='word_1_243' title='bbox 2514 1741 2551 1795; x_wconf 90' lang='lat' dir='ltr'>ii</span> <span class='ocrx_word' id='word_1_244' title='bbox 2566 1741 2667 1812; x_wconf 90' lang='lat' dir='ltr'>qui</span> <span class='ocrx_word' id='word_1_245' title='bbox 2683 1742 2951 1807; x_wconf 88' lang='lat' dir='ltr'>aderant,</span> <span class='ocrx_word' id='word_1_246' title='bbox 2986 1742 3311 1798; x_wconf 90' lang='lat' dir='ltr'>narrabant</span> <span class='ocrx_word' id='word_1_247' title='bbox 3326 1745 3512 1800; x_wconf 89' lang='lat' dir='ltr'>sancti</span> 
     </span>
    </p>
   </div>
   <div class='ocr_carea' id='block_1_35' title="bbox 152 1826 1741 1902">
    <p class='ocr_par' dir='ltr' id='par_1_35' title="bbox 152 1826 1741 1902">
     <span class='ocr_line' id='line_1_35' title="bbox 152 1826 1741 1902; baseline -0.001 -21"><span class='ocrx_word' id='word_1_248' title='bbox 152 1829 300 1899; x_wconf 78' lang='grc' dir='ltr'>ἅγιοι</span> <span class='ocrx_word' id='word_1_249' title='bbox 350 1826 647 1901; x_wconf 83' lang='grc' dir='ltr'>διηγοῦντο,</span> <span class='ocrx_word' id='word_1_250' title='bbox 698 1835 787 1882; x_wconf 81' lang='grc' dir='ltr'>καὶ</span> <span class='ocrx_word' id='word_1_251' title='bbox 832 1835 955 1883; x_wconf 91' lang='grc' dir='ltr'>πότε</span> <span class='ocrx_word' id='word_1_252' title='bbox 1020 1830 1297 1902; x_wconf 79' lang='grc' dir='ltr'>Οὐαλέριος</span> <span class='ocrx_word' id='word_1_253' title='bbox 1356 1829 1463 1891; x_wconf 75' lang='grc' dir='ltr'>ἣξει</span> <span class='ocrx_word' id='word_1_254' title='bbox 1522 1828 1741 1892; x_wconf 79' lang='grc' dir='ltr'>ἐπανεξε-</span> 
     </span>
    </p>
   </div>
   <div class='ocr_carea' id='block_1_36' title="bbox 1853 1826 3513 1902">
    <p class='ocr_par' dir='ltr' id='par_1_36' title="bbox 1868 1826 3513 1900">
     <span class='ocr_line' id='line_1_36' title="bbox 1868 1826 3513 1900; baseline 0.005 -20"><span class='ocrx_word' id='word_1_255' title='bbox 1868 1826 2135 1882; x_wconf 90' lang='lat' dir='ltr'>divinam</span> <span class='ocrx_word' id='word_1_256' title='bbox 2156 1827 2318 1883; x_wconf 89' lang='lat' dir='ltr'>illam</span> <span class='ocrx_word' id='word_1_257' title='bbox 2343 1829 2800 1900; x_wconf 90' lang='lat' dir='ltr'>apparitionem,</span> <span class='ocrx_word' id='word_1_258' title='bbox 2816 1835 3199 1885; x_wconf 84' lang='lat' dir='ltr'>etventurum</span> <span class='ocrx_word' id='word_1_259' title='bbox 3213 1830 3513 1888; x_wconf 91' lang='lat' dir='ltr'>Valerium</span> 
     </span>
    </p>
   </div>
   <div class='ocr_carea' id='block_1_37' title="bbox 150 1914 1741 1994">
    <p class='ocr_par' dir='ltr' id='par_1_37' title="bbox 150 1918 1732 1994">
     <span class='ocr_line' id='line_1_37' title="bbox 150 1918 1732 1994; baseline 0 -25"><span class='ocrx_word' id='word_1_260' title='bbox 150 1920 327 1970; x_wconf 91' lang='grc' dir='ltr'>τάσων</span> <span class='ocrx_word' id='word_1_261' title='bbox 395 1919 578 1979; x_wconf 83' lang='grc' dir='ltr'>αύτούς</span> <span class='ocrx_word' id='word_1_262' title='bbox 639 1923 949 1994; x_wconf 82' lang='grc' dir='ltr'>περιέμενον,</span> <span class='ocrx_word' id='word_1_263' title='bbox 1025 1921 1197 1993; x_wconf 83' lang='grc' dir='ltr'>ὥσπερ</span> <span class='ocrx_word' id='word_1_264' title='bbox 1270 1921 1403 1979; x_wconf 72' lang='grc' dir='ltr'>τινες</span> <span class='ocrx_word' id='word_1_265' title='bbox 1467 1918 1732 1990; x_wconf 87' lang='grc' dir='ltr'>ἀξιόμαχο</span> 
     </span>
    </p>
   </div>
   <div class='ocr_carea' id='block_1_38' title="bbox 1853 1914 3514 1994">
    <p class='ocr_par' dir='ltr' id='par_1_38' title="bbox 1867 1914 3514 1989">
     <span class='ocr_line' id='line_1_38' title="bbox 1867 1914 3514 1989; baseline 0.004 -20"><span class='ocrx_word' id='word_1_266' title='bbox 1867 1914 1945 1970; x_wconf 90' lang='lat' dir='ltr'>ad</span> <span class='ocrx_word' id='word_1_267' title='bbox 1966 1930 2171 1970; x_wconf 92' lang='lat' dir='ltr'>eorum</span> <span class='ocrx_word' id='word_1_268' title='bbox 2191 1917 2687 1972; x_wconf 86' lang='lat' dir='ltr'>examinationem</span> <span class='ocrx_word' id='word_1_269' title='bbox 2727 1918 3166 1988; x_wconf 84' lang='lat' dir='ltr'>exspectabant,</span> <span class='ocrx_word' id='word_1_270' title='bbox 3188 1920 3429 1989; x_wconf 91' lang='lat' dir='ltr'>perinde</span> <span class='ocrx_word' id='word_1_271' title='bbox 3442 1934 3514 1975; x_wconf 91' lang='lat' dir='ltr'>ac</span> 
     </span>
    </p>
   </div>
   <div class='ocr_carea' id='block_1_39' title="bbox 153 2004 1741 2081">
    <p class='ocr_par' dir='ltr' id='par_1_39' title="bbox 153 2006 1741 2081">
     <span class='ocr_line' id='line_1_39' title="bbox 153 2006 1741 2081; baseline -0.001 -22"><span class='ocrx_word' id='word_1_272' title='bbox 153 2016 474 2081; x_wconf 89' lang='grc' dir='ltr'>στρατιῶται</span> <span class='ocrx_word' id='word_1_273' title='bbox 519 2006 726 2079; x_wconf 84' lang='grc' dir='ltr'>ἀγώνων</span> <span class='ocrx_word' id='word_1_274' title='bbox 771 2007 1139 2081; x_wconf 84' lang='grc' dir='ltr'>έπιθυμοῠντες</span> <span class='ocrx_word' id='word_1_275' title='bbox 1182 2012 1271 2059; x_wconf 83' lang='grc' dir='ltr'>καὶ</span> <span class='ocrx_word' id='word_1_276' title='bbox 1309 2010 1440 2078; x_wconf 89' lang='grc' dir='ltr'>πρός</span> <span class='ocrx_word' id='word_1_277' title='bbox 1488 2010 1575 2058; x_wconf 90' lang='grc' dir='ltr'>τόν</span> <span class='ocrx_word' id='word_1_278' title='bbox 1625 2010 1741 2078; x_wconf 85' lang='grc' dir='ltr'>μετό</span> 
     </span>
    </p>
   </div>
   <div class='ocr_carea' id='block_1_40' title="bbox 1853 2004 3512 2081">
    <p class='ocr_par' dir='ltr' id='par_1_40' title="bbox 1862 2004 3512 2079">
     <span class='ocr_line' id='line_1_40' title="bbox 1862 2004 3512 2079; baseline 0.004 -21"><span class='ocrx_word' id='word_1_279' title='bbox 1862 2004 2111 2075; x_wconf 89' lang='lat' dir='ltr'>quidam</span> <span class='ocrx_word' id='word_1_280' title='bbox 2140 2005 2361 2061; x_wconf 92' lang='lat' dir='ltr'>strenui</span> <span class='ocrx_word' id='word_1_281' title='bbox 2394 2006 2607 2061; x_wconf 89' lang='lat' dir='ltr'>milites</span> <span class='ocrx_word' id='word_1_282' title='bbox 2638 2008 2965 2063; x_wconf 90' lang='lat' dir='ltr'>certamina</span> <span class='ocrx_word' id='word_1_283' title='bbox 2990 2008 3314 2079; x_wconf 82' lang='lat' dir='ltr'>cupientes,</span> <span class='ocrx_word' id='word_1_284' title='bbox 3340 2012 3397 2062; x_wconf 89' lang='lat' dir='ltr'>et</span> <span class='ocrx_word' id='word_1_285' title='bbox 3434 2009 3512 2065; x_wconf 89' lang='lat' dir='ltr'>ad</span> 
     </span>
    </p>
   </div>
   <div class='ocr_carea' id='block_1_41' title="bbox 151 2093 1741 2169">
    <p class='ocr_par' dir='ltr' id='par_1_41' title="bbox 151 2093 1741 2169">
     <span class='ocr_line' id='line_1_41' title="bbox 151 2093 1741 2169; baseline 0.001 -20"><span class='ocrx_word' id='word_1_286' title='bbox 151 2093 319 2158; x_wconf 85' lang='grc' dir='ltr'>δόξης</span> <span class='ocrx_word' id='word_1_287' title='bbox 370 2098 585 2149; x_wconf 89' lang='grc' dir='ltr'>θάνατον</span> <span class='ocrx_word' id='word_1_288' title='bbox 639 2097 883 2169; x_wconf 78' lang='grc' dir='ltr'>εὔτολμόν</span> <span class='ocrx_word' id='word_1_289' title='bbox 942 2116 989 2149; x_wconf 90' lang='grc' dir='ltr'>τι</span> <span class='ocrx_word' id='word_1_290' title='bbox 1050 2101 1139 2149; x_wconf 86' lang='grc' dir='ltr'>καὶ</span> <span class='ocrx_word' id='word_1_291' title='bbox 1198 2096 1390 2167; x_wconf 69' lang='grc' dir='ltr'>εὐγενὲς</span> <span class='ocrx_word' id='word_1_292' title='bbox 1458 2094 1741 2168; x_wconf 83' lang='grc' dir='ltr'>βλέποντες.</span> 
     </span>
    </p>
   </div>
   <div class='ocr_carea' id='block_1_42' title="bbox 1853 2093 3513 2169">
    <p class='ocr_par' dir='ltr' id='par_1_42' title="bbox 1864 2094 3513 2167">
     <span class='ocr_line' id='line_1_42' title="bbox 1864 2094 3513 2167; baseline 0.002 -19"><span class='ocrx_word' id='word_1_293' title='bbox 1864 2099 2117 2149; x_wconf 90' lang='lat' dir='ltr'>mortem</span> <span class='ocrx_word' id='word_1_294' title='bbox 2151 2110 2287 2149; x_wconf 93' lang='lat' dir='ltr'>cum</span> <span class='ocrx_word' id='word_1_295' title='bbox 2314 2094 2504 2164; x_wconf 88' lang='lat' dir='ltr'>gloria</span> <span class='ocrx_word' id='word_1_296' title='bbox 2533 2095 3001 2167; x_wconf 88' lang='lat' dir='ltr'>suscipiendam,</span> <span class='ocrx_word' id='word_1_297' title='bbox 3026 2110 3311 2165; x_wconf 87' lang='lat' dir='ltr'>generose</span> <span class='ocrx_word' id='word_1_298' title='bbox 3331 2102 3385 2151; x_wconf 92' lang='lat' dir='ltr'>et</span> <span class='ocrx_word' id='word_1_299' title='bbox 3411 2112 3513 2152; x_wconf 88' lang='lat' dir='ltr'>au-</span> 
     </span>
    </p>
   </div>
   <div class='ocr_carea' id='block_1_43' title="bbox 148 2181 1741 2259">
    <p class='ocr_par' dir='ltr' id='par_1_43' title="bbox 148 2182 1741 2259">
     <span class='ocr_line' id='line_1_43' title="bbox 148 2182 1741 2259; baseline -0.002 -21"><span class='ocrx_word' id='word_1_300' title='bbox 148 2186 371 2247; x_wconf 83' lang='grc' dir='ltr'>Ἐκεῖνος</span> <span class='ocrx_word' id='word_1_301' title='bbox 428 2182 486 2238; x_wconf 66' lang='grc' dir='ltr'>δὲ</span> <span class='ocrx_word' id='word_1_302' title='bbox 541 2189 635 2248; x_wconf 84' lang='grc' dir='ltr'>τὰς</span> <span class='ocrx_word' id='word_1_303' title='bbox 681 2182 893 2259; x_wconf 83' lang='grc' dir='ltr'>Σάρδεις</span> <span class='ocrx_word' id='word_1_304' title='bbox 945 2184 1269 2251; x_wconf 87' lang='grc' dir='ltr'>καταλαϐὼν,</span> <span class='ocrx_word' id='word_1_305' title='bbox 1328 2188 1396 2247; x_wconf 79' lang='grc' dir='ltr'>ὡς</span> <span class='ocrx_word' id='word_1_306' title='bbox 1443 2189 1500 2237; x_wconf 90' lang='grc' dir='ltr'>τό</span> <span class='ocrx_word' id='word_1_307' title='bbox 1549 2193 1656 2249; x_wconf 82' lang='grc' dir='ltr'>νῦν,</span> <span class='ocrx_word' id='word_1_308' title='bbox 1710 2186 1741 2237; x_wconf 67' lang='grc' dir='ltr'>εὶ</span> 
     </span>
    </p>
   </div>
   <div class='ocr_carea' id='block_1_44' title="bbox 1853 2181 3507 2259">
    <p class='ocr_par' dir='ltr' id='par_1_44' title="bbox 1860 2181 3507 2255">
     <span class='ocr_line' id='line_1_44' title="bbox 1860 2181 3507 2255; baseline 0.002 -18"><span class='ocrx_word' id='word_1_309' title='bbox 1860 2181 2388 2239; x_wconf 90' lang='lat' dir='ltr'>dacterintuentes.</span> <span class='ocrx_word' id='word_1_310' title='bbox 2412 2183 2508 2239; x_wconf 91' lang='lat' dir='ltr'>Ille</span> <span class='ocrx_word' id='word_1_311' title='bbox 2522 2189 2719 2239; x_wconf 92' lang='lat' dir='ltr'>autem</span> <span class='ocrx_word' id='word_1_312' title='bbox 2738 2200 2872 2239; x_wconf 91' lang='lat' dir='ltr'>cum</span> <span class='ocrx_word' id='word_1_313' title='bbox 2888 2184 3246 2255; x_wconf 90' lang='lat' dir='ltr'>pervenisset</span> <span class='ocrx_word' id='word_1_314' title='bbox 3270 2185 3507 2249; x_wconf 84' lang='lat' dir='ltr'>Sardas,</span> 
     </span>
    </p>
   </div>
   <div class='ocr_carea' id='block_1_45' title="bbox 146 2270 1741 2349">
    <p class='ocr_par' dir='ltr' id='par_1_45' title="bbox 146 2274 1741 2349">
     <span class='ocr_line' id='line_1_45' title="bbox 146 2274 1741 2349; baseline -0.001 -22"><span class='ocrx_word' id='word_1_315' title='bbox 146 2280 239 2327; x_wconf 87' lang='grc' dir='ltr'>καὶ</span> <span class='ocrx_word' id='word_1_316' title='bbox 294 2280 363 2347; x_wconf 85' lang='grc' dir='ltr'>μη</span> <span class='ocrx_word' id='word_1_317' title='bbox 423 2278 683 2349; x_wconf 87' lang='grc' dir='ltr'>πρότερον,</span> <span class='ocrx_word' id='word_1_318' title='bbox 752 2274 1162 2348; x_wconf 80' lang='grc' dir='ltr'>εύπειθεστέροις</span> <span class='ocrx_word' id='word_1_319' title='bbox 1213 2281 1319 2335; x_wconf 84' lang='grc' dir='ltr'>τοῖς</span> <span class='ocrx_word' id='word_1_320' title='bbox 1382 2276 1615 2347; x_wconf 83' lang='grc' dir='ltr'>μάρτυσι</span> <span class='ocrx_word' id='word_1_321' title='bbox 1663 2279 1741 2325; x_wconf 78' lang='grc' dir='ltr'><strong>καί</strong></span> 
     </span>
    </p>
   </div>
   <div class='ocr_carea' id='block_1_46' title="bbox 1853 2270 3510 2349">
    <p class='ocr_par' dir='ltr' id='par_1_46' title="bbox 1862 2270 3510 2342">
     <span class='ocr_line' id='line_1_46' title="bbox 1862 2270 3510 2342; baseline 0.002 -18"><span class='ocrx_word' id='word_1_322' title='bbox 1862 2274 2001 2325; x_wconf 91' lang='lat' dir='ltr'>tunc</span> <span class='ocrx_word' id='word_1_323' title='bbox 2040 2270 2436 2339; x_wconf 85' lang='lat' dir='ltr'>existimabat,</span> <span class='ocrx_word' id='word_1_324' title='bbox 2469 2279 2527 2329; x_wconf 91' lang='lat' dir='ltr'>et</span> <span class='ocrx_word' id='word_1_325' title='bbox 2556 2273 2603 2327; x_wconf 90' lang='lat' dir='ltr'>si</span> <span class='ocrx_word' id='word_1_326' title='bbox 2633 2287 2756 2327; x_wconf 90' lang='lat' dir='ltr'>non</span> <span class='ocrx_word' id='word_1_327' title='bbox 2777 2273 3039 2342; x_wconf 89' lang='lat' dir='ltr'>prius,se</span> <span class='ocrx_word' id='word_1_328' title='bbox 3074 2271 3510 2328; x_wconf 90' lang='lat' dir='ltr'>obedientiores</span> 
     </span>
    </p>
   </div>
   <div class='ocr_carea' id='block_1_47' title="bbox 145 2358 1741 2439">
    <p class='ocr_par' dir='ltr' id='par_1_47' title="bbox 145 2360 1741 2439">
     <span class='ocr_line' id='line_1_47' title="bbox 145 2360 1741 2439; baseline -0.001 -23"><span class='ocrx_word' id='word_1_329' title='bbox 145 2363 476 2439; x_wconf 79' lang='grc' dir='ltr'>εύχειρώτοις</span> <span class='ocrx_word' id='word_1_330' title='bbox 524 2360 631 2422; x_wconf 79' lang='grc' dir='ltr'>ἤδη</span> <span class='ocrx_word' id='word_1_331' title='bbox 683 2367 974 2436; x_wconf 87' lang='grc' dir='ltr'>γενομένοις</span> <span class='ocrx_word' id='word_1_332' title='bbox 1024 2370 1346 2435; x_wconf 84' lang='grc' dir='ltr'>περιτυχεῖν,</span> <span class='ocrx_word' id='word_1_333' title='bbox 1396 2365 1462 2414; x_wconf 89' lang='grc' dir='ltr'>τά</span> <span class='ocrx_word' id='word_1_334' title='bbox 1518 2366 1608 2434; x_wconf 73' lang='grc' dir='ltr'>μεν</span> <span class='ocrx_word' id='word_1_335' title='bbox 1650 2365 1741 2436; x_wconf 77' lang='grc' dir='ltr'>γὰρ</span> 
     </span>
    </p>
   </div>
   <div class='ocr_carea' id='block_1_48' title="bbox 1853 2358 3510 2439">
    <p class='ocr_par' dir='ltr' id='par_1_48' title="bbox 1861 2358 3510 2427">
     <span class='ocr_line' id='line_1_48' title="bbox 1861 2358 3510 2427; baseline 0.002 -14"><span class='ocrx_word' id='word_1_336' title='bbox 1861 2363 1917 2414; x_wconf 93' lang='lat' dir='ltr'>et</span> <span class='ocrx_word' id='word_1_337' title='bbox 1967 2358 2257 2415; x_wconf 84' lang='lat' dir='ltr'>faciliores</span> <span class='ocrx_word' id='word_1_338' title='bbox 2314 2361 2693 2417; x_wconf 89' lang='lat' dir='ltr'>inventurum</span> <span class='ocrx_word' id='word_1_339' title='bbox 2738 2364 3050 2427; x_wconf 86' lang='lat' dir='ltr'>martyres.</span> <span class='ocrx_word' id='word_1_340' title='bbox 3098 2359 3301 2415; x_wconf 92' lang='lat' dir='ltr'>Solum</span> <span class='ocrx_word' id='word_1_341' title='bbox 3350 2361 3510 2417; x_wconf 92' lang='lat' dir='ltr'>enim</span> 
     </span>
    </p>
   </div>
   <div class='ocr_carea' id='block_1_49' title="bbox 143 2447 1741 2527">
    <p class='ocr_par' dir='ltr' id='par_1_49' title="bbox 143 2447 1741 2526">
     <span class='ocr_line' id='line_1_49' title="bbox 143 2447 1741 2526; baseline -0.003 -21"><span class='ocrx_word' id='word_1_342' title='bbox 143 2461 244 2514; x_wconf 79' lang='grc' dir='ltr'>τῆς</span> <span class='ocrx_word' id='word_1_343' title='bbox 290 2458 542 2526; x_wconf 86' lang='grc' dir='ltr'>τιμωρίας</span> <span class='ocrx_word' id='word_1_344' title='bbox 594 2454 841 2523; x_wconf 75' lang='grc' dir='ltr'>ἐγίνωσκε</span> <span class='ocrx_word' id='word_1_345' title='bbox 887 2456 1059 2524; x_wconf 89' lang='grc' dir='ltr'>μόνον,</span> <span class='ocrx_word' id='word_1_346' title='bbox 1115 2454 1181 2503; x_wconf 84' lang='grc' dir='ltr'>τά</span> <span class='ocrx_word' id='word_1_347' title='bbox 1232 2447 1291 2503; x_wconf 72' lang='grc' dir='ltr'>δὲ</span> <span class='ocrx_word' id='word_1_348' title='bbox 1342 2459 1439 2512; x_wconf 86' lang='grc' dir='ltr'>τῆς</span> <span class='ocrx_word' id='word_1_349' title='bbox 1491 2452 1741 2525; x_wconf 83' lang='grc' dir='ltr'>παρακλή-</span> 
     </span>
    </p>
   </div>
   <div class='ocr_carea' id='block_1_50' title="bbox 1853 2447 3511 2527">
    <p class='ocr_par' dir='ltr' id='par_1_50' title="bbox 1860 2448 3511 2527">
     <span class='ocr_line' id='line_1_50' title="bbox 1860 2448 3511 2527; baseline 0.002 -25"><span class='ocrx_word' id='word_1_350' title='bbox 1860 2448 2084 2503; x_wconf 89' lang='lat' dir='ltr'>sciebat</span> <span class='ocrx_word' id='word_1_351' title='bbox 2103 2449 2394 2505; x_wconf 88' lang='lat' dir='ltr'>cruciatus</span> <span class='ocrx_word' id='word_1_352' title='bbox 2431 2467 2444 2517; x_wconf 90' lang='lat'><strong>;</strong></span> <span class='ocrx_word' id='word_1_353' title='bbox 2478 2448 2947 2505; x_wconf 87' lang='lat' dir='ltr'>consolationem</span> <span class='ocrx_word' id='word_1_354' title='bbox 2996 2454 3190 2527; x_wconf 87' lang='lat' dir='ltr'>autem</span> <span class='ocrx_word' id='word_1_355' title='bbox 3213 2448 3371 2504; x_wconf 89' lang='lat' dir='ltr'>unde</span> <span class='ocrx_word' id='word_1_356' title='bbox 3403 2450 3511 2505; x_wconf 87' lang='lat' dir='ltr'>sci-</span> 
     </span>
    </p>
   </div>
   <div class='ocr_carea' id='block_1_51' title="bbox 146 2536 1741 2612">
    <p class='ocr_par' dir='ltr' id='par_1_51' title="bbox 146 2538 1741 2612">
     <span class='ocr_line' id='line_1_51' title="bbox 146 2538 1741 2612; baseline -0.002 -18"><span class='ocrx_word' id='word_1_357' title='bbox 146 2560 297 2606; x_wconf 86' lang='grc' dir='ltr'>σεως,</span> <span class='ocrx_word' id='word_1_358' title='bbox 352 2544 504 2595; x_wconf 89' lang='grc' dir='ltr'>πόθεν</span> <span class='ocrx_word' id='word_1_359' title='bbox 560 2543 591 2600; x_wconf 84' lang='grc' dir='ltr'><strong>ἠ</strong></span> <span class='ocrx_word' id='word_1_360' title='bbox 634 2538 839 2612; x_wconf 82' lang='grc' dir='ltr'>γεώδης</span> <span class='ocrx_word' id='word_1_361' title='bbox 896 2540 1055 2597; x_wconf 81' lang='grc' dir='ltr'>έκείνη</span> <span class='ocrx_word' id='word_1_362' title='bbox 1102 2539 1257 2611; x_wconf 80' lang='grc' dir='ltr'>ψυχὴ</span> <span class='ocrx_word' id='word_1_363' title='bbox 1312 2544 1399 2591; x_wconf 83' lang='grc' dir='ltr'>καὶ</span> <span class='ocrx_word' id='word_1_364' title='bbox 1448 2538 1560 2601; x_wconf 84' lang='grc' dir='ltr'>ξένη</span> <span class='ocrx_word' id='word_1_365' title='bbox 1611 2541 1741 2601; x_wconf 86' lang='grc' dir='ltr'>θείας</span> 
     </span>
    </p>
   </div>
   <div class='ocr_carea' id='block_1_52' title="bbox 1853 2536 3511 2612">
    <p class='ocr_par' dir='ltr' id='par_1_52' title="bbox 1858 2536 3511 2607">
     <span class='ocr_line' id='line_1_52' title="bbox 1858 2536 3511 2607; baseline 0.001 -16"><span class='ocrx_word' id='word_1_366' title='bbox 1858 2542 1941 2591; x_wconf 86' lang='lat' dir='ltr'>ret</span> <span class='ocrx_word' id='word_1_367' title='bbox 1966 2540 2197 2592; x_wconf 91' lang='lat' dir='ltr'>terrena</span> <span class='ocrx_word' id='word_1_368' title='bbox 2228 2538 2323 2594; x_wconf 92' lang='lat' dir='ltr'>illa</span> <span class='ocrx_word' id='word_1_369' title='bbox 2354 2540 2566 2603; x_wconf 88' lang='lat' dir='ltr'>anima,</span> <span class='ocrx_word' id='word_1_370' title='bbox 2620 2543 2674 2593; x_wconf 91' lang='lat' dir='ltr'>et</span> <span class='ocrx_word' id='word_1_371' title='bbox 2711 2537 2908 2593; x_wconf 91' lang='lat' dir='ltr'>aliena</span> <span class='ocrx_word' id='word_1_372' title='bbox 2936 2552 2973 2592; x_wconf 91' lang='lat' dir='ltr'>a</span> <span class='ocrx_word' id='word_1_373' title='bbox 3021 2536 3224 2592; x_wconf 90' lang='lat' dir='ltr'>divina</span> <span class='ocrx_word' id='word_1_374' title='bbox 3273 2538 3511 2607; x_wconf 91' lang='lat' dir='ltr'>appari-</span> 
     </span>
    </p>
   </div>
   <div class='ocr_carea' id='block_1_53' title="bbox 144 2623 1741 2702">
    <p class='ocr_par' dir='ltr' id='par_1_53' title="bbox 144 2625 1741 2702">
     <span class='ocr_line' id='line_1_53' title="bbox 144 2625 1741 2702; baseline -0.002 -19"><span class='ocrx_word' id='word_1_375' title='bbox 144 2634 439 2702; x_wconf 73' lang='grc' dir='ltr'>ἕπιφανείας</span> <span class='ocrx_word' id='word_1_376' title='bbox 488 2635 577 2682; x_wconf 80' lang='grc' dir='ltr'>καὶ</span> <span class='ocrx_word' id='word_1_377' title='bbox 624 2629 987 2701; x_wconf 87' lang='grc' dir='ltr'>ἀγαθότητος;</span> <span class='ocrx_word' id='word_1_378' title='bbox 1038 2628 1143 2681; x_wconf 77' lang='grc' dir='ltr'>ἐπεὶ</span> <span class='ocrx_word' id='word_1_379' title='bbox 1198 2625 1257 2680; x_wconf 72' lang='grc' dir='ltr'>δε</span> <span class='ocrx_word' id='word_1_380' title='bbox 1285 2626 1431 2680; x_wconf 83' lang='grc' dir='ltr'>πλέον</span> <span class='ocrx_word' id='word_1_381' title='bbox 1478 2634 1565 2678; x_wconf 83' lang='grc' dir='ltr'>νῦν</span> <span class='ocrx_word' id='word_1_382' title='bbox 1617 2631 1741 2700; x_wconf 86' lang='grc' dir='ltr'>ἤπερ</span> 
     </span>
    </p>
   </div>
   <div class='ocr_carea' id='block_1_54' title="bbox 1853 2623 3504 2702">
    <p class='ocr_par' dir='ltr' id='par_1_54' title="bbox 1858 2623 3504 2690">
     <span class='ocr_line' id='line_1_54' title="bbox 1858 2623 3504 2690; baseline 0 -11"><span class='ocrx_word' id='word_1_383' title='bbox 1858 2624 2018 2680; x_wconf 92' lang='lat' dir='ltr'>tione</span> <span class='ocrx_word' id='word_1_384' title='bbox 2057 2630 2114 2678; x_wconf 92' lang='lat' dir='ltr'>et</span> <span class='ocrx_word' id='word_1_385' title='bbox 2147 2625 2407 2681; x_wconf 87' lang='lat' dir='ltr'>bonitate</span> <span class='ocrx_word' id='word_1_386' title='bbox 2434 2626 2463 2680; x_wconf 82' lang='lat'><strong>?</strong></span> <span class='ocrx_word' id='word_1_387' title='bbox 2494 2626 2638 2682; x_wconf 90' lang='lat' dir='ltr'>Cum</span> <span class='ocrx_word' id='word_1_388' title='bbox 2670 2641 2773 2680; x_wconf 90' lang='lat' dir='ltr'>eos</span> <span class='ocrx_word' id='word_1_389' title='bbox 2797 2629 2994 2679; x_wconf 88' lang='lat' dir='ltr'>autem</span> <span class='ocrx_word' id='word_1_390' title='bbox 3028 2623 3267 2679; x_wconf 83' lang='lat' dir='ltr'>vidisset</span> <span class='ocrx_word' id='word_1_391' title='bbox 3318 2624 3504 2690; x_wconf 90' lang='lat' dir='ltr'>vultu,</span> 
     </span>
    </p>
   </div>
   <div class='ocr_carea' id='block_1_55' title="bbox 144 2712 1741 2794">
    <p class='ocr_par' dir='ltr' id='par_1_55' title="bbox 144 2713 1741 2794">
     <span class='ocr_line' id='line_1_55' title="bbox 144 2713 1741 2794; baseline -0.002 -23"><span class='ocrx_word' id='word_1_392' title='bbox 144 2721 435 2794; x_wconf 78' lang='grc' dir='ltr'>ἔμπροσθεν</span> <span class='ocrx_word' id='word_1_393' title='bbox 487 2721 870 2791; x_wconf 87' lang='grc' dir='ltr'>χαριεστάτους</span> <span class='ocrx_word' id='word_1_394' title='bbox 909 2722 997 2790; x_wconf 68' lang='grc' dir='ltr'>μὲν</span> <span class='ocrx_word' id='word_1_395' title='bbox 1045 2722 1136 2775; x_wconf 80' lang='grc' dir='ltr'>τὴν</span> <span class='ocrx_word' id='word_1_396' title='bbox 1181 2716 1321 2787; x_wconf 74' lang='grc' dir='ltr'>ὄψιν,</span> <span class='ocrx_word' id='word_1_397' title='bbox 1376 2715 1643 2777; x_wconf 75' lang='grc' dir='ltr'>εὐσταθεῖς</span> <span class='ocrx_word' id='word_1_398' title='bbox 1690 2713 1741 2768; x_wconf 69' lang='grc' dir='ltr'>δὲ</span> 
     </span>
    </p>
   </div>
   <div class='ocr_carea' id='block_1_56' title="bbox 1853 2712 3509 2794">
    <p class='ocr_par' dir='ltr' id='par_1_56' title="bbox 1857 2712 3509 2785">
     <span class='ocr_line' id='line_1_56' title="bbox 1857 2712 3509 2785; baseline 0.001 -17"><span class='ocrx_word' id='word_1_399' title='bbox 1857 2728 2039 2784; x_wconf 89' lang='lat' dir='ltr'>quam</span> <span class='ocrx_word' id='word_1_400' title='bbox 2070 2712 2234 2783; x_wconf 90' lang='lat' dir='ltr'>prius</span> <span class='ocrx_word' id='word_1_401' title='bbox 2288 2714 2564 2777; x_wconf 64' lang='lat' dir='ltr'>laetiores,</span> <span class='ocrx_word' id='word_1_402' title='bbox 2598 2713 2929 2785; x_wconf 87' lang='lat' dir='ltr'>spirituque</span> <span class='ocrx_word' id='word_1_403' title='bbox 2961 2712 3419 2778; x_wconf 88' lang='lat' dir='ltr'>constantiores,</span> <span class='ocrx_word' id='word_1_404' title='bbox 3453 2717 3509 2769; x_wconf 88' lang='lat' dir='ltr'>et</span> 
     </span>
    </p>
   </div>
   <div class='ocr_carea' id='block_1_57' title="bbox 144 2801 1741 2880">
    <p class='ocr_par' dir='ltr' id='par_1_57' title="bbox 144 2803 1741 2880">
     <span class='ocr_line' id='line_1_57' title="bbox 144 2803 1741 2880; baseline -0.002 -21"><span class='ocrx_word' id='word_1_405' title='bbox 144 2811 201 2860; x_wconf 91' lang='grc' dir='ltr'>τό</span> <span class='ocrx_word' id='word_1_406' title='bbox 260 2812 499 2880; x_wconf 75' lang='grc' dir='ltr'>φρόνημα</span> <span class='ocrx_word' id='word_1_407' title='bbox 562 2812 651 2858; x_wconf 87' lang='grc' dir='ltr'>καὶ</span> <span class='ocrx_word' id='word_1_408' title='bbox 696 2806 1073 2865; x_wconf 85' lang='grc' dir='ltr'>ἀταπεινώτους</span> <span class='ocrx_word' id='word_1_409' title='bbox 1119 2809 1213 2863; x_wconf 81' lang='grc' dir='ltr'>τὴν</span> <span class='ocrx_word' id='word_1_410' title='bbox 1250 2804 1429 2875; x_wconf 77' lang='grc' dir='ltr'>ψυχὴν</span> <span class='ocrx_word' id='word_1_411' title='bbox 1477 2803 1741 2867; x_wconf 80' lang='grc' dir='ltr'>ἐθεάσατο,</span> 
     </span>
    </p>
   </div>
   <div class='ocr_carea' id='block_1_58' title="bbox 1853 2801 3509 2880">
    <p class='ocr_par' dir='ltr' id='par_1_58' title="bbox 1857 2801 3509 2874">
     <span class='ocr_line' id='line_1_58' title="bbox 1857 2801 3509 2874; baseline -0.002 -18"><span class='ocrx_word' id='word_1_412' title='bbox 1857 2802 2060 2856; x_wconf 91' lang='lat' dir='ltr'>animo</span> <span class='ocrx_word' id='word_1_413' title='bbox 2092 2803 2287 2856; x_wconf 90' lang='lat' dir='ltr'>minus</span> <span class='ocrx_word' id='word_1_414' title='bbox 2317 2801 2599 2874; x_wconf 86' lang='lat' dir='ltr'>dejectos,</span> <span class='ocrx_word' id='word_1_415' title='bbox 2625 2802 2949 2873; x_wconf 89' lang='lat' dir='ltr'>desperans</span> <span class='ocrx_word' id='word_1_416' title='bbox 2983 2815 3046 2855; x_wconf 89' lang='lat' dir='ltr'>se</span> <span class='ocrx_word' id='word_1_417' title='bbox 3072 2815 3251 2870; x_wconf 87' lang='lat' dir='ltr'>posse</span> <span class='ocrx_word' id='word_1_418' title='bbox 3279 2815 3379 2855; x_wconf 91' lang='lat' dir='ltr'>eos</span> <span class='ocrx_word' id='word_1_419' title='bbox 3396 2803 3509 2854; x_wconf 92' lang='lat' dir='ltr'>tor-</span> 
     </span>
    </p>
   </div>
   <div class='ocr_carea' id='block_1_59' title="bbox 148 2888 1741 2966">
    <p class='ocr_par' dir='ltr' id='par_1_59' title="bbox 148 2892 1741 2966">
     <span class='ocr_line' id='line_1_59' title="bbox 148 2892 1741 2966; baseline -0.002 -19"><span class='ocrx_word' id='word_1_420' title='bbox 148 2896 411 2965; x_wconf 82' lang='grc' dir='ltr'>ἀπογνούς</span> <span class='ocrx_word' id='word_1_421' title='bbox 459 2899 517 2947; x_wconf 90' lang='grc' dir='ltr'>τό</span> <span class='ocrx_word' id='word_1_422' title='bbox 567 2892 660 2946; x_wconf 81' lang='grc' dir='ltr'>διὰ</span> <span class='ocrx_word' id='word_1_423' title='bbox 700 2894 943 2966; x_wconf 84' lang='grc' dir='ltr'>βασάνων</span> <span class='ocrx_word' id='word_1_424' title='bbox 988 2894 1130 2956; x_wconf 79' lang='grc' dir='ltr'>ἑλεῖν,</span> <span class='ocrx_word' id='word_1_425' title='bbox 1177 2895 1424 2952; x_wconf 86' lang='grc' dir='ltr'>θωπείαις</span> <span class='ocrx_word' id='word_1_426' title='bbox 1469 2892 1620 2942; x_wconf 88' lang='grc' dir='ltr'>πάλιν</span> <span class='ocrx_word' id='word_1_427' title='bbox 1659 2898 1741 2944; x_wconf 71' lang='grc' dir='ltr'>καὶ</span> 
     </span>
    </p>
   </div>
   <div class='ocr_carea' id='block_1_60' title="bbox 1853 2888 3506 2966">
    <p class='ocr_par' dir='ltr' id='par_1_60' title="bbox 1858 2888 3506 2959">
     <span class='ocr_line' id='line_1_60' title="bbox 1858 2888 3506 2959; baseline 0 -16"><span class='ocrx_word' id='word_1_428' title='bbox 1858 2890 2073 2944; x_wconf 91' lang='lat' dir='ltr'>mentis</span> <span class='ocrx_word' id='word_1_429' title='bbox 2093 2904 2456 2959; x_wconf 85' lang='lat' dir='ltr'>expugnare,</span> <span class='ocrx_word' id='word_1_430' title='bbox 2481 2888 2980 2945; x_wconf 87' lang='lat' dir='ltr'>assentationibus</span> <span class='ocrx_word' id='word_1_431' title='bbox 3006 2904 3216 2942; x_wconf 91' lang='lat' dir='ltr'>rursus</span> <span class='ocrx_word' id='word_1_432' title='bbox 3240 2893 3295 2943; x_wconf 88' lang='lat' dir='ltr'>et</span> <span class='ocrx_word' id='word_1_433' title='bbox 3320 2888 3506 2958; x_wconf 90' lang='lat' dir='ltr'>majo-</span> 
     </span>
    </p>
   </div>
   <div class='ocr_carea' id='block_1_61' title="bbox 151 2975 1741 3054">
    <p class='ocr_par' dir='ltr' id='par_1_61' title="bbox 151 2980 1741 3054">
     <span class='ocr_line' id='line_1_61' title="bbox 151 2980 1741 3054; baseline -0.003 -19"><span class='ocrx_word' id='word_1_434' title='bbox 151 2980 359 3054; x_wconf 82' lang='grc' dir='ltr'>δωρεῶν</span> <span class='ocrx_word' id='word_1_435' title='bbox 428 2983 677 3054; x_wconf 81' lang='grc' dir='ltr'>μειζόνων</span> <span class='ocrx_word' id='word_1_436' title='bbox 751 2981 1083 3050; x_wconf 74' lang='grc' dir='ltr'>ἐπαγγελίαις</span> <span class='ocrx_word' id='word_1_437' title='bbox 1160 2983 1253 3036; x_wconf 83' lang='grc' dir='ltr'>τήν</span> <span class='ocrx_word' id='word_1_438' title='bbox 1326 2986 1424 3029; x_wconf 90' lang='grc' dir='ltr'>τῶν</span> <span class='ocrx_word' id='word_1_439' title='bbox 1506 2984 1741 3048; x_wconf 82' lang='grc' dir='ltr'>γενναίων</span> 
     </span>
    </p>
   </div>
   <div class='ocr_carea' id='block_1_62' title="bbox 1853 2975 3504 3054">
    <p class='ocr_par' dir='ltr' id='par_1_62' title="bbox 1856 2975 3504 3049">
     <span class='ocr_line' id='line_1_62' title="bbox 1856 2975 3504 3049; baseline -0.001 -17"><span class='ocrx_word' id='word_1_440' title='bbox 1856 2993 1990 3032; x_wconf 89' lang='lat' dir='ltr'>rum</span> <span class='ocrx_word' id='word_1_441' title='bbox 2011 2977 2308 3033; x_wconf 89' lang='lat' dir='ltr'>donorum</span> <span class='ocrx_word' id='word_1_442' title='bbox 2332 2977 2830 3049; x_wconf 90' lang='lat' dir='ltr'>promissionibus</span> <span class='ocrx_word' id='word_1_443' title='bbox 2849 2975 3303 3047; x_wconf 87' lang='lat' dir='ltr'>aggrediebatur</span> <span class='ocrx_word' id='word_1_444' title='bbox 3319 2976 3504 3030; x_wconf 92' lang='lat' dir='ltr'>emol-</span> 
     </span>
    </p>
   </div>
   <div class='ocr_carea' id='block_1_63' title="bbox 150 3062 1741 3142">
    <p class='ocr_par' dir='ltr' id='par_1_63' title="bbox 150 3062 1741 3142">
     <span class='ocr_line' id='line_1_63' title="bbox 150 3062 1741 3142; baseline -0.004 -18"><span class='ocrx_word' id='word_1_445' title='bbox 150 3074 392 3124; x_wconf 75' lang='grc' dir='ltr'>ἔνστασιν</span> <span class='ocrx_word' id='word_1_446' title='bbox 447 3073 777 3142; x_wconf 83' lang='grc' dir='ltr'>ὑποχαυνοῦν</span> <span class='ocrx_word' id='word_1_447' title='bbox 854 3068 1127 3141; x_wconf 73' lang='grc' dir='ltr'>ἐπεχείρει.</span> <span class='ocrx_word' id='word_1_448' title='bbox 1182 3066 1268 3127; x_wconf 78' lang='grc' dir='ltr'>Ὠς</span> <span class='ocrx_word' id='word_1_449' title='bbox 1327 3062 1385 3117; x_wconf 74' lang='grc' dir='ltr'>δὶς</span> <span class='ocrx_word' id='word_1_450' title='bbox 1452 3064 1534 3118; x_wconf 79' lang='grc' dir='ltr'>ἐπὶ</span> <span class='ocrx_word' id='word_1_451' title='bbox 1599 3066 1741 3118; x_wconf 78' lang='grc' dir='ltr'>πλέον</span> 
     </span>
    </p>
   </div>
   <div class='ocr_carea' id='block_1_64' title="bbox 1853 3062 3504 3142">
    <p class='ocr_par' dir='ltr' id='par_1_64' title="bbox 1858 3065 3504 3122">
     <span class='ocr_line' id='line_1_64' title="bbox 1858 3065 3504 3122; baseline 0.001 -2"><span class='ocrx_word' id='word_1_452' title='bbox 1858 3065 1961 3121; x_wconf 91' lang='lat' dir='ltr'>lire</span> <span class='ocrx_word' id='word_1_453' title='bbox 1992 3066 2255 3121; x_wconf 91' lang='lat' dir='ltr'>virorum</span> <span class='ocrx_word' id='word_1_454' title='bbox 2284 3066 2517 3121; x_wconf 89' lang='lat' dir='ltr'>fortium</span> <span class='ocrx_word' id='word_1_455' title='bbox 2544 3067 2958 3122; x_wconf 84' lang='lat' dir='ltr'>constantiam.</span> <span class='ocrx_word' id='word_1_456' title='bbox 2995 3066 3141 3121; x_wconf 89' lang='lat' dir='ltr'>Cum</span> <span class='ocrx_word' id='word_1_457' title='bbox 3170 3071 3365 3120; x_wconf 89' lang='lat' dir='ltr'>autem</span> <span class='ocrx_word' id='word_1_458' title='bbox 3383 3080 3504 3121; x_wconf 87' lang='lat' dir='ltr'>ma-</span> 
     </span>
    </p>
   </div>
   <div class='ocr_carea' id='block_1_65' title="bbox 150 3151 1741 3235">
    <p class='ocr_par' dir='ltr' id='par_1_65' title="bbox 150 3156 1741 3235">
     <span class='ocr_line' id='line_1_65' title="bbox 150 3156 1741 3235; baseline -0.005 -21"><span class='ocrx_word' id='word_1_459' title='bbox 150 3160 329 3235; x_wconf 77' lang='grc' dir='ltr'>ἕπείρα</span> <span class='ocrx_word' id='word_1_460' title='bbox 394 3165 483 3212; x_wconf 86' lang='grc' dir='ltr'>καὶ</span> <span class='ocrx_word' id='word_1_461' title='bbox 554 3160 761 3212; x_wconf 90' lang='grc' dir='ltr'>πλείονα</span> <span class='ocrx_word' id='word_1_462' title='bbox 828 3161 904 3211; x_wconf 83' lang='grc' dir='ltr'>ἔτι</span> <span class='ocrx_word' id='word_1_463' title='bbox 975 3162 1068 3215; x_wconf 84' lang='grc' dir='ltr'>τὴν</span> <span class='ocrx_word' id='word_1_464' title='bbox 1128 3156 1448 3230; x_wconf 75' lang='grc' dir='ltr'>στερρότητα</span> <span class='ocrx_word' id='word_1_465' title='bbox 1498 3160 1741 3224; x_wconf 79' lang='grc' dir='ltr'>κατενόει,</span> 
     </span>
    </p>
   </div>
   <div class='ocr_carea' id='block_1_66' title="bbox 1853 3151 3507 3235">
    <p class='ocr_par' dir='ltr' id='par_1_66' title="bbox 1859 3151 3507 3222">
     <span class='ocr_line' id='line_1_66' title="bbox 1859 3151 3507 3222; baseline 0.001 -16"><span class='ocrx_word' id='word_1_466' title='bbox 1859 3152 1950 3222; x_wconf 89' lang='lat' dir='ltr'>gis</span> <span class='ocrx_word' id='word_1_467' title='bbox 1979 3158 2277 3215; x_wconf 89' lang='lat' dir='ltr'>tentasset,</span> <span class='ocrx_word' id='word_1_468' title='bbox 2312 3158 2367 3207; x_wconf 91' lang='lat' dir='ltr'>et</span> <span class='ocrx_word' id='word_1_469' title='bbox 2416 3153 2614 3207; x_wconf 89' lang='lat' dir='ltr'>adhuc</span> <span class='ocrx_word' id='word_1_470' title='bbox 2645 3154 2930 3222; x_wconf 88' lang='lat' dir='ltr'>majorem</span> <span class='ocrx_word' id='word_1_471' title='bbox 2989 3151 3507 3207; x_wconf 90' lang='lat' dir='ltr'>animadvertisset</span> 
     </span>
    </p>
   </div>
   <div class='ocr_carea' id='block_1_67' title="bbox 148 3239 1741 3325">
    <p class='ocr_par' dir='ltr' id='par_1_67' title="bbox 148 3245 1741 3325">
     <span class='ocr_line' id='line_1_67' title="bbox 148 3245 1741 3325; baseline -0.004 -23"><span class='ocrx_word' id='word_1_472' title='bbox 148 3254 280 3325; x_wconf 89' lang='grc' dir='ltr'>πρός</span> <span class='ocrx_word' id='word_1_473' title='bbox 322 3253 379 3301; x_wconf 90' lang='grc' dir='ltr'>τό</span> <span class='ocrx_word' id='word_1_474' title='bbox 420 3248 684 3320; x_wconf 78' lang='grc' dir='ltr'>αὐστηρόν</span> <span class='ocrx_word' id='word_1_475' title='bbox 732 3245 881 3308; x_wconf 80' lang='grc' dir='ltr'>αὖθις</span> <span class='ocrx_word' id='word_1_476' title='bbox 925 3245 1113 3319; x_wconf 84' lang='grc' dir='ltr'>έχώρει</span> <span class='ocrx_word' id='word_1_477' title='bbox 1151 3253 1222 3315; x_wconf 86' lang='grc' dir='ltr'>τῷ</span> <span class='ocrx_word' id='word_1_478' title='bbox 1269 3250 1481 3314; x_wconf 90' lang='grc' dir='ltr'>συνεχεῖ</span> <span class='ocrx_word' id='word_1_479' title='bbox 1522 3251 1614 3304; x_wconf 83' lang='grc' dir='ltr'>τῆς</span> <span class='ocrx_word' id='word_1_480' title='bbox 1661 3263 1741 3315; x_wconf 84' lang='grc' dir='ltr'>με·</span> 
     </span>
    </p>
   </div>
   <div class='ocr_carea' id='block_1_68' title="bbox 1853 3239 3502 3325">
    <p class='ocr_par' dir='ltr' id='par_1_68' title="bbox 1856 3239 3502 3312">
     <span class='ocr_line' id='line_1_68' title="bbox 1856 3239 3502 3312; baseline 0 -18"><span class='ocrx_word' id='word_1_481' title='bbox 1856 3239 2088 3295; x_wconf 90' lang='lat' dir='ltr'>roboris</span> <span class='ocrx_word' id='word_1_482' title='bbox 2104 3240 2461 3305; x_wconf 87' lang='lat' dir='ltr'>ﬁrmitatem,</span> <span class='ocrx_word' id='word_1_483' title='bbox 2480 3240 2765 3312; x_wconf 89' lang='lat' dir='ltr'>processit</span> <span class='ocrx_word' id='word_1_484' title='bbox 2781 3256 2988 3294; x_wconf 89' lang='lat' dir='ltr'>rursus</span> <span class='ocrx_word' id='word_1_485' title='bbox 3004 3239 3077 3293; x_wconf 87' lang='lat' dir='ltr'>ad</span> <span class='ocrx_word' id='word_1_486' title='bbox 3098 3239 3502 3305; x_wconf 89' lang='lat' dir='ltr'>acerbitatem,</span> 
     </span>
    </p>
   </div>
   <div class='ocr_carea' id='block_1_69' title="bbox 142 3326 1741 3408">
    <p class='ocr_par' dir='ltr' id='par_1_69' title="bbox 142 3331 1741 3408">
     <span class='ocr_line' id='line_1_69' title="bbox 142 3331 1741 3408; baseline -0.006 -16"><span class='ocrx_word' id='word_1_487' title='bbox 142 3339 367 3398; x_wconf 85' lang='grc' dir='ltr'>ταϐολῆς</span> <span class='ocrx_word' id='word_1_488' title='bbox 401 3344 490 3390; x_wconf 83' lang='grc' dir='ltr'>καὶ</span> <span class='ocrx_word' id='word_1_489' title='bbox 525 3346 597 3408; x_wconf 85' lang='grc' dir='ltr'>τῷ</span> <span class='ocrx_word' id='word_1_490' title='bbox 639 3336 858 3407; x_wconf 85' lang='grc' dir='ltr'>ποικίλῳ</span> <span class='ocrx_word' id='word_1_491' title='bbox 909 3344 1003 3396; x_wconf 82' lang='grc' dir='ltr'>τῆς</span> <span class='ocrx_word' id='word_1_492' title='bbox 1033 3334 1240 3406; x_wconf 87' lang='grc' dir='ltr'>ὁμιλίας</span> <span class='ocrx_word' id='word_1_493' title='bbox 1286 3334 1513 3406; x_wconf 82' lang='grc' dir='ltr'>θηρᾶσαι</span> <span class='ocrx_word' id='word_1_494' title='bbox 1556 3336 1650 3390; x_wconf 78' lang='grc' dir='ltr'>τὴν</span> <span class='ocrx_word' id='word_1_495' title='bbox 1698 3331 1741 3383; x_wconf 79' lang='grc' dir='ltr'>ἐν</span> 
     </span>
    </p>
   </div>
   <div class='ocr_carea' id='block_1_70' title="bbox 1853 3326 3503 3408">
    <p class='ocr_par' dir='ltr' id='par_1_70' title="bbox 1856 3326 3503 3396">
     <span class='ocr_line' id='line_1_70' title="bbox 1856 3326 3503 3396; baseline 0 -15"><span class='ocrx_word' id='word_1_496' title='bbox 1856 3328 2141 3383; x_wconf 90' lang='lat' dir='ltr'>continua</span> <span class='ocrx_word' id='word_1_497' title='bbox 2170 3330 2517 3396; x_wconf 90' lang='lat' dir='ltr'>mutatione,</span> <span class='ocrx_word' id='word_1_498' title='bbox 2548 3334 2604 3383; x_wconf 93' lang='lat' dir='ltr'>et</span> <span class='ocrx_word' id='word_1_499' title='bbox 2633 3327 2798 3382; x_wconf 88' lang='lat' dir='ltr'>varia</span> <span class='ocrx_word' id='word_1_500' title='bbox 2824 3326 3231 3392; x_wconf 92' lang='lat' dir='ltr'>collocutione,</span> <span class='ocrx_word' id='word_1_501' title='bbox 3258 3326 3503 3381; x_wconf 84' lang='lat' dir='ltr'>moliens</span> 
     </span>
    </p>
   </div>
   <div class='ocr_carea' id='block_1_71' title="bbox 144 3413 1741 3503">
    <p class='ocr_par' dir='ltr' id='par_1_71' title="bbox 144 3421 1741 3503">
     <span class='ocr_line' id='line_1_71' title="bbox 144 3421 1741 3503; baseline -0.006 -20"><span class='ocrx_word' id='word_1_502' title='bbox 144 3436 356 3503; x_wconf 79' lang='grc' dir='ltr'>Χριστῷ</span> <span class='ocrx_word' id='word_1_503' title='bbox 407 3427 674 3486; x_wconf 85' lang='grc' dir='ltr'>ἁπλότητα</span> <span class='ocrx_word' id='word_1_504' title='bbox 728 3434 825 3477; x_wconf 87' lang='grc' dir='ltr'>τῶν</span> <span class='ocrx_word' id='word_1_505' title='bbox 884 3424 1044 3495; x_wconf 86' lang='grc' dir='ltr'>ἀγίων</span> <span class='ocrx_word' id='word_1_506' title='bbox 1096 3424 1121 3474; x_wconf 97' lang='lat'>6</span> <span class='ocrx_word' id='word_1_507' title='bbox 1175 3421 1377 3481; x_wconf 90' lang='grc' dir='ltr'>σκολιός</span> <span class='ocrx_word' id='word_1_508' title='bbox 1432 3426 1741 3493; x_wconf 87' lang='grc' dir='ltr'>μηχανώμε-</span> 
     </span>
    </p>
   </div>
   <div class='ocr_carea' id='block_1_72' title="bbox 1853 3413 3504 3503">
    <p class='ocr_par' dir='ltr' id='par_1_72' title="bbox 1855 3413 3504 3488">
     <span class='ocr_line' id='line_1_72' title="bbox 1855 3413 3504 3488; baseline -0.001 -18"><span class='ocrx_word' id='word_1_509' title='bbox 1855 3415 2169 3487; x_wconf 89' lang='lat' dir='ltr'>improbus</span> <span class='ocrx_word' id='word_1_510' title='bbox 2191 3416 2706 3488; x_wconf 72' lang='lat' dir='ltr'>venarieam,quae</span> <span class='ocrx_word' id='word_1_511' title='bbox 2730 3416 2788 3470; x_wconf 93' lang='lat' dir='ltr'>in</span> <span class='ocrx_word' id='word_1_512' title='bbox 2818 3413 3049 3469; x_wconf 89' lang='lat' dir='ltr'>Christo</span> <span class='ocrx_word' id='word_1_513' title='bbox 3090 3413 3340 3469; x_wconf 88' lang='lat' dir='ltr'>fundata</span> <span class='ocrx_word' id='word_1_514' title='bbox 3380 3419 3504 3470; x_wconf 88' lang='lat' dir='ltr'>erat</span> 
     </span>
    </p>
   </div>
   <div class='ocr_carea' id='block_1_73' title="bbox 143 3504 2687 3580">
    <p class='ocr_par' dir='ltr' id='par_1_73' title="bbox 143 3504 2687 3580">
     <span class='ocr_line' id='line_1_73' title="bbox 143 3504 2687 3580; baseline -0.004 -11"><span class='ocrx_word' id='word_1_515' title='bbox 143 3538 248 3580; x_wconf 87' lang='grc' dir='ltr'>νος.</span> <span class='ocrx_word' id='word_1_516' title='bbox 1856 3509 2199 3560; x_wconf 86' lang='lat' dir='ltr'>sanctorum</span> <span class='ocrx_word' id='word_1_517' title='bbox 2227 3504 2687 3576; x_wconf 89' lang='lat' dir='ltr'>simplicitatem.</span> 
     </span>
    </p>
   </div>
   <div class='ocr_carea' id='block_1_74' title="bbox 218 3590 1741 3672">
    <p class='ocr_par' dir='ltr' id='par_1_74' title="bbox 218 3596 1741 3672">
     <span class='ocr_line' id='line_1_74' title="bbox 218 3596 1741 3672; baseline -0.007 -12"><span class='ocrx_word' id='word_1_518' title='bbox 218 3606 297 3662; x_wconf 84' lang='lat' dir='ltr'>H&#39;.</span> <span class='ocrx_word' id='word_1_519' title='bbox 329 3607 468 3660; x_wconf 83' lang='grc' dir='ltr'>Ἐπεὶ</span> <span class='ocrx_word' id='word_1_520' title='bbox 519 3603 577 3658; x_wconf 57' lang='grc' dir='ltr'>δι</span> <span class='ocrx_word' id='word_1_521' title='bbox 623 3609 713 3657; x_wconf 82' lang='grc' dir='ltr'>καὶ</span> <span class='ocrx_word' id='word_1_522' title='bbox 752 3604 885 3656; x_wconf 78' lang='grc' dir='ltr'>οὕτω</span> <span class='ocrx_word' id='word_1_523' title='bbox 922 3606 1195 3672; x_wconf 85' lang='grc' dir='ltr'>νικώμενος</span> <span class='ocrx_word' id='word_1_524' title='bbox 1244 3596 1306 3658; x_wconf 75' lang='grc' dir='ltr'>ἦν</span> <span class='ocrx_word' id='word_1_525' title='bbox 1356 3603 1444 3651; x_wconf 81' lang='grc' dir='ltr'>καὶ</span> <span class='ocrx_word' id='word_1_526' title='bbox 1492 3596 1615 3652; x_wconf 77' lang='grc' dir='ltr'>ούδε</span> <span class='ocrx_word' id='word_1_527' title='bbox 1664 3620 1741 3670; x_wconf 90' lang='grc' dir='ltr'>μι-</span> 
     </span>
    </p>
   </div>
   <div class='ocr_carea' id='block_1_75' title="bbox 1853 3590 3501 3672">
    <p class='ocr_par' dir='ltr' id='par_1_75' title="bbox 1929 3590 3501 3663">
     <span class='ocr_line' id='line_1_75' title="bbox 1929 3590 3501 3663; baseline 0 -17"><span class='ocrx_word' id='word_1_528' title='bbox 1929 3593 2067 3647; x_wconf 89' lang='lat' dir='ltr'>VIII.</span> <span class='ocrx_word' id='word_1_529' title='bbox 2100 3593 2243 3647; x_wconf 90' lang='lat' dir='ltr'>Cum</span> <span class='ocrx_word' id='word_1_530' title='bbox 2271 3598 2470 3647; x_wconf 89' lang='lat' dir='ltr'>autem</span> <span class='ocrx_word' id='word_1_531' title='bbox 2492 3593 2577 3647; x_wconf 91' lang='lat' dir='ltr'>sic</span> <span class='ocrx_word' id='word_1_532' title='bbox 2598 3606 2840 3663; x_wconf 90' lang='lat' dir='ltr'>quoque</span> <span class='ocrx_word' id='word_1_533' title='bbox 2863 3590 3211 3654; x_wconf 89' lang='lat' dir='ltr'>vinceretur,</span> <span class='ocrx_word' id='word_1_534' title='bbox 3236 3593 3291 3644; x_wconf 91' lang='lat' dir='ltr'>et</span> <span class='ocrx_word' id='word_1_535' title='bbox 3315 3604 3388 3645; x_wconf 89' lang='lat' dir='ltr'>ne</span> <span class='ocrx_word' id='word_1_536' title='bbox 3400 3605 3501 3662; x_wconf 88' lang='lat' dir='ltr'>pa-</span> 
     </span>
    </p>
   </div>
   <div class='ocr_carea' id='block_1_76' title="bbox 143 3678 1741 3770">
    <p class='ocr_par' dir='ltr' id='par_1_76' title="bbox 143 3686 1741 3770">
     <span class='ocr_line' id='line_1_76' title="bbox 143 3686 1741 3770; baseline -0.006 -21"><span class='ocrx_word' id='word_1_537' title='bbox 143 3700 267 3770; x_wconf 89' lang='grc' dir='ltr'>κρόν</span> <span class='ocrx_word' id='word_1_538' title='bbox 331 3692 708 3755; x_wconf 83' lang='grc' dir='ltr'>ὑπενδιδόντας</span> <span class='ocrx_word' id='word_1_539' title='bbox 751 3693 885 3767; x_wconf 74' lang='grc' dir='ltr'>ἑώρα</span> <span class='ocrx_word' id='word_1_540' title='bbox 932 3694 1049 3751; x_wconf 80' lang='grc' dir='ltr'>τοὺς</span> <span class='ocrx_word' id='word_1_541' title='bbox 1095 3691 1382 3763; x_wconf 85' lang='grc' dir='ltr'>μάρτυρας,</span> <span class='ocrx_word' id='word_1_542' title='bbox 1414 3686 1519 3739; x_wconf 86' lang='grc' dir='ltr'>ἀλλ’</span> <span class='ocrx_word' id='word_1_543' title='bbox 1571 3690 1741 3761; x_wconf 83' lang='grc' dir='ltr'>ὥσπερ</span> 
     </span>
    </p>
   </div>
   <div class='ocr_carea' id='block_1_77' title="bbox 1853 3678 3501 3770">
    <p class='ocr_par' dir='ltr' id='par_1_77' title="bbox 1856 3678 3501 3754">
     <span class='ocr_line' id='line_1_77' title="bbox 1856 3678 3501 3754; baseline -0.001 -18"><span class='ocrx_word' id='word_1_544' title='bbox 1856 3697 1988 3737; x_wconf 89' lang='lat' dir='ltr'>rum</span> <span class='ocrx_word' id='word_1_545' title='bbox 2000 3681 2243 3754; x_wconf 92' lang='lat' dir='ltr'>quidem</span> <span class='ocrx_word' id='word_1_546' title='bbox 2258 3681 2533 3736; x_wconf 89' lang='lat' dir='ltr'>cedentes</span> <span class='ocrx_word' id='word_1_547' title='bbox 2550 3680 2771 3735; x_wconf 90' lang='lat' dir='ltr'>videret</span> <span class='ocrx_word' id='word_1_548' title='bbox 2789 3683 3074 3749; x_wconf 83' lang='lat' dir='ltr'>martyres</span> <span class='ocrx_word' id='word_1_549' title='bbox 3091 3678 3193 3733; x_wconf 91' lang='lat' dir='ltr'>sed</span> <span class='ocrx_word' id='word_1_550' title='bbox 3210 3683 3501 3751; x_wconf 88' lang='lat' dir='ltr'>tanquam</span> 
     </span>
    </p>
   </div>
   <div class='ocr_carea' id='block_1_78' title="bbox 146 3765 1741 3854">
    <p class='ocr_par' dir='ltr' id='par_1_78' title="bbox 146 3765 1741 3854">
     <span class='ocr_line' id='line_1_78' title="bbox 146 3765 1741 3854; baseline -0.006 -18"><span class='ocrx_word' id='word_1_551' title='bbox 146 3765 227 3847; x_wconf 74' lang='grc' dir='ltr'>τις</span> <span class='ocrx_word' id='word_1_552' title='bbox 295 3782 505 3846; x_wconf 79' lang='grc' dir='ltr'>ἀλώπηξ</span> <span class='ocrx_word' id='word_1_553' title='bbox 557 3781 711 3854; x_wconf 72' lang='grc' dir='ltr'>ἐφάνη</span> <span class='ocrx_word' id='word_1_554' title='bbox 765 3765 1135 3851; x_wconf 76' lang='grc' dir='ltr'>διαμαχομένη</span> <span class='ocrx_word' id='word_1_555' title='bbox 1181 3780 1310 3850; x_wconf 90' lang='grc' dir='ltr'>πρὸς</span> <span class='ocrx_word' id='word_1_556' title='bbox 1352 3777 1576 3841; x_wconf 87' lang='grc' dir='ltr'>λέοντας,</span> <span class='ocrx_word' id='word_1_557' title='bbox 1622 3774 1741 3827; x_wconf 90' lang='grc' dir='ltr'>ἀπο-</span> 
     </span>
    </p>
   </div>
   <div class='ocr_carea' id='block_1_79' title="bbox 1853 3765 3503 3854">
    <p class='ocr_par' dir='ltr' id='par_1_79' title="bbox 1857 3765 3503 3841">
     <span class='ocr_line' id='line_1_79' title="bbox 1857 3765 3503 3841; baseline -0.001 -18"><span class='ocrx_word' id='word_1_558' title='bbox 1857 3770 2063 3841; x_wconf 89' lang='lat' dir='ltr'>vulpes</span> <span class='ocrx_word' id='word_1_559' title='bbox 2093 3770 2374 3841; x_wconf 67' lang='lat' dir='ltr'>quaedam</span> <span class='ocrx_word' id='word_1_560' title='bbox 2397 3769 2554 3823; x_wconf 86' lang='lat' dir='ltr'>visus</span> <span class='ocrx_word' id='word_1_561' title='bbox 2582 3774 2671 3823; x_wconf 90' lang='lat' dir='ltr'>est</span> <span class='ocrx_word' id='word_1_562' title='bbox 2696 3782 2966 3839; x_wconf 89' lang='lat' dir='ltr'>pugnare</span> <span class='ocrx_word' id='word_1_563' title='bbox 3015 3770 3218 3821; x_wconf 92' lang='lat' dir='ltr'>contra</span> <span class='ocrx_word' id='word_1_564' title='bbox 3276 3765 3503 3832; x_wconf 90' lang='lat' dir='ltr'>leones,</span> 
     </span>
    </p>
   </div>
   <div class='ocr_carea' id='block_1_80' title="bbox 148 3854 1741 3948">
    <p class='ocr_par' dir='ltr' id='par_1_80' title="bbox 148 3864 1741 3948">
     <span class='ocr_line' id='line_1_80' title="bbox 148 3864 1741 3948; baseline -0.006 -24"><span class='ocrx_word' id='word_1_565' title='bbox 148 3881 252 3948; x_wconf 90' lang='grc' dir='ltr'>ρῶν</span> <span class='ocrx_word' id='word_1_566' title='bbox 293 3880 404 3933; x_wconf 90' lang='grc' dir='ltr'>τοῖς</span> <span class='ocrx_word' id='word_1_567' title='bbox 446 3870 598 3932; x_wconf 84' lang='grc' dir='ltr'>ὅλοις,</span> <span class='ocrx_word' id='word_1_568' title='bbox 659 3871 946 3941; x_wconf 84' lang='grc' dir='ltr'>ὑπέρχεται</span> <span class='ocrx_word' id='word_1_569' title='bbox 992 3871 1182 3937; x_wconf 84' lang='grc' dir='ltr'>τέχνην</span> <span class='ocrx_word' id='word_1_570' title='bbox 1235 3864 1427 3938; x_wconf 74' lang='grc' dir='ltr'>ἑτέραν,</span> <span class='ocrx_word' id='word_1_571' title='bbox 1478 3869 1567 3916; x_wconf 84' lang='grc' dir='ltr'>καὶ</span> <span class='ocrx_word' id='word_1_572' title='bbox 1615 3866 1741 3937; x_wconf 82' lang='grc' dir='ltr'>Κάρ-</span> 
     </span>
    </p>
   </div>
   <div class='ocr_carea' id='block_1_81' title="bbox 1853 3854 3503 3948">
    <p class='ocr_par' dir='ltr' id='par_1_81' title="bbox 1855 3854 3503 3930">
     <span class='ocr_line' id='line_1_81' title="bbox 1855 3854 3503 3930; baseline -0.002 -17"><span class='ocrx_word' id='word_1_573' title='bbox 1855 3859 2041 3914; x_wconf 90' lang='lat' dir='ltr'>animi</span> <span class='ocrx_word' id='word_1_574' title='bbox 2071 3858 2247 3930; x_wconf 90' lang='lat' dir='ltr'>plane</span> <span class='ocrx_word' id='word_1_575' title='bbox 2286 3857 2507 3912; x_wconf 91' lang='lat' dir='ltr'>dubius</span> <span class='ocrx_word' id='word_1_576' title='bbox 2534 3861 2591 3910; x_wconf 90' lang='lat' dir='ltr'>et</span> <span class='ocrx_word' id='word_1_577' title='bbox 2622 3855 2953 3927; x_wconf 84' lang='lat' dir='ltr'>perplexus,</span> <span class='ocrx_word' id='word_1_578' title='bbox 2992 3854 3101 3910; x_wconf 88' lang='lat' dir='ltr'>alia</span> <span class='ocrx_word' id='word_1_579' title='bbox 3128 3859 3251 3909; x_wconf 88' lang='lat' dir='ltr'>arte</span> <span class='ocrx_word' id='word_1_580' title='bbox 3273 3870 3374 3909; x_wconf 90' lang='lat' dir='ltr'>eos</span> <span class='ocrx_word' id='word_1_581' title='bbox 3407 3871 3503 3910; x_wconf 32' lang='lat' dir='ltr'>sus</span> 
     </span>
    </p>
   </div>
   <div class='ocr_carea' id='block_1_82' title="bbox 148 3942 1741 4033">
    <p class='ocr_par' dir='ltr' id='par_1_82' title="bbox 148 3956 1741 4033">
     <span class='ocr_line' id='line_1_82' title="bbox 148 3956 1741 4033; baseline -0.007 -19"><span class='ocrx_word' id='word_1_582' title='bbox 148 3981 242 4014; x_wconf 90' lang='grc' dir='ltr'>πον</span> <span class='ocrx_word' id='word_1_583' title='bbox 301 3964 389 4033; x_wconf 71' lang='grc' dir='ltr'>μεν</span> <span class='ocrx_word' id='word_1_584' title='bbox 447 3965 535 4013; x_wconf 85' lang='grc' dir='ltr'>καὶ</span> <span class='ocrx_word' id='word_1_585' title='bbox 585 3958 824 4012; x_wconf 87' lang='grc' dir='ltr'>Πάπυλον</span> <span class='ocrx_word' id='word_1_586' title='bbox 879 3956 1238 4027; x_wconf 80' lang='grc' dir='ltr'>ἀποπέμπεται</span> <span class='ocrx_word' id='word_1_587' title='bbox 1291 3957 1411 4015; x_wconf 86' lang='grc' dir='ltr'>τοὺς</span> <span class='ocrx_word' id='word_1_588' title='bbox 1461 3958 1741 4023; x_wconf 84' lang='grc' dir='ltr'>γενναίους,</span> 
     </span>
    </p>
   </div>
   <div class='ocr_carea' id='block_1_83' title="bbox 1853 3942 3502 4033">
    <p class='ocr_par' dir='ltr' id='par_1_83' title="bbox 1856 3942 3502 4018">
     <span class='ocr_line' id='line_1_83' title="bbox 1856 3942 3502 4018; baseline -0.003 -16"><span class='ocrx_word' id='word_1_589' title='bbox 1856 3961 2061 4018; x_wconf 89' lang='lat' dir='ltr'>perare</span> <span class='ocrx_word' id='word_1_590' title='bbox 2084 3945 2427 4016; x_wconf 89' lang='lat' dir='ltr'>aggreditur</span> <span class='ocrx_word' id='word_1_591' title='bbox 2455 3961 2468 4011; x_wconf 90' lang='lat'><strong>;</strong></span> <span class='ocrx_word' id='word_1_592' title='bbox 2494 3950 2550 3999; x_wconf 91' lang='lat' dir='ltr'>et</span> <span class='ocrx_word' id='word_1_593' title='bbox 2576 3945 2827 4014; x_wconf 88' lang='lat' dir='ltr'>Carpum</span> <span class='ocrx_word' id='word_1_594' title='bbox 2854 3942 3092 4014; x_wconf 89' lang='lat' dir='ltr'>quidem</span> <span class='ocrx_word' id='word_1_595' title='bbox 3133 3947 3191 3998; x_wconf 92' lang='lat' dir='ltr'>et</span> <span class='ocrx_word' id='word_1_596' title='bbox 3214 3942 3502 4014; x_wconf 88' lang='lat' dir='ltr'>Papylum</span> 
     </span>
    </p>
   </div>
   <div class='ocr_carea' id='block_1_84' title="bbox 148 4030 1741 4122">
    <p class='ocr_par' dir='ltr' id='par_1_84' title="bbox 148 4030 1741 4122">
     <span class='ocr_line' id='line_1_84' title="bbox 148 4030 1741 4122; baseline -0.007 -20"><span class='ocrx_word' id='word_1_597' title='bbox 148 4030 388 4122; x_wconf 74' lang='grc' dir='ltr'>ἀσφαλῶς</span> <span class='ocrx_word' id='word_1_598' title='bbox 433 4049 709 4119; x_wconf 86' lang='grc' dir='ltr'>τηρεῖσθαι</span> <span class='ocrx_word' id='word_1_599' title='bbox 783 4045 1050 4105; x_wconf 83' lang='grc' dir='ltr'>κελεύσας.</span> <span class='ocrx_word' id='word_1_600' title='bbox 1133 4046 1230 4095; x_wconf 91' lang='grc' dir='ltr'>Τόν</span> <span class='ocrx_word' id='word_1_601' title='bbox 1308 4038 1366 4094; x_wconf 77' lang='grc' dir='ltr'>δε</span> <span class='ocrx_word' id='word_1_602' title='bbox 1442 4043 1741 4113; x_wconf 80' lang='grc' dir='ltr'>θαυμαστόν</span> 
     </span>
    </p>
   </div>
   <div class='ocr_carea' id='block_1_85' title="bbox 1853 4030 3504 4122">
    <p class='ocr_par' dir='ltr' id='par_1_85' title="bbox 1853 4030 3504 4106">
     <span class='ocr_line' id='line_1_85' title="bbox 1853 4030 3504 4106; baseline -0.003 -15"><span class='ocrx_word' id='word_1_603' title='bbox 1853 4036 2012 4091; x_wconf 90' lang='lat' dir='ltr'>viros</span> <span class='ocrx_word' id='word_1_604' title='bbox 2042 4034 2218 4091; x_wconf 84' lang='lat' dir='ltr'>fortes</span> <span class='ocrx_word' id='word_1_605' title='bbox 2266 4050 2335 4089; x_wconf 91' lang='lat' dir='ltr'>ac</span> <span class='ocrx_word' id='word_1_606' title='bbox 2364 4034 2683 4106; x_wconf 67' lang='lat' dir='ltr'>praeclaros</span> <span class='ocrx_word' id='word_1_607' title='bbox 2716 4030 2977 4096; x_wconf 91' lang='lat' dir='ltr'>dimittit,</span> <span class='ocrx_word' id='word_1_608' title='bbox 2998 4032 3216 4101; x_wconf 93' lang='lat' dir='ltr'>jubens</span> <span class='ocrx_word' id='word_1_609' title='bbox 3247 4046 3348 4086; x_wconf 92' lang='lat' dir='ltr'>eos</span> <span class='ocrx_word' id='word_1_610' title='bbox 3380 4035 3504 4086; x_wconf 92' lang='lat' dir='ltr'>tuto</span> 
     </span>
    </p>
   </div>
   <div class='ocr_carea' id='block_1_86' title="bbox 144 4118 1741 4211">
    <p class='ocr_par' dir='ltr' id='par_1_86' title="bbox 144 4118 1741 4211">
     <span class='ocr_line' id='line_1_86' title="bbox 144 4118 1741 4211; baseline -0.007 -19"><span class='ocrx_word' id='word_1_611' title='bbox 144 4118 533 4211; x_wconf 82' lang='grc' dir='ltr'>Ἀγαθόδωρον,</span> <span class='ocrx_word' id='word_1_612' title='bbox 568 4138 623 4198; x_wconf 87' lang='grc' dir='ltr'>ὃς</span> <span class='ocrx_word' id='word_1_613' title='bbox 663 4144 772 4197; x_wconf 85' lang='grc' dir='ltr'>τοῖς</span> <span class='ocrx_word' id='word_1_614' title='bbox 814 4137 1043 4207; x_wconf 89' lang='grc' dir='ltr'>μάρτυσι</span> <span class='ocrx_word' id='word_1_615' title='bbox 1090 4129 1378 4190; x_wconf 89' lang='grc' dir='ltr'>διηκονεῖτο</span> <span class='ocrx_word' id='word_1_616' title='bbox 1417 4136 1506 4183; x_wconf 85' lang='grc' dir='ltr'>καὶ</span> <span class='ocrx_word' id='word_1_617' title='bbox 1540 4134 1605 4182; x_wconf 88' lang='grc' dir='ltr'>τά</span> <span class='ocrx_word' id='word_1_618' title='bbox 1646 4140 1741 4182; x_wconf 89' lang='grc' dir='ltr'>τῶν</span> 
     </span>
    </p>
   </div>
   <div class='ocr_carea' id='block_1_87' title="bbox 1853 4118 3509 4211">
    <p class='ocr_par' dir='ltr' id='par_1_87' title="bbox 1855 4118 3509 4190">
     <span class='ocr_line' id='line_1_87' title="bbox 1855 4118 3509 4190; baseline -0.004 -11"><span class='ocrx_word' id='word_1_619' title='bbox 1855 4124 2110 4179; x_wconf 88' lang='lat' dir='ltr'>servari:</span> <span class='ocrx_word' id='word_1_620' title='bbox 2136 4122 2536 4177; x_wconf 89' lang='lat' dir='ltr'>admirabilem</span> <span class='ocrx_word' id='word_1_621' title='bbox 2559 4126 2757 4177; x_wconf 90' lang='lat' dir='ltr'>autem</span> <span class='ocrx_word' id='word_1_622' title='bbox 2778 4120 3257 4189; x_wconf 85' lang='lat' dir='ltr'>Agatbodorum,</span> <span class='ocrx_word' id='word_1_623' title='bbox 3281 4118 3385 4190; x_wconf 90' lang='lat' dir='ltr'>qui</span> <span class='ocrx_word' id='word_1_624' title='bbox 3404 4118 3509 4173; x_wconf 91' lang='lat' dir='ltr'>mi-</span> 
     </span>
    </p>
   </div>
   <div class='ocr_carea' id='block_1_88' title="bbox 142 4207 1741 4300">
    <p class='ocr_par' dir='ltr' id='par_1_88' title="bbox 142 4216 1741 4300">
     <span class='ocr_line' id='line_1_88' title="bbox 142 4216 1741 4300; baseline -0.009 -17"><span class='ocrx_word' id='word_1_625' title='bbox 142 4229 353 4283; x_wconf 80' lang='grc' dir='ltr'>οἰκετῶν</span> <span class='ocrx_word' id='word_1_626' title='bbox 396 4230 609 4300; x_wconf 80' lang='grc' dir='ltr'>ἔπραττε</span> <span class='ocrx_word' id='word_1_627' title='bbox 657 4226 880 4299; x_wconf 89' lang='grc' dir='ltr'>(μάρτυς</span> <span class='ocrx_word' id='word_1_628' title='bbox 926 4228 1015 4275; x_wconf 81' lang='grc' dir='ltr'>καὶ</span> <span class='ocrx_word' id='word_1_629' title='bbox 1064 4222 1216 4281; x_wconf 69' lang='grc' dir='ltr'>αὐτὸς</span> <span class='ocrx_word' id='word_1_630' title='bbox 1258 4216 1365 4279; x_wconf 80' lang='grc' dir='ltr'>ἤδη</span> <span class='ocrx_word' id='word_1_631' title='bbox 1415 4220 1602 4280; x_wconf 88' lang='grc' dir='ltr'>τέλειος</span> <span class='ocrx_word' id='word_1_632' title='bbox 1655 4220 1741 4283; x_wconf 83' lang='grc' dir='ltr'>ὢν,</span> 
     </span>
    </p>
   </div>
   <div class='ocr_carea' id='block_1_89' title="bbox 1853 4207 3505 4300">
    <p class='ocr_par' dir='ltr' id='par_1_89' title="bbox 1854 4207 3505 4280">
     <span class='ocr_line' id='line_1_89' title="bbox 1854 4207 3505 4280; baseline -0.002 -14"><span class='ocrx_word' id='word_1_633' title='bbox 1854 4210 2147 4267; x_wconf 88' lang='lat' dir='ltr'>nistrabat</span> <span class='ocrx_word' id='word_1_634' title='bbox 2175 4211 2555 4280; x_wconf 86' lang='lat' dir='ltr'>martyribus,</span> <span class='ocrx_word' id='word_1_635' title='bbox 2577 4208 3005 4264; x_wconf 89' lang='lat' dir='ltr'>etfamulorum</span> <span class='ocrx_word' id='word_1_636' title='bbox 3023 4222 3267 4262; x_wconf 91' lang='lat' dir='ltr'>munere</span> <span class='ocrx_word' id='word_1_637' title='bbox 3298 4207 3505 4277; x_wconf 86' lang='lat' dir='ltr'>funge-</span> 
     </span>
    </p>
   </div>
   <div class='ocr_carea' id='block_1_90' title="bbox 140 4294 1741 4391">
    <p class='ocr_par' dir='ltr' id='par_1_90' title="bbox 140 4308 1741 4391">
     <span class='ocr_line' id='line_1_90' title="bbox 140 4308 1741 4391; baseline -0.009 -20"><span class='ocrx_word' id='word_1_638' title='bbox 140 4323 235 4371; x_wconf 83' lang='grc' dir='ltr'>καὶ</span> <span class='ocrx_word' id='word_1_639' title='bbox 292 4325 365 4389; x_wconf 85' lang='grc' dir='ltr'>τῷ</span> <span class='ocrx_word' id='word_1_640' title='bbox 430 4320 548 4391; x_wconf 82' lang='grc' dir='ltr'>περὶ</span> <span class='ocrx_word' id='word_1_641' title='bbox 624 4314 809 4374; x_wconf 81' lang='grc' dir='ltr'>αὐτοὺς</span> <span class='ocrx_word' id='word_1_642' title='bbox 882 4312 1074 4385; x_wconf 67' lang='grc' dir='ltr'>φίλτρῳ</span> <span class='ocrx_word' id='word_1_643' title='bbox 1124 4318 1221 4362; x_wconf 87' lang='grc' dir='ltr'>τῶν</span> <span class='ocrx_word' id='word_1_644' title='bbox 1292 4309 1459 4360; x_wconf 72' lang='grc' dir='ltr'>αὐτῶν</span> <span class='ocrx_word' id='word_1_645' title='bbox 1534 4308 1741 4367; x_wconf 78' lang='grc' dir='ltr'>ἐκείνοις</span> 
     </span>
    </p>
   </div>
   <div class='ocr_carea' id='block_1_91' title="bbox 1853 4294 3499 4391">
    <p class='ocr_par' dir='ltr' id='par_1_91' title="bbox 1856 4294 3499 4370">
     <span class='ocr_line' id='line_1_91' title="bbox 1856 4294 3499 4370; baseline -0.002 -16"><span class='ocrx_word' id='word_1_646' title='bbox 1856 4300 2031 4355; x_wconf 88' lang='lat' dir='ltr'>batur</span> <span class='ocrx_word' id='word_1_647' title='bbox 2058 4298 2181 4370; x_wconf 92' lang='lat' dir='ltr'>(qui</span> <span class='ocrx_word' id='word_1_648' title='bbox 2205 4298 2335 4368; x_wconf 90' lang='lat' dir='ltr'>ipse</span> <span class='ocrx_word' id='word_1_649' title='bbox 2361 4312 2600 4368; x_wconf 86' lang='lat' dir='ltr'>quoque</span> <span class='ocrx_word' id='word_1_650' title='bbox 2624 4297 2748 4366; x_wconf 90' lang='lat' dir='ltr'>jam</span> <span class='ocrx_word' id='word_1_651' title='bbox 2779 4300 2902 4350; x_wconf 85' lang='lat' dir='ltr'>erat</span> <span class='ocrx_word' id='word_1_652' title='bbox 2935 4294 3230 4366; x_wconf 86' lang='lat' dir='ltr'>perfectus</span> <span class='ocrx_word' id='word_1_653' title='bbox 3258 4299 3499 4367; x_wconf 87' lang='lat' dir='ltr'>martyr,</span> 
     </span>
    </p>
   </div>
   <div class='ocr_carea' id='block_1_92' title="bbox 141 4372 1741 4480">
    <p class='ocr_par' dir='ltr' id='par_1_92' title="bbox 141 4372 1741 4475">
     <span class='ocr_line' id='line_1_92' title="bbox 336 4372 1056 4391; baseline -0.01 -2"><span class='ocrx_word' id='word_1_654' title='bbox 336 4372 345 4389; x_wconf 84' lang='lat'><strong><em>.</em></strong></span> <span class='ocrx_word' id='word_1_655' title='bbox 494 4372 503 4391; x_wconf 86' lang='lat'><em>.</em></span> <span class='ocrx_word' id='word_1_656' title='bbox 796 4372 805 4374; x_wconf 56' lang='grc' dir='ltr'><strong>τ</strong></span> <span class='ocrx_word' id='word_1_657' title='bbox 890 4372 899 4384; x_wconf 96' lang='grc'><em>.</em></span> <span class='ocrx_word' id='word_1_658' title='bbox 1004 4372 1056 4385; x_wconf 92' lang='grc'>..</span> 
     </span>
     <span class='ocr_line' id='line_1_93' title="bbox 141 4394 1741 4475; baseline -0.01 -15"><span class='ocrx_word' id='word_1_659' title='bbox 141 4408 400 4461; x_wconf 69' lang='grc' dir='ltr'>ἐκοινώνει</span> <span class='ocrx_word' id='word_1_660' title='bbox 450 4403 753 4475; x_wconf 88' lang='grc' dir='ltr'>κολάσεων),</span> <span class='ocrx_word' id='word_1_661' title='bbox 819 4409 998 4453; x_wconf 83' lang='grc' dir='ltr'>τοῦτον</span> <span class='ocrx_word' id='word_1_662' title='bbox 1061 4398 1291 4450; x_wconf 71' lang='grc' dir='ltr'>ἐκέλευσε</span> <span class='ocrx_word' id='word_1_663' title='bbox 1345 4398 1564 4448; x_wconf 90' lang='grc' dir='ltr'>ταθέντα</span> <span class='ocrx_word' id='word_1_664' title='bbox 1621 4394 1741 4467; x_wconf 80' lang='grc' dir='ltr'>βοῦ-</span> 
     </span>
    </p>
   </div>
   <div class='ocr_carea' id='block_1_93' title="bbox 1853 4372 3504 4480">
    <p class='ocr_par' dir='ltr' id='par_1_93' title="bbox 1857 4384 3504 4456">
     <span class='ocr_line' id='line_1_94' title="bbox 1857 4384 3504 4456; baseline -0.003 -12"><span class='ocrx_word' id='word_1_665' title='bbox 1857 4395 1913 4445; x_wconf 92' lang='lat' dir='ltr'>et</span> <span class='ocrx_word' id='word_1_666' title='bbox 1944 4405 2053 4444; x_wconf 90' lang='lat' dir='ltr'>suo</span> <span class='ocrx_word' id='word_1_667' title='bbox 2081 4389 2141 4443; x_wconf 89' lang='lat' dir='ltr'>in</span> <span class='ocrx_word' id='word_1_668' title='bbox 2166 4404 2270 4444; x_wconf 91' lang='lat' dir='ltr'>eos</span> <span class='ocrx_word' id='word_1_669' title='bbox 2298 4403 2499 4443; x_wconf 91' lang='lat' dir='ltr'>amore</span> <span class='ocrx_word' id='word_1_670' title='bbox 2528 4391 2654 4442; x_wconf 87' lang='lat' dir='ltr'>erat</span> <span class='ocrx_word' id='word_1_671' title='bbox 2683 4386 2879 4441; x_wconf 92' lang='lat' dir='ltr'>socius</span> <span class='ocrx_word' id='word_1_672' title='bbox 2907 4384 3259 4440; x_wconf 82' lang='lat' dir='ltr'>earumdem</span> <span class='ocrx_word' id='word_1_673' title='bbox 3279 4384 3504 4456; x_wconf 88' lang='lat' dir='ltr'>suppli-</span> 
     </span>
    </p>
   </div>
   <div class='ocr_carea' id='block_1_94' title="bbox 138 4472 1741 4571">
    <p class='ocr_par' dir='ltr' id='par_1_94' title="bbox 138 4472 1741 4571">
     <span class='ocr_line' id='line_1_95' title="bbox 138 4472 1741 4571; baseline -0.011 -22"><span class='ocrx_word' id='word_1_674' title='bbox 138 4500 339 4571; x_wconf 81' lang='grc' dir='ltr'>νεύροις</span> <span class='ocrx_word' id='word_1_675' title='bbox 398 4492 617 4553; x_wconf 79' lang='grc' dir='ltr'>ἀνηλεῶς</span> <span class='ocrx_word' id='word_1_676' title='bbox 671 4472 962 4543; x_wconf 87' lang='grc' dir='ltr'>τύπτεσθαι</span> <span class='ocrx_word' id='word_1_677' title='bbox 1015 4507 1027 4519; x_wconf 88' lang='grc'><strong>·</strong></span> <span class='ocrx_word' id='word_1_678' title='bbox 1097 4486 1208 4557; x_wconf 82' lang='grc' dir='ltr'>ἅμα</span> <span class='ocrx_word' id='word_1_679' title='bbox 1264 4488 1353 4556; x_wconf 74' lang='grc' dir='ltr'>μὲν</span> <span class='ocrx_word' id='word_1_680' title='bbox 1402 4484 1577 4535; x_wconf 87' lang='grc' dir='ltr'>λυπεῖν</span> <span class='ocrx_word' id='word_1_681' title='bbox 1625 4485 1741 4543; x_wconf 84' lang='grc' dir='ltr'>τοὺς</span> 
     </span>
    </p>
   </div>
   <div class='ocr_carea' id='block_1_95' title="bbox 1853 4472 3502 4571">
    <p class='ocr_par' dir='ltr' id='par_1_95' title="bbox 1856 4472 3502 4548">
     <span class='ocr_line' id='line_1_96' title="bbox 1856 4472 3502 4548; baseline -0.004 -15"><span class='ocrx_word' id='word_1_682' title='bbox 1856 4478 2105 4537; x_wconf 76' lang='lat' dir='ltr'>ciorum)</span> <span class='ocrx_word' id='word_1_683' title='bbox 2140 4519 2155 4544; x_wconf 93' lang='lat'>,</span> <span class='ocrx_word' id='word_1_684' title='bbox 2189 4493 2346 4542; x_wconf 91' lang='lat' dir='ltr'>eum,</span> <span class='ocrx_word' id='word_1_685' title='bbox 2382 4476 2654 4548; x_wconf 90' lang='lat' dir='ltr'>inquam,</span> <span class='ocrx_word' id='word_1_686' title='bbox 2708 4474 2881 4544; x_wconf 90' lang='lat' dir='ltr'>jussit</span> <span class='ocrx_word' id='word_1_687' title='bbox 2934 4478 3267 4537; x_wconf 88' lang='lat' dir='ltr'>extensum,</span> <span class='ocrx_word' id='word_1_688' title='bbox 3315 4472 3502 4528; x_wconf 90' lang='lat' dir='ltr'>boum</span> 
     </span>
    </p>
   </div>
   <div class='ocr_carea' id='block_1_96' title="bbox 138 4561 1741 4656">
    <p class='ocr_par' dir='ltr' id='par_1_96' title="bbox 138 4571 1741 4656">
     <span class='ocr_line' id='line_1_97' title="bbox 138 4571 1741 4656; baseline -0.011 -17"><span class='ocrx_word' id='word_1_689' title='bbox 138 4587 332 4656; x_wconf 85' lang='grc' dir='ltr'>ἁγίους</span> <span class='ocrx_word' id='word_1_690' title='bbox 377 4580 470 4635; x_wconf 85' lang='grc' dir='ltr'>διὰ</span> <span class='ocrx_word' id='word_1_691' title='bbox 516 4589 612 4643; x_wconf 84' lang='grc' dir='ltr'>τῆς</span> <span class='ocrx_word' id='word_1_692' title='bbox 664 4582 793 4651; x_wconf 92' lang='grc' dir='ltr'>πρὸς</span> <span class='ocrx_word' id='word_1_693' title='bbox 841 4581 927 4629; x_wconf 90' lang='grc' dir='ltr'>τόν</span> <span class='ocrx_word' id='word_1_694' title='bbox 980 4578 1265 4647; x_wconf 83' lang='grc' dir='ltr'>όμόπιστον</span> <span class='ocrx_word' id='word_1_695' title='bbox 1319 4576 1585 4647; x_wconf 84' lang='grc' dir='ltr'>τιμωρίας,</span> <span class='ocrx_word' id='word_1_696' title='bbox 1638 4571 1741 4642; x_wconf 84' lang='grc' dir='ltr'>ἅμα</span> 
     </span>
    </p>
   </div>
   <div class='ocr_carea' id='block_1_97' title="bbox 1853 4561 3505 4656">
    <p class='ocr_par' dir='ltr' id='par_1_97' title="bbox 1853 4561 3505 4634">
     <span class='ocr_line' id='line_1_98' title="bbox 1853 4561 3505 4634; baseline -0.005 -10"><span class='ocrx_word' id='word_1_697' title='bbox 1853 4567 2050 4624; x_wconf 87' lang='lat' dir='ltr'>nervis</span> <span class='ocrx_word' id='word_1_698' title='bbox 2072 4563 2790 4629; x_wconf 72' lang='lat' dir='ltr'>caediimmisericorditer,</span> <span class='ocrx_word' id='word_1_699' title='bbox 2812 4562 2987 4617; x_wconf 87' lang='lat' dir='ltr'>simul</span> <span class='ocrx_word' id='word_1_700' title='bbox 3013 4561 3255 4634; x_wconf 90' lang='lat' dir='ltr'>quidem</span> <span class='ocrx_word' id='word_1_701' title='bbox 3269 4565 3505 4617; x_wconf 87' lang='lat' dir='ltr'>sanctos</span> 
     </span>
    </p>
   </div>
   <div class='ocr_carea' id='block_1_98' title="bbox 140 4650 1741 4744">
    <p class='ocr_par' dir='ltr' id='par_1_98' title="bbox 140 4650 1741 4744">
     <span class='ocr_line' id='line_1_99' title="bbox 140 4650 1741 4744; baseline -0.011 -16"><span class='ocrx_word' id='word_1_702' title='bbox 140 4650 209 4729; x_wconf 54' lang='grc' dir='ltr'>δὲ</span> <span class='ocrx_word' id='word_1_703' title='bbox 265 4678 355 4725; x_wconf 88' lang='grc' dir='ltr'>καὶ</span> <span class='ocrx_word' id='word_1_704' title='bbox 408 4669 578 4744; x_wconf 80' lang='grc' dir='ltr'>φοϐεῖν</span> <span class='ocrx_word' id='word_1_705' title='bbox 628 4650 956 4741; x_wconf 79' lang='grc' dir='ltr'>βουλόμενος.</span> <span class='ocrx_word' id='word_1_706' title='bbox 1006 4663 1319 4735; x_wconf 77' lang='grc' dir='ltr'>Ἥμιλλῶντο</span> <span class='ocrx_word' id='word_1_707' title='bbox 1375 4658 1461 4713; x_wconf 80' lang='grc' dir='ltr'>οὖν</span> <span class='ocrx_word' id='word_1_708' title='bbox 1516 4660 1741 4720; x_wconf 79' lang='grc' dir='ltr'>ἀλληλοις</span> 
     </span>
    </p>
   </div>
   <div class='ocr_carea' id='block_1_99' title="bbox 1853 4650 3506 4744">
    <p class='ocr_par' dir='ltr' id='par_1_99' title="bbox 1855 4650 3506 4725">
     <span class='ocr_line' id='line_1_100' title="bbox 1855 4650 3506 4725; baseline -0.005 -13"><span class='ocrx_word' id='word_1_709' title='bbox 1855 4655 2125 4712; x_wconf 89' lang='lat' dir='ltr'>molestia</span> <span class='ocrx_word' id='word_1_710' title='bbox 2155 4653 2388 4710; x_wconf 76' lang='lat' dir='ltr'>afﬁcere</span> <span class='ocrx_word' id='word_1_711' title='bbox 2428 4659 2663 4725; x_wconf 90' lang='lat' dir='ltr'>propter</span> <span class='ocrx_word' id='word_1_712' title='bbox 2693 4652 3022 4707; x_wconf 88' lang='lat' dir='ltr'>cruciatum</span> <span class='ocrx_word' id='word_1_713' title='bbox 3058 4652 3208 4720; x_wconf 89' lang='lat' dir='ltr'>ejus,</span> <span class='ocrx_word' id='word_1_714' title='bbox 3242 4650 3347 4721; x_wconf 90' lang='lat' dir='ltr'>qui</span> <span class='ocrx_word' id='word_1_715' title='bbox 3380 4654 3506 4705; x_wconf 90' lang='lat' dir='ltr'>erat</span> 
     </span>
    </p>
   </div>
   <div class='ocr_carea' id='block_1_100' title="bbox 140 4738 1741 4825">
    <p class='ocr_par' dir='ltr' id='par_1_100' title="bbox 140 4751 1741 4825">
     <span class='ocr_line' id='line_1_101' title="bbox 140 4751 1741 4825; baseline -0.011 -9"><span class='ocrx_word' id='word_1_716' title='bbox 140 4764 385 4825; x_wconf 80' lang='grc' dir='ltr'>ἑκάτεροι</span> <span class='ocrx_word' id='word_1_717' title='bbox 440 4762 465 4812; x_wconf 85' lang='grc' dir='ltr'><strong><em>ὃ</em></strong></span> <span class='ocrx_word' id='word_1_718' title='bbox 519 4778 572 4811; x_wconf 90' lang='grc' dir='ltr'>τε</span> <span class='ocrx_word' id='word_1_719' title='bbox 618 4756 851 4817; x_wconf 79' lang='grc' dir='ltr'>κολάζων</span> <span class='ocrx_word' id='word_1_720' title='bbox 909 4751 1171 4815; x_wconf 76' lang='grc' dir='ltr'>δικαστὴς</span> <span class='ocrx_word' id='word_1_721' title='bbox 1208 4756 1294 4804; x_wconf 66' lang='grc' dir='ltr'>καὶ</span> <span class='ocrx_word' id='word_1_722' title='bbox 1343 4752 1368 4802; x_wconf 90' lang='lat'>6</span> <span class='ocrx_word' id='word_1_723' title='bbox 1418 4752 1618 4825; x_wconf 84' lang='grc' dir='ltr'>μάρτυς</span> <span class='ocrx_word' id='word_1_724' title='bbox 1665 4767 1675 4780; x_wconf 90' lang='grc'>·</span> <span class='ocrx_word' id='word_1_725' title='bbox 1720 4751 1741 4800; x_wconf 86' lang='grc' dir='ltr'>ό</span> 
     </span>
    </p>
   </div>
   <div class='ocr_carea' id='block_1_101' title="bbox 1853 4738 3505 4825">
    <p class='ocr_par' dir='ltr' id='par_1_101' title="bbox 1854 4738 3505 4817">
     <span class='ocr_line' id='line_1_102' title="bbox 1854 4738 3505 4817; baseline -0.005 -17"><span class='ocrx_word' id='word_1_726' title='bbox 1854 4744 2123 4817; x_wconf 85' lang='lat' dir='ltr'>ejusdem</span> <span class='ocrx_word' id='word_1_727' title='bbox 2155 4743 2313 4807; x_wconf 87' lang='lat' dir='ltr'>ﬁdei,</span> <span class='ocrx_word' id='word_1_728' title='bbox 2356 4748 2411 4796; x_wconf 89' lang='lat' dir='ltr'>et</span> <span class='ocrx_word' id='word_1_729' title='bbox 2440 4740 2782 4796; x_wconf 87' lang='lat' dir='ltr'>terrefacere</span> <span class='ocrx_word' id='word_1_730' title='bbox 2825 4739 3045 4803; x_wconf 90' lang='lat' dir='ltr'>volens,</span> <span class='ocrx_word' id='word_1_731' title='bbox 3084 4738 3323 4808; x_wconf 89' lang='lat' dir='ltr'>Utrique</span> <span class='ocrx_word' id='word_1_732' title='bbox 3365 4752 3505 4805; x_wconf 89' lang='lat' dir='ltr'>ergo</span> 
     </span>
    </p>
   </div>
   <div class='ocr_carea' id='block_1_102' title="bbox 137 4816 1741 4921">
    <p class='ocr_par' dir='ltr' id='par_1_102' title="bbox 137 4816 1741 4921">
     <span class='ocr_line' id='line_1_103' title="bbox 137 4816 1741 4921; baseline -0.009 -16"><span class='ocrx_word' id='word_1_733' title='bbox 137 4816 412 4913; x_wconf 69' lang='grc' dir='ltr'>δικαστής</span> <span class='ocrx_word' id='word_1_734' title='bbox 451 4852 539 4921; x_wconf 72' lang='grc' dir='ltr'>μὶν</span> <span class='ocrx_word' id='word_1_735' title='bbox 574 4850 706 4900; x_wconf 84' lang='grc' dir='ltr'>ὥστε</span> <span class='ocrx_word' id='word_1_736' title='bbox 754 4854 823 4916; x_wconf 82' lang='grc' dir='ltr'>τῷ</span> <span class='ocrx_word' id='word_1_737' title='bbox 854 4845 1035 4902; x_wconf 75' lang='grc' dir='ltr'>πλήθει</span> <span class='ocrx_word' id='word_1_738' title='bbox 1066 4851 1164 4894; x_wconf 86' lang='grc' dir='ltr'>τῶν</span> <span class='ocrx_word' id='word_1_739' title='bbox 1206 4840 1415 4911; x_wconf 79' lang='grc' dir='ltr'>πληγῶν</span> <span class='ocrx_word' id='word_1_740' title='bbox 1454 4843 1539 4890; x_wconf 92' lang='grc' dir='ltr'>τόν</span> <span class='ocrx_word' id='word_1_741' title='bbox 1579 4834 1741 4913; x_wconf 79' lang='grc' dir='ltr'>ἄνδρα</span> 
     </span>
    </p>
   </div>
   <div class='ocr_carea' id='block_1_103' title="bbox 1853 4816 3506 4921">
    <p class='ocr_par' dir='ltr' id='par_1_103' title="bbox 1856 4816 3506 4898">
     <span class='ocr_line' id='line_1_104' title="bbox 1856 4816 3506 4898; baseline -0.005 -9"><span class='ocrx_word' id='word_1_742' title='bbox 1856 4816 2004 4889; x_wconf 88' lang='lat' dir='ltr'>inter</span> <span class='ocrx_word' id='word_1_743' title='bbox 2034 4848 2094 4887; x_wconf 92' lang='lat' dir='ltr'>se</span> <span class='ocrx_word' id='word_1_744' title='bbox 2120 4829 2581 4893; x_wconf 87' lang='lat' dir='ltr'>contendebant,</span> <span class='ocrx_word' id='word_1_745' title='bbox 2613 4843 2830 4898; x_wconf 90' lang='lat' dir='ltr'>nempe</span> <span class='ocrx_word' id='word_1_746' title='bbox 2870 4830 2927 4882; x_wconf 90' lang='lat' dir='ltr'>et</span> <span class='ocrx_word' id='word_1_747' title='bbox 2955 4826 3134 4897; x_wconf 85' lang='lat' dir='ltr'>judex</span> <span class='ocrx_word' id='word_1_748' title='bbox 3170 4826 3273 4897; x_wconf 89' lang='lat' dir='ltr'>qui</span> <span class='ocrx_word' id='word_1_749' title='bbox 3300 4825 3506 4897; x_wconf 88' lang='lat' dir='ltr'>punie-</span> 
     </span>
    </p>
   </div>
   <div class='ocr_carea' id='block_1_104' title="bbox 138 4912 1741 5011">
    <p class='ocr_par' dir='ltr' id='par_1_104' title="bbox 138 4912 1741 5011">
     <span class='ocr_line' id='line_1_105' title="bbox 138 4912 1741 5011; baseline -0.009 -18"><span class='ocrx_word' id='word_1_750' title='bbox 138 4941 293 5005; x_wconf 72' lang='grc' dir='ltr'>ἑλεῖν,</span> <span class='ocrx_word' id='word_1_751' title='bbox 329 4940 354 4990; x_wconf 89' lang='grc' dir='ltr'><strong><em>ὁ</em></strong></span> <span class='ocrx_word' id='word_1_752' title='bbox 398 4912 596 5011; x_wconf 80' lang='grc' dir='ltr'>μάρτυς</span> <span class='ocrx_word' id='word_1_753' title='bbox 650 4932 708 4988; x_wconf 71' lang='grc' dir='ltr'>δὲ</span> <span class='ocrx_word' id='word_1_754' title='bbox 746 4912 914 4994; x_wconf 83' lang='grc' dir='ltr'>ἡδέως</span> <span class='ocrx_word' id='word_1_755' title='bbox 962 4932 1093 4984; x_wconf 63' lang='grc' dir='ltr'>οὕτω</span> <span class='ocrx_word' id='word_1_756' title='bbox 1134 4933 1226 4991; x_wconf 83' lang='grc' dir='ltr'>τὰς</span> <span class='ocrx_word' id='word_1_757' title='bbox 1276 4929 1477 5000; x_wconf 80' lang='grc' dir='ltr'>πληγὰς</span> <span class='ocrx_word' id='word_1_758' title='bbox 1526 4924 1741 4997; x_wconf 82' lang='grc' dir='ltr'>δεχόμε-</span> 
     </span>
    </p>
   </div>
   <div class='ocr_carea' id='block_1_105' title="bbox 1853 4912 3507 5011">
    <p class='ocr_par' dir='ltr' id='par_1_105' title="bbox 1854 4912 3507 4992">
     <span class='ocr_line' id='line_1_106' title="bbox 1854 4912 3507 4992; baseline -0.006 -15"><span class='ocrx_word' id='word_1_759' title='bbox 1854 4922 1978 4985; x_wconf 86' lang='lat' dir='ltr'>bat,</span> <span class='ocrx_word' id='word_1_760' title='bbox 2010 4927 2065 4976; x_wconf 91' lang='lat' dir='ltr'>et</span> <span class='ocrx_word' id='word_1_761' title='bbox 2095 4928 2334 4992; x_wconf 86' lang='lat' dir='ltr'>martyr,</span> <span class='ocrx_word' id='word_1_762' title='bbox 2380 4918 2562 4989; x_wconf 84' lang='lat' dir='ltr'>judex</span> <span class='ocrx_word' id='word_1_763' title='bbox 2595 4916 2863 4988; x_wconf 90' lang='lat' dir='ltr'>quidem,</span> <span class='ocrx_word' id='word_1_764' title='bbox 2899 4919 2960 4969; x_wconf 89' lang='lat' dir='ltr'>ut</span> <span class='ocrx_word' id='word_1_765' title='bbox 2991 4913 3327 4969; x_wconf 87' lang='lat' dir='ltr'>multudine</span> <span class='ocrx_word' id='word_1_766' title='bbox 3380 4912 3507 4984; x_wconf 87' lang='lat' dir='ltr'>pla-</span> 
     </span>
    </p>
   </div>
   <div class='ocr_carea' id='block_1_106' title="bbox 135 5001 1741 5095">
    <p class='ocr_par' dir='ltr' id='par_1_106' title="bbox 135 5001 1741 5095">
     <span class='ocr_line' id='line_1_107' title="bbox 135 5001 1741 5095; baseline -0.01 -12"><span class='ocrx_word' id='word_1_767' title='bbox 135 5051 249 5095; x_wconf 85' lang='grc' dir='ltr'>νος,</span> <span class='ocrx_word' id='word_1_768' title='bbox 284 5030 353 5089; x_wconf 86' lang='grc' dir='ltr'>ὡς</span> <span class='ocrx_word' id='word_1_769' title='bbox 394 5001 550 5085; x_wconf 80' lang='grc' dir='ltr'>δῆλον</span> <span class='ocrx_word' id='word_1_770' title='bbox 595 5021 723 5078; x_wconf 86' lang='grc' dir='ltr'>εἶναι</span> <span class='ocrx_word' id='word_1_771' title='bbox 760 5030 910 5076; x_wconf 82' lang='grc' dir='ltr'>τοῦτο</span> <span class='ocrx_word' id='word_1_772' title='bbox 947 5018 1021 5073; x_wconf 82' lang='grc' dir='ltr'>δι’</span> <span class='ocrx_word' id='word_1_773' title='bbox 1051 5020 1218 5091; x_wconf 72' lang='grc' dir='ltr'>εὐχῆς</span> <span class='ocrx_word' id='word_1_774' title='bbox 1266 5020 1520 5079; x_wconf 86' lang='grc' dir='ltr'>τίθεσθαι,</span> <span class='ocrx_word' id='word_1_775' title='bbox 1564 5021 1619 5069; x_wconf 88' lang='grc' dir='ltr'>τό</span> <span class='ocrx_word' id='word_1_776' title='bbox 1662 5013 1741 5068; x_wconf 88' lang='grc' dir='ltr'>δι-</span> 
     </span>
    </p>
   </div>
   <div class='ocr_carea' id='block_1_107' title="bbox 1853 5001 3502 5095">
    <p class='ocr_par' dir='ltr' id='par_1_107' title="bbox 1856 5001 3502 5080">
     <span class='ocr_line' id='line_1_108' title="bbox 1856 5001 3502 5080; baseline -0.005 -14"><span class='ocrx_word' id='word_1_777' title='bbox 1856 5026 2064 5080; x_wconf 87' lang='lat' dir='ltr'>garum</span> <span class='ocrx_word' id='word_1_778' title='bbox 2088 5025 2224 5064; x_wconf 86' lang='lat' dir='ltr'>eum</span> <span class='ocrx_word' id='word_1_779' title='bbox 2249 5011 2613 5079; x_wconf 86' lang='lat' dir='ltr'>expugnaret</span> <span class='ocrx_word' id='word_1_780' title='bbox 2636 5022 2650 5071; x_wconf 91' lang='lat'><strong>;</strong></span> <span class='ocrx_word' id='word_1_781' title='bbox 2670 5011 2892 5076; x_wconf 89' lang='lat' dir='ltr'>martyr</span> <span class='ocrx_word' id='word_1_782' title='bbox 2911 5007 3129 5067; x_wconf 90' lang='lat' dir='ltr'>autem,</span> <span class='ocrx_word' id='word_1_783' title='bbox 3150 5001 3361 5074; x_wconf 86' lang='lat' dir='ltr'>plagas</span> <span class='ocrx_word' id='word_1_784' title='bbox 3380 5006 3502 5057; x_wconf 88' lang='lat' dir='ltr'>tam</span> 
     </span>
    </p>
   </div>
   <div class='ocr_carea' id='block_1_108' title="bbox 1854 5088 3503 5168">
    <p class='ocr_par' dir='ltr' id='par_1_108' title="bbox 1854 5088 3503 5168">
     <span class='ocr_line' id='line_1_109' title="bbox 1854 5088 3503 5168; baseline -0.005 -14"><span class='ocrx_word' id='word_1_785' title='bbox 1854 5099 2099 5154; x_wconf 90' lang='lat' dir='ltr'>libenter</span> <span class='ocrx_word' id='word_1_786' title='bbox 2130 5096 2446 5168; x_wconf 90' lang='lat' dir='ltr'>accipiens,</span> <span class='ocrx_word' id='word_1_787' title='bbox 2492 5099 2551 5148; x_wconf 91' lang='lat' dir='ltr'>ut</span> <span class='ocrx_word' id='word_1_788' title='bbox 2589 5093 2826 5148; x_wconf 90' lang='lat' dir='ltr'>evidens</span> <span class='ocrx_word' id='word_1_789' title='bbox 2852 5098 3025 5158; x_wconf 88' lang='lat' dir='ltr'>esset,</span> <span class='ocrx_word' id='word_1_790' title='bbox 3058 5105 3195 5144; x_wconf 90' lang='lat' dir='ltr'>eum</span> <span class='ocrx_word' id='word_1_791' title='bbox 3226 5088 3343 5144; x_wconf 89' lang='lat' dir='ltr'>hoc</span> <span class='ocrx_word' id='word_1_792' title='bbox 3396 5089 3503 5145; x_wconf 87' lang='lat' dir='ltr'>ha-</span> 
     </span>
    </p>
   </div>
   <div class='ocr_carea' id='block_1_109' title="bbox 1853 5177 3503 5251">
    <p class='ocr_par' dir='ltr' id='par_1_109' title="bbox 1853 5177 3503 5251">
     <span class='ocr_line' id='line_1_110' title="bbox 1853 5177 3503 5251; baseline -0.007 -7"><span class='ocrx_word' id='word_1_793' title='bbox 1853 5188 1993 5244; x_wconf 91' lang='lat' dir='ltr'>bere</span> <span class='ocrx_word' id='word_1_794' title='bbox 2022 5188 2079 5242; x_wconf 92' lang='lat' dir='ltr'>in</span> <span class='ocrx_word' id='word_1_795' title='bbox 2113 5188 2282 5251; x_wconf 89' lang='lat' dir='ltr'>votis,</span> <span class='ocrx_word' id='word_1_796' title='bbox 2307 5188 2369 5238; x_wconf 90' lang='lat' dir='ltr'>ut</span> <span class='ocrx_word' id='word_1_797' title='bbox 2398 5184 2637 5238; x_wconf 83' lang='lat' dir='ltr'>duraret</span> <span class='ocrx_word' id='word_1_798' title='bbox 2668 5179 3037 5251; x_wconf 88' lang='lat' dir='ltr'>supplicium,</span> <span class='ocrx_word' id='word_1_799' title='bbox 3069 5182 3125 5232; x_wconf 92' lang='lat' dir='ltr'>et</span> <span class='ocrx_word' id='word_1_800' title='bbox 3164 5192 3283 5232; x_wconf 93' lang='lat' dir='ltr'>non</span> <span class='ocrx_word' id='word_1_801' title='bbox 3339 5177 3503 5234; x_wconf 83' lang='lat' dir='ltr'>defa-</span> 
     </span>
    </p>
   </div>
   <div class='ocr_carea' id='block_1_110' title="bbox 1854 5266 3504 5345">
    <p class='ocr_par' dir='ltr' id='par_1_110' title="bbox 1854 5266 3504 5345">
     <span class='ocr_line' id='line_1_111' title="bbox 1854 5266 3504 5345; baseline -0.006 -14"><span class='ocrx_word' id='word_1_802' title='bbox 1854 5277 2179 5345; x_wconf 88' lang='lat' dir='ltr'>tigarentur</span> <span class='ocrx_word' id='word_1_803' title='bbox 2208 5278 2457 5328; x_wconf 91' lang='lat' dir='ltr'>tortores</span> <span class='ocrx_word' id='word_1_804' title='bbox 2472 5270 2763 5325; x_wconf 89' lang='lat' dir='ltr'>ferientes.</span> <span class='ocrx_word' id='word_1_805' title='bbox 2791 5268 2935 5321; x_wconf 89' lang='lat' dir='ltr'>Cum</span> <span class='ocrx_word' id='word_1_806' title='bbox 2954 5281 3097 5335; x_wconf 90' lang='lat' dir='ltr'>ergo</span> <span class='ocrx_word' id='word_1_807' title='bbox 3122 5266 3504 5336; x_wconf 85' lang='lat' dir='ltr'>martyricum</span> 
     </span>
    </p>
   </div>
   <div class='ocr_carea' id='block_1_111' title="bbox 1851 5353 3500 5434">
    <p class='ocr_par' dir='ltr' id='par_1_111' title="bbox 1851 5353 3500 5434">
     <span class='ocr_line' id='line_1_112' title="bbox 1851 5353 3500 5434; baseline -0.008 -13"><span class='ocrx_word' id='word_1_808' title='bbox 1851 5360 2534 5434; x_wconf 89' lang='lat' dir='ltr'>lludcorpusjamlongo</span> <span class='ocrx_word' id='word_1_809' title='bbox 2572 5362 2833 5426; x_wconf 90' lang='lat' dir='ltr'>tempore</span> <span class='ocrx_word' id='word_1_810' title='bbox 2867 5354 3195 5410; x_wconf 66' lang='lat' dir='ltr'>caederetur</span> <span class='ocrx_word' id='word_1_811' title='bbox 3232 5353 3500 5423; x_wconf 88' lang='lat' dir='ltr'>ﬂagellis,</span> 
     </span>
    </p>
   </div>
   <div class='ocr_carea' id='block_1_112' title="bbox 1852 5443 3505 5520">
    <p class='ocr_par' dir='ltr' id='par_1_112' title="bbox 1852 5443 3505 5520">
     <span class='ocr_line' id='line_1_113' title="bbox 1852 5443 3505 5520; baseline -0.007 -12"><span class='ocrx_word' id='word_1_812' title='bbox 1852 5452 2270 5509; x_wconf 89' lang='lat' dir='ltr'>emittebantur</span> <span class='ocrx_word' id='word_1_813' title='bbox 2298 5447 2545 5520; x_wconf 91' lang='lat' dir='ltr'>quidem</span> <span class='ocrx_word' id='word_1_814' title='bbox 2570 5444 2679 5500; x_wconf 91' lang='lat' dir='ltr'>rivi</span> <span class='ocrx_word' id='word_1_815' title='bbox 2721 5443 3053 5513; x_wconf 89' lang='lat' dir='ltr'>sanguinis,</span> <span class='ocrx_word' id='word_1_816' title='bbox 3087 5446 3378 5514; x_wconf 89' lang='lat' dir='ltr'>tanquam</span> <span class='ocrx_word' id='word_1_817' title='bbox 3432 5457 3505 5497; x_wconf 86' lang='lat' dir='ltr'>ex</span> 
     </span>
    </p>
   </div>
   <div class='ocr_carea' id='block_1_113' title="bbox 1854 5529 3507 5618">
    <p class='ocr_par' dir='ltr' id='par_1_113' title="bbox 1854 5529 3507 5618">
     <span class='ocr_line' id='line_1_114' title="bbox 1854 5529 3507 5618; baseline -0.01 -17"><span class='ocrx_word' id='word_1_818' title='bbox 1854 5542 2116 5618; x_wconf 90' lang='lat' dir='ltr'>quodam</span> <span class='ocrx_word' id='word_1_819' title='bbox 2140 5539 2320 5603; x_wconf 90' lang='lat' dir='ltr'>fonte,</span> <span class='ocrx_word' id='word_1_820' title='bbox 2344 5550 2451 5591; x_wconf 91' lang='lat' dir='ltr'>suo</span> <span class='ocrx_word' id='word_1_821' title='bbox 2471 5538 2671 5592; x_wconf 91' lang='lat' dir='ltr'>autem</span> <span class='ocrx_word' id='word_1_822' title='bbox 2694 5532 3102 5602; x_wconf 68' lang='lat' dir='ltr'>integumento</span> <span class='ocrx_word' id='word_1_823' title='bbox 3114 5529 3507 5591; x_wconf 85' lang='lat' dir='ltr'>nudabantur</span> 
     </span>
    </p>
   </div>
   <div class='ocr_carea' id='block_1_114' title="bbox 138 5106 1745 5194">
    <p class='ocr_par' dir='ltr' id='par_1_114' title="bbox 138 5106 1745 5194">
     <span class='ocr_line' id='line_1_115' title="bbox 138 5106 1745 5194; baseline -0.01 -23"><span class='ocrx_word' id='word_1_824' title='bbox 138 5120 366 5194; x_wconf 86' lang='grc' dir='ltr'>αρκέσαι</span> <span class='ocrx_word' id='word_1_825' title='bbox 426 5120 520 5174; x_wconf 85' lang='grc' dir='ltr'>τὴν</span> <span class='ocrx_word' id='word_1_826' title='bbox 595 5117 845 5187; x_wconf 89' lang='grc' dir='ltr'>τιμωρίαν</span> <span class='ocrx_word' id='word_1_827' title='bbox 903 5114 987 5162; x_wconf 82' lang='grc' dir='ltr'>καὶ</span> <span class='ocrx_word' id='word_1_828' title='bbox 1054 5113 1124 5181; x_wconf 79' lang='grc' dir='ltr'>μὴ</span> <span class='ocrx_word' id='word_1_829' title='bbox 1195 5106 1552 5180; x_wconf 87' lang='grc' dir='ltr'>ἀπαγορεῦσαι</span> <span class='ocrx_word' id='word_1_830' title='bbox 1627 5109 1745 5165; x_wconf 85' lang='grc' dir='ltr'>τοὺς</span> 
     </span>
    </p>
   </div>
   <div class='ocr_carea' id='block_1_115' title="bbox 133 5196 1743 5269">
    <p class='ocr_par' dir='ltr' id='par_1_115' title="bbox 133 5196 1743 5269">
     <span class='ocr_line' id='line_1_116' title="bbox 133 5196 1743 5269; baseline -0.011 -8"><span class='ocrx_word' id='word_1_831' title='bbox 133 5208 402 5267; x_wconf 80' lang='grc' dir='ltr'>κολαστὰς</span> <span class='ocrx_word' id='word_1_832' title='bbox 455 5208 724 5263; x_wconf 85' lang='grc' dir='ltr'>παίοντας.</span> <span class='ocrx_word' id='word_1_833' title='bbox 790 5200 878 5260; x_wconf 75' lang='grc' dir='ltr'>Ὠς</span> <span class='ocrx_word' id='word_1_834' title='bbox 938 5196 1024 5250; x_wconf 78' lang='grc' dir='ltr'>οὖν</span> <span class='ocrx_word' id='word_1_835' title='bbox 1076 5201 1133 5249; x_wconf 86' lang='grc' dir='ltr'>τό</span> <span class='ocrx_word' id='word_1_836' title='bbox 1205 5199 1520 5269; x_wconf 84' lang='grc' dir='ltr'>μαρτυρικόν</span> <span class='ocrx_word' id='word_1_837' title='bbox 1587 5197 1743 5245; x_wconf 76' lang='grc' dir='ltr'>ἐκεῖνό</span> 
     </span>
    </p>
   </div>
   <div class='ocr_carea' id='block_1_116' title="bbox 142 5285 1739 5369">
    <p class='ocr_par' dir='ltr' id='par_1_116' title="bbox 142 5285 1739 5369">
     <span class='ocr_line' id='line_1_117' title="bbox 142 5285 1739 5369; baseline -0.011 -20"><span class='ocrx_word' id='word_1_838' title='bbox 142 5305 301 5369; x_wconf 86' lang='grc' dir='ltr'>σῶμα</span> <span class='ocrx_word' id='word_1_839' title='bbox 349 5293 507 5346; x_wconf 85' lang='grc' dir='ltr'>πολὺν</span> <span class='ocrx_word' id='word_1_840' title='bbox 581 5288 688 5351; x_wconf 80' lang='grc' dir='ltr'>ἤδη</span> <span class='ocrx_word' id='word_1_841' title='bbox 756 5296 870 5351; x_wconf 88' lang='grc' dir='ltr'>ταῖς</span> <span class='ocrx_word' id='word_1_842' title='bbox 934 5286 1177 5359; x_wconf 86' lang='grc' dir='ltr'>μάστιξιν</span> <span class='ocrx_word' id='word_1_843' title='bbox 1228 5285 1462 5337; x_wconf 80' lang='grc' dir='ltr'>έκόπτετο</span> <span class='ocrx_word' id='word_1_844' title='bbox 1529 5288 1739 5354; x_wconf 86' lang='grc' dir='ltr'>χρόνον,</span> 
     </span>
    </p>
   </div>
   <div class='ocr_carea' id='block_1_117' title="bbox 138 5367 1739 5458">
    <p class='ocr_par' dir='ltr' id='par_1_117' title="bbox 138 5367 1739 5458">
     <span class='ocr_line' id='line_1_118' title="bbox 138 5367 1739 5458; baseline -0.012 -19"><span class='ocrx_word' id='word_1_845' title='bbox 138 5367 363 5458; x_wconf 81' lang='grc' dir='ltr'>αἵματος</span> <span class='ocrx_word' id='word_1_846' title='bbox 413 5385 502 5455; x_wconf 71' lang='grc' dir='ltr'>μὶν</span> <span class='ocrx_word' id='word_1_847' title='bbox 546 5382 717 5453; x_wconf 85' lang='grc' dir='ltr'>ὥσπερ</span> <span class='ocrx_word' id='word_1_848' title='bbox 775 5380 830 5430; x_wconf 84' lang='grc' dir='ltr'>ἔκ</span> <span class='ocrx_word' id='word_1_849' title='bbox 895 5395 1026 5436; x_wconf 88' lang='grc' dir='ltr'>τινος</span> <span class='ocrx_word' id='word_1_850' title='bbox 1079 5382 1257 5445; x_wconf 86' lang='grc' dir='ltr'>πηγῆς</span> <span class='ocrx_word' id='word_1_851' title='bbox 1302 5376 1507 5447; x_wconf 81' lang='grc' dir='ltr'>κρουνοὶ</span> <span class='ocrx_word' id='word_1_852' title='bbox 1562 5367 1739 5422; x_wconf 86' lang='grc' dir='ltr'>ἀνεδί-</span> 
     </span>
    </p>
   </div>
   <div class='ocr_carea' id='block_1_118' title="bbox 142 5460 1739 5542">
    <p class='ocr_par' dir='ltr' id='par_1_118' title="bbox 142 5460 1739 5542">
     <span class='ocr_line' id='line_1_119' title="bbox 142 5460 1739 5542; baseline -0.011 -14"><span class='ocrx_word' id='word_1_853' title='bbox 142 5473 318 5539; x_wconf 89' lang='grc' dir='ltr'>δοντο,</span> <span class='ocrx_word' id='word_1_854' title='bbox 356 5471 636 5542; x_wconf 85' lang='grc' dir='ltr'>σπλάγχνα</span> <span class='ocrx_word' id='word_1_855' title='bbox 666 5465 724 5521; x_wconf 75' lang='grc' dir='ltr'>δε</span> <span class='ocrx_word' id='word_1_856' title='bbox 763 5474 858 5526; x_wconf 82' lang='grc' dir='ltr'>τῆς</span> <span class='ocrx_word' id='word_1_857' title='bbox 902 5465 1093 5524; x_wconf 84' lang='grc' dir='ltr'>οἰκείας</span> <span class='ocrx_word' id='word_1_858' title='bbox 1130 5462 1405 5534; x_wconf 82' lang='grc' dir='ltr'>περιϐολῆς</span> <span class='ocrx_word' id='word_1_859' title='bbox 1437 5460 1739 5532; x_wconf 82' lang='grc' dir='ltr'>έγυμνοῦτο,</span> 
     </span>
    </p>
   </div>
   <div class='ocr_carea' id='block_1_119' title="bbox 145 5545 1743 5641">
    <p class='ocr_par' dir='ltr' id='par_1_119' title="bbox 145 5545 1743 5641">
     <span class='ocr_line' id='line_1_120' title="bbox 145 5545 1743 5641; baseline -0.012 -23"><span class='ocrx_word' id='word_1_860' title='bbox 145 5568 269 5641; x_wconf 86' lang='grc' dir='ltr'>μύες</span> <span class='ocrx_word' id='word_1_861' title='bbox 326 5570 425 5616; x_wconf 86' lang='grc' dir='ltr'>τῶν</span> <span class='ocrx_word' id='word_1_862' title='bbox 485 5560 740 5633; x_wconf 84' lang='grc' dir='ltr'>ἁρμονιῶν</span> <span class='ocrx_word' id='word_1_863' title='bbox 799 5554 1110 5622; x_wconf 82' lang='grc' dir='ltr'>διεσπῶντο,</span> <span class='ocrx_word' id='word_1_864' title='bbox 1176 5558 1265 5607; x_wconf 83' lang='grc' dir='ltr'>καὶ</span> <span class='ocrx_word' id='word_1_865' title='bbox 1334 5554 1361 5611; x_wconf 77' lang='grc' dir='ltr'>ἡ</span> <span class='ocrx_word' id='word_1_866' title='bbox 1418 5559 1505 5614; x_wconf 85' lang='grc' dir='ltr'>τῆς</span> <span class='ocrx_word' id='word_1_867' title='bbox 1551 5545 1743 5610; x_wconf 88' lang='grc' dir='ltr'>ὀδύνης</span> 
     </span>
    </p>
   </div>
  </div>
