4110 6272
572 301 676 356 ms
1758 352 1763 356 _
1962 286 2223 347 MENSIS
2261 288 2552 347 APRILIS
3856 296 3953 353 116

566 425 815 487 viscera,
846 420 1281 477 divellebantur
1346 419 1597 475 musculi
1648 435 1683 476 a
1713 417 2128 490 compagibus.
2165 418 2221 470 et

2360 419 2581 481 εἶσθησις
2636 422 2794 481 πολλή
2858 442 2939 482 τις
3000 420 3229 493 ἀτεχνῶς
3287 426 3377 473 καὶ
3427 417 3649 496 δριμεῖα
3704 425 3801 473 τὸν
3852 443 3957 493 7r»-

570 528 782 569 sensus
813 509 1035 565 doloris
1085 523 1289 563 revera
1337 524 1591 577 magnus
1643 513 1700 563 et
1740 522 1875 563 acer
1901 505 2224 561 invadebat

572 601 765 655 virum
799 599 1031 653 fortem.
1057 594 1152 651 Ille
1179 602 1379 651 autem
1408 595 1653 668 perinde
1684 612 1752 651 ac
1782 595 1830 649 si
1859 593 2088 649 nullam
2121 606 2218 661 pa-

573 693 791 745 teretur
805 685 1162 749 molestiam,
1197 685 1255 737 in
1284 684 1457 740 malis
1484 686 1563 739 ita
1596 690 1721 739 erat
1753 681 2022 747 affectus,
2054 680 2225 735 silen-

576 775 654 833 tio
694 775 887 830 ferens
913 772 1154 828 crebros
1182 773 1331 826 ictus
1389 772 1781 843 ﬂagellorum,
1838 776 1892 826 et
1938 771 2056 837 pati
2088 784 2224 839 pro-

577 871 702 937 pter
732 863 1041 927 Christum,
1059 861 1289 916 habens
1318 861 1457 917 satis
1476 876 1765 932 magnum
1787 859 2063 915 dolorum
2077 856 2229 913 sola-

2332 515 2470 558 ναῖον
2502 510 2667 581 εἰσῄει
2712 529 2722 539 ·
2756 513 2781 562 ὁ
2827 507 2905 575 δε,
2938 513 3170 583 καθάπερ
3220 518 3318 562 τῶν
3365 509 3667 562 λυπούντων
3722 514 3951 582 πάσχων

2334 593 2505 661 οὐδὲν,
2561 599 2719 660 ούτως
2773 599 2822 651 έν
2862 607 2966 659 τοῖς
3006 596 3196 660 δεινοῖς
3250 595 3489 659 διέκειτο,
3542 602 3737 671 ἠσυχῆ
3796 606 3952 671 φέρων

2334 688 2423 745 τὰς
2461 695 2559 737 τών
2604 692 2873 758 μαστίγων
2917 684 3136 759 νιφάδας
3176 692 3263 739 καὶ
3308 692 3364 739 τό
3423 684 3515 740 διὰ
3570 692 3819 762 Χριστόν
3866 695 3954 740 πέ-

2339 793 2488 845 σχειν
2520 774 2709 847 ἀρκούν
2740 780 2875 847 ἔχων
2915 784 3014 828 τῶν
3048 774 3243 828 ὀδυνῶν
3269 779 3618 850 παραμύθιον.

586 952 758 1007 tium.

649 1042 731 1096 IX.
760 1042 906 1096 Cum
937 1042 1136 1094 autem
1162 1038 1288 1108 jam
1316 1037 1582 1093 defessus
1608 1037 1853 1109 quidem
1880 1041 2034 1092 esset
2052 1035 2228 1091 Vale-

582 1129 704 1184 rius
734 1168 748 1192 ,
771 1126 1074 1196 defatigati
1104 1132 1303 1181 autem
1331 1126 1776 1182 essentlictores
1793 1125 2232 1189 feriendo,eum

582 1232 721 1272 vero
746 1220 1038 1272 tormenta
1071 1214 1267 1283 magis
1288 1213 1673 1279 laetiﬁcarent,
1708 1215 1966 1269 Christus
1996 1229 2135 1269 eum
2172 1213 2233 1267 in

582 1303 768 1359 caelos
794 1303 1062 1366 accersit,
1090 1302 1371 1358 athletam
1402 1302 1580 1371 digne
1603 1307 2023 1357 coronaturus.
2056 1301 2109 1355 Is
2131 1316 2235 1356 au-

585 1397 703 1449 tem
734 1396 792 1447 et
822 1392 1019 1446 statim
1046 1391 1318 1461 spiritum
1344 1391 1403 1445 in
1436 1407 1648 1446 manus
1671 1391 1819 1461 ejus,
1850 1390 1954 1462 qui
1976 1388 2231 1455 vocavit,

585 1485 647 1536 et
671 1495 888 1551 corpus
902 1484 1204 1534 mortuum
1234 1478 1945 1547 tradiditﬂagellantibus.
1961 1477 2130 1543 Quod
2151 1478 2237 1531 in—

586 1568 884 1640 sepultum
906 1567 1151 1638 quidem
1176 1566 1283 1622 fuit
1330 1568 1679 1638 projectum,
1710 1573 1772 1621 ut
1792 1567 2173 1621 devoraretur
2202 1580 2238 1619 a

586 1656 725 1711 feris
756 1660 813 1711 et
830 1655 1093 1718 alitibus,
1116 1670 1253 1710 cum
1277 1655 1355 1710 ita
1385 1655 1962 1725 jussissetValerius.
1986 1653 2239 1725 Vespere

2413 1007 2493 1061 Θ’.
2542 1007 2626 1068 Ὠς
2658 1006 2715 1060 δὲ
2746 1007 3015 1080 ἀπειρήκει
3055 1012 3144 1081 μεν
3176 1011 3201 1061 6
3243 1008 3517 1083 Οὐαλέριος
3545 1006 3683 1074 ἤδη,
3739 1012 3955 1082 ἔκαμνον

2344 1093 2402 1147 δε
2446 1098 2494 1147 οἱ
2535 1093 2716 1167 δήμιοι
2768 1102 3024 1159 παίοντες,
3059 1102 3143 1150 τόν
3185 1094 3244 1151 δὲ
3286 1103 3375 1149 καὶ
3422 1096 3640 1169 ἧγαλλον
3684 1100 3743 1149 αἱ
3789 1098 3956 1170 βάσα-

2342 1204 2419 1236 νοι
2465 1184 2675 1256 μᾶλλον,
2737 1186 3102 1256 μετακαλεῖται
3155 1190 3243 1257 μὲν
3299 1187 3366 1247 εἰς
3418 1186 3668 1260 ούρανούς
3735 1189 3761 1239 6
3836 1196 3957 1261 Χρι-

2346 1278 2487 1338 στὸς,
2532 1273 2683 1335 ἀξίως
2734 1280 3071 1346 στεφανώσων
3116 1280 3200 1327 τόν
3246 1274 3472 1333 ἀθλητήν
3524 1292 3535 1304 ·
3588 1274 3742 1337 οὗτος
3791 1272 3857 1328 δέ
3907 1281 3956 1328 τέ

2343 1365 2542 1434 πνεῦμά
2581 1382 2634 1414 τε
2683 1363 2751 1424 εἰς
2804 1371 2992 1433 χεῖρας
3047 1364 3200 1424 εὐθὺς
3253 1370 3344 1414 τοῦ
3396 1363 3715 1425 καλέσαντος
3758 1371 3855 1416 καὶ
3908 1370 3957 1416 τό

2348 1460 2500 1522 σῶμα
2541 1456 2715 1522 νεκρόν
2766 1460 2874 1513 τοῖς
2927 1452 3197 1512 αἰκίζουσι
3243 1453 3531 1526 παρετίθει,
3583 1454 3708 1525 ὅπερ
3763 1454 3958 1524 ἄταφον

2347 1544 2435 1612 μὲν
2488 1539 2879 1613 παρερρίπτετο,
2947 1538 3150 1593 δεῖπνον
3208 1542 3410 1613 ἕτοιμον
3479 1543 3676 1614 θηρίοις
3735 1548 3831 1594 καὶ
3886 1562 3960 1594 πε-

2347 1637 2531 1688 τεινοῖς
2581 1629 2864 1699 ἐκκείμενον
2920 1650 2931 1661 ·
2977 1630 3110 1681 ούτω
3156 1633 3449 1701 προσταγεν
3489 1631 3587 1681 ύπό
3642 1630 3959 1702 Οὐαλερίου.

587 1750 788 1801 autem
816 1715 1167 1816 quidam—ex
1194 1743 1263 1797 iis
1293 1715 1404 1814 qui
1420 1743 1536 1797 illic
1574 1759 1753 1814 prope
1782 1715 2159 1807 habitabant,
2183 1740 2238 1797 id

2368 1716 2535 1787 Οψίας
2595 1715 2653 1769 δὲ
2700 1723 2989 1789 γενομένης,
3046 1722 3178 1781 τινες
3228 1728 3326 1771 τῶν
3383 1718 3484 1771 ἐκεῖ
3534 1723 3961 1791 προσοικούντων

588 1831 1030 1889 absconduntin
1044 1831 1296 1902 quadam
1309 1833 1637 1903 propinqua
1649 1832 2237 1902 spelunca,ducentes

586 1922 703 1978 hoc
734 1936 866 1976 esse
898 1935 1052 1992 opus
1080 1919 1324 1988 benigni
1350 1926 1405 1976 et
1436 1920 1740 1975 clementis
1772 1919 1977 1986 animi,
2010 1924 2113 1974 aut
2158 1920 2241 1974 sic

589 2010 770 2066 etiam
789 2009 989 2064 divina
1008 2008 1387 2076 dispensante
1412 2008 1800 2065 Providentia.
1822 2008 2115 2073 Quidnam
2143 2024 2239 2062 auv

594 2102 706 2155 teni
737 2102 825 2152 est
856 2102 1065 2168 postea
1092 2102 1475 2152 consecutum
1504 2097 1531 2152 ?
1557 2096 1822 2152 Valerius
1849 2112 2092 2168 praises,
2139 2097 2244 2168 qui

589 2191 715 2243 erat
733 2201 939 2241 revera
956 2191 1195 2240 versuta
1211 2191 1266 2241 et
1280 2185 1657 2241 fraudulenta
1674 2186 1903 2257 vulpes,
1918 2186 2244 2241 lenioribus

590 2274 786 2331 verbis
812 2279 1053 2329 sanctos
1082 2275 1438 2342 aggreditur,
1478 2274 1693 2329 timens
1737 2274 1903 2340 forte,
1959 2290 2033 2329 ne
2080 2274 2244 2346 ipsas

588 2361 1026 2434 quoque,sicutj
1036 2377 1135 2417 am
1148 2362 1326 2418 etiam
1340 2362 1811 2431 Agathodorum,
1825 2363 2135 2419 amitteret.
2158 2362 2243 2418 Di-

590 2450 766 2506 cebat
791 2450 949 2505 enim
986 2466 998 2505 :
1026 2449 1125 2505 [lle
1151 2450 1399 2521 quidem
1430 2450 1652 2506 invenit
1700 2458 1950 2507 mortem
1997 2453 2246 2521 dignam

590 2538 694 2595 tali
722 2537 1065 2607 arrogantia
1095 2543 1150 2593 et
1175 2539 1456 2603 amentia,
1489 2556 1625 2595 cum
1672 2556 1795 2595 non
1835 2540 2151 2611 paruisset,
2186 2543 2249 2595 ut

592 2624 944 2681 sacriﬁcaret
964 2625 1074 2679 diis
1096 2625 1560 2681 immortalibus.
1582 2627 1699 2682 Vos
1727 2633 1927 2682 autem
1957 2642 2094 2681 cum
2121 2626 2247 2681 Sitis

591 2714 904 2784 sapientes,
934 2727 1037 2767 cur
1066 2728 1187 2767 non
1218 2713 1481 2785 aspicitis
1513 2714 1586 2769 ad
1617 2715 1693 2779 id,
1726 2716 1891 2786 quod
1937 2720 2026 2770 est
2078 2715 2247 2770 vobis

2348 1808 2638 1876 κρύπτουσι
2679 1814 2826 1859 τούτο
2874 1810 2921 1858 ἓν
2970 1828 3069 1859 τινι
3125 1815 3438 1877 γειτονοῠντι
3497 1808 3766 1878 σπηλαίῳ,
3816 1810 3964 1880 ἔργον

2350 1895 2708 1968 φιλανθρώπου
2778 1896 2965 1967 ψυχῆς
3033 1904 3313 1961 ποιοῦντες,
3374 1896 3403 1954 ἢ
3481 1901 3569 1949 καὶ
3625 1898 3774 1959 θείας
3831 1898 3965 1950 οὕτω

2350 1988 2592 2058 προνοίας
2639 1986 3024 2056 οἰκονομούσης.
3071 1990 3140 2037 T6
3183 1982 3240 2037 δὲ
3286 1988 3416 2057 μετὰ
3458 1994 3625 2038 ταῦτα
3662 1991 3714 2038 τί
3752 2003 3767 2051 ;
3820 1987 3966 2039 Ούα-

2351 2074 2516 2146 λέριος
2560 2074 2584 2124 ὁ
2624 2076 2845 2144 ἡγεμὼν,
2898 2076 2925 2132 ἡ
2983 2073 3299 2145 παλίμϐολος
3346 2082 3418 2145 τῷ
3476 2078 3581 2127 ὄντι
3632 2080 3725 2128 καὶ
3780 2072 3969 2149 δολερὰ

2352 2167 2504 2219 πάλιν
2566 2166 2797 2232 ἀλώπηξ,
2867 2169 3169 2240 ἠπιωτέροις
3243 2172 3363 2231 τοὺς
3444 2168 3627 2240 ἁγίους
3694 2171 3970 2243 ύπέρχετα

2352 2256 2543 2328 λόγοις,
2588 2256 2830 2328 φοϐηθεὶς
2858 2260 3003 2321 ἴσως,
3054 2263 3125 2329 μὴ
3159 2262 3249 2309 καὶ
3280 2257 3490 2327 αύτούς,
3539 2260 3713 2331 ὥσπερ
3765 2255 3838 2316 δὴ
3882 2265 3969 2311 καὶ

2354 2343 2739 2419 ’Δγαθόδωρον,
2791 2343 2897 2404 ἤδη
2933 2347 3221 2418 ζημιωθείη
3255 2362 3270 2377 ⁸
3313 2346 3450 2417 ἔλεγε
3477 2349 3578 2420 γάρ
3615 2364 3627 2376 ⁸
3660 2346 3750 2409 Ὠς
3786 2347 3971 2408 ἐκεῖνος

2355 2439 2442 2507 μὲν
2492 2434 2633 2497 ἄξιον
2684 2434 2922 2496 ἀπονοίας
2971 2438 3217 2497 τοιαύτης
3270 2438 3484 2489 θάνατον
3550 2436 3684 2509 εὗρε,
3733 2442 3811 2508 μὴ
3863 2457 3971 2489 πει-

2360 2525 2496 2581 σθεὶς
2538 2525 2694 2575 θῦσαι
2742 2532 2849 2585 τοῖς
2899 2524 3177 2586 ἀθανάτοις
3226 2527 3359 2587 θεοῖς
3389 2543 3400 2554 ·
3459 2525 3608 2577 αὐτοὶ
3654 2522 3714 2577 δὲ
3769 2532 3973 2578 συνετοὶ

2358 2616 2510 2672 ὄντες,
2572 2617 2707 2674 τίνος
2757 2613 2816 2664 ἂν
2882 2616 3043 2687 χάριν
3103 2614 3161 2666 ού
3214 2617 3343 2686 πρός
3397 2617 3454 2667 τό
3514 2620 3777 2687 συμφέρον
3855 2617 3972 2686 ύμῖν

2359 2699 2697 2771 ἀποϐλέψητε,
2772 2700 2878 2752 ἀλλ’
2944 2702 3318 2774 ἐξομοιωθῆναι
3406 2702 3653 2760 θελήσητε
3714 2702 3972 2777 ἀνθρώπῳ

2360 2786 2540 2849 δεινῶς
2574 2786 2939 2862 κακοδαίμονι,
2998 2790 3108 2843 ἀντὶ
3157 2800 3247 2844 τού
3280 2792 3375 2864 ζῇν
3424 2797 3513 2844 καὶ
3559 2796 3771 2865 χαίρειν
3820 2792 3976 2850 ἀνοὲ-

2360 2898 2460 2939 τως
2513 2878 2687 2951 βίαιον
2742 2881 2957 2932 θάνατον
3006 2880 3219 2952 ἑλομένῳ
3278 2897 3291 2948 ;
3362 2885 3461 2933 Καὶ
3513 2889 3681 2932 ταῦτα
3890 2878 3975 2932 οὖν

2361 2968 2659 3043 Οὐαλέριος.
2716 2969 2856 3021 Ἐπεὶ
2895 2974 2980 3021 καὶ
3035 2973 3151 3030 τούς
3196 2969 3373 3041 ἁγίους
3428 2974 3584 3029 ἤκουε
3643 2970 3840 3025 πολλὴν
3887 2974 3976 3042 μὲν

590 2801 982 2866 conducibile,
1016 2801 1120 2856 sed
1143 2801 1314 2857 vultis
1340 2818 1466 2856 esse
1495 2803 1719 2858 similes
1741 2804 1969 2859 homini
1998 2819 2131 2859 vere
2166 2804 2252 2858 in-

594 2890 769 2959 felici,
800 2889 903 2962 qui
935 2905 1043 2958 pro
1075 2889 1195 2945 vita
1224 2897 1281 2945 et
1299 2890 1520 2960 gaudio
1542 2892 1714 2947 stulte
1743 2892 2065 2948 violentam
2096 2908 2251 2949 mor-

595 2983 714 3036 tem
746 2977 919 3046 elegit
945 2982 970 3029 ?
1001 2978 1211 3033 Ethtec
1240 2979 1479 3050 quidem
1505 2979 1787 3035 Valerius.
1846 2980 1994 3036 Cum
2049 2986 2251 3037 autem

598 3066 924 3125 audivisset
949 3073 1188 3122 sanctos
1217 3083 1355 3122 eum
1396 3084 1630 3140 magnae
1658 3086 1936 3125 accusare
2000 3070 2247 3126 stultitia:

2362 3058 2520 3110 αύτοῦ
2581 3064 3062 3129 καταγινώσκοντας
3137 3060 3332 3122 οἰνοιαν,
3393 3061 3538 3110 ἕνεκα
3612 3066 3708 3119 τῆς

2373 3166 2407 3169 _,
2477 3147 2545 3169 9,,
2572 3149 2629 3169 \,~
2714 3168 2755 3169 κν
2790 3152 2868 3169 Im”
2980 3150 3029 3169 ,,‘
3056 3151 3127 3169 ,A,‘
3212 3144 3262 3169 βξ
3314 3152 3420 3169 _!__
3476 3147 3563 3169 P_,\
3621 3167 3666 3169 __
3688 3151 3697 3161 ¹
3732 3168 3737 3169 ,
3790 3168 3793 3169 ν
3838 3148 3911 3169 δἻἾ
3934 3168 3939 3169 ,

602 3160 841 3228 propter
869 3155 982 3210 hoc
1013 3171 1049 3211 a
1070 3155 1291 3211 ratione
1324 3156 1584 3213 alienum
1618 3157 1955 3224 consilium,
1976 3175 2037 3215 se
2051 3165 2247 3216 autem

2365 3147 2663 3219 συμϐουλῆς
2709 3152 2922 3210 ταύτης,
2972 3150 3167 3209 αύτούς
3204 3144 3263 3200 δε
3308 3152 3423 3200 τότε
3473 3147 3740 3208 ζηλωτοὺς
3782 3148 3975 3219 μᾶλλον

600 3248 740 3301 tunc
756 3242 1214 3314 conspiciendos
1230 3244 1403 3316 plane
1424 3245 1622 3301 felices
1637 3263 1707 3302 ac
1730 3247 1931 3303 beatos
1957 3248 2247 3313 arbitrari.

2361 3242 2451 3288 καὶ
2518 3242 2809 3309 μακαρίους
2865 3236 3207 3309 ὀφθήσεσθαι,
3259 3239 3340 3289 ὅτε
3394 3240 3480 3289 τὸν
3535 3233 3795 3289 δοκοῦντα
3854 3237 3976 3311 παρ’

600 3331 847 3404 quando
872 3331 1211 3399 violentam,
1231 3349 1366 3405 quae
1384 3335 1543 3405 apud
1563 3351 1700 3390 eum
1722 3335 1977 3401 videtur,
2003 3338 2257 3406 Agatho-

600 3420 732 3477 dori
774 3427 1024 3476 mortem
1051 3421 1259 3477 imitati
1290 3421 1540 3478 fuerint:
1568 3422 1769 3478 relicta
1819 3440 2024 3477 rursus
2061 3439 2256 3477 einen-

602 3509 707 3565 tita
736 3508 1067 3575 clementia,
1093 3509 1168 3564 ad
1200 3510 1253 3564 ei
1284 3515 1633 3565 consuetam
1652 3516 1708 3565 et
1732 3516 1965 3580 gratam
1984 3527 2256 3567 reversus

603 3602 691 3652 est
721 3595 1006 3652 feritatem
1035 3613 1047 3653 :
1083 3602 1139 3652 et
1168 3612 1240 3652 ea
1269 3594 1426 3664 facit,
1462 3615 1589 3670 qua-3
1620 3599 1815 3671 ipsam
1843 3600 2072 3656 decent.
2108 3602 2257 3655 Lon-

603 3699 677 3755 ge
697 3683 858 3740 enim
881 3684 1269 3755 profecturus,
1304 3701 1340 3740 a
1359 3687 1593 3742 civitate
1618 3688 2028 3746 Sardanorum
2045 3690 2257 3759 Perga-

604 3788 775 3827 mum
808 3788 995 3843 usque
1020 3772 1187 3841 jubet
1214 3772 1411 3841 ipsum
1435 3776 1604 3843 sequi
1659 3784 1893 3830 sanctos
1963 3794 1976 3829 :
2012 3785 2068 3832 et
2094 3780 2252 3847 cogit

604 3875 705 3915 eos
728 3860 855 3931 pari
881 3874 1063 3931 passu
1093 3858 1349 3930 pedibus
1379 3876 1614 3916 currere
1640 3878 1780 3918 cum
1812 3865 1979 3935 equis
2014 3865 2255 3936 pernici-

602 3947 738 4014 bus,
772 3952 829 4003 ut
854 3946 1058 4002 labore
1097 3961 1309 4001 cursus
1331 3946 1656 4017 defatigati,
1689 3951 1837 4022 quid
1854 3950 2035 4015 aliud,
2068 3969 2255 4024 quam

603 4034 766 4090 inviti
793 4039 1160 4090 mutarentur
1181 4040 1235 4089 et
1256 4037 1754 4106 persuaderentur
1799 4039 2049 4095 adorare
2080 4041 2260 4096 simu-

601 4122 763 4179 lacra
788 4124 817 4180 ?
840 4125 1036 4180 Sancti
1058 4129 1279 4188 autem,
1298 4125 1462 4197 quod
1489 4141 1608 4181 non
1633 4132 1785 4183 esset
1808 4128 2002 4199 major
2026 4145 2254 4199 cursus,

605 4228 737 4268 eam
760 4227 885 4268 rem
910 4213 1334 4269 existimabant
1356 4214 1664 4271 detrahere
1695 4218 1770 4273 de
1820 4218 2141 4291 voluptate.
2168 4221 2259 4276 Sic

604 4300 897 4372 quidquid
928 4308 1168 4373 propter
1195 4302 1490 4360 Christum
1522 4304 1908 4375 inferebatur,
1955 4324 2069 4364 non
2134 4326 2257 4364 mo-

602 4387 852 4454 lestiam,
883 4390 988 4444 sed
1017 4407 1301 4461 magnam
1334 4393 1529 4463 potius
1558 4393 1849 4449 afferebat
1880 4395 2165 4459 lmtitiam,
2197 4400 2258 4451 ut

604 4476 771 4547 quod
785 4478 1029 4532 esseteis
1053 4494 1274 4547 magna
1287 4479 1717 4535 demonstratio
1736 4482 1859 4536 suis
1881 4482 1940 4536 in
1956 4483 2257 4539 Christum

2366 3324 2505 3392 αύτῷ
2565 3323 2738 3395 βίαιον
2807 3327 3018 3378 θάνατον
3069 3333 3160 3378 τού
3215 3322 3586 3400 Ἀγαθοδώρου
3653 3330 3973 3397 μνήσονται,

2365 3411 2626 3463 ἀπολιπὼν
2673 3413 2822 3464 ποίλιν
2866 3420 2957 3473 τὴν
3009 3414 3330 3487 ἐψευσμένην
3381 3414 3790 3487 φιλανθρωπίαν,
3849 3419 3979 3487 πρὸς

2364 3505 2454 3559 τὴν
2486 3501 2621 3570 αύτῷ
2674 3504 2871 3561 συνήθη
2916 3510 3003 3555 καὶ
3058 3504 3208 3574 φίλην
3249 3503 3499 3561 ἐπανῆλθε
3545 3500 3833 3575 θηριωδίαν
3890 3510 3979 3555 καὶ

2363 3592 2430 3641 τὰ
2474 3594 2812 3661 προσήκοντα
2854 3599 3020 3643 ταῦτα
3072 3599 3213 3644 ποιεῖ
3255 3609 3265 3621 ·
3330 3594 3533 3666 μακρὰν
3592 3595 3692 3663 γὰρ
3751 3588 3981 3644 ὁδοιπο-

2364 3684 2479 3751 ρίαν
2536 3679 2840 3731 στείλασθαι
2891 3679 3080 3751 μέλλων
3142 3679 3242 3731 ἀπὸ
3296 3688 3391 3742 τῆς
3439 3676 3736 3754 Σαρδιανῶν
3786 3680 3979 3740 πόλεως

2366 3771 2494 3842 πρὸς
2550 3772 2642 3826 τὴν
2703 3772 2994 3841 Πέργαμον,
3064 3767 3359 3821 ἀκολουθεῖν
3428 3769 3567 3839 αύτῷ
3620 3768 3814 3821 κελεύει
3890 3774 3980 3821 καὶ

2368 3861 2487 3918 τοὺς
2532 3859 2714 3927 ἁγίους
2762 3863 2851 3909 καὶ
2904 3865 2973 3927 τῷ
3014 3860 3169 3929 τάχει
3214 3867 3313 3909 τῶν
3366 3859 3531 3911 ἳππων
3560 3864 3869 3929 συντρέχειν
3930 3858 3982 3909 ἐκ

2371 3942 2525 4005 ποδὸς
2574 3945 2875 4016 ἀναγκάζει,
2910 3948 2991 3998 ἵνα
3036 3951 3162 4019 πρὸς
3212 3951 3296 3999 τόν
3328 3946 3382 3999 ἐκ
3430 3954 3523 3999 τοῦ
3568 3943 3768 4019 δρόμου
3821 3952 3983 3999 κόπον

2372 4032 2814 4107 ἀπαγορεύσαντες
2867 4037 2940 4107 (τί
2988 4055 3045 4107 γε
3090 4036 3210 4088 ἄλλο
3246 4036 3285 4107 ς)
3336 4037 3366 4095 ἣ
3424 4040 3514 4088 καὶ
3562 4037 3765 4096 ἄκοντες
3825 4056 3982 4107 μετα-

2371 4122 2608 4175 ϐάλοιντο
2659 4129 2747 4175 καὶ
2778 4126 3053 4189 πεισθεῖεν,
3103 4121 3295 4177 εἴδωλα
3340 4131 3663 4196 προσκυνεῖν.
3719 4126 3785 4175 Οἱ
3834 4125 3980 4197 ἅγιοι

2373 4209 2449 4277 δὲ,
2484 4216 2563 4264 ὄτι
2593 4218 2663 4284 μὴ
2697 4218 2786 4265 καὶ
2821 4212 3004 4265 πλείων
3036 4214 3060 4264 6
3094 4210 3290 4287 δρόμος
3347 4210 3429 4277 ἦν,
3462 4209 3656 4273 ἡδονῆς
3707 4212 3894 4283 ύφεσιν
3927 4218 3981 4265 τό

2370 4308 2589 4373 πρᾶγμα
2637 4304 2857 4372 ἡγοῦντο
2892 4318 2903 4330 ·
2946 4303 3079 4353 ούτω
3112 4308 3209 4353 πᾶν
3260 4306 3317 4353 τό
3368 4299 3461 4353 διὰ
3514 4304 3745 4375 Χριστὸν
3798 4301 3984 4373 ἐπαγόο

2373 4410 2518 4463 μενον
2595 4390 2652 4442 ού
2710 4391 2893 4455 λύπην,
2951 4390 3075 4443 ἀλλὰ
3131 4391 3320 4448 πολλὴν
3378 4390 3569 4463 μᾶλλον
3625 4389 3842 4443 ἐνεποίει
3893 4397 3982 4449 τήν

608 4563 907 4620 desiderii.

678 4651 749 4707 X.
773 4650 922 4708 Cum
951 4666 1092 4722 ergo
1121 4651 1183 4709 in
1213 4653 1357 4708 tanti
1394 4670 1601 4711 cursus
1627 4656 1832 4714 labore
1855 4657 2014 4715 diem
2075 4665 2260 4716 trans-

610 4741 888 4810 egissent,
921 4756 1074 4812 aque
1107 4740 1179 4796 ad
1222 4740 1487 4799 dolorem
1546 4744 1857 4801 vulnerum
1911 4764 2151 4805 suorum
2180 4754 2264 4819 (ut

611 4844 747 4884 cum
761 4829 960 4885 divino
988 4828 1169 4885 David
1190 4828 1387 4885 dicam
1405 4834 1453 4902 ²)
1478 4833 1592 4888 hoc
1612 4850 1853 4907 quoque
1879 4841 2033 4893 esset
2058 4839 2141 4894 eis
2159 4839 2263 4895 ad-

611 4915 821 4982 ditum,
855 4917 1153 4990 simulque
1174 4926 1491 4975 consecuta
1511 4921 2027 4992 fuissetcustodia,
2058 4933 2113 4983 et
2141 4944 2262 4985 nox

608 5005 735 5077 jam
747 5005 1141 5071 adventasset,
1163 5006 1436 5076 angelica
1453 5009 1737 5081 quaedam
1773 5017 1830 5068 et
1855 5014 2053 5071 divina
2080 5018 2260 5072 virtus

610 5092 696 5149 eis
726 5109 1040 5165 apparens,
1069 5094 1297 5150 curavit
1324 5111 1531 5152 eorum
1555 5098 1821 5165 vulnera,
1856 5107 1913 5157 et
1944 5104 2022 5158 ad
2079 5111 2255 5162 certa-

615 5180 778 5236 mina
796 5182 1174 5254 suscipienda
1199 5183 1282 5239 eis
1313 5185 1601 5256 majorem
1631 5186 1845 5243 indidit
1898 5192 2083 5247 animi
2138 5194 2260 5249 ala-

614 5268 897 5353 critatem.
927 5272 1072 5327 Cum
1097 5287 1239 5343 ergo
1269 5288 1447 5330 mane
1469 5275 1817 5334 surrexisset
1844 5278 2125 5347 Valerius,
2163 5282 2262 5353 ju-

617 5352 800 5411 bebat
835 5369 937 5413 eos
965 5357 1217 5428 ingredi,
1252 5360 1330 5417 ab
1358 5361 1626 5421 laborem
1675 5364 2059 5423 solummodo
2088 5373 2143 5425 et
2161 5352 2261 5426 he-

694 5547 715 5581 ²
746 5546 900 5604 Psal.
932 5563 1129 5615 uvni,
1168 5549 1275 5615 27.

2374 4480 2712 4552 εὐφροσύνην,
2780 4481 3009 4551 καθάπερ
3079 4476 3348 4542 ἀπόδειξις
3400 4479 3576 4539 αὐτοῖς
3634 4487 3725 4531 τοῦ
3792 4480 3982 4532 πολλού

2373 4570 2535 4621 πόθου
2566 4577 2657 4621 τοῦ
2688 4572 2816 4641 πρὸς
2846 4572 2929 4619 τόν
2953 4568 3159 4626 Ἰησοῦν
3184 4572 3477 4640 γενομένου.

2446 4657 2502 4711 Ι’.
2553 4665 2635 4726 Τῷ
2683 4665 2806 4727 γοῦν
2846 4663 2934 4709 τοῦ
2976 4660 3228 4709 τοσούτου
3286 4654 3487 4730 δρόμου
3535 4658 3754 4729 καμάτῳ
3799 4653 3983 4728 διημε-

2371 4749 2642 4821 ρεύσαντες
2689 4744 2772 4798 ἐπὶ
2824 4754 2894 4816 τῷ
2951 4746 3098 4817 ἄλγει
3154 4766 3206 4799 τε
3266 4755 3364 4798 τῶν
3414 4747 3725 4818 τραυμάτων
3790 4746 3980 4810 αὐτῶν,

2373 4839 2507 4888 κατὰ
2535 4840 2622 4888 τόν
2664 4838 2794 4889 θεῖον
2826 4838 2980 4909 φάναι
3020 4832 3208 4900 Δαυὶδ,
3240 4840 3329 4888 καὶ
3373 4838 3558 4886 τούτου
3608 4837 3983 4907 προστεθέντος

2374 4926 2567 4989 αύτοῐς,
2625 4923 2734 4977 εἶτα
2789 4930 2875 4977 καὶ
2926 4925 3154 4996 φυλακῆς
3209 4930 3377 4976 ταῦτα
3436 4919 3843 4994 διαδεξαμένης,
3894 4943 3980 4974 νυ-

2371 5018 2495 5076 κτός
2550 5014 2902 5086 ἐπιγενομένης
2968 5018 2997 5071 ἤ
3009 5011 3097 5076 δη,

2374 5101 2597 5174 δύναμις
2640 5102 2899 5155 ἐπιστᾶσα
2945 5102 3254 5177 ἐθεράπευσέ
3311 5120 3363 5153 τε
3416 5101 3593 5162 αὐτοῖς
3645 5102 3736 5160 τὰς
3774 5100 3979 5172 πληγὰς

3173 5012 3419 5084 ἀγγελική
3472 5032 3549 5073 τις
3601 5017 3689 5063 καὶ
3748 5013 3981 5085 θειοτέρα

2372 5197 2461 5244 καὶ
2501 5197 2715 5262 μείζονα
2754 5196 2882 5266 πρός
2920 5196 3035 5251 τούς
3082 5190 3287 5261 ἀγῶνας
3323 5194 3414 5248 τὴν
3470 5191 3766 5261 προθυμίαν
3810 5188 3977 5247 ἐνέθη-

2370 5299 2473 5334 κεν.
2520 5281 2797 5352 Οὐαλέριος
2837 5284 3025 5344 τοίνυν,
3080 5279 3230 5331 ἕωθεν
3281 5277 3530 5346 ἀναστὰς,
3578 5273 3825 5350 βαδίζειν
3892 5277 3977 5329 αύ-

2373 5374 2491 5431 τούς
2542 5368 2733 5422 ἕκελευε
2776 5371 2903 5441 πρὸς
2960 5370 3050 5419 τόν
3097 5373 3249 5419 πόνον
3290 5366 3465 5428 ἁπλῶς
3517 5371 3607 5418 καὶ
3654 5371 3748 5426 τὴν
3803 5366 3978 5419 ταλαι-
