  <div class='ocr_page' id='page_1' title='image "/cluster/home/n/w/nwhite01/storage/ocr_20150623/115/mdp.39015028574336/066.png"; bbox 0 0 4110 6272; ppageno 0'>
   <div class='ocr_carea' id='block_1_1' title="bbox 264 245 368 303">
    <p class='ocr_par' dir='ltr' id='par_1_1' title="bbox 264 245 368 303">
     <span class='ocr_line' id='line_1_1' title="bbox 264 245 368 303; baseline -0.01 -2"><span class='ocrx_word' id='word_1_1' title='bbox 264 245 368 303; x_wconf 74' lang='grc'><strong>117</strong></span> 
     </span>
    </p>
   </div>
   <div class='ocr_carea' id='block_1_2' title="bbox 1416 254 2479 322">
    <p class='ocr_par' dir='ltr' id='par_1_2' title="bbox 1416 254 2479 322">
     <span class='ocr_line' id='line_1_2' title="bbox 1416 254 2479 322; baseline 0.01 -10"><span class='ocrx_word' id='word_1_2' title='bbox 1416 256 1575 313; x_wconf 87' lang='lat' dir='ltr'><strong>VITA</strong></span> <span class='ocrx_word' id='word_1_3' title='bbox 1614 257 1673 313; x_wconf 91' lang='lat' dir='ltr'><strong>S.</strong></span> <span class='ocrx_word' id='word_1_4' title='bbox 1715 254 1932 314; x_wconf 82' lang='lat' dir='ltr'><strong>CABPI</strong></span> <span class='ocrx_word' id='word_1_5' title='bbox 1970 256 2058 312; x_wconf 92' lang='lat' dir='ltr'><strong>ET</strong></span> <span class='ocrx_word' id='word_1_6' title='bbox 2097 258 2479 322; x_wconf 79' lang='lat' dir='ltr'><strong>SOCIORUM.</strong></span> 
     </span>
    </p>
   </div>
   <div class='ocr_carea' id='block_1_3' title="bbox 3526 275 3627 330">
    <p class='ocr_par' dir='ltr' id='par_1_3' title="bbox 3526 275 3627 330">
     <span class='ocr_line' id='line_1_3' title="bbox 3526 275 3627 330; baseline 0 0"><span class='ocrx_word' id='word_1_7' title='bbox 3526 275 3627 330; x_wconf 78' lang='grc'><strong>118</strong></span> 
     </span>
    </p>
   </div>
   <div class='ocr_carea' id='block_1_4' title="bbox 260 374 1857 462">
    <p class='ocr_par' dir='ltr' id='par_1_4' title="bbox 260 374 1857 455">
     <span class='ocr_line' id='line_1_4' title="bbox 260 374 1857 455; baseline 0.007 -33"><span class='ocrx_word' id='word_1_8' title='bbox 260 374 464 443; x_wconf 88' lang='grc' dir='ltr'>πωρίαν</span> <span class='ocrx_word' id='word_1_9' title='bbox 521 380 618 435; x_wconf 77' lang='grc' dir='ltr'>τῆς</span> <span class='ocrx_word' id='word_1_10' title='bbox 682 375 811 444; x_wconf 72' lang='grc' dir='ltr'>χθὲς</span> <span class='ocrx_word' id='word_1_11' title='bbox 871 376 1066 450; x_wconf 82' lang='grc' dir='ltr'>ἡμέρας</span> <span class='ocrx_word' id='word_1_12' title='bbox 1140 378 1454 434; x_wconf 79' lang='grc' dir='ltr'><strong>ἀποσκοπῶν</strong></span> <span class='ocrx_word' id='word_1_13' title='bbox 1503 387 1594 436; x_wconf 85' lang='grc' dir='ltr'>καὶ</span> <span class='ocrx_word' id='word_1_14' title='bbox 1645 383 1857 455; x_wconf 75' lang='grc' dir='ltr'>οἰόμενοι</span> 
     </span>
    </p>
   </div>
   <div class='ocr_carea' id='block_1_5' title="bbox 1969 374 3625 462">
    <p class='ocr_par' dir='ltr' id='par_1_5' title="bbox 1982 385 3625 462">
     <span class='ocr_line' id='line_1_5' title="bbox 1982 385 3625 462; baseline 0.011 -26"><span class='ocrx_word' id='word_1_15' title='bbox 1982 385 2194 441; x_wconf 69' lang='lat' dir='ltr'><strong>sternte</strong></span> <span class='ocrx_word' id='word_1_16' title='bbox 2216 387 2331 444; x_wconf 91' lang='lat' dir='ltr'><strong>diei</strong></span> <span class='ocrx_word' id='word_1_17' title='bbox 2347 392 2649 462; x_wconf 84' lang='lat' dir='ltr'><strong>aspiciens</strong></span> <span class='ocrx_word' id='word_1_18' title='bbox 2661 391 3062 457; x_wconf 82' lang='lat' dir='ltr'><strong>aﬂlictionem,</strong></span> <span class='ocrx_word' id='word_1_19' title='bbox 3083 393 3505 452; x_wconf 82' lang='lat' dir='ltr'><strong>etexistimans</strong></span> <span class='ocrx_word' id='word_1_20' title='bbox 3517 411 3625 454; x_wconf 87' lang='lat' dir='ltr'><strong>eos</strong></span> 
     </span>
    </p>
   </div>
   <div class='ocr_carea' id='block_1_6' title="bbox 261 459 1865 534">
    <p class='ocr_par' dir='ltr' id='par_1_6' title="bbox 261 459 1865 534">
     <span class='ocr_line' id='line_1_6' title="bbox 261 459 1865 534; baseline 0.008 -22"><span class='ocrx_word' id='word_1_21' title='bbox 261 459 415 531; x_wconf 81' lang='grc' dir='ltr'>μόλις</span> <span class='ocrx_word' id='word_1_22' title='bbox 444 459 503 511; x_wconf 81' lang='grc' dir='ltr'>ἂν</span> <span class='ocrx_word' id='word_1_23' title='bbox 532 467 622 514; x_wconf 84' lang='grc' dir='ltr'><strong>καὶ</strong></span> <span class='ocrx_word' id='word_1_24' title='bbox 661 460 1087 534; x_wconf 78' lang='grc' dir='ltr'>βασταζομένους</span> <span class='ocrx_word' id='word_1_25' title='bbox 1143 472 1236 526; x_wconf 80' lang='grc' dir='ltr'>τὴν</span> <span class='ocrx_word' id='word_1_26' title='bbox 1263 467 1386 521; x_wconf 69' lang='grc' dir='ltr'>ὁδὸν</span> <span class='ocrx_word' id='word_1_27' title='bbox 1445 469 1633 524; x_wconf 90' lang='grc' dir='ltr'>ἀνύσαι</span> <span class='ocrx_word' id='word_1_28' title='bbox 1666 487 1680 501; x_wconf 83' lang='grc'><strong><em>⁸</em></strong></span> <span class='ocrx_word' id='word_1_29' title='bbox 1711 476 1781 534; x_wconf 83' lang='grc' dir='ltr'>ὡς</span> <span class='ocrx_word' id='word_1_30' title='bbox 1808 469 1865 525; x_wconf 73' lang='grc' dir='ltr'><strong>δε</strong></span> 
     </span>
    </p>
   </div>
   <div class='ocr_carea' id='block_1_7' title="bbox 261 548 1870 626">
    <p class='ocr_par' dir='ltr' id='par_1_7' title="bbox 261 548 1870 626">
     <span class='ocr_line' id='line_1_7' title="bbox 261 548 1870 626; baseline 0.006 -26"><span class='ocrx_word' id='word_1_31' title='bbox 261 548 431 610; x_wconf 81' lang='grc' dir='ltr'>οὕτως</span> <span class='ocrx_word' id='word_1_32' title='bbox 493 552 712 620; x_wconf 80' lang='grc' dir='ltr'>ἔχοντας</span> <span class='ocrx_word' id='word_1_33' title='bbox 773 549 1084 625; x_wconf 76' lang='grc' dir='ltr'>ἐρρωμένους</span> <span class='ocrx_word' id='word_1_34' title='bbox 1159 555 1312 626; x_wconf 78' lang='grc' dir='ltr'>ἑώρα,</span> <span class='ocrx_word' id='word_1_35' title='bbox 1351 563 1439 610; x_wconf 86' lang='grc' dir='ltr'>καὶ</span> <span class='ocrx_word' id='word_1_36' title='bbox 1513 561 1577 610; x_wconf 85' lang='grc' dir='ltr'><strong>τά</strong></span> <span class='ocrx_word' id='word_1_37' title='bbox 1677 563 1870 612; x_wconf 88' lang='grc' dir='ltr'>τούτων</span> 
     </span>
    </p>
   </div>
   <div class='ocr_carea' id='block_1_8' title="bbox 260 639 1870 721">
    <p class='ocr_par' dir='ltr' id='par_1_8' title="bbox 260 639 1870 721">
     <span class='ocr_line' id='line_1_8' title="bbox 260 639 1870 721; baseline 0.008 -33"><span class='ocrx_word' id='word_1_38' title='bbox 260 642 519 711; x_wconf 89' lang='grc' dir='ltr'>πρόσωπα</span> <span class='ocrx_word' id='word_1_39' title='bbox 559 639 808 693; x_wconf 80' lang='grc' dir='ltr'>θάλλοντα</span> <span class='ocrx_word' id='word_1_40' title='bbox 854 641 1042 712; x_wconf 85' lang='grc' dir='ltr'>μᾶλλον</span> <span class='ocrx_word' id='word_1_41' title='bbox 1093 652 1192 696; x_wconf 86' lang='grc' dir='ltr'>τῶν</span> <span class='ocrx_word' id='word_1_42' title='bbox 1243 645 1476 721; x_wconf 82' lang='grc' dir='ltr'><strong>λουτροῖς</strong></span> <span class='ocrx_word' id='word_1_43' title='bbox 1526 654 1615 700; x_wconf 83' lang='grc' dir='ltr'>καὶ</span> <span class='ocrx_word' id='word_1_44' title='bbox 1665 648 1870 701; x_wconf 78' lang='grc' dir='ltr'><strong>ἀνέσεσι</strong></span> 
     </span>
    </p>
   </div>
   <div class='ocr_carea' id='block_1_9' title="bbox 261 726 1867 808">
    <p class='ocr_par' dir='ltr' id='par_1_9' title="bbox 261 726 1867 808">
     <span class='ocr_line' id='line_1_9' title="bbox 261 726 1867 808; baseline 0.008 -31"><span class='ocrx_word' id='word_1_45' title='bbox 261 731 350 778; x_wconf 83' lang='grc' dir='ltr'>καὶ</span> <span class='ocrx_word' id='word_1_46' title='bbox 391 733 747 802; x_wconf 84' lang='grc' dir='ltr'>σκιατραγφίᾳ</span> <span class='ocrx_word' id='word_1_47' title='bbox 799 726 1047 792; x_wconf 76' lang='grc' dir='ltr'><strong>διηνεκῶς</strong></span> <span class='ocrx_word' id='word_1_48' title='bbox 1071 739 1472 806; x_wconf 80' lang='grc' dir='ltr'><strong>προσκειμένων,</strong></span> <span class='ocrx_word' id='word_1_49' title='bbox 1516 743 1760 808; x_wconf 76' lang='grc' dir='ltr'><strong>γοητείαν</strong></span> <span class='ocrx_word' id='word_1_50' title='bbox 1809 741 1867 790; x_wconf 89' lang='grc' dir='ltr'>τὸ</span> 
     </span>
    </p>
   </div>
   <div class='ocr_carea' id='block_1_10' title="bbox 259 815 1868 897">
    <p class='ocr_par' dir='ltr' id='par_1_10' title="bbox 259 815 1868 897">
     <span class='ocr_line' id='line_1_10' title="bbox 259 815 1868 897; baseline 0.008 -31"><span class='ocrx_word' id='word_1_51' title='bbox 259 821 479 888; x_wconf 81' lang='grc' dir='ltr'>πρᾶγμα</span> <span class='ocrx_word' id='word_1_52' title='bbox 507 815 674 870; x_wconf 77' lang='grc' dir='ltr'><strong>ἐκάλει</strong></span> <span class='ocrx_word' id='word_1_53' title='bbox 711 819 737 870; x_wconf 98' lang='lat'><strong>6</strong></span> <span class='ocrx_word' id='word_1_54' title='bbox 800 815 1061 891; x_wconf 80' lang='grc' dir='ltr'><strong>δαιμόνων</strong></span> <span class='ocrx_word' id='word_1_55' title='bbox 1089 820 1289 884; x_wconf 84' lang='grc' dir='ltr'>ἀληθῶς</span> <span class='ocrx_word' id='word_1_56' title='bbox 1342 825 1582 897; x_wconf 78' lang='grc' dir='ltr'><strong>ἔμπλεως,</strong></span> <span class='ocrx_word' id='word_1_57' title='bbox 1641 831 1730 878; x_wconf 85' lang='grc' dir='ltr'>καὶ</span> <span class='ocrx_word' id='word_1_58' title='bbox 1775 823 1868 878; x_wconf 82' lang='grc' dir='ltr'>διὰ</span> 
     </span>
    </p>
   </div>
   <div class='ocr_carea' id='block_1_11' title="bbox 258 911 1866 988">
    <p class='ocr_par' dir='ltr' id='par_1_11' title="bbox 258 911 1866 988">
     <span class='ocr_line' id='line_1_11' title="bbox 258 911 1866 988; baseline 0.007 -31"><span class='ocrx_word' id='word_1_59' title='bbox 258 913 411 957; x_wconf 78' lang='grc' dir='ltr'>τοῦτο</span> <span class='ocrx_word' id='word_1_60' title='bbox 476 911 567 959; x_wconf 83' lang='grc' dir='ltr'>καὶ</span> <span class='ocrx_word' id='word_1_61' title='bbox 633 911 934 982; x_wconf 78' lang='grc' dir='ltr'><strong>προσετίθει</strong></span> <span class='ocrx_word' id='word_1_62' title='bbox 1020 919 1126 972; x_wconf 89' lang='grc' dir='ltr'>τοῖς</span> <span class='ocrx_word' id='word_1_63' title='bbox 1195 912 1476 981; x_wconf 80' lang='grc' dir='ltr'><strong>ἐπιπόνοις,</strong></span> <span class='ocrx_word' id='word_1_64' title='bbox 1576 918 1866 988; x_wconf 71' lang='grc' dir='ltr'><strong>θεραπεύων</strong></span> 
     </span>
    </p>
   </div>
   <div class='ocr_carea' id='block_1_12' title="bbox 257 993 1865 1077">
    <p class='ocr_par' dir='ltr' id='par_1_12' title="bbox 257 993 1865 1077">
     <span class='ocr_line' id='line_1_12' title="bbox 257 993 1865 1077; baseline 0.008 -32"><span class='ocrx_word' id='word_1_65' title='bbox 257 993 422 1064; x_wconf 86' lang='grc' dir='ltr'>ἐαυτῷ</span> <span class='ocrx_word' id='word_1_66' title='bbox 453 999 540 1048; x_wconf 87' lang='grc' dir='ltr'>τὸν</span> <span class='ocrx_word' id='word_1_67' title='bbox 590 997 752 1069; x_wconf 82' lang='grc' dir='ltr'>θυμὸν</span> <span class='ocrx_word' id='word_1_68' title='bbox 805 1002 894 1050; x_wconf 82' lang='grc' dir='ltr'>καὶ</span> <span class='ocrx_word' id='word_1_69' title='bbox 951 995 1159 1072; x_wconf 80' lang='grc' dir='ltr'>σιδήρῳ</span> <span class='ocrx_word' id='word_1_70' title='bbox 1221 1007 1278 1054; x_wconf 90' lang='grc' dir='ltr'><strong>τό</strong></span> <span class='ocrx_word' id='word_1_71' title='bbox 1347 1004 1474 1075; x_wconf 85' lang='grc' dir='ltr'>μέλη</span> <span class='ocrx_word' id='word_1_72' title='bbox 1535 1007 1865 1077; x_wconf 83' lang='grc' dir='ltr'>πανταχόθεν</span> 
     </span>
    </p>
   </div>
   <div class='ocr_carea' id='block_1_13' title="bbox 253 1080 1866 1156">
    <p class='ocr_par' dir='ltr' id='par_1_13' title="bbox 253 1080 1866 1156">
     <span class='ocr_line' id='line_1_13' title="bbox 253 1080 1866 1156; baseline 0.009 -23"><span class='ocrx_word' id='word_1_73' title='bbox 253 1080 638 1156; x_wconf 80' lang='grc' dir='ltr'>βαρυνομένους</span> <span class='ocrx_word' id='word_1_74' title='bbox 688 1084 882 1139; x_wconf 79' lang='grc' dir='ltr'>ἐκέλευε</span> <span class='ocrx_word' id='word_1_75' title='bbox 929 1087 1081 1141; x_wconf 88' lang='grc' dir='ltr'>πάλιν</span> <span class='ocrx_word' id='word_1_76' title='bbox 1132 1086 1356 1146; x_wconf 83' lang='grc' dir='ltr'>ὁδεύειν.</span> <span class='ocrx_word' id='word_1_77' title='bbox 1425 1094 1566 1146; x_wconf 78' lang='grc' dir='ltr'>Ἐπεὶ</span> <span class='ocrx_word' id='word_1_78' title='bbox 1613 1091 1672 1146; x_wconf 76' lang='grc' dir='ltr'><strong>δε</strong></span> <span class='ocrx_word' id='word_1_79' title='bbox 1721 1091 1866 1149; x_wconf 78' lang='grc' dir='ltr'>οὗτός</span> 
     </span>
    </p>
   </div>
   <div class='ocr_carea' id='block_1_14' title="bbox 254 1170 1866 1253">
    <p class='ocr_par' dir='ltr' id='par_1_14' title="bbox 254 1170 1866 1253">
     <span class='ocr_line' id='line_1_14' title="bbox 254 1170 1866 1253; baseline 0.008 -31"><span class='ocrx_word' id='word_1_80' title='bbox 254 1189 310 1223; x_wconf 85' lang='grc' dir='ltr'><strong>τε</strong></span> <span class='ocrx_word' id='word_1_81' title='bbox 337 1170 565 1225; x_wconf 83' lang='grc' dir='ltr'>κάκεῖνοι</span> <span class='ocrx_word' id='word_1_82' title='bbox 608 1173 656 1225; x_wconf 90' lang='grc' dir='ltr'><strong>ἐν</strong></span> <span class='ocrx_word' id='word_1_83' title='bbox 707 1182 780 1244; x_wconf 85' lang='grc' dir='ltr'>τῷ</span> <span class='ocrx_word' id='word_1_84' title='bbox 845 1177 1114 1249; x_wconf 77' lang='grc' dir='ltr'><strong>ὡρισμένῳ</strong></span> <span class='ocrx_word' id='word_1_85' title='bbox 1176 1185 1426 1250; x_wconf 86' lang='grc' dir='ltr'>γεγόνασι</span> <span class='ocrx_word' id='word_1_86' title='bbox 1481 1186 1640 1253; x_wconf 83' lang='grc' dir='ltr'><strong>τόπῳ,</strong></span> <span class='ocrx_word' id='word_1_87' title='bbox 1701 1184 1866 1244; x_wconf 83' lang='grc' dir='ltr'>θύσας</span> 
     </span>
    </p>
   </div>
   <div class='ocr_carea' id='block_1_15' title="bbox 257 1255 1862 1342">
    <p class='ocr_par' dir='ltr' id='par_1_15' title="bbox 257 1255 1862 1342">
     <span class='ocr_line' id='line_1_15' title="bbox 257 1255 1862 1342; baseline 0.006 -30"><span class='ocrx_word' id='word_1_88' title='bbox 257 1255 509 1332; x_wconf 80' lang='grc' dir='ltr'>δαίμοσιν</span> <span class='ocrx_word' id='word_1_89' title='bbox 549 1262 844 1338; x_wconf 76' lang='grc' dir='ltr'>Οὐαλέριος,</span> <span class='ocrx_word' id='word_1_90' title='bbox 877 1263 960 1318; x_wconf 81' lang='grc' dir='ltr'><strong>ἐπὶ</strong></span> <span class='ocrx_word' id='word_1_91' title='bbox 1007 1262 1326 1320; x_wconf 85' lang='grc' dir='ltr'>δικαστικοῦ</span> <span class='ocrx_word' id='word_1_92' title='bbox 1377 1267 1618 1341; x_wconf 77' lang='grc' dir='ltr'>βήματος</span> <span class='ocrx_word' id='word_1_93' title='bbox 1661 1290 1862 1342; x_wconf 90' lang='grc' dir='ltr'>προκα-</span> 
     </span>
    </p>
   </div>
   <div class='ocr_carea' id='block_1_16' title="bbox 258 1348 1860 1432">
    <p class='ocr_par' dir='ltr' id='par_1_16' title="bbox 258 1348 1860 1432">
     <span class='ocr_line' id='line_1_16' title="bbox 258 1348 1860 1432; baseline 0.006 -32"><span class='ocrx_word' id='word_1_94' title='bbox 258 1348 392 1408; x_wconf 79' lang='grc' dir='ltr'>θίξει</span> <span class='ocrx_word' id='word_1_95' title='bbox 420 1355 506 1403; x_wconf 77' lang='grc' dir='ltr'>καὶ</span> <span class='ocrx_word' id='word_1_96' title='bbox 534 1354 622 1402; x_wconf 89' lang='grc' dir='ltr'>τὸν</span> <span class='ocrx_word' id='word_1_97' title='bbox 674 1355 931 1428; x_wconf 88' lang='grc' dir='ltr'>μακάριον</span> <span class='ocrx_word' id='word_1_98' title='bbox 985 1359 1458 1429; x_wconf 87' lang='grc' dir='ltr'>παραστησάμενος</span> <span class='ocrx_word' id='word_1_99' title='bbox 1516 1360 1722 1432; x_wconf 82' lang='grc' dir='ltr'>Κάρπον</span> <span class='ocrx_word' id='word_1_100' title='bbox 1772 1363 1860 1410; x_wconf 80' lang='grc' dir='ltr'>καὶ</span> 
     </span>
    </p>
   </div>
   <div class='ocr_carea' id='block_1_17' title="bbox 252 1441 1857 1517">
    <p class='ocr_par' dir='ltr' id='par_1_17' title="bbox 252 1441 1857 1517">
     <span class='ocr_line' id='line_1_17' title="bbox 252 1441 1857 1517; baseline 0.005 -29"><span class='ocrx_word' id='word_1_101' title='bbox 252 1441 529 1511; x_wconf 90' lang='grc' dir='ltr'>πρόσωπον</span> <span class='ocrx_word' id='word_1_102' title='bbox 580 1442 803 1514; x_wconf 81' lang='grc' dir='ltr'>περιθεὶς</span> <span class='ocrx_word' id='word_1_103' title='bbox 893 1441 1058 1514; x_wconf 83' lang='grc' dir='ltr'>ἐαυτῷ</span> <span class='ocrx_word' id='word_1_104' title='bbox 1108 1453 1300 1497; x_wconf 82' lang='grc' dir='ltr'>πιστοῦ</span> <span class='ocrx_word' id='word_1_105' title='bbox 1357 1465 1495 1508; x_wconf 83' lang='grc' dir='ltr'>τινος</span> <span class='ocrx_word' id='word_1_106' title='bbox 1551 1447 1700 1517; x_wconf 92' lang='grc' dir='ltr'>φίλου</span> <span class='ocrx_word' id='word_1_107' title='bbox 1766 1466 1857 1497; x_wconf 88' lang='grc' dir='ltr'><strong>και</strong></span> 
     </span>
    </p>
   </div>
   <div class='ocr_carea' id='block_1_18' title="bbox 253 1526 1856 1608">
    <p class='ocr_par' dir='ltr' id='par_1_18' title="bbox 253 1526 1856 1608">
     <span class='ocr_line' id='line_1_18' title="bbox 253 1526 1856 1608; baseline 0.004 -32"><span class='ocrx_word' id='word_1_108' title='bbox 253 1526 448 1600; x_wconf 83' lang='grc' dir='ltr'>θερμὴν</span> <span class='ocrx_word' id='word_1_109' title='bbox 504 1531 718 1600; x_wconf 80' lang='grc' dir='ltr'>ἔχοντος</span> <span class='ocrx_word' id='word_1_110' title='bbox 783 1535 878 1589; x_wconf 79' lang='grc' dir='ltr'>τὴν</span> <span class='ocrx_word' id='word_1_111' title='bbox 942 1537 1060 1604; x_wconf 79' lang='grc' dir='ltr'>περὶ</span> <span class='ocrx_word' id='word_1_112' title='bbox 1116 1533 1276 1584; x_wconf 79' lang='grc' dir='ltr'>αὐτοῦ</span> <span class='ocrx_word' id='word_1_113' title='bbox 1336 1537 1604 1608; x_wconf 72' lang='grc' dir='ltr'>μέρὶμνανο</span> <span class='ocrx_word' id='word_1_114' title='bbox 1659 1534 1856 1605; x_wconf 83' lang='grc' dir='ltr'>Ἐχρῆν</span> 
     </span>
    </p>
   </div>
   <div class='ocr_carea' id='block_1_19' title="bbox 249 1616 1856 1694">
    <p class='ocr_par' dir='ltr' id='par_1_19' title="bbox 249 1616 1856 1694">
     <span class='ocr_line' id='line_1_19' title="bbox 249 1616 1856 1694; baseline 0.004 -27"><span class='ocrx_word' id='word_1_115' title='bbox 249 1617 362 1685; x_wconf 68' lang='grc' dir='ltr'>μεν,</span> <span class='ocrx_word' id='word_1_116' title='bbox 421 1617 578 1682; x_wconf 81' lang='grc' dir='ltr'>εἶπεν,</span> <span class='ocrx_word' id='word_1_117' title='bbox 641 1616 948 1692; x_wconf 76' lang='grc' dir='ltr'>αἰδούμενον</span> <span class='ocrx_word' id='word_1_118' title='bbox 999 1640 1055 1674; x_wconf 89' lang='grc' dir='ltr'><strong>σε</strong></span> <span class='ocrx_word' id='word_1_119' title='bbox 1105 1626 1198 1680; x_wconf 80' lang='grc' dir='ltr'>τὴν</span> <span class='ocrx_word' id='word_1_120' title='bbox 1253 1622 1443 1680; x_wconf 81' lang='grc' dir='ltr'>πολλὴν</span> <span class='ocrx_word' id='word_1_121' title='bbox 1499 1625 1644 1694; x_wconf 82' lang='grc' dir='ltr'>ἡμῶν</span> <span class='ocrx_word' id='word_1_122' title='bbox 1697 1621 1856 1674; x_wconf 86' lang='grc' dir='ltr'>ἐπιεί-</span> 
     </span>
    </p>
   </div>
   <div class='ocr_carea' id='block_1_20' title="bbox 1982 471 3623 553">
    <p class='ocr_par' dir='ltr' id='par_1_20' title="bbox 1982 471 3623 553">
     <span class='ocr_line' id='line_1_20' title="bbox 1982 471 3623 553; baseline 0.01 -29"><span class='ocrx_word' id='word_1_123' title='bbox 1982 471 2076 526; x_wconf 86' lang='lat' dir='ltr'><strong>vix</strong></span> <span class='ocrx_word' id='word_1_124' title='bbox 2107 475 2343 533; x_wconf 87' lang='lat' dir='ltr'><strong>tandem</strong></span> <span class='ocrx_word' id='word_1_125' title='bbox 2378 486 2639 549; x_wconf 92' lang='lat' dir='ltr'><strong>portatos</strong></span> <span class='ocrx_word' id='word_1_126' title='bbox 2668 484 2775 537; x_wconf 90' lang='lat' dir='ltr'><strong>iter</strong></span> <span class='ocrx_word' id='word_1_127' title='bbox 2794 497 2972 553; x_wconf 88' lang='lat' dir='ltr'><strong>posse</strong></span> <span class='ocrx_word' id='word_1_128' title='bbox 2999 481 3309 538; x_wconf 85' lang='lat' dir='ltr'><strong>conﬁcere.</strong></span> <span class='ocrx_word' id='word_1_129' title='bbox 3343 485 3489 540; x_wconf 92' lang='lat' dir='ltr'><strong>Cum</strong></span> <span class='ocrx_word' id='word_1_130' title='bbox 3521 500 3623 540; x_wconf 86' lang='lat' dir='ltr'><strong>au-</strong></span> 
     </span>
    </p>
   </div>
   <div class='ocr_carea' id='block_1_21' title="bbox 1979 562 3625 638">
    <p class='ocr_par' dir='ltr' id='par_1_21' title="bbox 1979 562 3625 638">
     <span class='ocr_line' id='line_1_21' title="bbox 1979 562 3625 638; baseline 0.007 -23"><span class='ocrx_word' id='word_1_131' title='bbox 1979 564 2095 616; x_wconf 91' lang='lat' dir='ltr'><strong>tem</strong></span> <span class='ocrx_word' id='word_1_132' title='bbox 2119 562 2508 623; x_wconf 85' lang='lat' dir='ltr'><strong>vidissetillos</strong></span> <span class='ocrx_word' id='word_1_133' title='bbox 2539 570 2690 626; x_wconf 90' lang='lat' dir='ltr'><strong>adeo</strong></span> <span class='ocrx_word' id='word_1_134' title='bbox 2714 569 2977 625; x_wconf 87' lang='lat' dir='ltr'><strong>valentes</strong></span> <span class='ocrx_word' id='word_1_135' title='bbox 3005 575 3059 625; x_wconf 86' lang='lat' dir='ltr'><strong>et</strong></span> <span class='ocrx_word' id='word_1_136' title='bbox 3085 570 3380 638; x_wconf 89' lang='lat' dir='ltr'><strong>robustos,</strong></span> <span class='ocrx_word' id='word_1_137' title='bbox 3416 577 3472 628; x_wconf 90' lang='lat' dir='ltr'><strong>et</strong></span> <span class='ocrx_word' id='word_1_138' title='bbox 3499 572 3625 628; x_wconf 93' lang='lat' dir='ltr'><strong>vul-</strong></span> 
     </span>
    </p>
   </div>
   <div class='ocr_carea' id='block_1_22' title="bbox 1979 652 3621 730">
    <p class='ocr_par' dir='ltr' id='par_1_22' title="bbox 1979 652 3621 730">
     <span class='ocr_line' id='line_1_22' title="bbox 1979 652 3621 730; baseline 0.01 -29"><span class='ocrx_word' id='word_1_139' title='bbox 1979 652 2072 702; x_wconf 92' lang='lat' dir='ltr'><strong>tus</strong></span> <span class='ocrx_word' id='word_1_140' title='bbox 2102 667 2306 708; x_wconf 90' lang='lat' dir='ltr'><strong>eorum</strong></span> <span class='ocrx_word' id='word_1_141' title='bbox 2333 671 2453 711; x_wconf 92' lang='lat' dir='ltr'><strong>non</strong></span> <span class='ocrx_word' id='word_1_142' title='bbox 2474 658 2674 713; x_wconf 90' lang='lat' dir='ltr'><strong>minus</strong></span> <span class='ocrx_word' id='word_1_143' title='bbox 2690 658 2852 714; x_wconf 83' lang='lat' dir='ltr'><strong>laetos</strong></span> <span class='ocrx_word' id='word_1_144' title='bbox 2864 663 2920 713; x_wconf 91' lang='lat' dir='ltr'><strong>et</strong></span> <span class='ocrx_word' id='word_1_145' title='bbox 2941 659 3186 722; x_wconf 86' lang='lat' dir='ltr'><strong>alacres,</strong></span> <span class='ocrx_word' id='word_1_146' title='bbox 3207 674 3390 730; x_wconf 90' lang='lat' dir='ltr'><strong>quam</strong></span> <span class='ocrx_word' id='word_1_147' title='bbox 3412 675 3621 717; x_wconf 88' lang='lat' dir='ltr'><strong>eorum</strong></span> 
     </span>
    </p>
   </div>
   <div class='ocr_carea' id='block_1_23' title="bbox 1977 739 3624 816">
    <p class='ocr_par' dir='ltr' id='par_1_23' title="bbox 1977 739 3624 816">
     <span class='ocr_line' id='line_1_23' title="bbox 1977 739 3624 816; baseline 0.007 -24"><span class='ocrx_word' id='word_1_148' title='bbox 1977 739 2081 807; x_wconf 92' lang='lat' dir='ltr'><strong>qui</strong></span> <span class='ocrx_word' id='word_1_149' title='bbox 2112 744 2345 797; x_wconf 89' lang='lat' dir='ltr'><strong>utuntur</strong></span> <span class='ocrx_word' id='word_1_150' title='bbox 2377 745 2615 801; x_wconf 80' lang='lat' dir='ltr'><strong>assidue</strong></span> <span class='ocrx_word' id='word_1_151' title='bbox 2643 746 2921 812; x_wconf 79' lang='lat' dir='ltr'><strong>lavacris,</strong></span> <span class='ocrx_word' id='word_1_152' title='bbox 2953 750 3008 801; x_wconf 90' lang='lat' dir='ltr'><strong>et</strong></span> <span class='ocrx_word' id='word_1_153' title='bbox 3047 747 3224 802; x_wconf 88' lang='lat' dir='ltr'><strong>vitam</strong></span> <span class='ocrx_word' id='word_1_154' title='bbox 3263 753 3450 816; x_wconf 88' lang='lat' dir='ltr'><strong>agunt</strong></span> <span class='ocrx_word' id='word_1_155' title='bbox 3488 765 3624 804; x_wconf 91' lang='lat' dir='ltr'><strong>um-</strong></span> 
     </span>
    </p>
   </div>
   <div class='ocr_carea' id='block_1_24' title="bbox 1978 823 3623 906">
    <p class='ocr_par' dir='ltr' id='par_1_24' title="bbox 1978 823 3623 906">
     <span class='ocr_line' id='line_1_24' title="bbox 1978 823 3623 906; baseline 0.008 -26"><span class='ocrx_word' id='word_1_156' title='bbox 1978 823 2267 894; x_wconf 86' lang='lat' dir='ltr'><strong>bratilem,</strong></span> <span class='ocrx_word' id='word_1_157' title='bbox 2294 847 2424 888; x_wconf 90' lang='lat' dir='ltr'><strong>eam</strong></span> <span class='ocrx_word' id='word_1_158' title='bbox 2445 849 2570 890; x_wconf 92' lang='lat' dir='ltr'><strong>rem</strong></span> <span class='ocrx_word' id='word_1_159' title='bbox 2595 836 2843 890; x_wconf 88' lang='lat' dir='ltr'><strong>vocabat</strong></span> <span class='ocrx_word' id='word_1_160' title='bbox 2864 835 3194 905; x_wconf 72' lang='lat' dir='ltr'><strong>praestigias</strong></span> <span class='ocrx_word' id='word_1_161' title='bbox 3215 835 3315 906; x_wconf 88' lang='lat' dir='ltr'><strong>qui</strong></span> <span class='ocrx_word' id='word_1_162' title='bbox 3339 852 3476 892; x_wconf 83' lang='lat' dir='ltr'><strong>vere</strong></span> <span class='ocrx_word' id='word_1_163' title='bbox 3497 841 3623 893; x_wconf 85' lang='lat' dir='ltr'><strong>erat.</strong></span> 
     </span>
    </p>
   </div>
   <div class='ocr_carea' id='block_1_25' title="bbox 1976 914 3622 996">
    <p class='ocr_par' dir='ltr' id='par_1_25' title="bbox 1976 914 3622 996">
     <span class='ocr_line' id='line_1_25' title="bbox 1976 914 3622 996; baseline 0.008 -27"><span class='ocrx_word' id='word_1_164' title='bbox 1976 914 2186 985; x_wconf 90' lang='lat' dir='ltr'><strong>plenus</strong></span> <span class='ocrx_word' id='word_1_165' title='bbox 2207 918 2577 977; x_wconf 68' lang='lat' dir='ltr'><strong>daemonibus</strong></span> <span class='ocrx_word' id='word_1_166' title='bbox 2598 939 2610 978; x_wconf 83' lang='lat'>:</span> <span class='ocrx_word' id='word_1_167' title='bbox 2629 928 2684 978; x_wconf 86' lang='lat' dir='ltr'><strong>et</strong></span> <span class='ocrx_word' id='word_1_168' title='bbox 2703 923 2838 979; x_wconf 92' lang='lat' dir='ltr'><strong>ideo</strong></span> <span class='ocrx_word' id='word_1_169' title='bbox 2869 923 3217 996; x_wconf 86' lang='lat' dir='ltr'><strong>ampliorem</strong></span> <span class='ocrx_word' id='word_1_170' title='bbox 3240 923 3324 978; x_wconf 92' lang='lat' dir='ltr'><strong>eis</strong></span> <span class='ocrx_word' id='word_1_171' title='bbox 3353 924 3622 994; x_wconf 87' lang='lat' dir='ltr'><strong>adjunxit</strong></span> 
     </span>
    </p>
   </div>
   <div class='ocr_carea' id='block_1_26' title="bbox 1975 1003 3620 1085">
    <p class='ocr_par' dir='ltr' id='par_1_26' title="bbox 1975 1003 3620 1085">
     <span class='ocr_line' id='line_1_26' title="bbox 1975 1003 3620 1085; baseline 0.006 -27"><span class='ocrx_word' id='word_1_172' title='bbox 1975 1003 2236 1061; x_wconf 89' lang='lat' dir='ltr'><strong>dolorem</strong></span> <span class='ocrx_word' id='word_1_173' title='bbox 2269 1024 2282 1073; x_wconf 91' lang='lat'><strong>;</strong></span> <span class='ocrx_word' id='word_1_174' title='bbox 2308 1024 2448 1065; x_wconf 92' lang='lat' dir='ltr'><strong>nam</strong></span> <span class='ocrx_word' id='word_1_175' title='bbox 2471 1027 2680 1067; x_wconf 90' lang='lat' dir='ltr'><strong>eorum</strong></span> <span class='ocrx_word' id='word_1_176' title='bbox 2700 1011 2988 1067; x_wconf 87' lang='lat' dir='ltr'><strong>membris</strong></span> <span class='ocrx_word' id='word_1_177' title='bbox 3013 1011 3340 1067; x_wconf 85' lang='lat' dir='ltr'><strong>ferroomni</strong></span> <span class='ocrx_word' id='word_1_178' title='bbox 3362 1027 3433 1068; x_wconf 80' lang='lat' dir='ltr'><strong>ex</strong></span> <span class='ocrx_word' id='word_1_179' title='bbox 3456 1020 3620 1085; x_wconf 88' lang='lat' dir='ltr'><strong>parte</strong></span> 
     </span>
    </p>
   </div>
   <div class='ocr_carea' id='block_1_27' title="bbox 1973 1096 3619 1172">
    <p class='ocr_par' dir='ltr' id='par_1_27' title="bbox 1973 1096 3619 1172">
     <span class='ocr_line' id='line_1_27' title="bbox 1973 1096 3619 1172; baseline 0.006 -26"><span class='ocrx_word' id='word_1_180' title='bbox 1973 1096 2256 1161; x_wconf 80' lang='lat' dir='ltr'><strong>gravatis,</strong></span> <span class='ocrx_word' id='word_1_181' title='bbox 2293 1098 2465 1166; x_wconf 88' lang='lat' dir='ltr'><strong>jussit</strong></span> <span class='ocrx_word' id='word_1_182' title='bbox 2505 1115 2606 1155; x_wconf 91' lang='lat' dir='ltr'><strong>eos</strong></span> <span class='ocrx_word' id='word_1_183' title='bbox 2645 1115 2853 1155; x_wconf 88' lang='lat' dir='ltr'><strong>rursus</strong></span> <span class='ocrx_word' id='word_1_184' title='bbox 2893 1100 3052 1156; x_wconf 89' lang='lat' dir='ltr'><strong>viam</strong></span> <span class='ocrx_word' id='word_1_185' title='bbox 3090 1099 3255 1155; x_wconf 89' lang='lat' dir='ltr'><strong>inire.</strong></span> <span class='ocrx_word' id='word_1_186' title='bbox 3299 1103 3619 1172; x_wconf 85' lang='lat' dir='ltr'><strong>Postquam</strong></span> 
     </span>
    </p>
   </div>
   <div class='ocr_carea' id='block_1_28' title="bbox 1973 1184 3621 1258">
    <p class='ocr_par' dir='ltr' id='par_1_28' title="bbox 1973 1184 3621 1258">
     <span class='ocr_line' id='line_1_28' title="bbox 1973 1184 3621 1258; baseline 0.007 -24"><span class='ocrx_word' id='word_1_187' title='bbox 1973 1187 2172 1237; x_wconf 89' lang='lat' dir='ltr'><strong>autem</strong></span> <span class='ocrx_word' id='word_1_188' title='bbox 2200 1187 2258 1239; x_wconf 90' lang='lat' dir='ltr'><strong>et</strong></span> <span class='ocrx_word' id='word_1_189' title='bbox 2282 1184 2431 1256; x_wconf 88' lang='lat' dir='ltr'><strong>ipse,</strong></span> <span class='ocrx_word' id='word_1_190' title='bbox 2459 1191 2517 1242; x_wconf 90' lang='lat' dir='ltr'><strong>et</strong></span> <span class='ocrx_word' id='word_1_191' title='bbox 2543 1187 2625 1242; x_wconf 88' lang='lat' dir='ltr'><strong>illi</strong></span> <span class='ocrx_word' id='word_1_192' title='bbox 2657 1187 2717 1243; x_wconf 93' lang='lat' dir='ltr'><strong>in</strong></span> <span class='ocrx_word' id='word_1_193' title='bbox 2749 1187 2882 1243; x_wconf 93' lang='lat' dir='ltr'><strong>loco</strong></span> <span class='ocrx_word' id='word_1_194' title='bbox 2912 1187 3075 1242; x_wconf 87' lang='lat' dir='ltr'><strong>fuere</strong></span> <span class='ocrx_word' id='word_1_195' title='bbox 3101 1190 3450 1258; x_wconf 74' lang='lat' dir='ltr'><strong>prtestituto,</strong></span> <span class='ocrx_word' id='word_1_196' title='bbox 3482 1204 3621 1245; x_wconf 88' lang='lat' dir='ltr'><strong>cum</strong></span> 
     </span>
    </p>
   </div>
   <div class='ocr_carea' id='block_1_29' title="bbox 1971 1268 3622 1350">
    <p class='ocr_par' dir='ltr' id='par_1_29' title="bbox 1971 1268 3622 1350">
     <span class='ocr_line' id='line_1_29' title="bbox 1971 1268 3622 1350; baseline 0.007 -27"><span class='ocrx_word' id='word_1_197' title='bbox 1971 1268 2343 1327; x_wconf 70' lang='lat' dir='ltr'><strong>daemonibus</strong></span> <span class='ocrx_word' id='word_1_198' title='bbox 2365 1274 2752 1330; x_wconf 85' lang='lat' dir='ltr'><strong>sacriﬁcasset</strong></span> <span class='ocrx_word' id='word_1_199' title='bbox 2770 1275 3062 1340; x_wconf 87' lang='lat' dir='ltr'><strong>Valerius,</strong></span> <span class='ocrx_word' id='word_1_200' title='bbox 3086 1275 3147 1330; x_wconf 92' lang='lat' dir='ltr'><strong>in</strong></span> <span class='ocrx_word' id='word_1_201' title='bbox 3171 1276 3449 1333; x_wconf 79' lang='lat' dir='ltr'><strong>tribunali</strong></span> <span class='ocrx_word' id='word_1_202' title='bbox 3474 1293 3622 1350; x_wconf 60' lang='lat' dir='ltr'><strong>prae-</strong></span> 
     </span>
    </p>
   </div>
   <div class='ocr_carea' id='block_1_30' title="bbox 1972 1356 3624 1436">
    <p class='ocr_par' dir='ltr' id='par_1_30' title="bbox 1972 1356 3624 1436">
     <span class='ocr_line' id='line_1_30' title="bbox 1972 1356 3624 1436; baseline 0.007 -26"><span class='ocrx_word' id='word_1_203' title='bbox 1972 1356 2122 1413; x_wconf 91' lang='lat' dir='ltr'><strong>sidet</strong></span> <span class='ocrx_word' id='word_1_204' title='bbox 2145 1358 2436 1429; x_wconf 86' lang='lat' dir='ltr'><strong>judiciali.</strong></span> <span class='ocrx_word' id='word_1_205' title='bbox 2471 1365 2535 1418; x_wconf 88' lang='lat' dir='ltr'><strong>Et</strong></span> <span class='ocrx_word' id='word_1_206' title='bbox 2562 1378 2699 1418; x_wconf 88' lang='lat' dir='ltr'><strong>cum</strong></span> <span class='ocrx_word' id='word_1_207' title='bbox 2720 1362 2962 1418; x_wconf 89' lang='lat' dir='ltr'><strong>beatum</strong></span> <span class='ocrx_word' id='word_1_208' title='bbox 2989 1366 3246 1436; x_wconf 90' lang='lat' dir='ltr'><strong>Carpum</strong></span> <span class='ocrx_word' id='word_1_209' title='bbox 3276 1365 3399 1420; x_wconf 88' lang='lat' dir='ltr'><strong>sisti</strong></span> <span class='ocrx_word' id='word_1_210' title='bbox 3420 1381 3624 1421; x_wconf 88' lang='lat' dir='ltr'><strong>curas-</strong></span> 
     </span>
    </p>
   </div>
   <div class='ocr_carea' id='block_1_31' title="bbox 1968 1446 3620 1523">
    <p class='ocr_par' dir='ltr' id='par_1_31' title="bbox 1968 1446 3620 1523">
     <span class='ocr_line' id='line_1_31' title="bbox 1968 1446 3620 1523; baseline 0.007 -25"><span class='ocrx_word' id='word_1_211' title='bbox 1968 1449 2075 1508; x_wconf 90' lang='lat' dir='ltr'><strong>set,</strong></span> <span class='ocrx_word' id='word_1_212' title='bbox 2107 1452 2162 1502; x_wconf 89' lang='lat' dir='ltr'><strong>et</strong></span> <span class='ocrx_word' id='word_1_213' title='bbox 2189 1446 2381 1504; x_wconf 88' lang='lat' dir='ltr'><strong>ﬁdelis</strong></span> <span class='ocrx_word' id='word_1_214' title='bbox 2424 1449 2690 1521; x_wconf 86' lang='lat' dir='ltr'><strong>alicujus</strong></span> <span class='ocrx_word' id='word_1_215' title='bbox 2730 1451 2905 1506; x_wconf 83' lang='lat' dir='ltr'><strong>amici</strong></span> <span class='ocrx_word' id='word_1_216' title='bbox 2946 1467 3268 1523; x_wconf 87' lang='lat' dir='ltr'><strong>personam</strong></span> <span class='ocrx_word' id='word_1_217' title='bbox 3310 1453 3620 1520; x_wconf 88' lang='lat' dir='ltr'><strong>induisset,</strong></span> 
     </span>
    </p>
   </div>
   <div class='ocr_carea' id='block_1_32' title="bbox 1965 1533 3623 1612">
    <p class='ocr_par' dir='ltr' id='par_1_32' title="bbox 1965 1533 3623 1612">
     <span class='ocr_line' id='line_1_32' title="bbox 1965 1533 3623 1612; baseline 0.007 -26"><span class='ocrx_word' id='word_1_218' title='bbox 1965 1538 2021 1588; x_wconf 91' lang='lat' dir='ltr'><strong>et</strong></span> <span class='ocrx_word' id='word_1_219' title='bbox 2049 1533 2151 1604; x_wconf 89' lang='lat' dir='ltr'><strong>qui</strong></span> <span class='ocrx_word' id='word_1_220' title='bbox 2176 1535 2249 1590; x_wconf 92' lang='lat' dir='ltr'><strong>de</strong></span> <span class='ocrx_word' id='word_1_221' title='bbox 2279 1538 2409 1607; x_wconf 91' lang='lat' dir='ltr'><strong>ipso</strong></span> <span class='ocrx_word' id='word_1_222' title='bbox 2445 1543 2575 1594; x_wconf 88' lang='lat' dir='ltr'><strong>erat</strong></span> <span class='ocrx_word' id='word_1_223' title='bbox 2595 1539 2924 1594; x_wconf 88' lang='lat' dir='ltr'><strong>admodum</strong></span> <span class='ocrx_word' id='word_1_224' title='bbox 2951 1539 3232 1595; x_wconf 89' lang='lat' dir='ltr'><strong>sollicitus</strong></span> <span class='ocrx_word' id='word_1_225' title='bbox 3265 1557 3278 1594; x_wconf 88' lang='lat'><strong>:</strong></span> <span class='ocrx_word' id='word_1_226' title='bbox 3304 1540 3623 1612; x_wconf 81' lang='lat' dir='ltr'><strong>Oportebat</strong></span> 
     </span>
    </p>
   </div>
   <div class='ocr_carea' id='block_1_33' title="bbox 1962 1622 3613 1696">
    <p class='ocr_par' dir='ltr' id='par_1_33' title="bbox 1962 1622 3613 1696">
     <span class='ocr_line' id='line_1_33' title="bbox 1962 1622 3613 1696; baseline 0.005 -20"><span class='ocrx_word' id='word_1_227' title='bbox 1962 1622 2225 1692; x_wconf 89' lang='lat' dir='ltr'><strong>quidem,</strong></span> <span class='ocrx_word' id='word_1_228' title='bbox 2268 1625 2435 1690; x_wconf 84' lang='lat' dir='ltr'><strong>dixit,</strong></span> <span class='ocrx_word' id='word_1_229' title='bbox 2477 1633 2532 1681; x_wconf 90' lang='lat' dir='ltr'><strong>te</strong></span> <span class='ocrx_word' id='word_1_230' title='bbox 2575 1631 2841 1683; x_wconf 89' lang='lat' dir='ltr'><strong>nostram</strong></span> <span class='ocrx_word' id='word_1_231' title='bbox 2880 1632 3250 1684; x_wconf 88' lang='lat' dir='ltr'><strong>reverentem</strong></span> <span class='ocrx_word' id='word_1_232' title='bbox 3290 1626 3613 1696; x_wconf 88' lang='lat' dir='ltr'><strong>lenitatem,</strong></span> 
     </span>
    </p>
   </div>
   <div class='ocr_carea' id='block_1_34' title="bbox 246 1706 1857 1788">
    <p class='ocr_par' dir='ltr' id='par_1_34' title="bbox 246 1706 1854 1784">
     <span class='ocr_line' id='line_1_34' title="bbox 246 1706 1854 1784; baseline 0.006 -30"><span class='ocrx_word' id='word_1_233' title='bbox 246 1722 410 1770; x_wconf 82' lang='grc' dir='ltr'>κείαν,</span> <span class='ocrx_word' id='word_1_234' title='bbox 473 1706 765 1778; x_wconf 78' lang='grc' dir='ltr'>αὐτόματον</span> <span class='ocrx_word' id='word_1_235' title='bbox 819 1711 1055 1784; x_wconf 84' lang='grc' dir='ltr'>ὁρμῆσαι</span> <span class='ocrx_word' id='word_1_236' title='bbox 1113 1714 1244 1784; x_wconf 86' lang='grc' dir='ltr'>πρὸς</span> <span class='ocrx_word' id='word_1_237' title='bbox 1293 1715 1351 1763; x_wconf 85' lang='grc' dir='ltr'>τὸ</span> <span class='ocrx_word' id='word_1_238' title='bbox 1401 1711 1555 1762; x_wconf 87' lang='grc' dir='ltr'>καλὸν</span> <span class='ocrx_word' id='word_1_239' title='bbox 1609 1716 1698 1762; x_wconf 83' lang='grc' dir='ltr'>καὶ</span> <span class='ocrx_word' id='word_1_240' title='bbox 1749 1718 1854 1771; x_wconf 87' lang='grc' dir='ltr'>τοῖς</span> 
     </span>
    </p>
   </div>
   <div class='ocr_carea' id='block_1_35' title="bbox 1969 1706 3618 1788">
    <p class='ocr_par' dir='ltr' id='par_1_35' title="bbox 1969 1715 3618 1788">
     <span class='ocr_line' id='line_1_35' title="bbox 1969 1715 3618 1788; baseline 0.005 -23"><span class='ocrx_word' id='word_1_241' title='bbox 1969 1715 2064 1766; x_wconf 90' lang='lat' dir='ltr'><strong>tua</strong></span> <span class='ocrx_word' id='word_1_242' title='bbox 2087 1719 2295 1784; x_wconf 91' lang='lat' dir='ltr'><strong>sponte</strong></span> <span class='ocrx_word' id='word_1_243' title='bbox 2329 1717 2524 1770; x_wconf 90' lang='lat' dir='ltr'><strong>venire</strong></span> <span class='ocrx_word' id='word_1_244' title='bbox 2549 1715 2626 1771; x_wconf 91' lang='lat' dir='ltr'><strong>ad</strong></span> <span class='ocrx_word' id='word_1_245' title='bbox 2654 1716 2738 1779; x_wconf 89' lang='lat' dir='ltr'><strong>id,</strong></span> <span class='ocrx_word' id='word_1_246' title='bbox 2764 1717 2924 1788; x_wconf 91' lang='lat' dir='ltr'><strong>quod</strong></span> <span class='ocrx_word' id='word_1_247' title='bbox 2954 1722 3040 1772; x_wconf 89' lang='lat' dir='ltr'><strong>est</strong></span> <span class='ocrx_word' id='word_1_248' title='bbox 3070 1716 3304 1771; x_wconf 91' lang='lat' dir='ltr'><strong>bonum</strong></span> <span class='ocrx_word' id='word_1_249' title='bbox 3344 1721 3400 1772; x_wconf 90' lang='lat' dir='ltr'><strong>et</strong></span> <span class='ocrx_word' id='word_1_250' title='bbox 3436 1717 3618 1774; x_wconf 82' lang='lat' dir='ltr'><strong>hone-</strong></span> 
     </span>
    </p>
   </div>
   <div class='ocr_carea' id='block_1_36' title="bbox 245 1795 1855 1873">
    <p class='ocr_par' dir='ltr' id='par_1_36' title="bbox 245 1795 1855 1873">
     <span class='ocr_line' id='line_1_36' title="bbox 245 1795 1855 1873; baseline 0.006 -30"><span class='ocrx_word' id='word_1_251' title='bbox 245 1799 517 1863; x_wconf 72' lang='grc' dir='ltr'>μεγίστοις</span> <span class='ocrx_word' id='word_1_252' title='bbox 569 1797 730 1849; x_wconf 80' lang='grc' dir='ltr'>θῦσαι</span> <span class='ocrx_word' id='word_1_253' title='bbox 801 1799 951 1860; x_wconf 84' lang='grc' dir='ltr'>θεοῖς·</span> <span class='ocrx_word' id='word_1_254' title='bbox 1010 1806 1098 1850; x_wconf 82' lang='grc' dir='ltr'>νῦν</span> <span class='ocrx_word' id='word_1_255' title='bbox 1153 1795 1212 1852; x_wconf 72' lang='grc' dir='ltr'><strong>δε</strong></span> <span class='ocrx_word' id='word_1_256' title='bbox 1267 1804 1357 1852; x_wconf 84' lang='grc' dir='ltr'><strong>καὶ</strong></span> <span class='ocrx_word' id='word_1_257' title='bbox 1400 1799 1855 1873; x_wconf 82' lang='grc' dir='ltr'>παρακαλούμενος</span> 
     </span>
    </p>
   </div>
   <div class='ocr_carea' id='block_1_37' title="bbox 247 1885 1852 1962">
    <p class='ocr_par' dir='ltr' id='par_1_37' title="bbox 247 1885 1852 1962">
     <span class='ocr_line' id='line_1_37' title="bbox 247 1885 1852 1962; baseline 0.006 -30"><span class='ocrx_word' id='word_1_258' title='bbox 247 1885 377 1953; x_wconf 85' lang='grc' dir='ltr'>πρὸς</span> <span class='ocrx_word' id='word_1_259' title='bbox 407 1890 674 1937; x_wconf 82' lang='grc' dir='ltr'>τοῦτοκαὶ</span> <span class='ocrx_word' id='word_1_260' title='bbox 736 1887 1173 1961; x_wconf 72' lang='grc' dir='ltr'>εὐεργετούμενος,</span> <span class='ocrx_word' id='word_1_261' title='bbox 1235 1891 1298 1949; x_wconf 85' lang='grc' dir='ltr'>ὡς</span> <span class='ocrx_word' id='word_1_262' title='bbox 1351 1891 1473 1962; x_wconf 87' lang='grc' dir='ltr'>ὁρῶ,</span> <span class='ocrx_word' id='word_1_263' title='bbox 1541 1885 1664 1941; x_wconf 82' lang='grc' dir='ltr'>ούδε</span> <span class='ocrx_word' id='word_1_264' title='bbox 1718 1887 1852 1960; x_wconf 83' lang='grc' dir='ltr'>βρα-</span> 
     </span>
    </p>
   </div>
   <div class='ocr_carea' id='block_1_38' title="bbox 241 1975 1852 2050">
    <p class='ocr_par' dir='ltr' id='par_1_38' title="bbox 241 1975 1852 2050">
     <span class='ocr_line' id='line_1_38' title="bbox 241 1975 1852 2050; baseline 0.003 -28"><span class='ocrx_word' id='word_1_265' title='bbox 241 1975 398 2042; x_wconf 88' lang='grc' dir='ltr'>χεῖάν</span> <span class='ocrx_word' id='word_1_266' title='bbox 427 1993 540 2025; x_wconf 86' lang='grc' dir='ltr'>τινα</span> <span class='ocrx_word' id='word_1_267' title='bbox 595 1977 755 2049; x_wconf 83' lang='grc' dir='ltr'>χάριν</span> <span class='ocrx_word' id='word_1_268' title='bbox 793 1975 971 2038; x_wconf 82' lang='grc' dir='ltr'>αὐτοῖς</span> <span class='ocrx_word' id='word_1_269' title='bbox 1021 1975 1308 2050; x_wconf 81' lang='grc' dir='ltr'>ἀπονέμεις,</span> <span class='ocrx_word' id='word_1_270' title='bbox 1366 1976 1490 2029; x_wconf 84' lang='grc' dir='ltr'>ἀλλὰ</span> <span class='ocrx_word' id='word_1_271' title='bbox 1531 1984 1622 2029; x_wconf 85' lang='grc' dir='ltr'>τοῦ</span> <span class='ocrx_word' id='word_1_272' title='bbox 1661 1976 1852 2029; x_wconf 81' lang='grc' dir='ltr'>οἰκείου</span> 
     </span>
    </p>
   </div>
   <div class='ocr_carea' id='block_1_39' title="bbox 245 2063 1855 2140">
    <p class='ocr_par' dir='ltr' id='par_1_39' title="bbox 245 2063 1855 2140">
     <span class='ocr_line' id='line_1_39' title="bbox 245 2063 1855 2140; baseline 0.002 -27"><span class='ocrx_word' id='word_1_273' title='bbox 245 2065 599 2136; x_wconf 75' lang='grc' dir='ltr'>συμφέροντος</span> <span class='ocrx_word' id='word_1_274' title='bbox 657 2064 860 2136; x_wconf 80' lang='grc' dir='ltr'>ἀμελεῖς</span> <span class='ocrx_word' id='word_1_275' title='bbox 898 2083 911 2095; x_wconf 90' lang='grc'><strong>·</strong></span> <span class='ocrx_word' id='word_1_276' title='bbox 974 2063 1094 2118; x_wconf 83' lang='grc' dir='ltr'>ἰδοὺ</span> <span class='ocrx_word' id='word_1_277' title='bbox 1119 2069 1221 2140; x_wconf 83' lang='grc' dir='ltr'><strong>γὰρ</strong></span> <span class='ocrx_word' id='word_1_278' title='bbox 1271 2067 1416 2119; x_wconf 82' lang='grc' dir='ltr'>οὗτοι</span> <span class='ocrx_word' id='word_1_279' title='bbox 1476 2085 1534 2118; x_wconf 90' lang='grc' dir='ltr'><strong>σε</strong></span> <span class='ocrx_word' id='word_1_280' title='bbox 1563 2073 1654 2118; x_wconf 86' lang='grc' dir='ltr'>τοῦ</span> <span class='ocrx_word' id='word_1_281' title='bbox 1679 2071 1855 2137; x_wconf 79' lang='grc' dir='ltr'>γήρως</span> 
     </span>
    </p>
   </div>
   <div class='ocr_carea' id='block_1_40' title="bbox 236 2148 1857 2229">
    <p class='ocr_par' dir='ltr' id='par_1_40' title="bbox 236 2148 1857 2229">
     <span class='ocr_line' id='line_1_40' title="bbox 236 2148 1857 2229; baseline 0.003 -27"><span class='ocrx_word' id='word_1_282' title='bbox 236 2148 606 2224; x_wconf 81' lang='grc' dir='ltr'>οἰκτείραντες,</span> <span class='ocrx_word' id='word_1_283' title='bbox 663 2152 1030 2228; x_wconf 83' lang='grc' dir='ltr'>ἀταλαίπωρον</span> <span class='ocrx_word' id='word_1_284' title='bbox 1086 2174 1173 2208; x_wconf 93' lang='grc' dir='ltr'><strong>σοι</strong></span> <span class='ocrx_word' id='word_1_285' title='bbox 1228 2153 1478 2214; x_wconf 83' lang='grc' dir='ltr'>διέθηκαν</span> <span class='ocrx_word' id='word_1_286' title='bbox 1505 2161 1599 2215; x_wconf 80' lang='grc' dir='ltr'>τὴν</span> <span class='ocrx_word' id='word_1_287' title='bbox 1622 2160 1857 2229; x_wconf 79' lang='grc' dir='ltr'>πορείανο</span> 
     </span>
    </p>
   </div>
   <div class='ocr_carea' id='block_1_41' title="bbox 241 2237 1863 2320">
    <p class='ocr_par' dir='ltr' id='par_1_41' title="bbox 241 2237 1863 2320">
     <span class='ocr_line' id='line_1_41' title="bbox 241 2237 1863 2320; baseline 0.004 -31"><span class='ocrx_word' id='word_1_288' title='bbox 241 2240 396 2301; x_wconf 74' lang='grc' dir='ltr'>αὐτὸς</span> <span class='ocrx_word' id='word_1_289' title='bbox 426 2237 486 2293; x_wconf 76' lang='grc' dir='ltr'>δὲ</span> <span class='ocrx_word' id='word_1_290' title='bbox 542 2241 636 2293; x_wconf 84' lang='grc' dir='ltr'><strong>ούκ</strong></span> <span class='ocrx_word' id='word_1_291' title='bbox 695 2239 798 2295; x_wconf 85' lang='grc' dir='ltr'>οἶδ’</span> <span class='ocrx_word' id='word_1_292' title='bbox 858 2244 940 2295; x_wconf 87' lang='grc' dir='ltr'>ὅτι</span> <span class='ocrx_word' id='word_1_293' title='bbox 995 2247 1172 2296; x_wconf 88' lang='grc' dir='ltr'>παθὼν</span> <span class='ocrx_word' id='word_1_294' title='bbox 1221 2243 1472 2318; x_wconf 82' lang='grc' dir='ltr'>ἀγνώμων</span> <span class='ocrx_word' id='word_1_295' title='bbox 1519 2265 1572 2298; x_wconf 86' lang='grc' dir='ltr'><strong>τε</strong></span> <span class='ocrx_word' id='word_1_296' title='bbox 1605 2250 1724 2320; x_wconf 80' lang='grc' dir='ltr'>περὶ</span> <span class='ocrx_word' id='word_1_297' title='bbox 1747 2248 1863 2304; x_wconf 83' lang='grc' dir='ltr'>τοὺς</span> 
     </span>
    </p>
   </div>
   <div class='ocr_carea' id='block_1_42' title="bbox 239 2328 1866 2407">
    <p class='ocr_par' dir='ltr' id='par_1_42' title="bbox 239 2328 1866 2407">
     <span class='ocr_line' id='line_1_42' title="bbox 239 2328 1866 2407; baseline 0.001 -25"><span class='ocrx_word' id='word_1_298' title='bbox 239 2328 518 2404; x_wconf 75' lang='grc' dir='ltr'>εὐεργέτας</span> <span class='ocrx_word' id='word_1_299' title='bbox 548 2328 739 2404; x_wconf 75' lang='grc' dir='ltr'>ἐλέγχῃ</span> <span class='ocrx_word' id='word_1_300' title='bbox 770 2336 862 2383; x_wconf 80' lang='grc' dir='ltr'>καὶ</span> <span class='ocrx_word' id='word_1_301' title='bbox 916 2333 1053 2403; x_wconf 80' lang='grc' dir='ltr'>ἡμᾶς</span> <span class='ocrx_word' id='word_1_302' title='bbox 1105 2332 1153 2384; x_wconf 83' lang='grc' dir='ltr'><strong>ἐν</strong></span> <span class='ocrx_word' id='word_1_303' title='bbox 1227 2330 1419 2405; x_wconf 83' lang='grc' dir='ltr'>μηδενὶ</span> <span class='ocrx_word' id='word_1_304' title='bbox 1451 2335 1707 2406; x_wconf 80' lang='grc' dir='ltr'>τιθέμενος</span> <span class='ocrx_word' id='word_1_305' title='bbox 1734 2336 1866 2407; x_wconf 89' lang='grc' dir='ltr'>πρὸς</span> 
     </span>
    </p>
   </div>
   <div class='ocr_carea' id='block_1_43' title="bbox 239 2418 1866 2493">
    <p class='ocr_par' dir='ltr' id='par_1_43' title="bbox 239 2418 1866 2493">
     <span class='ocr_line' id='line_1_43' title="bbox 239 2418 1866 2493; baseline 0.002 -24"><span class='ocrx_word' id='word_1_306' title='bbox 239 2423 336 2476; x_wconf 82' lang='grc' dir='ltr'>τὴν</span> <span class='ocrx_word' id='word_1_307' title='bbox 368 2418 568 2472; x_wconf 88' lang='grc' dir='ltr'>ἐκείνων</span> <span class='ocrx_word' id='word_1_308' title='bbox 632 2419 902 2493; x_wconf 79' lang='grc' dir='ltr'>ὀλιγωρεῖς</span> <span class='ocrx_word' id='word_1_309' title='bbox 961 2423 1236 2492; x_wconf 86' lang='grc' dir='ltr'>θεραπείαν</span> <span class='ocrx_word' id='word_1_310' title='bbox 1311 2438 1324 2451; x_wconf 90' lang='grc'><strong>·</strong></span> <span class='ocrx_word' id='word_1_311' title='bbox 1378 2421 1594 2479; x_wconf 80' lang='grc' dir='ltr'>θέλησον</span> <span class='ocrx_word' id='word_1_312' title='bbox 1622 2428 1746 2492; x_wconf 87' lang='grc' dir='ltr'>γοῦν</span> <span class='ocrx_word' id='word_1_313' title='bbox 1771 2419 1866 2472; x_wconf 82' lang='grc' dir='ltr'><strong>κάν</strong></span> 
     </span>
    </p>
   </div>
   <div class='ocr_carea' id='block_1_44' title="bbox 247 2508 1861 2581">
    <p class='ocr_par' dir='ltr' id='par_1_44' title="bbox 247 2508 1861 2581">
     <span class='ocr_line' id='line_1_44' title="bbox 247 2508 1861 2581; baseline 0.001 -23"><span class='ocrx_word' id='word_1_314' title='bbox 247 2509 371 2581; x_wconf 78' lang='grc' dir='ltr'>ἄρτι</span> <span class='ocrx_word' id='word_1_315' title='bbox 396 2516 717 2562; x_wconf 83' lang='grc' dir='ltr'>κατανεῦσαι</span> <span class='ocrx_word' id='word_1_316' title='bbox 758 2513 848 2561; x_wconf 84' lang='grc' dir='ltr'>καὶ</span> <span class='ocrx_word' id='word_1_317' title='bbox 904 2508 1322 2581; x_wconf 79' lang='grc' dir='ltr'>συμϐουλεύοντί</span> <span class='ocrx_word' id='word_1_318' title='bbox 1364 2529 1454 2581; x_wconf 92' lang='grc' dir='ltr'><strong>μοι</strong></span> <span class='ocrx_word' id='word_1_319' title='bbox 1510 2512 1578 2562; x_wconf 80' lang='grc' dir='ltr'>τὰ</span> <span class='ocrx_word' id='word_1_320' title='bbox 1622 2509 1861 2568; x_wconf 85' lang='grc' dir='ltr'>λυσιτελῆ</span> 
     </span>
    </p>
   </div>
   <div class='ocr_carea' id='block_1_45' title="bbox 242 2596 1861 2670">
    <p class='ocr_par' dir='ltr' id='par_1_45' title="bbox 242 2596 1861 2670">
     <span class='ocr_line' id='line_1_45' title="bbox 242 2596 1861 2670; baseline 0 -22"><span class='ocrx_word' id='word_1_321' title='bbox 242 2599 544 2665; x_wconf 82' lang='grc' dir='ltr'>πεισθῆναι,</span> <span class='ocrx_word' id='word_1_322' title='bbox 616 2599 681 2659; x_wconf 81' lang='grc' dir='ltr'>ὡς</span> <span class='ocrx_word' id='word_1_323' title='bbox 721 2597 809 2670; x_wconf 64' lang='grc' dir='ltr'>ἐμὲ</span> <span class='ocrx_word' id='word_1_324' title='bbox 854 2599 884 2656; x_wconf 84' lang='grc' dir='ltr'>ἡ</span> <span class='ocrx_word' id='word_1_325' title='bbox 946 2602 1012 2656; x_wconf 82' lang='grc' dir='ltr'>σὴ</span> <span class='ocrx_word' id='word_1_326' title='bbox 1080 2596 1322 2666; x_wconf 86' lang='grc' dir='ltr'>δυσωπεῖ</span> <span class='ocrx_word' id='word_1_327' title='bbox 1381 2599 1537 2651; x_wconf 87' lang='grc' dir='ltr'>πολιὰ</span> <span class='ocrx_word' id='word_1_328' title='bbox 1591 2603 1681 2650; x_wconf 84' lang='grc' dir='ltr'>καὶ</span> <span class='ocrx_word' id='word_1_329' title='bbox 1727 2597 1861 2670; x_wconf 75' lang='grc' dir='ltr'>λύπῃ</span> 
     </span>
    </p>
   </div>
   <div class='ocr_carea' id='block_1_46' title="bbox 249 2681 1866 2760">
    <p class='ocr_par' dir='ltr' id='par_1_46' title="bbox 249 2681 1866 2760">
     <span class='ocr_line' id='line_1_46' title="bbox 249 2681 1866 2760; baseline -0.001 -23"><span class='ocrx_word' id='word_1_330' title='bbox 249 2681 396 2758; x_wconf 77' lang='grc' dir='ltr'>δεινῇ</span> <span class='ocrx_word' id='word_1_331' title='bbox 458 2689 754 2759; x_wconf 72' lang='grc' dir='ltr'>συνέχομαι</span> <span class='ocrx_word' id='word_1_332' title='bbox 838 2691 930 2738; x_wconf 81' lang='grc' dir='ltr'>καὶ</span> <span class='ocrx_word' id='word_1_333' title='bbox 996 2688 1171 2760; x_wconf 82' lang='grc' dir='ltr'>ὥσπερ</span> <span class='ocrx_word' id='word_1_334' title='bbox 1248 2687 1342 2740; x_wconf 85' lang='grc' dir='ltr'><strong>ούκ</strong></span> <span class='ocrx_word' id='word_1_335' title='bbox 1406 2686 1698 2760; x_wconf 85' lang='grc' dir='ltr'>ἀλλοτρίαν,</span> <span class='ocrx_word' id='word_1_336' title='bbox 1757 2684 1866 2737; x_wconf 88' lang='grc' dir='ltr'>ἀλλ’</span> 
     </span>
    </p>
   </div>
   <div class='ocr_carea' id='block_1_47' title="bbox 242 2760 1868 2849">
    <p class='ocr_par' dir='ltr' id='par_1_47' title="bbox 242 2760 1868 2849">
     <span class='ocr_line' id='line_1_47' title="bbox 242 2760 1868 2849; baseline -0.001 -23"><span class='ocrx_word' id='word_1_337' title='bbox 242 2760 486 2844; x_wconf 65' lang='grc' dir='ltr'><strong>εἰμοιυτοῦ</strong></span> <span class='ocrx_word' id='word_1_338' title='bbox 554 2778 828 2848; x_wconf 86' lang='grc' dir='ltr'>συμφοραν</span> <span class='ocrx_word' id='word_1_339' title='bbox 895 2778 953 2826; x_wconf 88' lang='grc' dir='ltr'>τὸ</span> <span class='ocrx_word' id='word_1_340' title='bbox 1016 2777 1105 2826; x_wconf 87' lang='grc' dir='ltr'>σὸν</span> <span class='ocrx_word' id='word_1_341' title='bbox 1171 2773 1535 2849; x_wconf 87' lang='grc' dir='ltr'>ἀνακλαίομαι.</span> <span class='ocrx_word' id='word_1_342' title='bbox 1599 2774 1753 2828; x_wconf 81' lang='grc' dir='ltr'>Ἀλλά</span> <span class='ocrx_word' id='word_1_343' title='bbox 1817 2779 1868 2826; x_wconf 91' lang='grc' dir='ltr'><strong>τί</strong></span> 
     </span>
    </p>
   </div>
   <div class='ocr_carea' id='block_1_48' title="bbox 242 2858 1868 2936">
    <p class='ocr_par' dir='ltr' id='par_1_48' title="bbox 242 2858 1868 2936">
     <span class='ocr_line' id='line_1_48' title="bbox 242 2858 1868 2936; baseline 0.002 -27"><span class='ocrx_word' id='word_1_344' title='bbox 242 2864 438 2927; x_wconf 84' lang='grc' dir='ltr'>πάθω;</span> <span class='ocrx_word' id='word_1_345' title='bbox 475 2858 625 2922; x_wconf 82' lang='grc' dir='ltr'>οἶδας</span> <span class='ocrx_word' id='word_1_346' title='bbox 659 2867 783 2934; x_wconf 82' lang='grc' dir='ltr'>γὰρ,</span> <span class='ocrx_word' id='word_1_347' title='bbox 813 2865 895 2914; x_wconf 85' lang='grc' dir='ltr'>ὅτι</span> <span class='ocrx_word' id='word_1_348' title='bbox 950 2861 1064 2912; x_wconf 88' lang='grc' dir='ltr'>λίαν</span> <span class='ocrx_word' id='word_1_349' title='bbox 1125 2863 1291 2923; x_wconf 79' lang='grc' dir='ltr'>οὕτως</span> <span class='ocrx_word' id='word_1_350' title='bbox 1339 2866 1726 2936; x_wconf 85' lang='grc' dir='ltr'>ὑπερορώμενος</span> <span class='ocrx_word' id='word_1_351' title='bbox 1774 2865 1868 2913; x_wconf 88' lang='grc' dir='ltr'><strong>ούκ</strong></span> 
     </span>
    </p>
   </div>
   <div class='ocr_carea' id='block_1_49' title="bbox 243 2947 1865 3022">
    <p class='ocr_par' dir='ltr' id='par_1_49' title="bbox 243 2947 1865 3022">
     <span class='ocr_line' id='line_1_49' title="bbox 243 2947 1865 3022; baseline -0.001 -20"><span class='ocrx_word' id='word_1_352' title='bbox 243 2950 508 3022; x_wconf 81' lang='grc' dir='ltr'>ανέξομαι,</span> <span class='ocrx_word' id='word_1_353' title='bbox 536 2950 579 3002; x_wconf 87' lang='grc' dir='ltr'><strong>εἰ</strong></span> <span class='ocrx_word' id='word_1_354' title='bbox 597 2955 689 3002; x_wconf 83' lang='grc' dir='ltr'>καὶ</span> <span class='ocrx_word' id='word_1_355' title='bbox 718 2955 788 3022; x_wconf 80' lang='grc' dir='ltr'>μὴ</span> <span class='ocrx_word' id='word_1_356' title='bbox 814 2947 886 3002; x_wconf 85' lang='grc' dir='ltr'>δι’</span> <span class='ocrx_word' id='word_1_357' title='bbox 937 2950 1180 3020; x_wconf 79' lang='grc' dir='ltr'>ἐμαυτὸν,</span> <span class='ocrx_word' id='word_1_358' title='bbox 1225 2950 1354 3002; x_wconf 90' lang='grc' dir='ltr'>ἀλλά</span> <span class='ocrx_word' id='word_1_359' title='bbox 1411 2970 1467 3022; x_wconf 91' lang='grc' dir='ltr'><strong>γε</strong></span> <span class='ocrx_word' id='word_1_360' title='bbox 1533 2948 1627 3003; x_wconf 83' lang='grc' dir='ltr'>διὰ</span> <span class='ocrx_word' id='word_1_361' title='bbox 1669 2954 1763 3008; x_wconf 82' lang='grc' dir='ltr'>τὴν</span> <span class='ocrx_word' id='word_1_362' title='bbox 1795 2949 1865 3010; x_wconf 86' lang='grc' dir='ltr'><strong>εἰς</strong></span> 
     </span>
    </p>
   </div>
   <div class='ocr_carea' id='block_1_50' title="bbox 244 3037 815 3112">
    <p class='ocr_par' dir='ltr' id='par_1_50' title="bbox 244 3037 815 3112">
     <span class='ocr_line' id='line_1_50' title="bbox 244 3037 815 3112; baseline 0 -20"><span class='ocrx_word' id='word_1_363' title='bbox 244 3043 362 3100; x_wconf 83' lang='grc' dir='ltr'>τοὺς</span> <span class='ocrx_word' id='word_1_364' title='bbox 396 3041 543 3100; x_wconf 84' lang='grc' dir='ltr'>θεοὺς</span> <span class='ocrx_word' id='word_1_365' title='bbox 569 3037 742 3112; x_wconf 79' lang='grc' dir='ltr'>ὕϐριν.</span> <span class='ocrx_word' id='word_1_366' title='bbox 813 3065 815 3068; x_wconf 43' lang='grc'><em>⁴</em></span> 
     </span>
    </p>
   </div>
   <div class='ocr_carea' id='block_1_51' title="bbox 322 3125 1298 3200">
    <p class='ocr_par' dir='ltr' id='par_1_51' title="bbox 322 3125 1298 3200">
     <span class='ocr_line' id='line_1_51' title="bbox 322 3125 1298 3200; baseline -0.001 -20"><span class='ocrx_word' id='word_1_367' title='bbox 322 3125 428 3180; x_wconf 79' lang='lat' dir='ltr'><strong>IA&#39;.</strong></span> <span class='ocrx_word' id='word_1_368' title='bbox 465 3130 604 3200; x_wconf 87' lang='grc' dir='ltr'>Πρὸς</span> <span class='ocrx_word' id='word_1_369' title='bbox 625 3134 796 3179; x_wconf 84' lang='grc' dir='ltr'>ταῦτα</span> <span class='ocrx_word' id='word_1_370' title='bbox 841 3129 865 3178; x_wconf 89' lang='lat'><strong>6</strong></span> <span class='ocrx_word' id='word_1_371' title='bbox 898 3126 1034 3192; x_wconf 83' lang='grc' dir='ltr'>θεῖος</span> <span class='ocrx_word' id='word_1_372' title='bbox 1090 3130 1298 3200; x_wconf 79' lang='grc' dir='ltr'>Κάρπος</span> 
     </span>
    </p>
   </div>
   <div class='ocr_carea' id='block_1_52' title="bbox 246 3215 1866 3288">
    <p class='ocr_par' dir='ltr' id='par_1_52' title="bbox 246 3215 1866 3288">
     <span class='ocr_line' id='line_1_52' title="bbox 246 3215 1866 3288; baseline -0.002 -20"><span class='ocrx_word' id='word_1_373' title='bbox 246 3219 445 3288; x_wconf 87' lang='grc' dir='ltr'>φωτὸς,</span> <span class='ocrx_word' id='word_1_374' title='bbox 478 3218 594 3287; x_wconf 74' lang='grc' dir='ltr'>ἔφη,</span> <span class='ocrx_word' id='word_1_375' title='bbox 647 3219 777 3287; x_wconf 84' lang='grc' dir='ltr'>πρὸς</span> <span class='ocrx_word' id='word_1_376' title='bbox 825 3222 1013 3280; x_wconf 86' lang='grc' dir='ltr'>σκότος</span> <span class='ocrx_word' id='word_1_377' title='bbox 1083 3223 1174 3269; x_wconf 84' lang='grc' dir='ltr'>καὶ</span> <span class='ocrx_word' id='word_1_378' title='bbox 1231 3217 1332 3268; x_wconf 83' lang='grc' dir='ltr'><strong>ἀπὸ</strong></span> <span class='ocrx_word' id='word_1_379' title='bbox 1381 3215 1518 3276; x_wconf 81' lang='grc' dir='ltr'>ζωῆς</span> <span class='ocrx_word' id='word_1_380' title='bbox 1557 3217 1685 3287; x_wconf 87' lang='grc' dir='ltr'>πρὸς</span> <span class='ocrx_word' id='word_1_381' title='bbox 1717 3216 1866 3265; x_wconf 72' lang='grc' dir='ltr'>θάνα.</span> 
     </span>
    </p>
   </div>
   <div class='ocr_carea' id='block_1_53' title="bbox 243 3301 1862 3377">
    <p class='ocr_par' dir='ltr' id='par_1_53' title="bbox 243 3301 1862 3377">
     <span class='ocr_line' id='line_1_53' title="bbox 243 3301 1862 3377; baseline -0.004 -19"><span class='ocrx_word' id='word_1_382' title='bbox 243 3325 332 3358; x_wconf 91' lang='grc' dir='ltr'><strong>τον</strong></span> <span class='ocrx_word' id='word_1_383' title='bbox 377 3305 616 3376; x_wconf 82' lang='grc' dir='ltr'>ἄγουσαν</span> <span class='ocrx_word' id='word_1_384' title='bbox 649 3303 743 3356; x_wconf 88' lang='grc' dir='ltr'><strong>ούκ</strong></span> <span class='ocrx_word' id='word_1_385' title='bbox 795 3305 856 3356; x_wconf 89' lang='grc' dir='ltr'>οἷν</span> <span class='ocrx_word' id='word_1_386' title='bbox 888 3325 965 3368; x_wconf 90' lang='grc' dir='ltr'><strong>τις</strong></span> <span class='ocrx_word' id='word_1_387' title='bbox 1017 3305 1276 3377; x_wconf 84' lang='grc' dir='ltr'>λογισμοῦ</span> <span class='ocrx_word' id='word_1_388' title='bbox 1322 3307 1499 3377; x_wconf 90' lang='grc' dir='ltr'>κύριος</span> <span class='ocrx_word' id='word_1_389' title='bbox 1545 3301 1862 3374; x_wconf 67' lang='grc' dir='ltr'>συμϐουλὴν,</span> 
     </span>
    </p>
   </div>
   <div class='ocr_carea' id='block_1_54' title="bbox 243 3389 1864 3464">
    <p class='ocr_par' dir='ltr' id='par_1_54' title="bbox 243 3389 1864 3464">
     <span class='ocr_line' id='line_1_54' title="bbox 243 3389 1864 3464; baseline -0.004 -18"><span class='ocrx_word' id='word_1_390' title='bbox 243 3393 350 3446; x_wconf 82' lang='grc' dir='ltr'>ἀλλ’</span> <span class='ocrx_word' id='word_1_391' title='bbox 383 3392 509 3444; x_wconf 77' lang='grc' dir='ltr'>αὐτὸ</span> <span class='ocrx_word' id='word_1_392' title='bbox 535 3400 710 3459; x_wconf 85' lang='grc' dir='ltr'>τοῦτο,</span> <span class='ocrx_word' id='word_1_393' title='bbox 771 3394 892 3464; x_wconf 82' lang='grc' dir='ltr'>ὅπερ</span> <span class='ocrx_word' id='word_1_394' title='bbox 946 3393 1110 3461; x_wconf 84' lang='grc' dir='ltr'>ἐστὶν,</span> <span class='ocrx_word' id='word_1_395' title='bbox 1144 3392 1417 3450; x_wconf 76' lang='grc' dir='ltr'>ἐπιϐουλὴν</span> <span class='ocrx_word' id='word_1_396' title='bbox 1487 3391 1736 3463; x_wconf 84' lang='grc' dir='ltr'>ὁνομάσοι</span> <span class='ocrx_word' id='word_1_397' title='bbox 1777 3410 1789 3421; x_wconf 91' lang='grc'>·</span> <span class='ocrx_word' id='word_1_398' title='bbox 1820 3389 1864 3441; x_wconf 88' lang='grc' dir='ltr'><strong>εἰ</strong></span> 
     </span>
    </p>
   </div>
   <div class='ocr_carea' id='block_1_55' title="bbox 246 3477 1858 3554">
    <p class='ocr_par' dir='ltr' id='par_1_55' title="bbox 246 3477 1858 3554">
     <span class='ocr_line' id='line_1_55' title="bbox 246 3477 1858 3554; baseline -0.002 -20"><span class='ocrx_word' id='word_1_399' title='bbox 246 3478 306 3534; x_wconf 74' lang='grc' dir='ltr'><strong>δε</strong></span> <span class='ocrx_word' id='word_1_400' title='bbox 352 3487 441 3534; x_wconf 80' lang='grc' dir='ltr'>καὶ</span> <span class='ocrx_word' id='word_1_401' title='bbox 473 3483 502 3540; x_wconf 80' lang='grc' dir='ltr'>ἡ</span> <span class='ocrx_word' id='word_1_402' title='bbox 538 3481 632 3554; x_wconf 83' lang='grc' dir='ltr'>ἐμὴ</span> <span class='ocrx_word' id='word_1_403' title='bbox 669 3500 726 3534; x_wconf 92' lang='grc' dir='ltr'><strong>σε</strong></span> <span class='ocrx_word' id='word_1_404' title='bbox 793 3479 1030 3535; x_wconf 83' lang='grc' dir='ltr'>δυσωπεῖ</span> <span class='ocrx_word' id='word_1_405' title='bbox 1059 3482 1237 3546; x_wconf 85' lang='grc' dir='ltr'>πολιὰ,</span> <span class='ocrx_word' id='word_1_406' title='bbox 1266 3487 1317 3534; x_wconf 90' lang='grc' dir='ltr'><strong>τί</strong></span> <span class='ocrx_word' id='word_1_407' title='bbox 1370 3485 1428 3534; x_wconf 90' lang='grc' dir='ltr'>τὸ</span> <span class='ocrx_word' id='word_1_408' title='bbox 1453 3477 1759 3554; x_wconf 77' lang='grc' dir='ltr'>ἐμποδίζον,</span> <span class='ocrx_word' id='word_1_409' title='bbox 1787 3484 1858 3551; x_wconf 83' lang='grc' dir='ltr'>μὴ</span> 
     </span>
    </p>
   </div>
   <div class='ocr_carea' id='block_1_56' title="bbox 243 3568 1858 3646">
    <p class='ocr_par' dir='ltr' id='par_1_56' title="bbox 243 3568 1858 3646">
     <span class='ocr_line' id='line_1_56' title="bbox 243 3568 1858 3646; baseline -0.001 -24"><span class='ocrx_word' id='word_1_410' title='bbox 243 3577 339 3623; x_wconf 84' lang='grc' dir='ltr'>καὶ</span> <span class='ocrx_word' id='word_1_411' title='bbox 409 3575 466 3624; x_wconf 72' lang='grc' dir='ltr'><strong>σε</strong></span> <span class='ocrx_word' id='word_1_412' title='bbox 531 3572 811 3629; x_wconf 82' lang='grc' dir='ltr'>πεισθῆναι</span> <span class='ocrx_word' id='word_1_413' title='bbox 876 3571 1067 3642; x_wconf 87' lang='grc' dir='ltr'>μᾶλλον</span> <span class='ocrx_word' id='word_1_414' title='bbox 1129 3571 1242 3644; x_wconf 83' lang='grc' dir='ltr'>ἐμοὶ</span> <span class='ocrx_word' id='word_1_415' title='bbox 1293 3578 1559 3646; x_wconf 85' lang='grc' dir='ltr'>πατρικῶς</span> <span class='ocrx_word' id='word_1_416' title='bbox 1627 3568 1858 3641; x_wconf 81' lang='grc' dir='ltr'>συμϐου-</span> 
     </span>
    </p>
   </div>
   <div class='ocr_carea' id='block_1_57' title="bbox 250 3657 1859 3733">
    <p class='ocr_par' dir='ltr' id='par_1_57' title="bbox 250 3657 1859 3733">
     <span class='ocr_line' id='line_1_57' title="bbox 250 3657 1859 3733; baseline -0.004 -20"><span class='ocrx_word' id='word_1_417' title='bbox 250 3661 494 3728; x_wconf 82' lang='grc' dir='ltr'>λεύοντι;</span> <span class='ocrx_word' id='word_1_418' title='bbox 547 3659 669 3713; x_wconf 74' lang='grc' dir='ltr'>Ὀτι</span> <span class='ocrx_word' id='word_1_419' title='bbox 723 3657 782 3712; x_wconf 76' lang='grc' dir='ltr'><strong>δε</strong></span> <span class='ocrx_word' id='word_1_420' title='bbox 834 3664 891 3713; x_wconf 76' lang='grc' dir='ltr'><strong>σε</strong></span> <span class='ocrx_word' id='word_1_421' title='bbox 932 3665 998 3713; x_wconf 86' lang='grc' dir='ltr'>τὰ</span> <span class='ocrx_word' id='word_1_422' title='bbox 1039 3660 1137 3733; x_wconf 81' lang='grc' dir='ltr'><strong>ἐμὰ</strong></span> <span class='ocrx_word' id='word_1_423' title='bbox 1193 3662 1355 3723; x_wconf 83' lang='grc' dir='ltr'>λυπεῖ,</span> <span class='ocrx_word' id='word_1_424' title='bbox 1405 3659 1504 3731; x_wconf 87' lang='grc' dir='ltr'>ἐγὼ</span> <span class='ocrx_word' id='word_1_425' title='bbox 1577 3662 1633 3712; x_wconf 72' lang='grc' dir='ltr'><strong>σε</strong></span> <span class='ocrx_word' id='word_1_426' title='bbox 1671 3657 1859 3729; x_wconf 83' lang='grc' dir='ltr'>μᾶλλον</span> 
     </span>
    </p>
   </div>
   <div class='ocr_carea' id='block_1_58' title="bbox 244 3746 1860 3822">
    <p class='ocr_par' dir='ltr' id='par_1_58' title="bbox 244 3746 1860 3822">
     <span class='ocr_line' id='line_1_58' title="bbox 244 3746 1860 3822; baseline -0.002 -20"><span class='ocrx_word' id='word_1_427' title='bbox 244 3750 483 3822; x_wconf 83' lang='grc' dir='ltr'>οἰκτείρω</span> <span class='ocrx_word' id='word_1_428' title='bbox 537 3757 632 3810; x_wconf 81' lang='grc' dir='ltr'>τῆς</span> <span class='ocrx_word' id='word_1_429' title='bbox 692 3748 962 3815; x_wconf 87' lang='grc' dir='ltr'>ἀπωλείας,</span> <span class='ocrx_word' id='word_1_430' title='bbox 1006 3755 1096 3802; x_wconf 81' lang='grc' dir='ltr'>καὶ</span> <span class='ocrx_word' id='word_1_431' title='bbox 1143 3746 1298 3809; x_wconf 82' lang='grc' dir='ltr'>δῆλός</span> <span class='ocrx_word' id='word_1_432' title='bbox 1351 3748 1456 3820; x_wconf 89' lang='grc' dir='ltr'>εἰμι</span> <span class='ocrx_word' id='word_1_433' title='bbox 1485 3751 1536 3814; x_wconf 79' lang='grc' dir='ltr'>(ἡ</span> <span class='ocrx_word' id='word_1_434' title='bbox 1581 3747 1698 3820; x_wconf 89' lang='grc' dir='ltr'>φίλη</span> <span class='ocrx_word' id='word_1_435' title='bbox 1728 3750 1860 3798; x_wconf 86' lang='grc' dir='ltr'>ἵστω</span> 
     </span>
    </p>
   </div>
   <div class='ocr_carea' id='block_1_59' title="bbox 245 3836 1856 3911">
    <p class='ocr_par' dir='ltr' id='par_1_59' title="bbox 245 3836 1856 3911">
     <span class='ocr_line' id='line_1_59' title="bbox 245 3836 1856 3911; baseline -0.002 -21"><span class='ocrx_word' id='word_1_436' title='bbox 245 3836 476 3911; x_wconf 65' lang='grc' dir='ltr'>ἀλίεθεια)</span> <span class='ocrx_word' id='word_1_437' title='bbox 528 3840 921 3910; x_wconf 85' lang='grc' dir='ltr'>συναχθόμενός</span> <span class='ocrx_word' id='word_1_438' title='bbox 988 3858 1084 3891; x_wconf 90' lang='grc' dir='ltr'><strong>σου</strong></span> <span class='ocrx_word' id='word_1_439' title='bbox 1137 3846 1198 3910; x_wconf 72' lang='grc' dir='ltr'>τῇ</span> <span class='ocrx_word' id='word_1_440' title='bbox 1280 3843 1542 3910; x_wconf 82' lang='grc' dir='ltr'>συμφορᾷ,</span> <span class='ocrx_word' id='word_1_441' title='bbox 1607 3839 1856 3896; x_wconf 88' lang='grc' dir='ltr'>τοιούτοις</span> 
     </span>
    </p>
   </div>
   <div class='ocr_carea' id='block_1_60' title="bbox 245 3923 1852 3999">
    <p class='ocr_par' dir='ltr' id='par_1_60' title="bbox 245 3923 1852 3999">
     <span class='ocr_line' id='line_1_60' title="bbox 245 3923 1852 3999; baseline -0.002 -19"><span class='ocrx_word' id='word_1_442' title='bbox 245 3932 616 3999; x_wconf 77' lang='grc' dir='ltr'>προσκειμένου</span> <span class='ocrx_word' id='word_1_443' title='bbox 671 3929 806 3989; x_wconf 86' lang='grc' dir='ltr'>θεοῖς</span> <span class='ocrx_word' id='word_1_444' title='bbox 853 3933 945 3980; x_wconf 82' lang='grc' dir='ltr'>καὶ</span> <span class='ocrx_word' id='word_1_445' title='bbox 995 3924 1192 3998; x_wconf 75' lang='grc' dir='ltr'>ψεῦδος</span> <span class='ocrx_word' id='word_1_446' title='bbox 1239 3931 1332 3986; x_wconf 77' lang='grc' dir='ltr'>τὴν</span> <span class='ocrx_word' id='word_1_447' title='bbox 1372 3923 1560 3979; x_wconf 78' lang='grc' dir='ltr'>ἐλπίδα</span> <span class='ocrx_word' id='word_1_448' title='bbox 1626 3927 1852 3996; x_wconf 80' lang='grc' dir='ltr'>θεμένου,</span> 
     </span>
    </p>
   </div>
   <div class='ocr_carea' id='block_1_61' title="bbox 245 4009 1856 4088">
    <p class='ocr_par' dir='ltr' id='par_1_61' title="bbox 245 4009 1856 4088">
     <span class='ocr_line' id='line_1_61' title="bbox 245 4009 1856 4088; baseline -0.002 -20"><span class='ocrx_word' id='word_1_449' title='bbox 245 4019 304 4068; x_wconf 88' lang='grc' dir='ltr'>τὸ</span> <span class='ocrx_word' id='word_1_450' title='bbox 329 4023 420 4076; x_wconf 85' lang='grc' dir='ltr'>τῆς</span> <span class='ocrx_word' id='word_1_451' title='bbox 479 4017 615 4076; x_wconf 74' lang='grc' dir='ltr'>θείας</span> <span class='ocrx_word' id='word_1_452' title='bbox 664 4017 818 4086; x_wconf 89' lang='grc' dir='ltr'>φάναι</span> <span class='ocrx_word' id='word_1_453' title='bbox 877 4021 1082 4088; x_wconf 86' lang='grc' dir='ltr'>Γραφῆς</span> <span class='ocrx_word' id='word_1_454' title='bbox 1124 4032 1137 4045; x_wconf 88' lang='grc'><strong>·</strong></span> <span class='ocrx_word' id='word_1_455' title='bbox 1171 4017 1280 4086; x_wconf 84' lang='grc' dir='ltr'>οἶγε</span> <span class='ocrx_word' id='word_1_456' title='bbox 1329 4023 1438 4074; x_wconf 86' lang='grc' dir='ltr'>πῶς</span> <span class='ocrx_word' id='word_1_457' title='bbox 1480 4015 1540 4066; x_wconf 82' lang='grc' dir='ltr'>οἶν</span> <span class='ocrx_word' id='word_1_458' title='bbox 1599 4033 1720 4066; x_wconf 89' lang='grc' dir='ltr'>ποτε</span> <span class='ocrx_word' id='word_1_459' title='bbox 1775 4009 1856 4064; x_wconf 85' lang='grc' dir='ltr'>δι-</span> 
     </span>
    </p>
   </div>
   <div class='ocr_carea' id='block_1_62' title="bbox 245 4103 1854 4176">
    <p class='ocr_par' dir='ltr' id='par_1_62' title="bbox 245 4103 1854 4176">
     <span class='ocr_line' id='line_1_62' title="bbox 245 4103 1854 4176; baseline -0.003 -19"><span class='ocrx_word' id='word_1_460' title='bbox 245 4110 406 4165; x_wconf 85' lang='grc' dir='ltr'>καίως</span> <span class='ocrx_word' id='word_1_461' title='bbox 460 4105 749 4176; x_wconf 88' lang='grc' dir='ltr'>νομισθεῖεν</span> <span class='ocrx_word' id='word_1_462' title='bbox 811 4106 934 4170; x_wconf 82' lang='grc' dir='ltr'>θεοὶ,</span> <span class='ocrx_word' id='word_1_463' title='bbox 998 4103 1124 4166; x_wconf 82' lang='grc' dir='ltr'>ῦλης</span> <span class='ocrx_word' id='word_1_464' title='bbox 1170 4103 1387 4175; x_wconf 74' lang='grc' dir='ltr'>ἀψύχου</span> <span class='ocrx_word' id='word_1_465' title='bbox 1440 4107 1576 4165; x_wconf 82' lang='grc' dir='ltr'>ὄντες</span> <span class='ocrx_word' id='word_1_466' title='bbox 1629 4107 1718 4154; x_wconf 87' lang='grc' dir='ltr'>καὶ</span> <span class='ocrx_word' id='word_1_467' title='bbox 1762 4106 1854 4160; x_wconf 76' lang='grc' dir='ltr'>τὴν</span> 
     </span>
    </p>
   </div>
   <div class='ocr_carea' id='block_1_63' title="bbox 247 4191 1854 4268">
    <p class='ocr_par' dir='ltr' id='par_1_63' title="bbox 247 4191 1854 4268">
     <span class='ocr_line' id='line_1_63' title="bbox 247 4191 1854 4268; baseline -0.005 -20"><span class='ocrx_word' id='word_1_468' title='bbox 247 4195 316 4256; x_wconf 85' lang='grc' dir='ltr'><strong>εἰς</strong></span> <span class='ocrx_word' id='word_1_469' title='bbox 343 4199 398 4247; x_wconf 89' lang='grc' dir='ltr'>τὸ</span> <span class='ocrx_word' id='word_1_470' title='bbox 433 4191 560 4247; x_wconf 82' lang='grc' dir='ltr'>εἶναι</span> <span class='ocrx_word' id='word_1_471' title='bbox 612 4199 932 4268; x_wconf 80' lang='grc' dir='ltr'>παραγωγὴν</span> <span class='ocrx_word' id='word_1_472' title='bbox 993 4194 1045 4257; x_wconf 84' lang='grc' dir='ltr'><strong>ἐξ</strong></span> <span class='ocrx_word' id='word_1_473' title='bbox 1097 4193 1418 4267; x_wconf 85' lang='grc' dir='ltr'>ἀνθρωπίνης</span> <span class='ocrx_word' id='word_1_474' title='bbox 1469 4195 1649 4266; x_wconf 87' lang='grc' dir='ltr'>χειρὸς</span> <span class='ocrx_word' id='word_1_475' title='bbox 1708 4195 1854 4261; x_wconf 82' lang='grc' dir='ltr'>ἔχον-</span> 
     </span>
    </p>
   </div>
   <div class='ocr_carea' id='block_1_64' title="bbox 245 4279 1852 4355">
    <p class='ocr_par' dir='ltr' id='par_1_64' title="bbox 245 4279 1852 4355">
     <span class='ocr_line' id='line_1_64' title="bbox 245 4279 1852 4355; baseline -0.004 -20"><span class='ocrx_word' id='word_1_476' title='bbox 245 4302 324 4344; x_wconf 86' lang='grc' dir='ltr'><strong>τες</strong></span> <span class='ocrx_word' id='word_1_477' title='bbox 361 4300 374 4349; x_wconf 90' lang='grc'>;</span> <span class='ocrx_word' id='word_1_478' title='bbox 405 4283 688 4355; x_wconf 78' lang='grc' dir='ltr'>Οὐαλέριος</span> <span class='ocrx_word' id='word_1_479' title='bbox 743 4279 830 4334; x_wconf 83' lang='grc' dir='ltr'>οὖν</span> <span class='ocrx_word' id='word_1_480' title='bbox 893 4282 1055 4344; x_wconf 76' lang='grc' dir='ltr'>οὕτως</span> <span class='ocrx_word' id='word_1_481' title='bbox 1110 4284 1210 4334; x_wconf 84' lang='grc' dir='ltr'><strong>ὑπὸ</strong></span> <span class='ocrx_word' id='word_1_482' title='bbox 1266 4284 1478 4354; x_wconf 82' lang='grc' dir='ltr'>Κάρπου</span> <span class='ocrx_word' id='word_1_483' title='bbox 1525 4283 1641 4339; x_wconf 84' lang='grc' dir='ltr'>τοὺς</span> <span class='ocrx_word' id='word_1_484' title='bbox 1693 4279 1852 4330; x_wconf 75' lang='grc' dir='ltr'>αὐτοῦ</span> 
     </span>
    </p>
   </div>
   <div class='ocr_carea' id='block_1_65' title="bbox 1363 3123 1860 3196">
    <p class='ocr_par' dir='ltr' id='par_1_65' title="bbox 1363 3123 1860 3196">
     <span class='ocr_line' id='line_1_65' title="bbox 1363 3123 1860 3196; baseline -0.008 -17"><span class='ocrx_word' id='word_1_485' title='bbox 1363 3142 1375 3155; x_wconf 83' lang='grc'><strong><em>⁸</em></strong></span> <span class='ocrx_word' id='word_1_486' title='bbox 1434 3133 1499 3178; x_wconf 85' lang='grc' dir='ltr'>Συ</span> <span class='ocrx_word' id='word_1_487' title='bbox 1505 3124 1732 3196; x_wconf 77' lang='grc' dir='ltr'>μϐουλὴν</span> <span class='ocrx_word' id='word_1_488' title='bbox 1761 3123 1860 3176; x_wconf 83' lang='grc' dir='ltr'><strong>ἀπὸ</strong></span> 
     </span>
    </p>
   </div>
   <div class='ocr_carea' id='block_1_66' title="bbox 1959 1802 3617 1873">
    <p class='ocr_par' dir='ltr' id='par_1_66' title="bbox 1959 1802 3617 1873">
     <span class='ocr_line' id='line_1_66' title="bbox 1959 1802 3617 1873; baseline 0.005 -21"><span class='ocrx_word' id='word_1_489' title='bbox 1959 1805 2136 1864; x_wconf 90' lang='lat' dir='ltr'><strong>stum,</strong></span> <span class='ocrx_word' id='word_1_490' title='bbox 2163 1806 2222 1857; x_wconf 91' lang='lat' dir='ltr'><strong>et</strong></span> <span class='ocrx_word' id='word_1_491' title='bbox 2268 1802 2381 1856; x_wconf 92' lang='lat' dir='ltr'><strong>diis</strong></span> <span class='ocrx_word' id='word_1_492' title='bbox 2430 1803 2764 1860; x_wconf 85' lang='lat' dir='ltr'><strong>sacriﬁcare</strong></span> <span class='ocrx_word' id='word_1_493' title='bbox 2826 1803 3125 1860; x_wconf 83' lang='lat' dir='ltr'><strong>maximis.</strong></span> <span class='ocrx_word' id='word_1_494' title='bbox 3170 1807 3336 1860; x_wconf 88' lang='lat' dir='ltr'><strong>Nunc</strong></span> <span class='ocrx_word' id='word_1_495' title='bbox 3391 1809 3617 1873; x_wconf 88' lang='lat' dir='ltr'><strong>autem,</strong></span> 
     </span>
    </p>
   </div>
   <div class='ocr_carea' id='block_1_67' title="bbox 1962 1890 3619 1957">
    <p class='ocr_par' dir='ltr' id='par_1_67' title="bbox 1962 1890 3619 1957">
     <span class='ocr_line' id='line_1_67' title="bbox 1962 1890 3619 1957; baseline 0.004 -15"><span class='ocrx_word' id='word_1_496' title='bbox 1962 1904 2099 1944; x_wconf 90' lang='lat' dir='ltr'><strong>cum</strong></span> <span class='ocrx_word' id='word_1_497' title='bbox 2127 1893 2183 1945; x_wconf 90' lang='lat' dir='ltr'><strong>et</strong></span> <span class='ocrx_word' id='word_1_498' title='bbox 2212 1890 2290 1946; x_wconf 91' lang='lat' dir='ltr'><strong>ad</strong></span> <span class='ocrx_word' id='word_1_499' title='bbox 2311 1891 2372 1946; x_wconf 92' lang='lat' dir='ltr'><strong>id</strong></span> <span class='ocrx_word' id='word_1_500' title='bbox 2397 1893 2781 1948; x_wconf 86' lang='lat' dir='ltr'><strong>suasionibus</strong></span> <span class='ocrx_word' id='word_1_501' title='bbox 2801 1892 3086 1957; x_wconf 81' lang='lat' dir='ltr'><strong>incitaris,</strong></span> <span class='ocrx_word' id='word_1_502' title='bbox 3121 1896 3177 1948; x_wconf 89' lang='lat' dir='ltr'><strong>et</strong></span> <span class='ocrx_word' id='word_1_503' title='bbox 3207 1892 3501 1948; x_wconf 86' lang='lat' dir='ltr'><strong>beneﬁcio</strong></span> <span class='ocrx_word' id='word_1_504' title='bbox 3531 1893 3619 1949; x_wconf 82' lang='lat' dir='ltr'><strong>af-</strong></span> 
     </span>
    </p>
   </div>
   <div class='ocr_carea' id='block_1_68' title="bbox 1961 1975 3622 2052">
    <p class='ocr_par' dir='ltr' id='par_1_68' title="bbox 1961 1975 3622 2052">
     <span class='ocr_line' id='line_1_68' title="bbox 1961 1975 3622 2052; baseline 0.004 -21"><span class='ocrx_word' id='word_1_505' title='bbox 1961 1975 2198 2042; x_wconf 82' lang='lat' dir='ltr'><strong>ﬁciaris,</strong></span> <span class='ocrx_word' id='word_1_506' title='bbox 2237 1985 2297 2034; x_wconf 93' lang='lat' dir='ltr'><strong>nt</strong></span> <span class='ocrx_word' id='word_1_507' title='bbox 2330 1980 2525 2044; x_wconf 84' lang='lat' dir='ltr'><strong>video,</strong></span> <span class='ocrx_word' id='word_1_508' title='bbox 2551 1997 2624 2036; x_wconf 92' lang='lat' dir='ltr'><strong>ne</strong></span> <span class='ocrx_word' id='word_1_509' title='bbox 2655 1980 2937 2036; x_wconf 88' lang='lat' dir='ltr'><strong>minimas</strong></span> <span class='ocrx_word' id='word_1_510' title='bbox 2964 1981 3201 2052; x_wconf 89' lang='lat' dir='ltr'><strong>quidem</strong></span> <span class='ocrx_word' id='word_1_511' title='bbox 3229 1981 3312 2036; x_wconf 89' lang='lat' dir='ltr'><strong>eis</strong></span> <span class='ocrx_word' id='word_1_512' title='bbox 3330 1981 3458 2050; x_wconf 82' lang='lat' dir='ltr'><strong>agis</strong></span> <span class='ocrx_word' id='word_1_513' title='bbox 3489 1996 3622 2050; x_wconf 81' lang='lat' dir='ltr'><strong>gra-</strong></span> 
     </span>
    </p>
   </div>
   <div class='ocr_carea' id='block_1_69' title="bbox 1965 2065 3617 2141">
    <p class='ocr_par' dir='ltr' id='par_1_69' title="bbox 1965 2065 3617 2141">
     <span class='ocr_line' id='line_1_69' title="bbox 1965 2065 3617 2141; baseline 0.003 -19"><span class='ocrx_word' id='word_1_514' title='bbox 1965 2065 2117 2122; x_wconf 84' lang='lat' dir='ltr'><strong>tias:</strong></span> <span class='ocrx_word' id='word_1_515' title='bbox 2153 2067 2252 2121; x_wconf 89' lang='lat' dir='ltr'><strong>sed</strong></span> <span class='ocrx_word' id='word_1_516' title='bbox 2285 2068 2534 2137; x_wconf 89' lang='lat' dir='ltr'><strong>negligis</strong></span> <span class='ocrx_word' id='word_1_517' title='bbox 2582 2069 2662 2135; x_wconf 90' lang='lat' dir='ltr'><strong>id,</strong></span> <span class='ocrx_word' id='word_1_518' title='bbox 2691 2068 2857 2141; x_wconf 93' lang='lat' dir='ltr'><strong>quod</strong></span> <span class='ocrx_word' id='word_1_519' title='bbox 2912 2073 3002 2124; x_wconf 89' lang='lat' dir='ltr'><strong>est</strong></span> <span class='ocrx_word' id='word_1_520' title='bbox 3057 2067 3160 2123; x_wconf 91' lang='lat' dir='ltr'><strong>tibi</strong></span> <span class='ocrx_word' id='word_1_521' title='bbox 3217 2067 3617 2126; x_wconf 90' lang='lat' dir='ltr'><strong>conducibile.</strong></span> 
     </span>
    </p>
   </div>
   <div class='ocr_carea' id='block_1_70' title="bbox 1970 2154 3607 2223">
    <p class='ocr_par' dir='ltr' id='par_1_70' title="bbox 1970 2154 3607 2223">
     <span class='ocr_line' id='line_1_70' title="bbox 1970 2154 3607 2223; baseline 0.003 -15"><span class='ocrx_word' id='word_1_522' title='bbox 1970 2156 2114 2209; x_wconf 91' lang='lat' dir='ltr'><strong>Ecce</strong></span> <span class='ocrx_word' id='word_1_523' title='bbox 2137 2154 2297 2210; x_wconf 91' lang='lat' dir='ltr'><strong>enim</strong></span> <span class='ocrx_word' id='word_1_524' title='bbox 2317 2155 2377 2212; x_wconf 87' lang='lat' dir='ltr'><strong>hi</strong></span> <span class='ocrx_word' id='word_1_525' title='bbox 2397 2159 2514 2212; x_wconf 73' lang='lat' dir='ltr'><strong>tum</strong></span> <span class='ocrx_word' id='word_1_526' title='bbox 2541 2157 2882 2212; x_wconf 87' lang='lat' dir='ltr'><strong>miserentes</strong></span> <span class='ocrx_word' id='word_1_527' title='bbox 2905 2157 3240 2223; x_wconf 83' lang='lat' dir='ltr'><strong>senectutis,</strong></span> <span class='ocrx_word' id='word_1_528' title='bbox 3264 2155 3607 2221; x_wconf 83' lang='lat' dir='ltr'><strong>eﬂecerunt,</strong></span> 
     </span>
    </p>
   </div>
   <div class='ocr_carea' id='block_1_71' title="bbox 1971 2243 3615 2317">
    <p class='ocr_par' dir='ltr' id='par_1_71' title="bbox 1971 2243 3615 2317">
     <span class='ocr_line' id='line_1_71' title="bbox 1971 2243 3615 2317; baseline 0.001 -19"><span class='ocrx_word' id='word_1_529' title='bbox 1971 2247 2032 2298; x_wconf 91' lang='lat' dir='ltr'><strong>ut</strong></span> <span class='ocrx_word' id='word_1_530' title='bbox 2061 2244 2169 2298; x_wconf 85' lang='lat' dir='ltr'><strong>iter</strong></span> <span class='ocrx_word' id='word_1_531' title='bbox 2195 2259 2505 2315; x_wconf 90' lang='lat' dir='ltr'><strong>perageres</strong></span> <span class='ocrx_word' id='word_1_532' title='bbox 2524 2245 2756 2317; x_wconf 90' lang='lat' dir='ltr'><strong>absque</strong></span> <span class='ocrx_word' id='word_1_533' title='bbox 2773 2243 3108 2301; x_wconf 78' lang='lat' dir='ltr'><strong>afﬂictione.</strong></span> <span class='ocrx_word' id='word_1_534' title='bbox 3124 2245 3256 2315; x_wconf 92' lang='lat' dir='ltr'><strong>Ipse</strong></span> <span class='ocrx_word' id='word_1_535' title='bbox 3273 2250 3496 2309; x_wconf 89' lang='lat' dir='ltr'><strong>autem,</strong></span> <span class='ocrx_word' id='word_1_536' title='bbox 3512 2259 3615 2300; x_wconf 88' lang='lat' dir='ltr'><strong>ne-</strong></span> 
     </span>
    </p>
   </div>
   <div class='ocr_carea' id='block_1_72' title="bbox 1974 2330 3617 2402">
    <p class='ocr_par' dir='ltr' id='par_1_72' title="bbox 1974 2330 3617 2402">
     <span class='ocr_line' id='line_1_72' title="bbox 1974 2330 3617 2402; baseline 0.001 -18"><span class='ocrx_word' id='word_1_537' title='bbox 1974 2330 2095 2385; x_wconf 91' lang='lat' dir='ltr'><strong>scio</strong></span> <span class='ocrx_word' id='word_1_538' title='bbox 2110 2331 2437 2401; x_wconf 90' lang='lat' dir='ltr'><strong>quomodo,</strong></span> <span class='ocrx_word' id='word_1_539' title='bbox 2467 2337 2523 2387; x_wconf 88' lang='lat' dir='ltr'><strong>et</strong></span> <span class='ocrx_word' id='word_1_540' title='bbox 2548 2331 2818 2402; x_wconf 87' lang='lat' dir='ltr'><strong>ingratus</strong></span> <span class='ocrx_word' id='word_1_541' title='bbox 2845 2348 2978 2388; x_wconf 89' lang='lat' dir='ltr'><strong>esse</strong></span> <span class='ocrx_word' id='word_1_542' title='bbox 2999 2331 3366 2388; x_wconf 84' lang='lat' dir='ltr'><strong>convinceris</strong></span> <span class='ocrx_word' id='word_1_543' title='bbox 3392 2335 3448 2386; x_wconf 91' lang='lat' dir='ltr'><strong>in</strong></span> <span class='ocrx_word' id='word_1_544' title='bbox 3478 2336 3617 2388; x_wconf 90' lang='lat' dir='ltr'><strong>tuos</strong></span> 
     </span>
    </p>
   </div>
   <div class='ocr_carea' id='block_1_73' title="bbox 1974 2418 3617 2486">
    <p class='ocr_par' dir='ltr' id='par_1_73' title="bbox 1974 2418 3617 2486">
     <span class='ocr_line' id='line_1_73' title="bbox 1974 2418 3617 2486; baseline 0.001 -14"><span class='ocrx_word' id='word_1_545' title='bbox 1974 2418 2400 2485; x_wconf 85' lang='lat' dir='ltr'><strong>benefactores,</strong></span> <span class='ocrx_word' id='word_1_546' title='bbox 2433 2424 2491 2475; x_wconf 89' lang='lat' dir='ltr'><strong>et</strong></span> <span class='ocrx_word' id='word_1_547' title='bbox 2519 2435 2631 2475; x_wconf 91' lang='lat' dir='ltr'><strong>nos</strong></span> <span class='ocrx_word' id='word_1_548' title='bbox 2663 2419 2826 2476; x_wconf 91' lang='lat' dir='ltr'><strong>nihili</strong></span> <span class='ocrx_word' id='word_1_549' title='bbox 2855 2420 3097 2486; x_wconf 84' lang='lat' dir='ltr'><strong>faciens,</strong></span> <span class='ocrx_word' id='word_1_550' title='bbox 3130 2419 3368 2475; x_wconf 89' lang='lat' dir='ltr'><strong>illorum</strong></span> <span class='ocrx_word' id='word_1_551' title='bbox 3392 2419 3617 2475; x_wconf 90' lang='lat' dir='ltr'><strong>cultum</strong></span> 
     </span>
    </p>
   </div>
   <div class='ocr_carea' id='block_1_74' title="bbox 1975 2507 3618 2579">
    <p class='ocr_par' dir='ltr' id='par_1_74' title="bbox 1975 2507 3618 2579">
     <span class='ocr_line' id='line_1_74' title="bbox 1975 2507 3618 2579; baseline 0.001 -18"><span class='ocrx_word' id='word_1_552' title='bbox 1975 2507 2247 2577; x_wconf 90' lang='lat' dir='ltr'><strong>despicis.</strong></span> <span class='ocrx_word' id='word_1_553' title='bbox 2285 2508 2437 2563; x_wconf 90' lang='lat' dir='ltr'><strong>Velis</strong></span> <span class='ocrx_word' id='word_1_554' title='bbox 2467 2524 2610 2579; x_wconf 88' lang='lat' dir='ltr'><strong>ergo</strong></span> <span class='ocrx_word' id='word_1_555' title='bbox 2645 2525 2808 2564; x_wconf 90' lang='lat' dir='ltr'><strong>nunc</strong></span> <span class='ocrx_word' id='word_1_556' title='bbox 2829 2508 3037 2565; x_wconf 88' lang='lat' dir='ltr'><strong>saltem</strong></span> <span class='ocrx_word' id='word_1_557' title='bbox 3061 2524 3345 2574; x_wconf 89' lang='lat' dir='ltr'><strong>annuere,</strong></span> <span class='ocrx_word' id='word_1_558' title='bbox 3377 2514 3433 2563; x_wconf 88' lang='lat' dir='ltr'><strong>et</strong></span> <span class='ocrx_word' id='word_1_559' title='bbox 3471 2507 3618 2563; x_wconf 86' lang='lat' dir='ltr'><strong>mihi</strong></span> 
     </span>
    </p>
   </div>
   <div class='ocr_carea' id='block_1_75' title="bbox 1975 2594 3614 2668">
    <p class='ocr_par' dir='ltr' id='par_1_75' title="bbox 1975 2594 3614 2668">
     <span class='ocr_line' id='line_1_75' title="bbox 1975 2594 3614 2668; baseline 0.001 -19"><span class='ocrx_word' id='word_1_560' title='bbox 1975 2594 2212 2650; x_wconf 85' lang='lat' dir='ltr'><strong>credere</strong></span> <span class='ocrx_word' id='word_1_561' title='bbox 2239 2595 2570 2651; x_wconf 89' lang='lat' dir='ltr'><strong>consulenti</strong></span> <span class='ocrx_word' id='word_1_562' title='bbox 2595 2613 2685 2662; x_wconf 88' lang='lat' dir='ltr'><strong>ea,</strong></span> <span class='ocrx_word' id='word_1_563' title='bbox 2711 2612 2846 2668; x_wconf 63' lang='lat' dir='ltr'><strong>quae</strong></span> <span class='ocrx_word' id='word_1_564' title='bbox 2872 2603 3008 2652; x_wconf 89' lang='lat' dir='ltr'><strong>sunt</strong></span> <span class='ocrx_word' id='word_1_565' title='bbox 3027 2596 3210 2652; x_wconf 88' lang='lat' dir='ltr'><strong>utilia.</strong></span> <span class='ocrx_word' id='word_1_566' title='bbox 3241 2595 3426 2652; x_wconf 90' lang='lat' dir='ltr'><strong>Tuam</strong></span> <span class='ocrx_word' id='word_1_567' title='bbox 3454 2595 3614 2650; x_wconf 92' lang='lat' dir='ltr'><strong>enim</strong></span> 
     </span>
    </p>
   </div>
   <div class='ocr_carea' id='block_1_76' title="bbox 1974 2683 3623 2754">
    <p class='ocr_par' dir='ltr' id='par_1_76' title="bbox 1974 2683 3623 2754">
     <span class='ocr_line' id='line_1_76' title="bbox 1974 2683 3623 2754; baseline -0.001 -16"><span class='ocrx_word' id='word_1_568' title='bbox 1974 2699 2248 2739; x_wconf 87' lang='lat' dir='ltr'><strong>revereor</strong></span> <span class='ocrx_word' id='word_1_569' title='bbox 2270 2684 2546 2740; x_wconf 89' lang='lat' dir='ltr'><strong>canitiem</strong></span> <span class='ocrx_word' id='word_1_570' title='bbox 2577 2689 2634 2740; x_wconf 90' lang='lat' dir='ltr'><strong>et</strong></span> <span class='ocrx_word' id='word_1_571' title='bbox 2663 2700 2882 2754; x_wconf 89' lang='lat' dir='ltr'><strong>magno</strong></span> <span class='ocrx_word' id='word_1_572' title='bbox 2911 2685 3115 2741; x_wconf 88' lang='lat' dir='ltr'><strong>dolore</strong></span> <span class='ocrx_word' id='word_1_573' title='bbox 3145 2683 3390 2749; x_wconf 81' lang='lat' dir='ltr'><strong>afﬁcior,</strong></span> <span class='ocrx_word' id='word_1_574' title='bbox 3418 2689 3476 2738; x_wconf 91' lang='lat' dir='ltr'><strong>et</strong></span> <span class='ocrx_word' id='word_1_575' title='bbox 3497 2688 3623 2738; x_wconf 88' lang='lat' dir='ltr'><strong>tan-</strong></span> 
     </span>
    </p>
   </div>
   <div class='ocr_carea' id='block_1_77' title="bbox 1974 2770 3613 2843">
    <p class='ocr_par' dir='ltr' id='par_1_77' title="bbox 1974 2770 3613 2843">
     <span class='ocr_line' id='line_1_77' title="bbox 1974 2770 3613 2843; baseline -0.001 -16"><span class='ocrx_word' id='word_1_576' title='bbox 1974 2788 2160 2843; x_wconf 87' lang='lat' dir='ltr'><strong>quam</strong></span> <span class='ocrx_word' id='word_1_577' title='bbox 2192 2787 2314 2828; x_wconf 91' lang='lat' dir='ltr'><strong>non</strong></span> <span class='ocrx_word' id='word_1_578' title='bbox 2338 2772 2615 2840; x_wconf 91' lang='lat' dir='ltr'><strong>alienam,</strong></span> <span class='ocrx_word' id='word_1_579' title='bbox 2645 2773 2750 2828; x_wconf 91' lang='lat' dir='ltr'><strong>sed</strong></span> <span class='ocrx_word' id='word_1_580' title='bbox 2776 2789 2998 2838; x_wconf 87' lang='lat' dir='ltr'><strong>meam,</strong></span> <span class='ocrx_word' id='word_1_581' title='bbox 3042 2777 3206 2829; x_wconf 89' lang='lat' dir='ltr'><strong>tuam</strong></span> <span class='ocrx_word' id='word_1_582' title='bbox 3243 2772 3430 2828; x_wconf 89' lang='lat' dir='ltr'><strong>deﬂeo</strong></span> <span class='ocrx_word' id='word_1_583' title='bbox 3462 2770 3613 2826; x_wconf 87' lang='lat' dir='ltr'><strong>cala-</strong></span> 
     </span>
    </p>
   </div>
   <div class='ocr_carea' id='block_1_78' title="bbox 1979 2861 3618 2932">
    <p class='ocr_par' dir='ltr' id='par_1_78' title="bbox 1979 2861 3618 2932">
     <span class='ocr_line' id='line_1_78' title="bbox 1979 2861 3618 2932; baseline 0.001 -18"><span class='ocrx_word' id='word_1_584' title='bbox 1979 2861 2262 2915; x_wconf 88' lang='lat' dir='ltr'><strong>mitatem.</strong></span> <span class='ocrx_word' id='word_1_585' title='bbox 2299 2861 2408 2916; x_wconf 92' lang='lat' dir='ltr'><strong>Sed</strong></span> <span class='ocrx_word' id='word_1_586' title='bbox 2449 2861 2597 2932; x_wconf 89' lang='lat' dir='ltr'><strong>quid</strong></span> <span class='ocrx_word' id='word_1_587' title='bbox 2636 2876 2816 2930; x_wconf 88' lang='lat' dir='ltr'><strong>agam</strong></span> <span class='ocrx_word' id='word_1_588' title='bbox 2845 2861 2873 2917; x_wconf 74' lang='lat' dir='ltr'><strong>‘i</strong></span> <span class='ocrx_word' id='word_1_589' title='bbox 2905 2862 3028 2919; x_wconf 90' lang='lat' dir='ltr'><strong>Scis</strong></span> <span class='ocrx_word' id='word_1_590' title='bbox 3059 2861 3241 2927; x_wconf 89' lang='lat' dir='ltr'><strong>enim,</strong></span> <span class='ocrx_word' id='word_1_591' title='bbox 3284 2861 3439 2932; x_wconf 88' lang='lat' dir='ltr'><strong>quod</strong></span> <span class='ocrx_word' id='word_1_592' title='bbox 3480 2874 3618 2915; x_wconf 90' lang='lat' dir='ltr'><strong>cum</strong></span> 
     </span>
    </p>
   </div>
   <div class='ocr_carea' id='block_1_79' title="bbox 1977 2947 3618 3022">
    <p class='ocr_par' dir='ltr' id='par_1_79' title="bbox 1977 2947 3618 3022">
     <span class='ocr_line' id='line_1_79' title="bbox 1977 2947 3618 3022; baseline 0.001 -20"><span class='ocrx_word' id='word_1_593' title='bbox 1977 2948 2129 3003; x_wconf 89' lang='lat' dir='ltr'><strong>adeo</strong></span> <span class='ocrx_word' id='word_1_594' title='bbox 2154 2947 2470 3020; x_wconf 88' lang='lat' dir='ltr'><strong>despiciar,</strong></span> <span class='ocrx_word' id='word_1_595' title='bbox 2487 2964 2608 3005; x_wconf 93' lang='lat' dir='ltr'><strong>non</strong></span> <span class='ocrx_word' id='word_1_596' title='bbox 2626 2950 2834 3015; x_wconf 88' lang='lat' dir='ltr'><strong>feram,</strong></span> <span class='ocrx_word' id='word_1_597' title='bbox 2851 2949 2898 3004; x_wconf 87' lang='lat' dir='ltr'><strong>si</strong></span> <span class='ocrx_word' id='word_1_598' title='bbox 2916 2966 3036 3006; x_wconf 91' lang='lat' dir='ltr'><strong>non</strong></span> <span class='ocrx_word' id='word_1_599' title='bbox 3053 2956 3291 3022; x_wconf 87' lang='lat' dir='ltr'><strong>propter</strong></span> <span class='ocrx_word' id='word_1_600' title='bbox 3305 2965 3388 3005; x_wconf 91' lang='lat' dir='ltr'><strong>me</strong></span> <span class='ocrx_word' id='word_1_601' title='bbox 3401 2948 3618 3020; x_wconf 90' lang='lat' dir='ltr'><strong>ipsum,</strong></span> 
     </span>
    </p>
   </div>
   <div class='ocr_carea' id='block_1_80' title="bbox 1907 3037 3078 3128">
    <p class='ocr_par' dir='ltr' id='par_1_80' title="bbox 1907 3037 3078 3128">
     <span class='ocr_line' id='line_1_80' title="bbox 1907 3037 3078 3128; baseline 0.001 -37"><span class='ocrx_word' id='word_1_602' title='bbox 1907 3073 1947 3128; x_wconf 78' lang='lat' dir='ltr'><strong><em>C</em></strong></span> <span class='ocrx_word' id='word_1_603' title='bbox 1976 3042 2036 3092; x_wconf 89' lang='lat' dir='ltr'><strong>at</strong></span> <span class='ocrx_word' id='word_1_604' title='bbox 2067 3041 2308 3128; x_wconf 80' lang='lat' dir='ltr'><strong>propter</strong></span> <span class='ocrx_word' id='word_1_605' title='bbox 2343 3037 2593 3093; x_wconf 89' lang='lat' dir='ltr'><strong>deorum</strong></span> <span class='ocrx_word' id='word_1_606' title='bbox 2633 3038 3078 3094; x_wconf 88' lang='lat' dir='ltr'><strong>contumeliam.</strong></span> 
     </span>
    </p>
   </div>
   <div class='ocr_carea' id='block_1_81' title="bbox 2047 3121 3614 3198">
    <p class='ocr_par' dir='ltr' id='par_1_81' title="bbox 2047 3121 3614 3198">
     <span class='ocr_line' id='line_1_81' title="bbox 2047 3121 3614 3198; baseline 0.006 -20"><span class='ocrx_word' id='word_1_607' title='bbox 2047 3126 2132 3178; x_wconf 85' lang='lat' dir='ltr'><strong>XI.</strong></span> <span class='ocrx_word' id='word_1_608' title='bbox 2165 3125 2253 3178; x_wconf 78' lang='lat' dir='ltr'><strong>Ad</strong></span> <span class='ocrx_word' id='word_1_609' title='bbox 2291 3123 2419 3179; x_wconf 64' lang='lat' dir='ltr'><strong>hinc</strong></span> <span class='ocrx_word' id='word_1_610' title='bbox 2455 3125 2690 3181; x_wconf 88' lang='lat' dir='ltr'><strong>divinus</strong></span> <span class='ocrx_word' id='word_1_611' title='bbox 2719 3126 2944 3198; x_wconf 87' lang='lat' dir='ltr'><strong>Carpus</strong></span> <span class='ocrx_word' id='word_1_612' title='bbox 2979 3143 2990 3180; x_wconf 87' lang='lat'>:</span> <span class='ocrx_word' id='word_1_613' title='bbox 3025 3126 3370 3190; x_wconf 88' lang='lat' dir='ltr'><strong>Consilium,</strong></span> <span class='ocrx_word' id='word_1_614' title='bbox 3401 3121 3614 3196; x_wconf 60' lang='lat' dir='ltr'><strong>inquit,</strong></span> 
     </span>
    </p>
   </div>
   <div class='ocr_carea' id='block_1_82' title="bbox 1974 3211 3616 3284">
    <p class='ocr_par' dir='ltr' id='par_1_82' title="bbox 1974 3211 3616 3284">
     <span class='ocr_line' id='line_1_82' title="bbox 1974 3211 3616 3284; baseline 0.002 -19"><span class='ocrx_word' id='word_1_615' title='bbox 1974 3211 2139 3281; x_wconf 91' lang='lat' dir='ltr'><strong>quod</strong></span> <span class='ocrx_word' id='word_1_616' title='bbox 2161 3227 2197 3266; x_wconf 89' lang='lat' dir='ltr'><strong>a</strong></span> <span class='ocrx_word' id='word_1_617' title='bbox 2221 3211 2350 3266; x_wconf 91' lang='lat' dir='ltr'><strong>luce</strong></span> <span class='ocrx_word' id='word_1_618' title='bbox 2370 3212 2448 3267; x_wconf 92' lang='lat' dir='ltr'><strong>ad</strong></span> <span class='ocrx_word' id='word_1_619' title='bbox 2469 3213 2766 3277; x_wconf 87' lang='lat' dir='ltr'><strong>tenebras,</strong></span> <span class='ocrx_word' id='word_1_620' title='bbox 2785 3221 2840 3270; x_wconf 87' lang='lat' dir='ltr'><strong>et</strong></span> <span class='ocrx_word' id='word_1_621' title='bbox 2859 3230 2895 3271; x_wconf 89' lang='lat' dir='ltr'><strong>a</strong></span> <span class='ocrx_word' id='word_1_622' title='bbox 2914 3215 3030 3270; x_wconf 85' lang='lat' dir='ltr'><strong>vita</strong></span> <span class='ocrx_word' id='word_1_623' title='bbox 3051 3215 3213 3270; x_wconf 91' lang='lat' dir='ltr'><strong>ducit</strong></span> <span class='ocrx_word' id='word_1_624' title='bbox 3233 3213 3311 3270; x_wconf 92' lang='lat' dir='ltr'><strong>ad</strong></span> <span class='ocrx_word' id='word_1_625' title='bbox 3340 3218 3616 3284; x_wconf 85' lang='lat' dir='ltr'><strong>mortem,</strong></span> 
     </span>
    </p>
   </div>
   <div class='ocr_carea' id='block_1_83' title="bbox 1973 3298 3620 3371">
    <p class='ocr_par' dir='ltr' id='par_1_83' title="bbox 1973 3298 3620 3371">
     <span class='ocr_line' id='line_1_83' title="bbox 1973 3298 3620 3371; baseline 0.003 -18"><span class='ocrx_word' id='word_1_626' title='bbox 1973 3314 2171 3368; x_wconf 89' lang='lat' dir='ltr'><strong>nemo,</strong></span> <span class='ocrx_word' id='word_1_627' title='bbox 2193 3299 2296 3370; x_wconf 92' lang='lat' dir='ltr'><strong>qui</strong></span> <span class='ocrx_word' id='word_1_628' title='bbox 2313 3298 2486 3356; x_wconf 85' lang='lat' dir='ltr'><strong>fuerit</strong></span> <span class='ocrx_word' id='word_1_629' title='bbox 2507 3317 2754 3371; x_wconf 91' lang='lat' dir='ltr'><strong>compos</strong></span> <span class='ocrx_word' id='word_1_630' title='bbox 2773 3302 3008 3364; x_wconf 86' lang='lat' dir='ltr'><strong>mentis,</strong></span> <span class='ocrx_word' id='word_1_631' title='bbox 3033 3301 3369 3369; x_wconf 89' lang='lat' dir='ltr'><strong>consilium,</strong></span> <span class='ocrx_word' id='word_1_632' title='bbox 3391 3302 3494 3356; x_wconf 92' lang='lat' dir='ltr'><strong>sed</strong></span> <span class='ocrx_word' id='word_1_633' title='bbox 3512 3302 3620 3358; x_wconf 92' lang='lat' dir='ltr'><strong>idi-</strong></span> 
     </span>
    </p>
   </div>
   <div class='ocr_carea' id='block_1_84' title="bbox 1972 3388 3616 3459">
    <p class='ocr_par' dir='ltr' id='par_1_84' title="bbox 1972 3388 3616 3459">
     <span class='ocr_line' id='line_1_84' title="bbox 1972 3388 3616 3459; baseline 0.004 -17"><span class='ocrx_word' id='word_1_634' title='bbox 1972 3404 2164 3458; x_wconf 89' lang='lat' dir='ltr'><strong>psum,</strong></span> <span class='ocrx_word' id='word_1_635' title='bbox 2195 3389 2360 3459; x_wconf 91' lang='lat' dir='ltr'><strong>quod</strong></span> <span class='ocrx_word' id='word_1_636' title='bbox 2385 3393 2490 3454; x_wconf 88' lang='lat' dir='ltr'><strong>est,</strong></span> <span class='ocrx_word' id='word_1_637' title='bbox 2519 3389 2862 3456; x_wconf 90' lang='lat' dir='ltr'><strong>nominarit,</strong></span> <span class='ocrx_word' id='word_1_638' title='bbox 2883 3388 3150 3444; x_wconf 89' lang='lat' dir='ltr'><strong>insidias.</strong></span> <span class='ocrx_word' id='word_1_639' title='bbox 3172 3388 3337 3454; x_wconf 89' lang='lat' dir='ltr'><strong>Quod</strong></span> <span class='ocrx_word' id='word_1_640' title='bbox 3355 3388 3401 3443; x_wconf 88' lang='lat' dir='ltr'><strong>si</strong></span> <span class='ocrx_word' id='word_1_641' title='bbox 3417 3405 3616 3448; x_wconf 89' lang='lat' dir='ltr'><strong>meam</strong></span> 
     </span>
    </p>
   </div>
   <div class='ocr_carea' id='block_1_85' title="bbox 1969 3476 3616 3548">
    <p class='ocr_par' dir='ltr' id='par_1_85' title="bbox 1969 3476 3616 3548">
     <span class='ocr_line' id='line_1_85' title="bbox 1969 3476 3616 3548; baseline 0.001 -17"><span class='ocrx_word' id='word_1_642' title='bbox 1969 3477 2246 3531; x_wconf 86' lang='lat' dir='ltr'><strong>reveretis</strong></span> <span class='ocrx_word' id='word_1_643' title='bbox 2270 3476 2567 3542; x_wconf 90' lang='lat' dir='ltr'><strong>canitiem,</strong></span> <span class='ocrx_word' id='word_1_644' title='bbox 2582 3477 2728 3548; x_wconf 91' lang='lat' dir='ltr'><strong>quid</strong></span> <span class='ocrx_word' id='word_1_645' title='bbox 2754 3476 3026 3548; x_wconf 90' lang='lat' dir='ltr'><strong>impedit,</strong></span> <span class='ocrx_word' id='word_1_646' title='bbox 3047 3477 3367 3547; x_wconf 89' lang='lat' dir='ltr'><strong>quominus</strong></span> <span class='ocrx_word' id='word_1_647' title='bbox 3392 3481 3456 3532; x_wconf 93' lang='lat' dir='ltr'><strong>tu</strong></span> <span class='ocrx_word' id='word_1_648' title='bbox 3472 3478 3616 3535; x_wconf 88' lang='lat' dir='ltr'><strong>mihi</strong></span> 
     </span>
    </p>
   </div>
   <div class='ocr_carea' id='block_1_86' title="bbox 1970 3564 3617 3636">
    <p class='ocr_par' dir='ltr' id='par_1_86' title="bbox 1970 3564 3617 3636">
     <span class='ocr_line' id='line_1_86' title="bbox 1970 3564 3617 3636; baseline 0.002 -17"><span class='ocrx_word' id='word_1_649' title='bbox 1970 3565 2165 3634; x_wconf 90' lang='lat' dir='ltr'><strong>magis</strong></span> <span class='ocrx_word' id='word_1_650' title='bbox 2196 3565 2403 3620; x_wconf 90' lang='lat' dir='ltr'><strong>credas</strong></span> <span class='ocrx_word' id='word_1_651' title='bbox 2435 3569 2677 3636; x_wconf 90' lang='lat' dir='ltr'><strong>paterne</strong></span> <span class='ocrx_word' id='word_1_652' title='bbox 2707 3565 3036 3621; x_wconf 89' lang='lat' dir='ltr'><strong>consulenti</strong></span> <span class='ocrx_word' id='word_1_653' title='bbox 3064 3564 3092 3618; x_wconf 78' lang='grc' dir='ltr'><strong><em>τ</em></strong></span> <span class='ocrx_word' id='word_1_654' title='bbox 3126 3565 3294 3630; x_wconf 87' lang='lat' dir='ltr'><strong>Quod</strong></span> <span class='ocrx_word' id='word_1_655' title='bbox 3326 3570 3527 3621; x_wconf 88' lang='lat' dir='ltr'><strong>autem</strong></span> <span class='ocrx_word' id='word_1_656' title='bbox 3560 3571 3617 3622; x_wconf 90' lang='lat' dir='ltr'><strong>tu</strong></span> 
     </span>
    </p>
   </div>
   <div class='ocr_carea' id='block_1_87' title="bbox 1968 3653 3615 3726">
    <p class='ocr_par' dir='ltr' id='par_1_87' title="bbox 1968 3653 3615 3726">
     <span class='ocr_line' id='line_1_87' title="bbox 1968 3653 3615 3726; baseline 0 -15"><span class='ocrx_word' id='word_1_657' title='bbox 1968 3671 2038 3711; x_wconf 85' lang='lat' dir='ltr'><strong>ex</strong></span> <span class='ocrx_word' id='word_1_658' title='bbox 2067 3671 2162 3710; x_wconf 90' lang='lat' dir='ltr'><strong>me</strong></span> <span class='ocrx_word' id='word_1_659' title='bbox 2191 3654 2456 3710; x_wconf 85' lang='lat' dir='ltr'><strong>dolorem</strong></span> <span class='ocrx_word' id='word_1_660' title='bbox 2489 3654 2732 3726; x_wconf 87' lang='lat' dir='ltr'><strong>accipis,</strong></span> <span class='ocrx_word' id='word_1_661' title='bbox 2762 3669 2871 3724; x_wconf 89' lang='lat' dir='ltr'><strong>ego</strong></span> <span class='ocrx_word' id='word_1_662' title='bbox 2891 3655 3079 3726; x_wconf 84' lang='lat' dir='ltr'><strong>magis</strong></span> <span class='ocrx_word' id='word_1_663' title='bbox 3109 3653 3198 3709; x_wconf 92' lang='lat' dir='ltr'><strong>tui</strong></span> <span class='ocrx_word' id='word_1_664' title='bbox 3223 3655 3512 3710; x_wconf 83' lang='lat' dir='ltr'><strong>misereor</strong></span> <span class='ocrx_word' id='word_1_665' title='bbox 3533 3656 3615 3712; x_wconf 89' lang='lat' dir='ltr'><strong>in-</strong></span> 
     </span>
    </p>
   </div>
   <div class='ocr_carea' id='block_1_88' title="bbox 1969 3740 3612 3814">
    <p class='ocr_par' dir='ltr' id='par_1_88' title="bbox 1969 3740 3612 3814">
     <span class='ocr_line' id='line_1_88' title="bbox 1969 3740 3612 3814; baseline 0.001 -17"><span class='ocrx_word' id='word_1_666' title='bbox 1969 3742 2190 3806; x_wconf 90' lang='lat' dir='ltr'><strong>teritus,</strong></span> <span class='ocrx_word' id='word_1_667' title='bbox 2233 3748 2289 3797; x_wconf 89' lang='lat' dir='ltr'><strong>et</strong></span> <span class='ocrx_word' id='word_1_668' title='bbox 2327 3745 2529 3813; x_wconf 88' lang='lat' dir='ltr'><strong>aperte</strong></span> <span class='ocrx_word' id='word_1_669' title='bbox 2571 3747 2734 3796; x_wconf 88' lang='lat' dir='ltr'><strong>tuam</strong></span> <span class='ocrx_word' id='word_1_670' title='bbox 2775 3741 2907 3812; x_wconf 91' lang='lat' dir='ltr'><strong>(hoc</strong></span> <span class='ocrx_word' id='word_1_671' title='bbox 2946 3740 3094 3796; x_wconf 88' lang='lat' dir='ltr'><strong>sciat</strong></span> <span class='ocrx_word' id='word_1_672' title='bbox 3132 3740 3326 3796; x_wconf 91' lang='lat' dir='ltr'><strong>amica</strong></span> <span class='ocrx_word' id='word_1_673' title='bbox 3376 3742 3612 3814; x_wconf 84' lang='lat' dir='ltr'><strong>veritas)</strong></span> 
     </span>
    </p>
   </div>
   <div class='ocr_carea' id='block_1_89' title="bbox 1967 3827 3610 3902">
    <p class='ocr_par' dir='ltr' id='par_1_89' title="bbox 1967 3827 3610 3902">
     <span class='ocr_line' id='line_1_89' title="bbox 1967 3827 3610 3902; baseline 0 -16"><span class='ocrx_word' id='word_1_674' title='bbox 1967 3846 2122 3902; x_wconf 72' lang='lat' dir='ltr'><strong>aegre</strong></span> <span class='ocrx_word' id='word_1_675' title='bbox 2138 3829 2260 3886; x_wconf 86' lang='lat' dir='ltr'><strong>fero</strong></span> <span class='ocrx_word' id='word_1_676' title='bbox 2277 3829 2696 3894; x_wconf 88' lang='lat' dir='ltr'><strong>calamitatem,</strong></span> <span class='ocrx_word' id='word_1_677' title='bbox 2710 3844 2813 3900; x_wconf 77' lang='lat' dir='ltr'><strong>qui</strong></span> <span class='ocrx_word' id='word_1_678' title='bbox 2831 3828 2976 3884; x_wconf 92' lang='lat' dir='ltr'><strong>tales</strong></span> <span class='ocrx_word' id='word_1_679' title='bbox 2995 3827 3138 3884; x_wconf 91' lang='lat' dir='ltr'><strong>deos</strong></span> <span class='ocrx_word' id='word_1_680' title='bbox 3156 3827 3337 3894; x_wconf 90' lang='lat' dir='ltr'><strong>colas,</strong></span> <span class='ocrx_word' id='word_1_681' title='bbox 3361 3833 3416 3884; x_wconf 91' lang='lat' dir='ltr'><strong>et</strong></span> <span class='ocrx_word' id='word_1_682' title='bbox 3443 3845 3610 3900; x_wconf 88' lang='lat' dir='ltr'><strong>spem</strong></span> 
     </span>
    </p>
   </div>
   <div class='ocr_carea' id='block_1_90' title="bbox 1966 3915 3615 3990">
    <p class='ocr_par' dir='ltr' id='par_1_90' title="bbox 1966 3915 3615 3990">
     <span class='ocr_line' id='line_1_90' title="bbox 1966 3915 3615 3990; baseline -0.001 -16"><span class='ocrx_word' id='word_1_683' title='bbox 1966 3919 2236 3990; x_wconf 90' lang='lat' dir='ltr'><strong>posueris</strong></span> <span class='ocrx_word' id='word_1_684' title='bbox 2269 3917 2676 3983; x_wconf 90' lang='lat' dir='ltr'><strong>mendacium,</strong></span> <span class='ocrx_word' id='word_1_685' title='bbox 2711 3923 2774 3972; x_wconf 92' lang='lat' dir='ltr'><strong>ut</strong></span> <span class='ocrx_word' id='word_1_686' title='bbox 2802 3917 3000 3972; x_wconf 89' lang='lat' dir='ltr'><strong>dicam</strong></span> <span class='ocrx_word' id='word_1_687' title='bbox 3032 3932 3170 3971; x_wconf 91' lang='lat' dir='ltr'><strong>cum</strong></span> <span class='ocrx_word' id='word_1_688' title='bbox 3213 3915 3419 3972; x_wconf 89' lang='lat' dir='ltr'><strong>divina</strong></span> <span class='ocrx_word' id='word_1_689' title='bbox 3461 3918 3615 3973; x_wconf 90' lang='lat' dir='ltr'><strong>Scri-</strong></span> 
     </span>
    </p>
   </div>
   <div class='ocr_carea' id='block_1_91' title="bbox 1966 4004 3613 4079">
    <p class='ocr_par' dir='ltr' id='par_1_91' title="bbox 1966 4004 3613 4079">
     <span class='ocr_line' id='line_1_91' title="bbox 1966 4004 3613 4079; baseline -0.001 -16"><span class='ocrx_word' id='word_1_690' title='bbox 1966 4011 2191 4079; x_wconf 63' lang='lat' dir='ltr'><strong>ptura’.</strong></span> <span class='ocrx_word' id='word_1_691' title='bbox 2208 4007 2317 4072; x_wconf 88' lang='lat' dir='ltr'><strong>Qui</strong></span> <span class='ocrx_word' id='word_1_692' title='bbox 2333 4005 2577 4078; x_wconf 91' lang='lat' dir='ltr'><strong>quidem</strong></span> <span class='ocrx_word' id='word_1_693' title='bbox 2592 4004 3108 4077; x_wconf 90' lang='lat' dir='ltr'><strong>quemadmodum</strong></span> <span class='ocrx_word' id='word_1_694' title='bbox 3124 4009 3374 4074; x_wconf 89' lang='lat' dir='ltr'><strong>possunt</strong></span> <span class='ocrx_word' id='word_1_695' title='bbox 3387 4004 3468 4059; x_wconf 90' lang='lat' dir='ltr'><strong>dii</strong></span> <span class='ocrx_word' id='word_1_696' title='bbox 3480 4005 3613 4075; x_wconf 84' lang='lat' dir='ltr'><strong>jure</strong></span> 
     </span>
    </p>
   </div>
   <div class='ocr_carea' id='block_1_92' title="bbox 1964 4092 3607 4166">
    <p class='ocr_par' dir='ltr' id='par_1_92' title="bbox 1964 4092 3607 4166">
     <span class='ocr_line' id='line_1_92' title="bbox 1964 4092 3607 4166; baseline -0.001 -17"><span class='ocrx_word' id='word_1_697' title='bbox 1964 4095 2245 4166; x_wconf 88' lang='lat' dir='ltr'><strong>reputari,</strong></span> <span class='ocrx_word' id='word_1_698' title='bbox 2279 4111 2415 4150; x_wconf 92' lang='lat' dir='ltr'><strong>cum</strong></span> <span class='ocrx_word' id='word_1_699' title='bbox 2449 4095 2565 4148; x_wconf 92' lang='lat' dir='ltr'><strong>sint</strong></span> <span class='ocrx_word' id='word_1_700' title='bbox 2593 4109 2664 4148; x_wconf 81' lang='lat' dir='ltr'><strong>ex</strong></span> <span class='ocrx_word' id='word_1_701' title='bbox 2693 4092 2964 4148; x_wconf 87' lang='lat' dir='ltr'><strong>inanima</strong></span> <span class='ocrx_word' id='word_1_702' title='bbox 2994 4093 3267 4160; x_wconf 88' lang='lat' dir='ltr'><strong>materia,</strong></span> <span class='ocrx_word' id='word_1_703' title='bbox 3298 4098 3355 4148; x_wconf 84' lang='lat' dir='ltr'><strong>et</strong></span> <span class='ocrx_word' id='word_1_704' title='bbox 3383 4093 3607 4160; x_wconf 86' lang='lat' dir='ltr'><strong>adhoc,</strong></span> 
     </span>
    </p>
   </div>
   <div class='ocr_carea' id='block_1_93' title="bbox 1963 4180 3608 4253">
    <p class='ocr_par' dir='ltr' id='par_1_93' title="bbox 1963 4180 3608 4253">
     <span class='ocr_line' id='line_1_93' title="bbox 1963 4180 3608 4253; baseline 0 -16"><span class='ocrx_word' id='word_1_705' title='bbox 1963 4183 2129 4253; x_wconf 89' lang='lat' dir='ltr'><strong>quod</strong></span> <span class='ocrx_word' id='word_1_706' title='bbox 2151 4187 2310 4247; x_wconf 88' lang='lat' dir='ltr'><strong>sunt,</strong></span> <span class='ocrx_word' id='word_1_707' title='bbox 2332 4183 2764 4251; x_wconf 90' lang='lat' dir='ltr'><strong>productionem</strong></span> <span class='ocrx_word' id='word_1_708' title='bbox 2777 4181 3037 4236; x_wconf 88' lang='lat' dir='ltr'><strong>habeant</strong></span> <span class='ocrx_word' id='word_1_709' title='bbox 3054 4196 3125 4235; x_wconf 85' lang='lat' dir='ltr'><strong>ex</strong></span> <span class='ocrx_word' id='word_1_710' title='bbox 3142 4196 3306 4235; x_wconf 89' lang='lat' dir='ltr'><strong>manu</strong></span> <span class='ocrx_word' id='word_1_711' title='bbox 3319 4180 3608 4237; x_wconf 80' lang='lat' dir='ltr'><strong>humana?</strong></span> 
     </span>
    </p>
   </div>
   <div class='ocr_carea' id='block_1_94' title="bbox 1965 4269 3608 4340">
    <p class='ocr_par' dir='ltr' id='par_1_94' title="bbox 1965 4269 3608 4340">
     <span class='ocr_line' id='line_1_94' title="bbox 1965 4269 3608 4340; baseline 0.002 -18"><span class='ocrx_word' id='word_1_712' title='bbox 1965 4269 2224 4325; x_wconf 88' lang='lat' dir='ltr'><strong>Valerius</strong></span> <span class='ocrx_word' id='word_1_713' title='bbox 2260 4284 2399 4338; x_wconf 86' lang='lat' dir='ltr'><strong>ergo</strong></span> <span class='ocrx_word' id='word_1_714' title='bbox 2433 4285 2549 4324; x_wconf 92' lang='lat' dir='ltr'><strong>non</strong></span> <span class='ocrx_word' id='word_1_715' title='bbox 2591 4269 2785 4324; x_wconf 86' lang='lat' dir='ltr'><strong>ferens</strong></span> <span class='ocrx_word' id='word_1_716' title='bbox 2826 4269 2972 4324; x_wconf 92' lang='lat' dir='ltr'><strong>deos</strong></span> <span class='ocrx_word' id='word_1_717' title='bbox 3003 4285 3146 4323; x_wconf 91' lang='lat' dir='ltr'><strong>suos</strong></span> <span class='ocrx_word' id='word_1_718' title='bbox 3186 4285 3223 4324; x_wconf 90' lang='lat' dir='ltr'><strong>a</strong></span> <span class='ocrx_word' id='word_1_719' title='bbox 3261 4269 3474 4340; x_wconf 89' lang='lat' dir='ltr'><strong>Carpo,</strong></span> <span class='ocrx_word' id='word_1_720' title='bbox 3503 4269 3608 4326; x_wconf 88' lang='lat' dir='ltr'><strong>etsi</strong></span> 
     </span>
    </p>
   </div>
   <div class='ocr_carea' id='block_1_95' title="bbox 249 4356 1857 4464">
    <p class='ocr_par' dir='ltr' id='par_1_95' title="bbox 249 4367 1851 4442">
     <span class='ocr_line' id='line_1_95' title="bbox 249 4367 1851 4442; baseline -0.004 -17"><span class='ocrx_word' id='word_1_721' title='bbox 249 4375 410 4437; x_wconf 80' lang='grc' dir='ltr'>θεοὺς,</span> <span class='ocrx_word' id='word_1_722' title='bbox 467 4373 561 4424; x_wconf 82' lang='grc' dir='ltr'>κᾶν</span> <span class='ocrx_word' id='word_1_723' title='bbox 619 4373 644 4424; x_wconf 91' lang='lat'><strong>6</strong></span> <span class='ocrx_word' id='word_1_724' title='bbox 697 4371 850 4442; x_wconf 83' lang='grc' dir='ltr'>λόγος</span> <span class='ocrx_word' id='word_1_725' title='bbox 923 4370 1116 4430; x_wconf 81' lang='grc' dir='ltr'>ἀληθὴς</span> <span class='ocrx_word' id='word_1_726' title='bbox 1187 4367 1268 4432; x_wconf 79' lang='grc' dir='ltr'><strong>ἧν,</strong></span> <span class='ocrx_word' id='word_1_727' title='bbox 1324 4369 1694 4441; x_wconf 81' lang='grc' dir='ltr'>ὑϐριζομένους</span> <span class='ocrx_word' id='word_1_728' title='bbox 1759 4368 1851 4419; x_wconf 80' lang='grc' dir='ltr'>οὐκ</span> 
     </span>
    </p>
   </div>
   <div class='ocr_carea' id='block_1_96' title="bbox 1969 4356 3607 4464">
    <p class='ocr_par' dir='ltr' id='par_1_96' title="bbox 1969 4356 3607 4423">
     <span class='ocr_line' id='line_1_96' title="bbox 1969 4356 3607 4423; baseline 0.001 -11"><span class='ocrx_word' id='word_1_729' title='bbox 1969 4374 2170 4414; x_wconf 87' lang='lat' dir='ltr'><strong>verum</strong></span> <span class='ocrx_word' id='word_1_730' title='bbox 2203 4358 2442 4423; x_wconf 89' lang='lat' dir='ltr'><strong>diceret,</strong></span> <span class='ocrx_word' id='word_1_731' title='bbox 2467 4373 2537 4413; x_wconf 90' lang='lat' dir='ltr'><strong>ea</strong></span> <span class='ocrx_word' id='word_1_732' title='bbox 2566 4356 2810 4413; x_wconf 84' lang='lat' dir='ltr'><strong>affectos</strong></span> <span class='ocrx_word' id='word_1_733' title='bbox 2840 4356 3220 4421; x_wconf 84' lang='lat' dir='ltr'><strong>contumelia,</strong></span> <span class='ocrx_word' id='word_1_734' title='bbox 3242 4357 3403 4413; x_wconf 87' lang='lat' dir='ltr'><strong>bona</strong></span> <span class='ocrx_word' id='word_1_735' title='bbox 3423 4358 3607 4414; x_wconf 81' lang='lat' dir='ltr'><strong>verba</strong></span> 
     </span>
    </p>
   </div>
   <div class='ocr_carea' id='block_1_97' title="bbox 247 4453 1845 4532">
    <p class='ocr_par' dir='ltr' id='par_1_97' title="bbox 247 4453 1845 4532">
     <span class='ocr_line' id='line_1_97' title="bbox 247 4453 1845 4532; baseline -0.003 -19"><span class='ocrx_word' id='word_1_736' title='bbox 247 4460 482 4532; x_wconf 79' lang='grc' dir='ltr'>ἐνεγκὼν,</span> <span class='ocrx_word' id='word_1_737' title='bbox 535 4459 743 4531; x_wconf 85' lang='grc' dir='ltr'>ἀγαθῶν</span> <span class='ocrx_word' id='word_1_738' title='bbox 785 4459 950 4528; x_wconf 86' lang='grc' dir='ltr'>λόγων</span> <span class='ocrx_word' id='word_1_739' title='bbox 1005 4459 1234 4530; x_wconf 85' lang='grc' dir='ltr'>πονηρὰν</span> <span class='ocrx_word' id='word_1_740' title='bbox 1292 4453 1559 4508; x_wconf 89' lang='grc' dir='ltr'>ἀντίδοσιν</span> <span class='ocrx_word' id='word_1_741' title='bbox 1608 4458 1845 4508; x_wconf 79' lang='grc' dir='ltr'>ἐποιεῖτο·</span> 
     </span>
    </p>
   </div>
   <div class='ocr_carea' id='block_1_98' title="bbox 248 4544 1848 4623">
    <p class='ocr_par' dir='ltr' id='par_1_98' title="bbox 248 4544 1848 4623">
     <span class='ocr_line' id='line_1_98' title="bbox 248 4544 1848 4623; baseline -0.004 -22"><span class='ocrx_word' id='word_1_742' title='bbox 248 4549 472 4623; x_wconf 84' lang='grc' dir='ltr'>ἐμίσησε</span> <span class='ocrx_word' id='word_1_743' title='bbox 517 4550 618 4620; x_wconf 83' lang='grc' dir='ltr'>γὰρ</span> <span class='ocrx_word' id='word_1_744' title='bbox 677 4546 725 4598; x_wconf 85' lang='grc' dir='ltr'><strong>ἐν</strong></span> <span class='ocrx_word' id='word_1_745' title='bbox 772 4545 956 4605; x_wconf 88' lang='grc' dir='ltr'>πύλαις</span> <span class='ocrx_word' id='word_1_746' title='bbox 1015 4544 1292 4616; x_wconf 81' lang='grc' dir='ltr'>ἐλέγχοντα</span> <span class='ocrx_word' id='word_1_747' title='bbox 1341 4546 1496 4605; x_wconf 88' lang='grc' dir='ltr'>(κατά</span> <span class='ocrx_word' id='word_1_748' title='bbox 1577 4548 1663 4596; x_wconf 88' lang='grc' dir='ltr'>τὸν</span> <span class='ocrx_word' id='word_1_749' title='bbox 1719 4547 1848 4598; x_wconf 86' lang='grc' dir='ltr'>θεῖον</span> 
     </span>
    </p>
   </div>
   <div class='ocr_carea' id='block_1_99' title="bbox 248 4630 1824 4707">
    <p class='ocr_par' dir='ltr' id='par_1_99' title="bbox 248 4630 1824 4707">
     <span class='ocr_line' id='line_1_99' title="bbox 248 4630 1824 4707; baseline -0.004 -15"><span class='ocrx_word' id='word_1_750' title='bbox 248 4639 465 4705; x_wconf 70' lang='grc' dir='ltr'><strong>’Δια-ῶς)</strong></span> <span class='ocrx_word' id='word_1_751' title='bbox 513 4641 603 4688; x_wconf 81' lang='grc' dir='ltr'><strong>καὶ</strong></span> <span class='ocrx_word' id='word_1_752' title='bbox 653 4635 803 4707; x_wconf 87' lang='grc' dir='ltr'>λόγον</span> <span class='ocrx_word' id='word_1_753' title='bbox 847 4636 990 4687; x_wconf 85' lang='grc' dir='ltr'>ὅσιον</span> <span class='ocrx_word' id='word_1_754' title='bbox 1045 4630 1372 4698; x_wconf 82' lang='grc' dir='ltr'>ἐϐδελύξατο,</span> <span class='ocrx_word' id='word_1_755' title='bbox 1430 4633 1623 4686; x_wconf 81' lang='grc' dir='ltr'>ἐκέλενέ</span> <span class='ocrx_word' id='word_1_756' title='bbox 1665 4653 1718 4686; x_wconf 89' lang='grc' dir='ltr'><strong>τε</strong></span> <span class='ocrx_word' id='word_1_757' title='bbox 1769 4634 1824 4686; x_wconf 88' lang='grc' dir='ltr'><strong>εύ</strong></span> 
     </span>
    </p>
   </div>
   <div class='ocr_carea' id='block_1_100' title="bbox 251 4719 1848 4799">
    <p class='ocr_par' dir='ltr' id='par_1_100' title="bbox 251 4719 1848 4799">
     <span class='ocr_line' id='line_1_100' title="bbox 251 4719 1848 4799; baseline -0.003 -20"><span class='ocrx_word' id='word_1_758' title='bbox 251 4729 397 4792; x_wconf 87' lang='grc' dir='ltr'>θέως,</span> <span class='ocrx_word' id='word_1_759' title='bbox 446 4726 589 4778; x_wconf 81' lang='grc' dir='ltr'><strong>καὶὸ</strong></span> <span class='ocrx_word' id='word_1_760' title='bbox 646 4727 807 4797; x_wconf 88' lang='grc' dir='ltr'>θυμὸς</span> <span class='ocrx_word' id='word_1_761' title='bbox 865 4725 1084 4799; x_wconf 68' lang='grc' dir='ltr'>ἄμετρος</span> <span class='ocrx_word' id='word_1_762' title='bbox 1139 4724 1220 4788; x_wconf 79' lang='grc' dir='ltr'><strong>ἧν,</strong></span> <span class='ocrx_word' id='word_1_763' title='bbox 1289 4728 1379 4775; x_wconf 80' lang='grc' dir='ltr'>καὶ</span> <span class='ocrx_word' id='word_1_764' title='bbox 1445 4719 1648 4794; x_wconf 87' lang='grc' dir='ltr'>δημίων</span> <span class='ocrx_word' id='word_1_765' title='bbox 1678 4730 1848 4795; x_wconf 89' lang='grc' dir='ltr'>χεῖρες</span> 
     </span>
    </p>
   </div>
   <div class='ocr_carea' id='block_1_101' title="bbox 251 4808 1847 4888">
    <p class='ocr_par' dir='ltr' id='par_1_101' title="bbox 251 4808 1847 4888">
     <span class='ocr_line' id='line_1_101' title="bbox 251 4808 1847 4888; baseline -0.004 -19"><span class='ocrx_word' id='word_1_766' title='bbox 251 4812 396 4888; x_wconf 85' lang='grc' dir='ltr'>εἶχον</span> <span class='ocrx_word' id='word_1_767' title='bbox 423 4817 510 4867; x_wconf 87' lang='grc' dir='ltr'>τὸν</span> <span class='ocrx_word' id='word_1_768' title='bbox 547 4814 694 4884; x_wconf 81' lang='grc' dir='ltr'>ἅγιον</span> <span class='ocrx_word' id='word_1_769' title='bbox 729 4831 740 4843; x_wconf 92' lang='grc'>·</span> <span class='ocrx_word' id='word_1_770' title='bbox 765 4809 957 4888; x_wconf 83' lang='grc' dir='ltr'>ῥάϐδοι</span> <span class='ocrx_word' id='word_1_771' title='bbox 1009 4832 1061 4865; x_wconf 94' lang='grc' dir='ltr'><strong>τε</strong></span> <span class='ocrx_word' id='word_1_772' title='bbox 1087 4812 1241 4864; x_wconf 84' lang='grc' dir='ltr'>αύτὸν</span> <span class='ocrx_word' id='word_1_773' title='bbox 1283 4808 1600 4872; x_wconf 85' lang='grc' dir='ltr'>ἀκανθώδεις</span> <span class='ocrx_word' id='word_1_774' title='bbox 1627 4810 1847 4873; x_wconf 84' lang='grc' dir='ltr'>ἀνηλεῶς</span> 
     </span>
    </p>
   </div>
   <div class='ocr_carea' id='block_1_102' title="bbox 249 4899 1848 4978">
    <p class='ocr_par' dir='ltr' id='par_1_102' title="bbox 249 4899 1848 4978">
     <span class='ocr_line' id='line_1_102' title="bbox 249 4899 1848 4978; baseline -0.002 -22"><span class='ocrx_word' id='word_1_775' title='bbox 249 4907 455 4978; x_wconf 75' lang='grc' dir='ltr'>ᾔκιζον,</span> <span class='ocrx_word' id='word_1_776' title='bbox 492 4908 580 4955; x_wconf 81' lang='grc' dir='ltr'>καὶ</span> <span class='ocrx_word' id='word_1_777' title='bbox 619 4904 673 4954; x_wconf 87' lang='grc' dir='ltr'>αἱ</span> <span class='ocrx_word' id='word_1_778' title='bbox 735 4904 924 4974; x_wconf 79' lang='grc' dir='ltr'>σάρκες</span> <span class='ocrx_word' id='word_1_779' title='bbox 976 4901 1266 4974; x_wconf 81' lang='grc' dir='ltr'>ξαινόμεναι</span> <span class='ocrx_word' id='word_1_780' title='bbox 1316 4910 1553 4973; x_wconf 86' lang='grc' dir='ltr'>συνεχῶς</span> <span class='ocrx_word' id='word_1_781' title='bbox 1600 4901 1673 4962; x_wconf 89' lang='grc' dir='ltr'><strong>εἰς</strong></span> <span class='ocrx_word' id='word_1_782' title='bbox 1723 4899 1848 4974; x_wconf 84' lang='grc' dir='ltr'>ἀέρα</span> 
     </span>
    </p>
   </div>
   <div class='ocr_carea' id='block_1_103' title="bbox 251 4987 1844 5063">
    <p class='ocr_par' dir='ltr' id='par_1_103' title="bbox 251 4987 1844 5063">
     <span class='ocr_line' id='line_1_103' title="bbox 251 4987 1844 5063; baseline -0.003 -18"><span class='ocrx_word' id='word_1_783' title='bbox 251 4987 675 5051; x_wconf 80' lang='grc' dir='ltr'>διεσκεδάζοντο·</span> <span class='ocrx_word' id='word_1_784' title='bbox 734 4995 823 5042; x_wconf 80' lang='grc' dir='ltr'>καὶ</span> <span class='ocrx_word' id='word_1_785' title='bbox 851 4995 1004 5063; x_wconf 89' lang='grc' dir='ltr'>κόρον</span> <span class='ocrx_word' id='word_1_786' title='bbox 1051 4988 1099 5040; x_wconf 81' lang='grc' dir='ltr'><strong>ἐν</strong></span> <span class='ocrx_word' id='word_1_787' title='bbox 1151 4992 1354 5051; x_wconf 88' lang='grc' dir='ltr'>τούτοῖς</span> <span class='ocrx_word' id='word_1_788' title='bbox 1407 4989 1501 5041; x_wconf 82' lang='grc' dir='ltr'><strong>ούκ</strong></span> <span class='ocrx_word' id='word_1_789' title='bbox 1549 4987 1844 5060; x_wconf 81' lang='grc' dir='ltr'>ἐλάμϐανεὸ</span> 
     </span>
    </p>
   </div>
   <div class='ocr_carea' id='block_1_104' title="bbox 253 5074 1844 5154">
    <p class='ocr_par' dir='ltr' id='par_1_104' title="bbox 253 5074 1844 5154">
     <span class='ocr_line' id='line_1_104' title="bbox 253 5074 1844 5154; baseline -0.003 -20"><span class='ocrx_word' id='word_1_790' title='bbox 253 5084 433 5154; x_wconf 88' lang='grc' dir='ltr'>θυμὸς,</span> <span class='ocrx_word' id='word_1_791' title='bbox 489 5077 616 5131; x_wconf 90' lang='grc' dir='ltr'><strong>ἀλλά</strong></span> <span class='ocrx_word' id='word_1_792' title='bbox 661 5082 749 5130; x_wconf 82' lang='grc' dir='ltr'>καὶ</span> <span class='ocrx_word' id='word_1_793' title='bbox 799 5077 951 5129; x_wconf 91' lang='grc' dir='ltr'>πάλιν</span> <span class='ocrx_word' id='word_1_794' title='bbox 999 5078 1159 5149; x_wconf 80' lang='grc' dir='ltr'>ἕτεροι</span> <span class='ocrx_word' id='word_1_795' title='bbox 1231 5087 1328 5129; x_wconf 83' lang='grc' dir='ltr'>τῶν</span> <span class='ocrx_word' id='word_1_796' title='bbox 1374 5074 1598 5150; x_wconf 85' lang='grc' dir='ltr'>δημίων,</span> <span class='ocrx_word' id='word_1_797' title='bbox 1655 5079 1704 5129; x_wconf 84' lang='grc' dir='ltr'>οἱ</span> <span class='ocrx_word' id='word_1_798' title='bbox 1757 5080 1844 5148; x_wconf 69' lang='grc' dir='ltr'>μὲν</span> 
     </span>
    </p>
   </div>
   <div class='ocr_carea' id='block_1_105' title="bbox 251 5163 1846 5243">
    <p class='ocr_par' dir='ltr' id='par_1_105' title="bbox 251 5163 1846 5243">
     <span class='ocr_line' id='line_1_105' title="bbox 251 5163 1846 5243; baseline -0.005 -19"><span class='ocrx_word' id='word_1_799' title='bbox 251 5166 533 5243; x_wconf 75' lang='grc' dir='ltr'>λαμπάδας</span> <span class='ocrx_word' id='word_1_800' title='bbox 562 5167 718 5220; x_wconf 81' lang='grc' dir='ltr'>αύτοῦ</span> <span class='ocrx_word' id='word_1_801' title='bbox 771 5174 882 5226; x_wconf 87' lang='grc' dir='ltr'>ταῖς</span> <span class='ocrx_word' id='word_1_802' title='bbox 933 5166 1175 5238; x_wconf 79' lang='grc' dir='ltr'>πλευραῖς</span> <span class='ocrx_word' id='word_1_803' title='bbox 1213 5165 1459 5231; x_wconf 82' lang='grc' dir='ltr'>ἀνῆπτον,</span> <span class='ocrx_word' id='word_1_804' title='bbox 1510 5169 1559 5219; x_wconf 83' lang='grc' dir='ltr'>οἱ</span> <span class='ocrx_word' id='word_1_805' title='bbox 1613 5163 1672 5219; x_wconf 74' lang='grc' dir='ltr'><strong>δε</strong></span> <span class='ocrx_word' id='word_1_806' title='bbox 1719 5166 1846 5227; x_wconf 79' lang='grc' dir='ltr'>ἅλας</span> 
     </span>
    </p>
   </div>
   <div class='ocr_carea' id='block_1_106' title="bbox 253 5253 1845 5331">
    <p class='ocr_par' dir='ltr' id='par_1_106' title="bbox 253 5253 1845 5331">
     <span class='ocr_line' id='line_1_106' title="bbox 253 5253 1845 5331; baseline -0.004 -18"><span class='ocrx_word' id='word_1_807' title='bbox 253 5265 358 5321; x_wconf 89' lang='grc' dir='ltr'>τοῖς</span> <span class='ocrx_word' id='word_1_808' title='bbox 407 5256 654 5331; x_wconf 80' lang='grc' dir='ltr'>μώλωψιν</span> <span class='ocrx_word' id='word_1_809' title='bbox 728 5253 1080 5327; x_wconf 81' lang='grc' dir='ltr'>ἀπανθρώπως</span> <span class='ocrx_word' id='word_1_810' title='bbox 1153 5255 1424 5308; x_wconf 85' lang='grc' dir='ltr'>ἐπέταττον</span> <span class='ocrx_word' id='word_1_811' title='bbox 1526 5270 1543 5288; x_wconf 87' lang='grc'>⁶</span> <span class='ocrx_word' id='word_1_812' title='bbox 1622 5254 1845 5308; x_wconf 83' lang='grc' dir='ltr'>ἐντεῦθεν</span> 
     </span>
    </p>
   </div>
   <div class='ocr_carea' id='block_1_107' title="bbox 257 5341 1842 5422">
    <p class='ocr_par' dir='ltr' id='par_1_107' title="bbox 257 5341 1842 5422">
     <span class='ocr_line' id='line_1_107' title="bbox 257 5341 1842 5422; baseline -0.004 -20"><span class='ocrx_word' id='word_1_813' title='bbox 257 5350 488 5422; x_wconf 82' lang='grc' dir='ltr'>αἱμάτων</span> <span class='ocrx_word' id='word_1_814' title='bbox 546 5348 636 5418; x_wconf 68' lang='grc' dir='ltr'>μὶν</span> <span class='ocrx_word' id='word_1_815' title='bbox 686 5343 872 5419; x_wconf 84' lang='grc' dir='ltr'>ῥύακες</span> <span class='ocrx_word' id='word_1_816' title='bbox 928 5345 1062 5395; x_wconf 89' lang='grc' dir='ltr'><strong>κατά</strong></span> <span class='ocrx_word' id='word_1_817' title='bbox 1136 5351 1226 5395; x_wconf 84' lang='grc' dir='ltr'>τοῦ</span> <span class='ocrx_word' id='word_1_818' title='bbox 1292 5341 1516 5416; x_wconf 83' lang='grc' dir='ltr'>ἐδάφους</span> <span class='ocrx_word' id='word_1_819' title='bbox 1589 5343 1842 5419; x_wconf 82' lang='grc' dir='ltr'>ἐφέροντο,</span> 
     </span>
    </p>
   </div>
   <div class='ocr_carea' id='block_1_108' title="bbox 330 5515 1367 5584">
    <p class='ocr_par' dir='ltr' id='par_1_108' title="bbox 330 5515 1367 5584">
     <span class='ocr_line' id='line_1_108' title="bbox 330 5515 1367 5584; baseline -0.009 -8"><span class='ocrx_word' id='word_1_820' title='bbox 330 5523 352 5558; x_wconf 81' lang='grc'><strong><em>²</em></strong></span> <span class='ocrx_word' id='word_1_821' title='bbox 379 5519 492 5576; x_wconf 86' lang='lat' dir='ltr'><strong>Isa.</strong></span> <span class='ocrx_word' id='word_1_822' title='bbox 520 5532 719 5584; x_wconf 73' lang='lat' dir='ltr'><strong>xxvxn,</strong></span> <span class='ocrx_word' id='word_1_823' title='bbox 755 5520 836 5573; x_wconf 82' lang='lat' dir='ltr'><strong>t5.</strong></span> <span class='ocrx_word' id='word_1_824' title='bbox 913 5516 933 5550; x_wconf 69' lang='grc'><strong>⁸</strong></span> <span class='ocrx_word' id='word_1_825' title='bbox 963 5518 1144 5570; x_wconf 85' lang='lat' dir='ltr'><strong>Amos</strong></span> <span class='ocrx_word' id='word_1_826' title='bbox 1182 5530 1239 5582; x_wconf 93' lang='lat' dir='ltr'><strong>v,</strong></span> <span class='ocrx_word' id='word_1_827' title='bbox 1283 5515 1367 5568; x_wconf 89' lang='grc'><strong>10.</strong></span> 
     </span>
    </p>
   </div>
   <div class='ocr_carea' id='block_1_109' title="bbox 1963 4445 3604 4516">
    <p class='ocr_par' dir='ltr' id='par_1_109' title="bbox 1963 4445 3604 4516">
     <span class='ocr_line' id='line_1_109' title="bbox 1963 4445 3604 4516; baseline -0.001 -14"><span class='ocrx_word' id='word_1_828' title='bbox 1963 4447 2119 4502; x_wconf 88' lang='lat' dir='ltr'><strong>male</strong></span> <span class='ocrx_word' id='word_1_829' title='bbox 2149 4450 2243 4502; x_wconf 91' lang='lat' dir='ltr'><strong>est</strong></span> <span class='ocrx_word' id='word_1_830' title='bbox 2271 4449 2710 4502; x_wconf 88' lang='lat' dir='ltr'><strong>remuneratus.</strong></span> <span class='ocrx_word' id='word_1_831' title='bbox 2751 4445 2896 4502; x_wconf 92' lang='lat' dir='ltr'><strong>0dio</strong></span> <span class='ocrx_word' id='word_1_832' title='bbox 2909 4445 3070 4500; x_wconf 90' lang='lat' dir='ltr'><strong>enim</strong></span> <span class='ocrx_word' id='word_1_833' title='bbox 3100 4445 3310 4500; x_wconf 85' lang='lat' dir='ltr'><strong>nabuit</strong></span> <span class='ocrx_word' id='word_1_834' title='bbox 3339 4445 3398 4500; x_wconf 93' lang='lat' dir='ltr'><strong>in</strong></span> <span class='ocrx_word' id='word_1_835' title='bbox 3422 4447 3604 4516; x_wconf 89' lang='lat' dir='ltr'><strong>portis</strong></span> 
     </span>
    </p>
   </div>
   <div class='ocr_carea' id='block_1_110' title="bbox 1957 4534 3605 4608">
    <p class='ocr_par' dir='ltr' id='par_1_110' title="bbox 1957 4534 3605 4608">
     <span class='ocr_line' id='line_1_110' title="bbox 1957 4534 3605 4608; baseline 0 -16"><span class='ocrx_word' id='word_1_836' title='bbox 1957 4535 2511 4608; x_wconf 88' lang='lat' dir='ltr'><strong>reprehendentem,</strong></span> <span class='ocrx_word' id='word_1_837' title='bbox 2545 4539 2644 4591; x_wconf 89' lang='lat' dir='ltr'><strong>cut</strong></span> <span class='ocrx_word' id='word_1_838' title='bbox 2673 4534 2912 4590; x_wconf 90' lang='lat' dir='ltr'><strong>divinus</strong></span> <span class='ocrx_word' id='word_1_839' title='bbox 2937 4534 3080 4590; x_wconf 90' lang='lat' dir='ltr'><strong>dicit</strong></span> <span class='ocrx_word' id='word_1_840' title='bbox 3108 4534 3336 4605; x_wconf 72' lang='lat' dir='ltr'><strong>Amos‘)</strong></span> <span class='ocrx_word' id='word_1_841' title='bbox 3385 4539 3440 4590; x_wconf 87' lang='lat' dir='ltr'><strong>et</strong></span> <span class='ocrx_word' id='word_1_842' title='bbox 3471 4551 3605 4592; x_wconf 84' lang='lat' dir='ltr'><strong>san-</strong></span> 
     </span>
    </p>
   </div>
   <div class='ocr_carea' id='block_1_111' title="bbox 1956 4621 3604 4694">
    <p class='ocr_par' dir='ltr' id='par_1_111' title="bbox 1956 4621 3604 4694">
     <span class='ocr_line' id='line_1_111' title="bbox 1956 4621 3604 4694; baseline 0 -15"><span class='ocrx_word' id='word_1_843' title='bbox 1956 4628 2104 4689; x_wconf 88' lang='lat' dir='ltr'><strong>(tum</strong></span> <span class='ocrx_word' id='word_1_844' title='bbox 2163 4639 2504 4680; x_wconf 90' lang='lat' dir='ltr'><strong>sermonem</strong></span> <span class='ocrx_word' id='word_1_845' title='bbox 2565 4627 2652 4679; x_wconf 91' lang='lat' dir='ltr'><strong>est</strong></span> <span class='ocrx_word' id='word_1_846' title='bbox 2707 4621 3108 4679; x_wconf 88' lang='lat' dir='ltr'><strong>abominatus.</strong></span> <span class='ocrx_word' id='word_1_847' title='bbox 3167 4623 3498 4694; x_wconf 88' lang='lat' dir='ltr'><strong>Statimque</strong></span> <span class='ocrx_word' id='word_1_848' title='bbox 3530 4639 3604 4679; x_wconf 84' lang='lat' dir='ltr'><strong>ex</strong></span> 
     </span>
    </p>
   </div>
   <div class='ocr_carea' id='block_1_112' title="bbox 1951 4711 3598 4785">
    <p class='ocr_par' dir='ltr' id='par_1_112' title="bbox 1951 4711 3598 4785">
     <span class='ocr_line' id='line_1_112' title="bbox 1951 4711 3598 4785; baseline -0.001 -16"><span class='ocrx_word' id='word_1_849' title='bbox 1951 4715 2124 4785; x_wconf 88' lang='lat' dir='ltr'><strong>jussu</strong></span> <span class='ocrx_word' id='word_1_850' title='bbox 2153 4714 2281 4784; x_wconf 90' lang='lat' dir='ltr'><strong>ejus</strong></span> <span class='ocrx_word' id='word_1_851' title='bbox 2307 4713 2577 4768; x_wconf 88' lang='lat' dir='ltr'><strong>lictorum</strong></span> <span class='ocrx_word' id='word_1_852' title='bbox 2613 4727 2826 4767; x_wconf 91' lang='lat' dir='ltr'><strong>manus</strong></span> <span class='ocrx_word' id='word_1_853' title='bbox 2857 4711 3141 4767; x_wconf 90' lang='lat' dir='ltr'><strong>tenebant</strong></span> <span class='ocrx_word' id='word_1_854' title='bbox 3182 4716 3458 4767; x_wconf 88' lang='lat' dir='ltr'><strong>sanctum</strong></span> <span class='ocrx_word' id='word_1_855' title='bbox 3494 4728 3506 4767; x_wconf 93' lang='lat'>:</span> <span class='ocrx_word' id='word_1_856' title='bbox 3540 4716 3598 4768; x_wconf 89' lang='lat' dir='ltr'><strong>et</strong></span> 
     </span>
    </p>
   </div>
   <div class='ocr_carea' id='block_1_113' title="bbox 1956 4799 3604 4875">
    <p class='ocr_par' dir='ltr' id='par_1_113' title="bbox 1956 4799 3604 4875">
     <span class='ocr_line' id='line_1_113' title="bbox 1956 4799 3604 4875; baseline -0.001 -17"><span class='ocrx_word' id='word_1_857' title='bbox 1956 4803 2132 4875; x_wconf 77' lang='lat' dir='ltr'><strong>virgea</strong></span> <span class='ocrx_word' id='word_1_858' title='bbox 2154 4802 2372 4873; x_wconf 74' lang='lat' dir='ltr'><strong>spineaa</strong></span> <span class='ocrx_word' id='word_1_859' title='bbox 2395 4817 2534 4856; x_wconf 92' lang='lat' dir='ltr'><strong>eum</strong></span> <span class='ocrx_word' id='word_1_860' title='bbox 2555 4799 3248 4856; x_wconf 67' lang='lat' dir='ltr'><strong>caedebantimmaniter:</strong></span> <span class='ocrx_word' id='word_1_861' title='bbox 3273 4814 3604 4872; x_wconf 87' lang='lat' dir='ltr'><strong>carnesque</strong></span> 
     </span>
    </p>
   </div>
   <div class='ocr_carea' id='block_1_114' title="bbox 1955 4885 3599 4959">
    <p class='ocr_par' dir='ltr' id='par_1_114' title="bbox 1955 4885 3599 4959">
     <span class='ocr_line' id='line_1_114' title="bbox 1955 4885 3599 4959; baseline -0.002 -13"><span class='ocrx_word' id='word_1_862' title='bbox 1955 4891 2188 4946; x_wconf 90' lang='lat' dir='ltr'><strong>assidue</strong></span> <span class='ocrx_word' id='word_1_863' title='bbox 2219 4890 2487 4946; x_wconf 68' lang='lat' dir='ltr'><strong>laceratae</strong></span> <span class='ocrx_word' id='word_1_864' title='bbox 2517 4904 2587 4944; x_wconf 90' lang='lat' dir='ltr'><strong>ac</strong></span> <span class='ocrx_word' id='word_1_865' title='bbox 2643 4889 2973 4959; x_wconf 80' lang='lat' dir='ltr'><strong>discerptae,</strong></span> <span class='ocrx_word' id='word_1_866' title='bbox 3007 4885 3507 4957; x_wconf 88' lang='lat' dir='ltr'><strong>dispergebantur</strong></span> <span class='ocrx_word' id='word_1_867' title='bbox 3537 4889 3599 4944; x_wconf 91' lang='lat' dir='ltr'><strong>in</strong></span> 
     </span>
    </p>
   </div>
   <div class='ocr_carea' id='block_1_115' title="bbox 1955 4972 3601 5035">
    <p class='ocr_par' dir='ltr' id='par_1_115' title="bbox 1955 4972 3601 5035">
     <span class='ocr_line' id='line_1_115' title="bbox 1955 4972 3601 5035; baseline -0.003 0"><span class='ocrx_word' id='word_1_868' title='bbox 1955 4995 2173 5035; x_wconf 88' lang='lat' dir='ltr'><strong>aerem.</strong></span> <span class='ocrx_word' id='word_1_869' title='bbox 2205 4979 2323 5033; x_wconf 89' lang='lat' dir='ltr'><strong>Nec</strong></span> <span class='ocrx_word' id='word_1_870' title='bbox 2341 4977 2433 5032; x_wconf 89' lang='lat' dir='ltr'><strong>his</strong></span> <span class='ocrx_word' id='word_1_871' title='bbox 2463 4975 2891 5033; x_wconf 87' lang='lat' dir='ltr'><strong>satiabaturira</strong></span> <span class='ocrx_word' id='word_1_872' title='bbox 2925 4991 2937 5030; x_wconf 92' lang='lat'>:</span> <span class='ocrx_word' id='word_1_873' title='bbox 2964 4973 3069 5029; x_wconf 92' lang='lat' dir='ltr'><strong>sed</strong></span> <span class='ocrx_word' id='word_1_874' title='bbox 3091 4972 3190 5029; x_wconf 89' lang='lat' dir='ltr'><strong>alii</strong></span> <span class='ocrx_word' id='word_1_875' title='bbox 3216 4989 3423 5028; x_wconf 88' lang='lat' dir='ltr'><strong>rursus</strong></span> <span class='ocrx_word' id='word_1_876' title='bbox 3437 4972 3601 5030; x_wconf 84' lang='lat' dir='ltr'><strong>lioto-</strong></span> 
     </span>
    </p>
   </div>
   <div class='ocr_carea' id='block_1_116' title="bbox 1953 5061 3599 5138">
    <p class='ocr_par' dir='ltr' id='par_1_116' title="bbox 1953 5061 3599 5138">
     <span class='ocr_line' id='line_1_116' title="bbox 1953 5061 3599 5138; baseline -0.004 -15"><span class='ocrx_word' id='word_1_877' title='bbox 1953 5085 2067 5136; x_wconf 91' lang='lat' dir='ltr'><strong>res,</strong></span> <span class='ocrx_word' id='word_1_878' title='bbox 2102 5068 2314 5138; x_wconf 85' lang='lat' dir='ltr'><strong>partim</strong></span> <span class='ocrx_word' id='word_1_879' title='bbox 2338 5065 2581 5138; x_wconf 92' lang='lat' dir='ltr'><strong>quidem</strong></span> <span class='ocrx_word' id='word_1_880' title='bbox 2603 5062 3009 5120; x_wconf 88' lang='lat' dir='ltr'><strong>admovebant</strong></span> <span class='ocrx_word' id='word_1_881' title='bbox 3030 5061 3342 5132; x_wconf 86' lang='lat' dir='ltr'><strong>lampades</strong></span> <span class='ocrx_word' id='word_1_882' title='bbox 3371 5061 3500 5132; x_wconf 91' lang='lat' dir='ltr'><strong>ejus</strong></span> <span class='ocrx_word' id='word_1_883' title='bbox 3517 5061 3599 5118; x_wconf 85' lang='lat' dir='ltr'><strong>la-</strong></span> 
     </span>
    </p>
   </div>
   <div class='ocr_carea' id='block_1_117' title="bbox 1953 5149 3600 5227">
    <p class='ocr_par' dir='ltr' id='par_1_117' title="bbox 1953 5149 3600 5227">
     <span class='ocr_line' id='line_1_117' title="bbox 1953 5149 3600 5227; baseline -0.004 -14"><span class='ocrx_word' id='word_1_884' title='bbox 1953 5157 2196 5222; x_wconf 88' lang='lat' dir='ltr'><strong>teribus,</strong></span> <span class='ocrx_word' id='word_1_885' title='bbox 2226 5155 2438 5227; x_wconf 89' lang='lat' dir='ltr'><strong>partim</strong></span> <span class='ocrx_word' id='word_1_886' title='bbox 2465 5156 2666 5210; x_wconf 90' lang='lat' dir='ltr'><strong>autem</strong></span> <span class='ocrx_word' id='word_1_887' title='bbox 2695 5153 3020 5207; x_wconf 87' lang='lat' dir='ltr'><strong>inhumane</strong></span> <span class='ocrx_word' id='word_1_888' title='bbox 3051 5149 3450 5220; x_wconf 85' lang='lat' dir='ltr'><strong>aspergebant</strong></span> <span class='ocrx_word' id='word_1_889' title='bbox 3477 5149 3600 5206; x_wconf 90' lang='lat' dir='ltr'><strong>sale</strong></span> 
     </span>
    </p>
   </div>
   <div class='ocr_carea' id='block_1_118' title="bbox 1952 5236 3600 5318">
    <p class='ocr_par' dir='ltr' id='par_1_118' title="bbox 1952 5236 3600 5318">
     <span class='ocr_line' id='line_1_118' title="bbox 1952 5236 3600 5318; baseline -0.005 -16"><span class='ocrx_word' id='word_1_890' title='bbox 1952 5247 2081 5318; x_wconf 91' lang='lat' dir='ltr'><strong>ejus</strong></span> <span class='ocrx_word' id='word_1_891' title='bbox 2111 5245 2352 5300; x_wconf 80' lang='lat' dir='ltr'><strong>vibices.</strong></span> <span class='ocrx_word' id='word_1_892' title='bbox 2385 5241 2643 5298; x_wconf 86' lang='lat' dir='ltr'><strong>Hincrivi</strong></span> <span class='ocrx_word' id='word_1_893' title='bbox 2673 5240 2917 5312; x_wconf 79' lang='lat' dir='ltr'><strong>quidem</strong></span> <span class='ocrx_word' id='word_1_894' title='bbox 2936 5238 3244 5307; x_wconf 81' lang='lat' dir='ltr'><strong>sanguinis</strong></span> <span class='ocrx_word' id='word_1_895' title='bbox 3271 5252 3373 5309; x_wconf 91' lang='lat' dir='ltr'><strong>per</strong></span> <span class='ocrx_word' id='word_1_896' title='bbox 3403 5236 3600 5294; x_wconf 89' lang='lat' dir='ltr'><strong>solum</strong></span> 
     </span>
    </p>
   </div>
   <div class='ocr_carea' id='block_1_119' title="bbox 1953 5326 3604 5414">
    <p class='ocr_par' dir='ltr' id='par_1_119' title="bbox 1953 5326 3604 5414">
     <span class='ocr_line' id='line_1_119' title="bbox 1953 5326 3604 5414; baseline -0.007 -21"><span class='ocrx_word' id='word_1_897' title='bbox 1953 5335 2322 5414; x_wconf 71' lang='lat' dir='ltr'><strong>ferebantur:</strong></span> <span class='ocrx_word' id='word_1_898' title='bbox 2346 5332 2530 5388; x_wconf 72' lang='lat' dir='ltr'><strong>Fibraa</strong></span> <span class='ocrx_word' id='word_1_899' title='bbox 2547 5335 2769 5395; x_wconf 90' lang='lat' dir='ltr'><strong>autem,</strong></span> <span class='ocrx_word' id='word_1_900' title='bbox 2799 5344 2935 5401; x_wconf 62' lang='lat' dir='ltr'><strong>quas</strong></span> <span class='ocrx_word' id='word_1_901' title='bbox 2958 5326 3414 5392; x_wconf 84' lang='lat' dir='ltr'><strong>divellebantur,</strong></span> <span class='ocrx_word' id='word_1_902' title='bbox 3445 5341 3604 5382; x_wconf 85' lang='lat' dir='ltr'><strong>mar-</strong></span> 
     </span>
    </p>
   </div>
  </div>
