4110 6272
521 259 624 316 “9

1886 249 2137 309 MENSIS
2176 246 2472 303 APRILIS.

3788 245 3903 300 {20

517 384 631 458 tyri
644 398 889 454 gravem
906 382 1171 438 dolorem
1198 379 1544 437 aﬂ‘erebant.
1573 380 1669 436 His
1689 379 1991 435 defessum
2018 376 2158 431 fuis-

2270 370 2361 433 ἶνες
2415 369 2474 426 δὲ
2505 371 2868 443 διασπώμεναι
2945 367 3273 443 δριμυτάτην
3349 378 3422 442 τῷ
3489 372 3731 443 μάρτυρι
3793 376 3893 428 τὴν

516 480 623 539 set,
656 474 834 529 etiam
875 473 922 526 si
952 471 1097 543 quid
1151 469 1483 526 inanimum
1537 469 1617 525 ita
1654 468 1857 524 fuisset
1895 481 2154 522 caesum:

514 562 783 620 doluistis
814 564 1015 615 autem
1045 574 1149 613 vos
1180 574 1416 629 quoque
1434 557 1682 613 omnino
1713 556 1806 611 vel
1831 555 2027 611 solum
2059 570 2160 609 au-

514 651 760 706 dientes.
787 648 901 704 Sed
915 651 1138 719 martyr
1150 662 1273 719 quo
1292 647 1480 716 magis
1498 645 1830 715 augebatur
1844 642 2159 699 multitudo

516 738 961 811 suppliciorum.
993 751 1063 791 eo
1087 736 1277 805 magis
1299 735 1560 805 eratipse
1585 739 1796 805 captus
1822 732 2155 797 Deiamore,

514 832 573 883 et
602 833 880 897 tanquam
912 842 979 881 ex
1016 840 1076 879 re
1113 823 1310 894 aliqua
1347 822 1712 878 suavissima
1746 837 1808 877 se
1857 820 2160 890 voluptate

514 914 793 986 explebat
812 930 883 969 ex
907 912 1215 968 doloribus
1245 931 1257 967 :
1290 912 1482 967 donec
1510 911 1640 981 ejus
1662 911 1873 965 virtute
1889 907 2161 964 defessus

517 1002 802 1068 Valerius,
837 1016 975 1056 eum
1007 1000 1331 1057 transmisit
1359 1001 1414 1054 in
1448 1014 1770 1055 carcerem.

587 1180 698 1235 XII.
741 1181 887 1236 Cum
900 1181 1098 1234 autem
1112 1177 1380 1233 divinum
1419 1176 1540 1232 sisti
1565 1179 1831 1232 curasset
1850 1173 2157 1246 Papylum,

512 1267 759 1341 perinde
773 1283 841 1323 ac
856 1266 905 1322 si
928 1281 1089 1321 nunc
1105 1281 1241 1321 eum
1261 1266 1521 1337 primum
1537 1264 1884 1337 aspexisset,
1908 1262 2155 1331 rogavit,

512 1358 762 1431 quinam
793 1359 991 1411 essent
1020 1358 1315 1426 parentes,
1338 1369 1619 1425 quaenam
1662 1353 1876 1424 patria,
1909 1356 1964 1407 et
1998 1366 2160 1422 quaa-

513 1460 656 1500 nam
684 1449 838 1499 esset
868 1442 1115 1515 martyri
1150 1441 1411 1497 scientia.
1445 1443 1693 1497 Sanctus
1723 1445 1924 1496 autem
1951 1451 1969 1501 :
2005 1442 2156 1503 Jam,

513 1533 724 1605 inquit,
756 1532 981 1587 discere
1002 1530 1268 1603 potuisti,
1291 1547 1386 1585 me
1410 1546 1538 1585 esse
1561 1534 1769 1585 uatum
1793 1546 1864 1584 ex
1883 1528 2159 1598 ingenuis

514 1621 909 1693 parentibus;
948 1635 1081 1674 sum
1121 1618 1279 1673 enim
1319 1625 1495 1673 natus
1531 1617 1825 1690 Thyatiris
1860 1634 1875 1672 :
1917 1631 2159 1672 exerceo

2268 465 2518 519 αἴσθησιν
2562 461 2817 514 ἑνεποίουν
2852 478 2860 488 ·
2896 462 3077 532 ἔκαμεν
3136 459 3197 511 ἂν
3244 462 3292 511 ἓν
3342 462 3569 528 τούτοις,
3635 462 3681 511 εἷ
3710 479 3770 511 τι
3802 467 3893 511 καὶ

2267 561 2366 604 τῶν
2399 551 2621 623 ἀψύχων
2654 547 2715 608 ἧν
2764 550 3089 621 αἰκιζόμενον
3128 567 3135 576 ”
3186 548 3451 619 ἦλγήσατε
3508 545 3567 601 δὲ
3614 555 3709 600 καὶ
3743 551 3893 620 ὑμεῖς

2265 643 2470 700 πάντως
2495 643 2583 690 καὶ
2635 641 2760 711 πρὸς
2820 643 2979 705 μόνην
3036 642 3124 694 τὴν
3171 636 3350 694 ἀκοήν.
3403 636 3538 689 Ἀλλ’
3587 638 3613 689 6
3673 642 3888 708 μάρτυς

2266 731 2373 799 ὅσῳ
2408 732 2466 781 τὸ
2523 727 2720 789 πλῆθος
2774 735 2873 778 τῶν
2943 726 3200 779 κολάσεων
3263 724 3559 791 ἐπετείνετο,
3638 730 3889 799 τοσούτῳ

2266 823 2355 870 καὶ
2418 817 2570 879 αὐτὸς
2618 815 2811 888 μᾶλλον
2866 824 2937 886 τῷ
2990 819 3116 889 πρὸς
3182 818 3312 868 Θεὸν
3393 815 3638 873 ἡλίσκετο
3702 818 3886 890 ἔρωτι,

2267 910 2357 958 καὶ
2419 907 2589 978 ὥσπερ
2657 908 2791 963 τινός
2851 900 3081 962 ἡδίστου
3142 906 3436 976 κατετρύφα
3487 911 3587 955 τῶν
3651 899 3886 968 ὀδυνῶν,

2268 994 2355 1052 ἓως
2404 996 2527 1067 πρὸς
2578 996 2635 1045 τὸ
2692 1000 2783 1045 τοῦ
2834 989 3020 1065 ἀνδρὸς
3057 999 3285 1063 γενναῖον
3340 990 3621 1065 ἀποκαμών
3675 992 3889 1044 Ούώέ-

2267 1100 2397 1156 ριος,
2436 1089 2617 1134 τοῦτον
2642 1085 2731 1153 μὲν
2756 1081 3062 1154 παρέπεμψε
3090 1089 3153 1140 τῆ
3187 1083 3388 1154 εἱρκτῇ.

2339 1170 2434 1223 ΙΒ’.
2463 1173 2560 1222 Τὸν
2624 1166 2682 1222 δὲ
2740 1173 2873 1223 θεῖον
2948 1169 3412 1243 παραστηϐάμενος
3474 1168 3890 1236 Πάπυλον,ὦσ-

2265 1278 2359 1331 περ
2389 1266 2477 1310 νῦν
2531 1267 2734 1332 πρῶτον
2793 1258 2947 1310 αὐτὸν
2998 1262 3330 1331 θευσάμενος,
3382 1259 3579 1333 ἠρώτα,
3634 1263 3778 1320 τίνες
3839 1262 3891 1310 οἱ

2263 1351 2484 1418 γενέται,
2516 1350 2589 1407 τίς
2628 1350 2657 1405 ἡ
2709 1352 2897 1420 πατρὶς
2956 1352 3045 1399 καὶ
3091 1351 3172 1409 τίς
3224 1348 3328 1422 ἄρα
3386 1349 3415 1405 ἡ
3470 1345 3741 1419 ἐπιστήμη
3808 1356 3888 1417 τῷ

2265 1438 2519 1509 μάρτυρι.
2553 1435 2611 1487 Ὀ
2649 1432 2707 1487 δὲ
2746 1436 2887 1506 ἅγιος
2921 1455 2933 1467 ·
2977 1437 3293 1507 Μεμάθηκας
3347 1432 3478 1501 ἤδη,
3543 1440 3728 1507 φησὶν,
3800 1438 3890 1487 ὅτι

2268 1523 2538 1597 ἐλευθέρων
2563 1527 2794 1598 πατέρων
2824 1524 2920 1595 ἐγὼ
2949 1531 3068 1585 παῖς
3103 1541 3114 1553 ·
3174 1523 3229 1576 έκ
3285 1529 3577 1597 Θυατείρων
3639 1520 3701 1576 δὲ
3768 1527 3883 1598 ὦρ-

2267 1632 2458 1683 μημαι,
2492 1616 2694 1684 μέτεῖμι
2726 1610 2784 1665 δε
2830 1613 3099 1687 ἰατριχὴν,
3153 1612 3258 1683 ούχ
3300 1614 3467 1670 ὁπόση
3506 1617 3701 1684 γένοιτο
3727 1613 3789 1664 οἰν
3826 1613 3886 1664 ἐκ

515 1714 716 1765 autem
739 1707 1115 1774 medicinam,
1142 1723 1260 1762 non
1279 1722 1413 1778 quas
1441 1706 1614 1761 fuerit
1633 1722 1703 1762 ex
1730 1705 1927 1761 herbis
1949 1710 2158 1760 eterra

2271 1699 2498 1773 βοτανῶν
2551 1708 2647 1753 τῶν
2704 1701 2758 1753 ἐκ
2786 1711 2887 1773 γῆς
2938 1706 3217 1774 φυομένων,
3265 1701 3368 1753 ἀλλ’
3421 1703 3518 1759 ὅση
3547 1702 3610 1753 ἄν
3640 1722 3745 1754 τινι
3778 1701 3887 1753 ἀπὸ

514 1796 922 1861 nascentibus,
955 1795 1057 1851 sed
1084 1811 1219 1867 quae
1238 1794 1411 1850 alicui
1440 1810 1475 1850 a
1506 1795 1624 1850 Deo
1645 1795 1786 1850 data
1808 1792 2000 1851 fuerit.
2031 1796 2155 1849 Non

515 1885 674 1940 enim
702 1899 888 1955 usque
919 1883 994 1938 ad
1025 1898 1273 1955 corpora
1299 1882 1838 1938 circumscribimus
1855 1881 1979 1953 ejus
2010 1881 2159 1937 utili-

514 1977 694 2028 tatem
724 1990 737 2027 :
758 1972 862 2027 sed
881 1972 1059 2027 etiam
1077 1972 1321 2027 morbos
1343 1971 1562 2027 animae
1589 1971 1961 2039 corrigimus.
1991 1970 2159 2025 Tunc

510 2059 696 2131 judex
720 2074 734 2113 :
767 2062 892 2116 Non
918 2059 1067 2124 haec,
1086 2059 1295 2130 inquit,
1314 2059 1441 2113 ﬁeri
1471 2059 1769 2130 potuerint
1790 2059 1917 2114 sine
1938 2059 2163 2114 exerci-

517 2148 739 2204 tatione
763 2162 993 2212 eorum,
1016 2163 1147 2220 quae
1168 2148 1389 2218 scripta
1411 2152 1547 2202 sunt
1566 2163 1602 2202 a
1626 2147 1849 2204 Galeno
1870 2153 1926 2203 et
1944 2148 2164 2219 Hippo-

516 2242 697 2305 crate,
711 2236 812 2307 qui
830 2240 1187 2307 acceperunt
1202 2252 1237 2291 a
1254 2235 1366 2291 diis
1385 2252 1688 2291 summam
1708 2236 1865 2291 illius
1879 2237 2159 2293 scientiae.

516 2324 776 2397 Papylus
798 2329 995 2379 autem
1022 2340 1033 2379 :
1058 2323 1319 2379 Galenus
1337 2324 1604 2395 quidem,
1627 2325 1840 2397 inquit,
1862 2331 1918 2380 et
1942 2326 2162 2399 Hippo-

517 2417 725 2483 crates,
744 2417 800 2467 et
818 2412 920 2484 qui
943 2412 1179 2467 illorum
1200 2418 1387 2468 artem
1420 2418 1712 2478 exercent,
1737 2418 1875 2469 tunc
1898 2414 2159 2485 aliquem

516 2500 1133 2572 curaverint,quando
1146 2502 1399 2571 gratiam
1425 2518 1548 2557 suae
1580 2501 1962 2572 benignitatis
1990 2519 2160 2557 meus

516 2604 758 2661 quoque
812 2589 1076 2643 Christus
1115 2590 1452 2660 praebuerit.
1501 2591 1598 2645 Sin
1638 2590 1860 2656 minus,
1893 2591 2043 2661 perit
2080 2592 2164 2646 eis

519 2675 810 2745 studium,
828 2676 971 2731 nihil
996 2678 1299 2731 commodi
1322 2692 1696 2749 consequens
1723 2694 1795 2734 ex
1822 2695 1932 2733 sua
1954 2680 2013 2733 in
2040 2685 2164 2735 arte

517 2764 958 2820 exercitatione.
982 2765 1144 2829 Quos
1173 2769 1373 2820 autem
1395 2764 1539 2820 deos
1565 2766 1864 2832 nominas,
1892 2783 2029 2822 cum
2056 2783 2164 2823 nec

515 2850 631 2907 sibi
660 2852 904 2923 quidem
935 2852 1166 2924 possint
1196 2852 1422 2925 aliquid
1453 2854 1756 2924 prodesse,
1788 2856 2095 2926 quomodo
2124 2857 2163 2912 ii

513 2955 721 2997 curam
750 2941 1040 3010 gesserint
1067 2940 1324 2997 aliorum
1355 2942 1643 2997 sanitatis.
1677 2944 1835 3009 Quod
1892 2946 1940 2999 si
1980 2946 2162 3002 etiam

516 3028 657 3084 velis
688 3044 810 3084 rem
842 3028 1035 3100 ipsam
1067 3045 1199 3084 vere
1228 3029 1568 3101 intelligere,
1602 3047 1761 3096 eum,
1795 3034 1895 3104 qui
1925 3040 2164 3107 propter

516 3119 572 3171 te
585 3116 768 3180 sedet,
796 3115 981 3172 altero
1004 3122 1067 3172 ut
1083 3117 1246 3172 vides
1265 3118 1437 3174 oculo
1458 3118 1694 3186 orbum,
1726 3120 1946 3177 faciant
1968 3123 2160 3179 visum

513 3218 867 3276 recuperare
899 3222 913 3260 :
946 3212 1001 3260 et
1036 3210 1246 3278 postea
1278 3206 1423 3263 nihil
1460 3208 1679 3266 dicam.
1723 3208 1916 3266 Fuerit
1959 3217 2161 3268 autem

514 3291 1357 3367 quispiam,aitValerius,qui
1396 3311 1535 3351 eum
1568 3297 2163 3368 possitsanare?Non

513 3380 630 3436 hoc
658 3381 873 3446 solum,
905 3381 1102 3455 inquit
1128 3386 1393 3449 sanctus,
1429 3384 1532 3439 sed
1561 3400 1773 3440 omnes
1805 3387 1981 3440 etiam
2014 3386 2164 3441 alios

516 3468 759 3525 morbos
784 3474 843 3524 et
870 3469 1214 3526 affectiones
1256 3472 1620 3526 insanabiles
1653 3471 1821 3527 facile
1851 3474 2161 3541 curaverit,

514 3557 617 3628 qui
649 3556 942 3613 Christum
969 3559 1133 3614 omni
1166 3558 1374 3615 morbo
1413 3560 1750 3615 medentem
1782 3560 2159 3618 invocaverit.

513 3643 664 3699 Dixit
708 3650 905 3700 autem
961 3646 1221 3702 Valerius
1252 3667 1272 3704 :
1297 3646 1611 3704 Videamus
1646 3649 1705 3704 in
1733 3652 2050 3720 praesentia
2076 3652 2155 3720 id,

514 3731 679 3803 quod
700 3732 847 3786 dicis
872 3748 885 3787 :
910 3735 1035 3787 Non
1058 3748 1190 3802 ego,
1207 3734 1399 3804 inquit
1417 3735 1695 3805 Papylus,
1715 3740 2030 3806 aggrediar
2048 3742 2160 3810 pri-

514 3833 673 3874 mus.
712 3819 929 3874 Vereor
964 3820 1145 3885 enim,
1188 3836 1261 3875 ne
1291 3837 1429 3875 cum
1459 3822 1581 3892 ipse
1611 3824 1815 3879 omnia
1843 3826 2160 3895 adulteres,

516 3906 865 3961 miraculum
895 3907 1161 3963 ascribas
1190 3907 1587 3965 dmmonibus.
1624 3911 1734 3967 Sed
1769 3913 1851 3968 tui
1899 3915 2160 3985 primum

514 3988 790 4045 invocent
818 4006 999 4062 quem
1032 3991 1211 4048 velint
1242 3999 1480 4049 tuorum
1506 3994 1778 4061 deorum,
1802 4003 1861 4052 et
1881 4002 2021 4054 tunc
2050 4015 2161 4070 ego

511 4092 754 4150 quoque
788 4079 1106 4136 ostendam
1136 4081 1343 4137 Christi
1373 4083 1490 4137 mei
1508 4083 1804 4140 virtutem.

582 4343 732 4399 XIII.
766 4345 926 4399 Tunc
950 4361 1083 4401 cum
1110 4347 1411 4418 quosdam
1434 4349 1685 4405 deorum
1713 4351 1967 4407 cultores
1997 4360 2156 4411 etsa-

514 4430 741 4485 crificos
768 4432 1115 4487 adduxisset
1154 4435 1440 4498 Valerius,
1477 4436 1653 4506 jussit
1692 4454 1836 4493 suos
1880 4439 2159 4499 invocare

512 4516 678 4582 deos,
708 4518 958 4582 nullam,
976 4536 1108 4589 quas
1126 4520 1204 4574 ad
1226 4522 1337 4576 hoc
1360 4522 1555 4590 faciat,
1582 4527 1916 4581 omittentes
1946 4536 2157 4596 artem,

511 4620 621 4660 nec
642 4605 1016 4676 industriam,
1043 4622 1151 4663 nec
1172 4608 1490 4666 rationem.
1516 4612 1604 4670 Illi
1628 4618 1847 4681 autem,
1868 4616 2019 4671 alius
2042 4617 2158 4674 alio

511 4694 874 4760 accedentes,
895 4695 989 4750 hic
1005 4696 1251 4768 quidem
1271 4698 1625 4769 Apollinem,
1639 4702 1734 4758 ille
1748 4712 1948 4761 autem
1964 4709 2158 4763 Esca-

508 4780 757 4852 lapium,
790 4782 939 4837 alius
966 4783 1184 4839 deinde
1209 4785 1392 4841 alium
1415 4787 1470 4841 in
1484 4790 1734 4846 vocabat
1755 4809 1825 4847 ex
1851 4793 1965 4849 diis
1992 4796 2155 4851 adul-

510 4870 734 4936 terinis,
762 4871 1117 4943 impotentes
1148 4872 1208 4928 in
1257 4890 1339 4940 re,
1368 4891 1502 4947 quae
1558 4879 1684 4936 ﬁeri
1732 4897 1851 4937 non
1900 4890 2150 4955 poterat,

508 4959 675 5029 quod
708 4959 785 5013 ad
814 4960 1087 5015 homines
1121 4962 1347 5031 attinet,
1379 4965 1742 5024 invocantes.
1778 4973 2031 5044 Eratque
2063 4991 2153 5030 res

509 5045 677 5100 valde
706 5047 971 5118 ridicula,
998 5055 1053 5104 et
1078 5048 1255 5121 plena
1281 5052 1594 5111 dedecore.
1625 5058 1771 5121 Quid
1799 5060 1958 5117 enim
1983 5063 2056 5118 de
2074 5064 2153 5119 vi-

505 5133 801 5198 ventibus,
858 5152 1116 5206 magnus
1176 5138 1371 5210 inquit
1421 5141 1647 5210 Isaias“,
1699 5148 2157 5205 sciscitabuntur

506 5224 776 5275 mortuos
802 5222 831 5276 ?
858 5225 1035 5279 Totus
1066 5240 1208 5295 ergo
1240 5226 1365 5282 dies
1396 5231 1698 5301 prateriit,
1714 5239 1767 5288 et
1797 5234 1877 5289 illi
1909 5237 2151 5306 quidem

506 5306 823 5377 rogabant,
855 5312 1294 5386 supplicabant,
1335 5318 1768 5390 sacriﬁcabant,
1806 5322 1984 5377 rebus
2043 5324 2153 5409 illis

578 5518 599 5553 ⁵
642 5520 757 5573 lsa.
795 5534 913 5586 vni,
945 5520 1031 5575 19.

2268 1794 2395 1842 Θεοῦ
2420 1786 2598 1847 δοθείη

2268 1879 2506 1950 ορίξομεν
2536 1884 2629 1937 τὴν
2661 1879 2919 1951 ὠφέλειαν,
2950 1878 3077 1931 ἀλλὰ
3121 1885 3210 1931 καὶ
3256 1888 3355 1931 τῶν
3405 1882 3650 1951 ψυχικῶν

2664 1812 2673 1823 ο
2708 1796 2796 1842 καὶ
2851 1794 2949 1863 γὰρ
3010 1791 3066 1843 ού
3117 1795 3281 1863 μέχρι
3318 1799 3418 1842 τῶν
3448 1794 3701 1862 σωμάτων
3737 1810 3891 1864 περι-

2271 1969 2549 2039 στημάτων
2601 1970 2888 2040 ποιούμεθα
2941 1973 3034 2027 τὴν
3094 1965 3401 2042 διόρθωσιν.
3464 1968 3590 2022 Εἶτα
3644 1971 3669 2020 6
3726 1967 3884 2021 δικα-

2272 2061 2398 2115 στής
2438 2074 2450 2085 ·
2484 2056 2595 2108 Ούκ
2637 2058 2757 2109 ἄνευ
2819 2056 3088 2118 ἀσκήσεως
3152 2066 3251 2109 τῶν
3283 2058 3533 2123 Γαληνοῦ,
3596 2060 3713 2130 ipa,
3786 2063 3880 2110 καὶ

2267 2140 2636 2217 Ἱπποκράτους
2673 2151 2824 2198 ταυτὶ
2870 2151 3089 2217 γένοιτο,
3153 2146 3202 2199 οἳ
3256 2166 3401 2220 παρα
3451 2155 3551 2199 τῶν
3601 2149 3725 2199 θεῶν
3787 2156 3881 2208 τῆς

2269 2232 2565 2306 ἐπιστήμης
2611 2238 2669 2287 τό
2717 2235 2988 2307 κεφάλαιον
3040 2234 3238 2291 ἔλαϐον.
3298 2242 3397 2289 Καὶ
3451 2238 3475 2287 6
3538 2236 3788 2299 Πάπυλος
3854 2252 3871 2264 ⁸

2270 2322 2491 2383 Γαληνὸς
2551 2328 2639 2396 μὲν
2698 2329 2787 2375 καὶ
2846 2324 3210 2399 Ἱπποκράτης,
3280 2330 3370 2378 καὶ
3426 2327 3476 2377 οἱ
3519 2330 3613 2384 τὴν
3672 2327 3881 2378 ἐκείνων

2270 2416 2529 2482 μετιόντες
2557 2417 2769 2483 τέχνην,
2819 2418 2935 2466 τότε
2992 2414 3054 2465 ἄν
3100 2434 3215 2466 τινα
3268 2416 3658 2484 θεραπεύσειαν,
3721 2417 3888 2473 ἡνίκα

2272 2507 2365 2559 τῆς
2413 2499 2598 2552 ἑαυτοῦ
2643 2502 3030 2574 φιλανθρωπίας
3070 2506 3162 2560 τὴν
3199 2505 3361 2575 χάριν
3399 2508 3489 2555 καὶ
3550 2505 3577 2555 6
3616 2502 3738 2575 ἐμὸς
3780 2524 3884 2555 πα-

2271 2590 2469 2662 ράσχοι
2502 2594 2732 2662 Χριστός
2785 2612 2797 2624 ·
2832 2591 2876 2642 εἰ
2902 2587 2951 2643 δ’
2996 2588 3106 2659 οὖν,
3134 2594 3339 2663 οἴχεται
3374 2593 3559 2653 αὐτοῖς
3588 2594 3619 2651 ἠ
3664 2589 3881 2650 σπουδή

2274 2674 2438 2749 μηδὲν
2469 2686 2564 2737 τῆς
2591 2683 2710 2752 περὶ
2748 2683 2840 2736 τὴν
2896 2683 3086 2751 τέχνην
3146 2679 3421 2742 ἀσκήσεως
3478 2680 3835 2735 ἀπολαύσασα
3866 2699 3879 2711 °

2274 2765 2358 2825 οὓς
2407 2762 2467 2818 δέ
2496 2786 2555 2836 γε
2612 2766 2884 2838 ὀνομάζεις
2929 2770 3094 2835 θεοὺς,
3144 2766 3267 2822 οὐδὲ
3322 2769 3537 2833 ἑαυτοὺς
3590 2769 3783 2829 ὀνῆσαί
3833 2791 3886 2823 τι

2275 2850 2569 2926 δυνάμενοι,
2620 2864 2731 2918 πῶς
2782 2856 2842 2907 ἂν
2918 2865 3012 2919 τῆς
3102 2857 3282 2931 ἑτέρων
3349 2859 3493 2911 οὗτοι
3555 2864 3885 2932 φροντίσωσι

2276 2945 2544 3013 θεραπείας
2577 2963 2589 3009 ;
2624 2945 2684 2998 Εἰ
2722 2942 2782 2998 δε
2829 2950 2918 2997 καὶ
2957 2948 3139 3018 μαθεῖν
3200 2950 3334 3020 ἔργῳ
3385 2952 3444 2999 τὸ
3497 2955 3720 3023 πρᾶγμα
3769 2951 3883 3002 ἐθέ-

2272 3031 2390 3100 λεῖς,
2438 3037 2523 3085 τὸν
2602 3038 2745 3106 παρὰ
2801 3041 2886 3087 σοὶ
2970 3037 3257 3107 καθήμενον
3335 3043 3723 3110 πεπηρωμένον,
3811 3041 3885 3099 ὡς

2272 3121 2415 3193 ὁρᾷς,
2470 3126 2592 3173 ὄντα
2644 3128 2729 3175 τὸν
2799 3124 2966 3193 ἕτερον
3041 3132 3141 3175 τῶν
3218 3124 3514 3196 ὀφθαλμῶν,
3590 3125 3885 3197 ἀναϐλέψαι

2270 3213 2663 3274 ποιησάτωσαν,
2711 3209 2871 3282 κάμοὶ
2919 3211 3067 3283 λόγος
3130 3217 3188 3265 τὸ
3263 3216 3394 3285 μετὰ
3454 3222 3621 3267 ταῦτα
3676 3212 3880 3278 οὐδείς.

2274 3300 2366 3353 Εῖη
2417 3294 2468 3349 δ’
2526 3299 2586 3348 ἄν
2630 3317 2724 3361 τις,
2789 3296 2922 3351 εἶπεν
2978 3300 3276 3375 Οὐαλέριος,
3336 3304 3361 3354 6
3421 3311 3605 3356 τοῦτον
3648 3305 3880 3376 ύγιῶσαι

2273 3380 2588 3456 δυνάμενος;
2624 3417 2688 3426 -
2728 3387 2803 3439 Ού
2857 3397 3036 3441 τοῦτον
3074 3396 3249 3461 μόνον,
3305 3393 3330 3443 6
3374 3392 3524 3462 ἅγιος
3578 3396 3692 3465 ἔφη,
3751 3392 3885 3445 ἀλλὰ

2270 3471 2365 3523 κᾶν
2394 3478 2543 3536 νόσος
2591 3474 2719 3533 ἄλλη
2774 3496 2856 3538 τις
2906 3478 2959 3549 ᾖ,
3010 3477 3105 3530 κᾶν
3156 3482 3321 3543 πάθος
3368 3477 3492 3533 ούδε
3532 3484 3654 3556 παρ’
3705 3482 3883 3553 ὀλίγον

2274 3562 2502 3633 ἰάσιμον,
2574 3560 2772 3638 ῥᾳδίως
2842 3566 3045 3619 ἅπαντα
3103 3569 3480 3641 θεραπεύσειεν,
3548 3570 3604 3633 ὃς
3676 3571 3736 3621 ἂν
3790 3574 3883 3623 τὸν

2273 3652 2484 3722 ἰώμενον
2513 3659 2686 3705 πᾶσαν
2736 3660 2886 3706 νόσον
2918 3661 3007 3707 καὶ
3065 3662 3240 3709 πᾶσαν
3292 3658 3551 3729 μαλακίαν
3582 3658 3883 3713 ἐπικαλοίτο

2272 3746 2521 3811 Χριστόν.
2556 3746 2653 3794 Καὶ
2692 3746 2777 3795 τὸν
2817 3743 3094 3817 Οὐαλέριον
3154 3748 3308 3818 φάναι
3369 3767 3381 3779 ⁸
3436 3744 3658 3820 Ἱδωμεν
3720 3768 3773 3801 εν
3804 3757 3880 3820 τῷ

2269 3833 2486 3901 παρόντι
2553 3829 2578 3880 ὁ
2616 3829 2797 3901 λέγεις.
2832 3864 2899 3872 -
2947 3833 3058 3885 Ούκ
3115 3834 3235 3905 ἐγὼ,
3304 3842 3462 3907 φησὶν
3521 3839 3545 3889 6
3610 3837 3877 3905 Πάπυλος,

2269 3915 2572 3988 ἐγχειρήσω
2619 3928 2817 3990 πρῶτος
2893 3937 2904 3948 ·
2982 3919 3201 3977 δέδοικα
3251 3928 3373 3999 γὰρ,
3428 3931 3499 3997 μὴ
3549 3930 3604 3979 τὸ
3652 3934 3880 4000 πρᾶγμα

2268 4006 2517 4068 νοθεύσας
2541 4007 2697 4070 αὐτος
2746 4019 2854 4071 τοῖς
2903 4007 3122 4084 δαίμοσι
3169 4016 3236 4065 τὰ
3286 4022 3376 4067 τοῦ
3433 4018 3698 4088 θαύματος
3746 4018 3879 4070 ύπο-

2268 4093 2482 4167 γράψῃς
2522 4113 2534 4123 ·
2571 4095 2676 4148 ἀλλ’
2709 4100 2756 4150 οἱ
2816 4104 2896 4152 σοὶ
2958 4106 3225 4174 πρότερον,
3284 4102 3345 4161 ἣν
3405 4102 3718 4176 βούλωνται,
3770 4114 3873 4158 τῶν

2272 4183 2395 4233 θεῶν
2431 4184 2571 4255 ὑμῶν
2619 4185 2890 4244 ἐπίκλησιν
2955 4194 3352 4257 ποιησάτωσαν,
3408 4198 3493 4246 καὶ
3555 4197 3669 4246 τότε
3716 4194 3873 4247 πάλιν

2269 4270 2425 4332 αὐτὸς
2451 4277 2541 4331 τὴν
2566 4282 2654 4327 τοῦ
2682 4274 2808 4347 έμοῡ
2830 4285 3064 4344 Χριστοῦ
3089 4276 3311 4352 δύναμιν
3343 4279 3466 4335 ἐπιδ
3470 4282 3612 4345 είξω.

2340 4360 2443 4416 ΙΓ’.
2482 4368 2609 4414 Τότε
2642 4365 2954 4439 θεραπευτάς
3002 4387 3145 4429 τινας
3193 4374 3283 4422 καὶ
3333 4372 3488 4432 θύτας
3545 4376 3869 4445 παραγαγὼν

2269 4450 2294 4501 6
2344 4450 2637 4522 Οὐαλέριος,
2714 4458 2833 4516 τοὺς
2933 4454 3125 4509 ἑαυτῶν
3210 4456 3429 4512 ἐκέλευεν
3510 4460 3870 4513 ἐπικαλεῖσθαι

2271 4540 2433 4601 θεούς,
2465 4538 2603 4611 μηδὲ
2655 4547 2867 4613 τέχνης,
2923 4542 3062 4615 μηδὲ
3092 4545 3333 4610 ἐπινοίας,
3368 4545 3497 4620 μηδ’
3545 4550 3704 4611 ἄλλης
3735 4554 3872 4611 τινὸς

2268 4624 2494 4697 μεθόδου
2524 4633 2649 4701 πρὸς
2692 4638 2843 4683 τοῦτο
2905 4636 3173 4703 μεθιέντας
3223 4633 3415 4707 μηδέν.
3484 4640 3550 4690 Οἱ
3604 4635 3664 4691 δε
3721 4638 3869 4701 illo;

2269 4714 2472 4787 ἀλλαχῆ
2507 4723 2801 4790 παριόντες,
2830 4722 2855 4773 6
2885 4726 2976 4795 μὲν
3007 4723 3321 4791 Ἀπόλλωνα,
3354 4728 3379 4779 6
3437 4723 3496 4779 δὲ
3526 4729 3867 4793 Ἀσκληπιὸν,

2267 4805 2292 4855 6
2320 4801 2378 4857 δὲ
2409 4806 2558 4869 ἄλλος
2598 4807 2748 4859 ἄλλον
2787 4819 2885 4862 τῶν
2950 4810 3211 4871 κιϐδὴλων
3265 4815 3432 4867 ἐκάλει
3480 4818 3623 4879 θεῶν,
3679 4813 3870 4870 ἀδυνά-

2266 4912 2386 4955 τους
2428 4899 2564 4947 κατὰ
2617 4893 2876 4952 ἀδυνάτου
2934 4904 3261 4975 πράγματος,
3320 4906 3420 4957 ὅσα
3457 4925 3517 4977 γε
3546 4906 3618 4966 εἰς
3668 4904 3871 4980 ἀνθρὼ-

2264 5001 2394 5043 πους
2423 4984 2541 5040 ἧκεν
2572 4986 2961 5059 ἐπικαλούμενοι
3026 5010 3037 5022 ·
3098 4997 3186 5043 καὶ
3240 4989 3301 5050 ἧν
3358 4997 3413 5046 τὸ
3448 5002 3640 5067 χρῆμα
3670 4991 3866 5067 κομιδῇ

2262 5068 2440 5155 γέλως,
2508 5071 2739 5141 αἰσχύνη
2799 5085 2985 5146 σαφῆς.
3032 5084 3094 5130 Τί
3153 5082 3253 5153 γὰρ
3312 5086 3428 5155 περὶ
3481 5091 3581 5133 τῶν
3640 5086 3864 5150 ζώντων,

2280 5159 2481 5216 Ησαίας
2534 5165 2687 5229 φησὶν
2732 5165 2756 5213 6
2814 5168 2995 5235 μέγας,
3046 5165 3404 5229 ἐκζητήσουσι
3454 5174 3570 5231 τοὺς
3609 5175 3866 5244 νεκρούς;

2264 5244 2461 5316 Ἠμέρα
2521 5256 2645 5317 ’γοῦν
2706 5248 2914 5311 διῆλθεν
2972 5254 3084 5319 ὅλη,
3130 5260 3219 5307 καὶ
3268 5259 3317 5308 οἱ
3364 5261 3453 5329 μὲν
3511 5255 3735 5324 ἐδέοντο,
3774 5263 3873 5314 ἱκέ-

2266 5352 2429 5398 τευον,
2500 5334 2795 5405 έθυσίαζον,
2864 5348 3037 5394 πᾶσαν
3090 5350 3204 5416 περὶ
3252 5348 3317 5398 τὰ
3376 5349 3577 5419 μάταια
3632 5347 3870 5405 έποιοῦτο
