  <div class='ocr_page' id='page_1' title='image "/cluster/home/n/w/nwhite01/storage/ocr_20150623/115/mdp.39015028574336/068.png"; bbox 0 0 4110 6272; ppageno 0'>
   <div class='ocr_carea' id='block_1_1' title="bbox 201 273 298 330">
    <p class='ocr_par' dir='ltr' id='par_1_1' title="bbox 201 273 298 330">
     <span class='ocr_line' id='line_1_1' title="bbox 201 273 298 330; baseline 0.01 -1"><span class='ocrx_word' id='word_1_1' title='bbox 201 273 298 330; x_wconf 75' lang='grc'><strong>121</strong></span> 
     </span>
    </p>
   </div>
   <div class='ocr_carea' id='block_1_2' title="bbox 198 394 1796 475">
    <p class='ocr_par' dir='ltr' id='par_1_2' title="bbox 198 394 1796 475">
     <span class='ocr_line' id='line_1_2' title="bbox 198 394 1796 475; baseline 0.003 -24"><span class='ocrx_word' id='word_1_2' title='bbox 198 405 288 460; x_wconf 79' lang='grc' dir='ltr'>τὴν</span> <span class='ocrx_word' id='word_1_3' title='bbox 338 395 810 475; x_wconf 72' lang='grc' dir='ltr'>προσεδρείανοτά</span> <span class='ocrx_word' id='word_1_4' title='bbox 856 394 916 451; x_wconf 69' lang='grc' dir='ltr'>δε</span> <span class='ocrx_word' id='word_1_5' title='bbox 960 400 1109 470; x_wconf 85' lang='grc' dir='ltr'>κωφὰ</span> <span class='ocrx_word' id='word_1_6' title='bbox 1149 403 1296 472; x_wconf 85' lang='grc' dir='ltr'>κωφὰ</span> <span class='ocrx_word' id='word_1_7' title='bbox 1347 397 1428 467; x_wconf 75' lang='grc' dir='ltr'>ἦν,</span> <span class='ocrx_word' id='word_1_8' title='bbox 1473 406 1563 455; x_wconf 84' lang='grc' dir='ltr'>καὶ</span> <span class='ocrx_word' id='word_1_9' title='bbox 1618 409 1691 474; x_wconf 84' lang='grc' dir='ltr'>τῷ</span> <span class='ocrx_word' id='word_1_10' title='bbox 1738 401 1796 454; x_wconf 76' lang='grc' dir='ltr'>ἐκ</span> 
     </span>
    </p>
   </div>
   <div class='ocr_carea' id='block_1_3' title="bbox 197 483 1796 565">
    <p class='ocr_par' dir='ltr' id='par_1_3' title="bbox 197 483 1796 565">
     <span class='ocr_line' id='line_1_3' title="bbox 197 483 1796 565; baseline -0.001 -22"><span class='ocrx_word' id='word_1_11' title='bbox 197 495 384 565; x_wconf 86' lang='grc' dir='ltr'>μέρους</span> <span class='ocrx_word' id='word_1_12' title='bbox 422 488 771 560; x_wconf 87' lang='grc' dir='ltr'>τυφλώττοντι</span> <span class='ocrx_word' id='word_1_13' title='bbox 817 483 1040 558; x_wconf 78' lang='grc' dir='ltr'>οὐδεμία</span> <span class='ocrx_word' id='word_1_14' title='bbox 1087 487 1309 560; x_wconf 89' lang='grc' dir='ltr'>βοήθεια</span> <span class='ocrx_word' id='word_1_15' title='bbox 1346 494 1490 565; x_wconf 88' lang='grc' dir='ltr'>παρά</span> <span class='ocrx_word' id='word_1_16' title='bbox 1531 499 1631 544; x_wconf 89' lang='grc' dir='ltr'>τῶν</span> <span class='ocrx_word' id='word_1_17' title='bbox 1675 491 1796 552; x_wconf 85' lang='grc' dir='ltr'>ὅλως</span> 
     </span>
    </p>
   </div>
   <div class='ocr_carea' id='block_1_4' title="bbox 196 572 1798 654">
    <p class='ocr_par' dir='ltr' id='par_1_4' title="bbox 196 572 1798 654">
     <span class='ocr_line' id='line_1_4' title="bbox 196 572 1798 654; baseline 0.001 -24"><span class='ocrx_word' id='word_1_18' title='bbox 196 582 596 654; x_wconf 87' lang='grc' dir='ltr'>πεπηρωμένων.</span> <span class='ocrx_word' id='word_1_19' title='bbox 638 579 699 631; x_wconf 90' lang='grc' dir='ltr'>Τί</span> <span class='ocrx_word' id='word_1_20' title='bbox 747 572 834 628; x_wconf 83' lang='grc' dir='ltr'>οὖν</span> <span class='ocrx_word' id='word_1_21' title='bbox 885 577 910 626; x_wconf 99' lang='lat'>6</span> <span class='ocrx_word' id='word_1_22' title='bbox 957 583 1051 628; x_wconf 88' lang='grc' dir='ltr'>τοῦ</span> <span class='ocrx_word' id='word_1_23' title='bbox 1100 585 1333 652; x_wconf 83' lang='grc' dir='ltr'>Χριστοῦ</span> <span class='ocrx_word' id='word_1_24' title='bbox 1376 579 1798 654; x_wconf 72' lang='grc' dir='ltr'>μάρτυς;²ομοῦ</span> 
     </span>
    </p>
   </div>
   <div class='ocr_carea' id='block_1_5' title="bbox 200 667 1797 740">
    <p class='ocr_par' dir='ltr' id='par_1_5' title="bbox 200 667 1797 740">
     <span class='ocr_line' id='line_1_5' title="bbox 200 667 1797 740; baseline 0 -20"><span class='ocrx_word' id='word_1_25' title='bbox 200 672 293 721; x_wconf 85' lang='grc' dir='ltr'>σύν</span> <span class='ocrx_word' id='word_1_26' title='bbox 339 674 448 728; x_wconf 86' lang='grc' dir='ltr'>τοῖς</span> <span class='ocrx_word' id='word_1_27' title='bbox 496 669 698 737; x_wconf 82' lang='grc' dir='ltr'>ὄμμασι</span> <span class='ocrx_word' id='word_1_28' title='bbox 746 672 838 725; x_wconf 83' lang='grc' dir='ltr'>τῆς</span> <span class='ocrx_word' id='word_1_29' title='bbox 890 668 1081 735; x_wconf 85' lang='grc' dir='ltr'>σαρκός</span> <span class='ocrx_word' id='word_1_30' title='bbox 1128 670 1217 718; x_wconf 78' lang='grc' dir='ltr'>καὶ</span> <span class='ocrx_word' id='word_1_31' title='bbox 1254 670 1321 718; x_wconf 85' lang='grc' dir='ltr'>τὰ</span> <span class='ocrx_word' id='word_1_32' title='bbox 1365 676 1456 729; x_wconf 83' lang='grc' dir='ltr'>τῆς</span> <span class='ocrx_word' id='word_1_33' title='bbox 1503 667 1690 740; x_wconf 71' lang='grc' dir='ltr'>ψυχῆς</span> <span class='ocrx_word' id='word_1_34' title='bbox 1731 668 1797 728; x_wconf 85' lang='grc' dir='ltr'>εἰς</span> 
     </span>
    </p>
   </div>
   <div class='ocr_carea' id='block_1_6' title="bbox 198 751 1798 829">
    <p class='ocr_par' dir='ltr' id='par_1_6' title="bbox 198 751 1798 829">
     <span class='ocr_line' id='line_1_6' title="bbox 198 751 1798 829; baseline 0.001 -21"><span class='ocrx_word' id='word_1_35' title='bbox 198 755 446 829; x_wconf 85' lang='grc' dir='ltr'>οὐρανούς</span> <span class='ocrx_word' id='word_1_36' title='bbox 480 754 631 826; x_wconf 69' lang='grc' dir='ltr'>ἄρας,</span> <span class='ocrx_word' id='word_1_37' title='bbox 669 757 756 804; x_wconf 86' lang='grc' dir='ltr'>τόν</span> <span class='ocrx_word' id='word_1_38' title='bbox 806 751 990 805; x_wconf 75' lang='grc' dir='ltr'>ἑαυτοῦ</span> <span class='ocrx_word' id='word_1_39' title='bbox 1038 757 1168 826; x_wconf 86' lang='grc' dir='ltr'>πρὸς</span> <span class='ocrx_word' id='word_1_40' title='bbox 1210 753 1344 806; x_wconf 70' lang='grc' dir='ltr'>ἔλεον</span> <span class='ocrx_word' id='word_1_41' title='bbox 1391 753 1558 808; x_wconf 77' lang='grc' dir='ltr'>ἐκάλει</span> <span class='ocrx_word' id='word_1_42' title='bbox 1605 760 1798 809; x_wconf 87' lang='grc' dir='ltr'>Δεσπό-</span> 
     </span>
    </p>
   </div>
   <div class='ocr_carea' id='block_1_7' title="bbox 194 841 1798 916">
    <p class='ocr_par' dir='ltr' id='par_1_7' title="bbox 194 841 1798 916">
     <span class='ocr_line' id='line_1_7' title="bbox 194 841 1798 916; baseline 0.002 -22"><span class='ocrx_word' id='word_1_43' title='bbox 194 863 305 901; x_wconf 88' lang='grc' dir='ltr'>την.</span> <span class='ocrx_word' id='word_1_44' title='bbox 362 841 488 896; x_wconf 77' lang='grc' dir='ltr'>Εἶτα</span> <span class='ocrx_word' id='word_1_45' title='bbox 536 847 626 908; x_wconf 75' lang='grc' dir='ltr'>τίς</span> <span class='ocrx_word' id='word_1_46' title='bbox 679 846 748 894; x_wconf 88' lang='lat' dir='ltr'><em>T6</em></span> <span class='ocrx_word' id='word_1_47' title='bbox 806 849 897 894; x_wconf 86' lang='grc' dir='ltr'>τοῦ</span> <span class='ocrx_word' id='word_1_48' title='bbox 975 851 1203 916; x_wconf 87' lang='grc' dir='ltr'>σταυροῦ</span> <span class='ocrx_word' id='word_1_49' title='bbox 1264 851 1478 915; x_wconf 84' lang='grc' dir='ltr'>σημεῖον</span> <span class='ocrx_word' id='word_1_50' title='bbox 1534 844 1798 897; x_wconf 80' lang='grc' dir='ltr'>ἐπιϐάλλει</span> 
     </span>
    </p>
   </div>
   <div class='ocr_carea' id='block_1_8' title="bbox 194 930 1797 1006">
    <p class='ocr_par' dir='ltr' id='par_1_8' title="bbox 194 930 1797 1006">
     <span class='ocr_line' id='line_1_8' title="bbox 194 930 1797 1006; baseline 0.001 -22"><span class='ocrx_word' id='word_1_51' title='bbox 194 939 303 993; x_wconf 82' lang='grc' dir='ltr'>ταῖς</span> <span class='ocrx_word' id='word_1_52' title='bbox 349 930 552 1002; x_wconf 79' lang='grc' dir='ltr'>ὄψεσιν,</span> <span class='ocrx_word' id='word_1_53' title='bbox 602 930 822 983; x_wconf 82' lang='grc' dir='ltr'>ἅπτεται</span> <span class='ocrx_word' id='word_1_54' title='bbox 867 938 929 1002; x_wconf 76' lang='grc' dir='ltr'>τῇ</span> <span class='ocrx_word' id='word_1_55' title='bbox 980 936 1145 1006; x_wconf 81' lang='grc' dir='ltr'>χειρὶ,</span> <span class='ocrx_word' id='word_1_56' title='bbox 1192 937 1281 984; x_wconf 78' lang='grc' dir='ltr'>καὶ</span> <span class='ocrx_word' id='word_1_57' title='bbox 1327 939 1389 1005; x_wconf 79' lang='grc' dir='ltr'>τῇ</span> <span class='ocrx_word' id='word_1_58' title='bbox 1438 932 1540 1006; x_wconf 75' lang='grc' dir='ltr'>ἀφῇ</span> <span class='ocrx_word' id='word_1_59' title='bbox 1592 936 1650 985; x_wconf 88' lang='grc' dir='ltr'>τό</span> <span class='ocrx_word' id='word_1_60' title='bbox 1699 942 1797 1006; x_wconf 86' lang='grc' dir='ltr'>φῶς</span> 
     </span>
    </p>
   </div>
   <div class='ocr_carea' id='block_1_9' title="bbox 193 1017 1797 1096">
    <p class='ocr_par' dir='ltr' id='par_1_9' title="bbox 193 1017 1797 1096">
     <span class='ocr_line' id='line_1_9' title="bbox 193 1017 1797 1096; baseline 0.001 -24"><span class='ocrx_word' id='word_1_61' title='bbox 193 1020 484 1086; x_wconf 77' lang='grc' dir='ltr'>ἠκολούθει,</span> <span class='ocrx_word' id='word_1_62' title='bbox 549 1024 640 1072; x_wconf 85' lang='grc' dir='ltr'>καὶ</span> <span class='ocrx_word' id='word_1_63' title='bbox 705 1020 730 1071; x_wconf 87' lang='grc' dir='ltr'>ὀ</span> <span class='ocrx_word' id='word_1_64' title='bbox 784 1017 1012 1080; x_wconf 78' lang='grc' dir='ltr'>σϐεσθεὶς</span> <span class='ocrx_word' id='word_1_65' title='bbox 1079 1019 1336 1093; x_wconf 86' lang='grc' dir='ltr'>ὀφθαλμός</span> <span class='ocrx_word' id='word_1_66' title='bbox 1391 1022 1515 1096; x_wconf 79' lang='grc' dir='ltr'>ῥᾷον</span> <span class='ocrx_word' id='word_1_67' title='bbox 1577 1022 1607 1080; x_wconf 73' lang='grc' dir='ltr'>ἢ</span> <span class='ocrx_word' id='word_1_68' title='bbox 1666 1025 1797 1094; x_wconf 85' lang='grc' dir='ltr'>πρὸς</span> 
     </span>
    </p>
   </div>
   <div class='ocr_carea' id='block_1_10' title="bbox 191 1106 1796 1183">
    <p class='ocr_par' dir='ltr' id='par_1_10' title="bbox 191 1106 1796 1183">
     <span class='ocr_line' id='line_1_10' title="bbox 191 1106 1796 1183; baseline 0.001 -23"><span class='ocrx_word' id='word_1_69' title='bbox 191 1108 350 1161; x_wconf 81' lang='grc' dir='ltr'>ὕπνον</span> <span class='ocrx_word' id='word_1_70' title='bbox 403 1107 782 1180; x_wconf 81' lang='grc' dir='ltr'>συγκαλυφθεὶς</span> <span class='ocrx_word' id='word_1_71' title='bbox 847 1106 1153 1180; x_wconf 84' lang='grc' dir='ltr'>ἀνεῴγνυτο,</span> <span class='ocrx_word' id='word_1_72' title='bbox 1205 1114 1294 1161; x_wconf 85' lang='grc' dir='ltr'>καὶ</span> <span class='ocrx_word' id='word_1_73' title='bbox 1349 1112 1407 1162; x_wconf 89' lang='grc' dir='ltr'>τὸ</span> <span class='ocrx_word' id='word_1_74' title='bbox 1467 1106 1534 1167; x_wconf 78' lang='grc' dir='ltr'>δή</span> <span class='ocrx_word' id='word_1_75' title='bbox 1595 1114 1796 1183; x_wconf 74' lang='grc' dir='ltr'>μεῖζον,</span> 
     </span>
    </p>
   </div>
   <div class='ocr_carea' id='block_1_11' title="bbox 198 1195 1794 1269">
    <p class='ocr_par' dir='ltr' id='par_1_11' title="bbox 198 1195 1794 1269">
     <span class='ocr_line' id='line_1_11' title="bbox 198 1195 1794 1269; baseline 0.001 -21"><span class='ocrx_word' id='word_1_76' title='bbox 198 1200 288 1248; x_wconf 78' lang='grc' dir='ltr'>καὶ</span> <span class='ocrx_word' id='word_1_77' title='bbox 331 1199 361 1255; x_wconf 80' lang='grc' dir='ltr'><strong>ἡ</strong></span> <span class='ocrx_word' id='word_1_78' title='bbox 416 1195 605 1268; x_wconf 76' lang='grc' dir='ltr'>ψυχῆς</span> <span class='ocrx_word' id='word_1_79' title='bbox 651 1195 820 1248; x_wconf 83' lang='grc' dir='ltr'>ἐλύετο</span> <span class='ocrx_word' id='word_1_80' title='bbox 866 1201 1126 1269; x_wconf 86' lang='grc' dir='ltr'>πήρωσις,</span> <span class='ocrx_word' id='word_1_81' title='bbox 1157 1201 1247 1249; x_wconf 81' lang='grc' dir='ltr'>καὶ</span> <span class='ocrx_word' id='word_1_82' title='bbox 1289 1200 1545 1250; x_wconf 73' lang='grc' dir='ltr'>πιστεύων</span> <span class='ocrx_word' id='word_1_83' title='bbox 1589 1195 1672 1267; x_wconf 78' lang='grc' dir='ltr'>ἦν,</span> <span class='ocrx_word' id='word_1_84' title='bbox 1704 1199 1794 1250; x_wconf 80' lang='grc' dir='ltr'>καὶ</span> 
     </span>
    </p>
   </div>
   <div class='ocr_carea' id='block_1_12' title="bbox 190 1282 1798 1360">
    <p class='ocr_par' dir='ltr' id='par_1_12' title="bbox 190 1282 1798 1360">
     <span class='ocr_line' id='line_1_12' title="bbox 190 1282 1798 1360; baseline -0.002 -22"><span class='ocrx_word' id='word_1_85' title='bbox 190 1289 250 1338; x_wconf 88' lang='grc' dir='ltr'>τό</span> <span class='ocrx_word' id='word_1_86' title='bbox 305 1293 406 1356; x_wconf 88' lang='grc' dir='ltr'>φῶς</span> <span class='ocrx_word' id='word_1_87' title='bbox 451 1289 510 1336; x_wconf 87' lang='grc' dir='ltr'>τό</span> <span class='ocrx_word' id='word_1_88' title='bbox 560 1282 800 1342; x_wconf 89' lang='grc' dir='ltr'>ἀληθινόν</span> <span class='ocrx_word' id='word_1_89' title='bbox 853 1284 1006 1358; x_wconf 73' lang='grc' dir='ltr'>ἑώρα,</span> <span class='ocrx_word' id='word_1_90' title='bbox 1053 1284 1079 1336; x_wconf 89' lang='grc' dir='ltr'><strong>ὃ</strong></span> <span class='ocrx_word' id='word_1_91' title='bbox 1127 1289 1339 1358; x_wconf 88' lang='grc' dir='ltr'>φωτίζει</span> <span class='ocrx_word' id='word_1_92' title='bbox 1386 1288 1555 1338; x_wconf 89' lang='grc' dir='ltr'>πάντα</span> <span class='ocrx_word' id='word_1_93' title='bbox 1599 1288 1798 1360; x_wconf 83' lang='grc' dir='ltr'>ἄνθρω.</span> 
     </span>
    </p>
   </div>
   <div class='ocr_carea' id='block_1_13' title="bbox 188 1374 1794 1450">
    <p class='ocr_par' dir='ltr' id='par_1_13' title="bbox 188 1374 1794 1450">
     <span class='ocr_line' id='line_1_13' title="bbox 188 1374 1794 1450; baseline 0.001 -22"><span class='ocrx_word' id='word_1_94' title='bbox 188 1395 284 1428; x_wconf 93' lang='grc' dir='ltr'>πον</span> <span class='ocrx_word' id='word_1_95' title='bbox 316 1374 594 1449; x_wconf 76' lang='grc' dir='ltr'>ἐρχόμενον</span> <span class='ocrx_word' id='word_1_96' title='bbox 624 1375 698 1436; x_wconf 82' lang='grc' dir='ltr'>εἰς</span> <span class='ocrx_word' id='word_1_97' title='bbox 728 1380 813 1427; x_wconf 88' lang='grc' dir='ltr'>τὸν</span> <span class='ocrx_word' id='word_1_98' title='bbox 852 1379 1068 1448; x_wconf 79' lang='grc' dir='ltr'>κόσμον,</span> <span class='ocrx_word' id='word_1_99' title='bbox 1103 1381 1194 1429; x_wconf 85' lang='grc' dir='ltr'>καὶ</span> <span class='ocrx_word' id='word_1_100' title='bbox 1242 1377 1354 1450; x_wconf 81' lang='grc' dir='ltr'>ἅμα</span> <span class='ocrx_word' id='word_1_101' title='bbox 1389 1378 1519 1430; x_wconf 88' lang='grc' dir='ltr'>πολύ</span> <span class='ocrx_word' id='word_1_102' title='bbox 1566 1397 1619 1429; x_wconf 92' lang='grc' dir='ltr'>τι</span> <span class='ocrx_word' id='word_1_103' title='bbox 1664 1377 1794 1436; x_wconf 84' lang='grc' dir='ltr'>πλῆ-</span> 
     </span>
    </p>
   </div>
   <div class='ocr_carea' id='block_1_14' title="bbox 190 1461 1791 1538">
    <p class='ocr_par' dir='ltr' id='par_1_14' title="bbox 190 1461 1791 1538">
     <span class='ocr_line' id='line_1_14' title="bbox 190 1461 1791 1538; baseline 0.001 -24"><span class='ocrx_word' id='word_1_104' title='bbox 190 1463 277 1524; x_wconf 90' lang='grc' dir='ltr'>θος</span> <span class='ocrx_word' id='word_1_105' title='bbox 334 1461 613 1537; x_wconf 89' lang='grc' dir='ltr'>ἀνθρώπων</span> <span class='ocrx_word' id='word_1_106' title='bbox 667 1472 738 1534; x_wconf 84' lang='grc' dir='ltr'>τῷ</span> <span class='ocrx_word' id='word_1_107' title='bbox 793 1465 1023 1535; x_wconf 83' lang='grc' dir='ltr'>θαύματι</span> <span class='ocrx_word' id='word_1_108' title='bbox 1077 1467 1207 1538; x_wconf 88' lang='grc' dir='ltr'>πρὸς</span> <span class='ocrx_word' id='word_1_109' title='bbox 1259 1470 1352 1524; x_wconf 80' lang='grc' dir='ltr'>τὴν</span> <span class='ocrx_word' id='word_1_110' title='bbox 1399 1474 1494 1526; x_wconf 86' lang='grc' dir='ltr'>τῆς</span> <span class='ocrx_word' id='word_1_111' title='bbox 1549 1464 1791 1528; x_wconf 76' lang='grc' dir='ltr'>ἀληθείας</span> 
     </span>
    </p>
   </div>
   <div class='ocr_carea' id='block_1_15' title="bbox 187 1549 1787 1626">
    <p class='ocr_par' dir='ltr' id='par_1_15' title="bbox 187 1549 1787 1626">
     <span class='ocr_line' id='line_1_15' title="bbox 187 1549 1787 1626; baseline 0 -23"><span class='ocrx_word' id='word_1_112' title='bbox 187 1549 466 1623; x_wconf 71' lang='grc' dir='ltr'>ἐπίγνωσιν</span> <span class='ocrx_word' id='word_1_113' title='bbox 539 1550 960 1626; x_wconf 73' lang='grc' dir='ltr'>ἑχειραγωγείτο.</span> <span class='ocrx_word' id='word_1_114' title='bbox 1041 1558 1169 1605; x_wconf 85' lang='grc' dir='ltr'>Τίνα</span> <span class='ocrx_word' id='word_1_115' title='bbox 1246 1552 1306 1605; x_wconf 79' lang='grc' dir='ltr'>διν</span> <span class='ocrx_word' id='word_1_116' title='bbox 1381 1555 1438 1605; x_wconf 86' lang='grc' dir='ltr'>οὐ</span> <span class='ocrx_word' id='word_1_117' title='bbox 1513 1552 1787 1624; x_wconf 81' lang='grc' dir='ltr'>μετέϐαλον</span> 
     </span>
    </p>
   </div>
   <div class='ocr_carea' id='block_1_16' title="bbox 186 1640 1784 1712">
    <p class='ocr_par' dir='ltr' id='par_1_16' title="bbox 186 1640 1784 1712">
     <span class='ocr_line' id='line_1_16' title="bbox 186 1640 1784 1712; baseline 0.001 -22"><span class='ocrx_word' id='word_1_118' title='bbox 186 1646 371 1704; x_wconf 90' lang='grc' dir='ltr'>ταῦτα,</span> <span class='ocrx_word' id='word_1_119' title='bbox 404 1644 493 1692; x_wconf 85' lang='grc' dir='ltr'>καὶ</span> <span class='ocrx_word' id='word_1_120' title='bbox 537 1645 613 1700; x_wconf 92' lang='grc' dir='ltr'>τίς</span> <span class='ocrx_word' id='word_1_121' title='bbox 665 1641 692 1692; x_wconf 83' lang='grc' dir='ltr'><strong>ὁ</strong></span> <span class='ocrx_word' id='word_1_122' title='bbox 742 1644 835 1698; x_wconf 77' lang='grc' dir='ltr'>τὴν</span> <span class='ocrx_word' id='word_1_123' title='bbox 869 1640 1028 1712; x_wconf 81' lang='grc' dir='ltr'>ἰσχὺν</span> <span class='ocrx_word' id='word_1_124' title='bbox 1069 1643 1205 1711; x_wconf 79' lang='grc' dir='ltr'>ἔχων</span> <span class='ocrx_word' id='word_1_125' title='bbox 1247 1643 1442 1698; x_wconf 91' lang='grc' dir='ltr'>ταύτην</span> <span class='ocrx_word' id='word_1_126' title='bbox 1491 1641 1784 1703; x_wconf 77' lang='grc' dir='ltr'>ἐκζητήσαι</span> 
     </span>
    </p>
   </div>
   <div class='ocr_carea' id='block_1_17' title="bbox 1339 274 2426 340">
    <p class='ocr_par' dir='ltr' id='par_1_17' title="bbox 1339 274 2426 340">
     <span class='ocr_line' id='line_1_17' title="bbox 1339 274 2426 340; baseline 0.005 -8"><span class='ocrx_word' id='word_1_127' title='bbox 1339 274 1505 332; x_wconf 85' lang='lat' dir='ltr'>VITA</span> <span class='ocrx_word' id='word_1_128' title='bbox 1546 275 1609 340; x_wconf 37' lang='lat'>8..</span> <span class='ocrx_word' id='word_1_129' title='bbox 1647 275 1866 334; x_wconf 83' lang='lat' dir='ltr'>CARPI</span> <span class='ocrx_word' id='word_1_130' title='bbox 1903 275 1993 332; x_wconf 90' lang='lat' dir='ltr'>ET</span> <span class='ocrx_word' id='word_1_131' title='bbox 2029 275 2426 337; x_wconf 81' lang='lat' dir='ltr'>SOCIORUM.</span> 
     </span>
    </p>
   </div>
   <div class='ocr_carea' id='block_1_18' title="bbox 3455 274 3563 332">
    <p class='ocr_par' dir='ltr' id='par_1_18' title="bbox 3455 274 3563 332">
     <span class='ocr_line' id='line_1_18' title="bbox 3455 274 3563 332; baseline 0 0"><span class='ocrx_word' id='word_1_132' title='bbox 3455 274 3563 332; x_wconf 74' lang='grc'>122</span> 
     </span>
    </p>
   </div>
   <div class='ocr_carea' id='block_1_19' title="bbox 1905 401 3558 474">
    <p class='ocr_par' dir='ltr' id='par_1_19' title="bbox 1905 401 3558 474">
     <span class='ocr_line' id='line_1_19' title="bbox 1905 401 3558 474; baseline 0.002 -17"><span class='ocrx_word' id='word_1_133' title='bbox 1905 401 2079 458; x_wconf 89' lang='lat' dir='ltr'>vanis</span> <span class='ocrx_word' id='word_1_134' title='bbox 2131 407 2418 474; x_wconf 89' lang='lat' dir='ltr'>perpetuo</span> <span class='ocrx_word' id='word_1_135' title='bbox 2467 401 2832 460; x_wconf 89' lang='lat' dir='ltr'>assidebant.</span> <span class='ocrx_word' id='word_1_136' title='bbox 2873 401 3066 460; x_wconf 86' lang='lat' dir='ltr'>Surda</span> <span class='ocrx_word' id='word_1_137' title='bbox 3098 402 3298 458; x_wconf 89' lang='lat' dir='ltr'>autem</span> <span class='ocrx_word' id='word_1_138' title='bbox 3327 417 3342 467; x_wconf 91' lang='lat'><strong>;</strong></span> <span class='ocrx_word' id='word_1_139' title='bbox 3373 401 3558 460; x_wconf 89' lang='lat' dir='ltr'>surda</span> 
     </span>
    </p>
   </div>
   <div class='ocr_carea' id='block_1_20' title="bbox 1905 489 3554 564">
    <p class='ocr_par' dir='ltr' id='par_1_20' title="bbox 1905 489 3554 564">
     <span class='ocr_line' id='line_1_20' title="bbox 1905 489 3554 564; baseline 0.002 -20"><span class='ocrx_word' id='word_1_140' title='bbox 1905 494 2073 546; x_wconf 89' lang='lat' dir='ltr'>erant</span> <span class='ocrx_word' id='word_1_141' title='bbox 2106 507 2117 543; x_wconf 91' lang='lat'>:</span> <span class='ocrx_word' id='word_1_142' title='bbox 2150 495 2207 547; x_wconf 94' lang='lat' dir='ltr'>et</span> <span class='ocrx_word' id='word_1_143' title='bbox 2235 491 2305 555; x_wconf 89' lang='lat' dir='ltr'>ei,</span> <span class='ocrx_word' id='word_1_144' title='bbox 2331 491 2433 564; x_wconf 88' lang='lat' dir='ltr'>qui</span> <span class='ocrx_word' id='word_1_145' title='bbox 2458 507 2527 547; x_wconf 83' lang='lat' dir='ltr'>ex</span> <span class='ocrx_word' id='word_1_146' title='bbox 2555 498 2720 564; x_wconf 88' lang='lat' dir='ltr'>parte</span> <span class='ocrx_word' id='word_1_147' title='bbox 2753 491 3103 548; x_wconf 69' lang='lat' dir='ltr'>caecuticbat</span> <span class='ocrx_word' id='word_1_148' title='bbox 3148 489 3379 545; x_wconf 91' lang='lat' dir='ltr'>nullum</span> <span class='ocrx_word' id='word_1_149' title='bbox 3428 493 3554 547; x_wconf 92' lang='lat' dir='ltr'>erat</span> 
     </span>
    </p>
   </div>
   <div class='ocr_carea' id='block_1_21' title="bbox 1906 577 3555 652">
    <p class='ocr_par' dir='ltr' id='par_1_21' title="bbox 1906 577 3555 652">
     <span class='ocr_line' id='line_1_21' title="bbox 1906 577 3555 652; baseline 0.002 -19"><span class='ocrx_word' id='word_1_150' title='bbox 1906 578 2192 634; x_wconf 85' lang='lat' dir='ltr'>auxilium</span> <span class='ocrx_word' id='word_1_151' title='bbox 2224 579 2301 634; x_wconf 90' lang='lat' dir='ltr'>ab</span> <span class='ocrx_word' id='word_1_152' title='bbox 2332 579 2404 634; x_wconf 92' lang='lat' dir='ltr'>iis</span> <span class='ocrx_word' id='word_1_153' title='bbox 2438 581 2540 652; x_wconf 86' lang='lat' dir='ltr'>qui</span> <span class='ocrx_word' id='word_1_154' title='bbox 2567 585 2733 636; x_wconf 91' lang='lat' dir='ltr'>erant</span> <span class='ocrx_word' id='word_1_155' title='bbox 2762 580 2900 636; x_wconf 72' lang='lat' dir='ltr'>caeci</span> <span class='ocrx_word' id='word_1_156' title='bbox 2939 579 3194 651; x_wconf 85' lang='lat' dir='ltr'>penitus.</span> <span class='ocrx_word' id='word_1_157' title='bbox 3229 577 3382 643; x_wconf 85' lang='lat' dir='ltr'>Quid</span> <span class='ocrx_word' id='word_1_158' title='bbox 3410 593 3555 648; x_wconf 85' lang='lat' dir='ltr'>ergo</span> 
     </span>
    </p>
   </div>
   <div class='ocr_carea' id='block_1_22' title="bbox 1908 667 3554 728">
    <p class='ocr_par' dir='ltr' id='par_1_22' title="bbox 1908 667 3554 728">
     <span class='ocr_line' id='line_1_22' title="bbox 1908 667 3554 728; baseline 0.004 -6"><span class='ocrx_word' id='word_1_159' title='bbox 1908 667 2114 722; x_wconf 84' lang='lat' dir='ltr'>Christi</span> <span class='ocrx_word' id='word_1_160' title='bbox 2145 683 2349 723; x_wconf 90' lang='lat' dir='ltr'>servus</span> <span class='ocrx_word' id='word_1_161' title='bbox 2377 670 2404 724; x_wconf 84' lang='lat'><strong><em>?</em></strong></span> <span class='ocrx_word' id='word_1_162' title='bbox 2460 669 2647 724; x_wconf 81' lang='lat' dir='ltr'>Simul</span> <span class='ocrx_word' id='word_1_163' title='bbox 2677 685 2814 724; x_wconf 89' lang='lat' dir='ltr'>cum</span> <span class='ocrx_word' id='word_1_164' title='bbox 2871 669 3065 725; x_wconf 90' lang='lat' dir='ltr'>carnis</span> <span class='ocrx_word' id='word_1_165' title='bbox 3103 667 3290 726; x_wconf 91' lang='lat' dir='ltr'>oculis</span> <span class='ocrx_word' id='word_1_166' title='bbox 3337 669 3554 728; x_wconf 61' lang='lat' dir='ltr'>animas</span> 
     </span>
    </p>
   </div>
   <div class='ocr_carea' id='block_1_23' title="bbox 1905 757 3550 828">
    <p class='ocr_par' dir='ltr' id='par_1_23' title="bbox 1905 757 3550 828">
     <span class='ocr_line' id='line_1_23' title="bbox 1905 757 3550 828; baseline 0.003 -17"><span class='ocrx_word' id='word_1_167' title='bbox 1905 771 2146 828; x_wconf 89' lang='lat' dir='ltr'>quoque</span> <span class='ocrx_word' id='word_1_168' title='bbox 2167 757 2372 812; x_wconf 90' lang='lat' dir='ltr'>oculos</span> <span class='ocrx_word' id='word_1_169' title='bbox 2389 757 2466 813; x_wconf 88' lang='lat' dir='ltr'>ad</span> <span class='ocrx_word' id='word_1_170' title='bbox 2490 758 2704 814; x_wconf 65' lang='lat' dir='ltr'>caelum</span> <span class='ocrx_word' id='word_1_171' title='bbox 2723 757 2955 824; x_wconf 89' lang='lat' dir='ltr'>tollens,</span> <span class='ocrx_word' id='word_1_172' title='bbox 2979 758 3056 814; x_wconf 92' lang='lat' dir='ltr'>ad</span> <span class='ocrx_word' id='word_1_173' title='bbox 3079 760 3550 818; x_wconf 88' lang='lat' dir='ltr'>misericordiam</span> 
     </span>
    </p>
   </div>
   <div class='ocr_carea' id='block_1_24' title="bbox 1906 845 3552 920">
    <p class='ocr_par' dir='ltr' id='par_1_24' title="bbox 1906 845 3552 920">
     <span class='ocr_line' id='line_1_24' title="bbox 1906 845 3552 920; baseline 0.003 -22"><span class='ocrx_word' id='word_1_174' title='bbox 1906 860 2082 899; x_wconf 89' lang='lat' dir='ltr'>suum</span> <span class='ocrx_word' id='word_1_175' title='bbox 2112 845 2431 902; x_wconf 83' lang='lat' dir='ltr'>invocabat</span> <span class='ocrx_word' id='word_1_176' title='bbox 2465 847 2804 902; x_wconf 91' lang='lat' dir='ltr'>Dominum.</span> <span class='ocrx_word' id='word_1_177' title='bbox 2849 847 3067 901; x_wconf 83' lang='lat' dir='ltr'>Deinde</span> <span class='ocrx_word' id='word_1_178' title='bbox 3097 850 3243 920; x_wconf 90' lang='lat' dir='ltr'>quid</span> <span class='ocrx_word' id='word_1_179' title='bbox 3271 849 3299 905; x_wconf 82' lang='lat'><strong>?</strong></span> <span class='ocrx_word' id='word_1_180' title='bbox 3351 850 3552 906; x_wconf 91' lang='lat' dir='ltr'>Crucis</span> 
     </span>
    </p>
   </div>
   <div class='ocr_carea' id='block_1_25' title="bbox 1906 932 3551 1009">
    <p class='ocr_par' dir='ltr' id='par_1_25' title="bbox 1906 932 3551 1009">
     <span class='ocr_line' id='line_1_25' title="bbox 1906 932 3551 1009; baseline 0.002 -19"><span class='ocrx_word' id='word_1_181' title='bbox 1906 932 2147 1002; x_wconf 89' lang='lat' dir='ltr'>signum</span> <span class='ocrx_word' id='word_1_182' title='bbox 2193 933 2455 990; x_wconf 85' lang='lat' dir='ltr'>immittit</span> <span class='ocrx_word' id='word_1_183' title='bbox 2489 934 2694 1005; x_wconf 83' lang='lat' dir='ltr'>oculis,</span> <span class='ocrx_word' id='word_1_184' title='bbox 2747 950 2931 990; x_wconf 90' lang='lat' dir='ltr'>manu</span> <span class='ocrx_word' id='word_1_185' title='bbox 2980 938 3184 1009; x_wconf 80' lang='lat' dir='ltr'>tangit,</span> <span class='ocrx_word' id='word_1_186' title='bbox 3228 943 3285 995; x_wconf 91' lang='lat' dir='ltr'>et</span> <span class='ocrx_word' id='word_1_187' title='bbox 3327 943 3551 996; x_wconf 89' lang='lat' dir='ltr'>tactum</span> 
     </span>
    </p>
   </div>
   <div class='ocr_carea' id='block_1_26' title="bbox 1903 1019 3554 1089">
    <p class='ocr_par' dir='ltr' id='par_1_26' title="bbox 1903 1019 3554 1089">
     <span class='ocr_line' id='line_1_26' title="bbox 1903 1019 3554 1089; baseline 0.005 -13"><span class='ocrx_word' id='word_1_188' title='bbox 1903 1019 2006 1076; x_wconf 80' lang='lat' dir='ltr'>lux</span> <span class='ocrx_word' id='word_1_189' title='bbox 2035 1027 2126 1078; x_wconf 90' lang='lat' dir='ltr'>est</span> <span class='ocrx_word' id='word_1_190' title='bbox 2151 1028 2490 1089; x_wconf 83' lang='lat' dir='ltr'>consecuta,</span> <span class='ocrx_word' id='word_1_191' title='bbox 2523 1027 2580 1079; x_wconf 95' lang='lat' dir='ltr'>et</span> <span class='ocrx_word' id='word_1_192' title='bbox 2607 1023 2928 1079; x_wconf 86' lang='lat' dir='ltr'>exstinctus</span> <span class='ocrx_word' id='word_1_193' title='bbox 2957 1026 3166 1080; x_wconf 82' lang='lat' dir='ltr'>oculus</span> <span class='ocrx_word' id='word_1_194' title='bbox 3203 1025 3432 1083; x_wconf 85' lang='lat' dir='ltr'>facilius</span> <span class='ocrx_word' id='word_1_195' title='bbox 3461 1030 3554 1084; x_wconf 87' lang='lat' dir='ltr'>est</span> 
     </span>
    </p>
   </div>
   <div class='ocr_carea' id='block_1_27' title="bbox 1905 1110 3551 1188">
    <p class='ocr_par' dir='ltr' id='par_1_27' title="bbox 1905 1110 3551 1188">
     <span class='ocr_line' id='line_1_27' title="bbox 1905 1110 3551 1188; baseline 0.004 -24"><span class='ocrx_word' id='word_1_196' title='bbox 1905 1114 2171 1180; x_wconf 90' lang='lat' dir='ltr'>apertus,</span> <span class='ocrx_word' id='word_1_197' title='bbox 2204 1126 2387 1182; x_wconf 90' lang='lat' dir='ltr'>quam</span> <span class='ocrx_word' id='word_1_198' title='bbox 2419 1111 2466 1165; x_wconf 90' lang='lat' dir='ltr'>si</span> <span class='ocrx_word' id='word_1_199' title='bbox 2497 1127 2710 1167; x_wconf 90' lang='lat' dir='ltr'>somno</span> <span class='ocrx_word' id='word_1_200' title='bbox 2742 1110 2952 1168; x_wconf 83' lang='lat' dir='ltr'>fuisset</span> <span class='ocrx_word' id='word_1_201' title='bbox 2991 1117 3232 1184; x_wconf 90' lang='lat' dir='ltr'>opertus</span> <span class='ocrx_word' id='word_1_202' title='bbox 3262 1121 3356 1170; x_wconf 87' lang='lat' dir='ltr'>:et</span> <span class='ocrx_word' id='word_1_203' title='bbox 3385 1113 3551 1188; x_wconf 91' lang='lat' dir='ltr'>quod</span> 
     </span>
    </p>
   </div>
   <div class='ocr_carea' id='block_1_28' title="bbox 1904 1198 3548 1270">
    <p class='ocr_par' dir='ltr' id='par_1_28' title="bbox 1904 1198 3548 1270">
     <span class='ocr_line' id='line_1_28' title="bbox 1904 1198 3548 1270; baseline 0.003 -16"><span class='ocrx_word' id='word_1_204' title='bbox 1904 1198 2102 1269; x_wconf 87' lang='lat' dir='ltr'>majus</span> <span class='ocrx_word' id='word_1_205' title='bbox 2125 1203 2228 1262; x_wconf 88' lang='lat' dir='ltr'>est,</span> <span class='ocrx_word' id='word_1_206' title='bbox 2255 1200 2304 1269; x_wconf 91' lang='lat' dir='ltr'>ej</span> <span class='ocrx_word' id='word_1_207' title='bbox 2318 1199 2514 1270; x_wconf 90' lang='lat' dir='ltr'>us,qui</span> <span class='ocrx_word' id='word_1_208' title='bbox 2539 1199 2828 1255; x_wconf 88' lang='lat' dir='ltr'>beneﬁcio</span> <span class='ocrx_word' id='word_1_209' title='bbox 2847 1199 3095 1256; x_wconf 79' lang='lat' dir='ltr'>affectus</span> <span class='ocrx_word' id='word_1_210' title='bbox 3113 1201 3548 1270; x_wconf 67' lang='lat' dir='ltr'>fuerat,animae</span> 
     </span>
    </p>
   </div>
   <div class='ocr_carea' id='block_1_29' title="bbox 1904 1285 3547 1359">
    <p class='ocr_par' dir='ltr' id='par_1_29' title="bbox 1904 1285 3547 1359">
     <span class='ocr_line' id='line_1_29' title="bbox 1904 1285 3547 1359; baseline 0.004 -19"><span class='ocrx_word' id='word_1_211' title='bbox 1904 1301 2146 1357; x_wconf 90' lang='lat' dir='ltr'>quoque</span> <span class='ocrx_word' id='word_1_212' title='bbox 2167 1285 2367 1341; x_wconf 90' lang='lat' dir='ltr'>ablata</span> <span class='ocrx_word' id='word_1_213' title='bbox 2383 1293 2470 1341; x_wconf 90' lang='lat' dir='ltr'>est</span> <span class='ocrx_word' id='word_1_214' title='bbox 2481 1287 2732 1353; x_wconf 85' lang='lat' dir='ltr'>caecitas,</span> <span class='ocrx_word' id='word_1_215' title='bbox 2743 1293 2983 1359; x_wconf 83' lang='lat' dir='ltr'>eratque</span> <span class='ocrx_word' id='word_1_216' title='bbox 2996 1290 3327 1356; x_wconf 89' lang='lat' dir='ltr'>credens,et</span> <span class='ocrx_word' id='word_1_217' title='bbox 3341 1306 3547 1346; x_wconf 80' lang='lat' dir='ltr'>veram</span> 
     </span>
    </p>
   </div>
   <div class='ocr_carea' id='block_1_30' title="bbox 1902 1372 3546 1446">
    <p class='ocr_par' dir='ltr' id='par_1_30' title="bbox 1902 1372 3546 1446">
     <span class='ocr_line' id='line_1_30' title="bbox 1902 1372 3546 1446; baseline 0.004 -17"><span class='ocrx_word' id='word_1_218' title='bbox 1902 1372 2095 1430; x_wconf 90' lang='lat' dir='ltr'>lucem</span> <span class='ocrx_word' id='word_1_219' title='bbox 2122 1373 2481 1442; x_wconf 82' lang='lat' dir='ltr'>intuebatur,</span> <span class='ocrx_word' id='word_1_220' title='bbox 2499 1391 2635 1446; x_wconf 74' lang='lat' dir='ltr'>quae</span> <span class='ocrx_word' id='word_1_221' title='bbox 2661 1375 2954 1432; x_wconf 85' lang='lat' dir='ltr'>illuminat</span> <span class='ocrx_word' id='word_1_222' title='bbox 2976 1393 3218 1434; x_wconf 90' lang='lat' dir='ltr'>omnem</span> <span class='ocrx_word' id='word_1_223' title='bbox 3241 1378 3546 1435; x_wconf 89' lang='lat' dir='ltr'>hominem</span> 
     </span>
    </p>
   </div>
   <div class='ocr_carea' id='block_1_31' title="bbox 1900 1462 3547 1537">
    <p class='ocr_par' dir='ltr' id='par_1_31' title="bbox 1900 1462 3547 1537">
     <span class='ocr_line' id='line_1_31' title="bbox 1900 1462 3547 1537; baseline 0.004 -22"><span class='ocrx_word' id='word_1_224' title='bbox 1900 1462 2231 1518; x_wconf 83' lang='lat' dir='ltr'>venientem</span> <span class='ocrx_word' id='word_1_225' title='bbox 2254 1463 2314 1517; x_wconf 91' lang='lat' dir='ltr'>in</span> <span class='ocrx_word' id='word_1_226' title='bbox 2335 1463 2495 1518; x_wconf 92' lang='lat' dir='ltr'>hunc</span> <span class='ocrx_word' id='word_1_227' title='bbox 2518 1463 2808 1518; x_wconf 91' lang='lat' dir='ltr'>mundum</span> <span class='ocrx_word' id='word_1_228' title='bbox 2827 1479 2840 1516; x_wconf 89' lang='lat'><strong>:</strong></span> <span class='ocrx_word' id='word_1_229' title='bbox 2857 1469 2912 1520; x_wconf 88' lang='lat' dir='ltr'>et</span> <span class='ocrx_word' id='word_1_230' title='bbox 2932 1465 3108 1520; x_wconf 90' lang='lat' dir='ltr'>simul</span> <span class='ocrx_word' id='word_1_231' title='bbox 3127 1466 3305 1522; x_wconf 89' lang='lat' dir='ltr'>etiam</span> <span class='ocrx_word' id='word_1_232' title='bbox 3325 1481 3547 1537; x_wconf 86' lang='lat' dir='ltr'>magna</span> 
     </span>
    </p>
   </div>
   <div class='ocr_carea' id='block_1_32' title="bbox 1896 1548 3550 1624">
    <p class='ocr_par' dir='ltr' id='par_1_32' title="bbox 1896 1548 3550 1624">
     <span class='ocr_line' id='line_1_32' title="bbox 1896 1548 3550 1624; baseline 0.004 -20"><span class='ocrx_word' id='word_1_233' title='bbox 1896 1548 2212 1604; x_wconf 89' lang='lat' dir='ltr'>hominum</span> <span class='ocrx_word' id='word_1_234' title='bbox 2237 1549 2552 1606; x_wconf 83' lang='lat' dir='ltr'>multitudo</span> <span class='ocrx_word' id='word_1_235' title='bbox 2583 1550 2841 1607; x_wconf 88' lang='lat' dir='ltr'>deducta</span> <span class='ocrx_word' id='word_1_236' title='bbox 2873 1556 2959 1607; x_wconf 90' lang='lat' dir='ltr'>est</span> <span class='ocrx_word' id='word_1_237' title='bbox 2981 1553 3268 1609; x_wconf 90' lang='lat' dir='ltr'>miraculo</span> <span class='ocrx_word' id='word_1_238' title='bbox 3286 1553 3362 1609; x_wconf 91' lang='lat' dir='ltr'>ad</span> <span class='ocrx_word' id='word_1_239' title='bbox 3382 1555 3550 1624; x_wconf 88' lang='lat' dir='ltr'>agni-</span> 
     </span>
    </p>
   </div>
   <div class='ocr_carea' id='block_1_33' title="bbox 1895 1636 3547 1708">
    <p class='ocr_par' dir='ltr' id='par_1_33' title="bbox 1895 1636 3547 1708">
     <span class='ocr_line' id='line_1_33' title="bbox 1895 1636 3547 1708; baseline 0.004 -16"><span class='ocrx_word' id='word_1_240' title='bbox 1895 1636 2114 1692; x_wconf 89' lang='lat' dir='ltr'>tionem</span> <span class='ocrx_word' id='word_1_241' title='bbox 2149 1638 2428 1693; x_wconf 86' lang='lat' dir='ltr'>veritatis.</span> <span class='ocrx_word' id='word_1_242' title='bbox 2463 1640 2648 1703; x_wconf 87' lang='lat' dir='ltr'>Quem</span> <span class='ocrx_word' id='word_1_243' title='bbox 2679 1655 2800 1695; x_wconf 89' lang='lat' dir='ltr'>non</span> <span class='ocrx_word' id='word_1_244' title='bbox 2840 1641 2968 1697; x_wconf 65' lang='lat' dir='ltr'>hac</span> <span class='ocrx_word' id='word_1_245' title='bbox 2998 1646 3350 1708; x_wconf 85' lang='lat' dir='ltr'>mutassent,</span> <span class='ocrx_word' id='word_1_246' title='bbox 3382 1647 3439 1698; x_wconf 89' lang='lat' dir='ltr'>et</span> <span class='ocrx_word' id='word_1_247' title='bbox 3466 1642 3547 1698; x_wconf 89' lang='lat' dir='ltr'>ef-</span> 
     </span>
    </p>
   </div>
   <div class='ocr_carea' id='block_1_34' title="bbox 185 1726 1779 1808">
    <p class='ocr_par' dir='ltr' id='par_1_34' title="bbox 185 1728 1777 1802">
     <span class='ocr_line' id='line_1_34' title="bbox 185 1728 1777 1802; baseline 0 -22"><span class='ocrx_word' id='word_1_248' title='bbox 185 1733 276 1781; x_wconf 82' lang='grc' dir='ltr'><strong>καὶ</strong></span> <span class='ocrx_word' id='word_1_249' title='bbox 352 1731 533 1800; x_wconf 80' lang='grc' dir='ltr'>μαθεῖν</span> <span class='ocrx_word' id='word_1_250' title='bbox 611 1732 1035 1802; x_wconf 86' lang='grc' dir='ltr'>παρεσκεύασεν;</span> <span class='ocrx_word' id='word_1_251' title='bbox 1090 1728 1225 1780; x_wconf 85' lang='grc' dir='ltr'>Ἀλλ’</span> <span class='ocrx_word' id='word_1_252' title='bbox 1285 1729 1329 1781; x_wconf 88' lang='grc' dir='ltr'>εἰ</span> <span class='ocrx_word' id='word_1_253' title='bbox 1405 1733 1494 1781; x_wconf 86' lang='grc' dir='ltr'>καὶ</span> <span class='ocrx_word' id='word_1_254' title='bbox 1560 1731 1777 1795; x_wconf 80' lang='grc' dir='ltr'>πάντας,</span> 
     </span>
    </p>
   </div>
   <div class='ocr_carea' id='block_1_35' title="bbox 1889 1726 3544 1808">
    <p class='ocr_par' dir='ltr' id='par_1_35' title="bbox 1893 1726 3544 1804">
     <span class='ocr_line' id='line_1_35' title="bbox 1893 1726 3544 1804; baseline 0.002 -22"><span class='ocrx_word' id='word_1_255' title='bbox 1893 1726 2168 1782; x_wconf 89' lang='lat' dir='ltr'>fecissent</span> <span class='ocrx_word' id='word_1_256' title='bbox 2224 1742 2490 1797; x_wconf 69' lang='lat' dir='ltr'>quaerere</span> <span class='ocrx_word' id='word_1_257' title='bbox 2541 1733 2598 1783; x_wconf 91' lang='lat' dir='ltr'>et</span> <span class='ocrx_word' id='word_1_258' title='bbox 2641 1728 2886 1796; x_wconf 88' lang='lat' dir='ltr'>discere,</span> <span class='ocrx_word' id='word_1_259' title='bbox 2919 1730 3200 1802; x_wconf 85' lang='lat' dir='ltr'>quisnam</span> <span class='ocrx_word' id='word_1_260' title='bbox 3232 1730 3281 1784; x_wconf 89' lang='lat' dir='ltr'>is</span> <span class='ocrx_word' id='word_1_261' title='bbox 3313 1731 3406 1796; x_wconf 89' lang='lat' dir='ltr'>sit,</span> <span class='ocrx_word' id='word_1_262' title='bbox 3441 1731 3544 1804; x_wconf 88' lang='lat' dir='ltr'>qui</span> 
     </span>
    </p>
   </div>
   <div class='ocr_carea' id='block_1_36' title="bbox 187 1814 1778 1893">
    <p class='ocr_par' dir='ltr' id='par_1_36' title="bbox 187 1814 1778 1893">
     <span class='ocr_line' id='line_1_36' title="bbox 187 1814 1778 1893; baseline -0.001 -24"><span class='ocrx_word' id='word_1_263' title='bbox 187 1817 467 1893; x_wconf 87' lang='grc' dir='ltr'>Οὐαλέριον</span> <span class='ocrx_word' id='word_1_264' title='bbox 530 1826 654 1889; x_wconf 87' lang='grc' dir='ltr'>γοῦν</span> <span class='ocrx_word' id='word_1_265' title='bbox 713 1814 978 1888; x_wconf 78' lang='grc' dir='ltr'>οὐδαμῶς,</span> <span class='ocrx_word' id='word_1_266' title='bbox 1034 1815 1162 1869; x_wconf 87' lang='grc' dir='ltr'>ἀλλά</span> <span class='ocrx_word' id='word_1_267' title='bbox 1236 1822 1325 1869; x_wconf 83' lang='grc' dir='ltr'>καὶ</span> <span class='ocrx_word' id='word_1_268' title='bbox 1389 1817 1516 1869; x_wconf 85' lang='grc' dir='ltr'>πολὺ</span> <span class='ocrx_word' id='word_1_269' title='bbox 1590 1818 1778 1889; x_wconf 85' lang='grc' dir='ltr'>μᾶλλον</span> 
     </span>
    </p>
   </div>
   <div class='ocr_carea' id='block_1_37' title="bbox 184 1903 1779 1980">
    <p class='ocr_par' dir='ltr' id='par_1_37' title="bbox 184 1903 1779 1980">
     <span class='ocr_line' id='line_1_37' title="bbox 184 1903 1779 1980; baseline 0 -22"><span class='ocrx_word' id='word_1_270' title='bbox 184 1905 528 1980; x_wconf 79' lang='grc' dir='ltr'>ἀπηνέστερον</span> <span class='ocrx_word' id='word_1_271' title='bbox 590 1907 774 1959; x_wconf 73' lang='grc' dir='ltr'>ἑαυτοῦ</span> <span class='ocrx_word' id='word_1_272' title='bbox 841 1910 1180 1972; x_wconf 85' lang='grc' dir='ltr'>πεποιήκασι,</span> <span class='ocrx_word' id='word_1_273' title='bbox 1240 1908 1470 1977; x_wconf 84' lang='grc' dir='ltr'>καθάπερ</span> <span class='ocrx_word' id='word_1_274' title='bbox 1529 1903 1779 1976; x_wconf 77' lang='grc' dir='ltr'>ἓνηδόμε-</span> 
     </span>
    </p>
   </div>
   <div class='ocr_carea' id='block_1_38' title="bbox 180 1991 1771 2068">
    <p class='ocr_par' dir='ltr' id='par_1_38' title="bbox 180 1991 1771 2068">
     <span class='ocr_line' id='line_1_38' title="bbox 180 1991 1771 2068; baseline 0.001 -23"><span class='ocrx_word' id='word_1_275' title='bbox 180 2013 266 2046; x_wconf 92' lang='grc' dir='ltr'>νον</span> <span class='ocrx_word' id='word_1_276' title='bbox 313 2003 375 2067; x_wconf 73' lang='grc' dir='ltr'>τῇ</span> <span class='ocrx_word' id='word_1_277' title='bbox 440 1993 667 2068; x_wconf 78' lang='grc' dir='ltr'>ἀπωλείᾳ</span> <span class='ocrx_word' id='word_1_278' title='bbox 711 2003 808 2057; x_wconf 82' lang='grc' dir='ltr'>τῆς</span> <span class='ocrx_word' id='word_1_279' title='bbox 865 1995 1057 2055; x_wconf 80' lang='grc' dir='ltr'>πλάνης</span> <span class='ocrx_word' id='word_1_280' title='bbox 1113 1999 1202 2047; x_wconf 87' lang='grc' dir='ltr'>καὶ</span> <span class='ocrx_word' id='word_1_281' title='bbox 1254 1991 1495 2066; x_wconf 83' lang='grc' dir='ltr'>οὐδαμῶς</span> <span class='ocrx_word' id='word_1_282' title='bbox 1551 1993 1771 2046; x_wconf 70' lang='grc' dir='ltr'>ἐκκαλυ-</span> 
     </span>
    </p>
   </div>
   <div class='ocr_carea' id='block_1_39' title="bbox 181 2083 1778 2156">
    <p class='ocr_par' dir='ltr' id='par_1_39' title="bbox 181 2083 1778 2156">
     <span class='ocr_line' id='line_1_39' title="bbox 181 2083 1778 2156; baseline -0.001 -21"><span class='ocrx_word' id='word_1_283' title='bbox 181 2086 374 2156; x_wconf 83' lang='grc' dir='ltr'>φθῆναι</span> <span class='ocrx_word' id='word_1_284' title='bbox 420 2089 514 2142; x_wconf 80' lang='grc' dir='ltr'>τήν</span> <span class='ocrx_word' id='word_1_285' title='bbox 554 2083 794 2143; x_wconf 88' lang='grc' dir='ltr'>ἀλήθειαν</span> <span class='ocrx_word' id='word_1_286' title='bbox 839 2083 1184 2156; x_wconf 86' lang='grc' dir='ltr'>ἀνεχόμενον·</span> <span class='ocrx_word' id='word_1_287' title='bbox 1218 2085 1328 2136; x_wconf 86' lang='grc' dir='ltr'>ὅθεν</span> <span class='ocrx_word' id='word_1_288' title='bbox 1373 2089 1463 2136; x_wconf 86' lang='grc' dir='ltr'>καὶ</span> <span class='ocrx_word' id='word_1_289' title='bbox 1508 2087 1595 2135; x_wconf 88' lang='grc' dir='ltr'>τὸν</span> <span class='ocrx_word' id='word_1_290' title='bbox 1638 2085 1778 2155; x_wconf 87' lang='grc' dir='ltr'>μάρ-</span> 
     </span>
    </p>
   </div>
   <div class='ocr_carea' id='block_1_40' title="bbox 177 2168 1776 2247">
    <p class='ocr_par' dir='ltr' id='par_1_40' title="bbox 177 2168 1776 2247">
     <span class='ocr_line' id='line_1_40' title="bbox 177 2168 1776 2247; baseline -0.001 -23"><span class='ocrx_word' id='word_1_291' title='bbox 177 2191 315 2246; x_wconf 86' lang='grc' dir='ltr'>τυρα</span> <span class='ocrx_word' id='word_1_292' title='bbox 367 2175 558 2233; x_wconf 86' lang='grc' dir='ltr'>ταύτης</span> <span class='ocrx_word' id='word_1_293' title='bbox 615 2171 697 2224; x_wconf 75' lang='grc' dir='ltr'>ἐπὶ</span> <span class='ocrx_word' id='word_1_294' title='bbox 750 2172 900 2235; x_wconf 81' lang='grc' dir='ltr'>ξύλου</span> <span class='ocrx_word' id='word_1_295' title='bbox 953 2177 1291 2247; x_wconf 87' lang='grc' dir='ltr'>μετεωρίσας,</span> <span class='ocrx_word' id='word_1_296' title='bbox 1346 2171 1605 2235; x_wconf 82' lang='grc' dir='ltr'>αἰκίζεται</span> <span class='ocrx_word' id='word_1_297' title='bbox 1655 2168 1776 2240; x_wconf 79' lang='grc' dir='ltr'>δρι-</span> 
     </span>
    </p>
   </div>
   <div class='ocr_carea' id='block_1_41' title="bbox 175 2260 1777 2333">
    <p class='ocr_par' dir='ltr' id='par_1_41' title="bbox 175 2260 1777 2333">
     <span class='ocr_line' id='line_1_41' title="bbox 175 2260 1777 2333; baseline -0.001 -20"><span class='ocrx_word' id='word_1_298' title='bbox 175 2263 438 2333; x_wconf 85' lang='grc' dir='ltr'>μυτάτως,</span> <span class='ocrx_word' id='word_1_299' title='bbox 495 2263 740 2322; x_wconf 87' lang='grc' dir='ltr'>τοιαύτας</span> <span class='ocrx_word' id='word_1_300' title='bbox 795 2260 938 2330; x_wconf 84' lang='grc' dir='ltr'>αὐτῷ</span> <span class='ocrx_word' id='word_1_301' title='bbox 1003 2263 1091 2322; x_wconf 80' lang='grc' dir='ltr'>τὰς</span> <span class='ocrx_word' id='word_1_302' title='bbox 1149 2260 1366 2331; x_wconf 76' lang='grc' dir='ltr'>ἀμοιϐὰς</span> <span class='ocrx_word' id='word_1_303' title='bbox 1412 2269 1501 2322; x_wconf 83' lang='grc' dir='ltr'>τῆς</span> <span class='ocrx_word' id='word_1_304' title='bbox 1567 2260 1640 2321; x_wconf 82' lang='grc' dir='ltr'>εἰς</span> <span class='ocrx_word' id='word_1_305' title='bbox 1691 2263 1777 2312; x_wconf 81' lang='grc' dir='ltr'>τὸν</span> 
     </span>
    </p>
   </div>
   <div class='ocr_carea' id='block_1_42' title="bbox 179 2345 1206 2425">
    <p class='ocr_par' dir='ltr' id='par_1_42' title="bbox 179 2345 1206 2425">
     <span class='ocr_line' id='line_1_42' title="bbox 179 2345 1206 2425; baseline 0 -23"><span class='ocrx_word' id='word_1_306' title='bbox 179 2345 452 2422; x_wconf 81' lang='grc' dir='ltr'>συγκάθεδ</span> <span class='ocrx_word' id='word_1_307' title='bbox 453 2369 540 2425; x_wconf 87' lang='grc' dir='ltr'>ρον</span> <span class='ocrx_word' id='word_1_308' title='bbox 569 2349 868 2423; x_wconf 88' lang='grc' dir='ltr'>εὐεργεσίας</span> <span class='ocrx_word' id='word_1_309' title='bbox 899 2345 1206 2410; x_wconf 80' lang='grc' dir='ltr'>ἀποδιδούς.</span> 
     </span>
    </p>
   </div>
   <div class='ocr_carea' id='block_1_43' title="bbox 250 2531 1776 2607">
    <p class='ocr_par' dir='ltr' id='par_1_43' title="bbox 250 2531 1776 2607">
     <span class='ocr_line' id='line_1_43' title="bbox 250 2531 1776 2607; baseline -0.003 -16"><span class='ocrx_word' id='word_1_310' title='bbox 250 2537 348 2591; x_wconf 88' lang='grc' dir='ltr'>ῙΔ”</span> <span class='ocrx_word' id='word_1_311' title='bbox 387 2536 639 2599; x_wconf 81' lang='grc' dir='ltr'>Ἐξαίνετο</span> <span class='ocrx_word' id='word_1_312' title='bbox 677 2539 766 2607; x_wconf 74' lang='grc' dir='ltr'>μεν</span> <span class='ocrx_word' id='word_1_313' title='bbox 815 2531 902 2588; x_wconf 84' lang='grc' dir='ltr'>οὖν</span> <span class='ocrx_word' id='word_1_314' title='bbox 954 2538 1012 2587; x_wconf 88' lang='grc' dir='ltr'>τό</span> <span class='ocrx_word' id='word_1_315' title='bbox 1059 2535 1211 2588; x_wconf 87' lang='grc' dir='ltr'>καλὸν</span> <span class='ocrx_word' id='word_1_316' title='bbox 1263 2537 1420 2588; x_wconf 76' lang='grc' dir='ltr'>ἐκεῖνο</span> <span class='ocrx_word' id='word_1_317' title='bbox 1462 2543 1616 2607; x_wconf 87' lang='grc' dir='ltr'>σῶμα</span> <span class='ocrx_word' id='word_1_318' title='bbox 1660 2541 1776 2594; x_wconf 84' lang='grc' dir='ltr'>ταῖς</span> 
     </span>
    </p>
   </div>
   <div class='ocr_carea' id='block_1_44' title="bbox 174 2620 1771 2698">
    <p class='ocr_par' dir='ltr' id='par_1_44' title="bbox 174 2620 1771 2698">
     <span class='ocr_line' id='line_1_44' title="bbox 174 2620 1771 2698; baseline -0.002 -20"><span class='ocrx_word' id='word_1_319' title='bbox 174 2625 414 2698; x_wconf 84' lang='grc' dir='ltr'>μάστιξι.</span> <span class='ocrx_word' id='word_1_320' title='bbox 468 2624 707 2677; x_wconf 86' lang='grc' dir='ltr'>Πάπυλον</span> <span class='ocrx_word' id='word_1_321' title='bbox 761 2620 820 2677; x_wconf 74' lang='grc' dir='ltr'>δὲ</span> <span class='ocrx_word' id='word_1_322' title='bbox 877 2623 936 2676; x_wconf 90' lang='grc' dir='ltr'>οὐ</span> <span class='ocrx_word' id='word_1_323' title='bbox 983 2631 1133 2676; x_wconf 88' lang='grc' dir='ltr'>τοῦτο</span> <span class='ocrx_word' id='word_1_324' title='bbox 1185 2622 1374 2690; x_wconf 70' lang='grc' dir='ltr'>ἐλύπει,</span> <span class='ocrx_word' id='word_1_325' title='bbox 1418 2624 1526 2677; x_wconf 82' lang='grc' dir='ltr'>ἀλλ’</span> <span class='ocrx_word' id='word_1_326' title='bbox 1573 2625 1653 2676; x_wconf 87' lang='grc' dir='ltr'>ὃτι</span> <span class='ocrx_word' id='word_1_327' title='bbox 1699 2627 1771 2695; x_wconf 82' lang='grc' dir='ltr'>μὴ</span> 
     </span>
    </p>
   </div>
   <div class='ocr_carea' id='block_1_45' title="bbox 172 2709 1774 2787">
    <p class='ocr_par' dir='ltr' id='par_1_45' title="bbox 172 2709 1774 2787">
     <span class='ocr_line' id='line_1_45' title="bbox 172 2709 1774 2787; baseline -0.002 -21"><span class='ocrx_word' id='word_1_328' title='bbox 172 2715 538 2787; x_wconf 81' lang='grc' dir='ltr'>χαλεπώτεραι</span> <span class='ocrx_word' id='word_1_329' title='bbox 632 2714 824 2785; x_wconf 82' lang='grc' dir='ltr'>μᾷλλον</span> <span class='ocrx_word' id='word_1_330' title='bbox 929 2713 1178 2784; x_wconf 75' lang='grc' dir='ltr'>ἐπήγοντο</span> <span class='ocrx_word' id='word_1_331' title='bbox 1268 2713 1514 2784; x_wconf 84' lang='grc' dir='ltr'>βάσανοι,</span> <span class='ocrx_word' id='word_1_332' title='bbox 1598 2709 1774 2774; x_wconf 84' lang='grc' dir='ltr'>δεινῶς</span> 
     </span>
    </p>
   </div>
   <div class='ocr_carea' id='block_1_46' title="bbox 171 2800 1774 2874">
    <p class='ocr_par' dir='ltr' id='par_1_46' title="bbox 171 2800 1774 2874">
     <span class='ocr_line' id='line_1_46' title="bbox 171 2800 1774 2874; baseline -0.002 -18"><span class='ocrx_word' id='word_1_333' title='bbox 171 2803 476 2874; x_wconf 81' lang='grc' dir='ltr'>ἤσχαλλεν·</span> <span class='ocrx_word' id='word_1_334' title='bbox 523 2805 695 2874; x_wconf 80' lang='grc' dir='ltr'>ὥσπερ</span> <span class='ocrx_word' id='word_1_335' title='bbox 747 2810 874 2871; x_wconf 90' lang='grc' dir='ltr'>γοῦν</span> <span class='ocrx_word' id='word_1_336' title='bbox 925 2800 1012 2853; x_wconf 87' lang='grc' dir='ltr'>ἀπ’</span> <span class='ocrx_word' id='word_1_337' title='bbox 1065 2801 1293 2862; x_wconf 79' lang='grc' dir='ltr'>έναντίας</span> <span class='ocrx_word' id='word_1_338' title='bbox 1348 2807 1438 2854; x_wconf 84' lang='grc' dir='ltr'>καὶ</span> <span class='ocrx_word' id='word_1_339' title='bbox 1495 2800 1774 2874; x_wconf 84' lang='grc' dir='ltr'>Οὐαλέριος</span> 
     </span>
    </p>
   </div>
   <div class='ocr_carea' id='block_1_47' title="bbox 170 2889 1772 2962">
    <p class='ocr_par' dir='ltr' id='par_1_47' title="bbox 170 2889 1772 2962">
     <span class='ocr_line' id='line_1_47' title="bbox 170 2889 1772 2962; baseline -0.004 -18"><span class='ocrx_word' id='word_1_340' title='bbox 170 2894 468 2962; x_wconf 79' lang='grc' dir='ltr'>ἡττωμένας</span> <span class='ocrx_word' id='word_1_341' title='bbox 518 2893 646 2961; x_wconf 88' lang='grc' dir='ltr'>ὀρῶν</span> <span class='ocrx_word' id='word_1_342' title='bbox 691 2889 844 2941; x_wconf 87' lang='grc' dir='ltr'>πάλιν</span> <span class='ocrx_word' id='word_1_343' title='bbox 881 2892 970 2949; x_wconf 84' lang='grc' dir='ltr'>τὰς</span> <span class='ocrx_word' id='word_1_344' title='bbox 1014 2890 1174 2941; x_wconf 88' lang='grc' dir='ltr'>αὐτοῦ</span> <span class='ocrx_word' id='word_1_345' title='bbox 1208 2889 1470 2960; x_wconf 86' lang='grc' dir='ltr'>βασάνους</span> <span class='ocrx_word' id='word_1_346' title='bbox 1509 2893 1640 2960; x_wconf 85' lang='grc' dir='ltr'>πρὸς</span> <span class='ocrx_word' id='word_1_347' title='bbox 1679 2893 1772 2946; x_wconf 84' lang='grc' dir='ltr'>τήν</span> 
     </span>
    </p>
   </div>
   <div class='ocr_carea' id='block_1_48' title="bbox 171 2973 1774 3051">
    <p class='ocr_par' dir='ltr' id='par_1_48' title="bbox 171 2973 1774 3051">
     <span class='ocr_line' id='line_1_48' title="bbox 171 2973 1774 3051; baseline -0.002 -20"><span class='ocrx_word' id='word_1_348' title='bbox 171 2986 266 3031; x_wconf 91' lang='grc' dir='ltr'>τοῦ</span> <span class='ocrx_word' id='word_1_349' title='bbox 314 2981 579 3051; x_wconf 87' lang='grc' dir='ltr'>μάρτυρος</span> <span class='ocrx_word' id='word_1_350' title='bbox 628 2976 910 3048; x_wconf 78' lang='grc' dir='ltr'>εὐψυχίαν,</span> <span class='ocrx_word' id='word_1_351' title='bbox 942 2978 1103 3036; x_wconf 86' lang='grc' dir='ltr'>πάθος</span> <span class='ocrx_word' id='word_1_352' title='bbox 1151 2973 1288 3028; x_wconf 86' lang='grc' dir='ltr'>ἶδιον</span> <span class='ocrx_word' id='word_1_353' title='bbox 1335 2973 1447 3047; x_wconf 84' lang='grc' dir='ltr'>εἶχε</span> <span class='ocrx_word' id='word_1_354' title='bbox 1489 2984 1637 3028; x_wconf 90' lang='grc' dir='ltr'>τοῦτο</span> <span class='ocrx_word' id='word_1_355' title='bbox 1685 2982 1774 3028; x_wconf 82' lang='grc' dir='ltr'>καὶ</span> 
     </span>
    </p>
   </div>
   <div class='ocr_carea' id='block_1_49' title="bbox 169 3064 1846 3153">
    <p class='ocr_par' dir='ltr' id='par_1_49' title="bbox 169 3064 1846 3153">
     <span class='ocr_line' id='line_1_49' title="bbox 169 3064 1846 3153; baseline -0.002 -33"><span class='ocrx_word' id='word_1_356' title='bbox 169 3076 371 3142; x_wconf 82' lang='grc' dir='ltr'>πικρῶς</span> <span class='ocrx_word' id='word_1_357' title='bbox 416 3069 586 3139; x_wconf 81' lang='grc' dir='ltr'>ἔφερε’</span> <span class='ocrx_word' id='word_1_358' title='bbox 637 3073 914 3139; x_wconf 86' lang='grc' dir='ltr'>τοιγαροῦν</span> <span class='ocrx_word' id='word_1_359' title='bbox 970 3066 1263 3137; x_wconf 85' lang='grc' dir='ltr'>προσετίθει</span> <span class='ocrx_word' id='word_1_360' title='bbox 1317 3069 1405 3116; x_wconf 84' lang='grc' dir='ltr'>καὶ</span> <span class='ocrx_word' id='word_1_361' title='bbox 1461 3064 1636 3127; x_wconf 79' lang='grc' dir='ltr'>ἄλλας,</span> <span class='ocrx_word' id='word_1_362' title='bbox 1685 3070 1774 3116; x_wconf 82' lang='grc' dir='ltr'>καὶ</span> <span class='ocrx_word' id='word_1_363' title='bbox 1805 3097 1846 3153; x_wconf 79' lang='lat' dir='ltr'>C</span> 
     </span>
    </p>
   </div>
   <div class='ocr_carea' id='block_1_50' title="bbox 165 3150 1775 3230">
    <p class='ocr_par' dir='ltr' id='par_1_50' title="bbox 165 3150 1775 3230">
     <span class='ocr_line' id='line_1_50' title="bbox 165 3150 1775 3230; baseline -0.003 -21"><span class='ocrx_word' id='word_1_364' title='bbox 165 3164 274 3230; x_wconf 86' lang='grc' dir='ltr'>πῦρ</span> <span class='ocrx_word' id='word_1_365' title='bbox 314 3162 424 3215; x_wconf 86' lang='grc' dir='ltr'>ταῖς</span> <span class='ocrx_word' id='word_1_366' title='bbox 455 3161 616 3206; x_wconf 89' lang='grc' dir='ltr'>αῦτοῦ</span> <span class='ocrx_word' id='word_1_367' title='bbox 662 3153 908 3225; x_wconf 86' lang='grc' dir='ltr'>πλευραῖς</span> <span class='ocrx_word' id='word_1_368' title='bbox 959 3155 1248 3206; x_wconf 84' lang='grc' dir='ltr'>ύπανάπτει</span> <span class='ocrx_word' id='word_1_369' title='bbox 1291 3157 1380 3204; x_wconf 80' lang='grc' dir='ltr'>καὶ</span> <span class='ocrx_word' id='word_1_370' title='bbox 1425 3151 1590 3212; x_wconf 87' lang='grc' dir='ltr'>λίθοις</span> <span class='ocrx_word' id='word_1_371' title='bbox 1641 3150 1775 3224; x_wconf 91' lang='grc' dir='ltr'>βάλ-</span> 
     </span>
    </p>
   </div>
   <div class='ocr_carea' id='block_1_51' title="bbox 165 3241 1772 3314">
    <p class='ocr_par' dir='ltr' id='par_1_51' title="bbox 165 3241 1772 3314">
     <span class='ocr_line' id='line_1_51' title="bbox 165 3241 1772 3314; baseline -0.003 -17"><span class='ocrx_word' id='word_1_372' title='bbox 165 3243 352 3297; x_wconf 90' lang='grc' dir='ltr'>λεσθαι</span> <span class='ocrx_word' id='word_1_373' title='bbox 395 3241 587 3294; x_wconf 81' lang='grc' dir='ltr'>κελεύει</span> <span class='ocrx_word' id='word_1_374' title='bbox 615 3259 630 3271; x_wconf 83' lang='grc'>⁶</span> <span class='ocrx_word' id='word_1_375' title='bbox 682 3241 809 3294; x_wconf 86' lang='grc' dir='ltr'>ἀλλά</span> <span class='ocrx_word' id='word_1_376' title='bbox 863 3245 953 3293; x_wconf 80' lang='grc' dir='ltr'>καὶ</span> <span class='ocrx_word' id='word_1_377' title='bbox 997 3245 1123 3314; x_wconf 86' lang='grc' dir='ltr'>πρὸς</span> <span class='ocrx_word' id='word_1_378' title='bbox 1179 3244 1238 3293; x_wconf 89' lang='grc' dir='ltr'>τὸ</span> <span class='ocrx_word' id='word_1_379' title='bbox 1288 3249 1391 3314; x_wconf 89' lang='grc' dir='ltr'>πῦρ</span> <span class='ocrx_word' id='word_1_380' title='bbox 1445 3242 1472 3292; x_wconf 89' lang='lat'>6</span> <span class='ocrx_word' id='word_1_381' title='bbox 1515 3242 1772 3312; x_wconf 87' lang='grc' dir='ltr'>μακάριος</span> 
     </span>
    </p>
   </div>
   <div class='ocr_carea' id='block_1_52' title="bbox 165 3326 1770 3401">
    <p class='ocr_par' dir='ltr' id='par_1_52' title="bbox 165 3326 1770 3401">
     <span class='ocr_line' id='line_1_52' title="bbox 165 3326 1770 3401; baseline -0.004 -15"><span class='ocrx_word' id='word_1_382' title='bbox 165 3329 320 3386; x_wconf 71' lang='grc' dir='ltr'>οὐδ’ἐν</span> <span class='ocrx_word' id='word_1_383' title='bbox 353 3334 534 3384; x_wconf 80' lang='grc' dir='ltr'>ἔπαθεν</span> <span class='ocrx_word' id='word_1_384' title='bbox 579 3329 794 3401; x_wconf 66' lang='grc' dir='ltr'>ἀγεννὲς,</span> <span class='ocrx_word' id='word_1_385' title='bbox 839 3334 929 3382; x_wconf 82' lang='grc' dir='ltr'>καὶ</span> <span class='ocrx_word' id='word_1_386' title='bbox 975 3333 1024 3381; x_wconf 82' lang='grc' dir='ltr'>οἱ</span> <span class='ocrx_word' id='word_1_387' title='bbox 1066 3329 1202 3381; x_wconf 88' lang='grc' dir='ltr'>λίθοι</span> <span class='ocrx_word' id='word_1_388' title='bbox 1246 3331 1478 3401; x_wconf 89' lang='grc' dir='ltr'>καθάπερ</span> <span class='ocrx_word' id='word_1_389' title='bbox 1520 3326 1770 3400; x_wconf 83' lang='grc' dir='ltr'>αἰδούμε-</span> 
     </span>
    </p>
   </div>
   <div class='ocr_carea' id='block_1_53' title="bbox 166 3416 1769 3494">
    <p class='ocr_par' dir='ltr' id='par_1_53' title="bbox 166 3416 1769 3494">
     <span class='ocr_line' id='line_1_53' title="bbox 166 3416 1769 3494; baseline -0.003 -21"><span class='ocrx_word' id='word_1_390' title='bbox 166 3441 246 3474; x_wconf 89' lang='grc' dir='ltr'>νοι</span> <span class='ocrx_word' id='word_1_391' title='bbox 275 3424 333 3473; x_wconf 89' lang='grc' dir='ltr'>τό</span> <span class='ocrx_word' id='word_1_392' title='bbox 367 3417 459 3472; x_wconf 83' lang='grc' dir='ltr'>διὰ</span> <span class='ocrx_word' id='word_1_393' title='bbox 501 3423 727 3494; x_wconf 80' lang='grc' dir='ltr'>Χριστὸν</span> <span class='ocrx_word' id='word_1_394' title='bbox 769 3419 930 3480; x_wconf 80' lang='grc' dir='ltr'>οὕτως</span> <span class='ocrx_word' id='word_1_395' title='bbox 959 3418 1283 3490; x_wconf 79' lang='grc' dir='ltr'>αἰκιζόμενον</span> <span class='ocrx_word' id='word_1_396' title='bbox 1329 3425 1499 3490; x_wconf 90' lang='grc' dir='ltr'>σῶμα,</span> <span class='ocrx_word' id='word_1_397' title='bbox 1535 3416 1769 3489; x_wconf 82' lang='grc' dir='ltr'>ἀλλαχοῦ</span> 
     </span>
    </p>
   </div>
   <div class='ocr_carea' id='block_1_54' title="bbox 168 3503 1764 3582">
    <p class='ocr_par' dir='ltr' id='par_1_54' title="bbox 168 3503 1764 3582">
     <span class='ocr_line' id='line_1_54' title="bbox 168 3503 1764 3582; baseline 0.001 -21"><span class='ocrx_word' id='word_1_398' title='bbox 168 3513 260 3582; x_wconf 74' lang='grc' dir='ltr'>μὲν</span> <span class='ocrx_word' id='word_1_399' title='bbox 309 3509 659 3576; x_wconf 77' lang='grc' dir='ltr'>ἠκοντίζοντο,</span> <span class='ocrx_word' id='word_1_400' title='bbox 711 3507 826 3560; x_wconf 83' lang='grc' dir='ltr'>κατ’</span> <span class='ocrx_word' id='word_1_401' title='bbox 883 3507 1044 3559; x_wconf 86' lang='grc' dir='ltr'>αὐτοῦ</span> <span class='ocrx_word' id='word_1_402' title='bbox 1097 3503 1157 3560; x_wconf 73' lang='grc' dir='ltr'>δε</span> <span class='ocrx_word' id='word_1_403' title='bbox 1210 3503 1458 3578; x_wconf 85' lang='grc' dir='ltr'>οὐδαμῶς</span> <span class='ocrx_word' id='word_1_404' title='bbox 1512 3505 1764 3580; x_wconf 76' lang='grc' dir='ltr'>ἐφέροντο.</span> 
     </span>
    </p>
   </div>
   <div class='ocr_carea' id='block_1_55' title="bbox 167 3593 1768 3670">
    <p class='ocr_par' dir='ltr' id='par_1_55' title="bbox 167 3593 1768 3670">
     <span class='ocr_line' id='line_1_55' title="bbox 167 3593 1768 3670; baseline -0.002 -20"><span class='ocrx_word' id='word_1_405' title='bbox 167 3599 310 3651; x_wconf 84' lang='grc' dir='ltr'>Ἐπεὶ</span> <span class='ocrx_word' id='word_1_406' title='bbox 367 3594 455 3649; x_wconf 83' lang='grc' dir='ltr'>οὖν</span> <span class='ocrx_word' id='word_1_407' title='bbox 511 3598 865 3668; x_wconf 80' lang='grc' dir='ltr'>ἀπηγόρευσεν</span> <span class='ocrx_word' id='word_1_408' title='bbox 937 3596 1216 3670; x_wconf 78' lang='grc' dir='ltr'>Οὐαλέριος</span> <span class='ocrx_word' id='word_1_409' title='bbox 1272 3593 1381 3655; x_wconf 83' lang='grc' dir='ltr'>ἤδη</span> <span class='ocrx_word' id='word_1_410' title='bbox 1455 3600 1545 3648; x_wconf 84' lang='grc' dir='ltr'>καὶ</span> <span class='ocrx_word' id='word_1_411' title='bbox 1619 3593 1768 3648; x_wconf 73' lang='grc' dir='ltr'>οὐδὲν</span> 
     </span>
    </p>
   </div>
   <div class='ocr_carea' id='block_1_56' title="bbox 167 3683 1769 3758">
    <p class='ocr_par' dir='ltr' id='par_1_56' title="bbox 167 3683 1769 3758">
     <span class='ocr_line' id='line_1_56' title="bbox 167 3683 1769 3758; baseline -0.002 -19"><span class='ocrx_word' id='word_1_412' title='bbox 167 3683 331 3758; x_wconf 82' lang='grc' dir='ltr'>εἶχεν,</span> <span class='ocrx_word' id='word_1_413' title='bbox 389 3687 414 3738; x_wconf 87' lang='grc' dir='ltr'>ὁ</span> <span class='ocrx_word' id='word_1_414' title='bbox 473 3689 729 3758; x_wconf 73' lang='grc' dir='ltr'>ἐπαγάγοι</span> <span class='ocrx_word' id='word_1_415' title='bbox 785 3693 893 3746; x_wconf 84' lang='grc' dir='ltr'>τοῖς</span> <span class='ocrx_word' id='word_1_416' title='bbox 941 3686 1111 3756; x_wconf 82' lang='grc' dir='ltr'>ἁγίοις</span> <span class='ocrx_word' id='word_1_417' title='bbox 1158 3685 1230 3747; x_wconf 85' lang='grc' dir='ltr'>εἰς</span> <span class='ocrx_word' id='word_1_418' title='bbox 1273 3689 1547 3757; x_wconf 80' lang='grc' dir='ltr'>τιμωρίαν,</span> <span class='ocrx_word' id='word_1_419' title='bbox 1591 3690 1769 3757; x_wconf 90' lang='grc' dir='ltr'>καιρόν</span> 
     </span>
    </p>
   </div>
   <div class='ocr_carea' id='block_1_57' title="bbox 167 3772 1770 3848">
    <p class='ocr_par' dir='ltr' id='par_1_57' title="bbox 167 3772 1770 3848">
     <span class='ocr_line' id='line_1_57' title="bbox 167 3772 1770 3848; baseline -0.001 -20"><span class='ocrx_word' id='word_1_420' title='bbox 167 3772 350 3828; x_wconf 73' lang='grc' dir='ltr'>ἂδίδου</span> <span class='ocrx_word' id='word_1_421' title='bbox 398 3784 506 3838; x_wconf 70' lang='grc' dir='ltr'>τοῖς</span> <span class='ocrx_word' id='word_1_422' title='bbox 553 3775 793 3848; x_wconf 71' lang='grc' dir='ltr'>μῶλωψι,</span> <span class='ocrx_word' id='word_1_423' title='bbox 841 3775 1168 3847; x_wconf 83' lang='grc' dir='ltr'>λογιζόμενος</span> <span class='ocrx_word' id='word_1_424' title='bbox 1207 3777 1350 3842; x_wconf 80' lang='grc' dir='ltr'>ἴσως,</span> <span class='ocrx_word' id='word_1_425' title='bbox 1390 3777 1454 3834; x_wconf 88' lang='grc' dir='ltr'>ὡς</span> <span class='ocrx_word' id='word_1_426' title='bbox 1500 3777 1545 3826; x_wconf 79' lang='grc' dir='ltr'>εἴ</span> <span class='ocrx_word' id='word_1_427' title='bbox 1579 3793 1639 3845; x_wconf 86' lang='grc' dir='ltr'>γε</span> <span class='ocrx_word' id='word_1_428' title='bbox 1681 3778 1770 3826; x_wconf 89' lang='grc' dir='ltr'>καὶ</span> 
     </span>
    </p>
   </div>
   <div class='ocr_carea' id='block_1_58' title="bbox 167 3859 1769 3938">
    <p class='ocr_par' dir='ltr' id='par_1_58' title="bbox 167 3859 1769 3938">
     <span class='ocr_line' id='line_1_58' title="bbox 167 3859 1769 3938; baseline -0.001 -23"><span class='ocrx_word' id='word_1_429' title='bbox 167 3868 354 3938; x_wconf 87' lang='grc' dir='ltr'>μικρὸν</span> <span class='ocrx_word' id='word_1_430' title='bbox 439 3865 597 3924; x_wconf 79' lang='grc' dir='ltr'>οὕτως</span> <span class='ocrx_word' id='word_1_431' title='bbox 669 3865 884 3915; x_wconf 79' lang='grc' dir='ltr'>ἀνεθεῑεν</span> <span class='ocrx_word' id='word_1_432' title='bbox 956 3865 1004 3914; x_wconf 81' lang='grc' dir='ltr'>οἱ</span> <span class='ocrx_word' id='word_1_433' title='bbox 1085 3865 1364 3936; x_wconf 87' lang='grc' dir='ltr'>μάρτυρες,</span> <span class='ocrx_word' id='word_1_434' title='bbox 1430 3859 1769 3936; x_wconf 77' lang='grc' dir='ltr'>δριμυτέραις</span> 
     </span>
    </p>
   </div>
   <div class='ocr_carea' id='block_1_59' title="bbox 170 3948 1767 4026">
    <p class='ocr_par' dir='ltr' id='par_1_59' title="bbox 170 3948 1767 4026">
     <span class='ocr_line' id='line_1_59' title="bbox 170 3948 1767 4026; baseline -0.002 -21"><span class='ocrx_word' id='word_1_435' title='bbox 170 3953 356 4013; x_wconf 83' lang='grc' dir='ltr'>αὐτοὺς</span> <span class='ocrx_word' id='word_1_436' title='bbox 393 3955 442 4006; x_wconf 86' lang='grc' dir='ltr'>οἱ</span> <span class='ocrx_word' id='word_1_437' title='bbox 484 3953 729 4025; x_wconf 84' lang='grc' dir='ltr'>μώλωπες</span> <span class='ocrx_word' id='word_1_438' title='bbox 780 3951 1148 4026; x_wconf 84' lang='grc' dir='ltr'>περιϐαλοῦσιν</span> <span class='ocrx_word' id='word_1_439' title='bbox 1201 3949 1410 4013; x_wconf 82' lang='grc' dir='ltr'>ὀδύναις</span> <span class='ocrx_word' id='word_1_440' title='bbox 1459 3948 1566 4009; x_wconf 77' lang='grc' dir='ltr'>ἤδη</span> <span class='ocrx_word' id='word_1_441' title='bbox 1616 3951 1767 4023; x_wconf 86' lang='grc' dir='ltr'>φλεγ-</span> 
     </span>
    </p>
   </div>
   <div class='ocr_carea' id='block_1_60' title="bbox 167 4040 1768 4116">
    <p class='ocr_par' dir='ltr' id='par_1_60' title="bbox 167 4040 1768 4116">
     <span class='ocr_line' id='line_1_60' title="bbox 167 4040 1768 4116; baseline -0.001 -22"><span class='ocrx_word' id='word_1_442' title='bbox 167 4047 422 4115; x_wconf 89' lang='grc' dir='ltr'>μήναντες</span> <span class='ocrx_word' id='word_1_443' title='bbox 468 4047 558 4094; x_wconf 78' lang='grc' dir='ltr'>καὶ</span> <span class='ocrx_word' id='word_1_444' title='bbox 605 4043 738 4094; x_wconf 73' lang='grc' dir='ltr'>οὔτ-υ</span> <span class='ocrx_word' id='word_1_445' title='bbox 780 4046 1126 4116; x_wconf 84' lang='grc' dir='ltr'>χαυνοτέρους</span> <span class='ocrx_word' id='word_1_446' title='bbox 1171 4044 1297 4113; x_wconf 89' lang='grc' dir='ltr'>πρὸς</span> <span class='ocrx_word' id='word_1_447' title='bbox 1343 4043 1437 4103; x_wconf 81' lang='grc' dir='ltr'>τὰς</span> <span class='ocrx_word' id='word_1_448' title='bbox 1481 4040 1768 4113; x_wconf 88' lang='grc' dir='ltr'>μελλούσας</span> 
     </span>
    </p>
   </div>
   <div class='ocr_carea' id='block_1_61' title="bbox 168 4129 1767 4204">
    <p class='ocr_par' dir='ltr' id='par_1_61' title="bbox 168 4129 1767 4204">
     <span class='ocr_line' id='line_1_61' title="bbox 168 4129 1767 4204; baseline -0.003 -20"><span class='ocrx_word' id='word_1_449' title='bbox 168 4131 427 4195; x_wconf 74' lang='grc' dir='ltr'>ἐξετάσεις</span> <span class='ocrx_word' id='word_1_450' title='bbox 480 4131 807 4204; x_wconf 82' lang='grc' dir='ltr'>παρέξονται.</span> <span class='ocrx_word' id='word_1_451' title='bbox 859 4130 994 4184; x_wconf 86' lang='grc' dir='ltr'>Ἀλλ’</span> <span class='ocrx_word' id='word_1_452' title='bbox 1045 4129 1189 4183; x_wconf 84' lang='grc' dir='ltr'>οὗτοι</span> <span class='ocrx_word' id='word_1_453' title='bbox 1240 4133 1325 4182; x_wconf 89' lang='grc' dir='ltr'>τὸν</span> <span class='ocrx_word' id='word_1_454' title='bbox 1381 4129 1554 4202; x_wconf 84' lang='grc' dir='ltr'>ἰατρόν</span> <span class='ocrx_word' id='word_1_455' title='bbox 1611 4131 1767 4200; x_wconf 76' lang='grc' dir='ltr'>ἐγγὺς</span> 
     </span>
    </p>
   </div>
   <div class='ocr_carea' id='block_1_62' title="bbox 166 4215 1766 4293">
    <p class='ocr_par' dir='ltr' id='par_1_62' title="bbox 166 4215 1766 4293">
     <span class='ocr_line' id='line_1_62' title="bbox 166 4215 1766 4293; baseline -0.003 -20"><span class='ocrx_word' id='word_1_456' title='bbox 166 4223 399 4293; x_wconf 80' lang='grc' dir='ltr'>ἔχοντες,</span> <span class='ocrx_word' id='word_1_457' title='bbox 441 4218 514 4274; x_wconf 86' lang='grc' dir='ltr'>δι’</span> <span class='ocrx_word' id='word_1_458' title='bbox 562 4221 616 4273; x_wconf 89' lang='grc' dir='ltr'>ὃν</span> <span class='ocrx_word' id='word_1_459' title='bbox 664 4225 753 4273; x_wconf 86' lang='grc' dir='ltr'>καὶ</span> <span class='ocrx_word' id='word_1_460' title='bbox 800 4223 894 4282; x_wconf 75' lang='grc' dir='ltr'>τὰς</span> <span class='ocrx_word' id='word_1_461' title='bbox 944 4220 1148 4291; x_wconf 85' lang='grc' dir='ltr'>πληγὰς</span> <span class='ocrx_word' id='word_1_462' title='bbox 1194 4215 1359 4279; x_wconf 79' lang='grc' dir='ltr'>ἡδέως</span> <span class='ocrx_word' id='word_1_463' title='bbox 1405 4215 1674 4290; x_wconf 72' lang='grc' dir='ltr'>ἐδέχοντο,</span> <span class='ocrx_word' id='word_1_464' title='bbox 1708 4217 1766 4269; x_wconf 87' lang='grc' dir='ltr'>οὐ</span> 
     </span>
    </p>
   </div>
   <div class='ocr_carea' id='block_1_63' title="bbox 164 4305 1770 4382">
    <p class='ocr_par' dir='ltr' id='par_1_63' title="bbox 164 4305 1770 4382">
     <span class='ocr_line' id='line_1_63' title="bbox 164 4305 1770 4382; baseline -0.002 -22"><span class='ocrx_word' id='word_1_465' title='bbox 164 4317 269 4360; x_wconf 89' lang='grc' dir='ltr'>τῶν</span> <span class='ocrx_word' id='word_1_466' title='bbox 313 4305 510 4361; x_wconf 79' lang='grc' dir='ltr'>ὀδυνῶν</span> <span class='ocrx_word' id='word_1_467' title='bbox 558 4313 735 4380; x_wconf 87' lang='grc' dir='ltr'>μόνον,</span> <span class='ocrx_word' id='word_1_468' title='bbox 787 4307 916 4360; x_wconf 88' lang='grc' dir='ltr'>ἀλλά</span> <span class='ocrx_word' id='word_1_469' title='bbox 962 4313 1052 4360; x_wconf 88' lang='grc' dir='ltr'>καὶ</span> <span class='ocrx_word' id='word_1_470' title='bbox 1099 4316 1198 4360; x_wconf 88' lang='grc' dir='ltr'>τῶν</span> <span class='ocrx_word' id='word_1_471' title='bbox 1241 4309 1554 4382; x_wconf 89' lang='grc' dir='ltr'>τραυμάτων</span> <span class='ocrx_word' id='word_1_472' title='bbox 1583 4305 1770 4365; x_wconf 86' lang='grc' dir='ltr'>αὐταῖς</span> 
     </span>
    </p>
   </div>
   <div class='ocr_carea' id='block_1_64' title="bbox 165 4393 1768 4468">
    <p class='ocr_par' dir='ltr' id='par_1_64' title="bbox 165 4393 1768 4468">
     <span class='ocr_line' id='line_1_64' title="bbox 165 4393 1768 4468; baseline -0.003 -19"><span class='ocrx_word' id='word_1_473' title='bbox 165 4397 346 4458; x_wconf 85' lang='grc' dir='ltr'>οὐλαῖς</span> <span class='ocrx_word' id='word_1_474' title='bbox 388 4397 789 4462; x_wconf 85' lang='grc' dir='ltr'>ἀπηλλάττοντο,</span> <span class='ocrx_word' id='word_1_475' title='bbox 823 4393 962 4468; x_wconf 71' lang='grc' dir='ltr'>μηδὶ</span> <span class='ocrx_word' id='word_1_476' title='bbox 1011 4397 1158 4466; x_wconf 77' lang='grc' dir='ltr'>ἴχνος</span> <span class='ocrx_word' id='word_1_477' title='bbox 1202 4414 1253 4446; x_wconf 93' lang='grc' dir='ltr'>τι</span> <span class='ocrx_word' id='word_1_478' title='bbox 1295 4398 1486 4447; x_wconf 91' lang='grc' dir='ltr'>τούτων</span> <span class='ocrx_word' id='word_1_479' title='bbox 1535 4394 1613 4466; x_wconf 70' lang='grc' dir='ltr'>ἐφ’</span> <span class='ocrx_word' id='word_1_480' title='bbox 1653 4393 1768 4446; x_wconf 80' lang='grc' dir='ltr'>ἑαυ-</span> 
     </span>
    </p>
   </div>
   <div class='ocr_carea' id='block_1_65' title="bbox 1889 1814 3550 1891">
    <p class='ocr_par' dir='ltr' id='par_1_65' title="bbox 1889 1814 3550 1891">
     <span class='ocr_line' id='line_1_65' title="bbox 1889 1814 3550 1891; baseline 0.003 -21"><span class='ocrx_word' id='word_1_481' title='bbox 1889 1819 2058 1870; x_wconf 89' lang='lat' dir='ltr'>tanta</span> <span class='ocrx_word' id='word_1_482' title='bbox 2085 1818 2172 1870; x_wconf 91' lang='lat' dir='ltr'>est</span> <span class='ocrx_word' id='word_1_483' title='bbox 2202 1814 2412 1869; x_wconf 89' lang='lat' dir='ltr'>virtute</span> <span class='ocrx_word' id='word_1_484' title='bbox 2443 1816 2718 1886; x_wconf 84' lang='lat' dir='ltr'>praeditus</span> <span class='ocrx_word' id='word_1_485' title='bbox 2743 1817 2771 1873; x_wconf 88' lang='lat'><strong>?</strong></span> <span class='ocrx_word' id='word_1_486' title='bbox 2803 1818 2916 1873; x_wconf 85' lang='lat' dir='ltr'>Sed</span> <span class='ocrx_word' id='word_1_487' title='bbox 2937 1823 2993 1873; x_wconf 91' lang='lat' dir='ltr'>et</span> <span class='ocrx_word' id='word_1_488' title='bbox 3019 1819 3067 1874; x_wconf 90' lang='lat' dir='ltr'>si</span> <span class='ocrx_word' id='word_1_489' title='bbox 3084 1834 3295 1874; x_wconf 89' lang='lat' dir='ltr'>omnes</span> <span class='ocrx_word' id='word_1_490' title='bbox 3319 1834 3550 1891; x_wconf 87' lang='lat' dir='ltr'>nequa-</span> 
     </span>
    </p>
   </div>
   <div class='ocr_carea' id='block_1_66' title="bbox 1889 1903 3542 1979">
    <p class='ocr_par' dir='ltr' id='par_1_66' title="bbox 1889 1903 3542 1979">
     <span class='ocr_line' id='line_1_66' title="bbox 1889 1903 3542 1979; baseline 0.004 -23"><span class='ocrx_word' id='word_1_491' title='bbox 1889 1919 2074 1974; x_wconf 90' lang='lat' dir='ltr'>quam</span> <span class='ocrx_word' id='word_1_492' title='bbox 2092 1903 2335 1973; x_wconf 88' lang='lat' dir='ltr'>quidem</span> <span class='ocrx_word' id='word_1_493' title='bbox 2356 1908 2508 1958; x_wconf 90' lang='lat' dir='ltr'>certe</span> <span class='ocrx_word' id='word_1_494' title='bbox 2531 1903 2840 1968; x_wconf 86' lang='lat' dir='ltr'>Valerium,</span> <span class='ocrx_word' id='word_1_495' title='bbox 2869 1906 2990 1961; x_wconf 90' lang='lat' dir='ltr'>imo</span> <span class='ocrx_word' id='word_1_496' title='bbox 3007 1921 3145 1962; x_wconf 92' lang='lat' dir='ltr'>eum</span> <span class='ocrx_word' id='word_1_497' title='bbox 3171 1907 3350 1963; x_wconf 88' lang='lat' dir='ltr'>etiam</span> <span class='ocrx_word' id='word_1_498' title='bbox 3374 1923 3436 1962; x_wconf 90' lang='lat' dir='ltr'>se</span> <span class='ocrx_word' id='word_1_499' title='bbox 3456 1907 3542 1979; x_wconf 45' lang='lat' dir='ltr'>ip.</span> 
     </span>
    </p>
   </div>
   <div class='ocr_carea' id='block_1_67' title="bbox 1889 1989 3544 2065">
    <p class='ocr_par' dir='ltr' id='par_1_67' title="bbox 1889 1989 3544 2065">
     <span class='ocr_line' id='line_1_67' title="bbox 1889 1989 3544 2065; baseline 0.004 -21"><span class='ocrx_word' id='word_1_500' title='bbox 1889 2006 1997 2062; x_wconf 92' lang='lat' dir='ltr'>pso</span> <span class='ocrx_word' id='word_1_501' title='bbox 2027 1989 2291 2045; x_wconf 92' lang='lat' dir='ltr'>fecerunt</span> <span class='ocrx_word' id='word_1_502' title='bbox 2314 1990 2489 2060; x_wconf 88' lang='lat' dir='ltr'>longe</span> <span class='ocrx_word' id='word_1_503' title='bbox 2510 1992 2840 2058; x_wconf 67' lang='lat' dir='ltr'>saeviorem,</span> <span class='ocrx_word' id='word_1_504' title='bbox 2870 1994 3116 2065; x_wconf 91' lang='lat' dir='ltr'>perinde</span> <span class='ocrx_word' id='word_1_505' title='bbox 3135 2010 3204 2050; x_wconf 89' lang='lat' dir='ltr'>ac</span> <span class='ocrx_word' id='word_1_506' title='bbox 3222 1997 3268 2050; x_wconf 90' lang='lat' dir='ltr'>si</span> <span class='ocrx_word' id='word_1_507' title='bbox 3291 1995 3544 2051; x_wconf 79' lang='lat' dir='ltr'>delecta-</span> 
     </span>
    </p>
   </div>
   <div class='ocr_carea' id='block_1_68' title="bbox 1885 2083 3545 2154">
    <p class='ocr_par' dir='ltr' id='par_1_68' title="bbox 1885 2083 3545 2154">
     <span class='ocr_line' id='line_1_68' title="bbox 1885 2083 3545 2154; baseline 0.003 -20"><span class='ocrx_word' id='word_1_508' title='bbox 1885 2084 2045 2134; x_wconf 90' lang='lat' dir='ltr'>retur</span> <span class='ocrx_word' id='word_1_509' title='bbox 2073 2095 2290 2144; x_wconf 89' lang='lat' dir='ltr'>errore,</span> <span class='ocrx_word' id='word_1_510' title='bbox 2322 2083 2378 2133; x_wconf 90' lang='lat' dir='ltr'>et</span> <span class='ocrx_word' id='word_1_511' title='bbox 2405 2095 2790 2153; x_wconf 89' lang='lat' dir='ltr'>nequaquam</span> <span class='ocrx_word' id='word_1_512' title='bbox 2838 2083 3150 2138; x_wconf 90' lang='lat' dir='ltr'>sustineret</span> <span class='ocrx_word' id='word_1_513' title='bbox 3194 2083 3408 2154; x_wconf 90' lang='lat' dir='ltr'>aperiri</span> <span class='ocrx_word' id='word_1_514' title='bbox 3441 2099 3545 2139; x_wconf 89' lang='lat' dir='ltr'>ve-</span> 
     </span>
    </p>
   </div>
   <div class='ocr_carea' id='block_1_69' title="bbox 1885 2165 3542 2242">
    <p class='ocr_par' dir='ltr' id='par_1_69' title="bbox 1885 2165 3542 2242">
     <span class='ocr_line' id='line_1_69' title="bbox 1885 2165 3542 2242; baseline 0.002 -20"><span class='ocrx_word' id='word_1_515' title='bbox 1885 2166 2142 2223; x_wconf 89' lang='lat' dir='ltr'>ritatem.</span> <span class='ocrx_word' id='word_1_516' title='bbox 2167 2166 2331 2223; x_wconf 89' lang='lat' dir='ltr'>Unde</span> <span class='ocrx_word' id='word_1_517' title='bbox 2351 2165 2528 2222; x_wconf 88' lang='lat' dir='ltr'>etiam</span> <span class='ocrx_word' id='word_1_518' title='bbox 2557 2184 2694 2224; x_wconf 94' lang='lat' dir='ltr'>cum</span> <span class='ocrx_word' id='word_1_519' title='bbox 2717 2170 2849 2240; x_wconf 89' lang='lat' dir='ltr'>ejus</span> <span class='ocrx_word' id='word_1_520' title='bbox 2869 2174 3189 2242; x_wconf 85' lang='lat' dir='ltr'>martyrem</span> <span class='ocrx_word' id='word_1_521' title='bbox 3223 2170 3542 2226; x_wconf 90' lang='lat' dir='ltr'>sublimem</span> 
     </span>
    </p>
   </div>
   <div class='ocr_carea' id='block_1_70' title="bbox 1889 2256 3540 2327">
    <p class='ocr_par' dir='ltr' id='par_1_70' title="bbox 1889 2256 3540 2327">
     <span class='ocr_line' id='line_1_70' title="bbox 1889 2256 3540 2327; baseline 0.003 -16"><span class='ocrx_word' id='word_1_522' title='bbox 1889 2271 2072 2327; x_wconf 87' lang='lat' dir='ltr'>supra</span> <span class='ocrx_word' id='word_1_523' title='bbox 2097 2256 2328 2327; x_wconf 82' lang='lat' dir='ltr'>lignum</span> <span class='ocrx_word' id='word_1_524' title='bbox 2359 2257 2710 2325; x_wconf 84' lang='lat' dir='ltr'>sustulisset,</span> <span class='ocrx_word' id='word_1_525' title='bbox 2733 2259 3009 2315; x_wconf 84' lang='lat' dir='ltr'>verberat</span> <span class='ocrx_word' id='word_1_526' title='bbox 3029 2259 3432 2325; x_wconf 88' lang='lat' dir='ltr'>acerbissime,</span> <span class='ocrx_word' id='word_1_527' title='bbox 3459 2264 3540 2316; x_wconf 87' lang='lat' dir='ltr'>ta-</span> 
     </span>
    </p>
   </div>
   <div class='ocr_carea' id='block_1_71' title="bbox 1886 2344 3540 2421">
    <p class='ocr_par' dir='ltr' id='par_1_71' title="bbox 1886 2344 3540 2421">
     <span class='ocr_line' id='line_1_71' title="bbox 1886 2344 3540 2421; baseline 0.002 -21"><span class='ocrx_word' id='word_1_528' title='bbox 1886 2344 1974 2401; x_wconf 90' lang='lat' dir='ltr'>les</span> <span class='ocrx_word' id='word_1_529' title='bbox 2013 2347 2064 2401; x_wconf 91' lang='lat' dir='ltr'>ei</span> <span class='ocrx_word' id='word_1_530' title='bbox 2094 2347 2352 2404; x_wconf 88' lang='lat' dir='ltr'>reddens</span> <span class='ocrx_word' id='word_1_531' title='bbox 2379 2347 2886 2404; x_wconf 87' lang='lat' dir='ltr'>remunerationes</span> <span class='ocrx_word' id='word_1_532' title='bbox 2917 2363 3025 2418; x_wconf 93' lang='lat' dir='ltr'>pro</span> <span class='ocrx_word' id='word_1_533' title='bbox 3062 2347 3377 2414; x_wconf 84' lang='lat' dir='ltr'>beneﬁcio,</span> <span class='ocrx_word' id='word_1_534' title='bbox 3417 2363 3540 2421; x_wconf 91' lang='lat' dir='ltr'>quo</span> 
     </span>
    </p>
   </div>
   <div class='ocr_carea' id='block_1_72' title="bbox 1888 2434 2750 2504">
    <p class='ocr_par' dir='ltr' id='par_1_72' title="bbox 1888 2434 2750 2504">
     <span class='ocr_line' id='line_1_72' title="bbox 1888 2434 2750 2504; baseline 0.002 -16"><span class='ocrx_word' id='word_1_535' title='bbox 1888 2434 2017 2504; x_wconf 88' lang='lat' dir='ltr'>ejus</span> <span class='ocrx_word' id='word_1_536' title='bbox 2041 2434 2326 2493; x_wconf 79' lang='lat' dir='ltr'>affecerat</span> <span class='ocrx_word' id='word_1_537' title='bbox 2363 2452 2750 2492; x_wconf 88' lang='lat' dir='ltr'>assessorem.</span> 
     </span>
    </p>
   </div>
   <div class='ocr_carea' id='block_1_73' title="bbox 1953 2523 3531 2597">
    <p class='ocr_par' dir='ltr' id='par_1_73' title="bbox 1953 2523 3531 2597">
     <span class='ocr_line' id='line_1_73' title="bbox 1953 2523 3531 2597; baseline 0.001 -19"><span class='ocrx_word' id='word_1_538' title='bbox 1953 2525 2088 2580; x_wconf 84' lang='lat' dir='ltr'>XIV.</span> <span class='ocrx_word' id='word_1_539' title='bbox 2125 2527 2190 2579; x_wconf 89' lang='lat' dir='ltr'>Et</span> <span class='ocrx_word' id='word_1_540' title='bbox 2217 2523 2466 2594; x_wconf 89' lang='lat' dir='ltr'>ﬂagellis</span> <span class='ocrx_word' id='word_1_541' title='bbox 2524 2525 2768 2597; x_wconf 90' lang='lat' dir='ltr'>quidem</span> <span class='ocrx_word' id='word_1_542' title='bbox 2826 2524 3167 2580; x_wconf 63' lang='lat' dir='ltr'>credebatur</span> <span class='ocrx_word' id='word_1_543' title='bbox 3215 2525 3531 2596; x_wconf 87' lang='lat' dir='ltr'>pulchrum</span> 
     </span>
    </p>
   </div>
   <div class='ocr_carea' id='block_1_74' title="bbox 1882 2610 3531 2685">
    <p class='ocr_par' dir='ltr' id='par_1_74' title="bbox 1882 2610 3531 2685">
     <span class='ocr_line' id='line_1_74' title="bbox 1882 2610 3531 2685; baseline 0.001 -19"><span class='ocrx_word' id='word_1_544' title='bbox 1882 2610 2024 2667; x_wconf 90' lang='lat' dir='ltr'>illud</span> <span class='ocrx_word' id='word_1_545' title='bbox 2038 2628 2275 2683; x_wconf 91' lang='lat' dir='ltr'>corpus:</span> <span class='ocrx_word' id='word_1_546' title='bbox 2294 2613 2582 2685; x_wconf 87' lang='lat' dir='ltr'>Papylum</span> <span class='ocrx_word' id='word_1_547' title='bbox 2595 2619 2794 2669; x_wconf 89' lang='lat' dir='ltr'>autem</span> <span class='ocrx_word' id='word_1_548' title='bbox 2817 2628 2936 2668; x_wconf 92' lang='lat' dir='ltr'>non</span> <span class='ocrx_word' id='word_1_549' title='bbox 2949 2613 3063 2669; x_wconf 92' lang='lat' dir='ltr'>hoc</span> <span class='ocrx_word' id='word_1_550' title='bbox 3082 2613 3235 2669; x_wconf 90' lang='lat' dir='ltr'>male</span> <span class='ocrx_word' id='word_1_551' title='bbox 3248 2613 3531 2682; x_wconf 88' lang='lat' dir='ltr'>habebat,</span> 
     </span>
    </p>
   </div>
   <div class='ocr_carea' id='block_1_75' title="bbox 1884 2700 3534 2772">
    <p class='ocr_par' dir='ltr' id='par_1_75' title="bbox 1884 2700 3534 2772">
     <span class='ocr_line' id='line_1_75' title="bbox 1884 2700 3534 2772; baseline 0.001 -17"><span class='ocrx_word' id='word_1_552' title='bbox 1884 2700 1991 2756; x_wconf 89' lang='lat' dir='ltr'>sed</span> <span class='ocrx_word' id='word_1_553' title='bbox 2006 2701 2168 2772; x_wconf 84' lang='lat' dir='ltr'>quod</span> <span class='ocrx_word' id='word_1_554' title='bbox 2187 2717 2309 2757; x_wconf 93' lang='lat' dir='ltr'>non</span> <span class='ocrx_word' id='word_1_555' title='bbox 2331 2702 2606 2769; x_wconf 86' lang='lat' dir='ltr'>graviora</span> <span class='ocrx_word' id='word_1_556' title='bbox 2625 2700 3029 2771; x_wconf 85' lang='lat' dir='ltr'>inﬂigerentur</span> <span class='ocrx_word' id='word_1_557' title='bbox 3046 2706 3354 2768; x_wconf 88' lang='lat' dir='ltr'>tormenta,</span> <span class='ocrx_word' id='word_1_558' title='bbox 3377 2717 3534 2771; x_wconf 67' lang='lat' dir='ltr'>aegre</span> 
     </span>
    </p>
   </div>
   <div class='ocr_carea' id='block_1_76' title="bbox 1883 2789 3531 2860">
    <p class='ocr_par' dir='ltr' id='par_1_76' title="bbox 1883 2789 3531 2860">
     <span class='ocr_line' id='line_1_76' title="bbox 1883 2789 3531 2860; baseline 0.001 -16"><span class='ocrx_word' id='word_1_559' title='bbox 1883 2789 2140 2844; x_wconf 90' lang='lat' dir='ltr'>ferebat:</span> <span class='ocrx_word' id='word_1_560' title='bbox 2169 2790 2477 2860; x_wconf 91' lang='lat' dir='ltr'>quomodo</span> <span class='ocrx_word' id='word_1_561' title='bbox 2498 2795 2707 2846; x_wconf 92' lang='lat' dir='ltr'>contra</span> <span class='ocrx_word' id='word_1_562' title='bbox 2719 2789 2999 2854; x_wconf 90' lang='lat' dir='ltr'>Valerius,</span> <span class='ocrx_word' id='word_1_563' title='bbox 3022 2789 3179 2846; x_wconf 90' lang='lat' dir='ltr'>victa</span> <span class='ocrx_word' id='word_1_564' title='bbox 3195 2790 3401 2845; x_wconf 91' lang='lat' dir='ltr'>videns</span> <span class='ocrx_word' id='word_1_565' title='bbox 3421 2805 3531 2845; x_wconf 88' lang='lat' dir='ltr'>sua</span> 
     </span>
    </p>
   </div>
   <div class='ocr_carea' id='block_1_77' title="bbox 1883 2878 3534 2950">
    <p class='ocr_par' dir='ltr' id='par_1_77' title="bbox 1883 2878 3534 2950">
     <span class='ocr_line' id='line_1_77' title="bbox 1883 2878 3534 2950; baseline 0.002 -19"><span class='ocrx_word' id='word_1_566' title='bbox 1883 2881 2178 2933; x_wconf 88' lang='lat' dir='ltr'>tormenta</span> <span class='ocrx_word' id='word_1_567' title='bbox 2209 2895 2242 2932; x_wconf 88' lang='lat' dir='ltr'>a</span> <span class='ocrx_word' id='word_1_568' title='bbox 2257 2879 2534 2950; x_wconf 87' lang='lat' dir='ltr'>martyris</span> <span class='ocrx_word' id='word_1_569' title='bbox 2551 2879 2734 2934; x_wconf 85' lang='lat' dir='ltr'>animi</span> <span class='ocrx_word' id='word_1_570' title='bbox 2760 2878 3190 2947; x_wconf 88' lang='lat' dir='ltr'>magnitudine,</span> <span class='ocrx_word' id='word_1_571' title='bbox 3205 2878 3447 2935; x_wconf 90' lang='lat' dir='ltr'>dolebat</span> <span class='ocrx_word' id='word_1_572' title='bbox 3474 2883 3534 2934; x_wconf 90' lang='lat' dir='ltr'>et</span> 
     </span>
    </p>
   </div>
   <div class='ocr_carea' id='block_1_78' title="bbox 1882 2966 3534 3039">
    <p class='ocr_par' dir='ltr' id='par_1_78' title="bbox 1882 2966 3534 3039">
     <span class='ocr_line' id='line_1_78' title="bbox 1882 2966 3534 3039; baseline 0.001 -19"><span class='ocrx_word' id='word_1_573' title='bbox 1882 2966 2095 3021; x_wconf 90' lang='lat' dir='ltr'>acerbe</span> <span class='ocrx_word' id='word_1_574' title='bbox 2149 2967 2453 3024; x_wconf 88' lang='lat' dir='ltr'>tolerabat.</span> <span class='ocrx_word' id='word_1_575' title='bbox 2509 2967 2737 3038; x_wconf 84' lang='lat' dir='ltr'>Adjecit</span> <span class='ocrx_word' id='word_1_576' title='bbox 2785 2967 2985 3039; x_wconf 87' lang='lat' dir='ltr'>itaque</span> <span class='ocrx_word' id='word_1_577' title='bbox 3037 2967 3213 3023; x_wconf 88' lang='lat' dir='ltr'>etiam</span> <span class='ocrx_word' id='word_1_578' title='bbox 3269 2967 3438 3034; x_wconf 91' lang='lat' dir='ltr'>alia;</span> <span class='ocrx_word' id='word_1_579' title='bbox 3478 2973 3534 3022; x_wconf 88' lang='lat' dir='ltr'>et</span> 
     </span>
    </p>
   </div>
   <div class='ocr_carea' id='block_1_79' title="bbox 1883 3054 3532 3128">
    <p class='ocr_par' dir='ltr' id='par_1_79' title="bbox 1883 3054 3532 3128">
     <span class='ocr_line' id='line_1_79' title="bbox 1883 3054 3532 3128; baseline 0.002 -20"><span class='ocrx_word' id='word_1_580' title='bbox 1883 3054 2086 3123; x_wconf 87' lang='lat' dir='ltr'>ignem</span> <span class='ocrx_word' id='word_1_581' title='bbox 2115 3056 2384 3111; x_wconf 88' lang='lat' dir='ltr'>accendit</span> <span class='ocrx_word' id='word_1_582' title='bbox 2413 3056 2543 3126; x_wconf 90' lang='lat' dir='ltr'>ejus</span> <span class='ocrx_word' id='word_1_583' title='bbox 2573 3055 2876 3122; x_wconf 89' lang='lat' dir='ltr'>lateribus,</span> <span class='ocrx_word' id='word_1_584' title='bbox 2909 3063 2962 3111; x_wconf 91' lang='lat' dir='ltr'>et</span> <span class='ocrx_word' id='word_1_585' title='bbox 2985 3055 3154 3126; x_wconf 89' lang='lat' dir='ltr'>jubet</span> <span class='ocrx_word' id='word_1_586' title='bbox 3173 3070 3312 3111; x_wconf 91' lang='lat' dir='ltr'>eum</span> <span class='ocrx_word' id='word_1_587' title='bbox 3330 3055 3532 3128; x_wconf 88' lang='lat' dir='ltr'>appeti</span> 
     </span>
    </p>
   </div>
   <div class='ocr_carea' id='block_1_80' title="bbox 1882 3141 3530 3214">
    <p class='ocr_par' dir='ltr' id='par_1_80' title="bbox 1882 3141 3530 3214">
     <span class='ocr_line' id='line_1_80' title="bbox 1882 3141 3530 3214; baseline 0.002 -18"><span class='ocrx_word' id='word_1_588' title='bbox 1882 3141 2202 3212; x_wconf 83' lang='lat' dir='ltr'>lapidibus.</span> <span class='ocrx_word' id='word_1_589' title='bbox 2240 3143 2351 3198; x_wconf 89' lang='lat' dir='ltr'>Sed</span> <span class='ocrx_word' id='word_1_590' title='bbox 2382 3158 2490 3197; x_wconf 90' lang='lat' dir='ltr'>nec</span> <span class='ocrx_word' id='word_1_591' title='bbox 2517 3145 2802 3198; x_wconf 89' lang='lat' dir='ltr'>adversus</span> <span class='ocrx_word' id='word_1_592' title='bbox 2832 3144 3031 3212; x_wconf 87' lang='lat' dir='ltr'>ignem</span> <span class='ocrx_word' id='word_1_593' title='bbox 3072 3159 3134 3200; x_wconf 91' lang='lat' dir='ltr'>se</span> <span class='ocrx_word' id='word_1_594' title='bbox 3163 3145 3344 3214; x_wconf 86' lang='lat' dir='ltr'>gessit</span> <span class='ocrx_word' id='word_1_595' title='bbox 3372 3159 3530 3199; x_wconf 90' lang='lat' dir='ltr'>mar-</span> 
     </span>
    </p>
   </div>
   <div class='ocr_carea' id='block_1_81' title="bbox 1882 3228 3530 3304">
    <p class='ocr_par' dir='ltr' id='par_1_81' title="bbox 1882 3228 3530 3304">
     <span class='ocr_line' id='line_1_81' title="bbox 1882 3228 3530 3304; baseline 0.002 -20"><span class='ocrx_word' id='word_1_596' title='bbox 1882 3233 1977 3301; x_wconf 87' lang='lat' dir='ltr'>tyr</span> <span class='ocrx_word' id='word_1_597' title='bbox 2005 3228 2220 3298; x_wconf 89' lang='lat' dir='ltr'>ignave</span> <span class='ocrx_word' id='word_1_598' title='bbox 2251 3247 2266 3284; x_wconf 92' lang='lat'><em>:</em></span> <span class='ocrx_word' id='word_1_599' title='bbox 2299 3236 2354 3285; x_wconf 88' lang='lat' dir='ltr'>et</span> <span class='ocrx_word' id='word_1_600' title='bbox 2382 3229 2612 3301; x_wconf 88' lang='lat' dir='ltr'>lapides</span> <span class='ocrx_word' id='word_1_601' title='bbox 2635 3231 2811 3287; x_wconf 88' lang='lat' dir='ltr'>veluti</span> <span class='ocrx_word' id='word_1_602' title='bbox 2837 3232 3066 3288; x_wconf 89' lang='lat' dir='ltr'>reveriti</span> <span class='ocrx_word' id='word_1_603' title='bbox 3102 3247 3340 3304; x_wconf 91' lang='lat' dir='ltr'>corpus,</span> <span class='ocrx_word' id='word_1_604' title='bbox 3363 3231 3530 3303; x_wconf 92' lang='lat' dir='ltr'>quod</span> 
     </span>
    </p>
   </div>
   <div class='ocr_carea' id='block_1_82' title="bbox 1882 3317 3531 3392">
    <p class='ocr_par' dir='ltr' id='par_1_82' title="bbox 1882 3317 3531 3392">
     <span class='ocr_line' id='line_1_82' title="bbox 1882 3317 3531 3392; baseline 0.002 -21"><span class='ocrx_word' id='word_1_605' title='bbox 1882 3317 1968 3372; x_wconf 91' lang='lat' dir='ltr'>sic</span> <span class='ocrx_word' id='word_1_606' title='bbox 1997 3334 2104 3389; x_wconf 93' lang='lat' dir='ltr'>pro</span> <span class='ocrx_word' id='word_1_607' title='bbox 2135 3317 2362 3374; x_wconf 86' lang='lat' dir='ltr'>Christo</span> <span class='ocrx_word' id='word_1_608' title='bbox 2394 3319 2798 3390; x_wconf 87' lang='lat' dir='ltr'>torquebatur,</span> <span class='ocrx_word' id='word_1_609' title='bbox 2828 3320 3200 3392; x_wconf 86' lang='lat' dir='ltr'>alioquidem</span> <span class='ocrx_word' id='word_1_610' title='bbox 3229 3319 3531 3390; x_wconf 91' lang='lat' dir='ltr'>jacieban-</span> 
     </span>
    </p>
   </div>
   <div class='ocr_carea' id='block_1_83' title="bbox 1881 3407 3528 3478">
    <p class='ocr_par' dir='ltr' id='par_1_83' title="bbox 1881 3407 3528 3478">
     <span class='ocr_line' id='line_1_83' title="bbox 1881 3407 3528 3478; baseline 0.002 -17"><span class='ocrx_word' id='word_1_611' title='bbox 1881 3411 1992 3472; x_wconf 90' lang='lat' dir='ltr'>tur,</span> <span class='ocrx_word' id='word_1_612' title='bbox 2026 3421 2413 3478; x_wconf 87' lang='lat' dir='ltr'>nequaquam</span> <span class='ocrx_word' id='word_1_613' title='bbox 2445 3411 2644 3462; x_wconf 89' lang='lat' dir='ltr'>autem</span> <span class='ocrx_word' id='word_1_614' title='bbox 2673 3407 2732 3462; x_wconf 90' lang='lat' dir='ltr'>in</span> <span class='ocrx_word' id='word_1_615' title='bbox 2764 3407 2962 3478; x_wconf 90' lang='lat' dir='ltr'>ipsum</span> <span class='ocrx_word' id='word_1_616' title='bbox 2990 3407 3353 3463; x_wconf 88' lang='lat' dir='ltr'>ferebantur.</span> <span class='ocrx_word' id='word_1_617' title='bbox 3381 3410 3528 3464; x_wconf 91' lang='lat' dir='ltr'>Cum</span> 
     </span>
    </p>
   </div>
   <div class='ocr_carea' id='block_1_84' title="bbox 1879 3495 3528 3568">
    <p class='ocr_par' dir='ltr' id='par_1_84' title="bbox 1879 3495 3528 3568">
     <span class='ocr_line' id='line_1_84' title="bbox 1879 3495 3528 3568; baseline 0.002 -18"><span class='ocrx_word' id='word_1_618' title='bbox 1879 3511 2021 3565; x_wconf 90' lang='lat' dir='ltr'>ergo</span> <span class='ocrx_word' id='word_1_619' title='bbox 2046 3495 2173 3566; x_wconf 89' lang='lat' dir='ltr'>jam</span> <span class='ocrx_word' id='word_1_620' title='bbox 2204 3495 2475 3550; x_wconf 84' lang='lat' dir='ltr'>defessus</span> <span class='ocrx_word' id='word_1_621' title='bbox 2505 3501 2662 3552; x_wconf 89' lang='lat' dir='ltr'>esset</span> <span class='ocrx_word' id='word_1_622' title='bbox 2689 3496 3096 3563; x_wconf 89' lang='lat' dir='ltr'>Valerius,nec</span> <span class='ocrx_word' id='word_1_623' title='bbox 3111 3497 3239 3568; x_wconf 90' lang='lat' dir='ltr'>jam</span> <span class='ocrx_word' id='word_1_624' title='bbox 3261 3497 3528 3564; x_wconf 88' lang='lat' dir='ltr'>haberet,</span> 
     </span>
    </p>
   </div>
   <div class='ocr_carea' id='block_1_85' title="bbox 1878 3583 3528 3658">
    <p class='ocr_par' dir='ltr' id='par_1_85' title="bbox 1878 3583 3528 3658">
     <span class='ocr_line' id='line_1_85' title="bbox 1878 3583 3528 3658; baseline 0.001 -18"><span class='ocrx_word' id='word_1_625' title='bbox 1878 3584 2044 3656; x_wconf 90' lang='lat' dir='ltr'>quod</span> <span class='ocrx_word' id='word_1_626' title='bbox 2075 3583 2293 3639; x_wconf 89' lang='lat' dir='ltr'>sanctis</span> <span class='ocrx_word' id='word_1_627' title='bbox 2319 3583 2555 3640; x_wconf 86' lang='lat' dir='ltr'>inferret</span> <span class='ocrx_word' id='word_1_628' title='bbox 2586 3584 2664 3640; x_wconf 89' lang='lat' dir='ltr'>ad</span> <span class='ocrx_word' id='word_1_629' title='bbox 2686 3585 3268 3657; x_wconf 88' lang='lat' dir='ltr'>supplicium,dabat</span> <span class='ocrx_word' id='word_1_630' title='bbox 3289 3591 3528 3658; x_wconf 89' lang='lat' dir='ltr'>tempus</span> 
     </span>
    </p>
   </div>
   <div class='ocr_carea' id='block_1_86' title="bbox 1878 3672 3530 3746">
    <p class='ocr_par' dir='ltr' id='par_1_86' title="bbox 1878 3672 3530 3746">
     <span class='ocr_line' id='line_1_86' title="bbox 1878 3672 3530 3746; baseline 0.001 -18"><span class='ocrx_word' id='word_1_631' title='bbox 1878 3672 2190 3738; x_wconf 90' lang='lat' dir='ltr'>vibicibus,</span> <span class='ocrx_word' id='word_1_632' title='bbox 2214 3678 2498 3745; x_wconf 89' lang='lat' dir='ltr'>reputans</span> <span class='ocrx_word' id='word_1_633' title='bbox 2520 3674 2793 3740; x_wconf 88' lang='lat' dir='ltr'>fortasse,</span> <span class='ocrx_word' id='word_1_634' title='bbox 2808 3673 2975 3746; x_wconf 92' lang='lat' dir='ltr'>quod</span> <span class='ocrx_word' id='word_1_635' title='bbox 2997 3675 3046 3729; x_wconf 89' lang='lat' dir='ltr'>si</span> <span class='ocrx_word' id='word_1_636' title='bbox 3063 3690 3276 3746; x_wconf 91' lang='lat' dir='ltr'>parum</span> <span class='ocrx_word' id='word_1_637' title='bbox 3295 3674 3530 3730; x_wconf 86' lang='lat' dir='ltr'>dimissi</span> 
     </span>
    </p>
   </div>
   <div class='ocr_carea' id='block_1_87' title="bbox 1881 3761 3525 3834">
    <p class='ocr_par' dir='ltr' id='par_1_87' title="bbox 1881 3761 3525 3834">
     <span class='ocr_line' id='line_1_87' title="bbox 1881 3761 3525 3834; baseline 0.002 -18"><span class='ocrx_word' id='word_1_638' title='bbox 1881 3761 1962 3816; x_wconf 92' lang='lat' dir='ltr'>sic</span> <span class='ocrx_word' id='word_1_639' title='bbox 2001 3761 2219 3816; x_wconf 91' lang='lat' dir='ltr'>fuerint</span> <span class='ocrx_word' id='word_1_640' title='bbox 2259 3768 2570 3833; x_wconf 85' lang='lat' dir='ltr'>martyres,</span> <span class='ocrx_word' id='word_1_641' title='bbox 2611 3761 2966 3818; x_wconf 88' lang='lat' dir='ltr'>inﬂammati</span> <span class='ocrx_word' id='word_1_642' title='bbox 2993 3763 3119 3834; x_wconf 91' lang='lat' dir='ltr'>jam</span> <span class='ocrx_word' id='word_1_643' title='bbox 3160 3762 3383 3818; x_wconf 89' lang='lat' dir='ltr'>vibices</span> <span class='ocrx_word' id='word_1_644' title='bbox 3421 3778 3525 3819; x_wconf 90' lang='lat' dir='ltr'>eos</span> 
     </span>
    </p>
   </div>
   <div class='ocr_carea' id='block_1_88' title="bbox 1879 3849 3528 3919">
    <p class='ocr_par' dir='ltr' id='par_1_88' title="bbox 1879 3849 3528 3919">
     <span class='ocr_line' id='line_1_88' title="bbox 1879 3849 3528 3919; baseline 0.001 -14"><span class='ocrx_word' id='word_1_645' title='bbox 1879 3849 2256 3919; x_wconf 87' lang='lat' dir='ltr'>gravioribus</span> <span class='ocrx_word' id='word_1_646' title='bbox 2308 3849 2611 3906; x_wconf 76' lang='lat' dir='ltr'>efﬁcerent</span> <span class='ocrx_word' id='word_1_647' title='bbox 2651 3850 2980 3916; x_wconf 88' lang='lat' dir='ltr'>doloribus,</span> <span class='ocrx_word' id='word_1_648' title='bbox 3013 3856 3070 3906; x_wconf 91' lang='lat' dir='ltr'>et</span> <span class='ocrx_word' id='word_1_649' title='bbox 3093 3852 3176 3906; x_wconf 89' lang='lat' dir='ltr'>sic</span> <span class='ocrx_word' id='word_1_650' title='bbox 3213 3851 3528 3908; x_wconf 87' lang='lat' dir='ltr'>redderent</span> 
     </span>
    </p>
   </div>
   <div class='ocr_carea' id='block_1_89' title="bbox 1878 3937 3527 4010">
    <p class='ocr_par' dir='ltr' id='par_1_89' title="bbox 1878 3937 3527 4010">
     <span class='ocr_line' id='line_1_89' title="bbox 1878 3937 3527 4010; baseline 0.001 -16"><span class='ocrx_word' id='word_1_651' title='bbox 1878 3937 2179 3994; x_wconf 89' lang='lat' dir='ltr'>molliores</span> <span class='ocrx_word' id='word_1_652' title='bbox 2237 3939 2312 3994; x_wconf 92' lang='lat' dir='ltr'>ad</span> <span class='ocrx_word' id='word_1_653' title='bbox 2362 3937 2619 3994; x_wconf 90' lang='lat' dir='ltr'>futuram</span> <span class='ocrx_word' id='word_1_654' title='bbox 2672 3939 3087 4010; x_wconf 72' lang='lat' dir='ltr'>quaestionem.</span> <span class='ocrx_word' id='word_1_655' title='bbox 3131 3939 3242 3996; x_wconf 90' lang='lat' dir='ltr'>Sed</span> <span class='ocrx_word' id='word_1_656' title='bbox 3290 3939 3329 3994; x_wconf 93' lang='lat' dir='ltr'>ii</span> <span class='ocrx_word' id='word_1_657' title='bbox 3385 3955 3527 3996; x_wconf 91' lang='lat' dir='ltr'>cum</span> 
     </span>
    </p>
   </div>
   <div class='ocr_carea' id='block_1_90' title="bbox 1876 4026 3525 4100">
    <p class='ocr_par' dir='ltr' id='par_1_90' title="bbox 1876 4026 3525 4100">
     <span class='ocr_line' id='line_1_90' title="bbox 1876 4026 3525 4100; baseline 0.001 -18"><span class='ocrx_word' id='word_1_658' title='bbox 1876 4042 2062 4099; x_wconf 89' lang='lat' dir='ltr'>prope</span> <span class='ocrx_word' id='word_1_659' title='bbox 2091 4026 2378 4082; x_wconf 89' lang='lat' dir='ltr'>haberent</span> <span class='ocrx_word' id='word_1_660' title='bbox 2411 4026 2719 4094; x_wconf 87' lang='lat' dir='ltr'>Medicum,</span> <span class='ocrx_word' id='word_1_661' title='bbox 2744 4032 2985 4098; x_wconf 88' lang='lat' dir='ltr'>propter</span> <span class='ocrx_word' id='word_1_662' title='bbox 3009 4043 3191 4100; x_wconf 91' lang='lat' dir='ltr'>quem</span> <span class='ocrx_word' id='word_1_663' title='bbox 3220 4027 3432 4099; x_wconf 85' lang='lat' dir='ltr'>plagas</span> <span class='ocrx_word' id='word_1_664' title='bbox 3461 4028 3525 4083; x_wconf 84' lang='lat' dir='ltr'>li-</span> 
     </span>
    </p>
   </div>
   <div class='ocr_carea' id='block_1_91' title="bbox 1877 4114 3524 4186">
    <p class='ocr_par' dir='ltr' id='par_1_91' title="bbox 1877 4114 3524 4186">
     <span class='ocr_line' id='line_1_91' title="bbox 1877 4114 3524 4186; baseline 0.001 -16"><span class='ocrx_word' id='word_1_665' title='bbox 1877 4114 2086 4170; x_wconf 87' lang='lat' dir='ltr'>benter</span> <span class='ocrx_word' id='word_1_666' title='bbox 2135 4115 2529 4186; x_wconf 88' lang='lat' dir='ltr'>accipiebant,</span> <span class='ocrx_word' id='word_1_667' title='bbox 2568 4130 2687 4170; x_wconf 91' lang='lat' dir='ltr'>non</span> <span class='ocrx_word' id='word_1_668' title='bbox 2721 4114 2919 4170; x_wconf 90' lang='lat' dir='ltr'>solum</span> <span class='ocrx_word' id='word_1_669' title='bbox 2949 4131 2986 4171; x_wconf 93' lang='lat' dir='ltr'>a</span> <span class='ocrx_word' id='word_1_670' title='bbox 3031 4115 3362 4181; x_wconf 90' lang='lat' dir='ltr'>doloribus,</span> <span class='ocrx_word' id='word_1_671' title='bbox 3419 4115 3524 4171; x_wconf 89' lang='lat' dir='ltr'>sed</span> 
     </span>
    </p>
   </div>
   <div class='ocr_carea' id='block_1_92' title="bbox 1878 4202 3527 4260">
    <p class='ocr_par' dir='ltr' id='par_1_92' title="bbox 1878 4202 3527 4260">
     <span class='ocr_line' id='line_1_92' title="bbox 1878 4202 3527 4260; baseline 0.001 -3"><span class='ocrx_word' id='word_1_672' title='bbox 1878 4203 2055 4258; x_wconf 88' lang='lat' dir='ltr'>etiam</span> <span class='ocrx_word' id='word_1_673' title='bbox 2085 4217 2123 4258; x_wconf 89' lang='lat' dir='ltr'>a</span> <span class='ocrx_word' id='word_1_674' title='bbox 2142 4202 2481 4258; x_wconf 88' lang='lat' dir='ltr'>vulneribus</span> <span class='ocrx_word' id='word_1_675' title='bbox 2509 4203 2740 4258; x_wconf 89' lang='lat' dir='ltr'>liberati</span> <span class='ocrx_word' id='word_1_676' title='bbox 2769 4208 2906 4258; x_wconf 90' lang='lat' dir='ltr'>sunt</span> <span class='ocrx_word' id='word_1_677' title='bbox 2929 4203 3111 4258; x_wconf 91' lang='lat' dir='ltr'>simul</span> <span class='ocrx_word' id='word_1_678' title='bbox 3142 4219 3278 4259; x_wconf 90' lang='lat' dir='ltr'>cum</span> <span class='ocrx_word' id='word_1_679' title='bbox 3301 4204 3527 4260; x_wconf 86' lang='lat' dir='ltr'>cicatri-</span> 
     </span>
    </p>
   </div>
   <div class='ocr_carea' id='block_1_93' title="bbox 1879 4289 3524 4362">
    <p class='ocr_par' dir='ltr' id='par_1_93' title="bbox 1879 4289 3524 4362">
     <span class='ocr_line' id='line_1_93' title="bbox 1879 4289 3524 4362; baseline 0.001 -16"><span class='ocrx_word' id='word_1_680' title='bbox 1879 4289 2068 4356; x_wconf 90' lang='lat' dir='ltr'>cibus,</span> <span class='ocrx_word' id='word_1_681' title='bbox 2097 4305 2172 4344; x_wconf 92' lang='lat' dir='ltr'>ne</span> <span class='ocrx_word' id='word_1_682' title='bbox 2201 4289 2386 4344; x_wconf 91' lang='lat' dir='ltr'>ullum</span> <span class='ocrx_word' id='word_1_683' title='bbox 2416 4290 2662 4362; x_wconf 89' lang='lat' dir='ltr'>quidem</span> <span class='ocrx_word' id='word_1_684' title='bbox 2677 4291 2736 4346; x_wconf 92' lang='lat' dir='ltr'>in</span> <span class='ocrx_word' id='word_1_685' title='bbox 2765 4307 2826 4346; x_wconf 91' lang='lat' dir='ltr'>se</span> <span class='ocrx_word' id='word_1_686' title='bbox 2847 4306 3056 4348; x_wconf 91' lang='lat' dir='ltr'>eorum</span> <span class='ocrx_word' id='word_1_687' title='bbox 3077 4291 3330 4347; x_wconf 89' lang='lat' dir='ltr'>ferentes</span> <span class='ocrx_word' id='word_1_688' title='bbox 3353 4292 3524 4348; x_wconf 88' lang='lat' dir='ltr'>vesti-</span> 
     </span>
    </p>
   </div>
   <div class='ocr_carea' id='block_1_94' title="bbox 1879 4376 3520 4450">
    <p class='ocr_par' dir='ltr' id='par_1_94' title="bbox 1879 4376 3520 4450">
     <span class='ocr_line' id='line_1_94' title="bbox 1879 4376 3520 4450; baseline 0.001 -17"><span class='ocrx_word' id='word_1_689' title='bbox 1879 4379 2065 4450; x_wconf 87' lang='lat' dir='ltr'>gium.</span> <span class='ocrx_word' id='word_1_690' title='bbox 2099 4377 2566 4448; x_wconf 87' lang='lat' dir='ltr'>Quareseipsum</span> <span class='ocrx_word' id='word_1_691' title='bbox 2607 4376 2958 4449; x_wconf 90' lang='lat' dir='ltr'>imprudens</span> <span class='ocrx_word' id='word_1_692' title='bbox 2975 4378 3220 4436; x_wconf 89' lang='lat' dir='ltr'>feriebat</span> <span class='ocrx_word' id='word_1_693' title='bbox 3236 4378 3520 4446; x_wconf 87' lang='lat' dir='ltr'>Valerius,</span> 
     </span>
    </p>
   </div>
   <div class='ocr_carea' id='block_1_95' title="bbox 164 4458 1779 4560">
    <p class='ocr_par' dir='ltr' id='par_1_95' title="bbox 164 4482 1768 4560">
     <span class='ocr_line' id='line_1_95' title="bbox 164 4482 1768 4560; baseline -0.004 -21"><span class='ocrx_word' id='word_1_694' title='bbox 164 4494 271 4539; x_wconf 91' lang='grc' dir='ltr'>τῶν</span> <span class='ocrx_word' id='word_1_695' title='bbox 330 4490 699 4560; x_wconf 72' lang='grc' dir='ltr'>περιφέροντες,</span> <span class='ocrx_word' id='word_1_696' title='bbox 759 4487 893 4536; x_wconf 82' lang='grc' dir='ltr'>ὥστε</span> <span class='ocrx_word' id='word_1_697' title='bbox 966 4483 1205 4535; x_wconf 71' lang='grc' dir='ltr'>ἐλάνθανε</span> <span class='ocrx_word' id='word_1_698' title='bbox 1280 4482 1516 4540; x_wconf 87' lang='grc' dir='ltr'>πλήττων</span> <span class='ocrx_word' id='word_1_699' title='bbox 1590 4483 1768 4536; x_wconf 76' lang='grc' dir='ltr'>ἑαυτὸν</span> 
     </span>
    </p>
   </div>
   <div class='ocr_carea' id='block_1_96' title="bbox 1889 4458 3524 4560">
    <p class='ocr_par' dir='ltr' id='par_1_96' title="bbox 1889 4465 3524 4538">
     <span class='ocr_line' id='line_1_96' title="bbox 1889 4465 3524 4538; baseline 0.001 -16"><span class='ocrx_word' id='word_1_700' title='bbox 1889 4482 2001 4523; x_wconf 85' lang='lat' dir='ltr'>non</span> <span class='ocrx_word' id='word_1_701' title='bbox 2041 4472 2348 4538; x_wconf 84' lang='lat' dir='ltr'>martyres.</span> <span class='ocrx_word' id='word_1_702' title='bbox 2383 4467 2509 4532; x_wconf 87' lang='lat' dir='ltr'>Quo</span> <span class='ocrx_word' id='word_1_703' title='bbox 2539 4465 2698 4521; x_wconf 90' lang='lat' dir='ltr'>enim</span> <span class='ocrx_word' id='word_1_704' title='bbox 2736 4465 2815 4521; x_wconf 90' lang='lat' dir='ltr'>illi</span> <span class='ocrx_word' id='word_1_705' title='bbox 2843 4467 3035 4537; x_wconf 85' lang='lat' dir='ltr'>magis</span> <span class='ocrx_word' id='word_1_706' title='bbox 3066 4467 3411 4524; x_wconf 87' lang='lat' dir='ltr'>levabantur</span> <span class='ocrx_word' id='word_1_707' title='bbox 3437 4467 3524 4524; x_wconf 89' lang='lat' dir='ltr'>la-</span> 
     </span>
    </p>
   </div>
   <div class='ocr_carea' id='block_1_97' title="bbox 165 4570 1769 4646">
    <p class='ocr_par' dir='ltr' id='par_1_97' title="bbox 165 4570 1769 4646">
     <span class='ocr_line' id='line_1_97' title="bbox 165 4570 1769 4646; baseline -0.002 -19"><span class='ocrx_word' id='word_1_708' title='bbox 165 4574 472 4646; x_wconf 81' lang='grc' dir='ltr'>Οὐαλέριος,</span> <span class='ocrx_word' id='word_1_709' title='bbox 525 4573 584 4625; x_wconf 93' lang='grc' dir='ltr'>οὐ</span> <span class='ocrx_word' id='word_1_710' title='bbox 641 4576 757 4632; x_wconf 83' lang='grc' dir='ltr'>τοὺς</span> <span class='ocrx_word' id='word_1_711' title='bbox 808 4573 1097 4644; x_wconf 89' lang='grc' dir='ltr'>μάρτυρας,</span> <span class='ocrx_word' id='word_1_712' title='bbox 1144 4573 1250 4642; x_wconf 83' lang='grc' dir='ltr'>ὅσῳ</span> <span class='ocrx_word' id='word_1_713' title='bbox 1297 4573 1396 4644; x_wconf 83' lang='grc' dir='ltr'>γὰρ</span> <span class='ocrx_word' id='word_1_714' title='bbox 1440 4570 1769 4643; x_wconf 75' lang='grc' dir='ltr'>ἔκουφίζοντο</span> 
     </span>
    </p>
   </div>
   <div class='ocr_carea' id='block_1_98' title="bbox 163 4655 1770 4729">
    <p class='ocr_par' dir='ltr' id='par_1_98' title="bbox 163 4655 1770 4729">
     <span class='ocr_line' id='line_1_98' title="bbox 163 4655 1770 4729; baseline -0.004 -15"><span class='ocrx_word' id='word_1_715' title='bbox 163 4670 270 4714; x_wconf 86' lang='grc' dir='ltr'>τῶν</span> <span class='ocrx_word' id='word_1_716' title='bbox 316 4664 486 4712; x_wconf 89' lang='grc' dir='ltr'>πόνων</span> <span class='ocrx_word' id='word_1_717' title='bbox 533 4657 741 4724; x_wconf 73' lang='grc' dir='ltr'>ἐκεῖθεν,</span> <span class='ocrx_word' id='word_1_718' title='bbox 772 4659 1007 4729; x_wconf 83' lang='grc' dir='ltr'>τοσούτῳ</span> <span class='ocrx_word' id='word_1_719' title='bbox 1036 4661 1129 4715; x_wconf 80' lang='grc' dir='ltr'>τὴν</span> <span class='ocrx_word' id='word_1_720' title='bbox 1175 4655 1402 4725; x_wconf 78' lang='grc' dir='ltr'>καρδίαν</span> <span class='ocrx_word' id='word_1_721' title='bbox 1452 4656 1605 4717; x_wconf 81' lang='grc' dir='ltr'>αὐτὸς</span> <span class='ocrx_word' id='word_1_722' title='bbox 1635 4656 1770 4728; x_wconf 74' lang='grc' dir='ltr'>ἐμα-</span> 
     </span>
    </p>
   </div>
   <div class='ocr_carea' id='block_1_99' title="bbox 167 4745 1625 4819">
    <p class='ocr_par' dir='ltr' id='par_1_99' title="bbox 167 4745 1625 4819">
     <span class='ocr_line' id='line_1_99' title="bbox 167 4745 1625 4819; baseline -0.002 -17"><span class='ocrx_word' id='word_1_723' title='bbox 167 4749 402 4811; x_wconf 81' lang='grc' dir='ltr'>στίζετο,</span> <span class='ocrx_word' id='word_1_724' title='bbox 433 4751 522 4799; x_wconf 86' lang='grc' dir='ltr'>καὶ</span> <span class='ocrx_word' id='word_1_725' title='bbox 550 4748 712 4818; x_wconf 89' lang='grc' dir='ltr'>θυμός</span> <span class='ocrx_word' id='word_1_726' title='bbox 740 4745 895 4798; x_wconf 86' lang='grc' dir='ltr'>αὐτόν</span> <span class='ocrx_word' id='word_1_727' title='bbox 925 4746 1016 4798; x_wconf 84' lang='grc' dir='ltr'>ἶσα</span> <span class='ocrx_word' id='word_1_728' title='bbox 1041 4751 1130 4798; x_wconf 81' lang='grc' dir='ltr'>καὶ</span> <span class='ocrx_word' id='word_1_729' title='bbox 1158 4749 1280 4819; x_wconf 79' lang='grc' dir='ltr'>πυρὶ</span> <span class='ocrx_word' id='word_1_730' title='bbox 1310 4749 1625 4818; x_wconf 85' lang='grc' dir='ltr'>κατεπίπρα.</span> 
     </span>
    </p>
   </div>
   <div class='ocr_carea' id='block_1_100' title="bbox 242 4833 1769 4911">
    <p class='ocr_par' dir='ltr' id='par_1_100' title="bbox 242 4833 1769 4911">
     <span class='ocr_line' id='line_1_100' title="bbox 242 4833 1769 4911; baseline -0.004 -20"><span class='ocrx_word' id='word_1_731' title='bbox 242 4835 336 4891; x_wconf 87' lang='grc' dir='ltr'>ΙΕ’.</span> <span class='ocrx_word' id='word_1_732' title='bbox 378 4839 561 4911; x_wconf 83' lang='grc' dir='ltr'>Βραχῦ</span> <span class='ocrx_word' id='word_1_733' title='bbox 589 4839 647 4887; x_wconf 91' lang='grc' dir='ltr'>τό</span> <span class='ocrx_word' id='word_1_734' title='bbox 694 4835 886 4908; x_wconf 83' lang='grc' dir='ltr'>μεταξὺ</span> <span class='ocrx_word' id='word_1_735' title='bbox 934 4840 1024 4887; x_wconf 88' lang='grc' dir='ltr'>καὶ</span> <span class='ocrx_word' id='word_1_736' title='bbox 1071 4834 1225 4888; x_wconf 89' lang='grc' dir='ltr'>πάλιν</span> <span class='ocrx_word' id='word_1_737' title='bbox 1267 4837 1292 4887; x_wconf 90' lang='grc' dir='ltr'>ό</span> <span class='ocrx_word' id='word_1_738' title='bbox 1340 4838 1429 4906; x_wconf 70' lang='grc' dir='ltr'>μὲν</span> <span class='ocrx_word' id='word_1_739' title='bbox 1461 4834 1535 4906; x_wconf 78' lang='grc' dir='ltr'>ἐφ’</span> <span class='ocrx_word' id='word_1_740' title='bbox 1565 4833 1769 4904; x_wconf 76' lang='grc' dir='ltr'>ὑψηλοῦ</span> 
     </span>
    </p>
   </div>
   <div class='ocr_carea' id='block_1_101' title="bbox 163 4921 1765 4999">
    <p class='ocr_par' dir='ltr' id='par_1_101' title="bbox 163 4921 1765 4999">
     <span class='ocr_line' id='line_1_101' title="bbox 163 4921 1765 4999; baseline -0.003 -20"><span class='ocrx_word' id='word_1_741' title='bbox 163 4927 500 4999; x_wconf 87' lang='grc' dir='ltr'>προκάθηται</span> <span class='ocrx_word' id='word_1_742' title='bbox 539 4922 795 4997; x_wconf 84' lang='grc' dir='ltr'>βήματος,</span> <span class='ocrx_word' id='word_1_743' title='bbox 832 4927 1034 4995; x_wconf 79' lang='grc' dir='ltr'>φονικὸν</span> <span class='ocrx_word' id='word_1_744' title='bbox 1075 4943 1128 4976; x_wconf 92' lang='grc' dir='ltr'>τε</span> <span class='ocrx_word' id='word_1_745' title='bbox 1169 4928 1258 4976; x_wconf 82' lang='grc' dir='ltr'>καὶ</span> <span class='ocrx_word' id='word_1_746' title='bbox 1301 4926 1513 4996; x_wconf 88' lang='grc' dir='ltr'>μανικόν</span> <span class='ocrx_word' id='word_1_747' title='bbox 1546 4921 1765 4995; x_wconf 90' lang='grc' dir='ltr'>βλέπων,</span> 
     </span>
    </p>
   </div>
   <div class='ocr_carea' id='block_1_102' title="bbox 166 5009 1764 5088">
    <p class='ocr_par' dir='ltr' id='par_1_102' title="bbox 166 5009 1764 5088">
     <span class='ocr_line' id='line_1_102' title="bbox 166 5009 1764 5088; baseline -0.003 -21"><span class='ocrx_word' id='word_1_748' title='bbox 166 5020 262 5067; x_wconf 80' lang='grc' dir='ltr'>καὶ</span> <span class='ocrx_word' id='word_1_749' title='bbox 311 5009 404 5067; x_wconf 79' lang='grc' dir='ltr'>διὰ</span> <span class='ocrx_word' id='word_1_750' title='bbox 447 5020 537 5065; x_wconf 90' lang='grc' dir='ltr'>τοῦ</span> <span class='ocrx_word' id='word_1_751' title='bbox 589 5021 685 5074; x_wconf 86' lang='grc' dir='ltr'>τῆς</span> <span class='ocrx_word' id='word_1_752' title='bbox 730 5011 917 5084; x_wconf 76' lang='grc' dir='ltr'>ψυχῆς</span> <span class='ocrx_word' id='word_1_753' title='bbox 960 5018 1272 5088; x_wconf 89' lang='grc' dir='ltr'>κατόπτρου,</span> <span class='ocrx_word' id='word_1_754' title='bbox 1322 5020 1422 5064; x_wconf 89' lang='grc' dir='ltr'>τῶν</span> <span class='ocrx_word' id='word_1_755' title='bbox 1474 5011 1764 5083; x_wconf 80' lang='grc' dir='ltr'>ὀφθαλμῶν,</span> 
     </span>
    </p>
   </div>
   <div class='ocr_carea' id='block_1_103' title="bbox 167 5098 1772 5176">
    <p class='ocr_par' dir='ltr' id='par_1_103' title="bbox 167 5098 1772 5176">
     <span class='ocr_line' id='line_1_103' title="bbox 167 5098 1772 5176; baseline -0.002 -20"><span class='ocrx_word' id='word_1_756' title='bbox 167 5109 268 5162; x_wconf 82' lang='grc' dir='ltr'>τήν</span> <span class='ocrx_word' id='word_1_757' title='bbox 319 5099 464 5156; x_wconf 78' lang='grc' dir='ltr'>ἔνδον</span> <span class='ocrx_word' id='word_1_758' title='bbox 529 5103 821 5174; x_wconf 76' lang='grc' dir='ltr'>ὑποφαίνων</span> <span class='ocrx_word' id='word_1_759' title='bbox 887 5107 1117 5176; x_wconf 78' lang='grc' dir='ltr'>πικρίαν,</span> <span class='ocrx_word' id='word_1_760' title='bbox 1168 5106 1253 5154; x_wconf 82' lang='grc' dir='ltr'>καὶ</span> <span class='ocrx_word' id='word_1_761' title='bbox 1325 5098 1448 5154; x_wconf 69' lang='grc' dir='ltr'>οὐδὲ</span> <span class='ocrx_word' id='word_1_762' title='bbox 1520 5104 1772 5174; x_wconf 89' lang='grc' dir='ltr'>προσιτός</span> 
     </span>
    </p>
   </div>
   <div class='ocr_carea' id='block_1_104' title="bbox 168 5188 1770 5264">
    <p class='ocr_par' dir='ltr' id='par_1_104' title="bbox 168 5188 1770 5264">
     <span class='ocr_line' id='line_1_104' title="bbox 168 5188 1770 5264; baseline -0.002 -18"><span class='ocrx_word' id='word_1_763' title='bbox 168 5200 280 5252; x_wconf 86' lang='grc' dir='ltr'>τοὶς</span> <span class='ocrx_word' id='word_1_764' title='bbox 334 5191 564 5244; x_wconf 86' lang='grc' dir='ltr'>πλείοσιν</span> <span class='ocrx_word' id='word_1_765' title='bbox 617 5195 685 5242; x_wconf 80' lang='grc' dir='ltr'>ὢν</span> <span class='ocrx_word' id='word_1_766' title='bbox 718 5209 732 5223; x_wconf 82' lang='lat'>&#39;</span> <span class='ocrx_word' id='word_1_767' title='bbox 788 5195 1120 5264; x_wconf 87' lang='grc' dir='ltr'>περιίσταται</span> <span class='ocrx_word' id='word_1_768' title='bbox 1179 5188 1238 5243; x_wconf 80' lang='grc' dir='ltr'>δέ</span> <span class='ocrx_word' id='word_1_769' title='bbox 1289 5190 1443 5241; x_wconf 86' lang='grc' dir='ltr'>αὐτόν</span> <span class='ocrx_word' id='word_1_770' title='bbox 1495 5197 1594 5242; x_wconf 85' lang='grc' dir='ltr'>πᾶν</span> <span class='ocrx_word' id='word_1_771' title='bbox 1651 5191 1770 5242; x_wconf 85' lang='grc' dir='ltr'>ὅσον</span> 
     </span>
    </p>
   </div>
   <div class='ocr_carea' id='block_1_105' title="bbox 171 5277 1770 5355">
    <p class='ocr_par' dir='ltr' id='par_1_105' title="bbox 171 5277 1770 5355">
     <span class='ocr_line' id='line_1_105' title="bbox 171 5277 1770 5355; baseline -0.003 -20"><span class='ocrx_word' id='word_1_772' title='bbox 171 5284 486 5355; x_wconf 82' lang='grc' dir='ltr'>ὑπηρετικὸν</span> <span class='ocrx_word' id='word_1_773' title='bbox 546 5277 660 5352; x_wconf 82' lang='grc' dir='ltr'>εἶχε</span> <span class='ocrx_word' id='word_1_774' title='bbox 711 5285 806 5342; x_wconf 83' lang='grc' dir='ltr'>τῆς</span> <span class='ocrx_word' id='word_1_775' title='bbox 858 5283 1103 5354; x_wconf 74' lang='grc' dir='ltr'>σφετέρας</span> <span class='ocrx_word' id='word_1_776' title='bbox 1149 5279 1484 5340; x_wconf 81' lang='grc' dir='ltr'>ἀλαζονείας·</span> <span class='ocrx_word' id='word_1_777' title='bbox 1540 5279 1770 5350; x_wconf 86' lang='grc' dir='ltr'>εἰσάγον-</span> 
     </span>
    </p>
   </div>
   <div class='ocr_carea' id='block_1_106' title="bbox 172 5365 1766 5442">
    <p class='ocr_par' dir='ltr' id='par_1_106' title="bbox 172 5365 1766 5442">
     <span class='ocr_line' id='line_1_106' title="bbox 172 5365 1766 5442; baseline -0.003 -18"><span class='ocrx_word' id='word_1_778' title='bbox 172 5391 264 5424; x_wconf 87' lang='grc' dir='ltr'>ται</span> <span class='ocrx_word' id='word_1_779' title='bbox 320 5366 379 5423; x_wconf 76' lang='grc' dir='ltr'>δε</span> <span class='ocrx_word' id='word_1_780' title='bbox 437 5372 486 5422; x_wconf 82' lang='grc' dir='ltr'>οἱ</span> <span class='ocrx_word' id='word_1_781' title='bbox 535 5366 819 5440; x_wconf 76' lang='grc' dir='ltr'>γεννάδαιο</span> <span class='ocrx_word' id='word_1_782' title='bbox 872 5368 1059 5442; x_wconf 80' lang='grc' dir='ltr'>μᾶλλον</span> <span class='ocrx_word' id='word_1_783' title='bbox 1117 5365 1176 5421; x_wconf 75' lang='grc' dir='ltr'>δε</span> <span class='ocrx_word' id='word_1_784' title='bbox 1222 5368 1420 5421; x_wconf 84' lang='grc' dir='ltr'>εἰσίασι</span> <span class='ocrx_word' id='word_1_785' title='bbox 1469 5369 1766 5441; x_wconf 73' lang='grc' dir='ltr'>πρόθυμοι*</span> 
     </span>
    </p>
   </div>
   <div class='ocr_carea' id='block_1_107' title="bbox 175 5455 1770 5529">
    <p class='ocr_par' dir='ltr' id='par_1_107' title="bbox 175 5455 1770 5529">
     <span class='ocr_line' id='line_1_107' title="bbox 175 5455 1770 5529; baseline -0.004 -15"><span class='ocrx_word' id='word_1_786' title='bbox 175 5459 309 5521; x_wconf 83' lang='grc' dir='ltr'>εἶπες</span> <span class='ocrx_word' id='word_1_787' title='bbox 364 5458 424 5511; x_wconf 80' lang='grc' dir='ltr'>ἂν</span> <span class='ocrx_word' id='word_1_788' title='bbox 475 5458 662 5520; x_wconf 84' lang='grc' dir='ltr'>αὐτοὺς</span> <span class='ocrx_word' id='word_1_789' title='bbox 708 5459 781 5521; x_wconf 81' lang='grc' dir='ltr'>εἰς</span> <span class='ocrx_word' id='word_1_790' title='bbox 831 5461 1078 5529; x_wconf 83' lang='grc' dir='ltr'>εὐωχίαν,</span> <span class='ocrx_word' id='word_1_791' title='bbox 1122 5456 1216 5509; x_wconf 89' lang='grc' dir='ltr'>οὐκ</span> <span class='ocrx_word' id='word_1_792' title='bbox 1259 5457 1331 5518; x_wconf 83' lang='grc' dir='ltr'>εἰς</span> <span class='ocrx_word' id='word_1_793' title='bbox 1383 5455 1556 5528; x_wconf 87' lang='grc' dir='ltr'>ἀγῶνα</span> <span class='ocrx_word' id='word_1_794' title='bbox 1604 5455 1770 5509; x_wconf 87' lang='grc' dir='ltr'>καλεί-</span> 
     </span>
    </p>
   </div>
   <div class='ocr_carea' id='block_1_108' title="bbox 178 5545 1770 5620">
    <p class='ocr_par' dir='ltr' id='par_1_108' title="bbox 178 5545 1770 5620">
     <span class='ocr_line' id='line_1_108' title="bbox 178 5545 1770 5620; baseline -0.004 -16"><span class='ocrx_word' id='word_1_795' title='bbox 178 5551 304 5604; x_wconf 87' lang='grc' dir='ltr'>σθαι</span> <span class='ocrx_word' id='word_1_796' title='bbox 338 5566 350 5578; x_wconf 78' lang='grc'><strong><em>⁸</em></strong></span> <span class='ocrx_word' id='word_1_797' title='bbox 391 5553 482 5600; x_wconf 79' lang='grc' dir='ltr'>καὶ</span> <span class='ocrx_word' id='word_1_798' title='bbox 533 5549 560 5602; x_wconf 90' lang='grc' dir='ltr'>ό</span> <span class='ocrx_word' id='word_1_799' title='bbox 615 5550 705 5620; x_wconf 76' lang='grc' dir='ltr'>μεν</span> <span class='ocrx_word' id='word_1_800' title='bbox 755 5545 1099 5610; x_wconf 84' lang='grc' dir='ltr'>καταπλήξειν</span> <span class='ocrx_word' id='word_1_801' title='bbox 1151 5545 1339 5608; x_wconf 82' lang='grc' dir='ltr'>αὐτούς</span> <span class='ocrx_word' id='word_1_802' title='bbox 1386 5549 1476 5600; x_wconf 80' lang='grc' dir='ltr'>καὶ</span> <span class='ocrx_word' id='word_1_803' title='bbox 1521 5549 1620 5620; x_wconf 90' lang='grc' dir='ltr'>πρὸ</span> <span class='ocrx_word' id='word_1_804' title='bbox 1672 5553 1770 5599; x_wconf 91' lang='grc' dir='ltr'>τῶν</span> 
     </span>
    </p>
   </div>
   <div class='ocr_carea' id='block_1_109' title="bbox 1877 4555 3524 4630">
    <p class='ocr_par' dir='ltr' id='par_1_109' title="bbox 1877 4555 3524 4630">
     <span class='ocr_line' id='line_1_109' title="bbox 1877 4555 3524 4630; baseline -0.001 -17"><span class='ocrx_word' id='word_1_805' title='bbox 1877 4556 2140 4622; x_wconf 85' lang='lat' dir='ltr'>boribus,</span> <span class='ocrx_word' id='word_1_806' title='bbox 2174 4571 2246 4611; x_wconf 93' lang='lat' dir='ltr'>eo</span> <span class='ocrx_word' id='word_1_807' title='bbox 2273 4555 2466 4625; x_wconf 89' lang='lat' dir='ltr'>magis</span> <span class='ocrx_word' id='word_1_808' title='bbox 2498 4571 2599 4611; x_wconf 88' lang='lat' dir='ltr'>cor</span> <span class='ocrx_word' id='word_1_809' title='bbox 2629 4557 2756 4626; x_wconf 89' lang='lat' dir='ltr'>ejus</span> <span class='ocrx_word' id='word_1_810' title='bbox 2787 4556 3396 4630; x_wconf 61' lang='lat' dir='ltr'>caedebaturﬂraque,</span> <span class='ocrx_word' id='word_1_811' title='bbox 3428 4571 3524 4629; x_wconf 88' lang='lat' dir='ltr'>pe-</span> 
     </span>
    </p>
   </div>
   <div class='ocr_carea' id='block_1_110' title="bbox 1877 4644 2988 4715">
    <p class='ocr_par' dir='ltr' id='par_1_110' title="bbox 1877 4644 2988 4715">
     <span class='ocr_line' id='line_1_110' title="bbox 1877 4644 2988 4715; baseline -0.001 -15"><span class='ocrx_word' id='word_1_812' title='bbox 1877 4645 2047 4701; x_wconf 90' lang='lat' dir='ltr'>rinde</span> <span class='ocrx_word' id='word_1_813' title='bbox 2095 4660 2166 4700; x_wconf 90' lang='lat' dir='ltr'>ac</span> <span class='ocrx_word' id='word_1_814' title='bbox 2203 4644 2376 4715; x_wconf 88' lang='lat' dir='ltr'>ignis,</span> <span class='ocrx_word' id='word_1_815' title='bbox 2437 4660 2574 4700; x_wconf 88' lang='lat' dir='ltr'>eum</span> <span class='ocrx_word' id='word_1_816' title='bbox 2605 4644 2988 4700; x_wconf 86' lang='lat' dir='ltr'>accendebat.</span> 
     </span>
    </p>
   </div>
   <div class='ocr_carea' id='block_1_111' title="bbox 1949 4829 3524 4930">
    <p class='ocr_par' dir='ltr' id='par_1_111' title="bbox 1949 4829 3524 4930">
     <span class='ocr_line' id='line_1_111' title="bbox 1949 4829 3524 4930; baseline 0 -43"><span class='ocrx_word' id='word_1_817' title='bbox 1949 4834 2055 4888; x_wconf 87' lang='lat' dir='ltr'>XV.</span> <span class='ocrx_word' id='word_1_818' title='bbox 2090 4834 2268 4887; x_wconf 88' lang='lat' dir='ltr'>Breve</span> <span class='ocrx_word' id='word_1_819' title='bbox 2297 4836 2533 4902; x_wconf 88' lang='lat' dir='ltr'>tempus</span> <span class='ocrx_word' id='word_1_820' title='bbox 2569 4830 2918 4896; x_wconf 86' lang='lat' dir='ltr'>intercessit,</span> <span class='ocrx_word' id='word_1_821' title='bbox 2950 4834 3012 4930; x_wconf 49' lang='lat' dir='ltr'>vi</span> <span class='ocrx_word' id='word_1_822' title='bbox 3033 4845 3242 4886; x_wconf 90' lang='lat' dir='ltr'>rursus</span> <span class='ocrx_word' id='word_1_823' title='bbox 3272 4829 3368 4886; x_wconf 91' lang='lat' dir='ltr'>ille</span> <span class='ocrx_word' id='word_1_824' title='bbox 3397 4831 3524 4903; x_wconf 91' lang='lat' dir='ltr'>qui-</span> 
     </span>
    </p>
   </div>
   <div class='ocr_carea' id='block_1_112' title="bbox 1877 4919 3523 4993">
    <p class='ocr_par' dir='ltr' id='par_1_112' title="bbox 1877 4919 3523 4993">
     <span class='ocr_line' id='line_1_112' title="bbox 1877 4919 3523 4993; baseline -0.001 -15"><span class='ocrx_word' id='word_1_825' title='bbox 1877 4922 2016 4978; x_wconf 91' lang='lat' dir='ltr'>dem</span> <span class='ocrx_word' id='word_1_826' title='bbox 2049 4920 2329 4993; x_wconf 71' lang='lat' dir='ltr'>praesidet</span> <span class='ocrx_word' id='word_1_827' title='bbox 2351 4920 2411 4976; x_wconf 89' lang='lat' dir='ltr'>in</span> <span class='ocrx_word' id='word_1_828' title='bbox 2433 4920 2662 4976; x_wconf 84' lang='lat' dir='ltr'>excelso</span> <span class='ocrx_word' id='word_1_829' title='bbox 2693 4919 3009 4987; x_wconf 55' lang='lat' dir='ltr'>tribunali?</span> <span class='ocrx_word' id='word_1_830' title='bbox 3025 4923 3192 4975; x_wconf 91' lang='lat' dir='ltr'>torvo</span> <span class='ocrx_word' id='word_1_831' title='bbox 3213 4924 3268 4975; x_wconf 91' lang='lat' dir='ltr'>et</span> <span class='ocrx_word' id='word_1_832' title='bbox 3297 4919 3523 4976; x_wconf 63' lang='lat' dir='ltr'>caedem</span> 
     </span>
    </p>
   </div>
   <div class='ocr_carea' id='block_1_113' title="bbox 1881 5008 3522 5082">
    <p class='ocr_par' dir='ltr' id='par_1_113' title="bbox 1881 5008 3522 5082">
     <span class='ocr_line' id='line_1_113' title="bbox 1881 5008 3522 5082; baseline -0.001 -16"><span class='ocrx_word' id='word_1_833' title='bbox 1881 5011 2144 5082; x_wconf 89' lang='lat' dir='ltr'>spirante</span> <span class='ocrx_word' id='word_1_834' title='bbox 2173 5021 2415 5081; x_wconf 89' lang='lat' dir='ltr'>aspectu</span> <span class='ocrx_word' id='word_1_835' title='bbox 2439 5009 2694 5074; x_wconf 90' lang='lat' dir='ltr'>intuens,</span> <span class='ocrx_word' id='word_1_836' title='bbox 2723 5014 2779 5065; x_wconf 89' lang='lat' dir='ltr'>et</span> <span class='ocrx_word' id='word_1_837' title='bbox 2806 5023 2912 5079; x_wconf 89' lang='lat' dir='ltr'>per</span> <span class='ocrx_word' id='word_1_838' title='bbox 2939 5008 3156 5063; x_wconf 67' lang='lat' dir='ltr'>animm</span> <span class='ocrx_word' id='word_1_839' title='bbox 3185 5008 3522 5079; x_wconf 90' lang='lat' dir='ltr'>speculum,</span> 
     </span>
    </p>
   </div>
   <div class='ocr_carea' id='block_1_114' title="bbox 1879 5096 3524 5165">
    <p class='ocr_par' dir='ltr' id='par_1_114' title="bbox 1879 5096 3524 5165">
     <span class='ocr_line' id='line_1_114' title="bbox 1879 5096 3524 5165; baseline -0.001 -10"><span class='ocrx_word' id='word_1_840' title='bbox 1879 5098 2104 5165; x_wconf 91' lang='lat' dir='ltr'>oculos,</span> <span class='ocrx_word' id='word_1_841' title='bbox 2136 5098 2432 5154; x_wconf 90' lang='lat' dir='ltr'>internam</span> <span class='ocrx_word' id='word_1_842' title='bbox 2470 5097 2790 5154; x_wconf 88' lang='lat' dir='ltr'>ostendens</span> <span class='ocrx_word' id='word_1_843' title='bbox 2845 5096 3244 5163; x_wconf 89' lang='lat' dir='ltr'>acerbitatem,</span> <span class='ocrx_word' id='word_1_844' title='bbox 3299 5102 3355 5153; x_wconf 91' lang='lat' dir='ltr'>et</span> <span class='ocrx_word' id='word_1_845' title='bbox 3413 5112 3524 5153; x_wconf 91' lang='lat' dir='ltr'>nec</span> 
     </span>
    </p>
   </div>
   <div class='ocr_carea' id='block_1_115' title="bbox 1879 5184 3521 5261">
    <p class='ocr_par' dir='ltr' id='par_1_115' title="bbox 1879 5184 3521 5261">
     <span class='ocr_line' id='line_1_115' title="bbox 1879 5184 3521 5261; baseline -0.002 -18"><span class='ocrx_word' id='word_1_846' title='bbox 1879 5188 2151 5261; x_wconf 88' lang='lat' dir='ltr'>pluribus</span> <span class='ocrx_word' id='word_1_847' title='bbox 2163 5188 2404 5260; x_wconf 89' lang='lat' dir='ltr'>quidem</span> <span class='ocrx_word' id='word_1_848' title='bbox 2422 5189 2511 5243; x_wconf 92' lang='lat' dir='ltr'>sui</span> <span class='ocrx_word' id='word_1_849' title='bbox 2526 5188 2800 5260; x_wconf 66' lang='lat' dir='ltr'>praebens</span> <span class='ocrx_word' id='word_1_850' title='bbox 2815 5184 3073 5242; x_wconf 88' lang='lat' dir='ltr'>adeundi</span> <span class='ocrx_word' id='word_1_851' title='bbox 3093 5187 3349 5257; x_wconf 90' lang='lat' dir='ltr'>copiam:</span> <span class='ocrx_word' id='word_1_852' title='bbox 3368 5185 3521 5242; x_wconf 88' lang='lat' dir='ltr'>illum</span> 
     </span>
    </p>
   </div>
   <div class='ocr_carea' id='block_1_116' title="bbox 1879 5273 3527 5346">
    <p class='ocr_par' dir='ltr' id='par_1_116' title="bbox 1879 5273 3527 5346">
     <span class='ocr_line' id='line_1_116' title="bbox 1879 5273 3527 5346; baseline -0.001 -13"><span class='ocrx_word' id='word_1_853' title='bbox 1879 5283 2080 5333; x_wconf 89' lang='lat' dir='ltr'>autem</span> <span class='ocrx_word' id='word_1_854' title='bbox 2114 5281 2344 5333; x_wconf 92' lang='lat' dir='ltr'>tantum</span> <span class='ocrx_word' id='word_1_855' title='bbox 2375 5276 2800 5344; x_wconf 90' lang='lat' dir='ltr'>cirumsistunt,</span> <span class='ocrx_word' id='word_1_856' title='bbox 2839 5273 3182 5346; x_wconf 91' lang='lat' dir='ltr'>quicunque</span> <span class='ocrx_word' id='word_1_857' title='bbox 3213 5278 3382 5330; x_wconf 90' lang='lat' dir='ltr'>erant</span> <span class='ocrx_word' id='word_1_858' title='bbox 3409 5274 3527 5331; x_wconf 91' lang='lat' dir='ltr'>mi-</span> 
     </span>
    </p>
   </div>
   <div class='ocr_carea' id='block_1_117' title="bbox 1877 5363 3522 5437">
    <p class='ocr_par' dir='ltr' id='par_1_117' title="bbox 1877 5363 3522 5437">
     <span class='ocr_line' id='line_1_117' title="bbox 1877 5363 3522 5437; baseline -0.001 -17"><span class='ocrx_word' id='word_1_859' title='bbox 1877 5365 2047 5421; x_wconf 89' lang='lat' dir='ltr'>nistri</span> <span class='ocrx_word' id='word_1_860' title='bbox 2097 5365 2226 5437; x_wconf 91' lang='lat' dir='ltr'>ejus</span> <span class='ocrx_word' id='word_1_861' title='bbox 2252 5365 2624 5436; x_wconf 61' lang='lat' dir='ltr'>arrogantia.</span> <span class='ocrx_word' id='word_1_862' title='bbox 2668 5363 3130 5420; x_wconf 90' lang='lat' dir='ltr'>Introducuntur</span> <span class='ocrx_word' id='word_1_863' title='bbox 3158 5367 3359 5419; x_wconf 90' lang='lat' dir='ltr'>autem</span> <span class='ocrx_word' id='word_1_864' title='bbox 3409 5363 3522 5419; x_wconf 82' lang='lat' dir='ltr'>viri</span> 
     </span>
    </p>
   </div>
   <div class='ocr_carea' id='block_1_118' title="bbox 1877 5451 3520 5527">
    <p class='ocr_par' dir='ltr' id='par_1_118' title="bbox 1877 5451 3520 5527">
     <span class='ocr_line' id='line_1_118' title="bbox 1877 5451 3520 5527; baseline -0.002 -17"><span class='ocrx_word' id='word_1_865' title='bbox 1877 5453 2168 5527; x_wconf 61' lang='lat' dir='ltr'>praeclari,</span> <span class='ocrx_word' id='word_1_866' title='bbox 2193 5453 2285 5509; x_wconf 87' lang='lat' dir='ltr'>vel</span> <span class='ocrx_word' id='word_1_867' title='bbox 2307 5453 2503 5526; x_wconf 88' lang='lat' dir='ltr'>potius</span> <span class='ocrx_word' id='word_1_868' title='bbox 2524 5452 2936 5523; x_wconf 89' lang='lat' dir='ltr'>ingrediuntur</span> <span class='ocrx_word' id='word_1_869' title='bbox 2955 5455 3236 5524; x_wconf 88' lang='lat' dir='ltr'>prompto</span> <span class='ocrx_word' id='word_1_870' title='bbox 3255 5455 3313 5508; x_wconf 89' lang='lat' dir='ltr'>et</span> <span class='ocrx_word' id='word_1_871' title='bbox 3335 5451 3520 5508; x_wconf 86' lang='lat' dir='ltr'>alacri</span> 
     </span>
    </p>
   </div>
   <div class='ocr_carea' id='block_1_119' title="bbox 1879 5541 3521 5608">
    <p class='ocr_par' dir='ltr' id='par_1_119' title="bbox 1879 5541 3521 5608">
     <span class='ocr_line' id='line_1_119' title="bbox 1879 5541 3521 5608; baseline -0.004 -8"><span class='ocrx_word' id='word_1_872' title='bbox 1879 5543 2102 5600; x_wconf 87' lang='lat' dir='ltr'>animo.</span> <span class='ocrx_word' id='word_1_873' title='bbox 2136 5544 2366 5600; x_wconf 87' lang='lat' dir='ltr'>Diceres</span> <span class='ocrx_word' id='word_1_874' title='bbox 2394 5557 2497 5600; x_wconf 87' lang='lat' dir='ltr'>eos</span> <span class='ocrx_word' id='word_1_875' title='bbox 2527 5542 2728 5600; x_wconf 89' lang='lat' dir='ltr'>vocari</span> <span class='ocrx_word' id='word_1_876' title='bbox 2757 5543 2838 5600; x_wconf 86' lang='lat' dir='ltr'>ad</span> <span class='ocrx_word' id='word_1_877' title='bbox 2861 5541 3222 5608; x_wconf 85' lang='lat' dir='ltr'>convivium,</span> <span class='ocrx_word' id='word_1_878' title='bbox 3254 5554 3378 5596; x_wconf 91' lang='lat' dir='ltr'>non</span> <span class='ocrx_word' id='word_1_879' title='bbox 3416 5554 3521 5595; x_wconf 89' lang='lat' dir='ltr'>au-</span> 
     </span>
    </p>
   </div>
  </div>
