4110 6272
574 284 677 339 123
1684 299 1691 302 “
1957 276 2197 333 MENSIS

2331 274 2550 335 ’RILIS.
3858 280 3954 334 124

575 414 693 466 tem
726 407 802 464 ad
819 412 1139 465 certamen.
1164 410 1228 462 Et
1242 407 1335 463 ille
1352 407 1594 480 quidem
1612 405 1944 469 videbatur,
1966 401 2061 459 vel
2088 406 2198 456 antt

2334 400 2550 454 ἀπειλῶν
2594 400 2764 455 ἐδόκει
2799 407 2927 475 μόνῃ
2976 410 3039 475 τῇ
3076 405 3182 474 θέᾳ,
3216 407 3303 455 καὶ
3361 403 3538 475 ἠρώτα
3583 412 3683 464 τῆς
3734 411 3945 473 γνώμης

576 498 793 563 minas,
828 513 928 551 eos
959 512 1087 551 esse
1121 498 1425 551 territurus
1454 497 1585 567 ipso
1605 495 1732 550 solo
1761 499 2005 563 aspectu
2028 508 2038 544 :
2061 496 2114 545 et
2141 491 2197 543 in

2334 493 2741 567 ἀποπειρώμενος
2803 502 2900 545 τῶν
2957 493 3117 564 ἁγίων
3182 497 3272 545 καὶ
3349 492 3641 565 μεταϐολήν
3729 494 3951 561 ἐφαντα-

576 586 935 655 terrogabat,
958 585 1259 640 sententiae
1278 592 1605 655 martyrum
1624 584 1843 639 faciens
1866 579 2194 652 periculum

2333 586 2447 640 ςετο
2471 596 2484 610 ⁸
2518 584 2565 633 οἱ
2598 579 2657 634 δε
2694 592 2940 633 τοσοῦτον
2986 581 3221 653 ἀπέσχον
3250 590 3341 634 τοῦ
3388 602 3441 634 τι
3465 590 3698 634 τοιουτον
3734 585 3945 641 παθεῖν,

578 680 635 730 et
668 674 888 728 visione
916 673 1401 744 apprehendebat
1417 689 1622 727 eorum
1643 671 2055 726 mutationem.
2077 670 2196 722 Tan

2330 676 2463 722 ὥστε
2518 676 2605 722 καὶ
2660 668 2927 730 ὠνείδιζον
2987 670 3126 740 αὐτῷ
3192 676 3286 728 τήν
3348 675 3465 743 περὶ
3522 676 3617 729 τήν
3676 672 3949 742 ἀπὸφαστν

578 765 706 817 tum
736 776 875 816 vero
905 761 1130 829 aberat,
1170 766 1229 815 ut
1258 761 1334 816 illi
1366 762 1444 816 ita
1477 766 1673 816 essent
1698 759 1911 824 atfecti,
1944 762 2007 812 ut
2044 757 2201 811 etian

2334 756 2667 831 βραδυτῆτα,
2700 765 2789 811 καὶ
2822 762 2901 811 ὅτι
2954 765 3023 831 μὴ
3073 764 3279 831 ταχέως
3324 759 3651 817 ἀπέθνησκον
3701 759 3949 819 ἐπιεικῶς

580 851 633 906 ei
663 849 1091 921 exprobrarent
1122 851 1452 905 tarditatem
1486 850 1545 904 in
1575 850 1815 904 ferenda
1836 846 2144 909 sententia,
2168 860 2199 898 e

2332 845 2725 921 ἐδυσχέραινον.
2786 854 2848 900 Τί
2914 852 3218 920 πράγματα,
3274 849 3515 919 λέγοντες,
3594 854 3688 900 καὶ
3769 859 3946 917 σαυτῷ

580 938 745 1009 quod
784 953 903 992 non
945 938 1058 992 cito
1100 944 1483 1006 morerentur,
1528 937 1700 993 valde
1738 952 1893 1006 aegre
1946 935 2165 990 ferrent

2332 942 2419 989 καὶ
2476 944 2581 998 τοῖς
2647 940 2924 1011 ὑπηρέταις
2977 942 3245 1011 παρέχεις⁹
3303 935 3599 1008 ἀγωγίμους
3808 940 3946 1008 ἡμᾶς

581 1028 711 1091 Cur,
741 1026 1027 1089 dicentes,
1046 1032 1102 1081 et
1120 1026 1241 1093 tibi,
1263 1032 1319 1080 et
1338 1026 1575 1080 famulis
1594 1026 1834 1080 exhibes
1866 1023 2198 1079 molestiam

2332 1026 2578 1086 πολλάκις
2606 1035 2784 1097 ποιῶν,
2818 1036 2910 1089 τῆς
2958 1023 3017 1079 δε
3054 1026 3350 1085 τελευταίας
3386 1026 3563 1098 ψήφου
3612 1022 3942 1098 φειδόμενος.

578 1129 690 1169 nos
728 1114 971 1185 quidem
999 1130 1155 1185 saepe
1173 1114 1498 1177 adducens,
1523 1120 1838 1185 postremae
1856 1117 2056 1167 autem
2074 1125 2198 1165 sem

2334 1114 2552 1177 έλπίζων
2599 1117 2744 1186 τάχα
2791 1114 3093 1187 μεταϐαλεῖν
3142 1117 3282 1187 ἡμᾶς
3333 1118 3421 1165 καὶ
3462 1121 3642 1166 πεῖσαι
3702 1113 3942 1171 ἀποστῆ-

578 1218 685 1274 per
722 1217 971 1273 parcens
1011 1202 1334 1266 sententia),
1400 1218 1649 1273 sperans
1690 1202 1936 1257 fortasse
1975 1199 2119 1262 fore,
2164 1214 2199 1251 u

2332 1225 2415 1256 ναι
2492 1212 2718 1277 Χριστοῦ
2787 1210 2876 1256 καὶ
2927 1212 3023 1266 τῆς
3096 1202 3372 1269 ἀληθείας;
3424 1202 3585 1277 Ὀπερ
3670 1208 3797 1255 τότε
3889 1202 3944 1252 ἂν

578 1306 689 1346 nos
728 1292 1029 1361 poeniteat,
1062 1295 1118 1346 et
1155 1291 1537 1362 persuadeas,
1571 1296 1631 1346 ut
1662 1306 1695 1345 a
1723 1290 1949 1346 Christo
1978 1288 2201 1343 deﬁcia-

2333 1294 2549 1357 ἐθεάσω,
2582 1294 2664 1344 ὅτε
2707 1294 2898 1364 ὁμοίως
2928 1300 3037 1354 τοῖς
3078 1300 3185 1353 σοῖς
3231 1294 3365 1353 θεοῖς
3413 1291 3770 1352 ἀναισθήτους
3814 1294 3945 1363 ἡμᾶς

579 1394 718 1434 mus
772 1384 825 1434 et
867 1380 1103 1434 veritate
1129 1380 1155 1434 ?
1198 1379 1369 1444 Quod
1420 1379 1662 1451 quidem
1715 1383 1855 1434 tunc
1899 1376 2199 1448 aspexeris

2333 1382 2565 1454 ἑώρακας
2611 1388 2699 1434 καὶ
2747 1385 2963 1453 κωφούς.
3013 1389 3191 1433 Ταῦτα
3239 1381 3333 1433 οὐκ
3389 1383 3617 1452 ἔφθασαν
3673 1380 3747 1441 εἰς
3811 1380 3946 1439 τέλος

581 1482 719 1522 cum
773 1466 988 1521 videris
1020 1484 1127 1521 nos
1167 1483 1335 1539 teque
1366 1483 1434 1522 ac
1463 1467 1607 1522 deos
1643 1471 1793 1532 tuos,
1826 1466 1988 1521 nullo
2046 1480 2204 1519 senSt

2334 1471 2510 1535 εἰπεῖν,
2566 1476 2656 1522 καὶ
2708 1467 2927 1543 σιδηροῖ
2969 1474 3056 1540 μεν
3106 1473 3240 1521 κατά
3284 1479 3383 1541 γῆς
3427 1470 3729 1542 ἐσπείροντο
3774 1468 3948 1543 τρίϐο-

579 1554 860 1627 praeditos
890 1560 946 1610 et
975 1556 1209 1611 surdos.
1243 1558 1374 1610 Haec
1429 1572 1565 1610 cum
1597 1556 1860 1625 primum
1913 1554 2202 1608 dixissent

2334 1560 2454 1611 λοι·
2488 1560 2818 1620 ἠκοντίζοντο
2872 1556 2930 1612 δε
2976 1559 3090 1611 κατ’
3148 1560 3315 1611 αὐτῶν
3360 1560 3407 1609 οἱ
3462 1566 3689 1628 γενναῖοι
3755 1565 3946 1630 γυμνοὶ

584 1644 840 1698 murices
868 1643 1111 1714 quidem
1164 1643 1335 1697 ferrei
1392 1642 1971 1714 dispergebanturin
2027 1647 2172 1695 terra

2335 1653 2425 1701 xui.
2472 1648 2646 1700 ὕπτιοι
2694 1649 2861 1701 ἐπάνω
2908 1652 3101 1701 τούτων
3151 1644 3373 1719 ἀφειδῶς
3425 1647 3667 1711 ε’ίλκοντο,
3721 1654 3947 1722 πρᾶγμα

584 1731 852 1802 praeclari
875 1736 1073 1786 autem
1109 1731 1213 1785 viri
1242 1732 1298 1785 in
1327 1747 1429 1786 eos
1460 1731 1605 1785 nudi
1632 1730 2026 1800 jaciebantur,
2063 1735 2207 1783 etsu

2338 1744 2644 1806 πικρότατον
2702 1738 2771 1799 εἰς
2824 1742 3075 1810 τιμωρίαν
3140 1741 3229 1788 καὶ
3285 1741 3437 1808 μόνον
3514 1736 3582 1797 εἰς
3641 1735 3948 1807 ὀφθαλμοὺς

584 1819 707 1891 pini
739 1835 916 1890 super
945 1835 1046 1874 eos
1080 1820 1461 1875 trahebantur
1488 1819 1800 1874 crudeliter
1832 1835 1844 1871 :
1880 1835 1972 1874 res
2000 1819 2073 1872 ad
2100 1833 2204 1871 cru

2338 1827 2615 1899 έρχὸμενον
2648 1843 2659 1855 ·
2723 1826 2827 1877 ἀλλ’
2886 1822 2999 1877 οὐδ’
3066 1825 3112 1876 ἐν
3165 1829 3329 1897 τούτῳ
3386 1828 3516 1886 Θεὸς
3581 1834 3680 1875 τῶν
3742 1825 3947 1877 οἰκείων

585 1909 804 1963 ciatum
835 1908 1239 1976 acerbissima,
1268 1925 1403 1964 cum
1430 1909 1520 1963 vel
1546 1910 1741 1964 solum
1766 1908 2076 1980 subjicitur
2096 1923 2207 1962 ocu

2339 1917 2513 1989 ήμελει
2574 1918 2913 1989 θεραπευτῶν,
2970 1914 3077 1966 ἀλλ’
3130 1914 3313 1976 εὐθέως
3363 1910 3473 1985 (δεῖ
3514 1916 3612 1987 γὰρ
3646 1918 3739 1965 καὶ
3797 1911 3951 1973 αὖθις

586 1998 676 2052 lis.
704 1997 815 2052 Sed
844 2013 952 2052 nec
976 1999 1037 2052 in
1066 1998 1181 2053 hoc
1210 1998 1454 2069 quidem
1513 1998 1656 2053 deos
1686 2014 1826 2053 suos
1859 1997 2112 2066 neglexit
2152 1994 2209 2050 fa

2341 2010 2397 2057 τὸ
2456 2013 2547 2066 τῆς
2603 2007 2736 2065 θείας
2786 2005 2939 2075 φάναι
2996 2005 3223 2075 Γραφῆς)
3284 2002 3435 2059 ἀνέϐη
3495 2004 3520 2054 ὀ
3574 2001 3820 2074 ἐμφυσῶν
3884 2004 3949 2063 εἰς

587 2085 810 2140 mulos:
832 2085 937 2140 sed
969 2086 1168 2141 statim
1200 2087 1454 2157 (oportet
1482 2087 1640 2141 enim
1674 2102 1879 2140 rursus
1901 2085 2128 2156 aliquid
2155 2084 2209 2138 di

2343 2099 2618 2165 πρόσωπον
2684 2093 2850 2144 αὐτῶν
2911 2097 2999 2143 καὶ
3064 2091 3419 2165 ὶξαιρούμενος
3486 2090 3674 2151 αὐτοὺς
3731 2089 3789 2141 ἐκ
3845 2091 3950 2142 61i-

587 2189 717 2228 cere
744 2189 815 2228 ex
844 2174 1045 2229 divina
1078 2175 1398 2245 Scriptura)
1435 2175 1699 2229 ascendit
1737 2175 2033 2244 inspirans
2065 2174 2124 2228 in
2156 2172 2210 2228 fa

2344 2182 2515 2253 ψεως’
2550 2187 2638 2233 καὶ
2686 2188 3019 2253 παραχρῆμα
3060 2183 3108 2232 οἱ
3152 2178 3385 2254 τρίϐολοι
3434 2179 3635 2251 ἀφανεῖς
3685 2176 3827 2236 ἦσαν
3864 2186 3952 2231 καὶ

589 2262 740 2317 ciem
770 2277 996 2326 eorum,
1030 2266 1086 2317 et
1114 2278 1217 2318 eos
1247 2262 1505 2318 liberans
1522 2278 1593 2317 ex
1612 2261 1947 2317 afﬂictione.
1980 2262 2206 2333 Etproti

2348 2272 2493 2324 αὐτοὶ
2574 2280 2744 2324 κακῶν
2819 2272 3035 2331 ἀπαθεῖς
3115 2268 3507 2340 ἐφυλάχθησαν.
3565 2276 3732 2321 Τοῦτο
3821 2274 3954 2341 πρὸς

587 2366 704 2405 nus
757 2358 1125 2406 evanuerunt
1175 2351 1454 2415 murices,
1488 2357 1544 2406 et
1587 2352 1917 2407 conservati
1948 2358 2083 2406 sunt
2124 2355 2210 2423 ips

2351 2363 2554 2414 πλείονα
2605 2365 2791 2433 μανίαν
2838 2358 3022 2421 ἐξῆπτε
3071 2362 3155 2409 τὸν
3215 2354 3494 2426 δικαστήν,
3548 2362 3637 2409 καὶ
3691 2357 3955 2432 ξυστῆρες

587 2438 756 2494 illaesi
787 2454 821 2493 a
854 2439 1043 2493 malis.
1074 2441 1192 2494 Hoc
1221 2442 1398 2511 plane
1424 2440 1689 2511 judicem
1706 2441 2065 2496 accenditad
2085 2440 2210 2495 iuro

2348 2452 2500 2504 πάλιν
2544 2454 2631 2510 τὰς
2674 2450 2895 2522 πλευρὰς
2935 2448 3141 2509 ὑπέξεον
3175 2455 3271 2499 τῶν
3304 2447 3485 2517 ἁγίων,
3519 2446 3683 2507 οὕτως
3731 2446 3953 2521 ἀγρίως,

588 2543 716 2583 rem
750 2544 761 2579 :
786 2533 842 2582 et
870 2528 1174 2583 novaculae
1198 2530 1346 2584 adeo
1368 2530 1681 2585 crudeliter
1712 2531 2211 2601 martyrumlater;

2350 2544 2414 2600 ὡς
2446 2540 2764 2612 ἀμφοτέρους
2793 2534 2938 2597 αὖθις
2968 2536 3063 2599 ἔξω
3107 2545 3203 2588 τῶν
3248 2545 3477 2607 φυσικῶν
3509 2538 3638 2608 ὅρων
3683 2539 3949 2606 γενέσθαι,

588 2615 919 2679 laniabant,
941 2621 1001 2670 ut
1032 2621 1345 2687 utrumque
1371 2634 1477 2687 par
1505 2635 1713 2673 rursus
1736 2619 2113 2687 egrederetur
2141 2635 2211 2672 na

2350 2632 2439 2679 καὶ
2468 2631 2586 2688 τοὺς
2617 2623 2841 2696 δημίους
2872 2627 2919 2676 ἐν
2947 2632 3020 2693 τῷ
3068 2623 3303 2684 κολάζειν
3346 2622 3671 2694 ἀσυμπαθῶς
3710 2629 3807 2675 καὶ
3838 2628 3956 2684 τοὺς

594 2704 809 2759 turales
833 2704 1068 2767 limites,
1087 2721 1302 2776 nempe
1323 2706 1622 2763 etlictores
1642 2708 1699 2761 in
1726 2707 2028 2777 puniendo
2052 2706 2217 2762 immi

1895 2707 2028 2761 :ndo
2052 2706 2247 2762 immi-
2353 2716 2533 2788 ἁγίους
2564 2715 2612 2767 ἐν
2636 2723 2706 2785 τῷ
2736 2719 2898 2790 φέρειν
2930 2713 3177 2785 εὐψύχως
3206 2716 3269 2765 τὰ
3293 2712 3518 2783 λυπηρά.

593 2792 977 2857 sericorditer,
1013 2798 1069 2848 et
1101 2795 1288 2849 sancti
1319 2794 1379 2849 in
1402 2795 1532 2850 forti
1551 2796 1754 2851 animo
1782 2795 2102 2851 tolerandis
2125 2812 2247 2851 mo.

593 2880 793 2936 lestiis.

666 2970 806 3024 XVI.
839 2973 975 3026 Post
1005 2972 1133 3027 haec
1186 2988 1390 3027 rursus
1421 2979 1745 3042 congregat
1791 2974 2011 3029 bestias
2039 2974 2250 3029 crude-

2428 2964 2525 3029 lg'.
2594 2966 2738 3018 Μετά
2790 2970 2954 3015 ταῦτα
3005 2960 3157 3013 πάλιν
3206 2964 3269 3014 τὰ
3319 2970 3420 3014 τῶν
3472 2963 3662 3033 θηρίων
3713 2961 3965 3033 ὠμότατοι

594 3057 872 3123 lissimas,
907 3063 963 3114 et
997 3062 1214 3116 sanctis
1249 3062 1541 3117 theatrum
1576 3063 1894 3130 constituit,
1922 3070 1977 3117 et
2002 3062 2128 3135 ipse
2158 3080 2217 3119 se

2361 3054 2711 3128 συναθροίζει,
2767 3054 2975 3124 θέατρόν
3033 3069 3087 3102 τε
3136 3055 3418 3109 συνίστησι
3473 3057 3584 3112 τοῖς
3626 3049 3821 3121 ἁγίοις,
3877 3056 3964 3102 καὶ

595 3147 695 3201 det
732 3153 1047 3219 spectator.
1082 3152 1309 3205 Etcum
1341 3152 1398 3204 in
1435 3150 1695 3206 medium
1724 3151 2067 3208 adduxisset
2094 3168 2218 3208 mar

2361 3146 2541 3204 θεατής
2586 3142 2740 3201 αὐτὸς
2789 3142 3015 3197 κάθηται
3044 3159 3055 3170 τ
3101 3138 3168 3200 εἰς
3214 3142 3368 3211 μέσον
3418 3158 3471 3190 τε
3528 3141 3643 3199 τοὺς
3691 3140 3965 3213 μάρτυρας

596 3238 777 3306 tyres,
810 3235 871 3291 in
902 3252 1003 3291 eos
1033 3238 1293 3294 immittit
1327 3255 1528 3294 ursam
1562 3257 1573 3295 :
1604 3244 1660 3295 et
1685 3256 1822 3296 cum
1852 3246 2138 3313 putasset,
2169 3241 2219 3295 si

2362 3231 2593 3301 ἀγαγὼν,
2648 3232 2836 3302 ἄρκτον
2891 3228 3068 3289 αὐτοῖς
3120 3227 3371 3299 ἐπαφίησι
3424 3248 3513 3280 και
3569 3232 3789 3297 νομίσας
3837 3230 3963 3301 ὁμοῦ

594 3324 719 3378 mul
737 3329 915 3396 atque
934 3325 1181 3382 fuissent
1207 3327 1612 3394 immissi,fore
1638 3332 1699 3383 ut
1723 3330 1985 3384 virorum
2010 3328 2217 3399 praecla

2362 3340 2415 3372 τε
2482 3319 2729 3390 ἀφεθῆναι
2801 3323 2890 3369 καὶ
2947 3325 3053 3379 τοῖς
3114 3314 3385 3387 γεννάδαις
3460 3313 3831 3388 διασπαράξαι
3906 3322 3966 3369 τὰ

593 3426 798 3467 rorum
854 3429 1106 3484 corpora
1136 3415 1513 3486 discerperet,
1549 3416 1692 3470 vidit
1721 3417 1919 3485 potius
1973 3422 2216 3469 naturam

2366 3414 2602 3479 σώματα,
2638 3415 2736 3458 τῶν
2788 3405 2987 3477 ἀλόγων
3034 3406 3222 3478 μᾶλλον
3276 3406 3409 3479 ἐώρα
3444 3411 3538 3464 τήν
3588 3409 3745 3477 φύσιν
3793 3426 3965 3479 παρα-

596 3500 948 3557 animalium
963 3504 1221 3559 rationes
1235 3504 1561 3559 carentium
1575 3545 1588 3569 ,
1607 3504 1681 3559 ad
1692 3502 2219 3559 mirabiliterdocen

2366 3493 2529 3558 δοξως
2578 3499 2692 3556 τοὺς
2748 3496 2984 3567 λογικοὺς
3040 3498 3410 3558 συνετίζουσαν
3445 3512 3455 3523 ·
3509 3497 3539 3553 ἡ
3600 3498 3697 3569 γὰρ
3754 3497 3962 3569 ἄρκτος,

598 3592 714 3642 tem
737 3588 1184 3659 intelligentiam
1208 3608 1310 3647 eos
1340 3592 1442 3664 qui
1476 3596 1613 3647 sunt
1638 3592 1955 3663 participes
1986 3592 2221 3647 rationis

2365 3587 2536 3658 ὥσπερ
2595 3582 2875 3657 αἰδουμένη
2948 3588 3067 3645 τοὺς
3143 3587 3367 3656 ὡραίους
3418 3584 3584 3636 αὐτῶν
3642 3583 3814 3646 πόδας
3876 3590 3963 3636 καὶ

600 3678 746 3731 Ursa
776 3679 955 3743 enim,
987 3680 1167 3734 veluti
1199 3681 1446 3737 reverita
1468 3682 1769 3752 speciosos
1806 3698 2015 3737 eorum
2043 3681 2223 3753 pedes

2363 3675 2566 3747 εἰρήνην
2620 3673 2823 3733 ἀληθῶς
2880 3673 3383 3745 εὐαγγελιζομένους,
3435 3676 3494 3725 οὐ
3552 3677 3701 3745 μόνον
3753 3672 3962 3724 ἐπιϐλα-

598 3770 653 3819 et
684 3780 895 3835 pacem
928 3782 1062 3821 vere
1094 3771 1541 3833 anuuntiantes,
1573 3784 1691 3823 non
1726 3770 1917 3823 solum
1960 3770 2105 3824 nihil
2143 3787 2221 3826 no

2362 3764 2441 3825 ϐες
2488 3760 2638 3816 οὐδὲν
2691 3768 2778 3815 καὶ
2825 3764 3006 3837 ἄγριον
3058 3768 3147 3813 καὶ
3192 3766 3248 3815 τὸ
3311 3762 3421 3814 ὅλον
3489 3765 3643 3834 φάναι
3701 3760 3961 3835 θηριῶδες

598 3852 786 3919 xium,
823 3869 932 3909 nec
962 3862 1193 3923 agreste
1229 3854 1384 3921 fecit,
1414 3873 1521 3911 nec
1556 3862 1617 3911 ut
1658 3857 1842 3912 semel
1873 3858 2091 3923 dicam,
2135 3859 2221 3913 bel

2363 3855 2663 3927 εἰργάσατο,
2738 3852 2865 3905 ἀλλά
2928 3858 3017 3905 καὶ
3090 3857 3437 3924 προσέπιπτεν
3515 3852 3692 3914 αὐτοῖς
3770 3853 3960 3923 μᾶλλον

598 3941 831 3997 luinum
869 3961 881 3995 :
915 3943 1016 3997 sed
1044 3943 1121 3998 ad
1153 3958 1361 3997 eorum
1391 3943 1572 4015 pedes
1605 3944 1873 4015 procidit,
1892 3946 2151 4001 etamice
2169 3962 2221 4001 es

2362 3949 2450 3995 καὶ
2498 3943 2704 4014 φιλικῶς
2743 3943 3008 4002 ἠσπάζετο
3040 3961 3051 3973 ·
3088 3938 3210 3994 οὐδὲ
3262 3951 3414 3993 τουτο
3454 3946 3642 4016 ἤρκεσε
3681 3950 3753 4011 τῷ
3804 3941 3961 3994 ἀσυν-

601 4029 897 4101 amplexa.
932 4030 1046 4085 Nec
1097 4030 1210 4086 hoc
1254 4032 1499 4103 quidem
1557 4031 1791 4087 suffecit
1832 4034 2133 4105 insipienti
2175 4051 2224 4090 at

2362 4037 2457 4103 έτῳ
2499 4040 2615 4083 νοῦν
2668 4031 2923 4103 ἐμϐαλεῖν,
2974 4030 3098 4083 ἀλλά
3150 4036 3237 4083 καὶ
3287 4030 3407 4083 λέων
3457 4031 3604 4091 εὐθὺς
3656 4030 3960 4102 ἐπαφίεται·

601 4117 865 4174 dandam
889 4120 938 4174 ei
973 4120 1439 4190 intelligentiam.
1469 4121 1576 4177 Sed
1604 4124 1697 4176 leo
1719 4138 1959 4193 quoque
1984 4124 2219 4194 protinu

2362 4126 2451 4173 καὶ
2498 4121 2649 4181 αὐτὸς
2678 4122 2863 4193 ὁμοίως
2914 4128 2975 4192 τῇ
3026 4121 3201 4194 ἄρκτῳ
3244 4127 3355 4181 τοῖς
3401 4121 3550 4179 θείοις
3579 4123 3802 4191 νεύμασι
3850 4140 3963 4172 πει-

603 4207 973 4264 immittitur:
1008 4208 1111 4281 qui
1143 4209 1269 4281 ipse
1308 4209 1573 4265 similiter
1602 4215 1779 4282 atque
1820 4228 1981 4281 ursa,
2034 4212 2219 4268 divini

2367 4212 2578 4283 θαρχῶν
2636 4207 2695 4267 ἦν
2749 4215 2836 4261 καὶ
2883 4217 2991 4266 τοῖς
3043 4210 3168 4281 ὑπὲρ
3224 4216 3315 4260 τοῦ
3363 4216 3535 4259 κοινοῦ
3591 4213 3855 4260 Δεσποτου
3905 4212 3967 4260 τὰ

604 4295 923 4353 obediebat
980 4298 1244 4365 nutibus,
1272 4299 1341 4354 iis
1366 4300 1465 4371 qui
1506 4316 1613 4371 pro
1645 4302 1950 4356 communi
1999 4301 2227 4357 Domini

2365 4300 2574 4372 χαλεπά
2603 4302 2909 4369 πάσχοντας
2957 4298 3061 4369 οὐχ
3100 4300 3233 4357 ὅπως
3272 4294 3471 4371 δρᾶσαί
3503 4318 3553 4349 τι
3582 4301 3806 4370 πονηρὸν
3840 4296 3968 4369 βου-

603 4385 807 4453 gravia
822 4386 1366 4453 patiebantur,nihil
1392 4388 1638 4443 omnino
1658 4389 1862 4443 volens
1884 4388 2025 4443 mali
2040 4389 2226 4445 facere

2365 4390 2590 4461 λόμενος.
2679 4387 2951 4460 Οὐαλέριος
3026 4391 3214 4451 τοίνυν,
3299 4387 3471 4458 ὥσπερ
3554 4388 3706 4448 αὐτὸς
3790 4387 3966 4439 ἑαυτὸν

2377 4481 2388 4490 .
2503 4478 2529 4490 ι,
2568 4478 2583 4490 .
2623 4486 2641 4490 _
2749 4477 2757 4489 .
2979 4481 2988 4490 .
3233 4481 3241 4490 .
3496 4477 3516 4489 ..
3794 4474 3812 4490 κ
3848 4478 3859 4487 .
3948 4484 3959 4490 -

602 4473 863 4528 Valerius
891 4480 1112 4537 autem,
1142 4480 1431 4545 tanquam
1464 4476 1591 4545 ipse
1619 4475 1882 4545 seipsum
1911 4491 2135 4532 conans
2159 4495 2225 4532 su

2368 4478 2667 4552 ὑπερϐαλεῖν
2739 4477 2786 4528 ἐν
2867 4481 3025 4547 κακίᾳ
3093 4481 3423 4548 πειρώμενος,
3492 4477 3541 4526 ἔν
3616 4495 3720 4527 τινι
3794 4474 3966 4545 λάκκῴ

602 4577 811 4633 perare
830 4561 887 4614 in
912 4560 1147 4626 scelere,
1170 4562 1229 4614 in
1252 4561 1449 4617 lacum
1472 4562 1796 4633 quemdam
1836 4579 1991 4619 nova
2019 4566 2179 4621 calce
2200 4581 2225 4620 e

2367 4569 2573 4619 τιτάνου
2630 4566 3025 4637 πεπληρωμένῳ,
3078 4565 3130 4617 ὃν
3185 4565 3403 4624 σύνηθες
3449 4563 3705 4616 ἄσϐεστον
3784 4562 3965 4635 ὀνομά-

602 4664 809 4705 recens
847 4648 1151 4717 exstincta,
1176 4647 1287 4716 vel,
1316 4654 1375 4704 ut
1403 4651 1614 4706 melius
1639 4651 1857 4717 dicam,
1891 4668 2144 4709 accensa
2170 4670 2225 4710 re

2368 4660 2489 4719 ζειν,
2528 4662 2708 4729 νεαροῦ
2747 4659 2831 4705 καὶ
2882 4654 3003 4726 οῖρτι
3046 4652 3369 4718 σϐεσθέντος,
3403 4652 3430 4709 ἣ
3482 4651 3672 4723 μᾶλλον
3722 4650 3964 4723 ἀναφθέν-

604 4737 840 4804 t‘ertum,
867 4737 1037 4809 jubet
1069 4742 1307 4793 sanctos
1336 4738 1595 4807 immitti,
1628 4744 1683 4795 et
1721 4742 1780 4795 in
1811 4757 1881 4796 eo
1902 4741 2113 4811 degere
2139 4748 2221 4797 tre

2362 4766 2448 4805 τος
2500 4745 2674 4812 εἰπεῖν,
2734 4744 3051 4813 εἰσαχθῆναι
3110 4744 3233 4801 τοὺς
3290 4740 3475 4812 ἁγίους
3525 4743 3845 4812 προστάττει
3898 4761 3962 4791 κα

605 4830 758 4883 totos
783 4827 928 4896 dies,
964 4826 1062 4882 tali
1104 4826 1285 4919 modo
1315 4826 1564 4882 invictos
1598 4829 1845 4886 moliens
1876 4830 2107 4887 vincere
2138 4832 2228 4886 imi

2362 4834 2477 4894 ὅλας
2504 4841 2641 4908 τρεῖς
2688 4834 2735 4883 ἐν
2770 4832 2909 4901 αὐτῷ
2960 4828 3160 4901 διάγειν
3210 4832 3423 4901 ἡμέρας,
3480 4834 3654 4901 τρόπῳ
3702 4835 3803 4882 τινὶ
3855 4850 3957 4882 τοι·

604 4917 761 4988 pius.
798 4916 910 4971 Sed
940 4914 1161 4971 frustra
1181 4914 1804 4973 laborabatadversus
1831 4935 2033 4975 verum
2069 4923 2227 4976 Deun

2361 4926 2495 4993 ούτῳ
2542 4930 2756 4979 νικῆσαι
2811 4924 2926 4979 τοὺς
2976 4918 3263 4978 ἀηττήτους
3311 4919 3335 4968 ὁ
3393 4914 3659 4979 δυσσεϐὴς
3709 4924 3961 4990 μηχανῶ-

606 5004 982 5075 depugnans.
1014 5006 1163 5059 Nam
1198 5003 1403 5059 divina
1431 5004 1711 5076 quaedam
1742 5009 1953 5077 gratia,
1980 5014 2036 5065 et
2066 5010 2229 5065 virtu:

2361 5029 2538 5082 μενος·
2625 5008 2731 5060 ἀλλ’
2796 5012 2979 5080 ἔκαμνε
3049 5010 3219 5079 μάτην
3293 5006 3705 5079 ἀντιμαχὸμενος
3784 5006 3960 5065 ἀληθεί

609 5091 816 5147 Christi
844 5092 1047 5147 aderat
1070 5092 1452 5164 martyribus,
1474 5093 1577 5165 qui
1599 5102 1837 5166 propter
1857 5096 2057 5167 ipsum
2084 5113 2232 5153 eran‘

2362 5108 2511 5169 Θεῷ·
2545 5100 2656 5151 θεία
2682 5100 2783 5171 γάρ
2833 5118 2905 5158 τις
2948 5099 3109 5168 χάρις
3156 5101 3243 5148 καὶ
3285 5093 3509 5167 δύναμις
3541 5103 3644 5155 τοίς
3684 5091 3759 5147 δι’
3804 5096 3960 5147 αὑτοῦ

608 5179 669 5234 in
720 5180 876 5246 lacu,
905 5180 1194 5237 hebetans
1237 5180 1482 5253 quidem
1527 5182 1704 5238 calcis
1753 5186 2181 5255 operationem,
2216 5204 2231 5243 ε

2360 5191 2617 5261 μάρτυσιν
2661 5185 2708 5237 ἐν
2765 5195 2835 5257 τῷ
2886 5186 3059 5255 λάκκῷ
3118 5193 3309 5257 παρῆν,
3340 5183 3677 5257 ἀμϐλύνουσα
3872 5189 3959 5242 τήν

609 5268 768 5324 malo
797 5272 997 5324 autem
1027 5270 1242 5326 illmsos
1272 5286 1516 5328 servans
1556 5270 1824 5329 athletas.

2361 5274 2611 5349 ἐνέργειαν
2641 5283 2731 5327 τοῦ
2774 5277 3001 5340 τιτάνου,
3034 5281 3197 5325 κακοῦ
3229 5269 3287 5325 δε
3327 5273 3543 5335 ἀπαθεῖς
3573 5276 3697 5334 τοὺς
3736 5271 3962 5334 ἀθλητὰς

2365 5371 2697 5437 συντηροῦσα
2712 5408 2725 5421 ,

680 5443 841 5500 XVII.
869 5442 1129 5500 Valerius
1146 5451 1346 5505 autem
1365 5464 1486 5520 quo
1503 5450 1796 5521 maiorem
1826 5449 2080 5520 gratiam
2097 5452 2253 5509 vide-

2435 5452 2533 5506 IZ'.
2575 5451 2850 5524 Οὐαλέριος
2898 5448 2957 5505 δε
3004 5451 3109 5521 ὅσῳ
3162 5449 3371 5503 πλείονα
3413 5453 3507 5507 τὴν
3558 5450 3719 5521 χάριν
3770 5449 3820 5503 έν
3858 5458 3960 5513 τοῖς

613 5531 716 5587 bat
746 5545 1034 5604 apparere
1063 5532 1123 5588 in
1157 5536 1398 5602 sanctis,
1426 5552 1496 5594 eo
1524 5540 1718 5610 magis
1740 5539 2051 5598 iracundia
2076 5540 2236 5599 terve

2366 5540 2528 5612 ἁγίοις
2598 5538 2998 5613 διαφαινομένην
3070 5539 3223 5613 ἐώρα,
3274 5541 3507 5610 τοσούτῷ
3565 5537 3755 5611 μᾶλλον
3813 5540 3962 5602 αὐτὸς
