4110 6272
259 303 363 360 125

253 427 558 480 ένεανιεύετο
613 425 970 498 ἰσχυρότερος,
1041 428 1068 480 ό
1116 429 1308 500 ἄφρων,

257 519 380 570 σθαι
429 517 744 589 φιλονεικων·
799 512 1062 587 κρηπῖδας
1093 514 1178 568 οὖν
1227 515 1453 590 σιδηρᾶς
1484 525 1721 593 περόναις
1751 537 1854 590 μα-

252 612 400 678 κραῖς
486 601 908 676 διαπεπαρμένας
1016 612 1118 665 τοῖς
1228 615 1568 680 μαρτυρικοῖς
1654 606 1853 666 ἐκείνοις

255 699 408 747 ποσὶν
463 689 790 750 ύπυδεθῆναι
840 695 1156 765 προστάττει
1208 701 1296 747 καὶ
1350 693 1688 756 ύποδεθέντας
1745 700 1849 767 τρέ-

252 802 368 855 χειν
433 785 554 842 τοὺς
617 783 907 855 μάρτυρας,
987 783 1068 833 ἶνα
1113 784 1207 834 κοῖν
1258 792 1382 854 γοῦν
1449 793 1543 846 τῆς
1615 783 1852 856 βασάνου

251 873 448 931 ταύτης
527 871 836 930 ἡττηθέντες
916 869 1132 941 ὀφθεῖενο
1207 871 1314 923 ἀλλ’
1387 873 1497 931 εἰκῆ
1587 877 1676 925 καὶ
1755 873 1852 923 πά-

251 957 329 1010 λιν
411 957 594 1010 ἐπόνει·
673 959 778 1028 ὅσῳ
848 961 949 1030 γὰρ
1019 964 1292 1032 καινότερα
1353 963 1559 1025 ἐπενόει,
1617 963 1852 1032 τοσούτῳ

253 1052 341 1099 καὶ
421 1049 652 1120 θειοτέρα
733 1042 957 1118 δύναμις
1029 1049 1414 1108 ἐπισκιάζουσα
1493 1054 1611 1110 τοὺς
1677 1049 1853 1121 ἁγίους

254 1139 519 1208 κρείττους
593 1154 646 1187 τε
704 1143 804 1186 τῶν
870 1133 1194 1208 ἐπαγομένων
1262 1135 1426 1190 ἐποίει
1507 1143 1596 1190 καὶ
1678 1139 1850 1212 ρώμα-

253 1223 528 1298 λεωτέρους
617 1223 804 1296 μᾶλλον
879 1228 1011 1296 πρός
1086 1229 1150 1277 τὰ
1230 1223 1377 1279 δεινὰ
1448 1227 1851 1301 παρεσκεύαζεν.

254 1313 312 1366 Ὁ
361 1309 420 1365 δε
463 1318 550 1365 καὶ
592 1315 664 1365 ἔτι
715 1311 950 1383 ἐπειρᾶτο
1002 1320 1348 1385 μεταπείσειν,
1401 1315 1565 1378 οὕτως
1615 1319 1715 1368 ὑπὸ
1762 1323 1857 1377 τῆς

257 1402 396 1462 θείας
452 1403 676 1474 χάριτος
731 1397 994 1462 ἐπιδήλως
1062 1401 1467 1475 βοηθουμένους·
1525 1408 1612 1456 καὶ
1685 1407 1856 1457 θύσειν

258 1489 405 1551 ἠξίου
471 1497 576 1549 τοῖς
651 1485 976 1561 βδελυκτοῖςο
1028 1495 1258 1548 τοσαύτη
1311 1492 1672 1566 φρενοϐλάϐεια
1729 1512 1856 1543 κατα

255 1584 369 1649 εἶχε
425 1581 512 1630 τὸν
560 1576 738 1636 ἀσεϐῆ.
795 1583 880 1636 Μὴ
953 1581 1090 1650 ἔχων
1139 1577 1246 1644 οὖν,
1293 1582 1370 1632 ὃτι
1413 1586 1501 1633 καὶ
1561 1586 1851 1652 χρήσαιτο,

253 1671 693 1740 κατησχυμμένος
738 1663 845 1726 ήδη
897 1672 985 1720 καὶ
1025 1677 1246 1742 φανερῶς
1298 1670 1608 1741 ἡττώμενος,
1641 1670 1856 1740 κάμινον

1430 305 1595 362 VITA
1633 304 1694 360 S.
1737 301 1953 360 CARPI
1992 301 2082 358 ET
2112 302 2498 362 SOCIORUM.

1387 436 1476 483 καὶ
1528 437 1660 483 Θεοῦ
1716 432 1851 500 γενέ-

1964 427 2065 483 bat
2105 427 2233 500 ipse
2269 427 2623 498 juveniliter,
2665 425 3031 484 contendens
3082 425 3294 482 stultus
3347 425 3435 481 vel
3487 426 3607 482 Deo

3507 301 3607 359 126

1961 532 2088 572 esse
2142 516 2363 572 fortior.
2394 517 2656 589 Crepidis
2685 517 2886 588 itaque
2917 515 3138 580 ferreis,
3171 514 3365 583 longis
3407 513 3608 570 ﬁbulis

1961 605 2228 674 conﬁxis,
2250 605 2420 676 jubet
2449 605 2693 661 calceari
2725 604 2905 676 pedes
2925 609 3277 675 martyrum,
3313 609 3366 657 et
3385 602 3610 658 calcea-

1965 699 2051 750 tos
2083 695 2214 750 illos
2245 695 2326 750 sic
2356 711 2612 761 currere,
2651 699 2712 749 ut
2756 694 2963 749 saltem
2993 693 3330 748 viderentur
3361 691 3499 747 victi
3547 692 3608 748 in

1959 783 2074 839 hoc
2095 784 2437 840 certamine.
2457 784 2568 841 Sed
2590 799 2795 838 rursus
2809 781 3353 854 quoquelaboravit
3367 786 3604 835 temere.

1963 873 2090 936 Quo
2117 872 2273 926 enim
2291 871 2483 940 magis
2495 887 2654 926 nova
2675 869 3069 938 excogitabat,
3091 883 3161 924 eo
3180 867 3376 936 magis
3405 868 3609 923 divina

1960 959 2146 1015 virtus
2159 959 2822 1023 adumbrabatsanctos,
2851 961 2906 1013 et
2927 956 2994 1011 iis
3035 971 3169 1029 quae
3183 955 3606 1020 inferebantur,

1961 1049 2250 1105 reddebat
2277 1048 2632 1119 superiores,
2664 1053 2720 1102 et
2751 1046 3036 1101 adversus
3069 1060 3282 1116 aspera
3313 1049 3368 1098 et
3401 1044 3607 1113 gravia

1963 1137 2258 1194 efﬁciebat
2286 1136 2671 1192 robustiores.
2707 1135 2804 1189 Ille
2836 1139 3034 1190 autem
3062 1131 3258 1188 adhuc
3290 1148 3392 1187 eos
3422 1135 3610 1188 tenta~

1965 1226 2068 1280 bat
2115 1242 2150 1280 a
2191 1242 2301 1279 sua
2347 1225 2653 1280 traducere
2707 1222 3013 1286 sententia,
3047 1221 3267 1293 quibus
3298 1221 3380 1275 sic
3411 1223 3610 1288 aperte

1965 1313 2168 1369 divina
2197 1328 2373 1383 opem
2405 1311 2629 1367 ferebat
2667 1311 2856 1380 gratia
2888 1325 2900 1364 :
2943 1315 2998 1365 et
3027 1308 3265 1363 volebat
3302 1323 3404 1362 eos
3432 1306 3611 1362 sacri-

1965 1401 2144 1457 ﬁcare
2163 1401 2342 1456 rebus
2355 1399 2775 1456 abominandis
2795 1415 2808 1452 :
2843 1397 2994 1452 adeo
3017 1401 3228 1452 emotae
3249 1397 3460 1450 mentis
3487 1397 3614 1451 erat

1965 1489 2205 1559 impius.
2256 1492 2403 1544 Cum
2457 1503 2598 1556 ergo
2637 1487 2888 1542 nesciret
2923 1485 3066 1556 quid
3106 1489 3324 1552 ageret,
3381 1482 3611 1553 pudore

1959 1577 2088 1647 jam
2117 1576 2383 1642 affectus,
2413 1581 2469 1632 et
2502 1579 2702 1646 aperte
2743 1579 3081 1644 superatus,
3117 1571 3386 1628 accendit
3417 1570 3614 1625 forna-

1964 1681 2117 1730 cem,
2145 1681 2280 1737 quae
2313 1664 2498 1719 multa
2527 1663 2798 1718 alebatur
2829 1661 3077 1716 materia
3106 1677 3120 1715 :
3150 1665 3208 1714 et
3235 1658 3297 1714 in
3345 1657 3611 1714 medium

257 1755 350 1828 ὗλῃ
398 1755 557 1827 πολλῇ
608 1760 916 1828 τρεφομένην
966 1755 1179 1808 ἀνάπτει
1234 1761 1323 1809 καὶ
1366 1761 1500 1809 κατά
1553 1762 1716 1828 μέσης
1765 1757 1851 1809 αύ-

1965 1754 2096 1824 ejus
2128 1753 2313 1823 injicit
2353 1758 2666 1822 martyres.
2711 1749 2812 1805 llla
2850 1754 3045 1804 autem
3078 1748 3345 1819 protinus
3376 1745 3487 1801 fuit
3515 1761 3611 1800 ex-

253 1851 350 1904 τῆς
427 1843 664 1915 ἐμϐάλλει
718 1847 839 1904 τοὺς
908 1847 1195 1919 μάρτυρας·
1258 1847 1287 1903 ή
1355 1843 1414 1897 δὲ
1472 1845 1738 1898 ἐσϐέννυτο
1804 1866 1855 1898 τε

255 1932 437 1994 εὐθέως
495 1937 583 1984 καὶ
629 1937 748 1993 τοὺς
805 1931 986 2004 ἁγίους
1026 1931 1302 2004 ἀνέψυχεν’
1337 1936 1419 1986 ὅτε
1457 1939 1546 1986 καὶ
1589 1936 1619 1992 ή
1665 1953 1853 2006 σεμνο-

252 2022 383 2078 τάτη
431 2022 754 2091 Ἀγαθονίκη
811 2023 1075 2095 μάρτυρος
1123 2026 1279 2083 ὅντως
1329 2019 1524 2095 ἀδελφή
1577 2019 1730 2087 οὖσα,
1763 2032 1853 2076 τοῦ

253 2111 413 2170 θείου,
466 2115 621 2181 φημὶ,
681 2109 946 2166 Παπύλου.
987 2115 1078 2169 τήν
1110 2110 1275 2183 φλόγα
1312 2131 1366 2164 τε
1410 2115 1502 2163 σὺν
1545 2111 1718 2173 αὐτοῖς
1749 2117 1853 2166 εἱσ-

249 2199 374 2256 ῆλθε
403 2203 492 2248 καὶ
543 2207 642 2249 τῶν
687 2197 915 2269 ἀγώνων,
972 2201 1144 2271 ὥσπερ
1193 2196 1261 2258 δή
1317 2205 1407 2252 καὶ
1453 2209 1552 2252 τῶν
1593 2203 1851 2273 στεφάνων

247 2289 490 2348 κοινωνός
544 2290 742 2357 γέγονε.
819 2287 977 2339 Πάλιν
1017 2283 1104 2340 οὖν
1162 2291 1191 2346 ἡ
1244 2291 1444 2362 φρουρὰ
1487 2290 1673 2350 αύτούς
1716 2287 1850 2361 εἶχε,

247 2379 340 2426 καὶ
363 2373 516 2426 πάλιν
562 2374 707 2427 οὗτοι
737 2383 834 2426 τῶν
873 2379 998 2447 πρός
1029 2379 1158 2429 Θεὸν
1207 2377 1377 2448 ὕμνων
1417 2381 1505 2429 καὶ
1549 2386 1639 2438 τῆς
1687 2377 1852 2449 εύχῆς

249 2463 481 2533 εἴχοντο.

324 2549 429 2604 ΙΗ’.
465 2551 603 2604 Ἐπεὶ
658 2547 717 2604 δε
759 2551 947 2621 ἠπύρει
993 2558 1101 2613 τοῖς
1149 2553 1281 2613 ὅλοις
1309 2554 1336 2605 ό
1383 2549 1662 2619 δικαστὴς,
1707 2553 1850 2617 μόλις

246 2644 362 2691 τότε
391 2643 448 2692 τό
481 2636 574 2692 διὰ
621 2639 799 2712 ξίφους
846 2640 1014 2693 αὐτῶν
1071 2647 1367 2715 κατακρίνει
1425 2642 1582 2703 τέλος.
1628 2642 1849 2714 Ἠγοντο

248 2723 338 2779 οὖν
391 2730 439 2780 oi
485 2730 739 2803 μάρτυρες
793 2729 873 2781 ἐπὶ
927 2733 1013 2782 τὸν
1058 2739 1153 2791 τῆς
1198 2731 1500 2792 τελειώσεως
1529 2737 1706 2797 τόπον,
1739 2753 1847 2804 χαι

245 2822 344 2890 ρᾶς
394 2817 612 2888 ἔμπλεῳ,
667 2814 791 2870 ούδε
842 2826 935 2880 τῆς
1011 2824 1244 2888 γενναίας
1310 2821 1658 2891 Ἀγαθονίκης
1720 2820 1847 2874 ἀπο-

245 2903 518 2974 λειφθῆναι
593 2908 788 2956 τούτων
856 2907 1224 2976 ύπομεινάσης·
1286 2905 1396 2959 εἶτα
1469 2915 1650 2981 χεῖρας
1702 2913 1847 2969 οσίας

249 2990 460 3055 ἄραντες
501 2995 631 3064 πρὸς
684 2997 834 3058 Θεὸν,
883 2992 988 3063 ούχ
1036 2993 1228 3045 ἑαυτῶν
1275 2996 1636 3068 ὑπερηύχοντο
1675 3000 1845 3066 μόνον,

1967 1843 2198 1907 stincta,
2233 1845 2289 1896 et
2319 1839 2703 1909 refrigerabat
2734 1843 2991 1892 sanctos.
3026 1837 3150 1901 Quo
3195 1835 3436 1906 quidem
3471 1839 3615 1889 tem-

1965 1946 2108 2003 pore
2155 1929 2568 1985 honestissima
2604 1941 2846 1998 quoque
2875 1925 3264 1996 Agathonica,
3305 1937 3438 1994 quae
3488 1924 3616 1976 erat

1965 2035 2099 2074 vere
2159 2033 2327 2074 soror
2365 2016 2661 2088 martyris,
2711 2013 2919 2077 divini,
2968 2013 3235 2084 inquam,
3289 2009 3512 2081 Papyli,
3557 2011 3614 2064 et

1961 2107 2274 2164 ﬂammam
2325 2122 2462 2160 cum
2496 2105 2580 2160 eis
2609 2103 2864 2165 intravit,
2903 2107 2959 2156 et
2991 2099 3409 2163 certaminum,
3465 2097 3616 2153 sicut

1961 2196 2139 2252 etiam
2188 2209 2566 2259 coronarum,
2595 2193 2701 2248 fuit
2745 2191 3059 2263 particeps.
3091 2191 3311 2243 Rursus
3337 2201 3479 2257 ergo
3526 2201 3615 2241 re-

1961 2286 2197 2342 dierunt
2221 2286 2282 2340 in
2311 2283 2645 2339 custodiam
2679 2293 2692 2334 :
2723 2286 2780 2336 et
2809 2295 3013 2334 rursus
3045 2276 3343 2334 vacabant
3370 2273 3614 2346 hymnis

1964 2377 2039 2434 ad
2070 2379 2255 2431 Deum
2278 2377 2335 2429 et
2357 2370 2654 2444 precibus.

2031 2566 2215 2623 XVIII.
2259 2565 2404 2620 Cum
2433 2569 2630 2620 autem
2647 2560 2868 2617 dubius
2890 2563 3045 2615 esset
3069 2557 3253 2613 animi
3270 2555 3477 2627 judex,
3501 2569 3610 2609 nec

1958 2655 2144 2712 ullum
2189 2652 2477 2709 inveniret
2505 2651 2746 2716 exitum,
2781 2648 2879 2704 vix
2912 2647 3155 2702 tandem
3184 2661 3286 2700 eos
3331 2642 3612 2698 condem-

1957 2750 2080 2811 nat,
2105 2749 2168 2799 ut
2192 2743 2370 2798 vitam
2389 2740 2624 2796 finirent
2645 2737 2864 2808 gladio.
2893 2735 3272 2791 Ducebantur
3292 2746 3435 2801 ergo
3457 2745 3612 2786 mar-

1955 2840 2117 2905 tyres
2139 2830 2362 2902 gaudio
2387 2829 2546 2900 pleni
2567 2827 2642 2883 ad
2670 2826 2870 2882 locum
2899 2819 3454 2884 consummationis,
3473 2833 3612 2874 cum

1956 2937 2064 2978 nec
2092 2919 2382 2992 praeclara
2410 2917 2656 2990 quidem
2693 2913 3064 2984 Agathonica
3087 2911 3164 2966 ab
3185 2911 3267 2965 eis
3287 2906 3612 2964 abscedere

1957 3008 2358 3066 sustinuisset.
2391 3005 2607 3062 Deinde
2638 3020 2774 3060 cum
2803 3006 3039 3057 sanctas
3071 3014 3286 3054 manus
3319 2996 3396 3052 ad
3427 2998 3609 3051 Deum

249 3077 379 3132 ἀλλὰ
429 3085 520 3132 καὶ
568 3083 685 3141 τοὺς
746 3079 914 3133 αὐτῶν
999 3085 1242 3152 φονευτὰς
1295 3082 1556 3155 ῥυσθῆναί
1633 3103 1686 3135 τε
1760 3092 1850 3144 τῆς

1964 3098 2347 3160 sustulissent,
2381 3111 2501 3150 non
2541 3109 2649 3165 pro
2679 3108 2743 3148 se
2783 3090 2978 3146 solum
3019 3103 3223 3161 preces
3261 3083 3611 3148 fundebant,

246 3168 444 3229 πλάνης
528 3173 617 3221 καὶ
682 3167 984 3240 μεταϐαλεῖν
1050 3173 1178 3243 πρὸς
1245 3168 1527 3222 εὐσέϐειαν·
1583 3174 1851 3234 τοιαύταις

245 3255 489 3328 ἀμοιϐαῖς
536 3255 810 3328 ἠμείϐοντο
851 3261 969 3319 τοὺς
1000 3259 1224 3331 ἐχθροὺς
1277 3260 1326 3310 oi
1369 3266 1462 3311 τοῦ
1505 3258 1705 3330 ἀγαθοῦ
1753 3280 1852 3332 μα-

247 3347 424 3411 θηταὶ,
482 3350 572 3397 καὶ
638 3346 820 3418 ἄφεσιν
880 3354 972 3398 τοῦ
1025 3346 1358 3418 τολμήματος
1411 3346 1687 3418 εὐξαμένου
1743 3356 1853 3410 τοῖς

248 3441 533 3506 φονευταῖς,
587 3435 752 3497 ἄλλως
795 3453 850 3488 τε
910 3431 970 3488 δε
1011 3441 1100 3487 καὶ
1149 3435 1296 3488 αὐτοὶ
1349 3435 1578 3508 μεγάλην
1648 3435 1853 3500 έκείνοις

251 3519 472 3596 ᾔδεισαν
499 3524 682 3596 χάριν,
737 3523 845 3576 ἀνθ’
883 3525 950 3576 ὧν
1001 3521 1036 3577 δ
1041 3525 1076 3575 ι’
1105 3524 1273 3577 αὐτῶν
1298 3521 1582 3596 ἐξεδήμουν
1611 3530 1742 3598 πρὸς
1767 3530 1853 3580 τὸν

250 3613 585 3684 ποθούμενον.
629 3611 993 3685 Ἐπευξάμενοι
1044 3610 1103 3666 δε
1153 3617 1216 3666 τά
1269 3613 1509 3672 λυσιτελῆ
1561 3619 1714 3679 πᾶσι,
1766 3617 1856 3675 τὰς

250 3698 474 3772 κεφαλὰς
527 3699 926 3772 ἀπετμήθησαν,
985 3698 1429 3774 τρισκαιδεκάτην
1477 3704 1693 3774 ἄγοντος
1741 3708 1857 3756 τότε

250 3797 345 3842 τοῦ
395 3789 716 3863 Ὀκτωϐρίου
777 3796 958 3863 μηνός.
1007 3794 1085 3843 Τὰ
1123 3799 1248 3862 γοὺν
1309 3796 1460 3862 τίμια
1513 3795 1706 3844 τούτων
1757 3792 1852 3844 λεία

253 3877 395 3948 ψανα
451 3878 615 3940 οὕτως
661 3877 856 3949 ἀτίμως
899 3885 989 3932 καὶ
1029 3879 1226 3951 ἀμελῶς
1272 3885 1482 3953 κείμενα
1529 3889 1855 3953 Χριστιανῶν

254 3964 550 4038 ἀνελόμεναι
595 3975 787 4040 χεῖρες,
846 3971 978 4039 μετά
1026 3964 1313 4041 λαμπάδων
1369 3971 1499 4041 ὁμοῦ
1545 3975 1634 4022 καὶ
1685 3971 1854 4042 ὕμνων

252 4053 504 4128 λαμπρῶς
563 4055 611 4107 έν
650 4055 880 4128 ἐπιφανεῖ
936 4059 1204 4110 κατέθεντο
1258 4063 1419 4130 τόπῳ,
1473 4059 1690 4112 πλοῦτον
1729 4067 1854 4130 Χρι-

256 4152 486 4206 πιανοίς
563 4145 773 4208 οἶσυλον,
858 4149 1119 4219 πνεύμασι
1172 4155 1421 4216 πονηροῖς
1485 4147 1702 4222 φοϐερὰν
1760 4151 1856 4219 μά-

255 4250 430 4303 στιγα⁹
483 4237 571 4285 καὶ
622 4242 839 4286 νοσοῦσι
878 4241 1010 4288 πᾶσι
1060 4233 1252 4309 δρόσον
1301 4241 1390 4289 καὶ
1431 4233 1654 4308 ἀψευδὴς
1700 4240 1852 4307 ἴαμα,

253 4321 326 4383 εἰς
377 4318 534 4383 δόξαν
589 4330 723 4376 Θεοῦ
799 4328 1004 4395 Πατρός
1073 4329 1163 4376 καὶ
1224 4329 1415 4396 Κυρίου
1467 4327 1611 4396 ήμῶν
1680 4325 1856 4381 Ἰησοῦ

1959 3187 2064 3242 sed
2094 3186 2268 3241 etiam
2300 3183 2574 3246 orabant,
2609 3187 2669 3236 ut
2694 3180 2785 3234 sui
2810 3179 3102 3235 occisores
3132 3176 3210 3232 ab
3248 3188 3445 3229 errore
3475 3170 3616 3226 libe-

1957 3280 2251 3339 rarentur,
2303 3277 2359 3328 et
2395 3273 2878 3327 converterentur
2916 3267 2992 3322 ad
3032 3265 3332 3338 pietatem.
3375 3262 3466 3316 Sic
3485 3275 3614 3329 gra-

1965 3364 2103 3419 tiam
2138 3363 2263 3416 suis
2295 3359 2629 3417 referebant
2657 3356 2931 3418 inimicis,
2965 3355 3113 3424 ejus,
3142 3352 3246 3423 qui
3277 3350 3474 3405 bonus
3503 3351 3615 3415 est,

1961 3450 2258 3522 discipuli,
2291 3447 2658 3504 occisoribus
2689 3444 2812 3499 suis
2843 3446 3154 3514 precantes
3187 3437 3424 3493 veniam
3463 3436 3614 3506 ejus,

1959 3521 2129 3613 quod
2167 3541 2335 3594 erant
2373 3533 2721 3600 admissuri,
2757 3529 3034 3587 facinoris
3076 3544 3088 3584 :
3131 3526 3353 3599 quibus
3393 3521 3616 3595 alioqui

1963 3610 2074 3700 ipsi
2102 3642 2388 3696 magnam
2415 3623 2720 3680 habebant
2743 3620 3017 3690 gratiam,
3050 3614 3209 3688 quod
3241 3629 3345 3686 per
3369 3627 3472 3668 eos
3502 3610 3618 3700 mi-_

1965 3698 2203 3791 grarent
2229 3715 2306 3771 ad
2336 3729 2496 3776 eum,
2529 3727 2709 3783 quem
2739 3705 3183 3769 desiderabant.
3216 3704 3362 3759 Cum
3394 3698 3618 3772 precati

1965 3789 2208 3878 quoque
2237 3807 2434 3859 essent
2461 3816 2532 3856 ea
2551 3814 2682 3872 quae
2703 3801 2870 3854 erant
2898 3795 3180 3850 omnibus
3206 3790 3387 3857 utilia,
3413 3789 3498 3845 eis
3524 3803 3614 3843 ca-

1965 3897 2088 3968 pita
2118 3893 2354 3949 fuerunt
2379 3893 2689 3960 amputata
2728 3885 2896 3941 tertio
2921 3883 3156 3939 decimo
3185 3879 3408 3935 mensis
3447 3879 3624 3934 Octo-

1963 3964 2106 4041 bris.
2141 3981 2432 4038 Pretiosas
2455 3983 2656 4034 autem
2673 3990 2880 4031 eorum
2912 3971 3211 4043 reliquias,
3236 3983 3372 4040 quae
3390 3964 3619 4035 abjecte

1965 4078 2022 4128 et
2083 4067 2472 4140 contemptim
2527 4063 2830 4135 jacebant,
2873 4059 3344 4116 Christianorum
3402 4067 3621 4108 manus

1967 4177 2105 4217 cum
2125 4157 2522 4220 sustulissent,
2550 4168 2688 4208 cum
2707 4147 3090 4220 lampadibus
3107 4143 3282 4200 simul
3300 4148 3355 4197 et
3379 4141 3622 4213 hymnis

1966 4251 2027 4304 in
2065 4247 2197 4303 loco
2237 4244 2456 4312 insigni
2496 4243 2776 4313 praclare
2814 4237 3239 4308 deposuerunt,
3274 4247 3419 4302 opes
3459 4227 3622 4284 Chri-

1967 4335 2174 4393 stianis
2211 4329 2605 4394 inviolabiles,
2642 4324 2922 4395 malignis
2959 4321 3266 4394 spiritibus
3315 4317 3620 4387 ﬂagellum

256 4416 511 4482 Χριστοῦ,
635 4414 814 4482 πρέπει
855 4418 980 4482 τιμή
1032 4417 1121 4464 καὶ
1163 4414 1351 4484 κράτος
1389 4416 1482 4464 σὺν
1510 4421 1580 4483 τῷ
1619 4417 1852 4484 παναγίῳ

1967 4424 2243 4488 terribile,
2259 4427 2315 4478 et
2342 4435 2538 4476 rorem
2559 4415 2845 4473 omnibus
2867 4408 3297 4482 aegrotantibus
3321 4411 3376 4462 et
3396 4409 3621 4460 certam

251 4501 344 4548 καὶ
411 4496 649 4568 ζωοποιῷ
718 4501 996 4570 Πνεύριοιτι⁷
1045 4507 1132 4551 νῦν
1179 4504 1269 4552 καὶ
1315 4498 1414 4564 ἀεὶ,
1473 4504 1563 4552 καὶ
1620 4499 1692 4562 εἰς
1738 4503 1858 4562 τοὺς

254 4584 442 4645 αἰῶνας
471 4593 568 4638 τῶν
600 4586 816 4643 αἰώνων.
852 4587 1038 4659 Ἀμήν.

1969 4513 2266 4572 medelam
2297 4527 2308 4565 :
2345 4509 2422 4566 ad
2451 4507 2703 4578 gloriam
2732 4503 2831 4558 Dei
2867 4499 3045 4557 Patris
3072 4503 3126 4554 et
3160 4493 3391 4552 Domini
3415 4491 3622 4557 nostri,

1961 4607 2103 4662 Iesu
2141 4600 2348 4657 Christi
2377 4616 2390 4654 :
2432 4611 2612 4669 quem
2643 4593 2812 4649 decet
2841 4591 3034 4646 honor
3063 4592 3120 4642 et
3159 4581 3441 4657 potentia,
3484 4594 3622 4637 cum

1965 4691 2340 4751 sanctissimo
2371 4691 2428 4744 et
2455 4683 2690 4740 viviﬁco
2722 4681 2964 4752 Spiritu,
2997 4691 3159 4734 nunc
3189 4678 3245 4730 et
3273 4685 3533 4744 semper,
3568 4674 3626 4725 et

1965 4785 2030 4840 in
2061 4779 2278 4837 srecula
2306 4775 2682 4834 smeulorum.
2705 4774 2913 4828 Amen.
