4110 6272
491 270 596 326 127

1864 256 2121 314 MENSIS
2159 255 2465 313 APRILIS.

3798 244 3913 304 428

491 399 3902 430 _________________________________________________.

1828 542 2508 665 ΑΘΛΗΣΙΣ

1062 768 1279 855 ΤΟΥ
1349 766 1713 856 ΑΓΙΟΥ
1788 768 1979 851 ΚΑΙ
2059 753 2602 849 ΕΝΔΟΞΟΥ
2675 759 3293 850 ΜΑΡΤΥΡΟΣ.

1458 930 2912 1110 ΕΛΕΥΘΕΡΙοΥ

1785 1361 2569 1485 CERTAMEN

1245 1639 1617 1728 SANCTI
1708 1638 1838 1723 ET
1921 1633 2448 1723 G-LORIOSI
2536 1635 3114 1726 MARTYRIS

1097 1859 2276 2009 ELEUTHEBII
2386 1861 3265 2006 EPISCOPI

504 2140 712 2201 (Latine
742 2138 887 2201 apud
908 2137 1119 2187 Surium
1141 2137 1209 2188 ad
1233 2137 1374 2186 diem
1390 2137 1446 2184 18
1462 2134 1674 2199 Aprilis,
1699 2134 1872 2184 Grmce
1899 2132 2044 2197 apud
2066 2131 2304 2183 Bolland.
2330 2136 2458 2183 tom.
2490 2134 2531 2183 Il
2547 2135 2762 2199 Aprilis,
2790 2150 2841 2200 p.
2871 2138 2982 2194 976,
3005 2150 3069 2187 ex
3088 2137 3205 2188 cod.
3238 2137 3359 2188 1190
3379 2138 3621 2190 biblioth.
3650 2138 3899 2201 Vatic.).

576 2423 614 2477 Ι.
656 2420 993 2478 ΟυωΕΙὶυε
1019 2421 1313 2477 Adrianus
1332 2419 1611 2476 Romanis
1636 2418 1880 2491 quidem
1903 2418 2159 2484 impera-

2344 2418 2420 2474 A'.
2476 2421 2652 2473 Αἰλίου
2706 2419 2987 2497 Ἀδριανοῦ
3032 2424 3294 2497 Ῥωμαίων
3343 2429 3433 2498 μὲν
3475 2424 3897 2499 βασιλεύοντος.

506 2516 612 2580 ret,
642 2510 1019 2565 daemonibus
1040 2515 1235 2565 autem
1267 2514 1322 2564 et
1344 2508 1677 2563 simulacris
1707 2506 2015 2577 diligenter
2046 2521 2161 2559 ser-

507 2597 652 2653 viret
679 2614 692 2653 :
722 2598 1090 2653 admirabilis
1121 2612 1361 2669 quoque
1383 2596 1747 2651 Eleutherius
1769 2594 1869 2649 illo
1896 2599 2162 2665 tempore

510 2686 782 2755 cognitus
803 2692 908 2752 est,
941 2686 1117 2740 veluti
1148 2685 1429 2757 quaedam
1454 2682 1622 2739 stella
1648 2683 1804 2738 diem
1839 2682 2164 2739 illustrans.

512 2774 616 2831 Cui
656 2773 844 2844 patria
872 2774 1118 2845 quidem
1159 2774 1266 2828 fuit
1305 2772 1529 2843 inclyta
1566 2776 1623 2826 et
1662 2786 1884 2839 magna
1924 2773 2111 2825 Roma
2149 2786 2161 2824 :

511 2867 788 2934 parentes
811 2868 1010 2919 autem
1036 2878 1250 2935 genere
1271 2862 1516 2934 quidem
1540 2859 1917 2925 nobilissimi,
1946 2859 2167 2914 divitiis

514 2966 653 3006 vero
712 2950 1171 3022 opulentissimi,
1212 2949 1404 3022 gloria
1443 2950 1621 3005 etiam
1662 2946 2000 3004 clarissimi.
2061 2950 2168 3003 Ter

513 3038 823 3095 consulem
850 3040 1008 3094 enim
1040 3039 1222 3094 fuisse
1252 3039 1381 3109 ejus
1414 3042 1665 3109 patrem,
1701 3038 1827 3107 ejus
1856 3036 2057 3091 scribit
2086 3036 2167 3091 hi-

518 3128 717 3183 storia.
750 3128 862 3183 Sed
894 3142 1032 3182 cum
1066 3131 1262 3182 essent
1287 3126 1437 3181 adeo
1477 3126 1760 3195 insignes,
1791 3140 1899 3180 nec
1920 3125 2002 3179 eis
2039 3124 2169 3197 qui-

513 3214 652 3270 dem
683 3215 887 3270 deerat
936 3215 1212 3270 nobilitas
1243 3230 1314 3269 ex
1361 3214 1573 3286 pietate
1605 3218 1731 3269 orta
1762 3218 1817 3268 et
1862 3212 2165 3282 religione.

516 3302 655 3373 Ejus
680 3302 837 3357 enim
859 3308 1045 3358 mater
1062 3302 1368 3368 Evanthia,
1391 3318 1528 3357 cum
1550 3301 1731 3356 divini
1754 3301 1915 3356 Pauli
1932 3304 2169 3369 aposto-

513 3390 644 3446 licis
666 3391 1173 3447 admonitionibus
1189 3390 1306 3447 ﬁde
1316 3408 1371 3444 m
1396 3394 1671 3446 accurate
1687 3389 2012 3449 didicisset,
2030 3402 2168 3441 cum

518 3479 717 3534 studio
736 3479 987 3535 virtutis.
1018 3480 1115 3535 Dei
1131 3494 1373 3551 quoque
1387 3478 1548 3533 cultu
1561 3484 1685 3533 erat
1698 3474 2170 3547 valdelocuples.

516 3567 598 3622 Ea
629 3583 765 3622 cum
781 3568 940 3623 hunc
972 3573 1245 3623 sanctum
1266 3566 1596 3639 peperisset
1614 3579 1887 3636 puerum,
1906 3564 2171 3619 Eleuthe-

516 3656 671 3711 rium
710 3656 953 3726 quidem
992 3656 1223 3710 vocavit
1262 3671 1332 3710 ex
1372 3655 1502 3725 ipso
1543 3661 1671 3709 ortu
1718 3669 1730 3707 :
1774 3654 1925 3709 adeo
1967 3658 2167 3708 autem

514 3743 832 3799 liberaliter
860 3749 916 3798 et
945 3743 1189 3798 honeste
1219 3758 1357 3797 eum
1395 3742 1690 3801 educavit.
1719 3747 1783 3796 ut
1812 3742 2038 3795 nomini
2078 3757 2169 3797 res

515 3846 757 3903 quoque
788 3831 1188 3886 convenirent.
1230 3830 1321 3885 Sic
1359 3844 1499 3898 ergo
1539 3830 1881 3893 educatum,
1923 3844 2059 3883 cum
2092 3828 2167 3884 ad

516 3919 743 3975 virilem
778 3924 1009 3973 aetatem
1045 3918 1425 3988 pervenisset,
1467 3918 1585 3972 Deo
1626 3921 1680 3972 et
1719 3916 2169 3987 archiepiscopo

518 4006 850 4075 AnicetoU)
872 4006 973 4062 dat
989 4023 1148 4070 eum,
1172 4006 1400 4060 donum
1422 4006 1552 4077 ipso
1575 4005 1847 4075 dignum.
1864 4004 1995 4075 Ipse
2009 4004 2168 4060 enim

518 4099 661 4150 tunc
689 4096 971 4151 Romana)
988 4100 1237 4167 praeerat
1263 4093 1550 4150 Ecclesiaa.
1576 4094 1682 4159 Qui
1707 4093 1915 4149 videns
1934 4109 2169 4148 morum

518 4186 641 4257 ejus
673 4184 1145 4240 moderationem
1171 4188 1227 4239 et
1260 4183 1409 4239 alias
1440 4183 1710 4251 virtutes,
1751 4198 1889 4238 eum
1922 4182 2171 4255 quidem

517 4272 779 4345 primum
801 4272 1146 4341 diaconum,
1167 4272 1381 4328 deinde
1404 4272 1841 4344 presbyterum,
1866 4276 2171 4342 postremo

518 4361 872 4434 episcopum
899 4362 1135 4417 ordinat
1155 4361 1385 4433 lllyrici.

592 4450 659 4503 ΙΙ.
691 4449 905 4520 Sicque
934 4449 1197 4513 lucerna,
1228 4453 1290 4502 ut
1317 4446 1655 4518 evangelice
1676 4447 1873 4502 dicam
1908 4448 1949 4510 ί,
1984 4448 2175 4517 posita

520 4552 699 4608 super
710 4535 1149 4601 candelabrum,
1167 4540 1220 4589 et
1236 4534 1395 4589 verbi
1413 4533 1806 4607 vitaequeluce
1819 4535 2175 4591 illuminante

521 4624 847 4681 multorum
881 4622 1269 4693 cogitationes
1289 4640 1302 4675 :
1319 4622 1597 4678 etfalsam
1612 4623 1855 4694 quidem
1880 4622 2175 4679 mendacii

520 4713 851 4770 doctrinam
871 4711 1271 4784 proculcante,
1287 4710 1570 4767 doctrinae
1589 4727 1861 4767 sermone
1878 4711 2174 4775 afﬂuente,

524 4802 599 4859 ad
656 4802 838 4857 solius
906 4806 1107 4857 autem
1158 4801 1258 4856 Dei
1317 4799 1717 4869 cognitionem
1772 4800 1990 4856 multos
2038 4817 2178 4857 con-

521 4896 787 4945 vertente
817 4894 871 4945 et
914 4890 1243 4945 deducente
1291 4889 1368 4943 ad
1413 4888 1709 4960 pietatem,
1767 4905 1889 4944 non
1951 4894 2183 4962 poterat

528 4978 826 5047 malignus
846 4978 974 5034 Ῐιεεο
1000 4978 1147 5033 ferre
1170 4977 1507 5044 moderate:
1538 4977 1641 5031 sed
1667 4977 1829 5032 rabie
1852 4979 2097 5051 quidem
2120 4980 2178 5034 in

2276 2503 2499 2567 δαίμοσι
2547 2507 2605 2561 δὲ
2656 2516 2745 2563 καὶ
2788 2509 3023 2575 εἰδώλοις
3069 2513 3315 2585 ἐπιμελῶς
3378 2511 3739 2581 δουλεύοντος,
3802 2522 3897 2568 καὶ

2276 2597 2301 2646 ὁ
2358 2598 2659 2669 θαυμαστὸς
2711 2600 3023 2673 Ἐλευθέριος
3072 2604 3185 2654 κατ’
3227 2606 3384 2655 ἐκεῖνο
3424 2613 3633 2676 καιροῦ,
3665 2607 3763 2658 οἶοί
3815 2624 3898 2664 τις

2277 2685 2643 2757 ἠμερολαμπὴς
2714 2687 2875 2763 ἀστὴρ
2952 2688 3274 2765 ἐγνωρίζετο·
3336 2690 3374 2764 ᾧ
3426 2698 3614 2767 πατρὶς
3676 2697 3777 2766 μὲν
3859 2695 3889 2750 ἡ

2276 2773 2472 2844 μεγάλη
2527 2780 2613 2827 καὶ
2662 2782 2947 2851 περιφανὴς
3010 2778 3260 2851 ἐτύγχανε
3314 2780 3505 2852 Ῥώμη,
3562 2787 3790 2855 πατέρες
3835 2779 3895 2835 δὲ

2274 2867 2426 2933 γένει,
2472 2864 2677 2937 πλούτῳ
2728 2886 2781 2919 τε
2822 2872 2911 2920 καὶ
2952 2865 3080 2941 δόξῃ
3137 2875 3565 2945 περιφανέστατοι
3610 2877 3704 2924 καὶ
3748 2872 3889 2944 λαμ-

2275 2955 2541 3025 πρότατοιο
2605 2959 2923 3027 τρισύπατον
2987 2960 3088 3030 γὰρ
3140 2959 3296 3011 αὐτοῦ
3354 2963 3440 3011 τὸν
3490 2964 3694 3036 πατέρα
3746 2964 3892 3033 γενέ-

2279 3041 2404 3092 σθαι
2461 3048 2635 3113 φασίν.
2693 3044 2847 3097 Ἀλλὰ
2900 3050 2989 3098 καὶ
3034 3046 3167 3099 οὓτω
3241 3053 3573 3121 περιφανείας
3645 3053 3887 3122 ἔχοντες,

2277 3125 2401 3181 οὐδὲ
2444 3138 2538 3192 τῆς
2602 3133 2718 3183 κατ’
2785 3134 3044 3186 εὐσέϐειαν
3114 3134 3441 3189 ἀπελείποντο
3498 3138 3777 3210 εὐγενείας·
3856 3140 3887 3195 ἦ

2279 3222 2449 3288 μήτηρ
2510 3222 2610 3291 γὰρ
2662 3220 2803 3291 αὐτῷ
2856 3223 3103 3287 Εὐανθία,
3162 3232 3277 3286 ταῖς
3327 3234 3419 3278 τοῦ
3475 3229 3612 3279 θείου
3669 3231 3889 3281 Παύλου

2281 3302 2651 3368 ἀποπολικαίς
2722 3316 3060 3382 παραινέσεσι
3141 3317 3235 3372 τὴν
3298 3318 3477 3366 πίστιν
3550 3314 3885 3387 ἐκμαθοῦσα,

2281 3391 2471 3451 πολλὴν
2520 3396 2730 3468 ὑπῆρχε
2779 3402 2872 3451 σὺν
2916 3408 2976 3471 τῇ
3039 3400 3192 3474 ἀρετῇ
3233 3402 3534 3456 πλουτοῦσα
3577 3409 3668 3456 καὶ
3710 3407 3889 3457 θεοσέ-

2283 3479 2442 3534 ϐειαν.
2514 3486 2653 3543 Αύτη
2707 3490 2793 3539 τὸν
2845 3491 2974 3561 ἱερὸν
3031 3499 3209 3543 τοῦτον
3281 3491 3609 3546 ἀποτεκοῦσα
3683 3491 3885 3558 παῖδα,

2283 3574 2592 3648 Ἐλευθέριον
2649 3579 2737 3648 μὲν
2790 3578 3072 3649 ὠνόμασεν,
3131 3578 3427 3652 ἐλευθερίως
3479 3578 3538 3634 δὲ
3596 3582 3732 3635 οὓτω
3794 3587 3887 3634 καὶ

2280 3665 2448 3727 καλῶς
2506 3664 2863 3740 ἀναθρέψασα,
2918 3671 3051 3721 ὥστε
3096 3677 3158 3741 τῇ
3212 3670 3394 3728 κλήσει
3449 3680 3734 3744 συμφωνεῖν
3792 3676 3883 3723 καὶ

2206 3756 2347 3821 Βτὰ
2400 3756 2708 3826 πράγματα.
2766 3761 3031 3828 Τραφέντα
3102 3766 3224 3829 γοῦν
3282 3764 3370 3811 καὶ
3425 3756 3753 3832 ἀνδρωθέντα
3811 3768 3886 3829 τῴ

2282 3841 2519 3916 ἀρχιερεῖ
2560 3852 2655 3903 τῆς
2691 3844 2952 3916 Ῥωμαίων
3004 3845 3311 3908 Έκκλήσιας
3377 3850 3632 3921 Ἀνικὴτῳ
3708 3848 3885 3923 [Ἀνα-

2281 3930 2472 4001 κλήτῳ]
2507 3929 2675 4006 δῶρον
2704 3932 2847 3995 ἄξιον
2880 3931 3124 4003 δίδωσιν,
3179 3939 3229 3997 ὅς
3279 3941 3337 3989 τὸ
3393 3946 3484 3990 τοῦ
3515 3941 3675 4000 ἤθους
3718 3939 3884 3991 αὐτοῦ

2281 4024 2499 4091 κόσμιον
2550 4027 2638 4073 καὶ
2695 4026 2787 4081 τὴν
2834 4023 2993 4082 ἄλλην
3050 4026 3179 4098 ὁρῶν
3238 4024 3443 4098 ἀρετὴν,
3496 4024 3737 4080 διάκονον
3787 4031 3879 4100 μὲν

2281 4117 2496 4181 πρῶτον,
2539 4110 2649 4162 εἶτα
2696 4111 3062 4185 πρεσϐύτερον,
3116 4119 3205 4167 καὶ
3255 4115 3541 4169 τελευταῖον
3594 4117 3880 4170 ἐπίσκοπον

2280 4206 2570 4272 χειροτονεῖ
2603 4208 2694 4252 τοῦ
2718 4201 3028 4276 Ἰλλυρικοῦ.

2356 4433 2431 4489 Β’.
2490 4440 2589 4488 Καὶ
2641 4436 2771 4488 οὕτω
2804 4432 2871 4494 δὴ
2913 4444 3003 4489 τοῦ
3051 4437 3272 4507 λύχνου,
3304 4437 3645 4510 εὐαγγελικῶς
3700 4438 3878 4504 εἰπεῖν,

2285 4525 2368 4575 ἐπὶ
2410 4528 2502 4581 τὴν
2560 4524 2778 4596 λυχνίαν
2831 4527 3079 4592 τεθέντος,
3126 4532 3215 4579 καὶ
3271 4527 3440 4597 πολλῷ
3492 4536 3564 4598 τῷ
3614 4534 3706 4579 τοῦ
3761 4525 3881 4599 βίον

2285 4616 2374 4663 καὶ
2426 4621 2497 4682 τῷ
2544 4621 2636 4665 τοῦ
2683 4612 2837 4685 λόγου
2911 4620 3040 4686 φωτὶ
3096 4618 3185 4676 τὰς
3237 4624 3336 4668 τῶν
3392 4616 3592 4669 πολλῶν
3646 4613 3880 4675 διανοίας

2286 4704 2806 4775 περιαστράπτοντος,
2868 4708 2956 4755 καὶ
3012 4701 3429 4776 καθοδηγοῦντος
3509 4710 3643 4777 πρὸς
3715 4707 3880 4757 θεοσέ-

2290 4793 2447 4856 ϐειαν,
2511 4792 2603 4844 οὐκ
2643 4788 2703 4849 ἦν
2750 4798 2914 4843 ταῦτα
2970 4795 3143 4865 πράως
3205 4797 3290 4845 τὸν
3358 4797 3581 4866 πονηρὸν
3641 4793 3878 4864 ἐνεγκεῖν,

2291 4882 2417 4934 ἀλλὰ
2458 4885 2569 4932 κατ’
2611 4880 2770 4931 αὐτοῦ
2824 4885 2913 4931 καὶ
2960 4888 3055 4942 τῆς
3096 4880 3355 4944 εὐσεϐείας
3407 4879 3572 4934 δεινὸν
3612 4884 3743 4934 ἔπνει
3797 4883 3884 4932 καὶ

2291 4978 2528 5046 μανικὸν,
2579 4974 2689 5024 ὅθεν
2746 4972 2835 5019 καὶ
2896 4972 2982 5020 τὸν
3030 4966 3304 5042 Ἀδριανὸν
3353 4968 3554 5032 ὑποδύς
3599 4970 3730 5039 ὃλον,
3786 4975 3881 5042 πρὸ

526 5066 729 5136 ipsum
754 5067 1115 5137 agitabatur,
1143 5072 1199 5122 et
1216 5065 1471 5135 graviter
1488 5064 1751 5137 spirabat
1773 5074 1979 5122 contra
1999 5068 2170 5139 pieta'

2292 5072 2389 5114 τῶν
2438 5062 2599 5114 ἄλλων
2646 5061 2905 5121 ἁπάντων,
2962 5062 3048 5110 τὸν
3104 5059 3413 5134 Ἐλευθέριον
3468 5060 3591 5112 ἑλεῖν
3645 5059 3883 5130 ἀγωνίζε-

2524 5155 2533 5165 ι
2627 5151 2637 5165 ν
2894 5156 2903 5165 ι
3119 5158 3137 5165 .-
3258 5148 3270 5165 9
3344 5148 3406 5165 Δ..
3605 5145 3662 5165 In
3770 5147 3782 5163 τ

528 5157 670 5209 tem.
701 5157 909 5209 Totum
931 5171 1071 5210 vero
1089 5154 1330 5210 subiens
1347 5154 1691 5219 Adrianum,
1722 5170 1856 5209 cum
1879 5154 1977 5210 illo
1991 5172 2185 5211 arma-

2293 5172 2400 5219 ται,
2455 5155 2568 5211 τοὺς
2620 5151 3026 5223 ἐπισημοτέρους
3074 5158 3172 5201 τῶν
3221 5148 3441 5201 εὐσεϐῶν
3494 5145 3731 5201 σπεύδων
3761 5147 3881 5201 ἁπο-

526 5248 623 5296 tur
654 5246 860 5298 contra
890 5244 1190 5299 veritatem
1229 5264 1240 5295 :
1274 5246 1330 5297 et
1358 5247 1495 5298 ante
1522 5241 1671 5299 alios
1700 5258 1913 5298 omnes
1943 5250 2170 5302 conten'

2297 5242 2532 5315 θερίζειν,
2589 5243 2760 5315 ὥσπερ
2811 5237 2877 5298 δή
2915 5259 3053 5300 τινας
3091 5246 3188 5291 τῶν
3236 5237 3520 5310 ἀσταχύων
3547 5241 3881 5310 προέχοντας,

598 5418 617 5455 ¹
660 5416 863 5473 Matth.
905 5433 961 5472 v.

604 5544 683 5615 (l)
723 5543 874 5612 Lege
901 5540 1205 5606 Anacleto,
1238 5555 1375 5597 cum
1398 5542 1674 5599 Anicetus
1707 5543 1927 5601 sederit
1954 5550 2094 5619 post
2116 5546 2463 5613 Adrianum,
2497 5545 2609 5601 sub
2637 5559 2760 5618 quo
2798 5557 3016 5615 passus
3047 5544 3137 5596 est
3177 5538 3567 5597 Eleutherius.
