4110 6272
208 322 317 383 129

210 449 375 510 Εὐθὺς
430 447 519 501 οὖν
568 448 729 512 Φίληξ
776 469 852 510 τις
889 460 987 503 τῶν
1032 463 1359 526 στρατιωτῶν
1404 460 1681 529 πέμπεται,
1721 462 1807 513 τὸν
1838 456 1887 511 Α

212 539 527 613 Ἐλευθέριον
577 546 649 608 τῷ
704 537 966 610 βασιλικῷ
1017 540 1218 614 βήματι
1264 556 1598 619 παραστῆναι
1664 567 1809 600 κεκε-

209 626 505 699 λευσμένος.
548 626 605 678 Ὀ
661 624 719 679 δε
768 632 858 685 τήν
916 628 1194 687 ἐκκλησίαν
1245 633 1569 701 καταλαϐὼν,
1629 636 1812 693 πλήθει

212 736 268 768 τε
340 714 853 790 περικυκλωσάμενος
933 730 1283 790 στρατιωτῶν,
1343 727 1432 775 καὶ
1506 727 1591 775 τὸν
1666 724 1813 796 ἅγιον

215 801 359 857 ἔνδον
419 803 712 867 ἀπολαϐὼν,
762 806 874 857 εἶτα
919 812 1009 859 καὶ
1056 808 1312 876 εἰσελθὼν,
1364 816 1452 863 καὶ
1507 810 1671 885 ἀγρίῳ
1723 816 1812 885 μεν

215 897 430 966 ὄμματι,
484 892 781 967 ἀγριωτέρῳ
834 890 891 947 δὲ
930 901 1218 968 φρονήματι
1264 906 1369 959 τοῖς
1417 901 1579 974 ὁρῶσι
1619 906 1807 973 φανείς·

214 985 279 1043 ὡς
311 979 371 1034 δὲ
419 978 557 1034 εἶδον
588 981 743 1034 αὐτὸν
787 986 844 1034 τὸ
881 991 975 1044 τῆς
1018 980 1367 1047 διδασκαλίας
1410 984 1630 1046 ἣδιστον
1676 996 1815 1061 νᾶμα

212 1075 531 1145 προχέοντα,
564 1075 653 1123 καὶ
704 1074 799 1123 σὺν
831 1072 1085 1145 εὐκοσμίᾳ
1122 1074 1279 1147 πολλῇ
1330 1082 1434 1136 τοῖς
1465 1086 1682 1129 συνοῦσι
1720 1083 1814 1137 τὴν

218 1158 480 1212 εὐσέϐειαν
536 1159 969 1231 καταγγέλλοντα,
1018 1166 1111 1220 τήν
1162 1172 1254 1214 τοῦ
1306 1171 1540 1236 Χριστοῦ
1594 1162 1814 1239 δύναμιν

221 1248 502 1320 θαυμάζων
550 1244 630 1307 ἦν.
686 1253 782 1301 Καὶ
838 1249 1135 1321 μεταϐαλὼν
1184 1252 1373 1304 αὐτίκα
1425 1261 1519 1315 τῆς
1574 1252 1817 1326 ἀγριότη-

219 1357 326 1401 τος,
359 1336 617 1410 πρόϐατον
671 1336 780 1389 ἀντὶ
810 1338 989 1404 λύκου,
1022 1346 1111 1392 καὶ
1140 1343 1382 1411 μαθητὴς
1427 1342 1538 1393 ἀντὶ
1589 1338 1623 1394 δ
1629 1349 1814 1395 ιῶκτου

216 1430 572 1495 γίνεται-καὶ
624 1427 853 1499 ὑπερορᾷ
898 1431 988 1498 μὶν
1036 1428 1197 1481 αὐτοῦ
1256 1428 1533 1500 βασιλέως,
1585 1437 1817 1501 προσπί-

218 1532 335 1565 πτει
375 1510 435 1565 δὲ
477 1521 581 1573 τοῖς
609 1518 735 1565 ποσὶ
768 1522 859 1566 τοῦ
900 1514 1074 1585 ἁγίου,
1108 1522 1197 1568 καὶ
1227 1519 1283 1568 τὸ
1328 1516 1428 1569 ἀπὸ
1457 1514 1613 1569 τοῦδε
1659 1528 1816 1576 συνῆν

220 1602 362 1673 αὐτῷ
399 1609 510 1664 τοῖς
552 1602 742 1656 ἐκείνου
788 1603 957 1675 λόγοις
1011 1610 1137 1677 πρός
1184 1610 1277 1663 τὴν
1328 1606 1587 1658 εὐσέϐειαν
1632 1626 1813 1680 στηρι-

221 1690 452 1762 ζόμενος.
513 1691 647 1744 Ἀλλ’
702 1692 836 1744 οὕτω
887 1696 976 1765 μεν
1025 1694 1050 1745 6
1103 1693 1263 1755 Φίληξ
1314 1692 1493 1762 ἐποίει,
1544 1700 1632 1746 καὶ
1688 1700 1817 1767 πρὸς

218 1782 306 1831 τὸν
360 1780 739 1832 ἀποστείλαντα
808 1777 1052 1853 οὐδαμῶς
1127 1780 1458 1854 ἀναστρέφειν
1516 1783 1733 1854 ἠγάπα·
1792 1783 1817 1833 6
1851 1811 1895 1865 Β

222 1870 357 1930 θεῖος
413 1865 472 1921 δε
525 1868 840 1943 Ἐλευθέριος
882 1868 1356 1944 παρρησιάσασθαι
1414 1876 1506 1928 τήν
1557 1868 1818 1923 εὐσέϐειαν

218 1959 660 2031 προθυμούμενος,
718 1963 922 2032 πορείας
991 1959 1143 2019 εὐθὺς
1196 1962 1387 2031 εἴχετο,
1437 1964 1525 2011 καὶ
1597 1963 1681 2010 τὸν
1736 1963 1821 2011 Φί-

218 2045 357 2097 ληκα
405 2050 741 2117 συνεπόμενον
790 2050 945 2119 ἔχων.
978 2047 1066 2109 Ὠς
1114 2044 1173 2099 δε
1214 2051 1349 2101 κατά
1378 2052 1465 2106 τήν
1508 2044 1631 2100 ὁδὸν
1663 2044 1821 2100 ὕδατι

218 2140 548 2208 περιέτυχον,
606 2135 751 2196 α’λλος
804 2136 945 2196 οὗτος
995 2133 1277 2199 Κανδάκης
1324 2138 1349 2189 6
1400 2136 1559 2199 Φίληξ
1602 2142 1819 2207 γίνεται,

219 2227 313 2273 καὶ
360 2226 502 2293 παρά
532 2223 787 2275 Φιλίππου
818 2231 910 2275 τοῦ
960 2226 1096 2275 θείου
1129 2224 1448 2298 Ἐλευθερίου
1483 2223 1818 2297 βαπτίζεται,

219 2315 316 2368 τήν
348 2308 774 2384 εἰδωλολατρείαν
804 2330 857 2363 τε
889 2311 1250 2365 ἀποϐάλλεται.

1503 332 1671 390 VITA
1710 335 1771 390 S.
1815 333 2268 391 ELEUTHERII.

3457 344 3562 399 130

1918 460 2000 515 dit
2026 460 2101 515 de
2144 460 2342 517 medio
2379 461 2580 518 tollere
2610 462 3029 530 Eleutherium,
3070 479 3143 520 ex
3168 464 3281 536 piis
3319 466 3568 523 studens

1919 549 2215 604 demetere
2232 565 2358 617 eos,
2377 550 2479 622 qui
2493 551 3045 622 erantinsigniores,
3067 556 3354 624 tanquam
3368 555 3566 626 spicas

1920 638 2218 709 quasdam
2241 640 2467 694 caeteris
2489 640 2927 710 praestantiores
2957 656 2968 694 :
2994 645 3050 695 et
3074 641 3272 697 statim
3294 658 3433 698 cum
3460 648 3572 699 ter-

1922 726 2074 781 ribili
2093 726 2385 795 legatione
2404 728 2649 783 mittitur
2673 727 2824 783 Felix
2845 729 3110 799 quidam,
3134 746 3286 785 unus
3314 746 3387 786 ex
3413 731 3575 787 duci-

1920 814 2034 869 bus
2064 815 2370 880 exercitus,
2390 816 2598 886 jussus
2635 822 2696 871 ut
2728 832 2830 886 per
2861 819 2976 871 vim
3011 817 3270 873 adducat
3306 819 3574 875 Eleuthe-

1921 902 2097 969 rium,
2128 908 2183 958 et
2198 920 2336 958 eum
2356 904 3433 977 sistatantetribunalimperatorium.
3463 909 3572 973 Qui

1922 1007 2051 1045 cum
2063 991 2138 1045 ad
2157 991 2366 1047 Christi
2380 991 2685 1047 mandram
2711 993 3574 1067 pervenisset,ecclesiam,eam

1921 1080 2283 1135 extrinsecus
2336 1080 2713 1136 circumsidet
2760 1080 3134 1136 multitudine
3183 1083 3485 1139 militum:
3518 1089 3577 1141 et

1923 1184 2061 1223 cum
2081 1167 2234 1223 intus
2262 1168 2667 1240 intercepisset
2684 1169 3101 1235 Eleutherium,
3129 1176 3414 1243 tanquam
3433 1188 3576 1243 prte—

1925 1255 2056 1311 dam
2076 1256 2328 1326 aliquam
2345 1256 2617 1310 studebat
2633 1255 2852 1311 habere
2867 1271 3093 1325 agnum
3107 1257 3336 1313 Christi.
3357 1260 3576 1315 Deinde

1926 1342 2215 1414 templum
2240 1343 2563 1412 ingressus,
2589 1348 2646 1399 et
2670 1343 3011 1399 truculentis
3032 1345 3279 1416 quidem
3310 1346 3495 1402 oculis
3523 1352 3579 1403 et

1927 1431 2339 1486 truculentiore
2361 1432 2536 1486 etiam
2550 1430 3074 1503 spiritu,tanquam
3093 1434 3224 1504 ipso
3242 1436 3410 1491 vultu
3424 1436 3475 1506 ej
3486 1452 3576 1501 us,

1924 1519 2029 1580 qui
2055 1518 2314 1582 miserat,
2347 1518 2693 1588 signiﬁcans
2720 1519 3027 1588 saevitiam,
3050 1536 3110 1575 se
3140 1522 3458 1577 ostendens
3486 1523 3578 1592 iis,

1925 1607 2024 1677 qui
2051 1607 2331 1662 videbant
2361 1630 2373 1660 :
2400 1614 2724 1679 postquam
2751 1608 2897 1664 vidit
2929 1610 3325 1666 Eleutherium
3351 1613 3582 1668 suavis-

1926 1694 2150 1749 simum
2180 1694 2455 1750 doctrinae
2488 1694 2780 1751 ﬂuentum
2809 1695 3289 1768 profundentem,
3323 1704 3379 1755 et
3410 1715 3584 1757 orna-

1927 1781 2152 1838 tissime
2209 1783 2489 1853 pietatem
2542 1784 3000 1840 annuntiantem
3041 1785 3134 1849 iis,
3167 1787 3273 1857 qui
3323 1803 3462 1842 cum
3511 1804 3582 1844 eo

1928 1870 2334 1937 versabantur,
2350 1871 2445 1926 ille
2464 1872 2804 1926 mirandum
2825 1873 2885 1927 in
2910 1872 3156 1928 modum
3174 1874 3585 1932 admirabatur

1930 1958 2137 2015 Christi
2165 1960 2435 2015 virtutem
2468 1976 2481 2015 :
2514 1967 2571 2014 et
2600 1960 2800 2016 statim
2849 1965 3079 2017 mutata
3127 1962 3356 2019 saevitia
3398 1962 3584 2034 (visus

1930 2051 2017 2102 est
2044 2048 2202 2101 enim
2229 2048 2451 2103 habere
2482 2048 2751 2103 animum
2783 2053 2991 2119 aptum
3024 2048 3101 2105 ad
3132 2050 3583 2121 suscipiendum

1930 2134 2161 2191 semina
2179 2135 2451 2206 pietatis),
2471 2136 2534 2191 ﬁt
2554 2137 2679 2191 ovis
2696 2152 2806 2207 pro
2829 2135 2987 2207 lupo,
3004 2141 3059 2192 et
3082 2153 3188 2208 pro
3210 2145 3585 2209 persecutore

1931 2222 2256 2294 discipulus
2288 2241 2300 2277 :
2333 2231 2388 2279 et
2416 2226 2681 2295 priorum
2711 2224 2892 2279 veluti
2931 2225 3166 2296 oblitus,
3208 2242 3324 2282 non
3350 2226 3501 2283 latro
3530 2234 3587 2284 et

1932 2316 2294 2383 persecutor,
2328 2312 2432 2367 sed
2454 2312 2681 2377 Christi,
2712 2328 2893 2384 quem
2924 2315 3416 2385 persequebatur,
3440 2318 3586 2372 ami-

218 2416 328 2456 cus
361 2408 417 2455 et
445 2399 774 2471 discipulus
808 2420 820 2459 :
863 2404 921 2456 et
944 2402 1199 2472 despicit
1227 2402 1470 2473 quidem
1500 2402 1701 2474 ipsum
1731 2402 2151 2472 imperatorem
2186 2416 2198 2455 :
2230 2401 2496 2472 procedit
2523 2406 2723 2457 autem
2756 2401 2828 2456 ad
2859 2402 3040 2472 pedes
3071 2403 3277 2469 sancti,
3306 2408 3363 2459 et
3408 2404 3485 2459 ab
3515 2419 3586 2461 eo

220 2494 489 2561 tempore
536 2488 749 2544 lubens
779 2490 1128 2545 versabatur
1158 2506 1291 2545 cum
1332 2491 1640 2559 magistro,
1672 2489 1828 2544 illius
1856 2489 2049 2543 verbis
2076 2489 2465 2555 illuminatus,
2493 2495 2550 2544 et
2576 2490 2637 2545 in
2666 2490 2880 2560 pietate
2909 2490 3319 2547 conﬁrmatus.
3351 2491 3468 2548 Sed
3499 2493 3583 2548 sic

220 2575 467 2650 quidem
495 2576 628 2633 fecit
656 2576 827 2645 Felix,
852 2583 906 2634 et
929 2594 1308 2649 nequaquam
1331 2579 1557 2633 curavit
1582 2578 1790 2634 reverti
1817 2576 1896 2632 ad
1920 2591 2080 2641 eum,
2103 2578 2205 2647 qui
2235 2579 2493 2633 miserat.
2526 2580 2651 2633 Non
2678 2582 2804 2633 erat
2827 2583 3048 2642 autem,
3078 2578 3133 2633 id
3150 2579 3316 2650 quod
3341 2580 3585 2637 videba-

224 2671 323 2721 tur
356 2665 707 2721 Eleutherio.
742 2665 1080 2722 Festinabat
1103 2667 1265 2722 enim
1292 2667 1369 2723 ad
1401 2665 1832 2722 confessionem
1862 2680 1875 2720 :
1900 2670 2144 2736 eratque
2171 2671 2451 2737 prompto
2473 2670 2527 2722 et
2551 2666 2732 2721 alacri
2763 2669 2963 2721 animo
2992 2667 3070 2722 ad
3096 2671 3373 2738 pietatem
3397 2668 3586 2725 libere

241 2753 628 2810 eﬂ‘erendam.
661 2755 774 2810 lter
799 2761 949 2811 certe
1005 2755 1270 2827 protinus
1314 2762 1399 2811 est
1428 2756 1756 2827 ingressus,
1797 2752 2022 2810 habens
2047 2755 2223 2809 etiam
2254 2770 2316 2810 se
2347 2760 2687 2825 sequentem
2719 2754 2968 2810 Felicem
2998 2754 3211 2810 ducem
3266 2756 3580 2820 exercitus,

234 2840 386 2897 Cum
434 2846 633 2898 autem
692 2843 843 2898 inter
873 2843 1135 2899 eundum
1185 2844 1244 2897 in
1277 2859 1497 2915 aquam
1525 2844 1886 2906 incidissent,
1920 2841 1985 2896 ﬁt
2007 2841 2104 2897 hic
2137 2843 2291 2898 Felix
2320 2843 2471 2899 alius
2524 2844 2827 2900 Candaces
2856 2859 2869 2898 :
2903 2847 2959 2899 et
3001 2860 3035 2898 a
3070 2844 3271 2899 divino
3309 2844 3580 2916 Philippo

229 2928 566 3000 baptizatur
620 2934 664 2997 ³,
743 2945 960 3000 nempe
1008 2930 1361 3001 Eleutherio,
1420 2939 1477 2985 et
1527 2930 1878 2986 idololatria
1956 2929 2226 3000 caligine,
2277 2935 2566 3002 tanquam
2626 2932 2860 3002 putrido
2944 2930 3143 3003 aliquo
3207 2932 3580 2997 indumento,

228 3018 485 3072 exuitur.

303 3105 375 3158 I".
410 3106 552 3158 Ἐπεὶ
609 3101 669 3157 δι
705 3110 796 3158 καὶ
822 3109 914 3162 τήν
943 3103 1141 3177 Ῥώμην
1192 3104 1488 3170 κατέλαϐον,
1533 3104 1692 3167 Φίληξ
1738 3107 1826 3176 μεν

2044 3106 2135 3160 ΙΙΙ.
2151 3107 2471 3178 Postquam
2483 3122 2623 3162 vero
2639 3108 2844 3163 itinere
2858 3108 3129 3163 confecto
3142 3108 3395 3165 Romam
3412 3124 3586 3165 vene-

229 3202 342 3256 τοῖς
398 3193 447 3245 έν
520 3193 687 3266 Ῥώμῃ
765 3201 972 3254 πιστοῖς
1037 3196 1103 3245 τά
1159 3196 1293 3245 κατά
1364 3197 1451 3245 τόν
1518 3192 1827 3266 Ἐλευθέριον

229 3281 558 3352 ἀπαγγέλλει,
615 3282 926 3356 Ἐλευθέριον
979 3278 1039 3333 δὲ
1109 3283 1135 3333 6
1198 3280 1445 3353 βασιλεὺς
1509 3290 1580 3352 τῷ
1645 3281 1828 3333 ἑαυτοῦ

229 3374 527 3444 παρίστησι
572 3368 777 3443 βήματι
809 3388 821 3400 '
856 3369 909 3421 ὃν
960 3374 1050 3422 καὶ
1100 3366 1225 3422 ἰδὼν
1280 3373 1388 3421 νέον
1440 3389 1493 3421 τε
1547 3374 1635 3422 καὶ
1688 3389 1828 3444 περι-

230 3458 415 3524 καλλῆ,
474 3464 564 3512 καὶ
615 3467 687 3529 τῷ
755 3466 843 3520 τῆς
899 3457 1087 3533 ἀρετῆς
1126 3464 1307 3530 κόσμῳ
1349 3457 1535 3529 ψυχήν
1586 3458 1695 3529 οἶμα
1738 3463 1827 3510 καὶ

234 3547 527 3620 ὀφθαλμοὺς
597 3546 928 3619 ἀγλαίζοντα,
988 3546 1097 3601 Ἶνα
1157 3551 1226 3611 τί,
1292 3552 1470 3618 φησὶν,
1527 3548 1822 3619 Ἐλευθέριε,

231 3641 325 3694 τήν
370 3641 610 3710 πατρῴαν
660 3638 939 3709 θρησκείαν
973 3634 1253 3698 ἀπολιπὼν,
1287 3637 1461 3686 καινὸν
1512 3655 1627 3686 τινα
1667 3654 1829 3709 πρεσ-

234 3723 396 3785 ϐεύεις
451 3729 595 3787 Θεὸν,
655 3730 744 3776 καὶ
798 3732 975 3776 τοῦτον
1038 3722 1458 3797 ἐσταυρωμένον;
1513 3723 1828 3796 Ἐλευθέριος

238 3812 298 3867 δὲ
350 3818 475 3886 πρὸς
530 3814 693 3874 οὕτως
748 3812 1094 3866 ἀσυνετοῦντα
1144 3810 1281 3885 μηδὲ
1330 3811 1699 3885 ἀποκρίνεσθαι
1754 3814 1829 3865 θέ-

235 3903 356 3968 λων,
383 3902 542 3963 οἵλλως
566 3922 620 3954 τε
659 3898 717 3954 δὲ
747 3907 835 3954 καὶ
865 3902 998 3953 αὐτά
1029 3898 1097 3960 δὴ
1145 3905 1211 3954 τά
1239 3909 1330 3953 τοῦ
1380 3910 1612 3975 Χριστοῦ
1643 3904 1690 3953 ἐν
1720 3909 1828 3962 τοῖς

240 3991 366 4065 ὑπὲρ
436 3998 670 4064 Χριστοῦ
744 3993 1079 4062 μιμούμενος,
1146 3999 1352 4042 σιωπῶν
1411 3990 1636 4047 ἑστήκει.
1696 3990 1828 4044 Ἀλλ’

242 4078 504 4153 ἀπόκρινε,
549 4084 639 4131 καὶ
692 4075 842 4139 αὖθις
894 4080 919 4130 6
979 4078 1224 4151 βασιλεὺς
1271 4080 1386 4150 ἔφη,
1435 4084 1552 4151 περὶ
1582 4080 1647 4130 ὧν
1697 4080 1829 4152 ἠρω-

238 4168 421 4227 τήθης.
464 4164 591 4219 Εἶτα
641 4172 729 4218 καὶ
776 4175 869 4229 τῆς
915 4172 1123 4240 πικρίας
1171 4163 1372 4235 ἐνδοὺς,
1422 4169 1675 4225 Πείσθητί
1720 4186 1829 4238 μοι,

238 4254 396 4325 ἔλεγε,
465 4261 551 4309 καὶ
605 4264 709 4317 τοῖς
780 4255 1054 4317 ἀηττήτοις
1111 4257 1267 4308 θῦσον
1329 4257 1496 4316 θεοῖς·
1549 4256 1592 4308 εἰ
1644 4252 1694 4308 δ’
1750 4255 1831 4320 οὒ,

238 4344 478 4416 χαλεπὰς
525 4344 692 4407 ἐπάξω
747 4364 829 4396 σοι
872 4348 1146 4418 τιμωρίας,
1194 4345 1474 4413 πειθομένῳ
1515 4340 1573 4395 δὲ
1621 4346 1707 4403 τὰς
1750 4362 1835 4414 με·

239 4436 428 4503 ’γίστας
480 4432 682 4503 παρέξω
728 4434 900 4502 τιμάς.
963 4436 1062 4483 Καὶ
1117 4432 1142 4481 6
1216 4429 1526 4503 Ἐλευθέριος
1582 4428 1836 4504 εὐπαρῥη-

1935 3200 2093 3263 runt,
2118 3209 2153 3248 a
2183 3193 2455 3248 ﬁdelibus
2477 3194 2741 3263 quidem,
2765 3196 2868 3266 qui
2899 3202 3070 3251 erant
3095 3199 3315 3262 Romae,
3342 3198 3583 3266 agnitus

1937 3280 2237 3351 sigillatim
2266 3281 2341 3337 de
2362 3280 2693 3336 Eleutherio
2714 3283 2921 3337 omnia
2950 3287 3282 3339 annuntiat.
3315 3285 3588 3340 Eleuthe-

1935 3370 2093 3425 rium
2122 3374 2323 3426 autem
2348 3371 2557 3440 jussus
2580 3368 2957 3440 imperatoris
2988 3372 3326 3441 imperabat
3357 3372 3477 3427 sisti
3509 3373 3587 3429 ad

1934 3458 2088 3514 illius
2118 3457 2398 3514 tribunal.
2430 3457 2529 3513 Ille
2551 3473 2692 3512 vero
2723 3463 2849 3513 tam
2878 3473 3100 3529 magno
3124 3465 3180 3514 et
3209 3460 3442 3515 excelso
3464 3460 3589 3517 ani-

1937 3562 2036 3601 mo
2066 3545 2413 3617 ingreditur,
2455 3561 2525 3600 ac
2557 3544 2606 3599 si
2640 3560 2760 3600 non
2792 3545 2870 3601 ad
2902 3546 3248 3613 certamina,
3284 3547 3386 3601 sed
3410 3547 3488 3603 ad
3508 3547 3590 3603 fe-

1936 3640 2092 3690 stum
2123 3638 2536 3690 accerseretur.
2573 3635 2761 3699 Quem
2801 3650 2936 3689 cum
2965 3635 3300 3706 aspexisset
3325 3637 3589 3707 impera-

1936 3728 2045 3787 tor,
2078 3727 2140 3778 ut
2161 3722 2306 3777 vidit
2335 3738 2473 3777 eum
2517 3737 2645 3776 esse
2685 3726 2740 3776 et
2764 3721 3038 3791 juvenem
3077 3726 3135 3777 et
3172 3721 3505 3779 formosum
3535 3729 3593 3781 et

1933 3810 2163 3865 virtutis
2201 3815 2553 3865 ornamento
2593 3812 2651 3864 et
2679 3811 2881 3864 animo
2920 3815 2976 3865 et
3012 3810 3200 3865 oculis
3238 3811 3524 3867 decorum
3565 3829 3584 3871 :

1938 3899 2070 3964 Cur,
2118 3898 2331 3970 inquit,
2360 3913 2396 3953 o
2442 3897 2755 3965 Eleutheri,
2797 3898 2985 3968 patria
3036 3898 3241 3955 relicta
3278 3900 3587 3969 religione,

1937 3988 2187 4044 deorum
2228 3985 2443 4042 cultum
2473 3985 2641 4041 nihili
2698 3986 2940 4050 faciens,
2984 4001 3209 4042 novum
3265 3989 3588 4059 quemdam

1941 4080 2124 4132 Deum
2155 4076 2296 4131 colis
2323 4091 2335 4128 :
2370 4075 2536 4145 isque
2568 4091 2705 4130 cum
2736 4090 2857 4130 non
2880 4074 3075 4129 solum
3109 4075 3185 4129 sit
3207 4082 3409 4146 aperte
3439 4092 3591 4133 mor-

1939 4169 2098 4229 tuus,
2132 4164 2239 4217 sed
2269 4163 2447 4217 etiam
2479 4167 2731 4218 mortem
2774 4162 3016 4217 subierit
3057 4163 3468 4233 turpissimam
3499 4164 3527 4219 ‘i
3558 4185 3589 4219 »

1942 4251 2306 4307 Eleutherius
2319 4254 2517 4304 autem
2548 4250 2618 4313 ei,
2639 4251 2741 4320 qui
2761 4266 2823 4304 se
2851 4255 2973 4305 tam
2996 4250 3169 4305 stulte
3188 4251 3448 4321 gerebat,
3481 4268 3592 4308 nec

1944 4337 2429 4410 respondendum
2455 4336 2701 4408 quidem
2731 4352 2859 4391 esse
2890 4336 3233 4403 arbitratus,
3273 4343 3332 4394 et
3363 4339 3590 4412 ahoqui

1944 4429 2143 4501 ipsum
2183 4425 2472 4481 Christum
2502 4425 2562 4479 in
2594 4424 2687 4489 iis,
2727 4441 2862 4496 quae
2892 4440 3000 4495 pro
3041 4426 3271 4484 Christo
3301 4443 3591 4499 passurus

244 4522 473 4580 σιάστως
507 4539 519 4552 ·
574 4525 672 4573 Καὶ
740 4528 846 4579 πῶς
925 4518 1004 4589 ἄν,
1068 4521 1181 4590 ἔφη,
1242 4520 1495 4580 τοιούτοις
1572 4518 1828 4590 λατρεύσω

1946 4519 2089 4581 erat,
2118 4515 2355 4569 imitans
2385 4512 2579 4569 stabat
2602 4519 2826 4568 tacens.
2852 4535 2880 4563 ‹‹
2899 4513 3015 4569 Sed
3042 4516 3359 4586 responde,
3386 4532 3594 4572 rursus

246 4611 403 4673 θεοῖς,
458 4609 487 4666 ή
546 4607 667 4659 ἄλλο
728 4607 1020 4678 ἀνεχομένῳ
1076 4608 1443 4679 συνθήσομαι;
1505 4614 1615 4666 ΙΙῶς
1664 4604 1721 4659 δὲ
1777 4606 1835 4658 οὐ

243 4695 436 4770 μᾶλλον
484 4695 773 4754 ἀποστῆναι
813 4698 1004 4748 τούτων
1047 4700 1134 4748 καὶ
1181 4696 1302 4767 ὑμῖν
1345 4694 1834 4766 συμϐουλεῦσαιμι;

246 4784 590 4847 ἀπειθοῦντας
646 4781 703 4837 δε
777 4782 1027 4857 δακρύσω
1091 4792 1185 4845 τῆς
1243 4782 1500 4850 ἀπονοίας,
1558 4786 1638 4836 ὅτι
1704 4783 1838 4854 λόγῳ

243 4876 376 4947 πρὸς
433 4880 565 4926 Θεοῦ
618 4874 930 4944 τιμηθέντες,
986 4871 1144 4934 ξύλων
1196 4876 1286 4923 καὶ
1342 4872 1495 4924 λίθων
1551 4871 1839 4945 ἀτιμότεροι

245 4964 626 5025 καθεστήκατε,
670 4964 814 5023 θεοὺς
859 4969 1025 5014 ταῦτα
1070 4963 1366 5033 ἡγούμενοι,
1413 4966 1502 5013 καὶ
1542 4964 1627 5013 τὸν
1673 4961 1835 5019 ἀληθῆ

248 5054 380 5105 Θεὸν
444 5049 668 5125 ἀφρόνως
720 5048 1174 5123 ἀποστρεφόμενοι,
1231 5049 1280 5109 ὃς
1333 5052 1398 5101 τὰ
1441 5052 1609 5102 πάντα
1644 5050 1841 5124 ῥήματι

249 5145 647 5198 συνεστήσατο·
701 5144 788 5191 καὶ
834 5141 970 5210 ἡμᾶς
1027 5135 1107 5206 δὲ,
1159 5147 1257 5190 τῶν
1316 5141 1473 5191 αὐτοῦ
1542 5140 1840 5209 κτισμάτων

247 5232 311 5281 τὸ
354 5229 625 5282 κάλλιστόν
656 5247 709 5281 τε
749 5233 840 5280 καὶ
885 5232 1215 5299 τιμιώτατον,
1249 5227 1291 5279 εἰ
1333 5233 1420 5279 καὶ
1458 5229 1629 5300 ὥσπερ
1670 5226 1717 5278 ἐν
1760 5247 1843 5277 νυ-

250 5323 544 5391 κτομαχίᾳ,
600 5321 658 5370 τό
704 5316 844 5389 φίλον
895 5335 950 5369 τε
1005 5321 1093 5368 καὶ
1132 5314 1372 5387 πολέμιον
1426 5315 1722 5388 ἀγνοοῦμεν,
1754 5320 1843 5367 καὶ

249 5411 387 5480 πρὸς
443 5410 531 5479 μὲν
608 5410 693 5459 τὸν
764 5406 1008 5478 ἡμέτερον
1073 5409 1334 5462 Δεσπότην
1408 5404 1840 5476 ἐκπολεμούμεθα,

329 5575 351 5609 ²
385 5576 501 5630 act.
530 5587 652 5629 vni.
731 5575 750 5606 ³
782 5571 920 5626 Luc.
960 5584 1077 5627 In.

1946 4605 2090 4661 dixit
2109 4604 2430 4675 imperator
2456 4617 2471 4657 :
2506 4602 2615 4667 Qui
2636 4600 2719 4667 ﬁt,
2746 4602 2912 4673 quod
2942 4608 2997 4658 te
3030 4609 3151 4659 tam
3165 4604 3373 4659 stolide
3398 4620 3595 4675 geras,

1947 4695 2080 4751 etin
2101 4694 2262 4747 hunc
2279 4691 2741 4747 Christianorum
2768 4690 2993 4745 cultum
3023 4692 3305 4747 insanum
3333 4698 3386 4748 te
3402 4693 3598 4749 immi-

1948 4782 2093 4838 seris
2112 4780 2140 4834 ?
2167 4802 2191 4830 υ
2224 4778 2445 4835 Deinde
2475 4778 2848 4851 aliquantum
2879 4778 3183 4833 remittens
3208 4780 3281 4834 de
3312 4780 3599 4835 acerbita-

1949 4876 2036 4926 te:
2071 4891 2098 4919 ‹‹
2127 4872 2285 4933 Pare,
2317 4867 2522 4937 inquit,
2554 4867 2698 4921 mihi
2728 4871 2784 4922 et
2814 4866 2925 4921 diis
2954 4865 3185 4921 invictis
3219 4867 3507 4923 sacriﬁca.
3535 4869 3597 4925 Si

1948 4958 2107 5014 enim
2145 4972 2465 5029 persuasus
2494 4955 2870 5019 convertaris,
2902 4954 3160 5009 honores
3187 4954 3288 5010 tibi
3313 4956 3597 5026 praebebo

1949 5046 2247 5103 maximos
2275 5063 2288 5100 :
2313 5044 2405 5100 sin
2431 5050 2632 5100 autem
2664 5059 2777 5098 non
2809 5058 3038 5115 pareas,
3071 5043 3425 5113 gravissima
3454 5044 3598 5101 infe-

1948 5153 2078 5193 ram
2132 5133 2446 5207 supplicia.
2506 5132 2869 5188 Eleutherius
2925 5146 3060 5186 vero
3121 5132 3370 5187 Domino
3427 5133 3599 5189 invo-

1951 5230 2097 5288 cato,
2156 5224 2256 5295 qui
2309 5222 2509 5280 dixit:
2576 5220 2757 5276 Nolite
2813 5235 2939 5275 esse
2996 5218 3246 5285 solliciti,
3291 5223 3601 5292 quomodo

1953 5318 2057 5369 aut
2076 5312 2222 5384 quid
2250 5309 2676 5382 respondeatis.
2708 5308 2953 5364 Dabitur
2989 5307 3147 5364 enim
3177 5308 3373 5375 vobis,
3406 5310 3604 5382 inquit

1954 5402 2069 5469 ille,
2102 5399 2412 5473 sapientia,
2444 5396 2539 5453 cui
2575 5397 2774 5454 nullus
2803 5397 3019 5469 poterit
3047 5398 3318 5456 resistere
3349 5400 3371 5435 ⁸
3405 5418 3419 5459 ;
3452 5400 3605 5465 Quo-
