  <div class='ocr_page' id='page_1' title='image "/cluster/home/n/w/nwhite01/storage/ocr_20150623/115/mdp.39015028574336/073.png"; bbox 0 0 4110 6272; ppageno 0'>
   <div class='ocr_carea' id='block_1_1' title="bbox 586 305 2209 378">
    <p class='ocr_par' dir='ltr' id='par_1_1' title="bbox 586 306 2209 378">
     <span class='ocr_line' id='line_1_1' title="bbox 586 306 2209 378; baseline -0.01 0"><span class='ocrx_word' id='word_1_1' title='bbox 586 328 603 378; x_wconf 80' lang='lat' dir='ltr'>t</span> <span class='ocrx_word' id='word_1_2' title='bbox 621 327 677 378; x_wconf 88' lang='lat' dir='ltr'>3t</span> <span class='ocrx_word' id='word_1_3' title='bbox 1973 306 2209 365; x_wconf 78' lang='lat' dir='ltr'>MENSIE</span> 
     </span>
    </p>
   </div>
   <div class='ocr_carea' id='block_1_2' title="bbox 2318 305 3941 378">
    <p class='ocr_par' dir='ltr' id='par_1_2' title="bbox 2318 305 3941 362">
     <span class='ocr_line' id='line_1_2' title="bbox 2318 305 3941 362; baseline 0.001 -3"><span class='ocrx_word' id='word_1_4' title='bbox 2318 306 2556 362; x_wconf 63' lang='lat' dir='ltr'>?RILIS.</span> <span class='ocrx_word' id='word_1_5' title='bbox 3855 305 3941 361; x_wconf 71' lang='grc' dir='ltr'>ιεε</span> 
     </span>
    </p>
   </div>
   <div class='ocr_carea' id='block_1_3' title="bbox 578 428 2201 521">
    <p class='ocr_par' dir='ltr' id='par_1_3' title="bbox 578 438 2201 521">
     <span class='ocr_line' id='line_1_3' title="bbox 578 438 2201 521; baseline -0.01 -13"><span class='ocrx_word' id='word_1_6' title='bbox 578 452 782 519; x_wconf 92' lang='lat' dir='ltr'>modo,</span> <span class='ocrx_word' id='word_1_7' title='bbox 808 448 1019 521; x_wconf 82' lang='lat' dir='ltr'>inquit,</span> <span class='ocrx_word' id='word_1_8' title='bbox 1060 450 1264 518; x_wconf 92' lang='lat' dir='ltr'>potero</span> <span class='ocrx_word' id='word_1_9' title='bbox 1295 443 1573 499; x_wconf 88' lang='lat' dir='ltr'>sustinere</span> <span class='ocrx_word' id='word_1_10' title='bbox 1605 441 1819 497; x_wconf 80' lang='lat' dir='ltr'>talibus</span> <span class='ocrx_word' id='word_1_11' title='bbox 1849 439 1963 495; x_wconf 91' lang='lat' dir='ltr'>diis</span> <span class='ocrx_word' id='word_1_12' title='bbox 1993 438 2201 494; x_wconf 85' lang='lat' dir='ltr'>servire</span> 
     </span>
    </p>
   </div>
   <div class='ocr_carea' id='block_1_4' title="bbox 2296 428 3919 521">
    <p class='ocr_par' dir='ltr' id='par_1_4' title="bbox 2296 428 3919 505">
     <span class='ocr_line' id='line_1_4' title="bbox 2296 428 3919 505; baseline -0.001 -18"><span class='ocrx_word' id='word_1_13' title='bbox 2296 472 2307 491; x_wconf 56' lang='grc' dir='ltr'>ι</span> <span class='ocrx_word' id='word_1_14' title='bbox 2339 440 2453 495; x_wconf 81' lang='grc' dir='ltr'>τοὺς</span> <span class='ocrx_word' id='word_1_15' title='bbox 2501 431 2560 487; x_wconf 72' lang='grc' dir='ltr'>δὲ</span> <span class='ocrx_word' id='word_1_16' title='bbox 2611 432 2812 493; x_wconf 82' lang='grc' dir='ltr'>ἀληθῶς</span> <span class='ocrx_word' id='word_1_17' title='bbox 2860 428 3135 501; x_wconf 87' lang='grc' dir='ltr'>πολεμίους</span> <span class='ocrx_word' id='word_1_18' title='bbox 3182 436 3298 493; x_wconf 85' lang='grc' dir='ltr'>τοὺς</span> <span class='ocrx_word' id='word_1_19' title='bbox 3344 430 3597 505; x_wconf 82' lang='grc' dir='ltr'>δαίμονας</span> <span class='ocrx_word' id='word_1_20' title='bbox 3643 442 3831 505; x_wconf 84' lang='grc' dir='ltr'>τιμαῖς</span> <span class='ocrx_word' id='word_1_21' title='bbox 3873 437 3919 487; x_wconf 84' lang='grc' dir='ltr'>θε</span> 
     </span>
    </p>
   </div>
   <div class='ocr_carea' id='block_1_5' title="bbox 578 518 2201 596">
    <p class='ocr_par' dir='ltr' id='par_1_5' title="bbox 578 518 2201 596">
     <span class='ocr_line' id='line_1_5' title="bbox 578 518 2201 596; baseline -0.01 0"><span class='ocrx_word' id='word_1_22' title='bbox 578 546 681 596; x_wconf 90' lang='lat' dir='ltr'>aut</span> <span class='ocrx_word' id='word_1_23' title='bbox 709 518 804 595; x_wconf 87' lang='lat' dir='ltr'>alii</span> <span class='ocrx_word' id='word_1_24' title='bbox 835 518 1147 592; x_wconf 72' lang='lat' dir='ltr'>sustinenti</span> <span class='ocrx_word' id='word_1_25' title='bbox 1174 535 1463 589; x_wconf 90' lang='lat' dir='ltr'>assentiar</span> <span class='ocrx_word' id='word_1_26' title='bbox 1483 530 1511 584; x_wconf 71' lang='lat'><strong>7</strong></span> <span class='ocrx_word' id='word_1_27' title='bbox 1542 529 1853 596; x_wconf 85' lang='lat' dir='ltr'>Quomodo</span> <span class='ocrx_word' id='word_1_28' title='bbox 1880 533 2078 583; x_wconf 90' lang='lat' dir='ltr'>autem</span> <span class='ocrx_word' id='word_1_29' title='bbox 2106 541 2201 581; x_wconf 75' lang='lat' dir='ltr'>non</span> 
     </span>
    </p>
   </div>
   <div class='ocr_carea' id='block_1_6' title="bbox 2315 518 3938 596">
    <p class='ocr_par' dir='ltr' id='par_1_6' title="bbox 2336 518 3938 595">
     <span class='ocr_line' id='line_1_6' title="bbox 2336 518 3938 595; baseline 0.002 -21"><span class='ocrx_word' id='word_1_30' title='bbox 2336 527 2618 595; x_wconf 85' lang='grc' dir='ltr'>ραπεύομεν</span> <span class='ocrx_word' id='word_1_31' title='bbox 2662 524 2747 572; x_wconf 83' lang='grc' dir='ltr'>καὶ</span> <span class='ocrx_word' id='word_1_32' title='bbox 2796 522 3023 579; x_wconf 83' lang='grc' dir='ltr'>θυσίαις.</span> <span class='ocrx_word' id='word_1_33' title='bbox 3058 518 3259 591; x_wconf 82' lang='grc' dir='ltr'>Ἔγωγε</span> <span class='ocrx_word' id='word_1_34' title='bbox 3313 518 3400 573; x_wconf 83' lang='grc' dir='ltr'>οὖν</span> <span class='ocrx_word' id='word_1_35' title='bbox 3443 530 3536 575; x_wconf 87' lang='grc' dir='ltr'>τοῦ</span> <span class='ocrx_word' id='word_1_36' title='bbox 3586 523 3712 593; x_wconf 78' lang='grc' dir='ltr'>ἐμοῦ</span> <span class='ocrx_word' id='word_1_37' title='bbox 3757 532 3938 577; x_wconf 83' lang='grc' dir='ltr'>Δεσπο·</span> 
     </span>
    </p>
   </div>
   <div class='ocr_carea' id='block_1_7' title="bbox 578 610 2201 698">
    <p class='ocr_par' dir='ltr' id='par_1_7' title="bbox 578 616 2201 698">
     <span class='ocr_line' id='line_1_7' title="bbox 578 616 2201 698; baseline -0.008 -17"><span class='ocrx_word' id='word_1_38' title='bbox 578 627 770 698; x_wconf 85' lang='lat' dir='ltr'>magis</span> <span class='ocrx_word' id='word_1_39' title='bbox 792 625 961 679; x_wconf 87' lang='lat' dir='ltr'>vobis</span> <span class='ocrx_word' id='word_1_40' title='bbox 987 621 1388 678; x_wconf 89' lang='lat' dir='ltr'>consuluerim</span> <span class='ocrx_word' id='word_1_41' title='bbox 1415 621 1492 674; x_wconf 90' lang='lat' dir='ltr'>ab</span> <span class='ocrx_word' id='word_1_42' title='bbox 1514 618 1597 674; x_wconf 90' lang='lat' dir='ltr'>eis</span> <span class='ocrx_word' id='word_1_43' title='bbox 1618 617 1903 673; x_wconf 84' lang='lat' dir='ltr'>deﬁcere:</span> <span class='ocrx_word' id='word_1_44' title='bbox 1938 620 1994 671; x_wconf 89' lang='lat' dir='ltr'>et</span> <span class='ocrx_word' id='word_1_45' title='bbox 2025 616 2071 669; x_wconf 88' lang='lat' dir='ltr'>si</span> <span class='ocrx_word' id='word_1_46' title='bbox 2102 629 2201 668; x_wconf 71' lang='lat' dir='ltr'>nor</span> 
     </span>
    </p>
   </div>
   <div class='ocr_carea' id='block_1_8' title="bbox 2316 610 3939 698">
    <p class='ocr_par' dir='ltr' id='par_1_8' title="bbox 2334 610 3939 683">
     <span class='ocr_line' id='line_1_8' title="bbox 2334 610 3939 683; baseline 0.001 -20"><span class='ocrx_word' id='word_1_47' title='bbox 2334 632 2425 663; x_wconf 90' lang='grc' dir='ltr'>του</span> <span class='ocrx_word' id='word_1_48' title='bbox 2474 611 2551 663; x_wconf 77' lang='grc' dir='ltr'>ἀεὶ</span> <span class='ocrx_word' id='word_1_49' title='bbox 2599 613 2914 682; x_wconf 83' lang='grc' dir='ltr'>περιέχομαί</span> <span class='ocrx_word' id='word_1_50' title='bbox 2954 626 3006 659; x_wconf 87' lang='grc' dir='ltr'>τε</span> <span class='ocrx_word' id='word_1_51' title='bbox 3050 613 3134 659; x_wconf 73' lang='grc' dir='ltr'>καὶ</span> <span class='ocrx_word' id='word_1_52' title='bbox 3184 610 3505 682; x_wconf 81' lang='grc' dir='ltr'>περιέξομαι,</span> <span class='ocrx_word' id='word_1_53' title='bbox 3549 610 3762 683; x_wconf 76' lang='grc' dir='ltr'>ἀτιμίας</span> <span class='ocrx_word' id='word_1_54' title='bbox 3811 615 3939 683; x_wconf 75' lang='grc' dir='ltr'>ὑμῶν</span> 
     </span>
    </p>
   </div>
   <div class='ocr_carea' id='block_1_9' title="bbox 576 696 2199 787">
    <p class='ocr_par' dir='ltr' id='par_1_9' title="bbox 576 696 2199 787">
     <span class='ocr_line' id='line_1_9' title="bbox 576 696 2199 787; baseline -0.009 -17"><span class='ocrx_word' id='word_1_55' title='bbox 576 696 852 787; x_wconf 76' lang='lat' dir='ltr'>pareatis,</span> <span class='ocrx_word' id='word_1_56' title='bbox 877 716 1131 766; x_wconf 79' lang='lat' dir='ltr'>vestram</span> <span class='ocrx_word' id='word_1_57' title='bbox 1158 710 1410 764; x_wconf 88' lang='lat' dir='ltr'>deﬂeam</span> <span class='ocrx_word' id='word_1_58' title='bbox 1437 706 1783 770; x_wconf 80' lang='lat' dir='ltr'>amentiam,</span> <span class='ocrx_word' id='word_1_59' title='bbox 1813 704 1977 777; x_wconf 92' lang='lat' dir='ltr'>quod</span> <span class='ocrx_word' id='word_1_60' title='bbox 2000 702 2199 758; x_wconf 61' lang='lat' dir='ltr'>rationi</span> 
     </span>
    </p>
   </div>
   <div class='ocr_carea' id='block_1_10' title="bbox 2316 696 3939 787">
    <p class='ocr_par' dir='ltr' id='par_1_10' title="bbox 2334 696 3939 775">
     <span class='ocr_line' id='line_1_10' title="bbox 2334 696 3939 775; baseline 0.001 -22"><span class='ocrx_word' id='word_1_61' title='bbox 2334 708 2645 775; x_wconf 73' lang='grc' dir='ltr'>περιφρονῶν</span> <span class='ocrx_word' id='word_1_62' title='bbox 2677 704 2765 749; x_wconf 85' lang='grc' dir='ltr'>καὶ</span> <span class='ocrx_word' id='word_1_63' title='bbox 2807 700 2977 767; x_wconf 81' lang='grc' dir='ltr'>τιμὰς,</span> <span class='ocrx_word' id='word_1_64' title='bbox 3011 702 3101 748; x_wconf 81' lang='grc' dir='ltr'>καὶ</span> <span class='ocrx_word' id='word_1_65' title='bbox 3144 701 3202 748; x_wconf 93' lang='grc' dir='ltr'>τὸ</span> <span class='ocrx_word' id='word_1_66' title='bbox 3234 696 3507 751; x_wconf 76' lang='grc' dir='ltr'>ἀποθανεῖν</span> <span class='ocrx_word' id='word_1_67' title='bbox 3548 703 3675 773; x_wconf 70' lang='grc' dir='ltr'>ὑπὲρ</span> <span class='ocrx_word' id='word_1_68' title='bbox 3712 709 3939 775; x_wconf 79' lang='grc' dir='ltr'>Χριστοῦ</span> 
     </span>
    </p>
   </div>
   <div class='ocr_carea' id='block_1_11' title="bbox 575 785 2198 864">
    <p class='ocr_par' dir='ltr' id='par_1_11' title="bbox 575 785 2197 864">
     <span class='ocr_line' id='line_1_11' title="bbox 575 785 2197 864; baseline -0.008 -5"><span class='ocrx_word' id='word_1_69' title='bbox 575 785 611 860; x_wconf 78' lang='lat' dir='ltr'>a</span> <span class='ocrx_word' id='word_1_70' title='bbox 644 804 760 858; x_wconf 89' lang='lat' dir='ltr'>Deo</span> <span class='ocrx_word' id='word_1_71' title='bbox 788 801 1080 863; x_wconf 88' lang='lat' dir='ltr'>honorari,</span> <span class='ocrx_word' id='word_1_72' title='bbox 1123 797 1315 853; x_wconf 79' lang='lat' dir='ltr'>effecti</span> <span class='ocrx_word' id='word_1_73' title='bbox 1340 797 1476 852; x_wconf 81' lang='lat' dir='ltr'>estis</span> <span class='ocrx_word' id='word_1_74' title='bbox 1511 796 1743 851; x_wconf 84' lang='lat' dir='ltr'>viliores</span> <span class='ocrx_word' id='word_1_75' title='bbox 1772 794 1948 864; x_wconf 83' lang='lat' dir='ltr'>lignis</span> <span class='ocrx_word' id='word_1_76' title='bbox 1988 798 2044 848; x_wconf 90' lang='lat' dir='ltr'>et</span> <span class='ocrx_word' id='word_1_77' title='bbox 2086 791 2197 863; x_wconf 91' lang='lat' dir='ltr'>lapi</span> 
     </span>
    </p>
   </div>
   <div class='ocr_carea' id='block_1_12' title="bbox 1881 785 3504 864">
    <p class='ocr_par' dir='ltr' id='par_1_12' title="bbox 1881 785 3504 863">
     <span class='ocr_line' id='line_1_12' title="bbox 1881 785 3504 863; baseline -0.008 -14"><span class='ocrx_word' id='word_1_78' title='bbox 1881 794 1948 849; x_wconf 76' lang='lat' dir='ltr'>iis</span> <span class='ocrx_word' id='word_1_79' title='bbox 1988 798 2044 848; x_wconf 90' lang='lat' dir='ltr'>et</span> <span class='ocrx_word' id='word_1_80' title='bbox 2086 791 2225 863; x_wconf 87' lang='lat' dir='ltr'>lapi-</span> <span class='ocrx_word' id='word_1_81' title='bbox 2334 794 2530 862; x_wconf 76' lang='grc' dir='ltr'>τρυφὴν</span> <span class='ocrx_word' id='word_1_82' title='bbox 2560 793 2649 839; x_wconf 85' lang='grc' dir='ltr'>καὶ</span> <span class='ocrx_word' id='word_1_83' title='bbox 2680 785 2987 857; x_wconf 83' lang='grc' dir='ltr'>ἀγαλλίασιν</span> <span class='ocrx_word' id='word_1_84' title='bbox 3019 790 3176 846; x_wconf 80' lang='grc' dir='ltr'>ὄντως</span> <span class='ocrx_word' id='word_1_85' title='bbox 3204 789 3504 858; x_wconf 79' lang='grc' dir='ltr'>ἡγούμενος,</span> 
     </span>
    </p>
   </div>
   <div class='ocr_carea' id='block_1_13' title="bbox 574 875 3940 956">
    <p class='ocr_par' dir='ltr' id='par_1_13' title="bbox 574 875 3940 956">
     <span class='ocr_line' id='line_1_13' title="bbox 574 875 3940 956; baseline -0.003 -10"><span class='ocrx_word' id='word_1_86' title='bbox 574 891 771 955; x_wconf 91' lang='lat' dir='ltr'>dibus,</span> <span class='ocrx_word' id='word_1_87' title='bbox 805 890 957 945; x_wconf 90' lang='lat' dir='ltr'>adeo</span> <span class='ocrx_word' id='word_1_88' title='bbox 985 894 1046 942; x_wconf 93' lang='lat' dir='ltr'>ut</span> <span class='ocrx_word' id='word_1_89' title='bbox 1071 888 1197 941; x_wconf 72' lang='lat' dir='ltr'>haec</span> <span class='ocrx_word' id='word_1_90' title='bbox 1227 885 1369 941; x_wconf 92' lang='lat' dir='ltr'>deos</span> <span class='ocrx_word' id='word_1_91' title='bbox 1399 900 1526 940; x_wconf 87' lang='lat' dir='ltr'>esse</span> <span class='ocrx_word' id='word_1_92' title='bbox 1558 884 1770 956; x_wconf 90' lang='lat' dir='ltr'>putetis</span> <span class='ocrx_word' id='word_1_93' title='bbox 1796 900 1812 936; x_wconf 93' lang='lat'><strong><em>:</em></strong></span> <span class='ocrx_word' id='word_1_94' title='bbox 1854 888 1909 937; x_wconf 91' lang='lat' dir='ltr'>et</span> <span class='ocrx_word' id='word_1_95' title='bbox 1940 897 2057 936; x_wconf 94' lang='lat' dir='ltr'>non</span> <span class='ocrx_word' id='word_1_96' title='bbox 2081 880 2277 935; x_wconf 90' lang='lat' dir='ltr'>solum</span> <span class='ocrx_word' id='word_1_97' title='bbox 2305 894 2453 941; x_wconf 87' lang='lat' dir='ltr'>esse,</span> <span class='ocrx_word' id='word_1_98' title='bbox 2486 877 2589 932; x_wconf 89' lang='lat' dir='ltr'>sed</span> <span class='ocrx_word' id='word_1_99' title='bbox 2624 877 2803 931; x_wconf 87' lang='lat' dir='ltr'>etiam</span> <span class='ocrx_word' id='word_1_100' title='bbox 2828 875 2978 929; x_wconf 88' lang='lat' dir='ltr'>bene</span> <span class='ocrx_word' id='word_1_101' title='bbox 3005 889 3132 928; x_wconf 88' lang='lat' dir='ltr'>esse</span> <span class='ocrx_word' id='word_1_102' title='bbox 3154 876 3495 932; x_wconf 76' lang='lat' dir='ltr'>existimetis</span> <span class='ocrx_word' id='word_1_103' title='bbox 3524 892 3537 931; x_wconf 92' lang='lat'>:</span> <span class='ocrx_word' id='word_1_104' title='bbox 3582 878 3771 950; x_wconf 88' lang='lat' dir='ltr'>idque</span> <span class='ocrx_word' id='word_1_105' title='bbox 3805 895 3940 936; x_wconf 89' lang='lat' dir='ltr'>vero</span> 
     </span>
    </p>
   </div>
   <div class='ocr_carea' id='block_1_14' title="bbox 579 964 3940 1048">
    <p class='ocr_par' dir='ltr' id='par_1_14' title="bbox 579 964 3940 1048">
     <span class='ocr_line' id='line_1_14' title="bbox 579 964 3940 1048; baseline -0.004 -13"><span class='ocrx_word' id='word_1_106' title='bbox 579 984 695 1035; x_wconf 91' lang='lat' dir='ltr'>Deo</span> <span class='ocrx_word' id='word_1_107' title='bbox 725 979 945 1042; x_wconf 89' lang='lat' dir='ltr'>relicto,</span> <span class='ocrx_word' id='word_1_108' title='bbox 973 976 1075 1048; x_wconf 88' lang='lat' dir='ltr'>qui</span> <span class='ocrx_word' id='word_1_109' title='bbox 1104 974 1326 1029; x_wconf 83' lang='lat' dir='ltr'>ratione</span> <span class='ocrx_word' id='word_1_110' title='bbox 1378 972 1675 1028; x_wconf 87' lang='lat' dir='ltr'>constituit</span> <span class='ocrx_word' id='word_1_111' title='bbox 1720 972 2063 1026; x_wconf 87' lang='lat' dir='ltr'>universum</span> <span class='ocrx_word' id='word_1_112' title='bbox 2095 969 2122 1022; x_wconf 74' lang='grc'>5³</span> <span class='ocrx_word' id='word_1_113' title='bbox 2171 967 2397 1023; x_wconf 60' lang='lat' dir='ltr'>Caelum</span> <span class='ocrx_word' id='word_1_114' title='bbox 2437 965 2597 1020; x_wconf 93' lang='lat' dir='ltr'>enim</span> <span class='ocrx_word' id='word_1_115' title='bbox 2626 968 2685 1019; x_wconf 89' lang='lat' dir='ltr'>et</span> <span class='ocrx_word' id='word_1_116' title='bbox 2712 970 2864 1018; x_wconf 89' lang='lat' dir='ltr'>terra</span> <span class='ocrx_word' id='word_1_117' title='bbox 2896 968 3035 1017; x_wconf 88' lang='lat' dir='ltr'>sunt</span> <span class='ocrx_word' id='word_1_118' title='bbox 3070 978 3226 1033; x_wconf 91' lang='lat' dir='ltr'>opus</span> <span class='ocrx_word' id='word_1_119' title='bbox 3259 980 3472 1020; x_wconf 92' lang='lat' dir='ltr'>manus</span> <span class='ocrx_word' id='word_1_120' title='bbox 3500 964 3679 1021; x_wconf 91' lang='lat' dir='ltr'>illius.</span> <span class='ocrx_word' id='word_1_121' title='bbox 3716 968 3940 1022; x_wconf 84' lang='lat' dir='ltr'>Sumus</span> 
     </span>
    </p>
   </div>
   <div class='ocr_carea' id='block_1_15' title="bbox 577 1051 3949 1135">
    <p class='ocr_par' dir='ltr' id='par_1_15' title="bbox 577 1051 3949 1135">
     <span class='ocr_line' id='line_1_15' title="bbox 577 1051 3949 1135; baseline -0.004 -13"><span class='ocrx_word' id='word_1_122' title='bbox 577 1082 715 1122; x_wconf 88' lang='lat' dir='ltr'>vero</span> <span class='ocrx_word' id='word_1_123' title='bbox 740 1081 850 1121; x_wconf 90' lang='lat' dir='ltr'>nos</span> <span class='ocrx_word' id='word_1_124' title='bbox 875 1065 1051 1131; x_wconf 84' lang='lat' dir='ltr'>exiis,</span> <span class='ocrx_word' id='word_1_125' title='bbox 1073 1079 1209 1135; x_wconf 77' lang='lat' dir='ltr'>quae</span> <span class='ocrx_word' id='word_1_126' title='bbox 1236 1063 1473 1124; x_wconf 88' lang='lat' dir='ltr'>creavit,</span> <span class='ocrx_word' id='word_1_127' title='bbox 1496 1076 1649 1132; x_wconf 91' lang='lat' dir='ltr'>opus</span> <span class='ocrx_word' id='word_1_128' title='bbox 1674 1060 2148 1131; x_wconf 89' lang='lat' dir='ltr'>pulcherrimum</span> <span class='ocrx_word' id='word_1_129' title='bbox 2164 1061 2220 1111; x_wconf 91' lang='lat' dir='ltr'>et</span> <span class='ocrx_word' id='word_1_130' title='bbox 2244 1053 2743 1126; x_wconf 88' lang='lat' dir='ltr'>pretiosissimum</span> <span class='ocrx_word' id='word_1_131' title='bbox 2769 1068 2783 1106; x_wconf 90' lang='lat'><strong>:</strong></span> <span class='ocrx_word' id='word_1_132' title='bbox 2805 1051 3041 1105; x_wconf 89' lang='lat' dir='ltr'>etiamsi</span> <span class='ocrx_word' id='word_1_133' title='bbox 3069 1056 3358 1123; x_wconf 89' lang='lat' dir='ltr'>tanquam</span> <span class='ocrx_word' id='word_1_134' title='bbox 3386 1053 3447 1108; x_wconf 93' lang='lat' dir='ltr'>in</span> <span class='ocrx_word' id='word_1_135' title='bbox 3475 1068 3684 1125; x_wconf 90' lang='lat' dir='ltr'>pugna</span> <span class='ocrx_word' id='word_1_136' title='bbox 3708 1061 3949 1110; x_wconf 87' lang='lat' dir='ltr'>noctur-</span> 
     </span>
    </p>
   </div>
   <div class='ocr_carea' id='block_1_16' title="bbox 574 1139 3943 1225">
    <p class='ocr_par' dir='ltr' id='par_1_16' title="bbox 574 1139 3943 1225">
     <span class='ocr_line' id='line_1_16' title="bbox 574 1139 3943 1225; baseline -0.004 -14"><span class='ocrx_word' id='word_1_137' title='bbox 574 1171 653 1211; x_wconf 89' lang='lat' dir='ltr'>na</span> <span class='ocrx_word' id='word_1_138' title='bbox 690 1156 1043 1225; x_wconf 84' lang='lat' dir='ltr'>ignoramus</span> <span class='ocrx_word' id='word_1_139' title='bbox 1069 1151 1123 1205; x_wconf 91' lang='lat' dir='ltr'>id</span> <span class='ocrx_word' id='word_1_140' title='bbox 1162 1150 1326 1222; x_wconf 90' lang='lat' dir='ltr'>quod</span> <span class='ocrx_word' id='word_1_141' title='bbox 1358 1154 1445 1205; x_wconf 87' lang='lat' dir='ltr'>est</span> <span class='ocrx_word' id='word_1_142' title='bbox 1471 1150 1734 1205; x_wconf 90' lang='lat' dir='ltr'>amicum</span> <span class='ocrx_word' id='word_1_143' title='bbox 1774 1154 1829 1203; x_wconf 91' lang='lat' dir='ltr'>et</span> <span class='ocrx_word' id='word_1_144' title='bbox 1858 1146 2065 1201; x_wconf 92' lang='lat' dir='ltr'>hostile</span> <span class='ocrx_word' id='word_1_145' title='bbox 2096 1163 2110 1200; x_wconf 91' lang='lat'><strong>:</strong></span> <span class='ocrx_word' id='word_1_146' title='bbox 2152 1149 2210 1199; x_wconf 90' lang='lat' dir='ltr'>et</span> <span class='ocrx_word' id='word_1_147' title='bbox 2248 1143 2537 1198; x_wconf 89' lang='lat' dir='ltr'>adversus</span> <span class='ocrx_word' id='word_1_148' title='bbox 2576 1146 2846 1195; x_wconf 92' lang='lat' dir='ltr'>nostrum</span> <span class='ocrx_word' id='word_1_149' title='bbox 2886 1139 3135 1211; x_wconf 88' lang='lat' dir='ltr'>quidem</span> <span class='ocrx_word' id='word_1_150' title='bbox 3166 1139 3491 1197; x_wconf 90' lang='lat' dir='ltr'>Dominum</span> <span class='ocrx_word' id='word_1_151' title='bbox 3522 1141 3749 1199; x_wconf 88' lang='lat' dir='ltr'>bellum</span> <span class='ocrx_word' id='word_1_152' title='bbox 3800 1145 3943 1212; x_wconf 85' lang='lat' dir='ltr'>geri-</span> 
     </span>
    </p>
   </div>
   <div class='ocr_carea' id='block_1_17' title="bbox 576 1230 3943 1310">
    <p class='ocr_par' dir='ltr' id='par_1_17' title="bbox 576 1230 3943 1310">
     <span class='ocr_line' id='line_1_17' title="bbox 576 1230 3943 1310; baseline -0.003 -12"><span class='ocrx_word' id='word_1_153' title='bbox 576 1260 709 1299; x_wconf 87' lang='lat' dir='ltr'>mus</span> <span class='ocrx_word' id='word_1_154' title='bbox 733 1259 862 1297; x_wconf 91' lang='lat' dir='ltr'>:eos</span> <span class='ocrx_word' id='word_1_155' title='bbox 884 1240 1219 1310; x_wconf 89' lang='lat' dir='ltr'>autem,qui</span> <span class='ocrx_word' id='word_1_156' title='bbox 1234 1244 1369 1293; x_wconf 93' lang='lat' dir='ltr'>sunt</span> <span class='ocrx_word' id='word_1_157' title='bbox 1388 1253 1520 1292; x_wconf 85' lang='lat' dir='ltr'>vere</span> <span class='ocrx_word' id='word_1_158' title='bbox 1539 1237 1718 1292; x_wconf 84' lang='lat' dir='ltr'>nostri</span> <span class='ocrx_word' id='word_1_159' title='bbox 1733 1234 1956 1290; x_wconf 91' lang='lat' dir='ltr'>inimici</span> <span class='ocrx_word' id='word_1_160' title='bbox 1977 1240 2036 1289; x_wconf 88' lang='lat' dir='ltr'>et</span> <span class='ocrx_word' id='word_1_161' title='bbox 2056 1234 2259 1288; x_wconf 89' lang='lat' dir='ltr'>hostes</span> <span class='ocrx_word' id='word_1_162' title='bbox 2271 1237 2327 1286; x_wconf 91' lang='lat' dir='ltr'>et</span> <span class='ocrx_word' id='word_1_163' title='bbox 2345 1231 2672 1292; x_wconf 64' lang='lat' dir='ltr'>daemones,</span> <span class='ocrx_word' id='word_1_164' title='bbox 2692 1230 2963 1300; x_wconf 89' lang='lat' dir='ltr'>inquam,</span> <span class='ocrx_word' id='word_1_165' title='bbox 2986 1234 3241 1294; x_wconf 90' lang='lat' dir='ltr'>nostros,</span> <span class='ocrx_word' id='word_1_166' title='bbox 3256 1246 3292 1284; x_wconf 96' lang='lat' dir='ltr'>o</span> <span class='ocrx_word' id='word_1_167' title='bbox 3310 1230 3634 1296; x_wconf 82' lang='lat' dir='ltr'>insaniam,</span> <span class='ocrx_word' id='word_1_168' title='bbox 3654 1237 3943 1303; x_wconf 89' lang='lat' dir='ltr'>putamus</span> 
     </span>
    </p>
   </div>
   <div class='ocr_carea' id='block_1_18' title="bbox 570 1318 3942 1392">
    <p class='ocr_par' dir='ltr' id='par_1_18' title="bbox 570 1318 3942 1392">
     <span class='ocr_line' id='line_1_18' title="bbox 570 1318 3942 1392; baseline -0.003 -6"><span class='ocrx_word' id='word_1_169' title='bbox 570 1347 701 1386; x_wconf 90' lang='lat' dir='ltr'>esse</span> <span class='ocrx_word' id='word_1_170' title='bbox 727 1329 1028 1392; x_wconf 89' lang='lat' dir='ltr'>dominos,</span> <span class='ocrx_word' id='word_1_171' title='bbox 1062 1332 1118 1383; x_wconf 88' lang='lat' dir='ltr'>et</span> <span class='ocrx_word' id='word_1_172' title='bbox 1136 1343 1237 1381; x_wconf 93' lang='lat' dir='ltr'>eos</span> <span class='ocrx_word' id='word_1_173' title='bbox 1267 1326 1592 1381; x_wconf 87' lang='lat' dir='ltr'>honoribus</span> <span class='ocrx_word' id='word_1_174' title='bbox 1623 1324 1955 1380; x_wconf 83' lang='lat' dir='ltr'>extollimus</span> <span class='ocrx_word' id='word_1_175' title='bbox 1976 1327 2031 1377; x_wconf 90' lang='lat' dir='ltr'>et</span> <span class='ocrx_word' id='word_1_176' title='bbox 2063 1320 2386 1377; x_wconf 84' lang='lat' dir='ltr'>sacriﬁciis.</span> <span class='ocrx_word' id='word_1_177' title='bbox 2422 1321 2543 1388; x_wconf 87' lang='lat' dir='ltr'>Ego</span> <span class='ocrx_word' id='word_1_178' title='bbox 2581 1318 2762 1388; x_wconf 81' lang='lat' dir='ltr'>igitur</span> <span class='ocrx_word' id='word_1_179' title='bbox 2804 1318 3056 1372; x_wconf 91' lang='lat' dir='ltr'>Domino</span> <span class='ocrx_word' id='word_1_180' title='bbox 3083 1332 3217 1373; x_wconf 92' lang='lat' dir='ltr'>meo</span> <span class='ocrx_word' id='word_1_181' title='bbox 3250 1318 3551 1385; x_wconf 67' lang='lat' dir='ltr'>adhmreo,</span> <span class='ocrx_word' id='word_1_182' title='bbox 3593 1326 3650 1375; x_wconf 89' lang='lat' dir='ltr'>et</span> <span class='ocrx_word' id='word_1_183' title='bbox 3700 1336 3942 1392; x_wconf 84' lang='lat' dir='ltr'>semper</span> 
     </span>
    </p>
   </div>
   <div class='ocr_carea' id='block_1_19' title="bbox 571 1405 3937 1480">
    <p class='ocr_par' dir='ltr' id='par_1_19' title="bbox 571 1405 3937 1480">
     <span class='ocr_line' id='line_1_19' title="bbox 571 1405 3937 1480; baseline -0.003 -6"><span class='ocrx_word' id='word_1_184' title='bbox 571 1418 911 1479; x_wconf 67' lang='lat' dir='ltr'>adhaarebo,</span> <span class='ocrx_word' id='word_1_185' title='bbox 931 1422 986 1472; x_wconf 90' lang='lat' dir='ltr'>et</span> <span class='ocrx_word' id='word_1_186' title='bbox 1006 1416 1233 1471; x_wconf 85' lang='lat' dir='ltr'>Christo</span> <span class='ocrx_word' id='word_1_187' title='bbox 1258 1430 1390 1469; x_wconf 91' lang='lat' dir='ltr'>meo</span> <span class='ocrx_word' id='word_1_188' title='bbox 1413 1414 1689 1477; x_wconf 87' lang='lat' dir='ltr'>serviam,</span> <span class='ocrx_word' id='word_1_189' title='bbox 1716 1411 2081 1480; x_wconf 84' lang='lat' dir='ltr'>ignominias</span> <span class='ocrx_word' id='word_1_190' title='bbox 2107 1415 2336 1465; x_wconf 90' lang='lat' dir='ltr'>vestras</span> <span class='ocrx_word' id='word_1_191' title='bbox 2364 1413 2419 1463; x_wconf 92' lang='lat' dir='ltr'>et</span> <span class='ocrx_word' id='word_1_192' title='bbox 2441 1408 2723 1472; x_wconf 87' lang='lat' dir='ltr'>honores,</span> <span class='ocrx_word' id='word_1_193' title='bbox 2754 1410 2811 1461; x_wconf 91' lang='lat' dir='ltr'>et</span> <span class='ocrx_word' id='word_1_194' title='bbox 2830 1405 2940 1460; x_wconf 91' lang='lat' dir='ltr'>has</span> <span class='ocrx_word' id='word_1_195' title='bbox 2962 1406 3215 1475; x_wconf 88' lang='lat' dir='ltr'>pueriles</span> <span class='ocrx_word' id='word_1_196' title='bbox 3251 1406 3448 1463; x_wconf 84' lang='lat' dir='ltr'>larvas</span> <span class='ocrx_word' id='word_1_197' title='bbox 3477 1408 3937 1479; x_wconf 87' lang='lat' dir='ltr'>suppliciorum,</span> 
     </span>
    </p>
   </div>
   <div class='ocr_carea' id='block_1_20' title="bbox 571 1495 3943 1573">
    <p class='ocr_par' dir='ltr' id='par_1_20' title="bbox 571 1495 3943 1573">
     <span class='ocr_line' id='line_1_20' title="bbox 571 1495 3943 1573; baseline -0.003 -12"><span class='ocrx_word' id='word_1_198' title='bbox 571 1506 887 1562; x_wconf 89' lang='lat' dir='ltr'>infantium</span> <span class='ocrx_word' id='word_1_199' title='bbox 912 1521 1040 1560; x_wconf 87' lang='lat' dir='ltr'>esse</span> <span class='ocrx_word' id='word_1_200' title='bbox 1067 1505 1274 1573; x_wconf 82' lang='lat' dir='ltr'>plagas</span> <span class='ocrx_word' id='word_1_201' title='bbox 1294 1508 1595 1573; x_wconf 86' lang='lat' dir='ltr'>reputans.</span> <span class='ocrx_word' id='word_1_202' title='bbox 1626 1501 1759 1555; x_wconf 78' lang='lat' dir='ltr'>Mihi</span> <span class='ocrx_word' id='word_1_203' title='bbox 1790 1501 1969 1563; x_wconf 91' lang='lat' dir='ltr'>enim,</span> <span class='ocrx_word' id='word_1_204' title='bbox 1997 1504 2058 1553; x_wconf 90' lang='lat' dir='ltr'>ut</span> <span class='ocrx_word' id='word_1_205' title='bbox 2087 1514 2253 1553; x_wconf 89' lang='lat' dir='ltr'>meus</span> <span class='ocrx_word' id='word_1_206' title='bbox 2288 1497 2435 1552; x_wconf 81' lang='lat' dir='ltr'>dixit</span> <span class='ocrx_word' id='word_1_207' title='bbox 2456 1496 2664 1550; x_wconf 90' lang='lat' dir='ltr'>doctor</span> <span class='ocrx_word' id='word_1_208' title='bbox 2688 1495 2924 1560; x_wconf 87' lang='lat' dir='ltr'>Paulus,</span> <span class='ocrx_word' id='word_1_209' title='bbox 2945 1500 3105 1550; x_wconf 90' lang='lat' dir='ltr'>totus</span> <span class='ocrx_word' id='word_1_210' title='bbox 3130 1496 3386 1550; x_wconf 90' lang='lat' dir='ltr'>mundus</span> <span class='ocrx_word' id='word_1_211' title='bbox 3415 1501 3505 1552; x_wconf 89' lang='lat' dir='ltr'>est</span> <span class='ocrx_word' id='word_1_212' title='bbox 3525 1497 3943 1563; x_wconf 82' lang='lat' dir='ltr'>cruciﬁxus,et</span> 
     </span>
    </p>
   </div>
   <div class='ocr_carea' id='block_1_21' title="bbox 574 1584 2801 1663">
    <p class='ocr_par' dir='ltr' id='par_1_21' title="bbox 574 1584 2801 1663">
     <span class='ocr_line' id='line_1_21' title="bbox 574 1584 2801 1663; baseline -0.006 -15"><span class='ocrx_word' id='word_1_213' title='bbox 574 1610 685 1663; x_wconf 88' lang='lat' dir='ltr'>ego</span> <span class='ocrx_word' id='word_1_214' title='bbox 719 1594 943 1648; x_wconf 90' lang='lat' dir='ltr'>mundo</span> <span class='ocrx_word' id='word_1_215' title='bbox 966 1594 987 1627; x_wconf 79' lang='grc'>⁴</span> <span class='ocrx_word' id='word_1_216' title='bbox 1014 1608 1025 1644; x_wconf 89' lang='grc'>;</span> <span class='ocrx_word' id='word_1_217' title='bbox 1055 1598 1111 1645; x_wconf 88' lang='lat' dir='ltr'>et</span> <span class='ocrx_word' id='word_1_218' title='bbox 1143 1592 1289 1645; x_wconf 93' lang='lat' dir='ltr'>mori</span> <span class='ocrx_word' id='word_1_219' title='bbox 1317 1606 1422 1660; x_wconf 91' lang='lat' dir='ltr'>pro</span> <span class='ocrx_word' id='word_1_220' title='bbox 1444 1590 1694 1650; x_wconf 87' lang='lat' dir='ltr'>Christo.</span> <span class='ocrx_word' id='word_1_221' title='bbox 1723 1588 1950 1643; x_wconf 62' lang='lat' dir='ltr'>delicias</span> <span class='ocrx_word' id='word_1_222' title='bbox 1984 1587 2129 1641; x_wconf 91' lang='lat' dir='ltr'>mihi</span> <span class='ocrx_word' id='word_1_223' title='bbox 2155 1590 2293 1641; x_wconf 92' lang='lat' dir='ltr'>sunt</span> <span class='ocrx_word' id='word_1_224' title='bbox 2316 1590 2368 1640; x_wconf 89' lang='lat' dir='ltr'>et</span> <span class='ocrx_word' id='word_1_225' title='bbox 2400 1584 2741 1640; x_wconf 84' lang='lat' dir='ltr'>exsultatio.</span> <span class='ocrx_word' id='word_1_226' title='bbox 2773 1603 2801 1634; x_wconf 65' lang='grc' dir='ltr'>π</span> 
     </span>
    </p>
   </div>
   <div class='ocr_carea' id='block_1_22' title="bbox 648 1670 2271 1752">
    <p class='ocr_par' dir='ltr' id='par_1_22' title="bbox 648 1676 2271 1752">
     <span class='ocr_line' id='line_1_22' title="bbox 648 1676 2271 1752; baseline -0.004 -16"><span class='ocrx_word' id='word_1_227' title='bbox 648 1684 734 1736; x_wconf 88' lang='lat' dir='ltr'>1V.</span> <span class='ocrx_word' id='word_1_228' title='bbox 770 1686 856 1736; x_wconf 91' lang='lat' dir='ltr'>lra</span> <span class='ocrx_word' id='word_1_229' title='bbox 886 1681 1096 1752; x_wconf 90' lang='lat' dir='ltr'>plenus</span> <span class='ocrx_word' id='word_1_230' title='bbox 1124 1695 1227 1749; x_wconf 90' lang='lat' dir='ltr'>per</span> <span class='ocrx_word' id='word_1_231' title='bbox 1256 1680 1382 1733; x_wconf 77' lang='lat' dir='ltr'>haec</span> <span class='ocrx_word' id='word_1_232' title='bbox 1410 1678 1608 1732; x_wconf 87' lang='lat' dir='ltr'>evadit</span> <span class='ocrx_word' id='word_1_233' title='bbox 1636 1677 1981 1748; x_wconf 88' lang='lat' dir='ltr'>imperator,</span> <span class='ocrx_word' id='word_1_234' title='bbox 2014 1683 2066 1730; x_wconf 92' lang='lat' dir='ltr'>et</span> <span class='ocrx_word' id='word_1_235' title='bbox 2096 1690 2225 1745; x_wconf 88' lang='lat' dir='ltr'>gra-</span> <span class='ocrx_word' id='word_1_236' title='bbox 2263 1676 2271 1729; x_wconf 88' lang='lat'>1</span> 
     </span>
    </p>
   </div>
   <div class='ocr_carea' id='block_1_23' title="bbox 2311 1670 3934 1752">
    <p class='ocr_par' dir='ltr' id='par_1_23' title="bbox 2409 1670 3934 1745">
     <span class='ocr_line' id='line_1_23' title="bbox 2409 1670 3934 1745; baseline -0.003 -19"><span class='ocrx_word' id='word_1_237' title='bbox 2409 1672 2477 1726; x_wconf 84' lang='grc' dir='ltr'>Δ’.</span> <span class='ocrx_word' id='word_1_238' title='bbox 2532 1679 2714 1743; x_wconf 84' lang='grc' dir='ltr'>Θυμοῦ</span> <span class='ocrx_word' id='word_1_239' title='bbox 2766 1672 2969 1744; x_wconf 69' lang='grc' dir='ltr'>πλήρης</span> <span class='ocrx_word' id='word_1_240' title='bbox 3018 1672 3043 1722; x_wconf 88' lang='lat'>6</span> <span class='ocrx_word' id='word_1_241' title='bbox 3086 1670 3330 1741; x_wconf 80' lang='grc' dir='ltr'>βασιλεὺς</span> <span class='ocrx_word' id='word_1_242' title='bbox 3377 1672 3425 1723; x_wconf 81' lang='grc' dir='ltr'>ἐν</span> <span class='ocrx_word' id='word_1_243' title='bbox 3471 1677 3670 1734; x_wconf 79' lang='grc' dir='ltr'>τούτοις</span> <span class='ocrx_word' id='word_1_244' title='bbox 3718 1681 3934 1745; x_wconf 86' lang='grc' dir='ltr'>γίνεται.</span> 
     </span>
    </p>
   </div>
   <div class='ocr_carea' id='block_1_24' title="bbox 573 1759 2196 1841">
    <p class='ocr_par' dir='ltr' id='par_1_24' title="bbox 573 1763 2196 1841">
     <span class='ocr_line' id='line_1_24' title="bbox 573 1763 2196 1841; baseline -0.005 -16"><span class='ocrx_word' id='word_1_245' title='bbox 573 1769 975 1841; x_wconf 87' lang='lat' dir='ltr'>batumjubet</span> <span class='ocrx_word' id='word_1_246' title='bbox 1004 1768 1197 1824; x_wconf 75' lang='lat' dir='ltr'>afferri</span> <span class='ocrx_word' id='word_1_247' title='bbox 1240 1783 1495 1831; x_wconf 62' lang='lat' dir='ltr'>aeneum,</span> <span class='ocrx_word' id='word_1_248' title='bbox 1529 1771 1585 1821; x_wconf 89' lang='lat' dir='ltr'>et</span> <span class='ocrx_word' id='word_1_249' title='bbox 1609 1765 1661 1820; x_wconf 93' lang='lat' dir='ltr'>ei</span> <span class='ocrx_word' id='word_1_250' title='bbox 1695 1765 1948 1820; x_wconf 91' lang='lat' dir='ltr'>multum</span> <span class='ocrx_word' id='word_1_251' title='bbox 1980 1763 2196 1837; x_wconf 89' lang='lat' dir='ltr'>quiden</span> 
     </span>
    </p>
   </div>
   <div class='ocr_carea' id='block_1_25' title="bbox 2313 1759 3936 1841">
    <p class='ocr_par' dir='ltr' id='par_1_25' title="bbox 2335 1759 3936 1835">
     <span class='ocr_line' id='line_1_25' title="bbox 2335 1759 3936 1835; baseline 0.001 -23"><span class='ocrx_word' id='word_1_252' title='bbox 2335 1766 2425 1813; x_wconf 83' lang='grc' dir='ltr'>καὶ</span> <span class='ocrx_word' id='word_1_253' title='bbox 2480 1760 2736 1835; x_wconf 83' lang='grc' dir='ltr'>κράϐατον</span> <span class='ocrx_word' id='word_1_254' title='bbox 2781 1759 3056 1831; x_wconf 78' lang='grc' dir='ltr'>ἐνεχθῆναι</span> <span class='ocrx_word' id='word_1_255' title='bbox 3107 1760 3295 1812; x_wconf 76' lang='grc' dir='ltr'>κελεύει</span> <span class='ocrx_word' id='word_1_256' title='bbox 3344 1761 3597 1832; x_wconf 77' lang='grc' dir='ltr'>χαλκοῦν,</span> <span class='ocrx_word' id='word_1_257' title='bbox 3661 1764 3724 1814; x_wconf 81' lang='grc' dir='ltr'>οὗ</span> <span class='ocrx_word' id='word_1_258' title='bbox 3770 1766 3936 1815; x_wconf 87' lang='grc' dir='ltr'>κάτω-</span> 
     </span>
    </p>
   </div>
   <div class='ocr_carea' id='block_1_26' title="bbox 576 1848 2199 1929">
    <p class='ocr_par' dir='ltr' id='par_1_26' title="bbox 576 1852 2199 1929">
     <span class='ocr_line' id='line_1_26' title="bbox 576 1852 2199 1929; baseline -0.004 -15"><span class='ocrx_word' id='word_1_259' title='bbox 576 1860 729 1929; x_wconf 90' lang='lat' dir='ltr'>ignis</span> <span class='ocrx_word' id='word_1_260' title='bbox 759 1859 1051 1914; x_wconf 91' lang='lat' dir='ltr'>substerni</span> <span class='ocrx_word' id='word_1_261' title='bbox 1079 1879 1089 1910; x_wconf 92' lang='lat'><strong>:</strong></span> <span class='ocrx_word' id='word_1_262' title='bbox 1126 1872 1309 1929; x_wconf 89' lang='lat' dir='ltr'>supra</span> <span class='ocrx_word' id='word_1_263' title='bbox 1340 1872 1478 1911; x_wconf 93' lang='lat' dir='ltr'>eum</span> <span class='ocrx_word' id='word_1_264' title='bbox 1499 1860 1697 1910; x_wconf 86' lang='lat' dir='ltr'>autem</span> <span class='ocrx_word' id='word_1_265' title='bbox 1729 1854 1958 1909; x_wconf 91' lang='lat' dir='ltr'>nudum</span> <span class='ocrx_word' id='word_1_266' title='bbox 1988 1852 2199 1908; x_wconf 82' lang='lat' dir='ltr'>extend</span> 
     </span>
    </p>
   </div>
   <div class='ocr_carea' id='block_1_27' title="bbox 2314 1848 3937 1929">
    <p class='ocr_par' dir='ltr' id='par_1_27' title="bbox 2339 1848 3937 1923">
     <span class='ocr_line' id='line_1_27' title="bbox 2339 1848 3937 1923; baseline 0.001 -22"><span class='ocrx_word' id='word_1_267' title='bbox 2339 1853 2416 1901; x_wconf 87' lang='grc' dir='ltr'>θεν</span> <span class='ocrx_word' id='word_1_268' title='bbox 2474 1854 2561 1920; x_wconf 75' lang='grc' dir='ltr'>μεν</span> <span class='ocrx_word' id='word_1_269' title='bbox 2604 1858 2706 1922; x_wconf 90' lang='grc' dir='ltr'>πῦρ</span> <span class='ocrx_word' id='word_1_270' title='bbox 2757 1850 3158 1920; x_wconf 76' lang='grc' dir='ltr'>ὑποστρωθῆναι</span> <span class='ocrx_word' id='word_1_271' title='bbox 3194 1848 3340 1911; x_wconf 82' lang='grc' dir='ltr'>πολὺ,</span> <span class='ocrx_word' id='word_1_272' title='bbox 3390 1851 3579 1901; x_wconf 78' lang='grc' dir='ltr'>ἄνωθεν</span> <span class='ocrx_word' id='word_1_273' title='bbox 3632 1848 3691 1903; x_wconf 71' lang='grc' dir='ltr'>δε</span> <span class='ocrx_word' id='word_1_274' title='bbox 3730 1873 3937 1923; x_wconf 87' lang='grc' dir='ltr'>γυμνω-</span> 
     </span>
    </p>
   </div>
   <div class='ocr_carea' id='block_1_28' title="bbox 577 1935 2200 2017">
    <p class='ocr_par' dir='ltr' id='par_1_28' title="bbox 577 1940 2200 2017">
     <span class='ocr_line' id='line_1_28' title="bbox 577 1940 2200 2017; baseline -0.006 -14"><span class='ocrx_word' id='word_1_275' title='bbox 577 1948 879 2012; x_wconf 89' lang='lat' dir='ltr'>athletam,</span> <span class='ocrx_word' id='word_1_276' title='bbox 904 1952 959 2001; x_wconf 92' lang='lat' dir='ltr'>et</span> <span class='ocrx_word' id='word_1_277' title='bbox 980 1947 1062 2000; x_wconf 91' lang='lat' dir='ltr'>sic</span> <span class='ocrx_word' id='word_1_278' title='bbox 1083 1951 1369 2017; x_wconf 91' lang='lat' dir='ltr'>perpetuo</span> <span class='ocrx_word' id='word_1_279' title='bbox 1384 1944 1737 2013; x_wconf 86' lang='lat' dir='ltr'>deﬂagrare,</span> <span class='ocrx_word' id='word_1_280' title='bbox 1765 1943 1955 1997; x_wconf 92' lang='lat' dir='ltr'>donec</span> <span class='ocrx_word' id='word_1_281' title='bbox 1978 1940 2200 1998; x_wconf 84' lang='lat' dir='ltr'>omnim</span> 
     </span>
    </p>
   </div>
   <div class='ocr_carea' id='block_1_29' title="bbox 2315 1935 3938 2017">
    <p class='ocr_par' dir='ltr' id='par_1_29' title="bbox 2337 1935 3938 2001">
     <span class='ocr_line' id='line_1_29' title="bbox 2337 1935 3938 2001; baseline 0.002 -13"><span class='ocrx_word' id='word_1_282' title='bbox 2337 1940 2485 1989; x_wconf 84' lang='grc' dir='ltr'>θέντα</span> <span class='ocrx_word' id='word_1_283' title='bbox 2533 1935 2847 1995; x_wconf 77' lang='grc' dir='ltr'>διαταθῆναι</span> <span class='ocrx_word' id='word_1_284' title='bbox 2899 1936 2983 1987; x_wconf 88' lang='grc' dir='ltr'>τὸν</span> <span class='ocrx_word' id='word_1_285' title='bbox 3033 1935 3279 2001; x_wconf 76' lang='grc' dir='ltr'>ἀθλητὴν,</span> <span class='ocrx_word' id='word_1_286' title='bbox 3332 1938 3424 1998; x_wconf 82' lang='grc' dir='ltr'>ἓως</span> <span class='ocrx_word' id='word_1_287' title='bbox 3470 1940 3531 1989; x_wconf 88' lang='grc' dir='ltr'>οἶν</span> <span class='ocrx_word' id='word_1_288' title='bbox 3570 1944 3658 1991; x_wconf 84' lang='grc' dir='ltr'>καὶ</span> <span class='ocrx_word' id='word_1_289' title='bbox 3704 1940 3773 2000; x_wconf 84' lang='grc' dir='ltr'>εἰς</span> <span class='ocrx_word' id='word_1_290' title='bbox 3805 1940 3938 1999; x_wconf 83' lang='grc' dir='ltr'>τέλος</span> 
     </span>
    </p>
   </div>
   <div class='ocr_carea' id='block_1_30' title="bbox 577 2022 2200 2104">
    <p class='ocr_par' dir='ltr' id='par_1_30' title="bbox 577 2030 2200 2104">
     <span class='ocr_line' id='line_1_30' title="bbox 577 2030 2200 2104; baseline -0.004 -15"><span class='ocrx_word' id='word_1_291' title='bbox 577 2035 875 2091; x_wconf 91' lang='lat' dir='ltr'>interierit.</span> <span class='ocrx_word' id='word_1_292' title='bbox 911 2038 1227 2104; x_wconf 88' lang='lat' dir='ltr'>Postquam</span> <span class='ocrx_word' id='word_1_293' title='bbox 1271 2036 1473 2088; x_wconf 88' lang='lat' dir='ltr'>autem</span> <span class='ocrx_word' id='word_1_294' title='bbox 1527 2033 1655 2086; x_wconf 67' lang='lat' dir='ltr'>haec</span> <span class='ocrx_word' id='word_1_295' title='bbox 1694 2032 1808 2087; x_wconf 91' lang='lat' dir='ltr'>cito</span> <span class='ocrx_word' id='word_1_296' title='bbox 1868 2030 2024 2086; x_wconf 85' lang='lat' dir='ltr'>facta</span> <span class='ocrx_word' id='word_1_297' title='bbox 2069 2033 2200 2084; x_wconf 92' lang='lat' dir='ltr'>sunt</span> 
     </span>
    </p>
   </div>
   <div class='ocr_carea' id='block_1_31' title="bbox 2308 2022 3931 2104">
    <p class='ocr_par' dir='ltr' id='par_1_31' title="bbox 2337 2022 3931 2099">
     <span class='ocr_line' id='line_1_31' title="bbox 2337 2022 3931 2099; baseline -0.001 -20"><span class='ocrx_word' id='word_1_298' title='bbox 2337 2024 2619 2098; x_wconf 71' lang='grc' dir='ltr'>διαφθαρῇ.</span> <span class='ocrx_word' id='word_1_299' title='bbox 2666 2026 2755 2087; x_wconf 83' lang='grc' dir='ltr'>Ὠς</span> <span class='ocrx_word' id='word_1_300' title='bbox 2808 2022 2866 2077; x_wconf 71' lang='grc' dir='ltr'>δὲ</span> <span class='ocrx_word' id='word_1_301' title='bbox 2916 2033 3081 2077; x_wconf 88' lang='grc' dir='ltr'>ταῦτα</span> <span class='ocrx_word' id='word_1_302' title='bbox 3136 2028 3318 2077; x_wconf 83' lang='grc' dir='ltr'>θᾶττον</span> <span class='ocrx_word' id='word_1_303' title='bbox 3359 2025 3571 2097; x_wconf 84' lang='grc' dir='ltr'>ἐγίνετο,</span> <span class='ocrx_word' id='word_1_304' title='bbox 3615 2034 3705 2079; x_wconf 82' lang='grc' dir='ltr'>καὶ</span> <span class='ocrx_word' id='word_1_305' title='bbox 3743 2030 3769 2079; x_wconf 98' lang='lat'>6</span> <span class='ocrx_word' id='word_1_306' title='bbox 3801 2032 3931 2099; x_wconf 71' lang='grc' dir='ltr'>μάρ-</span> 
     </span>
    </p>
   </div>
   <div class='ocr_carea' id='block_1_32' title="bbox 578 2113 2201 2195">
    <p class='ocr_par' dir='ltr' id='par_1_32' title="bbox 578 2117 2201 2195">
     <span class='ocr_line' id='line_1_32' title="bbox 578 2117 2201 2195; baseline -0.004 -17"><span class='ocrx_word' id='word_1_307' title='bbox 578 2129 807 2195; x_wconf 90' lang='lat' dir='ltr'>martyr</span> <span class='ocrx_word' id='word_1_308' title='bbox 831 2121 1054 2177; x_wconf 90' lang='lat' dir='ltr'>insiluit</span> <span class='ocrx_word' id='word_1_309' title='bbox 1092 2125 1150 2176; x_wconf 90' lang='lat' dir='ltr'>in</span> <span class='ocrx_word' id='word_1_310' title='bbox 1191 2121 1528 2191; x_wconf 89' lang='lat' dir='ltr'>grabatum,</span> <span class='ocrx_word' id='word_1_311' title='bbox 1558 2125 1614 2174; x_wconf 88' lang='lat' dir='ltr'>et</span> <span class='ocrx_word' id='word_1_312' title='bbox 1660 2123 1818 2174; x_wconf 88' lang='lat' dir='ltr'>totus</span> <span class='ocrx_word' id='word_1_313' title='bbox 1852 2120 1911 2173; x_wconf 92' lang='lat' dir='ltr'>in</span> <span class='ocrx_word' id='word_1_314' title='bbox 1952 2123 2074 2173; x_wconf 89' lang='lat' dir='ltr'>toto</span> <span class='ocrx_word' id='word_1_315' title='bbox 2120 2117 2201 2172; x_wconf 90' lang='lat' dir='ltr'>fui</span> 
     </span>
    </p>
   </div>
   <div class='ocr_carea' id='block_1_33' title="bbox 2311 2113 3934 2195">
    <p class='ocr_par' dir='ltr' id='par_1_33' title="bbox 2334 2113 3934 2187">
     <span class='ocr_line' id='line_1_33' title="bbox 2334 2113 3934 2187; baseline 0.001 -21"><span class='ocrx_word' id='word_1_316' title='bbox 2334 2134 2425 2176; x_wconf 89' lang='grc' dir='ltr'>τυς</span> <span class='ocrx_word' id='word_1_317' title='bbox 2478 2114 2601 2174; x_wconf 82' lang='grc' dir='ltr'>ὅλως</span> <span class='ocrx_word' id='word_1_318' title='bbox 2653 2114 2749 2185; x_wconf 85' lang='grc' dir='ltr'>ὅλῳ</span> <span class='ocrx_word' id='word_1_319' title='bbox 2799 2122 2871 2183; x_wconf 80' lang='grc' dir='ltr'>τῷ</span> <span class='ocrx_word' id='word_1_320' title='bbox 2922 2113 3165 2187; x_wconf 86' lang='grc' dir='ltr'>κραϐάτῳ</span> <span class='ocrx_word' id='word_1_321' title='bbox 3213 2113 3499 2185; x_wconf 81' lang='grc' dir='ltr'>ἐφὴπλωτο,</span> <span class='ocrx_word' id='word_1_322' title='bbox 3548 2118 3596 2167; x_wconf 85' lang='grc' dir='ltr'>οἱ</span> <span class='ocrx_word' id='word_1_323' title='bbox 3640 2121 3777 2169; x_wconf 78' lang='grc' dir='ltr'>κατὰ</span> <span class='ocrx_word' id='word_1_324' title='bbox 3822 2120 3934 2168; x_wconf 82' lang='grc' dir='ltr'>θέαν</span> 
     </span>
    </p>
   </div>
   <div class='ocr_carea' id='block_1_34' title="bbox 575 2201 2198 2279">
    <p class='ocr_par' dir='ltr' id='par_1_34' title="bbox 575 2207 2198 2279">
     <span class='ocr_line' id='line_1_34' title="bbox 575 2207 2198 2279; baseline -0.004 -12"><span class='ocrx_word' id='word_1_325' title='bbox 575 2218 874 2267; x_wconf 87' lang='lat' dir='ltr'>extensus.</span> <span class='ocrx_word' id='word_1_326' title='bbox 909 2211 1120 2267; x_wconf 90' lang='lat' dir='ltr'>Civitas</span> <span class='ocrx_word' id='word_1_327' title='bbox 1152 2226 1290 2265; x_wconf 92' lang='lat' dir='ltr'>vero</span> <span class='ocrx_word' id='word_1_328' title='bbox 1322 2225 1476 2279; x_wconf 61' lang='lat' dir='ltr'>aegre</span> <span class='ocrx_word' id='word_1_329' title='bbox 1502 2208 1696 2264; x_wconf 90' lang='lat' dir='ltr'>ferens</span> <span class='ocrx_word' id='word_1_330' title='bbox 1724 2208 1785 2262; x_wconf 91' lang='lat' dir='ltr'>id</span> <span class='ocrx_word' id='word_1_331' title='bbox 1810 2208 1969 2279; x_wconf 90' lang='lat' dir='ltr'>quod</span> <span class='ocrx_word' id='word_1_332' title='bbox 1999 2207 2198 2262; x_wconf 79' lang='lat' dir='ltr'>factum</span> 
     </span>
    </p>
   </div>
   <div class='ocr_carea' id='block_1_35' title="bbox 2310 2201 3933 2279">
    <p class='ocr_par' dir='ltr' id='par_1_35' title="bbox 2336 2201 3933 2275">
     <span class='ocr_line' id='line_1_35' title="bbox 2336 2201 3933 2275; baseline 0.002 -22"><span class='ocrx_word' id='word_1_333' title='bbox 2336 2202 2708 2275; x_wconf 83' lang='grc' dir='ltr'>ἀθροισθέντες,</span> <span class='ocrx_word' id='word_1_334' title='bbox 2785 2201 2987 2275; x_wconf 82' lang='grc' dir='ltr'>βαρέως</span> <span class='ocrx_word' id='word_1_335' title='bbox 3058 2201 3341 2271; x_wconf 73' lang='grc' dir='ltr'>ἐνεγκόντες</span> <span class='ocrx_word' id='word_1_336' title='bbox 3417 2208 3477 2255; x_wconf 89' lang='grc' dir='ltr'>τὸ</span> <span class='ocrx_word' id='word_1_337' title='bbox 3546 2210 3775 2275; x_wconf 86' lang='grc' dir='ltr'>γεγονός,</span> <span class='ocrx_word' id='word_1_338' title='bbox 3867 2206 3933 2266; x_wconf 81' lang='grc' dir='ltr'>εἰς</span> 
     </span>
    </p>
   </div>
   <div class='ocr_carea' id='block_1_36' title="bbox 575 2288 2198 2371">
    <p class='ocr_par' dir='ltr' id='par_1_36' title="bbox 575 2297 2198 2371">
     <span class='ocr_line' id='line_1_36' title="bbox 575 2297 2198 2371; baseline -0.002 -17"><span class='ocrx_word' id='word_1_339' title='bbox 575 2300 765 2356; x_wconf 88' lang='lat' dir='ltr'>fuerat</span> <span class='ocrx_word' id='word_1_340' title='bbox 792 2301 1024 2371; x_wconf 93' lang='lat' dir='ltr'>(omnes</span> <span class='ocrx_word' id='word_1_341' title='bbox 1057 2299 1215 2354; x_wconf 91' lang='lat' dir='ltr'>enim</span> <span class='ocrx_word' id='word_1_342' title='bbox 1245 2298 1362 2353; x_wconf 91' lang='lat' dir='ltr'>fere</span> <span class='ocrx_word' id='word_1_343' title='bbox 1388 2300 1790 2353; x_wconf 86' lang='lat' dir='ltr'>convenerant</span> <span class='ocrx_word' id='word_1_344' title='bbox 1819 2297 1897 2352; x_wconf 90' lang='lat' dir='ltr'>ad</span> <span class='ocrx_word' id='word_1_345' title='bbox 1923 2301 2198 2368; x_wconf 92' lang='lat' dir='ltr'>spectacu</span> 
     </span>
    </p>
   </div>
   <div class='ocr_carea' id='block_1_37' title="bbox 2301 2288 3924 2371">
    <p class='ocr_par' dir='ltr' id='par_1_37' title="bbox 2334 2288 3924 2364">
     <span class='ocr_line' id='line_1_37' title="bbox 2334 2288 3924 2364; baseline 0.004 -24"><span class='ocrx_word' id='word_1_346' title='bbox 2334 2292 2576 2363; x_wconf 79' lang='grc' dir='ltr'>ὠμότητα</span> <span class='ocrx_word' id='word_1_347' title='bbox 2630 2288 2926 2363; x_wconf 73' lang='grc' dir='ltr'>ἐλοιδόρουν</span> <span class='ocrx_word' id='word_1_348' title='bbox 2969 2294 3055 2342; x_wconf 89' lang='grc' dir='ltr'>τὸν</span> <span class='ocrx_word' id='word_1_349' title='bbox 3106 2290 3349 2362; x_wconf 76' lang='grc' dir='ltr'>βασιλέα,</span> <span class='ocrx_word' id='word_1_350' title='bbox 3398 2290 3507 2344; x_wconf 85' lang='grc' dir='ltr'>Ἱνα</span> <span class='ocrx_word' id='word_1_351' title='bbox 3558 2299 3629 2358; x_wconf 88' lang='grc' dir='ltr'>τί,</span> <span class='ocrx_word' id='word_1_352' title='bbox 3685 2295 3924 2364; x_wconf 79' lang='grc' dir='ltr'>λέγοντες,</span> 
     </span>
    </p>
   </div>
   <div class='ocr_carea' id='block_1_38' title="bbox 601 2380 2224 2461">
    <p class='ocr_par' dir='ltr' id='par_1_38' title="bbox 601 2385 2220 2461">
     <span class='ocr_line' id='line_1_38' title="bbox 601 2385 2220 2461; baseline -0.002 -16"><span class='ocrx_word' id='word_1_353' title='bbox 601 2393 726 2460; x_wconf 91' lang='lat' dir='ltr'>um)</span> <span class='ocrx_word' id='word_1_354' title='bbox 758 2389 1198 2461; x_wconf 85' lang='lat' dir='ltr'>exproprabant</span> <span class='ocrx_word' id='word_1_355' title='bbox 1226 2386 1567 2459; x_wconf 89' lang='lat' dir='ltr'>imperatori</span> <span class='ocrx_word' id='word_1_356' title='bbox 1596 2386 2006 2441; x_wconf 87' lang='lat' dir='ltr'>crudelitatem</span> <span class='ocrx_word' id='word_1_357' title='bbox 2038 2403 2052 2441; x_wconf 90' lang='lat'>:</span> <span class='ocrx_word' id='word_1_358' title='bbox 2087 2385 2220 2456; x_wconf 90' lang='lat' dir='ltr'>Cur,</span> 
     </span>
    </p>
   </div>
   <div class='ocr_carea' id='block_1_39' title="bbox 2308 2380 3931 2461">
    <p class='ocr_par' dir='ltr' id='par_1_39' title="bbox 2334 2380 3931 2455">
     <span class='ocr_line' id='line_1_39' title="bbox 2334 2380 3931 2455; baseline 0.001 -23"><span class='ocrx_word' id='word_1_359' title='bbox 2334 2381 2460 2455; x_wconf 79' lang='grc' dir='ltr'>ἀνὴρ</span> <span class='ocrx_word' id='word_1_360' title='bbox 2515 2380 2649 2432; x_wconf 80' lang='grc' dir='ltr'>οὓτω</span> <span class='ocrx_word' id='word_1_361' title='bbox 2704 2384 2834 2451; x_wconf 86' lang='grc' dir='ltr'>γένει</span> <span class='ocrx_word' id='word_1_362' title='bbox 2872 2399 2923 2431; x_wconf 86' lang='grc' dir='ltr'>τε</span> <span class='ocrx_word' id='word_1_363' title='bbox 2956 2385 3043 2431; x_wconf 85' lang='grc' dir='ltr'>καὶ</span> <span class='ocrx_word' id='word_1_364' title='bbox 3099 2385 3255 2451; x_wconf 81' lang='grc' dir='ltr'>σοφίᾳ</span> <span class='ocrx_word' id='word_1_365' title='bbox 3312 2380 3664 2455; x_wconf 88' lang='grc' dir='ltr'>περίϐλεπτος,</span> <span class='ocrx_word' id='word_1_366' title='bbox 3718 2385 3804 2435; x_wconf 79' lang='grc' dir='ltr'>οἶα</span> <span class='ocrx_word' id='word_1_367' title='bbox 3856 2403 3931 2443; x_wconf 88' lang='grc' dir='ltr'>τις</span> 
     </span>
    </p>
   </div>
   <div class='ocr_carea' id='block_1_40' title="bbox 571 2466 2194 2546">
    <p class='ocr_par' dir='ltr' id='par_1_40' title="bbox 571 2475 2194 2546">
     <span class='ocr_line' id='line_1_40' title="bbox 571 2475 2194 2546; baseline -0.002 -13"><span class='ocrx_word' id='word_1_368' title='bbox 571 2479 854 2541; x_wconf 88' lang='lat' dir='ltr'>dicentes,</span> <span class='ocrx_word' id='word_1_369' title='bbox 872 2478 961 2531; x_wconf 89' lang='lat' dir='ltr'>vir</span> <span class='ocrx_word' id='word_1_370' title='bbox 980 2478 1132 2532; x_wconf 91' lang='lat' dir='ltr'>adeo</span> <span class='ocrx_word' id='word_1_371' title='bbox 1156 2476 1372 2540; x_wconf 90' lang='lat' dir='ltr'>clarus,</span> <span class='ocrx_word' id='word_1_372' title='bbox 1398 2491 1731 2546; x_wconf 87' lang='lat' dir='ltr'>genereque</span> <span class='ocrx_word' id='word_1_373' title='bbox 1758 2475 2124 2545; x_wconf 89' lang='lat' dir='ltr'>etsapientia</span> <span class='ocrx_word' id='word_1_374' title='bbox 2140 2476 2194 2529; x_wconf 92' lang='lat' dir='ltr'>in</span> 
     </span>
    </p>
   </div>
   <div class='ocr_carea' id='block_1_41' title="bbox 2306 2466 3929 2546">
    <p class='ocr_par' dir='ltr' id='par_1_41' title="bbox 2332 2466 3929 2539">
     <span class='ocr_line' id='line_1_41' title="bbox 2332 2466 3929 2539; baseline 0.002 -20"><span class='ocrx_word' id='word_1_375' title='bbox 2332 2477 2431 2520; x_wconf 87' lang='grc' dir='ltr'>τῶν</span> <span class='ocrx_word' id='word_1_376' title='bbox 2512 2468 2707 2539; x_wconf 79' lang='grc' dir='ltr'>ἀτίμων</span> <span class='ocrx_word' id='word_1_377' title='bbox 2776 2477 2944 2527; x_wconf 82' lang='grc' dir='ltr'>κακῶς</span> <span class='ocrx_word' id='word_1_378' title='bbox 3011 2466 3339 2535; x_wconf 82' lang='grc' dir='ltr'>ἀπόλλυται;</span> <span class='ocrx_word' id='word_1_379' title='bbox 3384 2473 3511 2530; x_wconf 83' lang='grc' dir='ltr'>Θεὸς</span> <span class='ocrx_word' id='word_1_380' title='bbox 3593 2466 3651 2522; x_wconf 77' lang='grc' dir='ltr'>δε</span> <span class='ocrx_word' id='word_1_381' title='bbox 3742 2473 3929 2522; x_wconf 76' lang='grc' dir='ltr'>ἄνωθεν</span> 
     </span>
    </p>
   </div>
   <div class='ocr_carea' id='block_1_42' title="bbox 574 2554 2197 2636">
    <p class='ocr_par' dir='ltr' id='par_1_42' title="bbox 574 2563 2190 2636">
     <span class='ocr_line' id='line_1_42' title="bbox 574 2563 2190 2636; baseline -0.002 -16"><span class='ocrx_word' id='word_1_382' title='bbox 574 2566 780 2635; x_wconf 87' lang='lat' dir='ltr'>signis,</span> <span class='ocrx_word' id='word_1_383' title='bbox 798 2566 950 2620; x_wconf 91' lang='lat' dir='ltr'>male</span> <span class='ocrx_word' id='word_1_384' title='bbox 968 2567 1133 2636; x_wconf 90' lang='lat' dir='ltr'>perit,</span> <span class='ocrx_word' id='word_1_385' title='bbox 1156 2571 1441 2635; x_wconf 89' lang='lat' dir='ltr'>tanquam</span> <span class='ocrx_word' id='word_1_386' title='bbox 1458 2563 1696 2618; x_wconf 84' lang='lat' dir='ltr'>infamis</span> <span class='ocrx_word' id='word_1_387' title='bbox 1709 2563 2048 2634; x_wconf 83' lang='lat' dir='ltr'>quispiam?</span> <span class='ocrx_word' id='word_1_388' title='bbox 2068 2564 2190 2617; x_wconf 92' lang='lat' dir='ltr'>Deu</span> 
     </span>
    </p>
   </div>
   <div class='ocr_carea' id='block_1_43' title="bbox 2305 2554 3928 2636">
    <p class='ocr_par' dir='ltr' id='par_1_43' title="bbox 2333 2554 3928 2631">
     <span class='ocr_line' id='line_1_43' title="bbox 2333 2554 3928 2631; baseline 0.003 -24"><span class='ocrx_word' id='word_1_389' title='bbox 2333 2555 2632 2628; x_wconf 77' lang='grc' dir='ltr'>ἐπεκούφιζε</span> <span class='ocrx_word' id='word_1_390' title='bbox 2678 2559 2763 2616; x_wconf 81' lang='grc' dir='ltr'>τὰς</span> <span class='ocrx_word' id='word_1_391' title='bbox 2810 2554 3020 2621; x_wconf 77' lang='grc' dir='ltr'>ὀδύνας,</span> <span class='ocrx_word' id='word_1_392' title='bbox 3072 2562 3161 2609; x_wconf 84' lang='grc' dir='ltr'>καὶ</span> <span class='ocrx_word' id='word_1_393' title='bbox 3209 2558 3381 2630; x_wconf 84' lang='grc' dir='ltr'>ὥσπερ</span> <span class='ocrx_word' id='word_1_394' title='bbox 3428 2564 3530 2609; x_wconf 81' lang='grc' dir='ltr'>τινὶ</span> <span class='ocrx_word' id='word_1_395' title='bbox 3570 2559 3777 2631; x_wconf 74' lang='grc' dir='ltr'>μαλακῇ</span> <span class='ocrx_word' id='word_1_396' title='bbox 3832 2580 3928 2631; x_wconf 83' lang='grc' dir='ltr'>ποᾳ</span> 
     </span>
    </p>
   </div>
   <div class='ocr_carea' id='block_1_44' title="bbox 573 2642 2196 2721">
    <p class='ocr_par' dir='ltr' id='par_1_44' title="bbox 573 2650 2196 2721">
     <span class='ocr_line' id='line_1_44' title="bbox 573 2650 2196 2721; baseline -0.002 -13"><span class='ocrx_word' id='word_1_397' title='bbox 573 2658 773 2709; x_wconf 89' lang='lat' dir='ltr'>autem</span> <span class='ocrx_word' id='word_1_398' title='bbox 814 2652 1082 2707; x_wconf 92' lang='lat' dir='ltr'>dolorem</span> <span class='ocrx_word' id='word_1_399' title='bbox 1139 2651 1435 2707; x_wconf 90' lang='lat' dir='ltr'>allevabat</span> <span class='ocrx_word' id='word_1_400' title='bbox 1459 2667 1490 2706; x_wconf 90' lang='lat' dir='ltr'>e</span> <span class='ocrx_word' id='word_1_401' title='bbox 1523 2650 1755 2721; x_wconf 88' lang='lat' dir='ltr'>superis</span> <span class='ocrx_word' id='word_1_402' title='bbox 1792 2673 1804 2704; x_wconf 88' lang='lat'><strong>:</strong></span> <span class='ocrx_word' id='word_1_403' title='bbox 1846 2654 1904 2704; x_wconf 91' lang='lat' dir='ltr'>et</span> <span class='ocrx_word' id='word_1_404' title='bbox 1934 2655 2196 2721; x_wconf 88' lang='lat' dir='ltr'>tanquan</span> 
     </span>
    </p>
   </div>
   <div class='ocr_carea' id='block_1_45' title="bbox 2299 2642 3922 2721">
    <p class='ocr_par' dir='ltr' id='par_1_45' title="bbox 2332 2642 3922 2720">
     <span class='ocr_line' id='line_1_45' title="bbox 2332 2642 3922 2720; baseline 0.002 -24"><span class='ocrx_word' id='word_1_405' title='bbox 2332 2651 2421 2697; x_wconf 83' lang='grc' dir='ltr'>καὶ</span> <span class='ocrx_word' id='word_1_406' title='bbox 2465 2642 2725 2719; x_wconf 79' lang='grc' dir='ltr'>δροσώδει</span> <span class='ocrx_word' id='word_1_407' title='bbox 2779 2650 3163 2717; x_wconf 81' lang='grc' dir='ltr'>κατακείμενος,</span> <span class='ocrx_word' id='word_1_408' title='bbox 3217 2645 3375 2706; x_wconf 77' lang='grc' dir='ltr'>οὕτως</span> <span class='ocrx_word' id='word_1_409' title='bbox 3437 2649 3461 2697; x_wconf 88' lang='lat'>6</span> <span class='ocrx_word' id='word_1_410' title='bbox 3521 2650 3718 2720; x_wconf 86' lang='grc' dir='ltr'>μάρτυς</span> <span class='ocrx_word' id='word_1_411' title='bbox 3778 2650 3922 2701; x_wconf 73' lang='grc' dir='ltr'>εὐπα-</span> 
     </span>
    </p>
   </div>
   <div class='ocr_carea' id='block_1_46' title="bbox 572 2732 2195 2813">
    <p class='ocr_par' dir='ltr' id='par_1_46' title="bbox 572 2737 2195 2813">
     <span class='ocr_line' id='line_1_46' title="bbox 572 2737 2195 2813; baseline -0.003 -18"><span class='ocrx_word' id='word_1_412' title='bbox 572 2740 838 2813; x_wconf 92' lang='lat' dir='ltr'>quodam</span> <span class='ocrx_word' id='word_1_413' title='bbox 862 2756 989 2795; x_wconf 90' lang='lat' dir='ltr'>rore</span> <span class='ocrx_word' id='word_1_414' title='bbox 1011 2740 1406 2811; x_wconf 84' lang='lat' dir='ltr'>refrigeratus,</span> <span class='ocrx_word' id='word_1_415' title='bbox 1428 2744 1481 2794; x_wconf 91' lang='lat' dir='ltr'>et</span> <span class='ocrx_word' id='word_1_416' title='bbox 1504 2740 1564 2793; x_wconf 91' lang='lat' dir='ltr'>in</span> <span class='ocrx_word' id='word_1_417' title='bbox 1584 2738 1744 2793; x_wconf 89' lang='lat' dir='ltr'>molli</span> <span class='ocrx_word' id='word_1_418' title='bbox 1767 2738 1950 2793; x_wconf 88' lang='lat' dir='ltr'>herba</span> <span class='ocrx_word' id='word_1_419' title='bbox 1971 2737 2195 2793; x_wconf 86' lang='lat' dir='ltr'>cubans</span> 
     </span>
    </p>
   </div>
   <div class='ocr_carea' id='block_1_47' title="bbox 2301 2732 3924 2813">
    <p class='ocr_par' dir='ltr' id='par_1_47' title="bbox 2336 2732 3924 2811">
     <span class='ocr_line' id='line_1_47' title="bbox 2336 2732 3924 2811; baseline 0.003 -26"><span class='ocrx_word' id='word_1_420' title='bbox 2336 2736 2433 2785; x_wconf 77' lang='grc' dir='ltr'>θῶν</span> <span class='ocrx_word' id='word_1_421' title='bbox 2466 2735 2546 2791; x_wconf 86' lang='grc' dir='ltr'>ἧν.</span> <span class='ocrx_word' id='word_1_422' title='bbox 2578 2732 2672 2785; x_wconf 62' lang='lat' dir='ltr'>&quot;Ov</span> <span class='ocrx_word' id='word_1_423' title='bbox 2720 2735 2745 2784; x_wconf 90' lang='lat'>6</span> <span class='ocrx_word' id='word_1_424' title='bbox 2792 2737 3033 2806; x_wconf 88' lang='grc' dir='ltr'>τύραννος</span> <span class='ocrx_word' id='word_1_425' title='bbox 3083 2736 3319 2786; x_wconf 77' lang='grc' dir='ltr'>τεθνάναι</span> <span class='ocrx_word' id='word_1_426' title='bbox 3369 2734 3658 2799; x_wconf 75' lang='grc' dir='ltr'>ὑπολαϐὼν,</span> <span class='ocrx_word' id='word_1_427' title='bbox 3706 2735 3924 2811; x_wconf 77' lang='grc' dir='ltr'>ἀρθῆναι</span> 
     </span>
    </p>
   </div>
   <div class='ocr_carea' id='block_1_48' title="bbox 571 2820 2194 2900">
    <p class='ocr_par' dir='ltr' id='par_1_48' title="bbox 571 2826 2194 2900">
     <span class='ocr_line' id='line_1_48' title="bbox 571 2826 2194 2900; baseline -0.002 -16"><span class='ocrx_word' id='word_1_428' title='bbox 571 2834 800 2900; x_wconf 81' lang='lat' dir='ltr'>martyr</span> <span class='ocrx_word' id='word_1_429' title='bbox 812 2828 1101 2883; x_wconf 88' lang='lat' dir='ltr'>sentiebat</span> <span class='ocrx_word' id='word_1_430' title='bbox 1113 2826 1835 2898; x_wconf 85' lang='lat' dir='ltr'>voluptatemeperator</span> <span class='ocrx_word' id='word_1_431' title='bbox 1846 2830 2045 2881; x_wconf 88' lang='lat' dir='ltr'>autem</span> <span class='ocrx_word' id='word_1_432' title='bbox 2061 2830 2194 2896; x_wconf 91' lang='lat' dir='ltr'>post</span> 
     </span>
    </p>
   </div>
   <div class='ocr_carea' id='block_1_49' title="bbox 2299 2820 3922 2900">
    <p class='ocr_par' dir='ltr' id='par_1_49' title="bbox 2332 2820 3922 2897">
     <span class='ocr_line' id='line_1_49' title="bbox 2332 2820 3922 2897; baseline 0.003 -25"><span class='ocrx_word' id='word_1_433' title='bbox 2332 2826 2418 2873; x_wconf 86' lang='grc' dir='ltr'>-ὀν</span> <span class='ocrx_word' id='word_1_434' title='bbox 2457 2822 2647 2874; x_wconf 84' lang='grc' dir='ltr'>ἐκείνου</span> <span class='ocrx_word' id='word_1_435' title='bbox 2698 2826 2872 2895; x_wconf 87' lang='grc' dir='ltr'>νεκρὸν</span> <span class='ocrx_word' id='word_1_436' title='bbox 2920 2823 3155 2876; x_wconf 74' lang='grc' dir='ltr'>ἑκέλευεν.</span> <span class='ocrx_word' id='word_1_437' title='bbox 3198 2821 3281 2882; x_wconf 82' lang='grc' dir='ltr'>Ὠς</span> <span class='ocrx_word' id='word_1_438' title='bbox 3313 2820 3372 2874; x_wconf 74' lang='grc' dir='ltr'>δε</span> <span class='ocrx_word' id='word_1_439' title='bbox 3411 2831 3500 2883; x_wconf 83' lang='grc' dir='ltr'>τῆς</span> <span class='ocrx_word' id='word_1_440' title='bbox 3542 2821 3775 2897; x_wconf 80' lang='grc' dir='ltr'>σιδηρᾶς</span> <span class='ocrx_word' id='word_1_441' title='bbox 3812 2827 3922 2877; x_wconf 85' lang='grc' dir='ltr'>κλί-</span> 
     </span>
    </p>
   </div>
   <div class='ocr_carea' id='block_1_50' title="bbox 569 2910 2192 2988">
    <p class='ocr_par' dir='ltr' id='par_1_50' title="bbox 569 2914 2192 2988">
     <span class='ocr_line' id='line_1_50' title="bbox 569 2914 2192 2988; baseline -0.002 -16"><span class='ocrx_word' id='word_1_442' title='bbox 569 2932 757 2988; x_wconf 91' lang='lat' dir='ltr'>quam</span> <span class='ocrx_word' id='word_1_443' title='bbox 786 2916 969 2973; x_wconf 92' lang='lat' dir='ltr'>animi</span> <span class='ocrx_word' id='word_1_444' title='bbox 1017 2917 1242 2971; x_wconf 92' lang='lat' dir='ltr'>rabiem</span> <span class='ocrx_word' id='word_1_445' title='bbox 1277 2921 1572 2971; x_wconf 90' lang='lat' dir='ltr'>tormento</span> <span class='ocrx_word' id='word_1_446' title='bbox 1615 2915 1741 2985; x_wconf 86' lang='lat' dir='ltr'>jam</span> <span class='ocrx_word' id='word_1_447' title='bbox 1774 2916 1916 2970; x_wconf 90' lang='lat' dir='ltr'>satis</span> <span class='ocrx_word' id='word_1_448' title='bbox 1955 2914 2192 2969; x_wconf 90' lang='lat' dir='ltr'>lenierat</span> 
     </span>
    </p>
   </div>
   <div class='ocr_carea' id='block_1_51' title="bbox 2301 2910 3924 2988">
    <p class='ocr_par' dir='ltr' id='par_1_51' title="bbox 2330 2910 3924 2982">
     <span class='ocr_line' id='line_1_51' title="bbox 2330 2910 3924 2982; baseline 0.004 -21"><span class='ocrx_word' id='word_1_449' title='bbox 2330 2931 2417 2972; x_wconf 89' lang='grc' dir='ltr'>νης</span> <span class='ocrx_word' id='word_1_450' title='bbox 2467 2910 2656 2971; x_wconf 81' lang='grc' dir='ltr'>ἐκείνης</span> <span class='ocrx_word' id='word_1_451' title='bbox 2718 2910 2945 2971; x_wconf 78' lang='grc' dir='ltr'>ἀναστὰς</span> <span class='ocrx_word' id='word_1_452' title='bbox 2998 2913 3023 2962; x_wconf 90' lang='lat'>6</span> <span class='ocrx_word' id='word_1_453' title='bbox 3074 2914 3295 2982; x_wconf 88' lang='grc' dir='ltr'>μάρτυς,</span> <span class='ocrx_word' id='word_1_454' title='bbox 3354 2910 3559 2973; x_wconf 81' lang='grc' dir='ltr'>ἀπαθὴς</span> <span class='ocrx_word' id='word_1_455' title='bbox 3610 2910 3671 2971; x_wconf 82' lang='grc' dir='ltr'>ἧν</span> <span class='ocrx_word' id='word_1_456' title='bbox 3717 2922 3808 2967; x_wconf 83' lang='grc' dir='ltr'>καὶ</span> <span class='ocrx_word' id='word_1_457' title='bbox 3851 2918 3924 2967; x_wconf 71' lang='grc' dir='ltr'>εὖ·</span> 
     </span>
    </p>
   </div>
   <div class='ocr_carea' id='block_1_52' title="bbox 571 3001 2194 3075">
    <p class='ocr_par' dir='ltr' id='par_1_52' title="bbox 571 3002 2193 3075">
     <span class='ocr_line' id='line_1_52' title="bbox 571 3002 2193 3075; baseline -0.002 -15"><span class='ocrx_word' id='word_1_458' title='bbox 571 3006 921 3060; x_wconf 85' lang='lat' dir='ltr'>existimans</span> <span class='ocrx_word' id='word_1_459' title='bbox 950 3006 1231 3075; x_wconf 89' lang='lat' dir='ltr'>eumjam</span> <span class='ocrx_word' id='word_1_460' title='bbox 1258 3020 1388 3059; x_wconf 92' lang='lat' dir='ltr'>esse</span> <span class='ocrx_word' id='word_1_461' title='bbox 1408 3004 1912 3073; x_wconf 90' lang='lat' dir='ltr'>mortuum,jubet</span> <span class='ocrx_word' id='word_1_462' title='bbox 1936 3002 2097 3058; x_wconf 90' lang='lat' dir='ltr'>illinc</span> <span class='ocrx_word' id='word_1_463' title='bbox 2116 3002 2193 3057; x_wconf 92' lang='lat' dir='ltr'>tol</span> 
     </span>
    </p>
   </div>
   <div class='ocr_carea' id='block_1_53' title="bbox 2299 3001 3922 3075">
    <p class='ocr_par' dir='ltr' id='par_1_53' title="bbox 2332 3001 3922 3075">
     <span class='ocr_line' id='line_1_53' title="bbox 2332 3001 3922 3075; baseline 0.002 -22"><span class='ocrx_word' id='word_1_464' title='bbox 2332 3002 2511 3072; x_wconf 88' lang='grc' dir='ltr'>θυμός,</span> <span class='ocrx_word' id='word_1_465' title='bbox 2572 3001 2776 3071; x_wconf 78' lang='grc' dir='ltr'>Υψώσω</span> <span class='ocrx_word' id='word_1_466' title='bbox 2810 3020 2883 3065; x_wconf 84' lang='grc' dir='ltr'>σε,</span> <span class='ocrx_word' id='word_1_467' title='bbox 2932 3002 2957 3052; x_wconf 93' lang='lat'>6</span> <span class='ocrx_word' id='word_1_468' title='bbox 2989 3008 3117 3061; x_wconf 78' lang='grc' dir='ltr'>Θεὸς</span> <span class='ocrx_word' id='word_1_469' title='bbox 3155 3020 3276 3071; x_wconf 86' lang='grc' dir='ltr'>μου,</span> <span class='ocrx_word' id='word_1_470' title='bbox 3322 3002 3347 3051; x_wconf 92' lang='lat'>6</span> <span class='ocrx_word' id='word_1_471' title='bbox 3377 3001 3622 3064; x_wconf 87' lang='grc' dir='ltr'>Βασιλεύς</span> <span class='ocrx_word' id='word_1_472' title='bbox 3666 3023 3788 3074; x_wconf 78' lang='grc' dir='ltr'>μου,</span> <span class='ocrx_word' id='word_1_473' title='bbox 3822 3003 3922 3075; x_wconf 81' lang='grc' dir='ltr'>μεθ’</span> 
     </span>
    </p>
   </div>
   <div class='ocr_carea' id='block_1_54' title="bbox 568 3087 2191 3164">
    <p class='ocr_par' dir='ltr' id='par_1_54' title="bbox 568 3090 2191 3164">
     <span class='ocr_line' id='line_1_54' title="bbox 568 3090 2191 3164; baseline -0.002 -16"><span class='ocrx_word' id='word_1_474' title='bbox 568 3092 609 3148; x_wconf 93' lang='lat' dir='ltr'>li</span> <span class='ocrx_word' id='word_1_475' title='bbox 649 3093 805 3147; x_wconf 91' lang='lat' dir='ltr'>illius</span> <span class='ocrx_word' id='word_1_476' title='bbox 852 3108 1090 3164; x_wconf 89' lang='lat' dir='ltr'>corpus.</span> <span class='ocrx_word' id='word_1_477' title='bbox 1148 3093 1471 3164; x_wconf 88' lang='lat' dir='ltr'>Postquam</span> <span class='ocrx_word' id='word_1_478' title='bbox 1496 3091 1706 3147; x_wconf 91' lang='lat' dir='ltr'>electo</span> <span class='ocrx_word' id='word_1_479' title='bbox 1755 3090 1940 3147; x_wconf 87' lang='lat' dir='ltr'>ferreo</span> <span class='ocrx_word' id='word_1_480' title='bbox 1972 3092 2191 3146; x_wconf 88' lang='lat' dir='ltr'>surrexi</span> 
     </span>
    </p>
   </div>
   <div class='ocr_carea' id='block_1_55' title="bbox 2295 3087 3918 3164">
    <p class='ocr_par' dir='ltr' id='par_1_55' title="bbox 2328 3087 3918 3159">
     <span class='ocr_line' id='line_1_55' title="bbox 2328 3087 3918 3159; baseline 0.001 -18"><span class='ocrx_word' id='word_1_481' title='bbox 2328 3087 2519 3149; x_wconf 73' lang='grc' dir='ltr'>ἡδονῆς</span> <span class='ocrx_word' id='word_1_482' title='bbox 2561 3089 2763 3159; x_wconf 70' lang='grc' dir='ltr'>ἔψαλλε,</span> <span class='ocrx_word' id='word_1_483' title='bbox 2800 3095 2887 3141; x_wconf 83' lang='grc' dir='ltr'>καὶ</span> <span class='ocrx_word' id='word_1_484' title='bbox 2929 3089 3113 3140; x_wconf 83' lang='grc' dir='ltr'>αἰνέσω</span> <span class='ocrx_word' id='word_1_485' title='bbox 3144 3093 3199 3141; x_wconf 87' lang='grc' dir='ltr'>τὸ</span> <span class='ocrx_word' id='word_1_486' title='bbox 3241 3088 3400 3159; x_wconf 81' lang='grc' dir='ltr'>ὄνομά</span> <span class='ocrx_word' id='word_1_487' title='bbox 3439 3109 3532 3141; x_wconf 90' lang='grc' dir='ltr'>σου</span> <span class='ocrx_word' id='word_1_488' title='bbox 3580 3088 3673 3144; x_wconf 76' lang='grc' dir='ltr'>διὰ</span> <span class='ocrx_word' id='word_1_489' title='bbox 3711 3098 3918 3154; x_wconf 83' lang='grc' dir='ltr'>παντὸς.</span> 
     </span>
    </p>
   </div>
   <div class='ocr_carea' id='block_1_56' title="bbox 571 3175 2194 3254">
    <p class='ocr_par' dir='ltr' id='par_1_56' title="bbox 571 3180 2194 3252">
     <span class='ocr_line' id='line_1_56' title="bbox 571 3180 2194 3252; baseline -0.001 -17"><span class='ocrx_word' id='word_1_490' title='bbox 571 3185 815 3252; x_wconf 88' lang='lat' dir='ltr'>martyr,</span> <span class='ocrx_word' id='word_1_491' title='bbox 831 3197 951 3236; x_wconf 90' lang='lat' dir='ltr'>non</span> <span class='ocrx_word' id='word_1_492' title='bbox 982 3181 1173 3236; x_wconf 93' lang='lat' dir='ltr'>solum</span> <span class='ocrx_word' id='word_1_493' title='bbox 1206 3181 1444 3246; x_wconf 68' lang='lat' dir='ltr'>illaasus,</span> <span class='ocrx_word' id='word_1_494' title='bbox 1479 3181 1582 3236; x_wconf 92' lang='lat' dir='ltr'>sed</span> <span class='ocrx_word' id='word_1_495' title='bbox 1607 3180 1782 3235; x_wconf 92' lang='lat' dir='ltr'>etiam</span> <span class='ocrx_word' id='word_1_496' title='bbox 1810 3180 1983 3235; x_wconf 70' lang='lat' dir='ltr'>laetus</span> <span class='ocrx_word' id='word_1_497' title='bbox 2014 3185 2069 3235; x_wconf 91' lang='lat' dir='ltr'>et</span> <span class='ocrx_word' id='word_1_498' title='bbox 2098 3180 2194 3235; x_wconf 92' lang='lat' dir='ltr'>ala</span> 
     </span>
    </p>
   </div>
   <div class='ocr_carea' id='block_1_57' title="bbox 2300 3175 3923 3254">
    <p class='ocr_par' dir='ltr' id='par_1_57' title="bbox 2327 3175 3923 3254">
     <span class='ocr_line' id='line_1_57' title="bbox 2327 3175 3923 3254; baseline 0.001 -24"><span class='ocrx_word' id='word_1_499' title='bbox 2327 3179 2468 3231; x_wconf 82' lang='grc' dir='ltr'>Ἐπεὶ</span> <span class='ocrx_word' id='word_1_500' title='bbox 2528 3176 2586 3230; x_wconf 71' lang='grc' dir='ltr'>δε</span> <span class='ocrx_word' id='word_1_501' title='bbox 2655 3183 2741 3229; x_wconf 85' lang='grc' dir='ltr'>τόν</span> <span class='ocrx_word' id='word_1_502' title='bbox 2802 3183 2927 3230; x_wconf 81' lang='grc' dir='ltr'>Θεὸν</span> <span class='ocrx_word' id='word_1_503' title='bbox 3002 3179 3135 3229; x_wconf 75' lang='grc' dir='ltr'>οὕτω</span> <span class='ocrx_word' id='word_1_504' title='bbox 3212 3175 3445 3240; x_wconf 75' lang='grc' dir='ltr'>δοξάζων</span> <span class='ocrx_word' id='word_1_505' title='bbox 3524 3175 3923 3254; x_wconf 78' lang='grc' dir='ltr'>θ’ἆῤῥαλεωτερος</span> 
     </span>
    </p>
   </div>
   <div class='ocr_carea' id='block_1_58' title="bbox 568 3266 2191 3341">
    <p class='ocr_par' dir='ltr' id='par_1_58' title="bbox 568 3267 2191 3335">
     <span class='ocr_line' id='line_1_58' title="bbox 568 3267 2191 3335; baseline -0.001 -11"><span class='ocrx_word' id='word_1_506' title='bbox 568 3281 665 3324; x_wconf 90' lang='lat' dir='ltr'>cer</span> <span class='ocrx_word' id='word_1_507' title='bbox 696 3292 707 3323; x_wconf 91' lang='lat'><strong>:</strong></span> <span class='ocrx_word' id='word_1_508' title='bbox 746 3269 1031 3325; x_wconf 89' lang='lat' dir='ltr'>Extollam</span> <span class='ocrx_word' id='word_1_509' title='bbox 1066 3275 1117 3324; x_wconf 93' lang='lat' dir='ltr'>te</span> <span class='ocrx_word' id='word_1_510' title='bbox 1148 3270 1303 3325; x_wconf 92' lang='lat' dir='ltr'>Deus</span> <span class='ocrx_word' id='word_1_511' title='bbox 1359 3286 1548 3335; x_wconf 91' lang='lat' dir='ltr'>meus,</span> <span class='ocrx_word' id='word_1_512' title='bbox 1585 3272 1704 3325; x_wconf 82' lang='lat' dir='ltr'>Rex</span> <span class='ocrx_word' id='word_1_513' title='bbox 1733 3285 1921 3333; x_wconf 92' lang='lat' dir='ltr'>meus,</span> <span class='ocrx_word' id='word_1_514' title='bbox 1964 3267 2191 3323; x_wconf 90' lang='lat' dir='ltr'>caneba</span> 
     </span>
    </p>
   </div>
   <div class='ocr_carea' id='block_1_59' title="bbox 2297 3266 3920 3341">
    <p class='ocr_par' dir='ltr' id='par_1_59' title="bbox 2327 3266 3920 3341">
     <span class='ocr_line' id='line_1_59' title="bbox 2327 3266 3920 3341; baseline 0.001 -24"><span class='ocrx_word' id='word_1_515' title='bbox 2327 3267 2438 3328; x_wconf 83' lang='grc' dir='ltr'>ἑξῆς</span> <span class='ocrx_word' id='word_1_516' title='bbox 2482 3276 2553 3336; x_wconf 81' lang='grc' dir='ltr'>τῷ</span> <span class='ocrx_word' id='word_1_517' title='bbox 2604 3269 2834 3337; x_wconf 80' lang='grc' dir='ltr'>τυράννῳ</span> <span class='ocrx_word' id='word_1_518' title='bbox 2891 3272 3142 3341; x_wconf 88' lang='grc' dir='ltr'>παρέττη,</span> <span class='ocrx_word' id='word_1_519' title='bbox 3200 3266 3388 3337; x_wconf 71' lang='grc' dir='ltr'>Βλέψον</span> <span class='ocrx_word' id='word_1_520' title='bbox 3419 3267 3486 3327; x_wconf 87' lang='grc' dir='ltr'>εἰς</span> <span class='ocrx_word' id='word_1_521' title='bbox 3530 3267 3634 3339; x_wconf 73' lang='grc' dir='ltr'>ἔμε,</span> <span class='ocrx_word' id='word_1_522' title='bbox 3680 3270 3920 3341; x_wconf 79' lang='grc' dir='ltr'>βασιλεῦ,</span> 
     </span>
    </p>
   </div>
   <div class='ocr_carea' id='block_1_60' title="bbox 566 3355 2189 3428">
    <p class='ocr_par' dir='ltr' id='par_1_60' title="bbox 566 3358 2189 3427">
     <span class='ocr_line' id='line_1_60' title="bbox 566 3358 2189 3427; baseline -0.002 -15"><span class='ocrx_word' id='word_1_523' title='bbox 566 3374 703 3413; x_wconf 91' lang='lat' dir='ltr'>cum</span> <span class='ocrx_word' id='word_1_524' title='bbox 744 3358 982 3427; x_wconf 86' lang='lat' dir='ltr'>gaudio,</span> <span class='ocrx_word' id='word_1_525' title='bbox 1016 3362 1070 3413; x_wconf 92' lang='lat' dir='ltr'>et</span> <span class='ocrx_word' id='word_1_526' title='bbox 1100 3358 1361 3414; x_wconf 88' lang='lat' dir='ltr'>laudabo</span> <span class='ocrx_word' id='word_1_527' title='bbox 1408 3374 1631 3415; x_wconf 91' lang='lat' dir='ltr'>nomen</span> <span class='ocrx_word' id='word_1_528' title='bbox 1688 3363 1855 3412; x_wconf 91' lang='lat' dir='ltr'>tuum</span> <span class='ocrx_word' id='word_1_529' title='bbox 1906 3360 2189 3427; x_wconf 91' lang='lat' dir='ltr'>perpetuo</span> 
     </span>
    </p>
   </div>
   <div class='ocr_carea' id='block_1_61' title="bbox 2299 3355 3922 3428">
    <p class='ocr_par' dir='ltr' id='par_1_61' title="bbox 2325 3355 3922 3428">
     <span class='ocr_line' id='line_1_61' title="bbox 2325 3355 3922 3428; baseline 0.003 -23"><span class='ocrx_word' id='word_1_530' title='bbox 2325 3356 2439 3425; x_wconf 80' lang='grc' dir='ltr'>ἔφη,</span> <span class='ocrx_word' id='word_1_531' title='bbox 2503 3355 2556 3405; x_wconf 85' lang='grc' dir='ltr'>ὃν</span> <span class='ocrx_word' id='word_1_532' title='bbox 2617 3358 2681 3405; x_wconf 80' lang='grc' dir='ltr'>σὺ</span> <span class='ocrx_word' id='word_1_533' title='bbox 2740 3358 2902 3427; x_wconf 84' lang='grc' dir='ltr'>πυρὸς</span> <span class='ocrx_word' id='word_1_534' title='bbox 2967 3358 3110 3426; x_wconf 81' lang='grc' dir='ltr'>ἔργον</span> <span class='ocrx_word' id='word_1_535' title='bbox 3167 3358 3405 3424; x_wconf 86' lang='grc' dir='ltr'>γενέσθαι</span> <span class='ocrx_word' id='word_1_536' title='bbox 3471 3361 3757 3428; x_wconf 85' lang='grc' dir='ltr'>νενόμικας,</span> <span class='ocrx_word' id='word_1_537' title='bbox 3836 3361 3922 3409; x_wconf 86' lang='grc' dir='ltr'>καὶ</span> 
     </span>
    </p>
   </div>
   <div class='ocr_carea' id='block_1_62' title="bbox 563 3442 2186 3517">
    <p class='ocr_par' dir='ltr' id='par_1_62' title="bbox 563 3446 2186 3517">
     <span class='ocr_line' id='line_1_62' title="bbox 563 3446 2186 3517; baseline -0.002 -17"><span class='ocrx_word' id='word_1_538' title='bbox 563 3446 850 3502; x_wconf 89' lang='lat' dir='ltr'>Laudabo</span> <span class='ocrx_word' id='word_1_539' title='bbox 891 3447 1097 3511; x_wconf 89' lang='lat' dir='ltr'>Deum,</span> <span class='ocrx_word' id='word_1_540' title='bbox 1130 3446 1233 3517; x_wconf 91' lang='lat' dir='ltr'>qui</span> <span class='ocrx_word' id='word_1_541' title='bbox 1281 3446 1540 3501; x_wconf 65' lang='lat' dir='ltr'>laetiﬁcat</span> <span class='ocrx_word' id='word_1_542' title='bbox 1566 3447 1938 3515; x_wconf 89' lang='lat' dir='ltr'>juventutem</span> <span class='ocrx_word' id='word_1_543' title='bbox 1998 3459 2186 3498; x_wconf 88' lang='lat' dir='ltr'>meam</span> 
     </span>
    </p>
   </div>
   <div class='ocr_carea' id='block_1_63' title="bbox 2299 3442 3922 3517">
    <p class='ocr_par' dir='ltr' id='par_1_63' title="bbox 2328 3442 3922 3516">
     <span class='ocr_line' id='line_1_63' title="bbox 2328 3442 3922 3516; baseline 0.002 -22"><span class='ocrx_word' id='word_1_544' title='bbox 2328 3446 2470 3502; x_wconf 83' lang='grc' dir='ltr'>σύνες</span> <span class='ocrx_word' id='word_1_545' title='bbox 2500 3445 2587 3514; x_wconf 67' lang='grc' dir='ltr'>μὲν</span> <span class='ocrx_word' id='word_1_546' title='bbox 2638 3446 2721 3494; x_wconf 87' lang='grc' dir='ltr'>τὸν</span> <span class='ocrx_word' id='word_1_547' title='bbox 2754 3444 2839 3494; x_wconf 79' lang='grc' dir='ltr'>ὑπ’</span> <span class='ocrx_word' id='word_1_548' title='bbox 2894 3442 3017 3514; x_wconf 76' lang='grc' dir='ltr'>ἐμοῦ</span> <span class='ocrx_word' id='word_1_549' title='bbox 3042 3449 3438 3516; x_wconf 80' lang='grc' dir='ltr'>κηρυττόμενον,</span> <span class='ocrx_word' id='word_1_550' title='bbox 3474 3446 3717 3516; x_wconf 82' lang='grc' dir='ltr'>ἐπίγνωθι</span> <span class='ocrx_word' id='word_1_551' title='bbox 3746 3443 3808 3499; x_wconf 70' lang='grc' dir='ltr'>δὲ</span> <span class='ocrx_word' id='word_1_552' title='bbox 3837 3452 3922 3499; x_wconf 85' lang='grc' dir='ltr'>καὶ</span> 
     </span>
    </p>
   </div>
   <div class='ocr_carea' id='block_1_64' title="bbox 563 3531 2186 3606">
    <p class='ocr_par' dir='ltr' id='par_1_64' title="bbox 563 3532 2186 3606">
     <span class='ocr_line' id='line_1_64' title="bbox 563 3532 2186 3606; baseline -0.002 -17"><span class='ocrx_word' id='word_1_553' title='bbox 563 3534 853 3598; x_wconf 87' lang='lat' dir='ltr'>Quoniam</span> <span class='ocrx_word' id='word_1_554' title='bbox 876 3535 1180 3606; x_wconf 89' lang='lat' dir='ltr'>generatio</span> <span class='ocrx_word' id='word_1_555' title='bbox 1211 3540 1265 3590; x_wconf 91' lang='lat' dir='ltr'>et</span> <span class='ocrx_word' id='word_1_556' title='bbox 1284 3535 1585 3601; x_wconf 81' lang='lat' dir='ltr'>generatio</span> <span class='ocrx_word' id='word_1_557' title='bbox 1605 3532 1875 3588; x_wconf 88' lang='lat' dir='ltr'>laudabit</span> <span class='ocrx_word' id='word_1_558' title='bbox 1896 3548 2080 3603; x_wconf 89' lang='lat' dir='ltr'>opera</span> <span class='ocrx_word' id='word_1_559' title='bbox 2095 3538 2186 3586; x_wconf 92' lang='lat' dir='ltr'>tua</span> 
     </span>
    </p>
   </div>
   <div class='ocr_carea' id='block_1_65' title="bbox 1523 3531 3146 3606">
    <p class='ocr_par' dir='ltr' id='par_1_65' title="bbox 1523 3531 3146 3603">
     <span class='ocr_line' id='line_1_65' title="bbox 1523 3531 3146 3603; baseline -0.001 -16"><span class='ocrx_word' id='word_1_560' title='bbox 1523 3535 1585 3589; x_wconf 75' lang='lat' dir='ltr'>,io</span> <span class='ocrx_word' id='word_1_561' title='bbox 1605 3532 1875 3588; x_wconf 88' lang='lat' dir='ltr'>laudabit</span> <span class='ocrx_word' id='word_1_562' title='bbox 1896 3538 2213 3603; x_wconf 88' lang='lat' dir='ltr'>operatua,</span> <span class='ocrx_word' id='word_1_563' title='bbox 2326 3540 2422 3582; x_wconf 80' lang='grc' dir='ltr'>τῶν</span> <span class='ocrx_word' id='word_1_564' title='bbox 2456 3540 2557 3582; x_wconf 80' lang='grc' dir='ltr'>σῶν</span> <span class='ocrx_word' id='word_1_565' title='bbox 2587 3533 2708 3583; x_wconf 81' lang='grc' dir='ltr'>θεῶν</span> <span class='ocrx_word' id='word_1_566' title='bbox 2736 3536 2829 3588; x_wconf 81' lang='grc' dir='ltr'>τὴν</span> <span class='ocrx_word' id='word_1_567' title='bbox 2862 3531 3146 3585; x_wconf 82' lang='grc' dir='ltr'>ἀσθένειαν.</span> 
     </span>
    </p>
   </div>
   <div class='ocr_carea' id='block_1_66' title="bbox 561 3620 3920 3692">
    <p class='ocr_par' dir='ltr' id='par_1_66' title="bbox 561 3620 3920 3692">
     <span class='ocr_line' id='line_1_66' title="bbox 561 3620 3920 3692; baseline 0.001 -16"><span class='ocrx_word' id='word_1_568' title='bbox 561 3626 616 3677; x_wconf 90' lang='lat' dir='ltr'>et</span> <span class='ocrx_word' id='word_1_569' title='bbox 656 3623 976 3691; x_wconf 90' lang='lat' dir='ltr'>potentiam</span> <span class='ocrx_word' id='word_1_570' title='bbox 1021 3630 1180 3677; x_wconf 89' lang='lat' dir='ltr'>tuam</span> <span class='ocrx_word' id='word_1_571' title='bbox 1222 3623 1685 3686; x_wconf 85' lang='lat' dir='ltr'>annuntiabunt,</span> <span class='ocrx_word' id='word_1_572' title='bbox 1725 3628 1781 3677; x_wconf 91' lang='lat' dir='ltr'>et</span> <span class='ocrx_word' id='word_1_573' title='bbox 1824 3621 2104 3678; x_wconf 87' lang='lat' dir='ltr'>miracula</span> <span class='ocrx_word' id='word_1_574' title='bbox 2152 3626 2254 3675; x_wconf 92' lang='lat' dir='ltr'>tua</span> <span class='ocrx_word' id='word_1_575' title='bbox 2293 3620 2623 3675; x_wconf 88' lang='lat' dir='ltr'>narrabunt</span> <span class='ocrx_word' id='word_1_576' title='bbox 2663 3622 2705 3674; x_wconf 82' lang='grc'>⁵.</span> <span class='ocrx_word' id='word_1_577' title='bbox 2732 3621 3049 3692; x_wconf 87' lang='lat' dir='ltr'>Postquam</span> <span class='ocrx_word' id='word_1_578' title='bbox 3081 3636 3220 3676; x_wconf 91' lang='lat' dir='ltr'>vero</span> <span class='ocrx_word' id='word_1_579' title='bbox 3287 3624 3405 3677; x_wconf 89' lang='lat' dir='ltr'>Deo</span> <span class='ocrx_word' id='word_1_580' title='bbox 3445 3623 3526 3677; x_wconf 90' lang='lat' dir='ltr'>sic</span> <span class='ocrx_word' id='word_1_581' title='bbox 3566 3622 3920 3692; x_wconf 76' lang='lat' dir='ltr'>gloriﬁcato.</span> 
     </span>
    </p>
   </div>
   <div class='ocr_carea' id='block_1_67' title="bbox 559 3707 3922 3782">
    <p class='ocr_par' dir='ltr' id='par_1_67' title="bbox 559 3707 3922 3782">
     <span class='ocr_line' id='line_1_67' title="bbox 559 3707 3922 3782; baseline 0 -17"><span class='ocrx_word' id='word_1_582' title='bbox 559 3709 849 3765; x_wconf 87' lang='lat' dir='ltr'>audacius</span> <span class='ocrx_word' id='word_1_583' title='bbox 902 3709 1184 3780; x_wconf 90' lang='lat' dir='ltr'>deinceps</span> <span class='ocrx_word' id='word_1_584' title='bbox 1225 3711 1409 3764; x_wconf 89' lang='lat' dir='ltr'>astitit</span> <span class='ocrx_word' id='word_1_585' title='bbox 1474 3717 1611 3764; x_wconf 88' lang='lat' dir='ltr'>ante</span> <span class='ocrx_word' id='word_1_586' title='bbox 1645 3717 1964 3781; x_wconf 86' lang='lat' dir='ltr'>tyrannum</span> <span class='ocrx_word' id='word_1_587' title='bbox 2008 3709 2262 3780; x_wconf 83' lang='lat' dir='ltr'>:Aspice</span> <span class='ocrx_word' id='word_1_588' title='bbox 2316 3707 2395 3764; x_wconf 84' lang='lat' dir='ltr'>ad</span> <span class='ocrx_word' id='word_1_589' title='bbox 2451 3724 2563 3775; x_wconf 91' lang='lat' dir='ltr'>me,</span> <span class='ocrx_word' id='word_1_590' title='bbox 2630 3709 2730 3774; x_wconf 88' lang='lat' dir='ltr'>ait,</span> <span class='ocrx_word' id='word_1_591' title='bbox 2772 3725 2807 3764; x_wconf 97' lang='lat' dir='ltr'>o</span> <span class='ocrx_word' id='word_1_592' title='bbox 2848 3710 3189 3780; x_wconf 89' lang='lat' dir='ltr'>imperator,</span> <span class='ocrx_word' id='word_1_593' title='bbox 3238 3726 3420 3782; x_wconf 92' lang='lat' dir='ltr'>quem</span> <span class='ocrx_word' id='word_1_594' title='bbox 3463 3716 3525 3765; x_wconf 93' lang='lat' dir='ltr'>tu</span> <span class='ocrx_word' id='word_1_595' title='bbox 3578 3710 3922 3768; x_wconf 84' lang='lat' dir='ltr'>existimasti</span> 
     </span>
    </p>
   </div>
   <div class='ocr_carea' id='block_1_68' title="bbox 562 3796 3919 3871">
    <p class='ocr_par' dir='ltr' id='par_1_68' title="bbox 562 3796 3919 3871">
     <span class='ocr_line' id='line_1_68' title="bbox 562 3796 3919 3871; baseline 0 -19"><span class='ocrx_word' id='word_1_596' title='bbox 562 3796 640 3852; x_wconf 82' lang='lat' dir='ltr'>ab</span> <span class='ocrx_word' id='word_1_597' title='bbox 666 3796 801 3866; x_wconf 89' lang='lat' dir='ltr'>igne</span> <span class='ocrx_word' id='word_1_598' title='bbox 826 3796 1225 3861; x_wconf 87' lang='lat' dir='ltr'>exedendum,</span> <span class='ocrx_word' id='word_1_599' title='bbox 1248 3802 1305 3851; x_wconf 88' lang='lat' dir='ltr'>et</span> <span class='ocrx_word' id='word_1_600' title='bbox 1340 3796 1597 3865; x_wconf 86' lang='lat' dir='ltr'>intellige</span> <span class='ocrx_word' id='word_1_601' title='bbox 1628 3813 1786 3859; x_wconf 91' lang='lat' dir='ltr'>eum,</span> <span class='ocrx_word' id='word_1_602' title='bbox 1810 3798 1910 3868; x_wconf 91' lang='lat' dir='ltr'>qui</span> <span class='ocrx_word' id='word_1_603' title='bbox 1939 3813 1975 3853; x_wconf 92' lang='lat' dir='ltr'>a</span> <span class='ocrx_word' id='word_1_604' title='bbox 2006 3813 2098 3851; x_wconf 90' lang='lat' dir='ltr'>me</span> <span class='ocrx_word' id='word_1_605' title='bbox 2139 3796 2520 3868; x_wconf 70' lang='lat' dir='ltr'>praedicatur.</span> <span class='ocrx_word' id='word_1_606' title='bbox 2557 3803 2826 3867; x_wconf 82' lang='lat' dir='ltr'>Agnosce</span> <span class='ocrx_word' id='word_1_607' title='bbox 2866 3803 3066 3854; x_wconf 92' lang='lat' dir='ltr'>autem</span> <span class='ocrx_word' id='word_1_608' title='bbox 3095 3805 3333 3854; x_wconf 90' lang='lat' dir='ltr'>tuorum</span> <span class='ocrx_word' id='word_1_609' title='bbox 3386 3814 3631 3871; x_wconf 92' lang='lat' dir='ltr'>quoque</span> <span class='ocrx_word' id='word_1_610' title='bbox 3669 3799 3919 3856; x_wconf 87' lang='lat' dir='ltr'>deorum</span> 
     </span>
    </p>
   </div>
   <div class='ocr_carea' id='block_1_69' title="bbox 564 3884 1059 3940">
    <p class='ocr_par' dir='ltr' id='par_1_69' title="bbox 564 3884 1059 3940">
     <span class='ocr_line' id='line_1_69' title="bbox 564 3884 1059 3940; baseline -0.002 0"><span class='ocrx_word' id='word_1_611' title='bbox 564 3884 1059 3940; x_wconf 88' lang='lat' dir='ltr'>imbecillitatem.</span> 
     </span>
    </p>
   </div>
   <div class='ocr_carea' id='block_1_70' title="bbox 633 3972 2256 4053">
    <p class='ocr_par' dir='ltr' id='par_1_70' title="bbox 633 3972 2216 4039">
     <span class='ocr_line' id='line_1_70' title="bbox 633 3972 2216 4039; baseline 0.002 -12"><span class='ocrx_word' id='word_1_612' title='bbox 633 3973 696 4027; x_wconf 87' lang='lat' dir='ltr'>V.</span> <span class='ocrx_word' id='word_1_613' title='bbox 742 3973 901 4028; x_wconf 88' lang='lat' dir='ltr'>Hanc</span> <span class='ocrx_word' id='word_1_614' title='bbox 939 3972 1254 4029; x_wconf 88' lang='lat' dir='ltr'>audaciam</span> <span class='ocrx_word' id='word_1_615' title='bbox 1286 3978 1341 4027; x_wconf 88' lang='lat' dir='ltr'>et</span> <span class='ocrx_word' id='word_1_616' title='bbox 1377 3973 1611 4028; x_wconf 90' lang='lat' dir='ltr'>dicendi</span> <span class='ocrx_word' id='word_1_617' title='bbox 1650 3972 2001 4039; x_wconf 88' lang='lat' dir='ltr'>libertatem,</span> <span class='ocrx_word' id='word_1_618' title='bbox 2045 3990 2216 4031; x_wconf 92' lang='lat' dir='ltr'>suam</span> 
     </span>
    </p>
   </div>
   <div class='ocr_carea' id='block_1_71' title="bbox 2293 3972 3916 4053">
    <p class='ocr_par' dir='ltr' id='par_1_71' title="bbox 2400 3972 3916 4053">
     <span class='ocr_line' id='line_1_71' title="bbox 2400 3972 3916 4053; baseline 0.002 -25"><span class='ocrx_word' id='word_1_619' title='bbox 2400 3974 2465 4028; x_wconf 49' lang='grc' dir='ltr'>ΕΖ</span> <span class='ocrx_word' id='word_1_620' title='bbox 2511 3974 2568 4027; x_wconf 77' lang='grc' dir='ltr'><strong>Ὀ</strong></span> <span class='ocrx_word' id='word_1_621' title='bbox 2618 3972 2675 4028; x_wconf 67' lang='grc' dir='ltr'>δὲ</span> <span class='ocrx_word' id='word_1_622' title='bbox 2730 3978 2994 4048; x_wconf 88' lang='grc' dir='ltr'>τύραννος,</span> <span class='ocrx_word' id='word_1_623' title='bbox 3037 3981 3255 4047; x_wconf 86' lang='grc' dir='ltr'>νομίσας</span> <span class='ocrx_word' id='word_1_624' title='bbox 3302 3976 3611 4049; x_wconf 83' lang='grc' dir='ltr'>ὑϐρίζεσθαι</span> <span class='ocrx_word' id='word_1_625' title='bbox 3667 3986 3728 4050; x_wconf 76' lang='grc' dir='ltr'>τῇ</span> <span class='ocrx_word' id='word_1_626' title='bbox 3791 3978 3916 4053; x_wconf 75' lang='grc' dir='ltr'>παρ’</span> 
     </span>
    </p>
   </div>
   <div class='ocr_carea' id='block_1_72' title="bbox 561 4061 2184 4140">
    <p class='ocr_par' dir='ltr' id='par_1_72' title="bbox 561 4061 2184 4132">
     <span class='ocr_line' id='line_1_72' title="bbox 561 4061 2184 4132; baseline 0.001 -17"><span class='ocrx_word' id='word_1_627' title='bbox 561 4077 688 4116; x_wconf 91' lang='lat' dir='ltr'>esse</span> <span class='ocrx_word' id='word_1_628' title='bbox 705 4062 1127 4116; x_wconf 89' lang='lat' dir='ltr'>contumeliam</span> <span class='ocrx_word' id='word_1_629' title='bbox 1156 4061 1474 4132; x_wconf 88' lang='lat' dir='ltr'>imperator</span> <span class='ocrx_word' id='word_1_630' title='bbox 1491 4062 1828 4127; x_wconf 85' lang='lat' dir='ltr'>arbitratus,</span> <span class='ocrx_word' id='word_1_631' title='bbox 1843 4068 1898 4117; x_wconf 93' lang='lat' dir='ltr'>et</span> <span class='ocrx_word' id='word_1_632' title='bbox 1915 4078 1975 4117; x_wconf 91' lang='lat' dir='ltr'>se</span> <span class='ocrx_word' id='word_1_633' title='bbox 1996 4062 2184 4118; x_wconf 91' lang='lat' dir='ltr'>victun</span> 
     </span>
    </p>
   </div>
   <div class='ocr_carea' id='block_1_73' title="bbox 2292 4061 3915 4140">
    <p class='ocr_par' dir='ltr' id='par_1_73' title="bbox 2322 4062 3915 4140">
     <span class='ocr_line' id='line_1_73' title="bbox 2322 4062 3915 4140; baseline 0.002 -25"><span class='ocrx_word' id='word_1_634' title='bbox 2322 4062 2486 4136; x_wconf 78' lang='grc' dir='ltr'>ῥησίᾳ</span> <span class='ocrx_word' id='word_1_635' title='bbox 2532 4072 2622 4115; x_wconf 84' lang='grc' dir='ltr'>τοῦ</span> <span class='ocrx_word' id='word_1_636' title='bbox 2674 4066 2953 4136; x_wconf 84' lang='grc' dir='ltr'>μάρτυρος,</span> <span class='ocrx_word' id='word_1_637' title='bbox 3001 4070 3089 4116; x_wconf 88' lang='grc' dir='ltr'>καὶ</span> <span class='ocrx_word' id='word_1_638' title='bbox 3124 4067 3416 4125; x_wconf 82' lang='grc' dir='ltr'>ἡττηθῆναι</span> <span class='ocrx_word' id='word_1_639' title='bbox 3459 4063 3618 4128; x_wconf 76' lang='grc' dir='ltr'>δόξας</span> <span class='ocrx_word' id='word_1_640' title='bbox 3661 4076 3732 4137; x_wconf 83' lang='grc' dir='ltr'>τῷ</span> <span class='ocrx_word' id='word_1_641' title='bbox 3778 4087 3915 4140; x_wconf 87' lang='grc' dir='ltr'>περι-</span> 
     </span>
    </p>
   </div>
   <div class='ocr_carea' id='block_1_74' title="bbox 559 4149 2182 4248">
    <p class='ocr_par' dir='ltr' id='par_1_74' title="bbox 559 4149 2182 4223">
     <span class='ocr_line' id='line_1_74' title="bbox 559 4149 2182 4223; baseline 0 -19"><span class='ocrx_word' id='word_1_642' title='bbox 559 4165 687 4204; x_wconf 89' lang='lat' dir='ltr'>esse</span> <span class='ocrx_word' id='word_1_643' title='bbox 708 4149 1008 4219; x_wconf 89' lang='lat' dir='ltr'>opinatus,</span> <span class='ocrx_word' id='word_1_644' title='bbox 1042 4150 1205 4222; x_wconf 92' lang='lat' dir='ltr'>quod</span> <span class='ocrx_word' id='word_1_645' title='bbox 1237 4154 1729 4216; x_wconf 88' lang='lat' dir='ltr'>contemneretur,</span> <span class='ocrx_word' id='word_1_646' title='bbox 1760 4150 2112 4223; x_wconf 88' lang='lat' dir='ltr'>supplicium</span> <span class='ocrx_word' id='word_1_647' title='bbox 2140 4167 2182 4206; x_wconf 56' lang='grc' dir='ltr'>ιν</span> 
     </span>
    </p>
   </div>
   <div class='ocr_carea' id='block_1_75' title="bbox 2289 4149 3912 4248">
    <p class='ocr_par' dir='ltr' id='par_1_75' title="bbox 2289 4153 3912 4229">
     <span class='ocr_line' id='line_1_75' title="bbox 2289 4153 3912 4229; baseline 0.003 -27"><span class='ocrx_word' id='word_1_648' title='bbox 2289 4161 2556 4229; x_wconf 14' lang='grc' dir='ltr'>χφρονητῷ</span> <span class='ocrx_word' id='word_1_649' title='bbox 2612 4162 2705 4213; x_wconf 83' lang='grc' dir='ltr'>τῆς</span> <span class='ocrx_word' id='word_1_650' title='bbox 2756 4154 3033 4218; x_wconf 85' lang='grc' dir='ltr'>κολάσεως,</span> <span class='ocrx_word' id='word_1_651' title='bbox 3085 4154 3297 4224; x_wconf 83' lang='grc' dir='ltr'>μείζονα</span> <span class='ocrx_word' id='word_1_652' title='bbox 3332 4159 3527 4216; x_wconf 84' lang='grc' dir='ltr'>ταύτης</span> <span class='ocrx_word' id='word_1_653' title='bbox 3555 4162 3644 4208; x_wconf 80' lang='grc' dir='ltr'>καὶ</span> <span class='ocrx_word' id='word_1_654' title='bbox 3688 4153 3912 4229; x_wconf 82' lang='grc' dir='ltr'>σφοδρο-</span> 
     </span>
    </p>
   </div>
   <div class='ocr_carea' id='block_1_76' title="bbox 558 4238 2181 4316">
    <p class='ocr_par' dir='ltr' id='par_1_76' title="bbox 558 4238 2181 4310">
     <span class='ocr_line' id='line_1_76' title="bbox 558 4238 2181 4310; baseline 0.001 -18"><span class='ocrx_word' id='word_1_655' title='bbox 558 4238 853 4306; x_wconf 84' lang='lat' dir='ltr'>excogitat</span> <span class='ocrx_word' id='word_1_656' title='bbox 885 4240 1076 4308; x_wconf 87' lang='lat' dir='ltr'>majus</span> <span class='ocrx_word' id='word_1_657' title='bbox 1119 4243 1175 4294; x_wconf 93' lang='lat' dir='ltr'>et</span> <span class='ocrx_word' id='word_1_658' title='bbox 1202 4239 1649 4295; x_wconf 64' lang='lat' dir='ltr'>vehementius.</span> <span class='ocrx_word' id='word_1_659' title='bbox 1679 4241 1897 4295; x_wconf 84' lang='lat' dir='ltr'>Rursus</span> <span class='ocrx_word' id='word_1_660' title='bbox 1949 4256 2089 4310; x_wconf 91' lang='lat' dir='ltr'>ergo</span> <span class='ocrx_word' id='word_1_661' title='bbox 2146 4240 2181 4294; x_wconf 81' lang='lat' dir='ltr'>ii</span> 
     </span>
    </p>
   </div>
   <div class='ocr_carea' id='block_1_77' title="bbox 2284 4238 3907 4316">
    <p class='ocr_par' dir='ltr' id='par_1_77' title="bbox 2317 4240 3907 4316">
     <span class='ocr_line' id='line_1_77' title="bbox 2317 4240 3907 4316; baseline 0.001 -24"><span class='ocrx_word' id='word_1_662' title='bbox 2317 4245 2462 4313; x_wconf 83' lang='grc' dir='ltr'>τέραν</span> <span class='ocrx_word' id='word_1_663' title='bbox 2524 4240 2728 4294; x_wconf 84' lang='grc' dir='ltr'>ἐπινοεῖ.</span> <span class='ocrx_word' id='word_1_664' title='bbox 2785 4242 3025 4313; x_wconf 86' lang='grc' dir='ltr'>Ἐσχάρα</span> <span class='ocrx_word' id='word_1_665' title='bbox 3088 4251 3209 4313; x_wconf 85' lang='grc' dir='ltr'>γοῦν</span> <span class='ocrx_word' id='word_1_666' title='bbox 3270 4242 3316 4294; x_wconf 76' lang='grc' dir='ltr'>ἐν</span> <span class='ocrx_word' id='word_1_667' title='bbox 3369 4249 3511 4316; x_wconf 85' lang='grc' dir='ltr'>μέσῳ</span> <span class='ocrx_word' id='word_1_668' title='bbox 3589 4247 3907 4316; x_wconf 76' lang='grc' dir='ltr'>προτίθεται,</span> 
     </span>
    </p>
   </div>
   <div class='ocr_carea' id='block_1_78' title="bbox 558 4326 2181 4402">
    <p class='ocr_par' dir='ltr' id='par_1_78' title="bbox 558 4326 2181 4399">
     <span class='ocr_line' id='line_1_78' title="bbox 558 4326 2181 4399; baseline 0.001 -19"><span class='ocrx_word' id='word_1_669' title='bbox 558 4326 757 4380; x_wconf 91' lang='lat' dir='ltr'>medio</span> <span class='ocrx_word' id='word_1_670' title='bbox 782 4328 1126 4397; x_wconf 88' lang='lat' dir='ltr'>pr0ponitur</span> <span class='ocrx_word' id='word_1_671' title='bbox 1165 4327 1469 4392; x_wconf 90' lang='lat' dir='ltr'>craticula,</span> <span class='ocrx_word' id='word_1_672' title='bbox 1513 4328 1649 4397; x_wconf 90' lang='lat' dir='ltr'>igne</span> <span class='ocrx_word' id='word_1_673' title='bbox 1697 4329 1942 4399; x_wconf 91' lang='lat' dir='ltr'>quidem</span> <span class='ocrx_word' id='word_1_674' title='bbox 1992 4329 2181 4384; x_wconf 73' lang='lat' dir='ltr'>subtus</span> 
     </span>
    </p>
   </div>
   <div class='ocr_carea' id='block_1_79' title="bbox 2287 4326 3910 4402">
    <p class='ocr_par' dir='ltr' id='par_1_79' title="bbox 2317 4328 3910 4402">
     <span class='ocr_line' id='line_1_79' title="bbox 2317 4328 3910 4402; baseline 0.001 -22"><span class='ocrx_word' id='word_1_675' title='bbox 2317 4334 2442 4400; x_wconf 85' lang='grc' dir='ltr'>πυρὶ</span> <span class='ocrx_word' id='word_1_676' title='bbox 2506 4333 2594 4401; x_wconf 74' lang='grc' dir='ltr'>μεν</span> <span class='ocrx_word' id='word_1_677' title='bbox 2673 4332 2898 4381; x_wconf 88' lang='grc' dir='ltr'>κάτωθεν</span> <span class='ocrx_word' id='word_1_678' title='bbox 2986 4328 3347 4401; x_wconf 75' lang='grc' dir='ltr'>διακαιομένη,</span> <span class='ocrx_word' id='word_1_679' title='bbox 3416 4331 3564 4402; x_wconf 85' lang='grc' dir='ltr'>ἐλαίῳ</span> <span class='ocrx_word' id='word_1_680' title='bbox 3616 4329 3673 4384; x_wconf 77' lang='grc' dir='ltr'>δε</span> <span class='ocrx_word' id='word_1_681' title='bbox 3723 4331 3910 4385; x_wconf 86' lang='grc' dir='ltr'>ἆνωθεν</span> 
     </span>
    </p>
   </div>
   <div class='ocr_carea' id='block_1_80' title="bbox 559 4413 2182 4492">
    <p class='ocr_par' dir='ltr' id='par_1_80' title="bbox 559 4413 2182 4485">
     <span class='ocr_line' id='line_1_80' title="bbox 559 4413 2182 4485; baseline 0.002 -18"><span class='ocrx_word' id='word_1_682' title='bbox 559 4428 843 4467; x_wconf 92' lang='lat' dir='ltr'>accenso:</span> <span class='ocrx_word' id='word_1_683' title='bbox 873 4413 1004 4467; x_wconf 93' lang='lat' dir='ltr'>oleo</span> <span class='ocrx_word' id='word_1_684' title='bbox 1029 4420 1226 4468; x_wconf 87' lang='lat' dir='ltr'>autem</span> <span class='ocrx_word' id='word_1_685' title='bbox 1250 4416 1505 4484; x_wconf 91' lang='lat' dir='ltr'>desuper</span> <span class='ocrx_word' id='word_1_686' title='bbox 1537 4421 1871 4485; x_wconf 86' lang='lat' dir='ltr'>aspersa,et</span> <span class='ocrx_word' id='word_1_687' title='bbox 1892 4416 2182 4471; x_wconf 88' lang='lat' dir='ltr'>ﬂamman</span> 
     </span>
    </p>
   </div>
   <div class='ocr_carea' id='block_1_81' title="bbox 2283 4413 3906 4492">
    <p class='ocr_par' dir='ltr' id='par_1_81' title="bbox 2316 4414 3906 4492">
     <span class='ocr_line' id='line_1_81' title="bbox 2316 4414 3906 4492; baseline 0.003 -23"><span class='ocrx_word' id='word_1_688' title='bbox 2316 4414 2721 4492; x_wconf 77' lang='grc' dir='ltr'>διαϐρεχομένη,</span> <span class='ocrx_word' id='word_1_689' title='bbox 2794 4424 2882 4471; x_wconf 83' lang='grc' dir='ltr'>καὶ</span> <span class='ocrx_word' id='word_1_690' title='bbox 2968 4424 3059 4476; x_wconf 78' lang='grc' dir='ltr'>τὴν</span> <span class='ocrx_word' id='word_1_691' title='bbox 3131 4419 3291 4489; x_wconf 84' lang='grc' dir='ltr'>φλόγα</span> <span class='ocrx_word' id='word_1_692' title='bbox 3362 4417 3537 4481; x_wconf 81' lang='grc' dir='ltr'>δεινῶς</span> <span class='ocrx_word' id='word_1_693' title='bbox 3590 4421 3906 4488; x_wconf 83' lang='grc' dir='ltr'>έξάπτουσα,</span> 
     </span>
    </p>
   </div>
   <div class='ocr_carea' id='block_1_82' title="bbox 560 4501 2183 4581">
    <p class='ocr_par' dir='ltr' id='par_1_82' title="bbox 560 4501 2183 4573">
     <span class='ocr_line' id='line_1_82' title="bbox 560 4501 2183 4573; baseline 0.003 -19"><span class='ocrx_word' id='word_1_694' title='bbox 560 4502 814 4569; x_wconf 85' lang='lat' dir='ltr'>graviter</span> <span class='ocrx_word' id='word_1_695' title='bbox 845 4501 1193 4555; x_wconf 88' lang='lat' dir='ltr'>accendens.</span> <span class='ocrx_word' id='word_1_696' title='bbox 1225 4503 1334 4557; x_wconf 89' lang='lat' dir='ltr'>Sed</span> <span class='ocrx_word' id='word_1_697' title='bbox 1362 4518 1433 4555; x_wconf 89' lang='lat' dir='ltr'>ne</span> <span class='ocrx_word' id='word_1_698' title='bbox 1456 4506 1595 4557; x_wconf 92' lang='lat' dir='ltr'>tunc</span> <span class='ocrx_word' id='word_1_699' title='bbox 1620 4502 2074 4573; x_wconf 29' lang='lat' dir='ltr'>quidem‘gratia</span> <span class='ocrx_word' id='word_1_700' title='bbox 2100 4521 2183 4559; x_wconf 89' lang='lat' dir='ltr'>ne-</span> 
     </span>
    </p>
   </div>
   <div class='ocr_carea' id='block_1_83' title="bbox 2287 4501 3910 4581">
    <p class='ocr_par' dir='ltr' id='par_1_83' title="bbox 2317 4505 3910 4581">
     <span class='ocr_line' id='line_1_83' title="bbox 2317 4505 3910 4581; baseline 0.003 -24"><span class='ocrx_word' id='word_1_701' title='bbox 2317 4506 2451 4563; x_wconf 80' lang='grc' dir='ltr'>Πλὴν</span> <span class='ocrx_word' id='word_1_702' title='bbox 2505 4505 2627 4559; x_wconf 71' lang='grc' dir='ltr'>οὐδὲ</span> <span class='ocrx_word' id='word_1_703' title='bbox 2682 4514 2793 4560; x_wconf 87' lang='grc' dir='ltr'>τότε</span> <span class='ocrx_word' id='word_1_704' title='bbox 2857 4516 2947 4559; x_wconf 88' lang='grc' dir='ltr'>τοῦ</span> <span class='ocrx_word' id='word_1_705' title='bbox 3000 4509 3262 4581; x_wconf 84' lang='grc' dir='ltr'>μάρτυρος</span> <span class='ocrx_word' id='word_1_706' title='bbox 3314 4511 3343 4567; x_wconf 77' lang='grc' dir='ltr'>ἡ</span> <span class='ocrx_word' id='word_1_707' title='bbox 3385 4512 3547 4580; x_wconf 86' lang='grc' dir='ltr'>χάρις</span> <span class='ocrx_word' id='word_1_708' title='bbox 3601 4510 3797 4581; x_wconf 82' lang='grc' dir='ltr'>ὴμέλει’</span> <span class='ocrx_word' id='word_1_709' title='bbox 3849 4514 3910 4569; x_wconf 84' lang='grc' dir='ltr'>ὡς</span> 
     </span>
    </p>
   </div>
   <div class='ocr_carea' id='block_1_84' title="bbox 560 4588 2183 4670">
    <p class='ocr_par' dir='ltr' id='par_1_84' title="bbox 560 4588 2183 4663">
     <span class='ocr_line' id='line_1_84' title="bbox 560 4588 2183 4663; baseline 0.003 -21"><span class='ocrx_word' id='word_1_710' title='bbox 560 4588 742 4658; x_wconf 85' lang='lat' dir='ltr'>glexit</span> <span class='ocrx_word' id='word_1_711' title='bbox 776 4592 1095 4659; x_wconf 88' lang='lat' dir='ltr'>martyrem</span> <span class='ocrx_word' id='word_1_712' title='bbox 1127 4589 1258 4643; x_wconf 91' lang='lat' dir='ltr'>:sed</span> <span class='ocrx_word' id='word_1_713' title='bbox 1281 4590 1651 4662; x_wconf 90' lang='lat' dir='ltr'>simulatque</span> <span class='ocrx_word' id='word_1_714' title='bbox 1673 4590 1777 4646; x_wconf 89' lang='lat' dir='ltr'>fuit</span> <span class='ocrx_word' id='word_1_715' title='bbox 1806 4592 1935 4662; x_wconf 91' lang='lat' dir='ltr'>ipse</span> <span class='ocrx_word' id='word_1_716' title='bbox 1961 4592 2183 4663; x_wconf 39' lang='lat' dir='ltr'>imposi&#39;</span> 
     </span>
    </p>
   </div>
   <div class='ocr_carea' id='block_1_85' title="bbox 2281 4588 3904 4670">
    <p class='ocr_par' dir='ltr' id='par_1_85' title="bbox 2310 4594 3904 4670">
     <span class='ocr_line' id='line_1_85' title="bbox 2310 4594 3904 4670; baseline 0.004 -25"><span class='ocrx_word' id='word_1_717' title='bbox 2310 4598 2409 4666; x_wconf 81' lang='grc' dir='ltr'>γὰρ</span> <span class='ocrx_word' id='word_1_718' title='bbox 2460 4594 2720 4648; x_wconf 72' lang='grc' dir='ltr'>ἐπετίθετο</span> <span class='ocrx_word' id='word_1_719' title='bbox 2761 4604 2821 4668; x_wconf 77' lang='grc' dir='ltr'>τῇ</span> <span class='ocrx_word' id='word_1_720' title='bbox 2856 4595 3083 4669; x_wconf 80' lang='grc' dir='ltr'>ἐσχάρᾳ,</span> <span class='ocrx_word' id='word_1_721' title='bbox 3132 4600 3189 4649; x_wconf 87' lang='grc' dir='ltr'>τὸ</span> <span class='ocrx_word' id='word_1_722' title='bbox 3229 4604 3330 4670; x_wconf 90' lang='grc' dir='ltr'>πῦρ</span> <span class='ocrx_word' id='word_1_723' title='bbox 3384 4596 3568 4658; x_wconf 76' lang='grc' dir='ltr'>εὐθέως</span> <span class='ocrx_word' id='word_1_724' title='bbox 3620 4597 3904 4665; x_wconf 77' lang='grc' dir='ltr'>ἐσϐέννυτο,</span> 
     </span>
    </p>
   </div>
   <div class='ocr_carea' id='block_1_86' title="bbox 557 4676 2180 4759">
    <p class='ocr_par' dir='ltr' id='par_1_86' title="bbox 557 4676 2177 4747">
     <span class='ocr_line' id='line_1_86' title="bbox 557 4676 2177 4747; baseline 0.002 -14"><span class='ocrx_word' id='word_1_725' title='bbox 557 4684 655 4733; x_wconf 87' lang='lat' dir='ltr'>tus</span> <span class='ocrx_word' id='word_1_726' title='bbox 684 4676 999 4740; x_wconf 84' lang='lat' dir='ltr'>craticulae,</span> <span class='ocrx_word' id='word_1_727' title='bbox 1033 4678 1183 4747; x_wconf 83' lang='lat' dir='ltr'>ignis</span> <span class='ocrx_word' id='word_1_728' title='bbox 1212 4678 1407 4733; x_wconf 91' lang='lat' dir='ltr'>statim</span> <span class='ocrx_word' id='word_1_729' title='bbox 1428 4678 1531 4734; x_wconf 86' lang='lat' dir='ltr'>fuit</span> <span class='ocrx_word' id='word_1_730' title='bbox 1552 4680 1894 4747; x_wconf 90' lang='lat' dir='ltr'>exstinctus,</span> <span class='ocrx_word' id='word_1_731' title='bbox 1922 4686 1977 4735; x_wconf 90' lang='lat' dir='ltr'>et</span> <span class='ocrx_word' id='word_1_732' title='bbox 1997 4682 2177 4737; x_wconf 90' lang='lat' dir='ltr'>carbo</span> 
     </span>
    </p>
   </div>
   <div class='ocr_carea' id='block_1_87' title="bbox 2281 4676 3904 4759">
    <p class='ocr_par' dir='ltr' id='par_1_87' title="bbox 2310 4683 3904 4759">
     <span class='ocr_line' id='line_1_87' title="bbox 2310 4683 3904 4759; baseline 0.003 -26"><span class='ocrx_word' id='word_1_733' title='bbox 2310 4690 2396 4735; x_wconf 84' lang='grc' dir='ltr'>καὶ</span> <span class='ocrx_word' id='word_1_734' title='bbox 2444 4686 2492 4736; x_wconf 84' lang='grc' dir='ltr'>οἱ</span> <span class='ocrx_word' id='word_1_735' title='bbox 2536 4686 2780 4758; x_wconf 81' lang='grc' dir='ltr'>ἄνθρακες</span> <span class='ocrx_word' id='word_1_736' title='bbox 2836 4683 3186 4756; x_wconf 86' lang='grc' dir='ltr'>ἐμαραίνοντο·</span> <span class='ocrx_word' id='word_1_737' title='bbox 3235 4687 3263 4743; x_wconf 81' lang='grc' dir='ltr'>ἡ</span> <span class='ocrx_word' id='word_1_738' title='bbox 3313 4684 3521 4759; x_wconf 71' lang='grc' dir='ltr'>ἐσχάρα</span> <span class='ocrx_word' id='word_1_739' title='bbox 3562 4683 3639 4752; x_wconf 74' lang='grc' dir='ltr'>δε,</span> <span class='ocrx_word' id='word_1_740' title='bbox 3684 4690 3751 4749; x_wconf 84' lang='grc' dir='ltr'>ὡς</span> <span class='ocrx_word' id='word_1_741' title='bbox 3816 4689 3904 4741; x_wconf 82' lang='grc' dir='ltr'>οῦκ</span> 
     </span>
    </p>
   </div>
   <div class='ocr_carea' id='block_1_88' title="bbox 554 4766 2177 4846">
    <p class='ocr_par' dir='ltr' id='par_1_88' title="bbox 554 4766 2177 4840">
     <span class='ocr_line' id='line_1_88' title="bbox 554 4766 2177 4840; baseline 0.002 -19"><span class='ocrx_word' id='word_1_742' title='bbox 554 4782 659 4821; x_wconf 89' lang='lat' dir='ltr'>nes</span> <span class='ocrx_word' id='word_1_743' title='bbox 706 4771 1121 4821; x_wconf 87' lang='lat' dir='ltr'>emarcuerunt</span> <span class='ocrx_word' id='word_1_744' title='bbox 1153 4766 1469 4822; x_wconf 89' lang='lat' dir='ltr'>:craticula</span> <span class='ocrx_word' id='word_1_745' title='bbox 1516 4783 1673 4836; x_wconf 87' lang='lat' dir='ltr'>vero,</span> <span class='ocrx_word' id='word_1_746' title='bbox 1729 4774 2017 4840; x_wconf 91' lang='lat' dir='ltr'>tanquam</span> <span class='ocrx_word' id='word_1_747' title='bbox 2076 4786 2177 4827; x_wconf 79' lang='lat' dir='ltr'>nor</span> 
     </span>
    </p>
   </div>
   <div class='ocr_carea' id='block_1_89' title="bbox 2282 4766 3905 4846">
    <p class='ocr_par' dir='ltr' id='par_1_89' title="bbox 2309 4770 3905 4846">
     <span class='ocr_line' id='line_1_89' title="bbox 2309 4770 3905 4846; baseline 0.003 -23"><span class='ocrx_word' id='word_1_748' title='bbox 2309 4770 2477 4824; x_wconf 84' lang='grc' dir='ltr'>ἐλαίου</span> <span class='ocrx_word' id='word_1_749' title='bbox 2528 4773 2715 4844; x_wconf 77' lang='grc' dir='ltr'>μᾶλλον</span> <span class='ocrx_word' id='word_1_750' title='bbox 2766 4772 2869 4824; x_wconf 83' lang='grc' dir='ltr'>ἀλλ’</span> <span class='ocrx_word' id='word_1_751' title='bbox 2923 4770 3115 4835; x_wconf 71' lang='grc' dir='ltr'>ὕδατος</span> <span class='ocrx_word' id='word_1_752' title='bbox 3163 4772 3530 4845; x_wconf 78' lang='grc' dir='ltr'>ἐπιχεομένου,</span> <span class='ocrx_word' id='word_1_753' title='bbox 3585 4774 3775 4846; x_wconf 69' lang='grc' dir='ltr'>ψυχρὰ</span> <span class='ocrx_word' id='word_1_754' title='bbox 3819 4780 3905 4828; x_wconf 84' lang='grc' dir='ltr'>καὶ</span> 
     </span>
    </p>
   </div>
   <div class='ocr_carea' id='block_1_90' title="bbox 555 4854 2178 4937">
    <p class='ocr_par' dir='ltr' id='par_1_90' title="bbox 555 4854 2178 4929">
     <span class='ocr_line' id='line_1_90' title="bbox 555 4854 2178 4929; baseline 0.004 -21"><span class='ocrx_word' id='word_1_755' title='bbox 555 4854 772 4918; x_wconf 89' lang='lat' dir='ltr'>oleum,</span> <span class='ocrx_word' id='word_1_756' title='bbox 800 4855 901 4909; x_wconf 89' lang='lat' dir='ltr'>sed</span> <span class='ocrx_word' id='word_1_757' title='bbox 933 4870 1091 4925; x_wconf 89' lang='lat' dir='ltr'>aqua</span> <span class='ocrx_word' id='word_1_758' title='bbox 1114 4854 1303 4924; x_wconf 92' lang='lat' dir='ltr'>potius</span> <span class='ocrx_word' id='word_1_759' title='bbox 1328 4854 1583 4927; x_wconf 89' lang='lat' dir='ltr'>desuper</span> <span class='ocrx_word' id='word_1_760' title='bbox 1612 4856 1791 4911; x_wconf 91' lang='lat' dir='ltr'>fuisse</span> <span class='ocrx_word' id='word_1_761' title='bbox 1819 4856 2035 4924; x_wconf 88' lang='lat' dir='ltr'>infusa,</span> <span class='ocrx_word' id='word_1_762' title='bbox 2069 4860 2178 4929; x_wconf 70' lang='lat' dir='ltr'>ipsa</span> 
     </span>
    </p>
   </div>
   <div class='ocr_carea' id='block_1_91' title="bbox 2281 4854 3904 4937">
    <p class='ocr_par' dir='ltr' id='par_1_91' title="bbox 2309 4858 3904 4937">
     <span class='ocr_line' id='line_1_91' title="bbox 2309 4858 3904 4937; baseline 0.003 -26"><span class='ocrx_word' id='word_1_763' title='bbox 2309 4861 2436 4918; x_wconf 74' lang='grc' dir='ltr'>αύτὴ</span> <span class='ocrx_word' id='word_1_764' title='bbox 2497 4858 2577 4925; x_wconf 73' lang='grc' dir='ltr'>ἦν,</span> <span class='ocrx_word' id='word_1_765' title='bbox 2628 4870 2799 4913; x_wconf 86' lang='grc' dir='ltr'>κακῶν</span> <span class='ocrx_word' id='word_1_766' title='bbox 2850 4861 3023 4920; x_wconf 80' lang='grc' dir='ltr'>ἀπαθῆ</span> <span class='ocrx_word' id='word_1_767' title='bbox 3089 4860 3417 4937; x_wconf 77' lang='grc' dir='ltr'>διατηροῦσα</span> <span class='ocrx_word' id='word_1_768' title='bbox 3478 4866 3564 4915; x_wconf 87' lang='grc' dir='ltr'>τὸν</span> <span class='ocrx_word' id='word_1_769' title='bbox 3616 4864 3785 4935; x_wconf 76' lang='grc' dir='ltr'>ἅγιον.</span> <span class='ocrx_word' id='word_1_770' title='bbox 3845 4869 3904 4918; x_wconf 80' lang='grc' dir='ltr'>Τί</span> 
     </span>
    </p>
   </div>
   <div class='ocr_carea' id='block_1_92' title="bbox 554 4942 2177 5025">
    <p class='ocr_par' dir='ltr' id='par_1_92' title="bbox 554 4942 2172 5012">
     <span class='ocr_line' id='line_1_92' title="bbox 554 4942 2172 5012; baseline 0.005 -17"><span class='ocrx_word' id='word_1_771' title='bbox 554 4957 787 5012; x_wconf 90' lang='lat' dir='ltr'>quoque</span> <span class='ocrx_word' id='word_1_772' title='bbox 818 4947 943 4997; x_wconf 92' lang='lat' dir='ltr'>erat</span> <span class='ocrx_word' id='word_1_773' title='bbox 972 4942 1197 5011; x_wconf 88' lang='lat' dir='ltr'>frigida,</span> <span class='ocrx_word' id='word_1_774' title='bbox 1234 4947 1507 4998; x_wconf 87' lang='lat' dir='ltr'>sanctum</span> <span class='ocrx_word' id='word_1_775' title='bbox 1541 4960 1895 5001; x_wconf 90' lang='lat' dir='ltr'>conservans</span> <span class='ocrx_word' id='word_1_776' title='bbox 1921 4946 2172 5003; x_wconf 70' lang='lat' dir='ltr'>illaesum</span> 
     </span>
    </p>
   </div>
   <div class='ocr_carea' id='block_1_93' title="bbox 2281 4942 3904 5025">
    <p class='ocr_par' dir='ltr' id='par_1_93' title="bbox 2309 4945 3904 5025">
     <span class='ocr_line' id='line_1_93' title="bbox 2309 4945 3904 5025; baseline 0.003 -25"><span class='ocrx_word' id='word_1_777' title='bbox 2309 4945 2367 5000; x_wconf 79' lang='grc' dir='ltr'>δέ</span> <span class='ocrx_word' id='word_1_778' title='bbox 2400 4949 2749 5014; x_wconf 85' lang='grc' dir='ltr'>;συνέσϐεστο</span> <span class='ocrx_word' id='word_1_779' title='bbox 2780 4953 2973 5010; x_wconf 81' lang='grc' dir='ltr'>τούτοις</span> <span class='ocrx_word' id='word_1_780' title='bbox 3016 4952 3115 5025; x_wconf 67' lang='grc' dir='ltr'>εἶρα</span> <span class='ocrx_word' id='word_1_781' title='bbox 3166 4956 3253 5002; x_wconf 89' lang='grc' dir='ltr'>καὶ</span> <span class='ocrx_word' id='word_1_782' title='bbox 3303 4952 3327 5002; x_wconf 92' lang='lat'>6</span> <span class='ocrx_word' id='word_1_783' title='bbox 3372 4958 3464 5003; x_wconf 84' lang='grc' dir='ltr'>τοῦ</span> <span class='ocrx_word' id='word_1_784' title='bbox 3514 4950 3768 5023; x_wconf 81' lang='grc' dir='ltr'>βασιλέως</span> <span class='ocrx_word' id='word_1_785' title='bbox 3819 4955 3904 5005; x_wconf 92' lang='grc' dir='ltr'>θυ-</span> 
     </span>
    </p>
   </div>
   <div class='ocr_carea' id='block_1_94' title="bbox 556 5028 2179 5111">
    <p class='ocr_par' dir='ltr' id='par_1_94' title="bbox 556 5028 2179 5105">
     <span class='ocr_line' id='line_1_94' title="bbox 556 5028 2179 5105; baseline 0.005 -23"><span class='ocrx_word' id='word_1_786' title='bbox 556 5028 709 5093; x_wconf 89' lang='lat' dir='ltr'>Quid</span> <span class='ocrx_word' id='word_1_787' title='bbox 727 5046 865 5086; x_wconf 87' lang='lat' dir='ltr'>vero</span> <span class='ocrx_word' id='word_1_788' title='bbox 878 5032 906 5087; x_wconf 73' lang='lat'><strong>7</strong></span> <span class='ocrx_word' id='word_1_789' title='bbox 923 5047 1060 5086; x_wconf 91' lang='lat' dir='ltr'>cum</span> <span class='ocrx_word' id='word_1_790' title='bbox 1079 5031 1241 5086; x_wconf 88' lang='lat' dir='ltr'>hisne</span> <span class='ocrx_word' id='word_1_791' title='bbox 1262 5031 1365 5087; x_wconf 88' lang='lat' dir='ltr'>fuit</span> <span class='ocrx_word' id='word_1_792' title='bbox 1389 5032 2179 5105; x_wconf 55' lang='lat' dir='ltr'>exstinctairaimperatorisf</span> 
     </span>
    </p>
   </div>
   <div class='ocr_carea' id='block_1_95' title="bbox 2279 5028 3902 5111">
    <p class='ocr_par' dir='ltr' id='par_1_95' title="bbox 2306 5036 3902 5111">
     <span class='ocr_line' id='line_1_95' title="bbox 2306 5036 3902 5111; baseline 0.003 -22"><span class='ocrx_word' id='word_1_793' title='bbox 2306 5039 2751 5109; x_wconf 75' lang='grc' dir='ltr'>μός;ούμενοῦν’</span> <span class='ocrx_word' id='word_1_794' title='bbox 2853 5036 3005 5100; x_wconf 84' lang='grc' dir='ltr'>αὖθις</span> <span class='ocrx_word' id='word_1_795' title='bbox 3094 5043 3192 5111; x_wconf 77' lang='grc' dir='ltr'>γὰρ</span> <span class='ocrx_word' id='word_1_796' title='bbox 3292 5039 3566 5111; x_wconf 73' lang='grc' dir='ltr'>ἐνεχθῆναι</span> <span class='ocrx_word' id='word_1_797' title='bbox 3682 5047 3902 5111; x_wconf 76' lang='grc' dir='ltr'>τήγανον</span> 
     </span>
    </p>
   </div>
   <div class='ocr_carea' id='block_1_96' title="bbox 556 5119 2179 5204">
    <p class='ocr_par' dir='ltr' id='par_1_96' title="bbox 556 5119 2179 5191">
     <span class='ocr_line' id='line_1_96' title="bbox 556 5119 2179 5191; baseline 0.005 -20"><span class='ocrx_word' id='word_1_798' title='bbox 556 5119 943 5189; x_wconf 86' lang='lat' dir='ltr'>Nequaquam</span> <span class='ocrx_word' id='word_1_799' title='bbox 979 5140 990 5173; x_wconf 90' lang='lat'>:</span> <span class='ocrx_word' id='word_1_800' title='bbox 1020 5119 1123 5174; x_wconf 90' lang='lat' dir='ltr'>sed</span> <span class='ocrx_word' id='word_1_801' title='bbox 1163 5120 1326 5174; x_wconf 90' lang='lat' dir='ltr'>rabie</span> <span class='ocrx_word' id='word_1_802' title='bbox 1367 5120 1547 5175; x_wconf 94' lang='lat' dir='ltr'>semel</span> <span class='ocrx_word' id='word_1_803' title='bbox 1579 5121 1852 5191; x_wconf 88' lang='lat' dir='ltr'>percitus,</span> <span class='ocrx_word' id='word_1_804' title='bbox 1887 5128 1943 5177; x_wconf 93' lang='lat' dir='ltr'>et</span> <span class='ocrx_word' id='word_1_805' title='bbox 1975 5123 2051 5177; x_wconf 89' lang='lat' dir='ltr'>ad</span> <span class='ocrx_word' id='word_1_806' title='bbox 2081 5124 2179 5179; x_wconf 70' lang='lat' dir='ltr'>alia</span> 
     </span>
    </p>
   </div>
   <div class='ocr_carea' id='block_1_97' title="bbox 2278 5119 3901 5204">
    <p class='ocr_par' dir='ltr' id='par_1_97' title="bbox 2304 5128 3901 5204">
     <span class='ocr_line' id='line_1_97' title="bbox 2304 5128 3901 5204; baseline 0.004 -28"><span class='ocrx_word' id='word_1_807' title='bbox 2304 5128 2633 5198; x_wconf 88' lang='grc' dir='ltr'>προστάττει,</span> <span class='ocrx_word' id='word_1_808' title='bbox 2690 5133 2846 5199; x_wconf 91' lang='grc' dir='ltr'>κηρόν</span> <span class='ocrx_word' id='word_1_809' title='bbox 2916 5148 2968 5179; x_wconf 89' lang='grc' dir='ltr'>τε</span> <span class='ocrx_word' id='word_1_810' title='bbox 3034 5134 3117 5180; x_wconf 80' lang='grc' dir='ltr'>καὶ</span> <span class='ocrx_word' id='word_1_811' title='bbox 3195 5133 3411 5194; x_wconf 80' lang='grc' dir='ltr'>πίσσαν,</span> <span class='ocrx_word' id='word_1_812' title='bbox 3497 5134 3586 5180; x_wconf 80' lang='grc' dir='ltr'>καὶ</span> <span class='ocrx_word' id='word_1_813' title='bbox 3642 5134 3797 5204; x_wconf 87' lang='grc' dir='ltr'>στέαρ</span> <span class='ocrx_word' id='word_1_814' title='bbox 3857 5131 3901 5183; x_wconf 73' lang='grc' dir='ltr'>ἐν</span> 
     </span>
    </p>
   </div>
   <div class='ocr_carea' id='block_1_98' title="bbox 552 5204 2175 5289">
    <p class='ocr_par' dir='ltr' id='par_1_98' title="bbox 552 5204 2175 5280">
     <span class='ocr_line' id='line_1_98' title="bbox 552 5204 2175 5280; baseline 0.006 -23"><span class='ocrx_word' id='word_1_815' title='bbox 552 5204 797 5274; x_wconf 89' lang='lat' dir='ltr'>quidem</span> <span class='ocrx_word' id='word_1_816' title='bbox 846 5207 1026 5262; x_wconf 91' lang='lat' dir='ltr'>nihilo</span> <span class='ocrx_word' id='word_1_817' title='bbox 1060 5207 1271 5263; x_wconf 91' lang='lat' dir='ltr'>melius</span> <span class='ocrx_word' id='word_1_818' title='bbox 1313 5207 1578 5274; x_wconf 73' lang='lat' dir='ltr'>affectus,</span> <span class='ocrx_word' id='word_1_819' title='bbox 1624 5225 1810 5280; x_wconf 92' lang='lat' dir='ltr'>quam</span> <span class='ocrx_word' id='word_1_820' title='bbox 1842 5226 2073 5265; x_wconf 71' lang='lat' dir='ltr'>caecus:</span> <span class='ocrx_word' id='word_1_821' title='bbox 2118 5228 2175 5266; x_wconf 84' lang='lat' dir='ltr'>ac</span> 
     </span>
    </p>
   </div>
   <div class='ocr_carea' id='block_1_99' title="bbox 2277 5204 3900 5289">
    <p class='ocr_par' dir='ltr' id='par_1_99' title="bbox 2305 5212 3900 5289">
     <span class='ocr_line' id='line_1_99' title="bbox 2305 5212 3900 5289; baseline 0.006 -26"><span class='ocrx_word' id='word_1_822' title='bbox 2305 5214 2445 5283; x_wconf 72' lang='grc' dir='ltr'>αὐτῷ</span> <span class='ocrx_word' id='word_1_823' title='bbox 2498 5212 2833 5285; x_wconf 81' lang='grc' dir='ltr'>ἐμϐληθῆναι,</span> <span class='ocrx_word' id='word_1_824' title='bbox 2881 5221 3007 5289; x_wconf 87' lang='grc' dir='ltr'>πυρί</span> <span class='ocrx_word' id='word_1_825' title='bbox 3052 5213 3110 5268; x_wconf 75' lang='grc' dir='ltr'>δὲ</span> <span class='ocrx_word' id='word_1_826' title='bbox 3157 5216 3323 5286; x_wconf 84' lang='grc' dir='ltr'>πολλῷ</span> <span class='ocrx_word' id='word_1_827' title='bbox 3373 5215 3619 5274; x_wconf 81' lang='grc' dir='ltr'>ἔκκαῆναι</span> <span class='ocrx_word' id='word_1_828' title='bbox 3678 5220 3900 5272; x_wconf 80' lang='grc' dir='ltr'>κάτωθεν</span> 
     </span>
    </p>
   </div>
   <div class='ocr_carea' id='block_1_100' title="bbox 553 5292 2176 5382">
    <p class='ocr_par' dir='ltr' id='par_1_100' title="bbox 553 5292 2176 5367">
     <span class='ocr_line' id='line_1_100' title="bbox 553 5292 2176 5367; baseline 0.005 -21"><span class='ocrx_word' id='word_1_829' title='bbox 553 5292 669 5347; x_wconf 93' lang='lat' dir='ltr'>hoc</span> <span class='ocrx_word' id='word_1_830' title='bbox 697 5298 897 5349; x_wconf 90' lang='lat' dir='ltr'>autem</span> <span class='ocrx_word' id='word_1_831' title='bbox 912 5295 1104 5351; x_wconf 92' lang='lat' dir='ltr'>solum</span> <span class='ocrx_word' id='word_1_832' title='bbox 1132 5297 1379 5361; x_wconf 91' lang='lat' dir='ltr'>intuens,</span> <span class='ocrx_word' id='word_1_833' title='bbox 1398 5301 1462 5353; x_wconf 88' lang='lat' dir='ltr'>ut</span> <span class='ocrx_word' id='word_1_834' title='bbox 1486 5298 1599 5353; x_wconf 91' lang='lat' dir='ltr'>diis</span> <span class='ocrx_word' id='word_1_835' title='bbox 1625 5299 1748 5353; x_wconf 92' lang='lat' dir='ltr'>suis</span> <span class='ocrx_word' id='word_1_836' title='bbox 1767 5299 2176 5367; x_wconf 60' lang='lat' dir='ltr'>gratiﬁcari-tui</span> 
     </span>
    </p>
   </div>
   <div class='ocr_carea' id='block_1_101' title="bbox 2275 5292 3898 5382">
    <p class='ocr_par' dir='ltr' id='par_1_101' title="bbox 2304 5301 3898 5382">
     <span class='ocr_line' id='line_1_101' title="bbox 2304 5301 3898 5382; baseline 0.004 -29"><span class='ocrx_word' id='word_1_837' title='bbox 2304 5307 2393 5353; x_wconf 82' lang='grc' dir='ltr'>καὶ</span> <span class='ocrx_word' id='word_1_838' title='bbox 2443 5303 2599 5363; x_wconf 74' lang='grc' dir='ltr'>οὕτως</span> <span class='ocrx_word' id='word_1_839' title='bbox 2648 5303 2695 5354; x_wconf 74' lang='grc' dir='ltr'>ἓν</span> <span class='ocrx_word' id='word_1_840' title='bbox 2747 5304 2886 5373; x_wconf 71' lang='grc' dir='ltr'>αὐτῷ</span> <span class='ocrx_word' id='word_1_841' title='bbox 2934 5305 3085 5356; x_wconf 86' lang='grc' dir='ltr'>πάλιν</span> <span class='ocrx_word' id='word_1_842' title='bbox 3148 5301 3462 5362; x_wconf 77' lang='grc' dir='ltr'>διαταθῆναι</span> <span class='ocrx_word' id='word_1_843' title='bbox 3504 5308 3590 5356; x_wconf 87' lang='grc' dir='ltr'>τὸν</span> <span class='ocrx_word' id='word_1_844' title='bbox 3635 5308 3898 5382; x_wconf 87' lang='grc' dir='ltr'>μάρτυρα.</span> 
     </span>
    </p>
   </div>
   <div class='ocr_carea' id='block_1_102' title="bbox 554 5379 2177 5467">
    <p class='ocr_par' dir='ltr' id='par_1_102' title="bbox 554 5379 2177 5457">
     <span class='ocr_line' id='line_1_102' title="bbox 554 5379 2177 5457; baseline 0.006 -22"><span class='ocrx_word' id='word_1_845' title='bbox 554 5379 616 5435; x_wconf 90' lang='lat' dir='ltr'>in</span> <span class='ocrx_word' id='word_1_846' title='bbox 634 5384 842 5436; x_wconf 86' lang='lat' dir='ltr'>sancto</span> <span class='ocrx_word' id='word_1_847' title='bbox 859 5383 1183 5453; x_wconf 90' lang='lat' dir='ltr'>puniendo,</span> <span class='ocrx_word' id='word_1_848' title='bbox 1202 5385 1550 5457; x_wconf 89' lang='lat' dir='ltr'>quiquidem</span> <span class='ocrx_word' id='word_1_849' title='bbox 1566 5386 1963 5444; x_wconf 91' lang='lat' dir='ltr'>suntomnino</span> <span class='ocrx_word' id='word_1_850' title='bbox 1980 5386 2177 5445; x_wconf 34' lang='lat' dir='ltr'>daemo&#39;</span> 
     </span>
    </p>
   </div>
   <div class='ocr_carea' id='block_1_103' title="bbox 2271 5379 3894 5467">
    <p class='ocr_par' dir='ltr' id='par_1_103' title="bbox 2304 5388 3894 5467">
     <span class='ocr_line' id='line_1_103' title="bbox 2304 5388 3894 5467; baseline 0.004 -26"><span class='ocrx_word' id='word_1_851' title='bbox 2304 5397 2376 5452; x_wconf 85' lang='grc' dir='ltr'>Ως</span> <span class='ocrx_word' id='word_1_852' title='bbox 2419 5388 2505 5443; x_wconf 77' lang='grc' dir='ltr'>οὖν</span> <span class='ocrx_word' id='word_1_853' title='bbox 2560 5394 2702 5467; x_wconf 82' lang='grc' dir='ltr'>ἔργον</span> <span class='ocrx_word' id='word_1_854' title='bbox 2745 5396 2920 5463; x_wconf 82' lang='grc' dir='ltr'>γέγονε</span> <span class='ocrx_word' id='word_1_855' title='bbox 2972 5397 3030 5445; x_wconf 88' lang='grc' dir='ltr'>τό</span> <span class='ocrx_word' id='word_1_856' title='bbox 3077 5393 3486 5465; x_wconf 74' lang='grc' dir='ltr'>κεκελευσμένον,</span> <span class='ocrx_word' id='word_1_857' title='bbox 3542 5398 3630 5445; x_wconf 80' lang='grc' dir='ltr'>καὶ</span> <span class='ocrx_word' id='word_1_858' title='bbox 3697 5398 3755 5446; x_wconf 90' lang='grc' dir='ltr'>τὸ</span> <span class='ocrx_word' id='word_1_859' title='bbox 3809 5402 3894 5456; x_wconf 83' lang='grc' dir='ltr'>τή-</span> 
     </span>
    </p>
   </div>
   <div class='ocr_carea' id='block_1_104' title="bbox 627 5522 1478 5585">
    <p class='ocr_par' dir='ltr' id='par_1_104' title="bbox 627 5522 1478 5585">
     <span class='ocr_line' id='line_1_104' title="bbox 627 5522 1478 5585; baseline 0.008 -7"><span class='ocrx_word' id='word_1_860' title='bbox 627 5524 651 5559; x_wconf 79' lang='grc'>⁴</span> <span class='ocrx_word' id='word_1_861' title='bbox 679 5522 861 5579; x_wconf 87' lang='lat' dir='ltr'>Galat.</span> <span class='ocrx_word' id='word_1_862' title='bbox 905 5542 981 5580; x_wconf 80' lang='lat' dir='ltr'>v1.</span> <span class='ocrx_word' id='word_1_863' title='bbox 1058 5528 1079 5561; x_wconf 83' lang='grc'><strong><em>⁵</em></strong></span> <span class='ocrx_word' id='word_1_864' title='bbox 1114 5527 1260 5585; x_wconf 81' lang='lat' dir='ltr'>Psal.</span> <span class='ocrx_word' id='word_1_865' title='bbox 1301 5544 1478 5585; x_wconf 79' lang='lat' dir='ltr'>cxuv.</span> 
     </span>
    </p>
   </div>
  </div>
