4110 6272
199 327 300 385 133

1512 339 1672 395 VITA
1717 341 1776 397 S.
1819 340 2246 399 ELEUTHERII

3451 349 3551 404 134

194 472 350 524 γανον
372 453 483 505 ὅλον
515 451 847 526 ἀνθρακῶδες
912 453 993 523 ἦν,
1049 458 1229 513 ἵστατο
1288 458 1346 514 δὲ
1383 468 1473 516 καὶ
1526 466 1551 516 ὁ
1600 468 1796 539 μάρτυς

1916 482 2007 522 nes
2035 467 2372 534 homicidia,
2405 483 2600 524 rursus
2621 469 2790 540 jubet
2815 468 3010 526 afferri
3037 470 3426 540 sartaginem,
3460 489 3549 528 ce-

197 545 292 599 τὴν
339 547 591 616 τιμωρίαν
649 540 1036 617 ύποδεξόμενος,
1101 549 1126 599 ὁ
1181 552 1421 622 τύραννος
1459 552 1621 605 πολλὰ
1667 575 1795 630 παρ-

199 635 409 694 αινέσας
432 631 594 701 αύτῷ,
648 633 906 694 ποικίλαις
953 655 1006 687 τε
1066 637 1332 700 κολακίαις
1379 640 1624 706 ὑπελθὼν,
1686 642 1795 694 ἐπεὶ

202 717 510 772 ἀπειθοῦντα
547 720 699 792 ἐώρα,
760 727 848 774 καὶ
901 725 989 784 τὰς
1025 725 1270 788 κολακίας
1318 727 1587 800 εὐστόχως
1642 729 1796 804 ὕϐρε-

207 827 290 860 σιν
343 806 673 881 ἀμειϐόμενον
725 809 918 880 (λύκον
969 814 1069 888 γὰρ
1110 812 1382 886 ’Δραϐικόν
1440 826 1617 870 τοῦτον
1683 818 1794 870 ἐκά-

201 896 298 964 λει,
329 898 417 949 ἆτε
450 906 556 958 τοῖς
609 905 702 950 τοῦ
760 906 993 974 Χριστοῦ
1035 902 1312 976 προϐάτοις
1359 904 1795 979 ἐπιϐουλεύοντα),

200 993 274 1057 τῷ
303 989 512 1058 τηγάνῳ
555 986 711 1039 αὐτόν
767 987 957 1042 κελεύει
1024 988 1356 1052 διαταθῆναι.
1405 995 1572 1056 Εύθύς
1618 994 1704 1048 οὖν
1734 1000 1798 1049 τὰ

201 1074 332 1127 αὐτὰ
373 1081 476 1135 τοῖς
542 1079 809 1149 προτέροις
875 1076 1226 1145 ἐπηκολούθει,
1285 1087 1375 1134 καὶ
1430 1083 1799 1154 μεταϐάλλεται

200 1167 290 1235 μὲν
321 1164 386 1224 εἰς
419 1160 610 1235 δρόσον
660 1168 718 1216 τὸ
766 1172 891 1239 πῦρ,
932 1170 1068 1231 αὔρα
1121 1166 1180 1222 δέ
1231 1191 1310 1232 τις
1332 1168 1530 1230 ἡδίστη
1577 1176 1660 1225 τόν
1689 1193 1796 1245 γενη

199 1259 338 1304 ναῖον
370 1251 647 1323 ἀνέψυχεν.

1903 572 2152 628 ramque
2183 561 2239 612 et
2264 557 2473 627 picem,
2517 564 2573 612 et
2602 558 2842 629 adipem
2881 559 2941 613 in
2971 575 3104 613 eam
3141 558 3321 629 injici,
3364 561 3550 616 multo

1904 645 2188 714 veroigne
2212 645 2427 703 subtus
2444 645 2709 711 accendi,
2731 651 2785 700 et
2803 646 2883 700 sic
2902 647 2957 699 in
2989 661 3059 700 ea
3085 663 3289 701 rursus
3313 647 3546 703 extendi

1906 737 2248 806 martyrem.
2278 734 2593 806 Postquam
2612 748 2721 802 ego
2757 733 2977 788 factum
3007 735 3132 800 fuit,
3166 734 3326 806 quod
3361 735 3551 792 fuerat

1903 823 2288 891 imperatum,
2321 827 2374 877 et
2418 827 2656 892 sartago
2703 825 2828 876 tota
2881 827 3006 877 erat
3052 822 3315 878 candens
3349 839 3364 876 :
3393 824 3551 878 stetit

1906 917 2104 966 autem
2146 915 2372 982 martyr
2411 925 2653 982 quoque
2694 908 2998 964 subiturus
3036 909 3430 981 supplicium:
3470 914 3550 967 Ne

1905 997 2165 1065 differas,
2197 998 2387 1070 inquit
2415 997 2753 1069 imperator,
2794 1013 2828 1052 ο
2874 997 3185 1064 Eleutheri,
3215 1004 3334 1055 stas
3387 1000 3548 1054 enim

1905 1086 2140 1141 medius
2179 1086 2329 1140 inter
2366 1089 2622 1140 mortem
2649 1090 2705 1140 et
2737 1085 2936 1150 vitam,
2979 1100 3121 1140 cura
3158 1085 3219 1140 id
3249 1085 3415 1156 quod
3443 1085 3550 1142 tibi

1908 1174 2171 1229 futurum
2185 1180 2270 1229 est
2290 1173 2681 1229 conducibile.
2703 1176 2849 1228 Nam
2866 1188 2977 1242 ego
2993 1173 3238 1243 quidem
3264 1188 3548 1243 magnam

1911 1263 1990 1316 tui
2023 1279 2232 1318 curam
2263 1277 2492 1331 gerens,
2523 1278 2595 1318 ne
2627 1263 2776 1316 male
2802 1277 3034 1332 pereas,
3059 1263 3117 1316 in
3149 1265 3201 1317 te
3255 1279 3388 1317 sum
3410 1263 3552 1318 aﬂ‘e-

199 1346 347 1407 ctus,
382 1348 666 1412 tanquam
685 1343 741 1398 in
770 1358 1124 1413 germanum
1151 1349 1338 1404 tilium
1368 1367 1380 1404 :
1410 1365 1519 1405 nec
1540 1352 1755 1406 vellem
1786 1366 1891 1422 per
1914 1351 2079 1416 deos,
2110 1351 2300 1405 virum
2335 1355 2455 1405 tam
2484 1350 2668 1405 nobili
2697 1350 2828 1405 loco
2855 1353 3083 1415 natum,
3109 1355 3164 1405 et
3187 1351 3290 1421 qui
3312 1355 3399 1406 est
3424 1351 3550 1422 ipse

200 1428 352 1484 adeo
381 1429 601 1499 bonus,
636 1436 754 1486 tam
787 1432 1063 1500 disertus,
1097 1442 1152 1490 et
1185 1442 1303 1492 tam
1336 1438 1572 1508 pulchra
1599 1440 1809 1510 specie,
1843 1439 2106 1508 seipsum
2139 1439 2572 1493 inconsiderate
2602 1438 2839 1508 injicere
2878 1437 2937 1492 in
2972 1437 3302 1509 periculum
3332 1458 3346 1498 :
3376 1438 3551 1510 idque

199 1522 443 1588 propter
459 1518 602 1573 nihil
625 1518 784 1574 aliud
802 1536 988 1592 quam
1004 1528 1243 1593 propter
1262 1525 1656 1595 pervicaciam
1675 1542 1891 1581 vanam
1909 1533 1962 1580 et
1980 1527 2266 1580 inutilem.
2286 1529 2604 1596 Postquam
2619 1531 2819 1581 autem
2835 1527 2988 1580 stetit
3016 1531 3240 1597 martyr
3265 1528 3548 1582 adversus

200 1605 327 1660 haec
353 1620 638 1674 generose
664 1607 996 1677 decertans,
1029 1615 1167 1683 apte
1199 1613 1429 1682 probris
1454 1630 1841 1670 remunerans
1872 1614 2210 1677 blanditias,
2247 1617 2302 1668 et
2330 1613 2497 1668 illum
2530 1613 2741 1684 lupum
2771 1612 3082 1684 appellans
3121 1615 3458 1682 Arabicum,
3489 1619 3548 1670 ut

203 1693 299 1764 qui
331 1695 541 1750 ovibus
572 1695 779 1752 Christi
809 1698 1134 1764 insidietur,
1171 1701 1410 1756 tandem
1441 1702 1569 1758 haec
1598 1719 1843 1776 quoque
1872 1702 2087 1772 adjecit
2120 1718 2132 1757 :
2162 1702 2418 1774 Quiquid
2449 1701 2676 1768 feceris,
2710 1717 2832 1757 non
2870 1701 3012 1757 mihi
3047 1702 3458 1772 persuadebis,
3487 1707 3550 1756 ut

204 1781 283 1838 ab
313 1782 421 1838 hac
446 1783 546 1855 pia
575 1789 631 1840 et
659 1785 834 1842 beata
862 1786 1145 1844 desistam
1180 1791 1532 1847 constantia.

293 1880 369 1908 PI

202 1971 610 2042 μεθισταμένων,
673 1970 876 2047 ἀπορῶν
934 1973 1175 2038 ἐκάθητο,
1245 1974 1438 2048 βαθείᾳ
1497 1978 1630 2050 λύπη
1709 1982 1802 2036 τὴν

200 2056 433 2126 γλῶτταν
459 2057 850 2130 πεπεδημένος·
897 2062 949 2113 ὃν
1008 2060 1132 2114 ἰδὼν
1188 2065 1346 2125 οὕτως
1385 2067 1577 2136 ἔχοντα
1632 2068 1656 2117 ό
1703 2086 1801 2125 τη·-

199 2155 420 2198 νικαῦτα
473 2157 562 2208 τῆς
623 2149 810 2209 πόλεως
863 2153 1116 2224 ἔπαρχος,
1177 2157 1412 2226 Κορέμων
1452 2155 1590 2226 αύτῷ
1621 2159 1800 2228 ὄνομα,

202 2231 372 2296 δεινός
410 2230 468 2286 δὲ
506 2236 655 2298 οὗτος
708 2235 977 2308 βασάνους
1032 2239 1250 2314 ἐξευρεῖν
1303 2249 1619 2315 καινοτέρας,
1678 2244 1804 2296 ἀλλὰ

201 2327 292 2374 καὶ
349 2327 411 2374 τὰ
448 2328 581 2374 κατα
637 2329 724 2376 τόν
781 2327 1145 2398 στρατηλάτην
1213 2330 1414 2388 Φίληκα
1464 2335 1662 2403 μαθὼν,
1715 2339 1805 2386 καὶ

202 2408 315 2469 ἤδη
349 2414 437 2482 μὲν
467 2416 743 2484 σπέρματα
794 2422 888 2477 τῆς
934 2425 1033 2468 τῶν
1089 2423 1413 2490 Χριστιανῶν
1459 2426 1686 2482 πίστεως
1735 2423 1806 2484 εἰς

203 2497 433 2575 καρδίαν
469 2498 758 2574 δεξάμενος,
795 2506 872 2555 ἔτι
929 2501 988 2557 δὲ
1038 2514 1136 2557 τῶν
1183 2507 1488 2566 Ἐλληνικών
1537 2508 1801 2581 ἐχόμενος,

204 2593 298 2640 καὶ
353 2598 424 2659 τῷ
483 2587 694 2661 βασιλεί
742 2593 1092 2666 χαριζόμενος
1159 2610 1169 2621 ’
1209 2596 1358 2658 οὗτος
1415 2593 1480 2654 δὴ
1547 2602 1662 2650 τότε
1719 2602 1804 2650 τόν

205 2675 485 2752 Ἀδριανὸν
539 2675 891 2754 διαποροῦντα
938 2684 1088 2756 ὁρῶν,
1129 2684 1425 2756 προσελθών
1467 2707 1479 2718 ·
1542 2686 1673 2758 Ἐγω
1726 2707 1804 2754 σε,

205 2774 362 2839 φησι,
430 2765 670 2839 βασιλεῦ,
736 2767 1010 2832 ἀπαλλάξω
1071 2777 1409 2846 πραγμάτων,
1465 2779 1554 2827 καὶ
1603 2781 1806 2829 τουτονὶ

200 2859 291 2907 τὸν
317 2859 423 2907 νέον
450 2851 654 2918 διδάξω
696 2861 782 2908 τόν
828 2857 1136 2911 ἀπειθοῦντά
1169 2881 1251 2912 σοι
1293 2866 1364 2932 μὴ
1393 2865 1648 2924 τοιούτοις
1694 2863 1805 2915 ἐπι-

202 2949 426 3014 χειρεῖν,
483 2941 610 2994 ἀλλὰ
659 2950 749 2996 καὶ
802 2945 1040 3008 κλίϐανος
1092 2953 1180 3018 μὲν
1238 2948 1500 3018 ἐνεχθήτω
1551 2951 1801 3020 χαλκοῦς,

540 3034 548 3046 ι
605 3031 699 3051 py-
778 3031 790 3046 3
832 3033 844 3051 ν
906 3033 918 3046 ο
975 3036 987 3050 ο

202 3122 552 3189 παγὴτωσαν,
614 3125 703 3172 καὶ
787 3120 903 3192 ὄψει
959 3124 1079 3173 ὅσον
1149 3121 1291 3175 οὓπω
1353 3128 1437 3175 τόν
1499 3125 1807 3197 Ἐλευθέριον

294 1880 393 1953 ς’.
431 1877 706 1955 Ἀδριανός
764 1879 822 1936 δὲ
874 1904 1078 1937 παντων
1132 1890 1270 1957 αύτῴ
1325 1891 1453 1960 πρὸς
1509 1889 1802 1940 τούναντίον

1982 1890 2068 1943 Vl.
2094 1888 2193 1943 Hic
2219 1887 2513 1943 Adrianus
2535 1887 2738 1943 animo
2759 1887 3077 1952 sauciatus,
3100 1887 3289 1942 verbis
3309 1886 3545 1953 relictis,

1913 1977 1989 2034 ad
2022 1978 2176 2033 facta
2207 1992 2266 2031 se
2293 1975 2557 2042 contulit,
2587 1981 2642 2030 et
2668 1975 2836 2046 jubet
2865 1991 3002 2031 eum
3035 1976 3267 2030 extendi
3319 1976 3377 2031 in
3432 1991 3552 2031 sar-

1911 2065 2133 2135 tagine.
2163 2065 2333 2130 Quod
2359 2079 2496 2118 cum
2524 2063 2744 2119 factum
2762 2067 2938 2129 esset,
2957 2063 3186 2132 eadem,
3209 2078 3343 2135 quae
3360 2063 3548 2135 prius,

1911 2171 2117 2210 rursus
2145 2159 2280 2208 sunt
2305 2157 2664 2208 consecuta:
2699 2155 2756 2208 et
2794 2150 2945 2221 ignis
2992 2151 3235 2222 quidem
3289 2156 3553 2207 mutatur

1913 2243 1977 2298 in
2007 2258 2202 2298 rorem
2235 2260 2248 2299 ε
2276 2257 2424 2297 aura
2451 2256 2592 2296 vero
2623 2240 2904 2312 quasdam
2955 2238 3309 2294 suavissima
3340 2239 3551 2295 fortem

1915 2348 1984 2388 ac
2004 2346 2355 2402 generosum
2388 2329 2581 2384 virum
2611 2327 2992 2400 refrigeravit.
3029 2327 3323 2382 Adrianus
3354 2334 3554 2383 autem

1915 2420 2201 2483 nesciens,
2229 2417 2371 2488 quid
2400 2422 2619 2487 ageret,
2662 2432 2799 2471 cum
2838 2417 2887 2470 ei
2929 2419 3297 2471 mutarentur
3352 2416 3556 2472 omnia

1917 2510 1976 2563 in
2007 2506 2390 2571 contrarium,
2427 2504 2675 2561 sedebat
2713 2503 2893 2560 animi
2929 2503 3169 2569 dubius,
3201 2504 3416 2559 bovem
3455 2504 3558 2560 ha-

1917 2597 2064 2652 bens
2114 2595 2172 2650 in
2229 2593 2450 2663 lingua,
2505 2599 2567 2648 ut
2621 2592 2856 2659 dicitur,
2916 2597 2972 2648 et
2999 2592 3268 2662 linguam
3324 2593 3559 2648 vinctus

1915 2684 2214 2758 profundo
2244 2682 2465 2738 dolore.
2496 2683 2683 2747 Quem
2715 2697 2852 2736 cum
2883 2681 3122 2735 vidisset
3153 2681 3234 2735 sic
3279 2679 3558 2736 affectum

1914 2775 1982 2838 is,
1997 2773 2100 2845 qui
2120 2776 2262 2827 tunc
2278 2776 2403 2826 erat
2423 2769 2728 2841 praefectus
2749 2768 2935 2835 urbis,
2957 2769 3194 2824 nomine
3223 2768 3554 2840 Corebo(2),

1913 2863 1988 2917 ad
2021 2877 2175 2916 nova
2205 2858 2563 2914 invenienda
2591 2861 2884 2913 tormenta
2915 2857 3004 2911 vir
3041 2857 3332 2926 egregius,
3363 2861 3421 2911 et
3481 2856 3560 2912 ad

1915 2947 2255 3005 faciendum
2307 2945 2551 3016 aliquid,
2600 2945 2762 3016 quod
2807 2945 3089 3000 adversus
3142 2945 3558 3000 necessitatem

1918 3041 2070 3091 esset
2097 3050 2230 3091 acre
2260 3040 2315 3089 et
2331 3034 2540 3089 efﬁcax
2561 3033 2710 3104 (erat
2756 3037 2954 3088 autem
2985 3032 3561 3102 Christianidogma-

1919 3124 1989 3178 tis
2012 3139 2126 3177 non
2149 3123 2394 3177 omnino
2418 3122 2681 3192 ignarus,
2703 3121 2806 3175 sed
2827 3127 2880 3176 et
2905 3137 3041 3192 quae
3069 3121 3238 3176 Felici
3271 3122 3561 3176 exercitus

203 3206 236 3265 ἦ
286 3207 637 3278 πειθόμενονῆ
681 3215 855 3270 κακῶς
917 3207 1276 3280 ἀπολλύμενον.
1310 3213 1486 3265 Ταῦτα
1544 3209 1601 3264 δε
1652 3213 1806 3284 λέγων

1918 3211 2055 3266 duci
2079 3209 2432 3272 acciderant,
2451 3208 2642 3263 verbis
2663 3215 2996 3279 acceperat,
3013 3215 3070 3264 et
3090 3209 3560 3264 Christianorum

203 3293 451 3346 ἐλάνθανε
506 3298 590 3346 τόν
651 3293 827 3346 λέοντα
883 3295 1050 3368 φοϐεῖν
1115 3297 1346 3368 καλάμου
1414 3299 1639 3370 πληγαῖς
1703 3302 1806 3353 οἰό-

208 3401 380 3453 μενος.
430 3388 608 3453 Ὅμως
647 3386 838 3456 ἤρεσκε
904 3392 1068 3437 ταῦτα
1150 3394 1221 3456 τῷ
1279 3385 1507 3458 βασιλεῖ,
1570 3393 1661 3441 καί
1724 3394 1810 3442 τὸν

211 3475 596 3543 μηχανήματος
656 3469 862 3544 σπουδῇ
924 3473 1263 3538 τελεσθέντος,
1314 3476 1446 3547 ἄρας
1483 3480 1598 3538 τοὺς
1629 3498 1809 3549 φαινο-

213 3563 393 3632 μένους
444 3559 554 3631 ἄμα
605 3565 694 3612 καὶ
745 3565 864 3622 τοὺς
944 3561 1145 3634 ἀφανεῖς
1204 3564 1517 3635 ὀφθαλμούς,
1577 3572 1665 3619 καὶ
1721 3574 1810 3618 τοῦ

212 3657 334 3700 νοῦν
379 3648 490 3700 ὅλον
545 3649 616 3710 εἰς
681 3650 930 3722 όύρανοὺς
975 3649 1256 3724 ἆπερείσας
1297 3672 1308 3684 ·
1343 3653 1659 3728 Εύχαριστῶ
1706 3675 1810 3723 σοι,

216 3740 312 3810 ἔφη
349 3753 362 3803 ;
396 3740 552 3809 Κύριε
581 3737 755 3796 Ἰησοῦ
794 3743 986 3811 Χριστὲ
1041 3745 1130 3792 καὶ
1183 3744 1296 3804 Θεε,
1330 3743 1408 3793 ὃτι
1464 3745 1706 3795 τοιούτων
1753 3763 1816 3816 με

216 3831 308 3878 καὶ
373 3829 631 3878 τοσούτων
691 3825 896 3896 ἀγαθῶν
943 3827 1194 3893 ἠξίωσας,
1255 3832 1334 3881 ὅτι
1387 3836 1530 3904 χειρὶ
1591 3838 1818 3904 κραταιᾷ

222 3933 316 3967 σου
351 3911 570 3985 δύναμιν
624 3917 962 3989 περιέζωσας,
1017 3919 1098 3968 ὅτι
1145 3919 1269 3990 ὑπὲρ
1322 3927 1415 3970 σοῦ
1458 3929 1675 3973 τοιαῦτα
1719 3925 1816 3975 πά-

224 4021 375 4074 σχειν
404 3999 701 4065 εύδόκησας
735 4019 746 4031 ·
782 4008 870 4055 καὶ
912 4012 998 4056 νῦν
1054 4004 1329 4076 ἐπίϐλεψον
1373 4005 1426 4070 ἐξ
1461 4009 1698 4083 ούρανοῦ,
1732 4015 1814 4063 καὶ

218 4087 304 4142 ἴδε
333 4091 416 4142 οἶα
444 4096 802 4143 τεκταίνουσιν
856 4095 904 4144 οἱ
937 4098 1213 4165 μισοῦντές
1269 4114 1325 4148 σε
1376 4097 1490 4149 κατ’
1547 4096 1690 4168 ἐμοῦ,
1731 4105 1818 4152 καὶ

212 4177 380 4252 ῥῦσαι
410 4177 514 4230 ἀπὸ
542 4178 725 4252 βέλους
773 4181 938 4232 αὐτῶν
993 4187 1085 4241 τὴν
1127 4183 1311 4254 ψυχήν
1351 4205 1472 4256 μου,
1526 4187 1606 4238 ἶνα
1655 4183 1817 4239 ἴδωσι

212 4268 422 4329 πάντες,
463 4269 542 4319 ότι
589 4268 720 4326 πλὴν
754 4277 847 4321 σοῦ
878 4270 970 4321 ούκ
1027 4273 1140 4322 ἔστι
1189 4277 1318 4334 Θεὸς
1399 4270 1522 4326 Εἶτα
1573 4279 1657 4326 καὶ
1691 4276 1815 4348 ὑπὲρ

212 4363 318 4406 τῶν
371 4355 711 4416 κολαζόντων,
778 4359 950 4432 ὥσπερ
1019 4359 1169 4420 ἄλλος
1242 4380 1321 4420 τις
1386 4365 1627 4433 Στέφανος
1691 4363 1816 4435 ὑπὲρ

213 4451 321 4495 τῶν
350 4442 684 4506 λιθαζόντων,
733 4445 1026 4516 εὐχόμενος,
1078 4446 1244 4517 "Axi/au
1291 4456 1381 4508 τῆς
1438 4449 1622 4512 αὐτῶν,
1663 4449 1814 4520 ἔλεγε,

212 4527 461 4602 καρδίας,
533 4532 765 4585 πολυέλεε
811 4541 1062 4598 Δεσποτα,
1121 4539 1210 4586 καὶ
1260 4539 1384 4610 πρὸς
1436 4540 1492 4588 τό
1549 4540 1636 4589 σόν
1688 4540 1818 4590 καθ-

211 4615 493 4688 οδήγησον
562 4620 776 4692 θέλημα,
830 4623 911 4673 ἶνα
951 4628 1111 4693 γνῶσί
1159 4642 1215 4676 σε
1268 4628 1354 4676 τόν
1383 4631 1535 4697 μόνον
1580 4627 1818 4707 ἀληθινόν

213 4709 372 4770 Θεὸν,
427 4712 515 4759 καὶ
567 4715 660 4769 τῆς
711 4708 940 4783 ὀλεθρίου
999 4721 1096 4763 τῶν
1152 4709 1376 4765 εἰδώλων
1425 4722 1696 4767 ἀποστῶσι
1725 4715 1818 4768 λα·-

207 4799 411 4870 τρείας,
445 4796 524 4848 ὄτι
555 4797 827 4868 εὐλογητὸς
854 4797 899 4851 εἶ
931 4799 1001 4861 εἰς
1025 4804 1145 4863 τοὺς
1174 4801 1382 4864 αἰῶνας.
1418 4803 1601 4875 Ἀμην.

1917 3299 2055 3354 ﬁdei
2087 3297 2265 3353 veluti
2310 3297 2593 3368 quaedam
2646 3296 2874 3351 semina
2939 3303 2998 3351 et
3046 3297 3207 3351 initia
3269 3297 3329 3351 in
3383 3297 3562 3352 corde

1918 3391 2225 3458 acceperat
2257 3402 2268 3440 :
2313 3385 2513 3440 adhuc
2543 3399 2682 3440 vero
2721 3385 3056 3439 sectabatur
3091 3400 3184 3439 res
3232 3384 3556 3454 gentilium,

1918 3474 2157 3548 plurimi
2181 3474 2400 3529 faciens
2427 3473 2618 3528 colere
2643 3477 2704 3527 et
2739 3472 3057 3528 observare
3094 3473 3559 3543 imperatorem),

1919 3565 2046 3636 ipse
2075 3568 2274 3620 autem
2301 3568 2442 3617 tunc
2473 3561 2679 3617 videns
2707 3560 3036 3616 Adrianum
3078 3560 3467 3626 dubitantem,
3508 3564 3565 3616 et

1921 3651 2284 3708 nescientem
2316 3650 2624 3722 quomodo
2656 3665 2720 3704 se
2759 3649 2820 3704 in
2872 3654 3145 3704 sanctum
3193 3654 3437 3721 gereret,
3470 3665 3566 3706 ac-

1922 3741 2139 3796 cedens
2173 3741 2330 3808 :Ego
2383 3745 2457 3807 te,
2493 3737 2704 3810 inquit,
2749 3753 2786 3793 o
2837 3739 3178 3809 imperator,
3219 3738 3488 3794 liberabo
3527 3753 3565 3795 a

1921 3828 2189 3901 negotiis,
2212 3833 2269 3883 et
2291 3828 2448 3882 hunc
2465 3826 2878 3898 juvenem,qui
2897 3831 3190 3897 repugnat
3211 3825 3329 3882 tuis
3360 3827 3561 3896 jussis,

1923 3917 2154 3974 docebo
2185 3931 2497 3988 nunquam
2520 3915 2631 3971 tale
2656 3915 2799 3986 quid
2831 3913 3090 3985 aggredi.
3124 3915 3239 3970 Sed
3296 3914 3566 3970 clibanus

1922 4006 2166 4080 quidem
2221 4005 2508 4061 inferatur
2559 4019 2760 4059 aeneus
2796 4003 2990 4060 :acuti
3049 4008 3248 4059 autem
3322 4003 3566 4059 obelisci

1923 4095 2245 4164 inﬁgantur
2256 4095 2309 4148 in
2329 4098 2572 4164 utraque
2585 4092 2712 4162 ejus
2725 4095 2978 4162 parte,et
2993 4107 3124 4146 mox
3141 4093 3288 4146 scies
3304 4091 3569 4148 Eleuthe-

1925 4185 2069 4238 rium
2084 4191 2180 4237 aut
2196 4182 2470 4252 paruisse
2483 4187 2585 4236 aut
2599 4180 2743 4236 male
2756 4181 3021 4252 periisse.
3044 4183 3174 4236 Haec
3189 4196 3320 4235 vero
3339 4181 3561 4246 dicens,

1926 4287 2047 4326 non
2065 4269 2580 4325 animadvertebat
2597 4284 2659 4323 se
2676 4267 2908 4323 leonem
2927 4275 3135 4339 putare
3152 4283 3330 4340 posse
3348 4273 3564 4325 terrere

1926 4359 2045 4414 ictu
2076 4356 2408 4414 arundinis.
2441 4359 2569 4411 Haec
2599 4360 2796 4411 tamen
2826 4356 3176 4427 placuerunt
3201 4357 3563 4426 imperatori,

1927 4451 1984 4503 et
2012 4447 2126 4502 cito
2156 4445 2422 4501 confecta
2452 4444 2750 4511 machina,
2776 4448 3000 4515 martyr
3025 4444 3085 4500 in
3112 4445 3329 4500 caelum
3359 4444 3566 4501 tollens

1926 4537 2128 4591 oculos
2161 4539 2282 4590 tam
2311 4534 2414 4605 qui
2445 4538 2765 4588 cernuntur
2785 4549 2966 4604 quam
2992 4534 3094 4604 qui
3125 4532 3236 4588 sub
3255 4539 3564 4605 aspectum

1926 4641 2046 4680 non
2073 4623 2311 4687 cadunt,
2343 4625 2400 4677 et
2428 4625 2611 4677 totam
2643 4625 2903 4677 mentem
2935 4620 2994 4675 in
3026 4621 3245 4676 coelum
3269 4621 3564 4691 deﬁgens,

1926 4719 1982 4769 et
2008 4729 2131 4783 prae.
2161 4710 2381 4782 gaudio
2407 4715 2559 4766 totus
2597 4711 2767 4782 quasi
2789 4726 2823 4765 a
2855 4713 2972 4764 Deo
2993 4707 3265 4765 aﬂlatus:
3298 4712 3425 4779 Ago
3455 4710 3565 4766 tibi

1929 4801 2170 4871 gratias,
2203 4799 2413 4872 inquit,
2447 4800 2691 4854 Domine
2715 4800 2850 4854 Jesu
2881 4799 3103 4854 Christe
3130 4802 3185 4852 et
3214 4800 3367 4852 Deus
3404 4798 3567 4869 quod

211 4898 322 4941 me
361 4883 577 4940 talibus
610 4889 666 4942 et
693 4888 864 4944 tantis
893 4889 1063 4945 bonis
1096 4892 1174 4946 sis
1206 4891 1484 4961 dignatus
1509 4909 1522 4947 :
1552 4893 1714 4965 quod
1745 4908 1840 4948 me
1867 4907 2052 4947 manu
2083 4895 2180 4945 tua
2203 4889 2424 4961 potenti
2481 4890 2692 4943 virtute
2745 4886 3088 4950 accinxeris,
3130 4885 3294 4958 quod
3320 4901 3429 4958 pro
3460 4890 3564 4942 tuo

208 4971 468 5030 nomine
500 4974 641 5030 talia
670 4975 773 5031 tibi
803 4977 926 5047 pati
954 4977 1151 5034 visum
1179 4979 1266 5034 sit.
1325 4983 1389 5036 Et
1447 4997 1604 5037 nunc
1643 4982 1840 5053 aSpice
1892 4981 1966 5035 de
2017 4979 2186 5043 ccelo,
2219 4984 2274 5033 et
2327 4976 2461 5032 vide
2506 4975 2706 5048 qualia
2761 4979 2964 5030 contra
3016 4991 3109 5029 me
3167 4973 3559 5042 fabricantur,

206 5059 326 5136 qui
357 5065 413 5116 te
443 5061 696 5118 oderunt
728 5085 741 5120 :
774 5069 832 5120 et
863 5065 1047 5123 libera
1072 5068 1336 5124 animam
1363 5085 1557 5125 meam
1591 5086 1625 5125 a
1645 5070 1840 5141 jaculo
1867 5085 2095 5134 eorum,
2124 5070 2175 5122 et
2200 5083 2232 5122 a
2263 5066 2397 5121 viris
2430 5065 2834 5135 sanguinum‘,
2877 5063 2978 5135 qui
3027 5063 3215 5118 bonus
3270 5078 3351 5133 es,
3389 5078 3566 5121 serva

207 5164 318 5207 me
355 5171 366 5206 :
410 5157 472 5206 ut
506 5152 693 5209 sciant
746 5169 974 5221 omnes,
1001 5159 1057 5210 te
1104 5171 1233 5212 esse
1289 5157 1481 5213 solum
1540 5161 1725 5214 Deum
1783 5163 1839 5214 et
1889 5157 2214 5230 gloriosum
2271 5155 2328 5210 in
2398 5159 2518 5210 toto
2567 5153 2710 5209 orbe
2774 5157 3085 5208 terrarum.
3116 5150 3333 5206 Deinde
3386 5151 3566 5209 etiam

206 5253 331 5312 pro
378 5239 447 5294 iis
511 5240 677 5311 ipsis,
745 5241 848 5314 qui
909 5242 1074 5298 illum
1119 5245 1481 5311 cruciabant,
1551 5247 1698 5303 sicut
1755 5246 2121 5318 Stephanus"
2179 5259 2286 5315 pro
2336 5242 2426 5306 iis,
2478 5241 2582 5314 qui
2635 5257 2770 5296 eum
2819 5239 3121 5311 lapidibus
3185 5241 3565 5311 appetebant,

206 5341 400 5385 orans
427 5344 439 5382 :
472 5331 662 5400 Tange
697 5345 800 5386 cor
824 5346 1050 5398 eorum,
1083 5333 1338 5402 dicebat,
1368 5351 1403 5390 ο
1429 5336 1694 5404 Domine,
1727 5336 1831 5408 qui
1853 5351 1915 5392 es
1956 5335 2152 5390 multae
2183 5330 2619 5396 misericordiae,
2653 5333 2710 5386 et
2748 5333 2917 5385 tuum
2969 5333 3244 5385 sanctum
3311 5329 3396 5384 eis
3453 5343 3565 5384 no-

293 5417 316 5452 ⁶
347 5417 502 5473 Psal.
536 5433 593 5474 v.
672 5420 693 5456 ⁷
731 5422 836 5476 Act
865 5436 962 5477 v11.
1503 5444 1508 5449 ·

302 5566 381 5639 ('2)
411 5567 692 5627 Correum
722 5569 880 5627 hunc
907 5576 1080 5629 vocat
1119 5573 1276 5630 Beda
1302 5574 1363 5630 in
1394 5574 1805 5649 Martyrologio
1835 5575 1912 5633 ad
1941 5574 2100 5630 hunc
2131 5571 2310 5628 diem‘.
