4110 6272
1952 332 2211 393 MENSIS
2251 328 2555 389 APRILIS.

651 683 761 739 Vll.
797 682 941 737 Cum
969 678 1193 735 Corebo
1241 676 1322 729 sic
1362 675 1629 729 orantem
1682 666 2023 725 attendisset
2076 677 2219 717 mar-

2400 658 2475 711 Z'.
2520 658 2694 717 Οὖτως
2743 654 2998 726 εὐξαμένῳ
3042 661 3114 722 τῷ
3170 653 3397 726 μάρτυρι
3453 656 3715 722 προσχὼν
3770 650 3795 699 6
3847 654 3946 700 Ko—

579 778 792 845 tyrem,
821 768 993 825 veluti
1025 779 1301 831 accenso,
1336 760 1441 833 qui
1469 764 1595 815 erat
1640 759 1692 812 ei
1747 754 2067 827 repositus,
2099 767 2225 807 car-

574 841 733 920 bone
759 859 1012 932 pietatis,
1040 858 1279 927 repente
1316 853 1580 906 mutatur
1612 847 1788 914 longe
1826 841 2226 915 pulcherrima

579 930 909 1008 mutatione
943 962 955 998 :
990 948 1049 1000 et
1086 950 1375 1013 tanquam
1424 953 1546 993 non
1593 935 1644 990 is
1688 936 1859 997 esset,
1888 930 1990 1004 qui
2040 930 2223 1001 paulo

579 1044 714 1096 ante
740 1033 1115 1105 excogitabat
1171 1027 1463 1100 supplicia
1523 1024 1811 1080 adversus
1868 1022 2219 1090 martyrem,
2304 1074 2315 1083 ,

579 1127 871 1185 accedens
904 1123 981 1179 ad
1020 1122 1443 1191 imperatorem
1474 1133 1486 1169 :
1519 1117 1623 1168 Pro
1668 1126 1811 1183 quo,
1845 1109 2054 1181 inquit,
2098 1122 2223 1161 ma-

577 1216 791 1283 leﬁcio,
822 1217 927 1269 aut
976 1226 1084 1283 pro
1139 1223 1261 1280 quo
1309 1204 1553 1261 crimine
1596 1202 1684 1256 his
1732 1199 1919 1271 poenis
1970 1194 2223 1250 afﬁcitur

577 1302 938 1361 Eleutherius
971 1301 999 1357 ?
1031 1302 1132 1354 aut
1160 1311 1267 1369 pro
1297 1309 1418 1367 qua
1446 1306 1627 1347 causa
1650 1292 1839 1343 morte
1860 1292 1980 1341 tam
2003 1282 2220 1340 acerba

580 1395 897 1450 damnatur
914 1390 941 1444 ?
961 1389 1283 1458 Imperator
1304 1397 1443 1436 vero
1464 1379 1575 1433 hac
1592 1376 1897 1447 inopinata
1918 1370 2220 1429 auditione

576 1481 753 1539 valde
775 1480 1135 1539 commotus,
1168 1478 1330 1527 torve
1359 1470 1593 1524 intuens
1629 1462 1992 1521 Corebonem
2022 1475 2036 1514 2
2064 1460 2220 1513 Num

580 1575 643 1627 tu
665 1585 747 1633 es,
775 1565 985 1637 inquit,
1009 1564 1078 1627 is,
1102 1576 1282 1632 quem
1300 1573 1410 1628 ego
1437 1555 1597 1617 novi,
1625 1551 1849 1608 Corebo
1869 1550 1897 1605 ?
1924 1547 2220 1614 Quidnam

582 1632 781 1715 autem
812 1632 920 1709 tibi
944 1649 1176 1712 accidit,
1214 1652 1316 1702 aut
1344 1644 1634 1716 quidnam
1673 1640 1775 1695 tibi
1805 1639 2030 1693 factum
2064 1634 2168 1689 fuit
2196 1632 2224 1688 Τ

580 1742 883 1815 Numquid
906 1745 958 1799 te
988 1737 1141 1810 cepit
1171 1750 1387 1791 aurum
1415 1733 1492 1787 ab
1509 1731 1661 1785 illius
1681 1732 1871 1784 matre
1889 1729 2220 1795 acceptum,

576 1838 636 1891 et
662 1813 787 1890 tam
816 1833 1057 1902 repente
1089 1824 1333 1881 mutavit
1361 1821 1388 1876 i’
1418 1824 1610 1887 Quam
1653 1816 1838 1873 multa
1865 1830 2002 1870 vero
2041 1813 2221 1868 etiam

578 1921 843 1981 amultis
904 1918 1033 1973 aliis
1085 1914 1190 1971 tibi
1246 1913 1406 1977 data,
1433 1906 1735 1981 potuerint
1782 1903 2029 1960 conferri
2083 1917 2221 1957 cum

2331 752 2515 820 ρέμων,
2566 751 2653 798 καὶ
2706 749 2792 796 τόν
2839 746 3270 816 προαποκείμενον
3325 739 3463 808 αὐτῷ
3500 746 3596 798 τῆς
3648 735 3945 797 θεοσεϐείας

2332 837 2566 908 ἄνθρακα
2664 836 2835 906 ὥσπερ
2913 830 3361 901 ἀναζωπυρηθεὶς,
3438 828 3577 898 ἄφνω
3653 824 3943 897 μεταϐολὴν

2331 923 2700 997 μεταϐάλλεται
2738 926 2831 979 τὴν
2868 920 3168 975 καλλίστην,
3219 921 3306 968 καὶ
3354 924 3426 986 τῷ
3472 914 3683 987 βασιλεί
3716 908 3943 985 προσελ-

2335 1015 2451 1078 θὼν,
2482 1017 2661 1077 Ποὶου,
2695 1014 2873 1082 φησὶν,
2917 1005 3241 1080 ἀδικήματος
3266 1007 3424 1079 χάριν
3483 1005 3508 1055 6
3546 1006 3738 1075 πικρὸς
3788 1002 3942 1064 οὗτος

2333 1101 2628 1173 Ἐλευθερίῳ
2679 1096 3102 1169 καταψηφίζεται
3170 1096 3424 1159 θάνατος;
3508 1095 3608 1144 Καὶ
3666 1092 3691 1141 6
3784 1089 3940 1162 βασι-

2329 1189 2463 1253 λεύς,
2496 1196 2568 1258 τῷ
2607 1183 2892 1261 παραδόξῳ
2947 1192 3041 1237 τοῦ
3097 1183 3432 1251 ἀκούσματος
3489 1180 3783 1249 ἐκπλαγεὶς,
3816 1199 3941 1253 γορ-

2328 1283 2419 1348 γόν
2468 1296 2517 1328 τι
2579 1281 2669 1327 καὶ
2717 1274 2977 1347 βλοσυρὸν
3024 1275 3153 1345 πρὸς
3209 1274 3295 1321 τόν
3363 1273 3626 1342 Κορέμονα
3670 1265 3879 1339 βλέψας
3922 1288 3935 1298 ·

2330 1371 2394 1419 Σὺ
2424 1365 2581 1425 αὐτὸς
2644 1361 2703 1427 εἶ,
2756 1366 2870 1435 ἔφη,
2936 1362 2989 1414 ὃν
3031 1360 3129 1431 ἐγὼ
3177 1364 3418 1428 γινώσκω
3475 1361 3788 1430 Κορέμονας
3847 1360 3939 1407 καὶ

2327 1460 2377 1507 τί
2424 1457 2655 1524 πάθοις;
2709 1458 2852 1509 Μήτι
2908 1470 2964 1503 σε
3046 1452 3253 1523 χρυσὸς
3297 1446 3420 1499 εἷλεν
3474 1448 3573 1497 ὑπὸ
3629 1453 3719 1504 τῆς
3774 1444 3938 1496 αὐτοῦ

2332 1540 2603 1614 δεδομένος
2642 1547 2838 1613 μητρός
2875 1556 2888 1606 ;
2921 1543 3010 1590 καὶ
3038 1543 3181 1589 πόσα
3233 1537 3293 1587 ἄν
3346 1554 3426 1587 σοι
3478 1539 3566 1586 καὶ
3622 1536 3767 1605 παρὰ
3815 1532 3937 1583 πολ-

2329 1632 2427 1683 λῶν
2481 1631 2661 1704 ἐτέρων
2706 1626 2978 1700 διδόμενα,
3048 1634 3143 1677 τῶν
3232 1624 3362 1696 ἐμῶν
3432 1621 3635 1697 δωρεῶν
3706 1620 3939 1683 ἀντάξια

2329 1724 2546 1792 γένοιτο,
2570 1720 2623 1771 ὃν
2679 1718 2777 1789 ἐγὼ
2828 1722 2916 1769 καὶ
2962 1715 3187 1785 πλούτῳ,
3246 1717 3332 1765 καὶ
3386 1709 3537 1785 δόξῃ,
3588 1716 3677 1763 καὶ
3705 1718 3769 1783 τῇ
3803 1714 3938 1783 πρὸς

2331 1808 2416 1881 ἐμὲ
2463 1809 2716 1860 οἰκειωσει
2769 1806 2997 1868 ζηλωτόν
3056 1802 3104 1855 έν
3148 1802 3317 1875 Ῥώμη
3405 1805 3708 1857 κατέστησα
3734 1817 3751 1865 ;
3825 1799 3937 1850 ἀλλ’

2331 1898 2375 1950 εἰ
2425 1902 2515 1949 καὶ
2562 1896 2802 1949 πλειόνων
2854 1894 2992 1967 ἐρᾷς,
3043 1894 3091 1945 οἱ
3144 1891 3256 1964 ἐμοὶ
3310 1891 3490 1950 πάντες
3565 1887 3792 1940 ἀνεῖνταί
3850 1907 3937 1939 σοι

578 1977 728 2069 meis
766 2008 958 2072 donis,
992 2019 1170 2076 quem
1204 2016 1314 2071 ego
1364 1977 1676 2068 et_0pibus
1706 1999 1763 2050 et
1817 1992 2007 2063 gloria
2064 2006 2219 2054 mea,

2334 1988 2623 2058 θησαυροί·
2690 1987 2883 2037 τούτων
2927 1982 3236 2054 ἀμφοτέραις
3292 1978 3480 2043 ἄντλει,
3531 1982 3619 2029 καὶ
3671 1982 3740 2050 μὴ
3799 1977 3938 2029 οὕτω

580 2098 978 2157 familiaritate
1006 2098 1061 2147 et
1093 2088 1511 2161 conjunctione
1561 2085 1802 2139 beatum
1856 2084 2053 2137 Romae
2092 2078 2221 2134 red-

580 2188 698 2243 didi
724 2186 753 2241 ?
774 2185 942 2251 Quod
964 2181 1013 2236 si
1039 2180 1214 2252 plura
1244 2176 1570 2237 desideras,
1595 2171 1727 2227 licet
1750 2170 1851 2226 tibi
1878 2169 2089 2224 nostris
2107 2166 2221 2222 frui

581 2275 809 2334 affatim
842 2288 856 2323 :
894 2270 996 2327 tibi
1023 2272 1159 2323 sunt
1188 2264 1369 2337 aperti
1397 2276 1607 2317 omnes
1641 2259 1756 2314 mei
1803 2256 2068 2313 thesauri
2101 2271 2115 2309 :
2148 2270 2219 2309 ex

576 2364 672 2422 his
700 2360 874 2419 hauri
900 2357 1194 2414 ambabus
1240 2352 1540 2415 manibus,
1573 2363 1768 2419 neque
1830 2346 2087 2416 teipsum
2140 2342 2221 2399 ita

577 2452 821 2526 prodas,
856 2464 891 2503 a
920 2448 1141 2502 femina
1194 2442 1347 2497 furto
1406 2436 1696 2500 sublatus,
1727 2438 1782 2490 et
1836 2449 2032 2506 pauco
2073 2447 2220 2486 auro

581 2520 840 2612 emptus.
870 2535 1094 2591 Corebo
1125 2536 1325 2587 autem
1365 2529 1494 2598 jam
1550 2531 1703 2581 totus
1754 2522 2013 2593 repletus
2058 2520 2221 2574 bono

583 2606 815 2701 spiritu,
843 2629 897 2680 et
925 2620 1198 2692 martyris
1228 2616 1504 2689 precibus
1531 2618 1790 2669 mentem
1834 2609 2061 2664 habens
2092 2606 2224 2661 illu-

584 2696 898 2777 minatam,
929 2708 1281 2767 exclamavit
1311 2703 1454 2759 illud
1484 2699 1834 2758 admirabile
1889 2704 1944 2752 et
1971 2696 2223 2765 dignum

585 2804 753 2877 quod
810 2799 1141 2858 celebretur
1173 2812 1186 2850 :
1217 2792 1470 2849 Pretium
1528 2797 1718 2854 tuum,
1751 2788 1980 2851 dicens,
2028 2789 2222 2840 tecum

582 2872 678 2950 eat
705 2892 766 2947 in
795 2888 1211 2962 perditionem.
1242 2886 1374 2938 Tuas
1403 2895 1543 2935 vero
1584 2876 1849 2949 pecuniae
1882 2874 2001 2929 sint
2032 2872 2222 2928 fontes

581 2982 759 3052 ignis,
776 2961 879 3051 qui
902 2983 959 3031 te
986 2977 1207 3030 manet.
1241 2970 1393 3037 Quid
1414 2968 1574 3023 enim
1600 2972 1703 3021 tua
1724 2968 1934 3037 sponte
1960 2961 2219 3026 caecutis,

2332 2072 2679 2149 καταπροδῷς
2727 2076 2960 2137 σεαυτὸν,
3018 2071 3221 2143 κλέμμα
3280 2071 3527 2141 γυναικὸς
3609 2072 3699 2118 καὶ
3754 2067 3936 2137 ὀλίγον

2330 2172 2540 2236 χρυσοῦ
2589 2169 2850 2235 γενόμενος
2905 2163 3071 2213 ὤνιον.
3127 2159 3185 2211 Ὀ
3262 2155 3319 2210 δε
3398 2160 3659 2229 Κορέμων,
3703 2152 3813 2214 ἤδη
3869 2164 3933 2227 τῇ

2330 2261 2422 2305 τοῦ
2447 2255 2706 2325 μάρτυρος
2732 2252 2862 2323 εὐχῇ
2924 2254 3016 2308 τὴν
3069 2249 3249 2320 ψυχὴν
3300 2248 3590 2319 φωτισθείς,
3631 2249 3687 2297 τό
3733 2247 3939 2317 θαυμα-

2334 2346 2454 2394 στὸν
2511 2347 2599 2393 καὶ
2649 2340 2958 2413 ἆξιύμνητον
3008 2337 3273 2401 ἐξεϐόησεν
3328 2355 3341 2367 ’
3421 2334 3611 2398 Ἔστω,
3672 2333 3854 2404 λέγων,
3903 2336 3933 2391 ἡ

2330 2436 2455 2501 τιμὴ
2492 2450 2584 2482 σου
2619 2434 2711 2482 σὺν
2768 2434 2851 2481 σοὶ
2905 2429 2971 2488 εἰς
3019 2426 3293 2489 ἀπώλειαν,
3352 2428 3418 2476 τα
3462 2421 3520 2475 δε
3549 2426 3810 2495 χρήματά
3838 2442 3936 2475 σου

2332 2521 2613 2591 ὑπόκαυμα
2675 2528 2744 2589 τῷ
2790 2522 3111 2591 περιμένοντί
3153 2534 3209 2567 σε
3238 2519 3360 2588 πυρὶ
3408 2517 3607 2583 ’γένοιτο
3658 2532 3669 2543 ·
3724 2517 3777 2563 τί
3831 2514 3933 2585 γὰρ

2334 2604 2401 2665 δὴ
2465 2613 2554 2660 καὶ
2611 2608 2735 2660 ἑκὼν
2791 2607 3119 2679 τυφλώττεις,
3164 2608 3251 2655 καὶ
3305 2610 3471 2654 ταῦτα
3524 2606 3678 2674 πείρᾳ
3729 2604 3929 2672 μαθὼν,

2333 2698 2412 2748 ὅτι
2464 2706 2563 2748 τῶν
2618 2700 2707 2768 μὲν
2762 2704 2864 2748 σῶν
2918 2697 3041 2747 θεῶν
3092 2689 3262 2752 οὐδεὶς
3308 2695 3393 2743 τὸν
3442 2689 3759 2762 ἐμϐληθέντα
3804 2695 3932 2762 πυρὶ

2336 2794 2508 2837 σῶσαι
2564 2782 2803 2849 δύναται,
2848 2784 2901 2837 ὃν
2961 2780 3019 2835 δὲ
3062 2785 3087 2835 ὁ
3152 2781 3460 2853 Ἐλευθέριος
3503 2779 3654 2840 οὗτος
3725 2777 3931 2831 σέϐεται

2332 2878 2421 2925 καὶ
2450 2877 2613 2949 πυρός
2662 2874 2816 2925 αὐτόν
2846 2870 3082 2925 δείκνυσι
3132 2875 3221 2921 καὶ
3246 2871 3423 2929 πάσης
3470 2867 3623 2928 ἄλλης
3670 2866 3932 2928 κολάσεως

2334 2962 2672 3036 ἰσχυρότερον
2691 2979 2705 3029 ;

582 3076 637 3127 et
663 3068 890 3125 conaris
929 3078 1165 3121 movere
1196 3077 1285 3127 ea,
1313 3076 1448 3132 quae
1469 3063 1606 3113 sunt
1636 3053 1962 3111 immobilia
1983 3055 2011 3109 ‘I
2039 3052 2239 3123 idque,
2272 3066 2409 3106 cum
2436 3051 2714 3107 didiceris
2754 3049 3133 3122 experientia,
3167 3046 3333 3121 quod
3360 3045 3554 3101 nullus
3579 3045 3825 3118 quidem
3852 3059 3925 3100 ex

580 3158 697 3214 tuis
717 3157 827 3213 diis
853 3157 1048 3227 potest
1073 3151 1259 3207 ullum
1291 3166 1361 3204 ex
1387 3148 1475 3213 iis,
1507 3146 1611 3219 qui
1641 3146 1881 3210 adsunt,
1909 3143 1967 3198 in
1995 3142 2194 3211 ignem
2226 3138 2509 3212 injectum
2542 3155 2800 3196 servare.
2830 3141 2883 3194 ls
2908 3145 3128 3208 autem,
3161 3153 3341 3209 quem
3368 3135 3503 3192 colit
3529 3133 3920 3201 Eleutherius,

580 3246 773 3303 reddit
799 3226 937 3299 eum
967 3247 1023 3297 et
1052 3241 1187 3309 igne
1216 3237 1602 3310 potentiorem
1629 3239 1685 3289 et
1713 3233 1922 3305 quovis
1953 3230 2069 3286 alio
2100 3226 2414 3299 supplicio.

650 3361 789 3416 Vlll.
824 3360 918 3415 His
948 3357 1030 3413 sic
1062 3355 1177 3410 dici
1208 3369 1329 3409 non
1359 3356 1572 3423 potest,
1600 3360 1829 3421 quanta
1857 3349 1946 3401 ira
1965 3350 2023 3400 et
2046 3344 2219 3399 dictis
2248 3340 2289 3395 C

578 3442 1270 3517 insaniarepletusfuerit
1284 3446 1601 3511 tyrannus.
1628 3436 1826 3492 Solent
1846 3434 2002 3487 enim
2016 3446 2221 3486 revera

576 3538 790 3594 validas
815 3534 1084 3590 amicitias
1119 3529 1351 3586 validas
1402 3540 1645 3598 quoque
1703 3522 1966 3578 similiter
2014 3534 2219 3592 parere

517 3673 537 3683 -
574 3624 933 3681 inimicitias.
964 3620 1126 3674 Unde
1160 3618 1339 3673 etiam
1386 3614 1555 3684 jubet
1604 3611 1948 3683 praefectum
2006 3606 2218 3663 eodem

576 3712 777 3784 puniri
805 3709 1062 3771 clibano,
1086 3721 1201 3777 quo
1226 3704 1353 3774 ipse
1382 3702 1782 3763 consuluerat,
1812 3705 1873 3753 ut
1912 3697 2220 3769 puniretur

578 3798 959 3855 Eleutherius.
992 3795 1139 3850 Cum
1170 3807 1307 3863 ergo
1359 3792 1487 3860 jam
1548 3788 2053 3859 appropinquaret
2106 3791 2220 3840 tor-

578 3892 799 3952 mento,
855 3887 971 3942 Ora
1016 3898 1125 3954 pro
1183 3896 1297 3945 me,
1330 3877 1611 3933 clamavit
1669 3875 1892 3931 Corebo
1950 3874 2214 3945 martyri,

577 3983 635 4033 et
665 3993 758 4032 me
785 3989 957 4030 arma
985 3973 1078 4027 his
1106 3969 1310 4033 armis,
1353 3982 1569 4037 nempe
1622 3964 1830 4021 Christi
1885 3962 2215 4034 signaculo,

575 4066 796 4139 quibus
826 4063 1039 4119 ducem
1063 4058 1353 4115 exercitus
1380 4054 1624 4111 munisti
1653 4053 1922 4108 Felicem.
1961 4051 2051 4108 Sic
2076 4066 2214 4121 ergo

578 4154 799 4209 Corebo
838 4155 1106 4207 armatus
1135 4163 1172 4203 a
1224 4150 1505 4215 martyre,
1537 4146 1594 4197 et
1642 4142 1912 4214 protinus
1965 4141 2214 4210 injectus

577 4242 640 4298 in
671 4241 992 4308 clibanum,
1023 4238 1152 4310 ipse
1172 4249 1415 4308 quoque
1443 4232 1659 4288 mansit
1685 4230 1950 4285 similiter
1975 4229 2053 4285 ab
2077 4230 2213 4297 igne

573 4347 697 4387 non
727 4332 1117 4401 expugnatus.
1158 4324 1454 4379 Adrianus
1501 4325 1702 4377 autem
1756 4320 1848 4373 his
1904 4319 2213 4373 tormentis

575 4418 867 4483 defessus,
900 4432 1038 4470 eum
1062 4414 1440 4473 condemnat,
1477 4414 1541 4462 ut
1569 4408 1620 4461 ei
1641 4411 1816 4477 caput
1855 4412 2210 4477 amputetur.

577 4509 647 4561 Et
672 4504 962 4561 Coreboni
1005 4502 1250 4572 quidem
1303 4497 1386 4551 sic
1440 4494 1699 4549 succedit
1728 4493 1860 4547 ﬁnis
1891 4494 2154 4564 martyrii
2196 4508 2209 4546 :

577 4598 634 4649 et
662 4592 765 4664 qui
797 4607 833 4647 a
861 4588 1063 4645 multis
1111 4603 1147 4643 a
1203 4583 1420 4640 saeculo
1471 4581 1861 4647 desideratur,
1891 4580 1987 4635 hic
2051 4579 2213 4635 brevi

2401 3342 2479 3399 H'.
2549 3346 2761 3404 Τούτοις
2819 3342 2910 3394 οὐκ
2962 3344 3101 3394 ἔστιν
3160 3341 3316 3394 εἰπεῖν
3370 3340 3496 3400 ὅσης
3523 3338 3683 3412 ὀργῆς
3710 3343 3801 3391 καὶ
3831 3358 3930 3410 μα-

2328 3436 2440 3492 νίας
2469 3430 2699 3489 ἐπλήσθη
2752 3433 2776 3482 6
2831 3433 3075 3505 τύραννος
3107 3449 3118 3461 ’
3172 3430 3389 3482 εἰώθασι
3440 3431 3541 3502 γὰρ
3594 3429 3648 3478 αἰ
3700 3427 3929 3500 ἰσχυραὶ

2329 3520 2491 3591 φιλίαι
2523 3522 2747 3594 ἰσχυρὰς
2794 3522 2978 3591 ὁμοίως
3022 3522 3214 3591 ἔχθρας
3267 3518 3545 3589 ἀπογεννᾷν
3596 3534 3607 3545 ·
3669 3517 3778 3567 ὅθεν
3839 3520 3929 3568 καὶ

2329 3610 2468 3681 αὐτῷ
2532 3612 2698 3680 τούτῳ
2755 3608 2945 3661 κελεύει
2996 3617 3067 3678 τῷ
3133 3606 3356 3677 κλιϐάνῳ
3410 3607 3775 3677 τιμωρηθῆναι
3836 3608 3927 3657 τόν

2328 3701 2577 3769 ἔπαρχον,
2652 3698 2785 3771 ᾧπερ
2862 3697 3017 3757 αὐτὸς
3071 3696 3393 3754 κολασθῆναι
3474 3698 3560 3746 τὸν
3608 3693 3926 3763 Ἐλευθέριον

2328 3786 2702 3840 συνεϐούλευεν.
2733 3786 2820 3848 Ὠς
2864 3782 2921 3837 δὲ
2974 3793 3033 3857 τῇ
3096 3783 3311 3856 βασανῳ
3342 3788 3728 3858 προσήγγισεν,
3763 3777 3925 3843 Εὖξαι

2326 3877 2452 3947 ὑπερ
2481 3873 2625 3946 ἐμοῦ,
2657 3876 2682 3926 6
2738 3878 2974 3948 Κορέμων
3022 3882 3094 3944 τῷ
3125 3876 3351 3947 μάρτυρι
3396 3870 3667 3935 ἐπεϐόησε,
3717 3875 3806 3921 καὶ
3856 3877 3919 3941 τῇ

2324 3972 2415 4015 τοῦ
2472 3970 2701 4036 Χριστοῦ
2753 3982 2815 4034 με
2856 3959 3111 4037 σφραγῖδι
3167 3960 3505 4025 καθόπλισον,
3670 3964 3759 4011 καὶ
3834 3962 3922 4010 τόν

2327 4050 2681 4123 στρατηλάτην
2745 4054 3130 4125 περιετύχησας
3197 4050 3414 4107 Φίληκα.
3492 4048 3671 4109 Οὕτως
3746 4044 3832 4099 οὖν
3896 4048 3921 4098 6

2326 4143 2564 4211 Κορέμων
2616 4141 2714 4191 ὑπὸ
2763 4148 2853 4191 τοῦ
2901 4142 3158 4213 μάρτυρος
3201 4139 3482 4201 όπλισθεὶς,
3549 4141 3639 4188 καὶ
3698 4155 3766 4206 τῳ
3833 4134 3923 4208 ὁρ-

2320 4230 2458 4299 γάνῳ
2487 4226 2717 4299 βληθεὶς,
2771 4227 3026 4290 ἀνάλωτος
3069 4232 3195 4301 πυρὶ
3225 4232 3315 4279 καὶ
3364 4226 3519 4286 αὐτὸς
3571 4222 3653 4283 ἦν,
3697 4220 3923 4297 Ἀδρια-

2320 4319 2405 4377 νὸς
2456 4312 2515 4368 δὲ
2544 4318 2609 4368 τὰ
2657 4325 2755 4368 τῶν
2805 4315 3047 4388 βασάνων
3115 4314 3429 4389 ἀπειρηκὼς,
3481 4314 3614 4385 ξίφει
3641 4318 3733 4370 τὴν
3765 4331 3917 4384 κεφα-

2319 4404 2410 4460 λὴν
2481 4404 2639 4456 αὐτοῦ
2705 4405 3023 4476 ἐκτμηθῆναι
3095 4406 3303 4457 κελεύει.
3365 4408 3464 4455 Καὶ
3529 4405 3770 4475 Κορέμων
3829 4402 3919 4471 μὲν

2322 4493 2467 4553 οὗτος
2513 4495 2560 4544 ἓν
2606 4492 2804 4567 βραχεῖ
2850 4498 2935 4546 τόν
2984 4492 3187 4561 πολλοῖς
3258 4491 3310 4555 ἐξ
3362 4492 3546 4552 αἰῶνος
3608 4492 3917 4561 ποθούμενον

2322 4584 2525 4653 ἥρπασε
2575 4583 2855 4653 θησαυρόν.
2913 4584 2988 4634 Τὰ
3053 4578 3111 4633 δε
3171 4583 3297 4652 μετὰ
3352 4588 3519 4632 ταῦτα
3584 4583 3743 4642 τίνας
3820 4581 3918 4629 Καὶ

574 4662 842 4753 tempore
880 4678 1225 4734 thesaurum
1265 4670 1530 4742 arripuit.
1574 4672 1860 4735 Quasnam
1900 4684 2040 4723 vero
2080 4676 2215 4722 sunt

2327 4662 2632 4743 Ἐλευθέριος
2688 4677 2759 4739 τῷ
2786 4668 3008 4740 κλιϐάνῳ
3064 4668 3386 4741 ἐμϐάλλεται,
3444 4673 3534 4720 καὶ
3598 4674 3708 4728 τοῖς
3760 4664 3921 4717 ὀϐελί-

575 4767 907 4826 Eleutherio
973 4769 1184 4837 postea
1236 4758 1610 4817 consecuta?
1640 4758 1905 4813 Primum
1965 4758 2210 4830 quidem

573 4858 705 4928 ipse
718 4857 777 4911 in
794 4854 987 4910 cliban
998 4868 1097 4906 um
1116 4848 1448 4905 immittitur
1464 4865 1477 4898 :
1495 4846 1708 4900 deinde
1724 4845 1903 4901 etiam
1914 4844 2207 4915 obeliscis,

572 4950 638 5001 ut
664 4943 994 5005 videbatur,
1030 4937 1410 5005 transﬁgitur.
1444 4934 1794 4989 Etclibanus
1812 4934 2056 5006 quidem
2088 4949 2212 4989 rur-

574 5049 695 5097 sus,
718 5031 870 5088 sicut
912 5028 1077 5101 prius
1106 5022 1498 5094 exstinguitur
1522 5039 1534 5078 :
1564 5029 1983 5078 convertuntur
2009 5030 2210 5078 autem

573 5120 841 5193 protinus
864 5116 1139 5188 cuspides
1164 5112 1586 5176 obeliscorum,
1610 5110 2059 5183 quodammodo
2089 5127 2210 5167 car-

574 5223 712 5263 nem
728 5207 1091 5262 honorantes
1114 5200 1410 5272 martyris,
1426 5205 1481 5255 et
1499 5201 1548 5270 ej
1561 5216 1644 5264 us,
1659 5200 1763 5271 qui
1791 5201 1977 5270 punit,
1994 5200 2209 5255 animae

572 5300 887 5363 arguentes
909 5291 1235 5347 caecitatem
1264 5307 1276 5344 :
1302 5290 1630 5362 quinetiam
1656 5286 1870 5342 multos
1894 5304 1964 5341 ex
1981 5288 2072 5351 iis,
2104 5289 2206 5359 qui

577 5381 880 5445 astabant,
912 5380 1268 5435 attrahentes
1289 5380 1367 5435 ad
1392 5378 1489 5433 Dei
1515 5376 1935 5445 cognitionem,
1959 5374 2061 5447 qui
2084 5376 2208 5430 haec

2325 4777 2469 4818 σκοις
2516 4762 2651 4810 τετὸ
2706 4754 2874 4810 δοκεῖν
2927 4763 3272 4830 περιπείρεται
3332 4778 3343 4790 ·
3405 4755 3513 4807 ἀλλ’
3554 4756 3700 4815 εὐθὺς
3756 4756 3782 4806 6

2322 4847 2553 4907 κλίϐανος
2611 4845 2898 4912 σϐέννυται,
2925 4852 3228 4921 στρέφονται
3294 4843 3353 4898 δὲ
3396 4851 3485 4898 καὶ
3526 4848 3707 4897 αἰτῶν
3755 4842 3919 4895 ὀϐελί-

2324 4955 2458 4987 σκων
2511 4935 2691 5007 ἀκμαὶ,
2780 4946 3010 5007 τιμῶσαι
3065 4938 3236 5009 ὥσπερ
3305 4937 3502 5009 σάρκας
3575 4934 3916 5006 μαρτυρικὰς,

2320 5030 2405 5076 καὶ
2471 5024 2655 5095 ψυχῆς
2738 5024 2995 5096 τύφλωσιν
3058 5023 3372 5096 ἕλέγχουσαι
3435 5031 3524 5075 τοῦ
3586 5022 3919 5085 κολάζοντος,

2321 5112 2447 5164 ἀλλὰ
2502 5117 2589 5164 καὶ
2666 5112 2881 5173 πολλοὺς
2950 5120 3049 5164 τῶν
3105 5118 3448 5184 παρεστώτων
3496 5112 3567 5173 εἰς
3620 5110 3918 5182 ἐπίγνωσιν,

2321 5209 2453 5254 Θεοῦ
2477 5210 2567 5253 τοῦ
2622 5210 2788 5254 ταῦτα
2834 5204 3345 5275 θαυματουργοῡντος
3403 5202 3666 5262 ἕλκουσαι,
3725 5198 3774 5252 οἳ
3830 5203 3921 5251 καὶ

2318 5293 2488 5359 Μέγας
2519 5291 2544 5341 ό
2585 5293 2713 5352 Θεὸς
2744 5299 2841 5342 τῶν
2884 5298 3230 5361 Χριστιανῶν,
3281 5288 3455 5360 ἐϐόων,
3504 5290 3529 5341 ὁ
3596 5285 3668 5341 δι’
3696 5286 3921 5341 Ἐλευθε-

2317 5382 2432 5451 ρίου
2465 5380 2588 5449 ἡμῖν
2616 5384 3010 5450 κηρυττόμενος.
3794 5418 3839 5441 τι

575 5469 831 5530 faciebat
858 5466 1140 5522 miracula
1171 5482 1184 5521 :
1213 5466 1309 5538 qui
1361 5466 1560 5530 etiam,
1600 5466 1845 5533 Magnus
1894 5470 1983 5520 est
2024 5463 2179 5519 Deus
2238 5465 2729 5534 Christianorum,
2762 5466 3124 5533 clamabant,
3168 5467 3274 5538 qui
3331 5467 3501 5523 nobis
3560 5464 3922 5538 praedicatur

578 5574 686 5633 per
721 5554 1141 5615 Eleutherium.
