4110 6272
237 300 340 357 I37

230 538 431 592 ραννον,
487 524 577 572 καὶ
624 524 740 571 τότε
785 524 873 591 μεν
904 529 965 594 τῇ
1024 530 1224 596 φρουρᾷ
1260 529 1346 576 τόν
1395 527 1635 599 μάρτυρα
1670 521 1835 577 δίδω-

235 629 340 674 σιν,
402 610 617 682 ὕστερον
675 606 733 662 δὲ
792 606 864 662 δι’
924 609 1046 672 ὅλης
1098 614 1290 684 ἡμέρας
1350 613 1654 685 σκεψαμένῳ
1710 616 1839 685 μετά

234 708 334 750 τῶν
387 698 472 750 ὑπ’
527 700 704 762 αὐτοῦ,
762 708 861 751 ποῦ
918 706 1007 752 καὶ⁹
1063 703 1199 764 ὅπως
1259 702 1569 774 Ἐλευθέριος
1620 705 1835 775 ὑπόσχῃ

236 793 325 846 τὴν
356 794 629 861 τιμωρίαν,
680 785 840 851 ἔδοξε.
890 794 1058 851 Τόπος
1097 794 1187 861 μὲν
1217 793 1246 849 ἡ
1299 794 1516 863 φρουρὰ,
1548 798 1732 863 τρόπος
1781 790 1841 845 δέ

234 880 493 938 οἴκτιστος
548 880 572 929 ό
628 874 722 930 διὰ
777 878 955 951 λιμοῦ.
1015 883 1218 951 Συχνὰς
1287 877 1373 932 οὖν
1431 882 1625 954 ἡμέρας
1678 881 1726 933 ἐν
1772 889 1833 954 τῇ

236 969 411 1039 εἱρκτῇ
464 966 763 1019 ἐπυκτεύετο
792 976 865 1038 τῷ
900 970 1031 1040 λιμῷ
1066 986 1078 1000 ο
1125 967 1231 1020 ἀλλ’
1272 971 1297 1020 ὁ
1335 977 1409 1039 τῷ
1459 969 1645 1027 Δανιὴλ
1690 989 1833 1036 ποτε,

234 1061 325 1108 καὶ
374 1063 445 1126 τῷ
487 1054 640 1126 Ἠλίᾳ
683 1058 809 1127 μετά
853 1063 1035 1122 ταῦτα,
1092 1061 1277 1130 τροφὴν
1337 1054 1431 1109 διὰ
1466 1066 1660 1115 πτηνοῦ
1708 1077 1837 1132 χορ-

235 1149 462 1215 ηγήσας,
494 1149 583 1196 καὶ
624 1152 802 1196 τοῦτον
833 1149 1000 1217 τρέφει
1040 1142 1134 1199 διὰ
1175 1153 1502 1219 περιστερᾶς.
1544 1152 1642 1200 Καὶ
1678 1148 1702 1198 ό
1748 1151 1835 1218 μὲν

237 1231 545 1305 εὐχαρίστει
595 1238 727 1301 Θεῷ,
770 1234 850 1283 ὅτι
895 1242 993 1284 τῶν
1041 1236 1169 1286 ’ἰσων
1208 1242 1317 1296 τοῖς
1356 1235 1599 1307 μεγάλοις
1637 1238 1836 1295 τούτοις

236 1320 460 1383 ἠξίωται
498 1336 510 1348 ⁸
545 1320 571 1371 ὁ
602 1315 660 1371 δὲ
710 1322 955 1393 τύραννος
987 1320 1248 1393 ἐμεμήνει,
1296 1325 1360 1382 ὡς
1406 1323 1649 1383 ἀσθενοῦς
1696 1322 1835 1391 αύτῷ

236 1407 566 1479 ἐλεγχθέντος
622 1415 713 1459 τοῦ
787 1414 1174 1480 μηχανήματος
1238 1431 1250 1442 '
1325 1413 1435 1463 ὅθεν
1502 1417 1589 1463 καὶ
1648 1413 1835 1472 ἵππους

235 1496 449 1569 ἀγρίους
496 1498 596 1549 ύπό
646 1497 805 1567 ζυγὸν
853 1497 1042 1550 κελεύει
1087 1495 1301 1557 δεθῆναι
1354 1505 1444 1551 καὶ
1488 1504 1570 1551 τόν
1617 1500 1838 1553 Ἐλευθέ-

233 1604 368 1660 ριον,
417 1587 498 1637 ἱνα
525 1593 621 1637 τῶν
654 1587 822 1638 ἳππων
868 1585 1079 1658 ἀμαθῶν
1110 1591 1265 1639 ὄντων
1294 1588 1453 1659 ζυγοῦ
1502 1593 1590 1640 καὶ
1621 1587 1836 1660 ἀγρίων,

234 1681 308 1743 τῷ
358 1674 520 1748 ῥοίζῳ
571 1693 625 1727 τε
675 1682 768 1727 τοῦ
815 1675 1046 1748 ἅρματος
1092 1677 1223 1747 ἄγαν
1273 1676 1694 1751 ἐκταραχθέντων
1748 1681 1838 1728 καὶ

1536 307 1704 366 VITA
1747 310 1808 368 S.
1852 308 2292 379 ELEUTHERII.

304 428 386 483 9"
437 425 599 489 Αὖθις
642 426 730 481 οὖν
780 429 973 502 ἀπορία
1025 438 1112 485 καὶ
1150 433 1283 493 λύπη
1333 435 1579 506 λαμϐάνει
1624 440 1709 488 τόν
1752 440 1837 488 τύ·
1867 437 1911 491 Α

3480 327 3587 387 138

2016 442 2100 499 ΙΧ.
2136 446 2357 503 Rursus
2396 463 2539 519 ergo
2586 454 2641 504 et
2678 450 2967 506 haesitatio
3018 456 3074 506 et
3120 466 3377 521 magnus
3421 454 3591 509 dolor

1946 529 2173 587 invadit
2238 540 2579 606 tyranuum.
2634 540 2701 593 Et
2761 542 2901 593 tunc
2952 537 3196 610 quidem
3268 545 3590 611 martyrem

1946 620 2124 676 tradit
2161 623 2221 677 in
2251 626 2579 681 custodiam
2606 642 2619 680 :
2662 632 2868 695 postea
2898 632 3097 682 autem
3127 627 3376 683 eximios
3417 644 3489 684 ex
3520 629 3591 684 iis

1947 707 2051 779 qui
2083 709 2135 764 ei
2183 712 2493 782 parebant,
2542 719 2901 770 convocatos
2942 721 3264 785 congregat
3311 732 3324 771 :
3368 722 3591 773 etcum

1948 798 2173 854 totodie
2191 801 2588 872 deliberasset,
2616 802 2715 859 ubi
2746 808 2802 859 et
2823 819 3086 875 quonam
3117 805 3294 859 modo
3322 805 3590 861 Eleuthe-

1947 886 2067 941 rius
2138 888 2362 945 subiret
2436 890 2816 963 supplicium,
2892 891 3056 946 visus
3129 899 3219 947 est
3292 893 3343 947 ei
3424 893 3591 949 locus

1945 976 2191 1047 quidem
2246 994 2447 1034 carcer
2502 996 2515 1034 :
2551 980 2765 1035 modus
2810 995 2945 1035 vero
2993 980 3249 1035 maxime
3278 981 3592 1038 miserabi-

1944 1062 2035 1128 lis,
2091 1081 2306 1138 nempe
2356 1082 2462 1137 per
2508 1066 2751 1123 famem.
2808 1070 2874 1122 Et
2925 1072 3246 1140 postquam
3291 1069 3415 1125 haec
3461 1071 3593 1126 visa

1946 1157 2101 1217 sunt,
2148 1153 2366 1209 multos
2418 1155 2660 1227 quidem
2701 1156 2827 1211 dies
2870 1154 2933 1209 in
2990 1171 3224 1211 carcere
3270 1157 3593 1213 decertavit

1945 1256 2082 1295 cum
2135 1242 2310 1297 fame.
2372 1244 2485 1299 Sed
2543 1244 2646 1315 qui
2715 1244 2856 1299 olim
2913 1243 3135 1298 Danieli
3191 1246 3211 1280 ³
3263 1250 3320 1299 et
3375 1245 3507 1300 Eliae
3569 1247 3590 1281 ο

1946 1345 2051 1400 per
2080 1330 2380 1386 volucrem
2414 1331 2763 1387 alimentum
2807 1331 3225 1403 suppeditavit,
3280 1347 3418 1387 eum
3448 1349 3594 1404 quo-

1945 1434 2057 1488 que
2084 1417 2185 1473 alit
2212 1434 2317 1490 per
2341 1420 2706 1488 columbam,
2730 1424 2785 1475 et
2809 1420 2859 1491 ej
2871 1437 2939 1474 us
2969 1419 3240 1476 animam
3261 1421 3468 1492 implet
3491 1422 3593 1477 bo-

1947 1505 2062 1559 nis.
2118 1509 2180 1560 Et
2235 1506 2328 1563 ille
2379 1508 2627 1579 quidem
2704 1507 2919 1577 agebat
2983 1508 3227 1577 gratias,
3284 1509 3445 1579 quod
3496 1509 3591 1564 his

1948 1594 2184 1662 magnis
2208 1594 2383 1650 bonis
2413 1596 2485 1650 sit
2508 1596 2725 1665 dignus
2753 1595 2995 1650 habitus
3029 1612 3041 1650 :
3084 1602 3371 1668 tyrannus
3396 1602 3597 1653 autem

1947 1680 2303 1748 insaniebat,
2325 1688 2380 1740 et
2397 1683 2564 1755 quod
2586 1689 2897 1745 ostensum
2920 1690 3074 1739 esset
3096 1685 3598 1740 machinationem

236 1762 549 1835 πλημμελῶς
597 1768 898 1837 φερομένων,
963 1767 988 1816 ό
1032 1768 1231 1837 μάρτυς
1275 1770 1485 1841 πέτραις
1534 1772 1623 1819 καὶ
1667 1765 1835 1828 ἄλλοις

1952 1768 2128 1826 fuisse
2153 1771 2534 1836 imbecillam,
2559 1771 2920 1827 efferabatur
2947 1789 2959 1827 :
2996 1776 3054 1827 et
3076 1771 3210 1827 ideo
3235 1788 3420 1844 equos
3444 1773 3599 1828 feros

237 1859 762 1927 προσαρασσόμενος,
803 1857 894 1915 τὰς
941 1856 1141 1928 σάρκας
1171 1850 1506 1927 διασπασθῇ,
1547 1860 1637 1907 καὶ
1682 1856 1840 1926 μελη-

242 1937 336 1993 δὸν
401 1947 712 2004 κατακοπεὶς
763 1941 1022 2017 ἀπορρήξῃ
1078 1947 1166 2001 τὴν
1223 1943 1427 2015 ψυχήν.
1485 1945 1616 1996 Ἀλλ’
1666 1948 1839 2018 ὥσπερ

242 2029 434 2092 ἐκεῖνος
512 2031 605 2083 ούκ
670 2034 853 2103 ἔκαμνε
915 2034 983 2083 τὰ
1054 2036 1185 2105 πρὸς
1263 2029 1549 2108 διαφθορὰν
1607 2034 1839 2106 ἐνεργῶν,

241 2119 409 2181 οὕτως
459 2116 583 2172 ούδε
624 2123 850 2193 Χριστὸς
886 2123 951 2172 τὰ
1004 2125 1133 2193 πρὸς
1182 2126 1443 2194 σωτηρίαν
1499 2122 1778 2195 οἰκονόμων
1827 2139 1840 2153 '

242 2208 457 2279 ἄγγελος
500 2211 602 2281 γὰρ
655 2208 710 2271 ἐξ
764 2209 984 2283 ούρανοῦ
1037 2208 1275 2276 ἐπιστὰς,
1326 2214 1447 2273 τούς
1496 2210 1711 2283 ἀγρίους
1763 2212 1843 2264 ἶπ-

240 2315 374 2358 πους
419 2295 636 2357 ἐκείνους
687 2298 911 2369 ἡμέρους
965 2299 1108 2370 ἄφνω
1160 2296 1339 2363 ἐποίει,
1403 2305 1489 2352 καὶ
1543 2303 1629 2352 τόν
1681 2299 1844 2353 Ἐλευ-

240 2386 406 2457 θέριον
443 2384 626 2450 λύσας,
677 2384 967 2449 ἕπιϐιϐάζει
1012 2395 1084 2457 τῷ
1130 2385 1347 2460 ἅρματι,
1401 2392 1649 2463 καὶπρὸς
1677 2392 1735 2441 τό
1778 2396 1839 2461 τῇ

236 2473 381 2527 πόλει
430 2482 687 2546 γειτονοῦν
736 2477 853 2549 ὅρος
911 2478 1031 2537 τοὺς
1099 2476 1290 2537 ἵππους
1362 2476 1558 2541 ἰθύνας,
1635 2476 1842 2540 ἀλύπως

234 2568 325 2615 καὶ
403 2563 605 2635 ὁμαλῶς
674 2561 895 2616 ἀνελθεῖν
974 2566 1062 2615 τὸν
1133 2565 1378 2638 μάρτυρα
1459 2568 1834 2637 παρεσκεύασε.

236 2656 581 2724 Προσγίνεται
627 2648 686 2705 δὲ
727 2654 889 2723 τούτῳ
932 2656 1021 2704 καὶ
1073 2653 1237 2725 ἔτερόν
1277 2672 1328 2705 τι
1355 2661 1454 2705 τῶν
1501 2650 1833 2726 παραδόξων.

236 2746 318 2794 Ἐν
369 2749 441 2812 τῷ
496 2745 601 2812 ὄρει
649 2743 749 2815 γὰρ
805 2745 1075 2813 γενομένου
1131 2748 1221 2794 τοῦ
1269 2742 1551 2815 μάρτυρος,
1608 2747 1697 2795 καὶ
1748 2746 1835 2795 τόν

236 2832 365 2882 Θεὸν
420 2831 651 2890 συνήθως
697 2829 974 2893 αἰνοῦντος,
1033 2830 1217 2900 ἄρκτοι
1254 2835 1345 2881 καὶ
1396 2830 1607 2892 λέοντες,
1662 2835 1749 2883 καὶ
1794 2834 1836 2882 εἳ

234 2937 289 2969 τι
352 2916 475 2969 ἄλλο
524 2925 623 2969 τῶν
690 2916 955 2990 ἀνημέρων
1021 2920 1211 2989 θηρίων
1290 2917 1671 2990 προσελθόντες,
1742 2939 1836 2970 κυ-

235 3005 423 3057 κλοῦσί
452 3024 507 3056 τε
553 3008 641 3056 τόν
669 3011 761 3057 τοῦ
791 3010 924 3056 Θεοῦ
966 3000 1148 3056 δοῦλον
1191 3010 1281 3056 καὶ
1330 3010 1714 3076 περισαίνουσι,
1746 3010 1834 3058 καὶ

1952 1864 2008 1914 et
2035 1860 2281 1915 minime
2308 1864 2676 1925 mansuetos,
2704 1860 2788 1915 eis
2808 1859 2983 1929 longe
3014 1860 3245 1924 saevior,
3272 1860 3438 1931 jubet
3457 1863 3600 1932 jugo

1954 1947 2203 2017 alligari,
2234 1955 2289 2004 et
2320 1949 2403 2004 eis
2432 1948 2612 2006 etiam
2639 1948 2867 2018 alligari
2896 1947 3292 2003 Eleutherium
3322 1963 3334 2002 :
3368 1953 3432 2004 ut
3460 1965 3599 2005 cum

1952 2038 2112 2110 equi,
2135 2037 2238 2109 qui
2255 2038 2471 2108 jugum
2497 2037 2645 2092 ferre
2672 2052 2787 2092 non
2812 2036 3161 2102 didicerant,
3187 2042 3242 2092 et
3263 2042 3429 2093 erant
3455 2039 3599 2094 alio-

1953 2127 2055 2199 qui
2080 2125 2205 2192 feri,
2235 2126 2482 2199 strepitu
2508 2141 2716 2181 currus
2742 2124 2914 2181 valde
2943 2131 3137 2180 essent
3167 2126 3512 2196 perturbati,
3546 2132 3603 2183 et

1951 2215 2070 2270 huc
2114 2218 2171 2270 et
2198 2214 2334 2270 illuc
2383 2218 2602 2269 temere
2651 2213 2961 2280 ferrentur,
3009 2213 3275 2284 martyri,
3320 2215 3497 2284 petris
3544 2219 3601 2270 et

1953 2303 2082 2359 aliis
2110 2302 2292 2369 alliso,
2353 2302 2769 2358 divellerentur
2816 2305 2873 2356 et
2922 2300 3320 2357 lacerarentur
3363 2318 3596 2373 carnes,

1952 2396 2016 2447 ut
2039 2392 2123 2447 sic
2140 2390 2543 2462 particulatim
2562 2394 2617 2444 et
2640 2389 3017 2445 membratim
3038 2390 3332 2456 concisus,
3359 2389 3598 2446 abrum-

1949 2483 2113 2551 peret
2156 2478 2446 2535 animam.
2504 2476 2617 2534 Sed
2674 2492 2783 2532 nec
2814 2477 2938 2532 haec
2982 2476 3034 2531 ei
3065 2483 3477 2547 processerunt
3524 2495 3596 2534 ex

1948 2567 2135 2623 animi
2165 2568 2453 2622 sententia
2480 2582 2493 2632 ;
2524 2565 2631 2621 sed
2647 2565 2955 2637 quomodo
2979 2564 3074 2619 ille
3095 2580 3217 2619 non
3238 2565 3511 2622 cessabat
3526 2582 3597 2623 ea

1945 2656 2197 2726 operari.
2228 2670 2364 2727 quae
2398 2653 2474 2709 ad
2500 2654 2618 2708 vim
2644 2652 2981 2708 faciendam
3009 2652 3401 2723 pertinebant,
3432 2657 3490 2708 et.
3518 2654 3597 2711 ad

1945 2741 2312 2799 afferendum
2345 2740 2647 2796 interitum
2680 2756 2693 2794 :
2744 2740 2825 2795 ita
2850 2754 2959 2794 nec
3004 2739 3264 2795 Christus
3289 2754 3361 2795 ea
3402 2741 3597 2811 provi-

1944 2832 2104 2899 dere,
2132 2846 2268 2902 quee
2295 2828 2651 2900 spectabant
2675 2827 2753 2883 ad
2785 2827 3060 2884 salutem.
3088 2827 3345 2897 Angelus
3375 2826 3535 2882 enim
3560 2842 3592 2882 e

1944 2919 2088 2975 coelo
2109 2917 2459 2983 adveniens,
2492 2922 2548 2972 et
2575 2917 2727 2973 feros
2754 2915 2883 2971 illos
2909 2931 3095 2987 equos
3124 2918 3364 2987 repente
3394 2915 3592 2971 reddi-

1943 3008 2031 3063 dit
2055 3008 2224 3063 mites
2251 3010 2308 3062 et
2339 3010 2683 3062 mansuetos
2716 3022 2728 3059 :
2770 3008 2829 3060 et
2856 3020 2993 3059 cum
3024 3002 3299 3060 solvisset
3327 3002 3593 3059 Eleuthe-

235 3089 325 3145 οἷα
374 3101 467 3155 τῆς
520 3090 710 3144 ἐκείνου
765 3096 1002 3144 συνιέντα
1053 3100 1241 3164 φωνῆς,
1290 3091 1610 3163 συνευλογείν
1644 3112 1698 3144 τε
1746 3098 1835 3145 καὶ

1946 3097 2121 3162 rium,
2153 3112 2289 3151 eum
2329 3094 2588 3149 immittit
2617 3093 2677 3149 in
2709 3109 2953 3149 currum
2982 3109 2995 3147 :
3028 3096 3083 3147 et
3110 3108 3249 3147 cum
3279 3091 3593 3150 direxisset

233 3187 544 3255 προσκυνεῖν
593 3182 853 3255 ὥρμηντο,
905 3184 990 3233 καὶ
1032 3188 1185 3233 τοῦτο
1238 3177 1426 3237 ἐδήλου
1482 3188 1541 3251 τῇ
1602 3200 1655 3233 τε
1712 3184 1835 3252 πρός

228 3278 330 3341 γῆν
376 3272 564 3331 νεύσει,
610 3273 700 3321 καὶ
755 3276 817 3341 τῇ
870 3271 996 3341 πρός
1045 3267 1171 3339 ἀέρα
1224 3276 1323 3320 τῶν
1376 3266 1551 3321 ποδῶν
1600 3269 1832 3344 ἐπάρσει,

229 3363 321 3411 καὶ
350 3366 412 3431 τῇ
447 3357 571 3431 ἄλλῃ
608 3354 931 3409 διατυπώσει
969 3364 1060 3409 τοῦ
1094 3362 1353 3428 σώματος.

1945 3199 2133 3255 equos
2188 3182 2266 3237 ad
2325 3185 2588 3236 montem
2646 3180 2906 3235 vicinum
2963 3179 3203 3248 civitati,
3258 3179 3467 3244 effecit,
3530 3184 3592 3235 ut

1946 3276 2174 3342 martyr
2204 3269 2549 3326 ascenderet
2575 3267 2780 3322 leniter
2810 3273 2866 3323 et
2894 3267 3144 3338 placide.
3177 3267 3236 3322 Ei
3260 3283 3400 3323 vero
3429 3267 3590 3323 aliud

1943 3375 2187 3431 quoque
2214 3357 2441 3414 accedit
2492 3354 2842 3413 admirabile
2895 3359 2952 3410 et
2981 3359 3186 3410 contra
3220 3355 3586 3426 opinionem.

231 3450 381 3504 Nam
411 3462 546 3502 cum
576 3445 756 3501 sicin
798 3449 1067 3501 montem
1099 3446 1356 3501 venisset
1402 3449 1646 3518 martyr,
1692 3451 1747 3504 et
1774 3448 1989 3505 deinde
2034 3447 2321 3503 rationale
2362 3445 2741 3509 sacriﬁcium,
2775 3448 3123 3499 consuetam
3177 3445 3289 3498 Deo
3321 3443 3587 3509 laudem,

234 3534 620 3601 sacriﬁcaret,
651 3551 787 3607 quae
818 3534 1068 3590 aderant
1097 3533 1405 3603 animalia,
1448 3535 1566 3590 ursi
1593 3541 1649 3591 et
1675 3535 1899 3607 leones,
1921 3544 1975 3594 et
2007 3538 2053 3592 si
2098 3552 2234 3609 quae
2265 3538 2433 3590 erant
2462 3533 2593 3589 alia).
2640 3532 2798 3597 ferae,
2829 3531 3177 3587 accedentes
3216 3532 3589 3599 circumdari;

234 3624 335 3680 Dei
364 3622 676 3691 famulum,
719 3628 775 3679 et
802 3623 857 3679 ei
897 3622 1286 3679 blandiuntur
1316 3637 1330 3675 :
1364 3626 1421 3679 et
1446 3625 1737 3696 tanquam
1767 3625 1924 3682 illius
1959 3640 2164 3681 vocem
2188 3622 2597 3691 intelligentes,
2633 3619 2981 3675 benedicere
3012 3624 3319 3690 coeperunt
3349 3624 3404 3674 et
3434 3619 3587 3675 ado-

233 3728 387 3779 rare,
420 3717 477 3768 et
514 3712 632 3768 hoc
661 3710 1100 3782 signiﬁcabant,
1128 3711 1295 3783 quod
1323 3715 1379 3768 et
1425 3711 1486 3767 in
1540 3716 1757 3770 terram
1783 3718 2137 3780 annuerent,
2195 3718 2252 3767 et
2294 3726 2501 3766 rursus
2525 3710 2585 3765 in
2614 3723 2814 3765 aerem
2864 3706 3119 3778 pedibus
3156 3706 3489 3772 eﬂ‘erentur,
3532 3712 3588 3764 et

233 3802 364 3859 aliis
394 3803 572 3858 etiam
599 3801 864 3871 gestibus
887 3801 1175 3872 corporis.

305 3890 361 3946 Γ.
414 3890 570 3943 Ἀλλὰ
616 3892 681 3942 τὰ
734 3893 824 3963 μὲν
876 3893 1034 3962 θηρία
1085 3890 1218 3942 οὕτω
1268 3894 1362 3948 τὴν
1411 3895 1623 3964 χορείαν
1682 3890 1831 3950 inhi-

232 3999 371 4053 ρουν,
436 3981 608 4053 ὥσπερ
667 3978 978 4052 χορολέκτου
1045 3983 1134 4031 καὶ
1184 3983 1551 4052 πρωτοστάτου
1603 3985 1832 4051 τυχόντα

233 4076 326 4121 τοῦ
377 4071 638 4143 μάρτυρος
680 4088 692 4100 ’

232 4153 359 4210 ούδὶ
407 4166 505 4209 τῶν
567 4159 757 4230 θηρίων
822 4157 987 4209 αὐτῶν
1043 4153 1221 4229 ᾐδεῖτο
1283 4161 1376 4214 τὴν
1427 4159 1630 4209 σύνεσιν
1688 4175 1699 4185 ⁸
1761 4156 1827 4217 εἰς

750 4064 1030 4142 Ἀδριανὸς
1075 4065 1134 4120 δε
1183 4067 1288 4139 ούχ
1337 4069 1416 4120 ὅτι
1471 4070 1674 4133 τούτου,
1722 4067 1828 4119 ἀλλ’

2019 3892 2075 3945 Χ.
2121 3888 2234 3946 Sed
2265 3887 2350 3943 sic
2395 3885 2639 3959 quidem
2687 3884 2847 3951 ferte,
2901 3883 3145 3955 perinde
3175 3899 3244 3939 ac
3292 3884 3340 3938 si
3370 3888 3590 3957 martyr

1941 3983 2094 4036 esset
2121 3976 2289 4033 chori
2309 3974 2610 4031 institutor
2631 3979 2686 4028 et
2706 3973 2934 4037 ductor,
2962 3977 3019 4027 et
3046 3988 3182 4027 eum
3201 3971 3251 4026 is
3275 3972 3591 4044 incepisset

1938 4081 2172 4134 canere,
2200 4080 2283 4120 eae
2301 4078 2543 4136 quoque
2565 4061 2848 4117 choream
2870 4059 3589 4131 implentescircumsilie-

1935 4153 2081 4210 bant
2107 4158 2161 4208 et
2186 4152 2357 4223 quasi
2388 4148 2852 4221 respondebant,
2883 4152 2938 4202 et
2967 4148 3341 4217 magistrum,
3381 4148 3586 4219 quoad

229 4246 389 4304 ἀκοὴν
444 4248 543 4320 γὰρ
593 4245 790 4298 ἐκείνων
860 4245 1037 4313 ἐλθὼν,
1098 4242 1375 4318 Ἀδριανός
1436 4240 1495 4302 ἦν
1555 4246 1580 4296 ὁ
1651 4244 1821 4312 αύτός,

1946 4242 1985 4312 ej
1995 4258 2062 4296 us
2073 4239 2198 4294 ﬁeri
2217 4242 2463 4309 poterat,
2490 4237 2891 4308 sequebantur
2912 4234 3357 4290 admirabiliter.
3378 4235 3585 4292 Adria-

228 4334 398 4405 πολλῷ
469 4339 558 4387 καὶ
631 4336 821 4410 θηρίων
887 4338 976 4386 καὶ
1050 4337 1173 4385 ὄνων
1239 4331 1567 4405 ἀνοητότερός
1631 4352 1684 4384 τε
1735 4336 1824 4383 καὶ

230 4422 543 4495 ἀγριώτερος
602 4442 615 4455 ·
670 4422 729 4475 ού
777 4427 929 4495 μόνον
975 4424 1076 4494 γὰρ
1124 4419 1337 4492 βελτίων
1385 4417 1533 4472 οῦδὲν
1585 4418 1684 4471 ἀπὸ
1732 4426 1824 4471 τοῦ

230 4513 497 4584 θαύματος
568 4516 787 4583 γέγονεν,
867 4509 993 4562 ἀλλά
1044 4514 1133 4561 καὶ
1203 4512 1527 4581 στρατιώτας
1594 4507 1825 4580 ξιφήρεις

228 4603 441 4672 ἔπεμπε,
502 4602 684 4653 θᾶττον
744 4598 1164 4671 συλληψομένους
1225 4601 1311 4649 τὸν
1377 4596 1706 4671 Ἐλευθέριον,
1761 4599 1826 4649 τὰ

231 4685 293 4741 δὲ
338 4690 508 4761 θηρία,
569 4690 637 4749 ὡς
687 4686 722 4739 ἆ
777 4685 1000 4761 ἀκριϐῶς
1048 4682 1225 4740 εἰδότα
1270 4690 1359 4738 καὶ
1414 4685 1589 4757 φίλους
1643 4691 1825 4759 κρίνειν

230 4784 325 4829 τοῦ
356 4776 546 4829 ἑαυτῶν
600 4772 859 4829 δεσπότου
903 4781 991 4829 καὶ
1037 4774 1331 4848 πολεμίους,
1382 4778 1446 4835 ὡς
1489 4780 1642 4846 μόνον
1690 4770 1825 4827 εἶδον

230 4870 353 4928 τούς
412 4870 753 4940 στρατιώτας,
812 4869 1015 4937 ταχέως
1070 4864 1323 4937 ἐφέροντο,
1382 4868 1471 4915 καὶ
1517 4870 1706 4935 μικροῦ
1767 4861 1826 4913 ἂν

233 4960 326 5008 καὶ
359 4951 715 5007 διεσπάσαντο
757 4957 969 5017 τούτους
999 4958 1184 5027 κέρασι
1212 4958 1301 5006 καὶ
1340 4948 1574 5016 ὀδοῦσιν,
1610 4951 1652 5003 εἰ
1697 4956 1767 5023 μὴ
1802 4953 1826 5003 ὁ

233 5044 432 5116 μάρτυς
497 5049 601 5104 τοῖς
651 5046 739 5115 μὲν
814 5044 879 5103 ὡς
924 5047 1043 5117 περί
1100 5062 1215 5094 τινα
1270 5041 1483 5114 χαλινὸν
1541 5044 1624 5092 τὸν
1680 5040 1828 5110 λόγον

232 5130 488 5203 ἐμϐαλὼν,
543 5132 655 5183 ὅθεν
714 5127 866 5188 ἦλθον
924 5128 1180 5183 ἐπανιέναι
1224 5134 1553 5202 προσέταττε,
1610 5136 1721 5190 τοῖς
1771 5124 1829 5180 δὲ

234 5225 580 5294 στρατιώταις
625 5219 785 5280 λύσας
836 5221 923 5271 τὸν
982 5218 1153 5292 φόϐον,
1213 5224 1301 5271 καὶ
1355 5222 1447 5276 τὴν
1500 5218 1609 5287 μεθ’
1664 5216 1828 5269 ὅπλων

231 5308 429 5362 ὒευσιν
476 5304 756 5371 ὀνειδίσας.
791 5307 867 5360 Ού
914 5309 1015 5383 γὰρ
1046 5306 1129 5359 ἐπί
1181 5327 1315 5373 τινα,
1348 5311 1526 5379 φησὶν,
1577 5302 1826 5377 ἀνδροφο-

230 5417 315 5450 νον
345 5398 375 5457 ἦ
430 5396 630 5469 λῃστὴν
676 5397 876 5464 ἤλθετε,
931 5396 1021 5458 οὓς
1067 5392 1173 5449 ἔδει
1223 5397 1436 5468 νεύματι
1470 5401 1608 5466 μόνῳ
1660 5398 1830 5466 σημὴ-

302 5488 325 5524 “
358 5488 501 5543 Dan.
533 5502 649 5543 11v.
684 5487 706 5522 θ
737 5485 811 5542 III
836 5488 973 5555 Reg.
1007 5488 1147 5543 xvii.

477 5579 711 5632 PATROL.
745 5576 847 5632 Gn.
878 5576 1024 5631 CXV.

1932 4344 2046 4384 nus
2063 4330 2264 4383 autem
2280 4339 2399 4381 non
2420 4323 2611 4379 solum
2633 4322 2932 4394 martyris,
2953 4322 3057 4377 sed
3074 4337 3147 4376 ne
3169 4322 3436 4393 ipsarum
3454 4324 3584 4394 qui-

1932 4416 2070 4472 dem
2096 4414 2355 4470 ferarum
2385 4410 2764 4467 reverebatur
2789 4409 3255 4478 intelligentiam:
3299 4409 3403 4465 sed
3441 4426 3579 4467 cum

1932 4505 2010 4563 ad
2051 4503 2180 4560 illas
2219 4500 2482 4558 venisset
2524 4498 2874 4563 audiendas,
2914 4502 3039 4555 erat
3074 4498 3234 4554 idem
3283 4498 3579 4555 Adrianus

1934 4593 2134 4651 multis
2165 4591 2341 4648 etiam
2389 4589 2527 4645 feris
2564 4592 2622 4643 et
2655 4587 2836 4643 asinis
2888 4586 3255 4658 insipientior
3279 4592 3334 4644 et
3376 4588 3580 4646 effera-

1935 4684 2065 4740 tior.
2099 4680 2255 4737 Multi
2311 4678 2489 4743 enim,
2523 4676 2742 4750 quibus
2780 4692 2936 4732 curae
2967 4680 3091 4731 erat
3135 4676 3391 4742 venatio,
3440 4693 3578 4732 cum

1934 4772 2062 4828 haec
2094 4769 2213 4825 suis
2243 4769 2526 4824 vidissent
2557 4764 2765 4831 oculis,
2798 4764 3209 4820 renuntiarunt
3238 4763 3582 4836 imperatori

1937 4860 2041 4915 sed
2072 4858 2166 4914 ille
2192 4864 2333 4922 erat,
2368 4860 2431 4910 ut
2461 4857 2550 4909 est
2577 4855 2636 4909 in
2669 4852 3005 4925 proverbio,
3032 4852 3235 4908 asinus
3262 4852 3336 4907 ad
3364 4852 3580 4924 lyram.

1938 4951 2065 5005 Non
2095 4947 2290 5003 solum
2320 4944 2479 5001 enim
2510 4942 2796 4999 miraculo
2827 4941 2969 4997 nihil
3002 4941 3195 4996 evasit
3223 4940 3452 5007 melior,
3479 4941 3585 4997 sed

1938 5038 2115 5094 etiam
2147 5037 2409 5091 armatos
2442 5032 2636 5089 emisit
2673 5030 2909 5093 milites,
2942 5046 3080 5085 mox
3121 5030 3588 5100 comprehensu-

1938 5142 2035 5182 ros
2083 5122 2500 5180 Eleutherium.
2546 5122 2701 5176 Ferae
2744 5124 2943 5175 autem
2991 5133 3112 5172 non
3152 5116 3590 5174 conservabant

1937 5230 2145 5287 parem
2174 5212 2234 5267 in
2256 5211 2385 5266 illos
2414 5207 2860 5265 observantiam
2893 5225 2905 5264 :
2933 5205 3037 5261 sed
3066 5210 3126 5260 ut
3150 5221 3286 5277 quae
3309 5210 3585 5262 accurate

1940 5302 2153 5358 scirent
2180 5300 2271 5356 sui
2300 5298 2531 5354 domini
2559 5297 2892 5351 discernere
2936 5294 3163 5350 amicos
3201 5299 3258 5349 et
3281 5294 3576 5363 inimicos,

1940 5407 2075 5447 cum
2108 5390 2367 5462 primum
2417 5402 2519 5441 eos
2552 5383 2846 5449 viderunt,
2879 5382 3181 5438 celerrime
3220 5382 3280 5437 in
3314 5398 3415 5438 eos
3440 5382 3587 5437 fere-

3129 5562 3161 5616 5
