4110 6272
586 295 681 348 139

1961 279 2004 329 Μ
2017 271 2210 328 ENSIS
2251 271 2530 325 APRILIS

3842 263 3943 316 HO

575 418 794 473 bantur
824 433 836 471 :
871 423 926 470 et
973 431 1182 486 parum
1235 413 1435 477 abfuit,
1488 410 1632 481 quin
1675 423 1776 463 eos
1811 402 2213 471 discerperent

2325 416 2504 457 ναντας
2551 401 2635 448 τόν
2685 398 2993 466 ζητούμενον
3045 396 3184 464 ἔχειν
3239 392 3499 463 ἑπόμενον.
3550 391 3736 450 Οὕτως
3789 390 3942 441 εἰπὼν

576 505 855 560 cornibus
908 508 962 560 et
1009 503 1309 565 dentibus,
1365 501 1474 555 nisi
1528 503 1754 568 martyr
1807 493 1918 548 illis
1969 488 2214 563 quidem

575 599 863 665 tanquam
885 592 1050 646 freno
1072 590 1272 662 aliquo
1305 604 1424 645 non
1451 584 1820 659 aspectabili,
1848 581 2064 652 injecta
2086 590 2217 632 ora-

574 682 749 750 tione,
785 681 1058 750 jussisset
1095 695 1196 734 eas
1245 678 1457 733 reverti
1504 675 1662 732 unde
1715 675 2018 728 venerant.
2071 667 2215 721 Cum

572 769 855 825 militibus
885 784 1019 824 vero
1050 772 1272 823 metum
1309 765 1599 829 solvisset,
1652 768 1707 818 et
1735 761 1838 833 qui
1868 774 2005 815 cum
2035 757 2217 812 armis

2326 490 2598 560 προθύμως
2653 485 2918 543 ἠκολούθει
2975 502 2984 512 ·
3042 482 3205 534 πολλά
3259 478 3317 534 δὲ
3376 484 3511 533 κατά
3569 485 3663 537 τὴν
3725 485 3942 549 πορείαν

2325 579 2524 634 τούτοις
2582 572 2962 644 διαλεγόμενος,
3020 570 3248 630 ἐπιεικῶς
3294 589 3346 622 τε
3400 578 3662 641 παραινῶν
3711 573 3815 619 καὶ
3870 565 3944 620 δι-

2328 662 2561 729 δάσκων,
2625 662 2825 722 πολλοῖς
2878 661 3044 712 αὐτῶν
3105 665 3163 712 τό
3225 667 3320 721 τῆς
3378 657 3623 720 ἀληθείας
3671 656 3945 729 ἐπέλαμψε

2330 764 2451 826 φῶς.

573 857 804 914 fuerant
829 857 913 912 eis
943 857 1266 913 adventum
1296 853 1715 925 exprobrasset
1754 855 1969 920 (neque
2005 847 2165 901 enim
2198 850 2276 904 ad
2306 841 2669 917 parricidam
2708 839 2970 911 aliquem
3019 837 3250 893 venisse
3281 841 3384 893 aut
3413 836 3734 902 latronem,
3781 851 3946 907 quos

575 945 909 1017 oportebat,
942 960 1079 1000 cum
1111 949 1259 998 nutu
1298 942 1494 997 solum
1541 939 1994 1010 significassent,
2027 942 2374 1007 sequentem
2423 931 2646 986 habere
2677 945 2836 992 eum,
2869 927 2974 1000 qui
3027 926 3105 982 ab
3132 927 3214 982 eis
3259 926 3585 998 quaeritur),
3637 927 3761 981 hoc
3808 941 3946 980 cum

574 1015 835 1096 dixisset.
890 1033 1022 1088 laeto
1060 1035 1118 1087 et
1156 1030 1336 1088 alacri
1375 1029 1577 1085 animo
1628 1027 2009 1098 sequebatur,
2056 1025 2311 1081 multum
2361 1021 2661 1077 disserens
2708 1017 2767 1072 in
2808 1017 3053 1072 itinere:
3087 1021 3143 1071 et
3192 1015 3240 1070 si
3285 1015 3430 1070 nihil
3482 1015 3671 1080 aliud,
3728 1015 3949 1068 dicens

573 1128 845 1195 oportere
874 1137 974 1176 eos
1006 1119 1256 1176 revereri
1309 1118 1567 1174 ferarum
1606 1113 2071 1184 intelligentiam,
2105 1118 2160 1169 et
2188 1129 2260 1169 ex
2289 1113 2372 1169 eis
2425 1123 2640 1180 capere
2670 1112 2895 1162 certum
2940 1103 3283 1176 exemplum
3334 1103 3413 1160 ad
3439 1120 3598 1174 eum,
3629 1104 3738 1176 qui
3773 1104 3947 1175 ipsos

575 1192 814 1277 creavit,
867 1209 1339 1281 agnoscendum.
1392 1205 1610 1261 Deinde
1649 1207 1870 1276 optime
1917 1220 2054 1258 cum
2097 1202 2181 1257 eis
2228 1199 2510 1257 disseruit
2552 1197 2626 1252 de
2673 1210 2859 1264 regno
2907 1193 3193 1250 caelorum
3238 1199 3294 1249 et
3337 1192 3613 1262 gehenna
3665 1210 3679 1248 :
3741 1198 3808 1248 et
3869 1192 3949 1246 sic

575 1314 681 1370 per
710 1304 893 1356 totam
923 1297 1078 1354 viam
1109 1294 1536 1368 benignissime
1563 1294 1896 1348 admonens
1920 1296 1976 1347 et
2005 1291 2244 1355 docens,
2301 1293 2528 1346 tantam
2558 1285 2683 1342 vim
2727 1284 2958 1349 habuit,
2993 1288 3054 1339 ut
3083 1283 3284 1338 multis
3310 1299 3381 1338 ex
3407 1283 3490 1338 eis
3523 1282 3944 1354 persuaderet,

575 1386 970 1458 efﬁceretque,
1002 1390 1064 1441 ut
1091 1385 1194 1440 lux
1225 1383 1479 1439 veritatis
1507 1382 1724 1437 luceret
1752 1381 1811 1436 in
1837 1380 2072 1436 illorum
2103 1378 2342 1434 animis.

627 1509 710 1562 ΧΙ.
741 1505 1061 1573 Postquam
1083 1513 1220 1554 vero
1246 1500 1494 1553 Romam
1516 1501 1931 1568 pervenerunt,
1961 1496 2214 1565 impera-
2244 1495 2285 1548 Β

569 1602 663 1653 tor
692 1592 888 1648 statim
927 1588 1253 1644 maximam
1291 1590 1577 1641 convocat
1605 1584 1975 1648 concionem,
2009 1582 2212 1636 volens

567 1686 788 1743 habere
832 1679 1123 1752 plurimos
1165 1681 1340 1730 testes
1397 1674 1663 1730 interitus
1719 1671 2021 1743 martyris.
2068 1673 2212 1725 Cum

566 1780 767 1832 autem
799 1771 1037 1825 fuerunt
1064 1765 1268 1820 omnia
1291 1769 1519 1835 parata,
1548 1768 1604 1818 et
1629 1761 1908 1833 frequens
1943 1760 2216 1815 convenit

567 1859 846 1935 populus,
897 1872 1066 1911 secus
1111 1853 1325 1918 evenit,
1362 1868 1545 1924 quam
1591 1851 1841 1923 putabat
1871 1851 2211 1920 imperator.

565 1951 675 2018 Qui
699 1948 857 2005 enim
872 1945 1122 2001 aderant
1136 1957 1278 2008 ,non
1299 1941 1572 2012 martyris
1585 1938 1915 2003 occisionis,
1942 1938 2044 1992 sed
2060 1937 2206 1992 Chri-

567 2040 658 2103 sti,
690 2052 821 2109 quae
849 2033 909 2089 in
942 2032 1073 2104 ipso
1104 2035 1249 2097 erat,
1279 2028 1508 2083 virtutis
1534 2027 1771 2082 fuerunt
1795 2027 1992 2098 potius
2018 2029 2214 2089 testes,

567 2125 732 2183 omni
762 2121 1107 2192 exceptione
1135 2117 1411 2188 majores.
1441 2119 1588 2170 Nam
1617 2114 1800 2170 leaena
1829 2113 2073 2185 quidem
2115 2113 2218 2168 ad-

570 2213 820 2270 modum
848 2224 1007 2264 sreva
1038 2207 1093 2261 in
1127 2221 1265 2261 eum
1298 2204 1629 2258 immittitur
1662 2219 1674 2257 :
1719 2219 1852 2274 quas
1891 2202 2078 2257 instar
2121 2202 2217 2257 teli

572 2317 795 2371 magno
822 2300 1048 2368 impetu
1072 2295 1238 2350 irruit
1263 2298 1316 2348 et
1341 2293 1416 2348 ad
1437 2297 1707 2348 sanctum
1738 2292 1981 2356 accedit,
2007 2307 2128 2346 non
2157 2295 2220 2346 ut

572 2386 970 2446 Eleutherium
993 2383 1366 2453 discerperet,
1392 2387 1492 2437 aut
1512 2381 1598 2435 vel
1621 2382 1834 2449 exiguo
1857 2395 2062 2435 morsu
2078 2395 2217 2434 eum

573 2476 896 2535 oﬂenderet
929 2493 940 2532 :
972 2472 1076 2527 sed
1106 2471 1300 2542 potius
1346 2475 1406 2524 ut
1437 2468 1590 2523 illius
1622 2469 1805 2540 pedes
1843 2484 1966 2540 ρεαδ
1999 2482 2221 2537 magna

575 2564 1026 2638 amplecteretur
1045 2557 1472 2614 benevolentia.
1501 2557 1670 2622 Quod
1693 2557 1937 2629 quidem
1967 2555 2102 2610 fecit
2123 2572 2219 2610 ac-

575 2668 837 2710 currens.
883 2647 1185 2704 lnclinavit
1225 2646 1384 2700 enim
1427 2646 1714 2699 cervicem
1743 2645 1871 2714 ejus
1913 2643 2168 2713 pedibus
2201 2661 2212 2702 :

572 2741 779 2811 lingua
799 2753 934 2793 vero
946 2735 1255 2791 lambebat
1273 2733 1320 2802 ej
1334 2750 1400 2787 us
1414 2732 1672 2803 plantas.
1692 2731 2010 2786 Videbatur
2022 2736 2221 2786 autem

2396 1491 2494 1546 IA'.
2552 1491 2636 1550 Ὠς
2703 1487 2760 1541 δε
2817 1493 2911 1546 τὴν

2327 1583 2535 1653 θέατρον
2570 1585 2815 1650 μέγιστον
2867 1582 3108 1646 crustata},
3161 1578 3432 1650 μάρτυρας
3478 1576 3760 1637 πλείστους
3795 1580 3944 1647 ἔχειν

2986 1487 3185 1558 Ῥώμην
3242 1486 3535 1552 κατέλαϐεν,
3597 1489 3622 1538 ό
3685 1486 3947 1553 βασιλεὺς

2327 1665 2637 1739 βουλόμενος
2693 1676 2782 1726 τῆς
2835 1674 2925 1718 τοῦ
2979 1668 3240 1737 μάρτυρος
3295 1664 3570 1726 ἀπωλείας.
3623 1666 3943 1718 Τούναντίον

2325 1753 2383 1808 δε
2431 1756 2618 1828 μᾶλλον
2669 1754 2924 1807 ἐπέϐαινεν
2975 1755 3002 1812 ἦ
3065 1751 3234 1806 ἐδόκει
3272 1763 3344 1824 τῷ
3405 1752 3617 1826 βασιλεῖ
3672 1774 3683 1784 ·
3736 1758 3786 1806 οἱ
3837 1761 3942 1829 γὰρ

2323 1851 2570 1919 παρόντες
2644 1845 2700 1895 οὗ
2774 1851 2869 1904 τῆς
2934 1851 3024 1894 τοῦ
3100 1845 3364 1916 μάρτυρος
3417 1843 3747 1916 ἀναιρέσεως,
3812 1843 3943 1894 ἀλλὰ

2323 1944 2418 1995 τῆς
2465 1934 2540 1985 ἐπ’
2589 1933 2724 2003 αὐτῷ
2763 1929 3027 2004 δυνάμεως
3082 1940 3170 1983 τοῦ
3216 1940 3450 2004 Χριστοῦ
3498 1931 3687 2000 μᾶλλον
3732 1935 3941 2006 μάρτυς

2324 2043 2402 2096 ρες
2460 2020 2594 2080 ἦσαν
2659 2030 2877 2093 φανερῶς
2939 2019 3361 2093 ἀπαράγρσπτοι.
3435 2025 3626 2072 Λέαινα
3682 2025 3774 2092 μὲν
3834 2025 3940 2094 γάρ

2325 2111 2464 2179 αὐτῷ
2546 2108 2813 2179 ἐπαφίεται
2891 2110 3025 2159 πάνυ
3092 2106 3268 2180 ἀγρία,
3342 2110 3457 2167 ἣτις
3534 2104 3775 2180 σφοδρῶς
3848 2111 3940 2177 μὲν

2326 2202 2493 2250 ἔπεισι
2535 2206 2604 2267 τῷ
2633 2196 2812 2268 Ἀγίῳ,
2862 2195 2920 2247 οὐ
2971 2200 3072 2266 μὴν
3130 2197 3261 2247 ὥστε
3308 2195 3638 2266 λαφύξασθαι
3680 2198 3711 2254 ἡ
3775 2196 3940 2267 ὀλίγῳ

2330 2284 2564 2358 δήγματι
2601 2286 2856 2348 λυπῆσαι,
2915 2283 3020 2334 ἀλλ’
3052 2286 3184 2335 ὥστε
3233 2287 3347 2342 τοὺς
3398 2283 3589 2335 ἐκείνου
3628 2282 3803 2346 πόδας
3860 2285 3941 2337 ει)-

2326 2385 2506 2436 νοίκῶς
2555 2373 2970 2448 περιπτύξασθαι
3031 2390 3042 2401 ·
3104 2372 3263 2424 ἔκλινε
3315 2376 3403 2443 μὲν
3459 2376 3560 2447 γὰρ
3621 2373 3798 2434 αὐτοῖς
3850 2379 3939 2426 τόν

2329 2465 2547 2534 αὐχένα,
2581 2463 2780 2524 ὑπένιξε
2834 2459 2892 2513 δε
2933 2469 2994 2534 τῇ
3037 2461 3239 2533 γλώττῃ
3297 2463 3362 2512 τά
3399 2464 3549 2532 ἴχνη,
3608 2468 3694 2514 καὶ
3757 2466 3938 2535 ὥσπερ

2329 2555 2527 2624 ἤχθετο
2553 2554 2632 2604 ὅτι
2670 2557 2740 2623 μή
2775 2557 2862 2602 καὶ
2892 2555 3053 2622 φωνήν
3085 2549 3404 2622 ἀνθρωπείαν
3451 2547 3564 2622 εἶχε
3604 2554 3938 2624 συμφθεγγο-

2330 2646 2483 2713 μένην
2548 2643 2673 2712 ὑπὲρ
2729 2638 2988 2701 εὐσεϐείας
3039 2647 3110 2708 τῷ
3186 2641 3432 2712 μάρτυρι.
3492 2639 3568 2690 Οὐ
3635 2636 3694 2692 δὲ
3767 2651 3940 2694 ταῦτα

2330 2733 2570 2782 πείθουσι
2601 2733 2684 2781 τόν
2724 2733 2854 2779 κατά
2900 2733 2984 2779 τόν
3025 2733 3209 2802 Φαραὼ
3255 2725 3670 2800 σκληροκάρδιον
3705 2729 3938 2801 βασιλέα

572 2844 728 2898 aagre
759 2826 926 2889 ferre,
963 2822 1126 2895 quod
1151 2837 1269 2876 non
1298 2820 1471 2875 etiam
1494 2835 1699 2874 vocem
1729 2819 1974 2874 haberet
2012 2819 2213 2875 huma-

2330 2821 2640 2890 μεταμαθεῖν
2715 2823 2807 2875 τὴν
2863 2817 3143 2879 εὐσέϐειαν,
3211 2815 3318 2868 ἀλλ’
3395 2819 3567 2890 ὥσπερ
3639 2818 3933 2882 ἀσθένειαν,

572 2933 735 2985 nam,
762 2930 896 2986 qua;
921 2927 1030 2983 pro
1052 2911 1264 2982 pietate
1282 2909 1621 2979 loqueretur
1646 2923 1779 2961 cum
1805 2914 2080 2977 martyre.
2109 2908 2220 2963 Sed

573 3019 682 3060 nec
699 3004 824 3057 haec
838 2999 1198 3073 persuadent
1210 2996 1574 3067 imperatori,
1596 2997 1696 3067 qui
1711 3002 1835 3051 erat
1855 2997 2003 3051 duro
2018 2997 2215 3063 corde,

573 3093 724 3148 sicut
763 3095 818 3146 et
855 3089 947 3144 ille
990 3089 1235 3151 Pharao,
1277 3093 1340 3140 ut
1368 3084 1642 3155 pietatem
1684 3101 1755 3140 ex
1792 3085 1878 3140 eis
1917 3086 2216 3154 disceret;

573 3181 678 3236 sed
710 3185 772 3234 ut
801 3178 904 3249 qui
931 3175 1184 3231 bestiam
1214 3174 1563 3229 damnasset
1587 3173 2023 3242 imbecillitatis,
2055 3177 2218 3247 quod

572 3286 644 3327 ea
674 3273 826 3325 esset
853 3266 1094 3330 femina,
1124 3264 1293 3335 jubet
1319 3264 1491 3319 etiam
1523 3279 1747 3319 marem
1783 3265 1957 3319 simul
1987 3266 2219 3320 immitti

571 3359 631 3414 in
645 3362 986 3428 martyrem.
1007 3353 1104 3409 llle
1119 3368 1258 3408 vero
1276 3352 1808 3407 velutcontendens
1825 3369 1960 3406 cum
1977 3352 2216 3421 femina,

572 3453 629 3502 et
653 3461 772 3502 non
801 3443 1000 3500 minus
1031 3441 1358 3498 benevolus
1379 3440 1586 3494 volens
1610 3440 1791 3493 videri
1823 3441 1881 3492 in
1911 3441 2218 3510 athletam,

570 3534 730 3592 illam
759 3533 1003 3605 quidem
1025 3529 1250 3602 repellit
1282 3547 1294 3584 :
1320 3530 1445 3600 ipse
1469 3532 1667 3583 autem
1696 3543 2012 3582 accurrens
2036 3528 2218 3599 pedes

572 3622 966 3693 amplectitur,
991 3620 1270 3680 adhaeret,
1297 3615 1520 3681 lambit,
1557 3615 1731 3681 exilit,
1760 3621 1948 3684 gestu,
1974 3622 2216 3688 aspectu

571 3716 629 3766 et
646 3717 810 3764 motu
827 3724 998 3761 suam
1022 3705 1337 3760 annuntiat
1353 3704 1846 3759 benevolentiam.
1865 3708 1943 3759 Ex
1967 3706 2035 3759 iis
2055 3721 2211 3770 vero,

570 3798 672 3871 qui
704 3797 949 3852 aderant
989 3801 1044 3849 et
1085 3795 1210 3847 haec
1249 3792 1545 3856 videbant,
1578 3793 1679 3863 qui
1719 3794 1934 3847 animus
1970 3795 2213 3864 quidem

569 3885 758 3943 oculis
800 3888 1099 3952 utcunque
1139 3879 1537 3945 intuebantur,
1573 3880 1839 3948 protinus
1871 3881 2217 3936 clamabant

570 3988 860 4043 magnum
901 3983 1028 4024 esse
1078 3971 1284 4035 Deum,
1339 3967 1443 4038 qui
1484 3968 1692 4022 colitur
1743 3971 1820 4022 ab
1861 3969 2212 4024 Eleutherio.

569 4064 831 4128 Quorum
855 4063 1053 4114 autem
1080 4056 1291 4111 mentis
1317 4055 1476 4110 visus
1493 4056 1915 4122 cascutiebat,ii
1939 4065 2212 4114 sanctum

2329 2909 2408 2958 ὅτι
2459 2907 2606 2974 θῆλυ,
2657 2910 2936 2977 καταγνοὺς
3003 2914 3096 2957 τοῦ
3183 2907 3386 2978 θηρίου,
3457 2911 3545 2958 καὶ
3603 2907 3793 2981 ἄρρενα
3867 2918 3937 2978 τῷ

2327 2999 2554 3070 μάρτυρι
2604 2997 2947 3066 πναφεθῆναι
2997 2994 3188 3045 κελεύει
3246 3012 3258 3022 ’
3319 2993 3550 3055 κάκεῖνος
3607 2999 3759 3048 οἱονεὶ
3801 3002 3937 3069 πρὸς

2328 3092 2419 3144 τήν
2490 3086 2686 3143 θήλειαν
2757 3083 3124 3156 ἁμιλλώμενος,
3194 3082 3478 3136 ἀπωθεῖται
3547 3089 3637 3156 μὲν
3709 3089 3930 3151 ταύτην,

2329 3175 2476 3234 οὗτος
2522 3171 2580 3225 δὲ
2619 3182 2689 3242 τῷ
2749 3176 2976 3246 μάρτυρι
3027 3169 3383 3245 προσδραμὼν
3420 3175 3778 3241 περιπλέκεται
3827 3183 3936 3236 τοῖς

2331 3269 2476 3326 ποσὶ,
2531 3265 2849 3333 περιφύεται,
2906 3265 3090 3324 σαίνει,
3147 3268 3356 3334 σκιρτᾷ,
3414 3270 3667 3334 σχήμασί
3721 3284 3776 3317 τε
3845 3272 3935 3317 καὶ

2329 3356 2568 3422 νεύμασι,
2603 3356 2690 3401 καὶ
2743 3354 3016 3420 κινήμασι,
3059 3355 3152 3408 τὴν
3205 3354 3401 3402 εὔνοιαν
3443 3351 3773 3423 ἀπαγγέλλει.
3819 3361 3934 3407 Τῶν

2332 3437 2389 3491 δὲ
2420 3447 2584 3490 ταυτα
2637 3437 2946 3510 βλεπόντων,
2979 3441 3028 3489 οἱ
3065 3442 3153 3510 μεν
3201 3447 3374 3500 ποσῶς
3418 3441 3633 3512 ὁρῶντες
3685 3449 3796 3502 τοῖς
3835 3452 3937 3504 τῆς

2327 3529 2509 3599 ψυχῆς
2591 3527 2891 3596 ὀφθαλμοῖς,
2969 3527 3120 3587 εὐθὺς

2327 3618 2642 3686 Ἐλευθερίου
2692 3619 2838 3678 Θεὸν,
2889 3618 2938 3667 οἱ
2978 3611 3036 3667 δὲ
3081 3615 3456 3688 τυφλῶττοντες
3520 3615 3611 3669 διὰ
3663 3625 3755 3676 τήν
3812 3619 3934 3673 ἀσέ-

3196 3527 3352 3578 ἐϐόων
3420 3533 3582 3599 μέγαν
3646 3527 3775 3581 εἶναι
3842 3536 3933 3583 τόν

2324 3707 2482 3770 ϐειαν,
2535 3705 2720 3757 πλάνον
2782 3709 2870 3755 καὶ
2925 3708 3193 3775 φαρμακὸν
3244 3709 3330 3756 τόν
3389 3705 3564 3776 Ἀγιον
3619 3710 3930 3762 ἀπεκάλουν.

2323 3795 2456 3847 Ἀλλ’
2498 3792 2822 3864 ἐμφραγῆναι
2860 3794 3062 3852 πάντως
3109 3789 3214 3843 ἔδει
3246 3795 3310 3844 τὰ
3352 3794 3504 3864 χείλη
3556 3797 3617 3846 τά
3649 3793 3817 3861 δόλια,
3867 3801 3933 3857 ως

2323 3884 2346 3932 ό
2407 3885 2536 3942 θεῖος
2576 3885 2666 3952 ἔφη
2725 3877 2909 3943 Δαυὶδ,
2971 3883 3035 3932 τὰ
3091 3880 3338 3933 λαλοῦντα
3385 3886 3520 3934 κατά
3569 3893 3659 3936 τοῦ
3711 3881 3930 3938 δικαίου

2323 3970 2555 4041 ἀνομίαν,
2636 3970 2683 4019 ἐν
2747 3971 3095 4040 ὑπερηφανείᾳ
3166 3975 3254 4022 καὶ
3326 3967 3679 4041 ἐξουδενὼσει,
3747 3977 3929 4046 ὥσπερ

2323 4062 2425 4132 ἀρα
2454 4063 2541 4109 καὶ
2581 4056 2951 4130 ἐνεφράγησαν,
2986 4062 3073 4109 καὶ
3117 4062 3209 4116 τήν
3254 4057 3488 4130 ἐσχάτην
3533 4067 3734 4119 σιωπὴν
3775 4063 3929 4115 ἐσιω-

567 4149 867 4206 vocabant
916 4147 1164 4218 planum
1223 4150 1279 4200 et
1331 4144 1688 4207 maleﬁcum.
1743 4146 1846 4216 qui
1895 4146 2023 4201 haec
2073 4147 2211 4203 solis

2324 4167 2496 4206 πησαν
2550 4167 2561 4178 υ
2600 4147 2792 4218 μεταξὺ
2829 4150 2930 4220 γὰρ
2981 4156 3079 4198 τῶν
3133 4147 3296 4218 λόγων
3343 4148 3574 4221 ἀοράτως
3627 4150 3922 4222 πληγέντες,

568 4235 880 4311 praastigiis
911 4234 1058 4290 falso
1117 4233 1367 4289 faciebat
1398 4248 1708 4304 apparere.
1739 4233 1854 4288 Sed
1908 4233 2032 4290 ﬁeri
2090 4252 2212 4291 non

2324 4239 2539 4290 θάνατον
2567 4236 2712 4294 εὐθὺς
2741 4235 2884 4308 εὖρον
2916 4237 2980 4287 τά
3011 4243 3102 4297 τῆς
3136 4234 3475 4308 βλασφημίας
3507 4238 3769 4310 ἐπίχειρα.

568 4329 818 4399 poterat.
853 4329 913 4378 ut
945 4323 1004 4377 in
1033 4323 1122 4377 his
1153 4322 1354 4377 divina
1379 4321 1709 4392 quiesceret
1733 4322 1962 4391 justitia
1988 4341 2004 4389 ;
2062 4326 2164 4380 sed
2191 4326 2506 4397 oportebat
2551 4325 2797 4380 omnino
2827 4324 3054 4379 obstrui
3093 4324 3263 4379 labra
3289 4325 3517 4391 dolosa,
3579 4333 3642 4381 ut
3685 4329 3927 4384 divinus

569 4414 709 4469 dicit
755 4411 963 4476 David,
1001 4427 1134 4481 quas
1162 4411 1446 4464 adversus
1486 4411 1716 4478 justum
1771 4410 2170 4481 loquebantur
2199 4416 2590 4487 iniquitatem,
2646 4416 2705 4467 in
2761 4412 3044 4482 superbia
3092 4414 3308 4468 scilicet
3355 4420 3411 4470 et
3439 4416 3922 4488 contemptione:

570 4503 718 4556 sicut
769 4499 948 4554 etiam
977 4497 1278 4552 obstructa
1329 4502 1484 4558 sunt,
1518 4501 1571 4550 et
1603 4495 1808 4551 ultimo
1847 4498 2060 4554 siluere
2093 4502 2344 4558 silentio.
2378 4506 2521 4558 Nam
2570 4504 2719 4556 inter
2773 4500 3141 4572 loquendum
3173 4502 3290 4557 ictu
3342 4505 3632 4574 percussi,
3666 4506 3768 4578 qui
3799 4520 3922 4562 non

566 4588 821 4645 cadebat
845 4585 957 4640 sub
995 4589 1322 4655 aspectum,
1365 4585 1630 4653 protinus
1660 4585 1958 4656 accipiunt
1992 4596 2241 4645 mortem
2269 4592 2517 4662 praemia
2543 4590 2959 4660 blasphemiae.

634 4703 742 4759 XII.
791 4699 1036 4770 Iniquus
1078 4701 1276 4752 autem
1319 4699 1640 4768 imperator
1678 4698 1733 4754 in
1769 4716 2069 4756 summam
2108 4704 2208 4758 ad-

562 4792 778 4847 ductus
798 4787 1251 4850 dubitationem,
1277 4792 1598 4857 postquam
1622 4787 1767 4842 vidit
1787 4789 1990 4843 omnia
2005 4791 2207 4846 cedere

563 4879 839 4950 martyris
870 4876 1051 4933 menti
1092 4880 1147 4930 et
1179 4876 1394 4943 gratia},
1436 4891 1570 4929 eum
1606 4881 1793 4932 morte
1824 4878 2203 4946 condemnat,

557 4984 687 5040 quae
713 4966 910 5036 gladio
929 4967 998 5020 sit
1019 4965 1069 5018 ei
1102 4962 1426 5018 afferenda.
1455 4967 1604 5018 Nam
1629 4965 1912 5035 quoniam
1941 4968 2205 5040 martyrii

557 5071 764 5110 cursus
795 5070 913 5110 non
963 5057 1191 5125 poterat
1235 5051 1397 5106 aliter
1444 5051 1624 5107 ﬁnem
1669 5057 1950 5124 accipere,
2005 5061 2058 5110 et
2110 5057 2204 5111 hic

555 5145 681 5214 ipse
704 5143 917 5197 athleta
932 5143 1130 5196 venire
1155 5140 1230 5196 ad
1251 5140 1568 5205 Christum,
1595 5157 1772 5212 quem
1798 5143 2201 5211 desiderabat,

553 5233 754 5303 ipsum
769 5231 1031 5301 quidem,
1054 5230 1154 5302 qui
1172 5230 1502 5301 sunthujus
1517 5231 1596 5284 rei
1613 5231 1886 5296 ministri,
1903 5231 2198 5301 gladioin-

553 5319 848 5376 terimunt.
861 5319 1074 5373 Deinde
1095 5323 1344 5373 matrem
1359 5335 1599 5390 quoque
1615 5335 1749 5390 quas
1766 5328 1886 5375 erat
1903 5321 1950 5390 ej
1965 5337 2031 5374 us
2049 5321 2200 5375 collo

549 5405 928 5474 circumfusa,
949 5411 1003 5459 et
1022 5406 1072 5459 ei
1093 5406 1280 5472 magis
1301 5407 1475 5461 corde
1497 5423 1674 5478 quam
1700 5422 1800 5460 ore
1818 5407 2194 5462 adhaerebat:

552 5492 696 5551 nihil
734 5497 930 5547 autem
974 5491 1258 5546 muliebre
1305 5499 1404 5547 aut
1445 5501 1776 5548 maternum
1819 5495 2196 5565 loquebatur,

2394 4707 2489 4760 1Β’.
2520 4705 2578 4757 Ὀ
2623 4709 2793 4776 μέντοι
2840 4706 3136 4776 παράνομος
3188 4704 3438 4777 βασιλεὺς
3476 4714 3580 4768 τοῖς
3609 4709 3745 4769 ὅλοις
3790 4708 3925 4761 ἀπο-

2319 4797 2509 4865 ρηθεὶς,
2559 4795 2666 4845 ἐπεὶ
2714 4799 2801 4844 καὶ
2853 4796 3021 4845 πάντα
3060 4794 3190 4868 έῶρα
3232 4804 3325 4856 τῆς
3380 4805 3469 4849 του
3525 4796 3751 4856 ἀθλητοῦ
3791 4804 3923 4869 quod»

2319 4902 2420 4952 μης
2471 4885 2758 4953 ἡττώμενα,
2827 4883 3040 4933 θάνατον
3095 4882 3252 4934 αὐτοῦ
3318 4890 3616 4957 κατακρίνει
3673 4891 3761 4939 τὸν
3824 4884 3920 4939 διά

2319 4975 2604 5042 μαχαίρας.
2660 4971 2820 5022 Αὐτόν
2865 4974 2953 5041 μὲν
2994 4967 3079 5022 οὖν
3133 4972 3282 5033 εὐθὺς
3330 4976 3379 5025 οἱ
3426 4978 3553 5047 πρὸς
3597 4983 3748 5027 τοῦτο
3792 4973 3915 5028 δια-

2318 5067 2580 5118 κονοῦντες
2631 5057 2899 5130 ἀναιροῦσι
2943 5068 3014 5129 τῷ
3057 5060 3209 5132 ξίφει.
3263 5060 3478 5114 Ἔπειτα
3534 5069 3621 5115 καὶ
3674 5070 3766 5122 τήν
3815 5087 3922 5136 μη-

2319 5152 2438 5218 τέρα
2468 5147 2867 5219 περιπλακεῖσαν
2916 5148 3074 5199 αὐτοῦ
3126 5158 3196 5218 τῷ
3247 5151 3519 5224 τραχήλῳ,
3576 5157 3664 5204 καὶ
3696 5152 3916 5227 καρδία,

2315 5233 2502 5304 μᾶλλον
2537 5234 2564 5291 ἡ
2602 5240 2822 5304 στόματι
2878 5242 3382 5308 περιπτυσσομένην,
3423 5248 3714 5308 γυναικεῖον
3765 5240 3918 5294 οὗδὲι

2316 5322 2342 5377 ἦ
2378 5326 2630 5392 μητρικόν
2663 5321 3114 5392 ἐπιφθεγγομένην,
3154 5325 3212 5375 οὐ
3267 5322 3317 5376 δ’
3367 5325 3571 5389 ἀνάξιόν
3628 5348 3678 5379 τι
3710 5327 3918 5382 τοιοῦδε

2312 5406 2516 5473 παιδός,
2569 5410 2695 5461 ἀλλά
2741 5415 2827 5460 καὶ
2857 5419 2961 5471 τοῖς
3012 5411 3207 5481 ἀγῶσιν
3247 5413 3405 5465 αὑτοῦ
3450 5415 3639 5488 μᾶλλον
3693 5415 3918 5492 φαιδρυ-

2309 5501 2541 5568 νομένην,
2603 5497 2822 5557 ἀνηλεῶς
2875 5501 2923 5550 οἰ
2967 5495 3240 5562 δυσσεϐεῖς
3290 5501 3542 5576 ἐχομένην
3587 5513 3678 5557 τοῦ
3726 5504 3918 5568 παιδός
