4110 6272
193 340 291 395 Ml

190 464 621 535 ἐπισφάττουσιν·
668 466 719 513 τί
759 458 817 515 δι
867 468 957 514 καὶ
996 462 1118 516 ἄλλο
1159 460 1219 521 ἦν
1249 463 1574 537 οἰκειότερον,
1606 464 1636 520 ἤ
1688 459 1787 512 αὖ·
1820 459 1864 512 Α

187 558 314 615 τοὺς
352 550 552 627 δρᾶσαι
594 554 851 623 πονηρους
889 555 1055 619 ὄντας,
1105 552 1135 611 ἦ
1178 551 1370 610 ἐκείνην
1397 554 1598 617 παθεῖν,
1644 549 1791 622 φιλό-

193 646 304 696 θεον
350 643 701 714 ὑπάρχουσαν
758 645 847 693 καὶ
906 637 1212 713 φιλόπαιδα,
1265 645 1296 700 ἤ
1338 641 1474 694 οὕτω
1515 641 1791 697 θνήσκοντι

193 740 268 803 τῷ
328 733 424 801 υἱῷ
477 731 868 795 συναποθανεῖν,
929 735 1019 782 καὶ
1081 734 1153 803 μὴ
1206 728 1576 803 ἀπολειφθῆναι
1630 735 1792 802 γερῶν

196 823 332 884 υἱοῦ,
396 818 564 881 καλῶς
620 823 823 891 μητέρα
877 816 1386 890 παιδαγωγήσασαν,
1455 816 1582 869 ἀλλὰ
1643 823 1788 887 κοινῇ

196 911 406 968 τούτους
450 914 523 978 τῷ
560 914 714 977 κοινῷ
775 913 1003 981 Δεσπότῃ
1057 906 1455 979 έμφανισθῆναι,
1523 910 1612 958 καὶ
1667 913 1793 977 παρ’

195 997 337 1068 αύτῷ
366 1000 551 1069 μένειν,
582 999 715 1049 κατὰ
744 1000 803 1048 τὸ
849 998 979 1069 ἱερὸν
1013 995 1201 1068 λόγιον,
1252 1001 1454 1071 μητέρα
1504 994 1585 1048 ἐπὶ
1635 998 1791 1065 τέκνῳ

194 1086 595 1159 εύφραινομένην
623 1100 639 1152 ;

268 1335 367 1390 ll".
424 1337 490 1389 Οἱ
528 1332 588 1389 δὴ
638 1342 881 1410 παρόντες
932 1337 987 1387 ἐκ
1055 1341 1145 1387 τοῦ
1193 1332 1481 1406 Ἰλλυρικοῦ
1542 1332 1790 1398 εὐσεϐεῖς,

196 1421 406 1497 σπουδῇ
463 1427 530 1477 τὰ
576 1424 743 1478 αὐτῶν
782 1423 1071 1497 ἀνελόμενοι
1099 1422 1337 1493 λείψανα,
1374 1430 1481 1483 τοῖς
1535 1421 1586 1474 έν
1622 1420 1790 1492 Ῥώμῃ

193 1520 399 1574 πιστοῖς
458 1518 573 1586 πιρὶ
644 1516 837 1566 τούτων
896 1512 1254 1585 φροντίζουσι,
1341 1511 1661 1583 γνωρίζουσί
1741 1527 1794 1561 τε

194 1602 328 1655 αὐτὰ
384 1607 471 1654 καὶ
526 1606 674 1654 κοινὰ
736 1604 980 1663 τίθενται,
1049 1605 1139 1651 καί
1189 1598 1352 1660 οὕτως
1414 1600 1567 1669 ἄμφω
1628 1606 1795 1650 ταῦτα

194 1695 526 1765 μυρίσαντες,
609 1695 699 1743 καὶ
765 1693 831 1743 τὰ
878 1690 1051 1742 εἰκότα
1124 1692 1457 1758 τιμήσαντες,
1535 1687 1795 1739 θάπτουσι

198 1780 463 1853 φιλοθέως,
506 1787 843 1854 Χριστιανοῖς
872 1778 1090 1831 πλοῦτον
1133 1778 1346 1841 ἄσυλον,
1387 1784 1497 1837 τοῖς
1535 1774 1583 1826 έν
1622 1782 1796 1837 νόσοις
1830 1810 1873 1865 Β

197 1873 368 1921 τεκαὶ
414 1875 661 1940 πονηροῖς
702 1870 958 1938 πνεύμασι
1009 1867 1197 1938 χρῆμά
1252 1884 1306 1916 τι
1353 1863 1673 1930 ἀλεξίκακον,
1726 1864 1796 1927 εἰς

199 1954 360 2021 δόξαν
406 1963 629 2030 Πατρός,
678 1962 768 2009 καὶ
804 1959 952 2022 Υὶοῡ,
992 1960 1076 2008 καὶ
1133 1954 1285 2026 ἁγίου
1336 1956 1651 2025 Πνεύματος,
1703 1963 1799 2016 τῆς

197 2053 320 2119 μιᾶς
362 2046 524 2108 ἁπλῆς
573 2052 663 2099 καὶ
713 2044 963 2098 ἁκτίστου
1020 2047 1283 2110 θεότητος,
1328 2043 1360 2115 ᾖ
1412 2047 1596 2117 πρέπει
1646 2039 1796 2109 δόξα,

196 2137 410 2208 κράτος,
459 2139 605 2207 τιμὴ,
653 2139 743 2187 καὶ
778 2135 1159 2207 προσκύνησις,
1200 2140 1288 2184 νῦν
1326 2136 1416 2184 καὶ
1473 2130 1553 2183 ἀεὶ
1603 2135 1694 2183 καὶ
1732 2130 1801 2192 εἰς

193 2226 320 2283 τοὺς
347 2222 539 2285 αἰῶνας
557 2230 657 2275 τῶν
686 2221 900 2277 αἰώνων.
936 2222 1123 2291 ’Δμήν,

271 2348 293 2381 ⁹
321 2345 471 2402 Psal.
504 2361 636 2414 cxu,
672 2348 726 2401 9.

1564 335 1725 391 VITA
1767 336 1822 389 S.
1864 333 2183 391 GEORGII.

3449 343 3547 395 142

1898 473 2093 531 neque
2134 459 2229 515 tali
2264 460 2385 517 ﬁlio
2422 461 2758 532 indignum,
2802 461 2906 517 sed
2945 461 3073 533 ejus
3113 463 3546 520 certaminibus

1896 546 2212 604 lmtabatur
2249 552 2305 604 et
2342 549 2706 619 gloriabatur
2745 566 2759 605 :
2802 550 3341 608 immisericorditer
3378 543 3551 624 impii

1898 634 2020 691 ﬁlio
2061 651 2172 691 suo
2210 636 2612 694 adhinrentem
2650 638 3028 694 interﬁciunt.
3069 639 3368 704 Quidnam
3408 653 3547 697 vero

1900 730 2026 780 erat
2081 725 2546 793 convenientius,
2602 725 2810 782 illosne
2875 726 3084 782 fecisse
3150 742 3289 783 cum
3354 733 3551 785 essent

1903 811 2065 877 mali,
2098 828 2175 868 an
2205 812 2367 869 illam
2399 829 2529 870 esse
2549 830 2814 886 passam,
2841 830 2980 870 cum
3002 819 3154 870 esset
3169 815 3342 887 piain
3362 818 3549 872 Deum

1901 906 1957 958 et
1987 917 2199 958 amans
2226 901 2329 957 ﬁlii
2356 901 2478 958 ‘ian
2499 918 2637 958 cum
2656 903 2738 958 sic
2768 903 3055 959 moriente
3079 902 3201 959 ﬁlio
3230 918 3367 959 esse
3396 919 3551 961 mor-

1902 993 2087 1057 tuam,
2129 994 2184 1044 et
2213 1005 2335 1045 non
2360 989 2573 1046 abesse
2611 1005 2648 1045 a
2675 991 2933 1062 praemiis
2971 990 3075 1046 ﬁlii
3106 996 3383 1061 matrem,
3413 1006 3549 1063 quas

1901 1093 2041 1132 eum
2053 1077 2298 1148 pulchre
2320 1077 2560 1149 erudiit;
2595 1078 2701 1133 sed
2717 1092 2820 1134 eos
2853 1078 3250 1134 communiter
3270 1078 3393 1135 sisti
3414 1082 3551 1136 ante

1902 1179 2267 1221 communem
2284 1164 2618 1232 Dominum,
2634 1170 2691 1222 et
2700 1166 2863 1238 apud
2876 1182 3014 1222 eum
3028 1181 3290 1233 manere,
3307 1171 3368 1223 ut
3381 1182 3552 1224 sacra

1902 1253 2042 1310 dicit
2074 1252 2397 1324 Scriptura,
2417 1259 2667 1310 matrem
2694 1259 2935 1326 propter
2947 1254 3140 1310 ﬁlium
3159 1254 3507 1313 laetantem?
3521 1254 3552 1312 τ

1976 1340 2114 1395 ΧΙΙΙ.
2156 1340 2266 1406 Qui
2287 1346 2487 1396 autem
2517 1346 2684 1398 erant
2715 1342 2793 1414 pii
2819 1357 2891 1398 ex
2922 1342 3172 1414 Illyrico,
3205 1342 3553 1416 quicunque

1901 1429 2147 1501 quidem
2179 1434 2317 1485 tunc
2346 1430 2616 1499 aderant,
2648 1445 2785 1485 cum
2812 1430 3122 1501 diligenter
3152 1446 3359 1487 eorum
3389 1436 3553 1487 extu-

1905 1517 2109 1572 lissent
2155 1516 2460 1588 reliquias,
2491 1518 2564 1573 iis
2616 1519 2719 1590 qui
2748 1524 2917 1574 erant
2946 1520 3147 1574 Romae
3189 1518 3413 1592 ﬁdeles,
3447 1521 3552 1593 qui

1902 1618 2006 1658 eas
2037 1602 2347 1673 diligenter
2373 1605 2774 1676 inquirebant,
2802 1606 3046 1661 ubinam
3074 1612 3294 1674 essent,
3330 1607 3554 1678 signiﬁ-

1904 1695 2040 1747 cant
2066 1696 2122 1747 et
2148 1693 2596 1749 communicant
2625 1698 2716 1749 :et
2745 1693 2831 1749 sic
2852 1708 2989 1749 cum
3021 1693 3203 1751 ambo
3233 1710 3335 1751 eas
3358 1696 3559 1751 unxis-

1905 1784 2035 1836 sent
2050 1786 2106 1835 et
2124 1782 2545 1846 condivissent,
2568 1788 2624 1838 et
2643 1788 2701 1837 ut
2718 1798 2828 1854 par
2842 1786 2931 1839 est
2949 1783 3364 1851 honorassent,
3388 1785 3557 1857 ipsas

1905 1869 2003 1942 pie
2027 1868 2319 1941 sepeliant
2345 1889 2357 1928 :
2375 1869 2722 1927 Christianis
2741 1871 2995 1936 divitias,
3010 1887 3146 1944 quae
3160 1887 3280 1929 non
3304 1877 3557 1945 possunt

1907 1957 2073 2029 eripi,
2105 1958 2329 2013 morbis
2360 1962 2417 2014 et
2440 1958 2612 2014 malis
2629 1959 2935 2030 spiritibus
2957 1959 3383 2032 propulsandis
3410 1976 3559 2033 prse-

1909 2061 2046 2102 sens
2103 2046 2435 2103 remedium
2477 2064 2491 2103 :
2536 2048 2614 2103 ad
2679 2047 2931 2117 gloriam
2989 2049 3171 2105 Patris
3226 2054 3283 2106 et
3349 2048 3473 2107 Filii
3508 2054 3566 2106 et

1911 2134 2158 2206 Spiritus
2179 2135 2386 2200 sancti,
2415 2150 2576 2191 nunc
2603 2138 2661 2193 et
2690 2151 2928 2209 semper
2956 2139 3013 2193 et
3038 2136 3099 2193 in
3128 2138 3351 2195 saecula
3380 2154 3562 2194 seacu-

1910 2220 2131 2279 lorum.
2173 2227 2382 2280 Amen.

1571 2852 2211 2943 ΜΑΡΤΥΡΙΟΝ

870 3030 1000 3080 ΤΟΥ
1033 3029 1231 3079 ΔΓΙΟΥ
1262 3024 1562 3077 ΕΝΔΟΞΟΥ
1588 3025 2211 3075 ΜΕΓΔΛΟΜΑΡΤΥΡΟΣ
2243 3024 2355 3075 ΚΑΙ
2385 3025 2901 3076 ΤΡΟΠΑΙΟΦΟΡΟΥ

1426 3168 1617 3283 ΓΕ
1632 3167 2166 3283 ΩΡΓΙΟΥ
2195 3154 2279 3225 (¹)
2292 3195 2306 3210 ’
2330 3259 2351 3280 .

477 3572 1263 3672 MABTYRIUM
1345 3567 1812 3663 SANGTI
1892 3570 2057 3659 ET
2142 3565 2546 3660 MAGNI
2628 3563 3299 3660 MARTYRIS

1492 3791 2295 3937 GEORGII

218 4072 435 4138 (Aprilis
458 4071 543 4121 die
562 4070 641 4127 23,
659 4080 802 4120 anno
814 4066 921 4116 303.
936 4090 997 4101 —
1013 4065 1147 4116 Acta
1169 4060 1487 4113 Sanctorum
1499 4059 1747 4171 Bollandé
1751 4058 1998 4172 3:31;?ch
2003 4057 2145 4182 gifm
2173 4057 2374 4109 Graios:
2393 4057 2886 4120 interpretationem
2922 4057 3164 4108 Latinam
3189 4056 3562 4107 edomandam

292 4398 369 4454 A'.
401 4396 557 4469 "Apr:
601 4402 689 4446 τοῦ
736 4401 828 4455 τῆς
882 4387 1252 4461 εἰδωλομανίας
1294 4391 1466 4458 νέφους
1512 4389 1603 4443 τὴν
1642 4384 1808 4436 οἰκου-

1993 4383 2031 4437 I.
2074 4382 2198 4447 Quo
2227 4386 2491 4452 tempore
2529 4380 2863 4438 idololatria
2890 4380 3144 4452 caligine
3200 4398 3310 4440 sua
3356 4382 3566 4441 orbem

212 4494 375 4565 μένην
406 4482 760 4548 διαλαϐόντος,
801 4485 889 4532 καὶ
927 4484 1117 4551 μικροῦ
1147 4479 1349 4528 πάντων
1399 4474 1495 4543 ὅλῳ
1525 4469 1652 4524 ποδὶ
1699 4494 1815 4543 χω-

211 4580 445 4653 ρούντων
474 4576 602 4647 πρὸς
628 4575 720 4628 τὴν
766 4565 1001 4620 ἀσέϐειαν
1028 4564 1393 4621 Διοκλητιανού
1437 4566 1549 4614 τότε
1579 4565 1666 4613 καὶ
1704 4567 1812 4613 Μα-

214 4648 463 4739 ξιμιανοῡ
488 4665 582 4719 τὴν
614 4658 877 4733 βασίλειον
909 4656 1177 4707 ἰθυνόντων
1208 4651 1404 4725 ἀρχὴν,
1431 4651 1480 4702 οἱ
1518 4658 1615 4703 τῶν
1646 4648 1699 4702 ἐκ
1724 4656 1814 4702 τοῦ

213 4735 417 4814 παντὸς
468 4750 645 4809 αἰῶνος
697 4749 763 4800 τὰ
814 4744 1055 4803 Ἑλλήνων
1118 4737 1593 4813 διαπρεσϐευόντων
1652 4735 1792 4790 δεισι

218 4843 628 4915 δαιμονέστατοί
673 4856 727 4889 τε
776 4833 909 4895 ἦσαν
946 4837 1036 4885 καὶ
1066 4828 1498 4904 δραστικώτατοι.
1549 4828 1709 4880 Οὗτοι
1734 4826 1816 4879 ἐπὶ

217 4937 364 5004 μέγα
404 4932 497 4987 τὴν
550 4925 724 4979 ἀθεῖαν
778 4922 1004 4986 αὐξῆσαι
1050 4923 1183 4991 μέγα
1240 4924 1313 4988 τῷ
1360 4920 1463 4969 ὄντι
1513 4920 1601 4967 καὶ
1655 4934 1814 4967 σπου-

218 5003 508 5075 δαιότατον
554 5011 684 5067 εἶναι
720 5013 993 5083 τιθέμενοι,
1046 5010 1239 5066 πάντας
1287 5008 1407 5065 τοὺς
1437 5004 1484 5055 ἓν
1528 5003 1656 5056 τέλει
1687 5022 1819 5073 συγ-

216 5108 567 5179 καλεσάμενοι
609 5107 699 5154 καὶ
750 5106 896 5171 κοινῇ
963 5094 1374 5166 διασκεψάμενοι
1428 5098 1544 5167 περὶ
1608 5095 1816 5156 τούτου,

218 5200 333 5253 ἐπεὶ
375 5177 643 5254 κάκείνους
691 5189 857 5263 ἐώρων
900 5190 994 5244 τὴν
1038 5188 1158 5241 ἴσην
1210 5182 1387 5241 αὐτοῖς
1416 5177 1686 5241 ὁδεύοντας
1731 5199 1821 5232 και

300 5480 395 5554 (1),
411 5474 822 5554 Μειαριπειειεῆ
852 5463 1535 5554 εξᾴἱυάίοδεὲὶ¹ἒίὲἓ¹ἓηὲ9
1562 5463 1825 5554 ἓὲἒίξὲἓεὲ

230 5536 321 5611 ὁδ’
340 5536 687 5609 έίωθοῐῖιιω
715 5536 947 5617 scriptis
959 5556 1101 5617 pag.
1136 5537 1237 5617 i_26
1253 5537 1315 5593 in
1332 5551 1539 5617 earum
1562 5536 1824 5617 Vitarum

232 5606 512 5692 catalogo
548 5633 680 5691 quin
711 5606 1386 5689 proprio'Métaphrastw
1412 5606 1563 5679 stylo
1593 5607 1825 5679 signan-

1921 4474 2210 4526 terrarum
2238 4471 2603 4538 obscuraret,
2630 4474 2685 4525 et
2724 4475 2951 4526 tantum
2991 4485 3112 4526 non
3144 4485 3355 4527 omnes
3385 4472 3565 4528 citato

1921 4558 2114 4630 gradu
2142 4557 2458 4630 impietatis
2483 4557 2642 4614 viam
2671 4558 3139 4628 ingrederentur,
3171 4559 3568 4617 Diocletianus

1922 4654 1976 4703 et
1992 4646 2380 4703 Maximianus
2404 4661 2603 4702 rerum
2616 4648 3261 4719 summapotiebantur,
3291 4648 3400 4704 viri
3417 4648 3569 4704 inter

1922 4734 2195 4792 omnium
2232 4739 2474 4791 aetatum
2513 4752 2787 4807 paganos
2824 4742 2881 4791 et
2919 4736 3475 4808 superstitiosissimi
3514 4741 3571 4793 et

1923 4823 2331 4879 audacissimi.
2357 4821 2760 4894 Quiimpietati
2781 4821 3165 4895 undiquaque
3182 4822 3475 4893 augendas
3497 4839 3570 4879 ac

1923 4911 2293 4985 proferendee
2308 4926 2550 4967 omnem
2563 4927 2808 4983 operam
2821 4910 3044 4977 dando,
3066 4912 3450 4982 magistratus
3468 4926 3575 4967 un-

1925 5000 2107 5072 dique
2132 5000 2407 5056 collectos
2440 5014 2619 5071 super
2667 5015 2737 5055 ea
2766 5014 2827 5053 re
2870 4999 3311 5067 examinarunt,
3366 5003 3423 5054 et
3469 4999 3573 5055 ubi

1927 5105 2030 5145 eos
2062 5089 2239 5161 plane
2263 5089 2593 5146 consentire
2637 5087 2940 5153 vidissent,
2970 5088 3124 5144 dicta
3161 5091 3216 5142 et
3246 5087 3373 5143 visa
3400 5086 3574 5144 factis
3672 5139 3680 5149 ,

1928 5193 2243 5251 exaaquare
2274 5181 2619 5236 statuerunt.
2656 5177 2858 5249 Itaque
2886 5176 3091 5232 edictis
3122 5191 3228 5248 per
3257 5178 3448 5232 totum
3471 5175 3581 5232 im-

1936 5469 2029 5535 lur
2048 5478 2065 5535 7:
2098 5478 2285 5535 quare
2310 5457 2917 5535 gratumphilhelleni
2936 5456 3139 5535 lectori
3162 5457 3437 5535 futurum
3455 5472 3585 5513 cre-

1934 5533 2078 5604 didi,
2108 5528 2156 5589 si
2188 5528 2343 5589 hanc
2365 5532 2495 5589 talis
2516 5528 2623 5587 viri
2644 5530 3085 5657 parapliirasim.
3119 5545 3256 5601 quas
3274 5528 3581 5601 publicam

1934 5605 2222 5657 hactenus
2251 5604 2444 5657 lucem
2471 5618 2588 5657 non
2621 5602 2784 5657 Vidit.
2856 5618 2907 5657 ιο
2937 5600 3297 5657 exhiberem.

1934 5600 2222 5661 hactenus
2251 5604 2444 5659 lucem
2471 5618 2588 5658 non
2621 5600 2907 5670 v'iditﬂiic
2937 5600 3297 5657 exhiberem.
