4110 6272
577 297 669 353 143
1957 291 2215 349 MENSIS

2327 294 2566 351 3RILIS.
3846 299 3941 353 144

569 421 798 492 perium
823 420 1020 474 missis
1046 418 1190 473 deos
1207 417 1453 488 patrios,
1478 418 1536 472 id
1559 418 1813 474 estidola
1832 434 2012 474 manu
2034 419 2206 484 facta,

2327 418 2739 492 όρθοποὸοῦντας
2793 425 2915 492 πρός
2971 425 3063 477 τὴν
3118 419 3377 489 ἀσέϐειαν,
3436 425 3569 496 ἔργῳ
3636 422 3940 494 βεϐαιῶσαι

569 508 871 564 sacriﬁciis
921 506 1033 562 coli
1084 507 1388 576 jusserunt
1438 506 1672 577 (stultos
1726 523 1915 577 reges,
1974 507 2076 579 qui
2135 509 2212 562 ab

571 597 699 652 istis
755 595 866 650 sibi
926 595 1265 665 imperium,
1325 595 1603 651 omnibus
1665 612 1800 652 vero
1865 596 2212 652 mortalibus

571 684 820 740 salutem
848 681 1133 752 impertiri
1164 682 1559 752 credebantl),
1593 685 1874 739 omnibus
1888 690 2084 740 autem
2111 686 2211 756 qui

573 788 633 827 se
673 771 1032 828 Christianos
1064 771 1476 842 proﬁterentur
1505 773 1818 828 dirissimis
1857 774 2047 844 poenis
2079 773 2214 828 sub-

568 861 690 931 jici,
723 875 928 914 necem
949 859 1007 912 in
1034 858 1265 930 pietatis
1287 861 1601 930 prmmium
1623 862 2034 932 proponendo.

2321 512 2386 561 τὰ
2422 506 2646 571 δόξαντα
2678 506 2916 567 σπουδὴν
2947 510 3233 560 ἐποιοῦντοο
3273 515 3363 562 καὶ
3399 507 3494 563 διὰ
3530 521 3701 563 ταῦτα
3748 517 3931 583 γράμ-

2322 617 2459 668 ματα
2523 604 2611 649 καὶ
2675 601 2975 670 προθέματα
3033 597 3201 667 πολλῷ
3260 606 3330 668 τῷ
3384 602 3541 670 τάχει
3607 598 3705 653 δια
3760 605 3939 662 πάσης

2322 686 2498 756 ἐφοίτα
2552 696 2639 745 τῆς
2688 688 3010 759 οἰκουμένης,
3061 691 3182 748 τοὺς
3232 692 3320 758 μεν
3361 690 3734 761 νομιζομένους
3763 693 3932 753 θεοὺς,

2323 779 2387 827 τὰ
2431 779 2779 850 χειροποίητά
2825 796 2957 847 φημι
2999 777 3158 838 ξόανα
3187 781 3276 827 καὶ
3309 774 3670 849 Βδελύγματα,
3726 782 3941 839 θυσίαις

2325 864 2555 924 ἁπάσαις
2598 871 2752 936 τιμᾴν
2810 871 2919 924 (καὶ
2965 868 3066 937 γὰρ
3117 861 3286 917 ἐδόκει
3325 874 3434 927 τοῖς
3482 866 3720 929 ἀνοήτοις
3774 867 3941 940 βασι-

570 947 717 999 λεῦσι
773 950 860 1018 μὲν
910 943 981 998 δι’
1035 947 1199 998 αὐτῶν
1255 951 1313 998 τό
1367 952 1573 1020 κράτος,
1624 949 1911 1023 ἀνθρώποις
1960 948 2017 1003 δὲ
2077 959 2234 1004 πᾶσιν
2293 959 2385 1010 τὴν
2443 958 2704 1024 σωτηρίαν
2759 952 3157 1025 βραϐεύεσθαι),
3211 957 3407 1016 πάντας
3457 954 3514 1008 δὲ
3580 962 3699 1018 τοὺς
3753 957 3937 1028 ὁμολο-

571 1043 790 1106 γοῦντας
858 1031 984 1086 εἶναι
1060 1040 1426 1107 Χριστιανοὺς,

1507 1041 1632 1108 μετὰ
1705 1044 1797 1095 τὴν
1857 1039 1925 1100 εἰς
1987 1045 2043 1091 τὸ
2132 1039 2283 1113 βῆμα
2358 1044 2711 1113 παράστασιν,
2782 1041 3053 1114 ἀπώμοτον
3113 1048 3206 1101 τὴν
3267 1044 3543 1116 ὁμολογίαν
3602 1050 3802 1104 ταύτην
3882 1047 3937 1098 οὐ

573 1128 930 1196 ποιουμένους,
990 1132 1212 1195 συχναῖς
1259 1124 1637 1178 ὑποϐάλλεσθαι
1704 1131 2001 1199 τιμωρίαις,
2069 1126 2178 1182 εἶτα
2251 1135 2339 1182 καὶ
2401 1132 2620 1181 θανάτου
2692 1130 2863 1203 ψῆφον
2947 1140 3037 1191 τῆς
3111 1131 3376 1194 εὐσεϐείας
3456 1135 3770 1210 πορίζεσθαι
3844 1142 3938 1193 τὴν

572 1209 866 1267 ἀντίδοσιν.

641 1393 706 1445 Il.
747 1392 906 1445 Tunc
944 1387 1314 1446 admirabilis
1347 1390 1515 1445 miles
1554 1392 1762 1447 Christi
1802 1394 2084 1462 Georgius
2114 1409 2219 1449 seu

570 1483 799 1534 astrum
819 1478 1182 1549 pellucidum
1205 1493 1310 1549 per
1331 1478 1648 1548 impietatis
1672 1481 1944 1536 tenebras
1960 1482 2214 1537 lucebat.

569 1569 750 1622 Natus
778 1566 837 1620 in
869 1565 1247 1636 Cappadocia
1273 1566 1445 1620 claris
1485 1568 1850 1637 parentibus,
1893 1570 2071 1640 inque
2111 1570 2215 1626 Pa-

570 1654 798 1709 laestina
851 1653 1157 1719 educatus,
1202 1654 1502 1724 majorum
1568 1657 1847 1724 pietatem
1887 1659 2218 1729 amplexus,

571 1742 842 1799 candidis
872 1743 1158 1803 moribus.
1195 1749 1363 1799 aetate
1383 1744 1639 1814 juvenis,
1666 1746 1983 1816 prudentia
2014 1763 2216 1812 senex,

570 1830 747 1887 corde
778 1831 1050 1901 simplex,
1083 1832 1170 1887 ira
1199 1836 1406 1887 contra
1436 1832 1654 1904 impios
1719 1835 1982 1892 ardebat.
2041 1835 2220 1906 Igitur

2403 1395 2475 1448 B"
2522 1401 2647 1447 Τότε
2710 1392 2776 1452 δὴ
2834 1398 2918 1446 καὶ
2969 1396 2994 1445 ό
3051 1397 3353 1467 θαυμαστὸς
3399 1416 3723 1469 στρατιωτης
3769 1407 3936 1472 μέγας

2329 1489 2595 1555 Γεὼργιος,
2655 1487 2712 1534 τό
2759 1493 2850 1534 του
2903 1491 3133 1558 Χριστοῦ
3164 1494 3234 1555 τῷ
3274 1489 3377 1537 ὄντι
3412 1493 3690 1557 γεώργιον,
3735 1488 3939 1562 ἀστέρα

2327 1573 2443 1621 τινὰ
2493 1580 2590 1622 τῶν
2632 1568 2895 1643 διαφανῶν
2962 1573 3244 1636 είκονίζων,
3301 1574 3351 1624 ἐν
3414 1580 3587 1626 σκότει
3660 1584 3753 1638 τῆς
3806 1577 3938 1630 ἀσε-

2329 1658 2469 1720 ϐείας
2520 1656 2803 1717 ἐδείκνυτο,
2857 1664 3034 1732 Τούτῳ
3073 1666 3257 1734 πατρὶς
3309 1665 3398 1733 μὲν
3445 1664 3475 1720 ἡ
3535 1662 3934 1735 Καππαδοκῶν,

2327 1751 2536 1819 πατέρες
2581 1745 2639 1800 δὲ
2690 1757 2788 1800 τῶν
2836 1749 3110 1821 ἐπιφανῶν,
3161 1755 3347 1824 τροφός
3396 1753 3423 1808 ἡ
3486 1753 3832 1820 Παλαιστίνη,
3878 1761 3934 1808 τό

2331 1835 2484 1896 σέϐας
2525 1836 2576 1887 ἐκ
2623 1843 2884 1909 προγόνων
2937 1839 3096 1890 αὐτοῦ
3145 1837 3513 1902 εὐσεϐέστατος
3558 1838 3616 1899 ἦν
3666 1848 3751 1894 καὶ
3814 1846 3938 1897 ασε-

570 1919 726 1975 circa
750 1935 874 1974 rem
908 1919 1220 1975 militarem
1252 1921 1485 1990 egregie
1510 1922 1778 1978 eruditus
1809 1923 1929 1979 dux
1961 1924 2215 1980 cohortis

2329 1945 2475 1996 χνος,
2535 1929 2628 1984 τὴν
2681 1929 2770 1996 μὲν
2822 1927 3026 1984 ἡλικίαν
3069 1928 3280 1993 νεάζων,
3317 1932 3405 1986 τὴν
3441 1925 3500 1981 δε
3549 1934 3801 2002 φρόνησιν
3841 1953 3936 1985 πο-

571 2007 923 2063 lnvictorum
955 2008 1288 2079 praaﬁcitur,
1322 2014 1376 2064 et
1432 2024 1567 2064 cum
1623 2011 1947 2083 imperator
1996 2013 2219 2069 bellum

571 2101 775 2152 contra
801 2097 1004 2151 Persas
1044 2101 1286 2166 gereret,
1341 2096 1629 2168 Georgius
1679 2101 1934 2172 tempori
1981 2101 2216 2169 cedens,

569 2199 757 2240 manu
785 2183 952 2240 fortis
990 2184 1152 2240 brevi
1177 2183 1334 2241 bello
1359 2183 1651 2242 inclaruit.

571 2273 740 2332 ζεται·
810 2273 963 2330 ἡνίκα
1019 2269 1087 2330 δὴ
1137 2277 1229 2324 καὶ
1282 2277 1369 2324 τὸν
1428 2273 1652 2346 βασιλέα
1701 2274 1858 2350 [ἔδει]
1908 2282 1992 2330 τὸν
2072 2281 2205 2332 κατὰ
2264 2287 2472 2352 Περσῶν
2534 2281 2612 2351 (3)

2328 2012 2457 2077 λιός,
2495 2015 2644 2075 εὐθὺς
2691 2019 2784 2072 τήν
2818 2012 3061 2090 καρδίαν,
3111 2015 3270 2076 ζήλου
3299 2020 3458 2069 πνέων
3491 2021 3625 2070 κατὰ
3663 2028 3759 2081 τῆς
3808 2021 3937 2075 ἀσε-

2331 2101 2482 2163 ϐείας.
2537 2103 2716 2165 Καλῶς
2779 2104 2866 2155 οὖν
2945 2102 3241 2167 ἐκπονηθεὶς
3312 2108 3378 2157 τὰ
3441 2107 3678 2180 πολέμια,
3764 2116 3934 2183 κόμης

2330 2199 2422 2243 τοῦ
2469 2196 2698 2266 νουμέρῳ
2752 2192 2829 2264 (2)
2878 2201 2974 2244 τῶν
3026 2199 3336 2267 Ἀνικιώρων
3392 2194 3622 2259 ἐπιφανεῖ
3652 2205 3933 2275 προχειρί-

2671 2280 2904 2333 ὐπελθεῖν
2959 2281 3196 2354 πόλεμον,
3258 2283 3412 2334 αὑτὸν
3470 2283 3656 2338 ἐκεῖνον
3718 2288 3744 2339 ὁ
3817 2309 3933 2340 και·

568 2366 658 2434 ρὸς
711 2361 1006 2435 παρεκάλει,
1066 2360 1141 2433 ἐφ’
1291 2368 1380 2415 καὶ
1434 2364 1620 2426 ἄθλους
1679 2369 1792 2418 οὔτε
1846 2372 2064 2443 μικροὺς
2147 2369 2479 2441 ἀγωνίζεται,
2530 2374 2619 2421 καὶ
2687 2371 2994 2442 θαυμαστὴν
3048 2373 3184 2443 ἔχων
3251 2370 3297 2424 ἐν
3355 2372 3592 2446 πολέμοις
3657 2375 3934 2448 εὐτολμίαν

567 2449 895 2521 γνωρίζεται.

637 2625 735 2681 ΙΙΙ.
767 2625 912 2681 Cum
960 2629 1161 2682 autem
1198 2627 1442 2697 majoris
1473 2629 1776 2699 dignitatis
1815 2632 2220 2703 adipiscendis

569 2713 824 2785 cupidus
854 2719 1027 2780 esset,
1061 2730 1130 2770 ea
1155 2730 1340 2786 quam
1371 2716 1686 2774 aﬂectabat
1737 2720 2047 2790 majorem,
2101 2721 2220 2779 Deo

570 2802 651 2858 ita
681 2801 930 2867 volente,
962 2807 1174 2858 nactus
1207 2808 1311 2859 est.
1343 2805 1596 2876 Recepto
1637 2808 1795 2864 enim
1834 2811 2215 2880 patrimonio,

570 2888 649 2946 ad
661 2888 1047 2960 imperatores
1062 2904 1351 2956 reversus,
1369 2893 1560 2948 Saulis
1584 2899 1801 2950 sortem
1821 2895 2024 2968 aliquo
2038 2898 2218 2954 modo

571 2981 846 3048 expertus
893 2982 996 3033 est.
1035 2977 1135 3033 Hic
1174 2979 1330 3034 enim
1376 2981 1579 3037 asinos
1609 2984 1915 3055 requirens
1965 3001 2214 3056 regnum

570 3065 814 3131 invenit,
835 3069 1033 3120 noster
1053 3070 1248 3122 autem
1276 3069 1597 3126 mundanae
1618 3072 1827 3128 avidus
1839 3073 2040 3145 gloriae
2054 3079 2214 3146 regni

571 3153 826 3208 ccelestis
847 3169 1094 3224 compos
1125 3160 1210 3210 est
1239 3155 1450 3213 factus.
1484 3158 1588 3214 Ubi
1619 3161 1796 3228 enim,
1842 3163 1902 3218 in
1934 3165 2065 3236 ipso
2098 3171 2216 3222 sta-

571 3240 674 3297 tim
699 3239 979 3306 adventu,
1009 3244 1191 3297 Deum
1222 3250 1649 3318 contemptum,
1683 3251 1989 3308 daemones
2018 3258 2217 3309 autem

568 3329 892 3386 honoratos
921 3330 1181 3396 vidisset,
1207 3331 1527 3404 impietatis
1557 3337 1770 3394 ardore
1795 3341 2078 3396 incensus
2107 3345 2220 3397 Da-

567 3417 719 3473 vidis
749 3418 1086 3490 exemplum
1118 3427 1355 3477 secutus
1384 3429 1471 3479 est
1512 3425 1616 3495 qui
1645 3426 1785 3481 dicit
1816 3443 1877 3482 se
1904 3429 2216 3486 increduli-

566 3510 683 3563 tate
718 3507 815 3562 Dei
841 3507 1318 3564 adversariorum
1348 3511 1564 3566 misere
1589 3515 1806 3569 vexari.
1843 3515 1956 3572 Sed
1986 3515 2216 3573 Domini

566 3593 1036 3665 promissionum
1055 3611 1286 3652 memor
1297 3597 1401 3669 qui
1429 3613 1492 3653 se
1507 3615 1609 3655 eos
1633 3616 1835 3658 coram
1853 3604 2023 3660 Patre
2037 3621 2219 3675 agno-

568 3682 855 3735 sciturum
883 3697 1009 3736 esse
1039 3682 1201 3750 dicit,
1241 3686 1343 3755 qui
1379 3702 1440 3741 se
1469 3703 1670 3744 coram
1699 3691 2045 3750 hominibus
2074 3710 2211 3751 con-

567 3767 706 3823 fessi
733 3768 947 3823 fuerint
980 3787 992 3824 :
1026 3769 1140 3824 hac
1170 3773 1569 3840 promissione
1597 3776 1831 3834 Domini
1850 3787 2106 3853 arrepta,
2136 3789 2219 3839 tu-

568 3858 696 3912 tum
729 3870 790 3910 se
819 3856 1065 3912 reddere
1095 3857 1299 3914 voluit.

2400 2632 2471 2688 I".
2532 2636 2672 2688 Ἐπεὶ
2739 2633 2798 2690 δὲ
2845 2642 2933 2690 καὶ
2985 2640 3219 2710 μείζονος
3275 2635 3335 2697 ἦν
3383 2649 3540 2712 τιμῆς
3600 2641 3925 2715 ὀρεγόμενος,

2329 2725 2467 2796 εὗρεν
2497 2726 2601 2798 οὐχ
2649 2728 2707 2787 ἧς
2761 2728 2997 2800 ὠρέγετο,
3034 2728 3137 2780 ἀλλ’
3179 2729 3238 2789 ἧς
3268 2730 3505 2803 ὑπῆρχεν
3537 2729 3721 2793 ἐκεῖνος
3759 2733 3925 2799 ἄξιος,

2325 2822 2415 2874 τῆς
2472 2816 2605 2875 θείας
2661 2817 2795 2868 οὕτω
2866 2822 3104 2889 προνοίας
3169 2818 3669 2891 οἰκονομησαμένης.
3740 2821 3932 2874 Λαϐὼν

2326 2905 2427 2977 γὰρ
2480 2907 2547 2955 τὰ
2591 2903 2646 2955 ἐκ
2693 2909 2924 2980 πατέρων
2957 2905 3093 2958 αὐτῶ
3132 2906 3462 2980 περιελθόντα
3513 2913 3793 2981 χρήματα,
3841 2918 3933 2964 καὶ

2325 2995 2455 3064 πρὸς
2492 2996 2611 3052 τούς
2652 2999 2767 3047 τότε
2817 2993 3188 3067 βασιλεύοντας
3247 2994 3572 3068 ἀφικόμενος,
3625 3002 3827 3071 πάσχει
3879 3019 3933 3052 τι

2327 3088 2397 3133 τῶ
2458 3082 2619 3134 Σαοὺλ
2666 3083 3051 3156 παραπλήσιον.
3100 3083 3158 3135 Ὁ
3188 3087 3277 3156 μὲν
3325 3088 3426 3159 γὰρ
3482 3089 3624 3148 ὅνους
3658 3086 3928 3149 ἀναζητῶν

2328 3168 2601 3240 βασιλείαν
2655 3170 2928 3242 ἐκτήσατο,
2975 3174 3000 3224 ό
3055 3169 3115 3224 δὲ
3167 3181 3425 3244 κοσμικῆς
3463 3171 3620 3238 δόξης
3663 3179 3930 3249 ἐπιθυμῶν

2328 3256 2552 3328 οὐρανῶν
2603 3261 2760 3330 ἔτυχε
2809 3259 3103 3332 βασιλείας.
3164 3267 3263 3315 Καὶ
3305 3263 3443 3324 ὅπως
3495 3262 3717 3336 ἐγγὺςή
3759 3264 3928 3324 δηλω-

2334 3362 2430 3403 σις.
2494 3346 2804 3398 Καταλαϐὼν
2853 3351 2975 3422 γὰρ,
3032 3352 3202 3425 ὥσπερ
3253 3353 3477 3424 εἴρηται,
3530 3359 3619 3407 καὶ
3671 3350 3797 3406 ἰδὼν
3841 3359 3930 3407 τόν

2331 3436 2458 3484 Θεὸν
2511 3432 2866 3506 ὑϐριζόμενον,
2929 3434 3182 3510 δαίμονας
3240 3436 3298 3490 δὲ
3377 3446 3718 3514 τιμωμένους,
3784 3444 3929 3516 ζήλῳ

2333 3521 2615 3582 θεοσεϐείας
2670 3521 2974 3587 διακαυθεὶς
3022 3531 3115 3585 τὴν
3155 3526 3362 3599 ψυχὴν,
3409 3529 3479 3591 εἰς
3510 3538 3626 3582 νοῦν
3659 3550 3712 3583 τε
3742 3533 3807 3582 τὰ
3836 3539 3930 3583 τοῦ

2331 3607 2496 3662 Δαϐὶδ
2537 3609 2862 3683 βαλλόμενος,
2906 3616 2988 3666 ὅτε
3031 3619 3120 3686 μὲν
3172 3623 3234 3687 τῇ
3286 3618 3374 3688 θέᾳ
3403 3626 3501 3669 τῶν
3547 3617 3929 3671 ἀσυνετούντων

2330 3697 2639 3756 ἐκτηκεσθαι
2687 3700 2935 3772 λέγοντος,
2977 3704 3059 3755 ὅτε
3102 3706 3165 3756 τὰ
3211 3706 3367 3776 ὅμοια
3393 3709 3645 3778 πάσχειν,
3694 3704 3787 3759 διὰ
3830 3714 3928 3766 τὴν

2329 3792 2445 3858 περὶ
2489 3792 2606 3848 τοὺς
2646 3791 2811 3851 θείους
2846 3791 3032 3861 λόγους
3079 3801 3177 3844 τῶν
3221 3795 3596 3868 ἑχθραινόντων
3626 3795 3926 3871 ὀλιγωρίαν,

2331 3877 2503 3927 ἔπειτα
2538 3883 2627 3929 καὶ
2674 3888 2773 3930 τῶν
2811 3877 3134 3933 δεσποτικῶν
3185 3883 3430 3957 ῥημάτων
3471 3886 3542 3946 εἰς
3586 3889 3764 3960 καιρὸν
3801 3883 3930 3938 δια-

572 3944 1268 4018 μνημονεύσας,ἇκαθαρῶς
1295 3946 1680 4020 ἐπαγγέλλεται,
1727 3962 1835 4015 τοῖς
1875 3958 2162 4027 ἔμπροσθεν
2212 3969 2310 4012 τῶν
2357 3962 2636 4034 ἀνθρώπων
2666 3967 3007 4038 ὁμολογοῦσιν
3051 3970 3228 4040 αὐτὸν,
3277 3969 3608 4026 ἀντιδιδόναι
3639 3973 3926 4046 φιλοτίμως

572 4036 667 4090 τὴν
698 4034 984 4104 ἔμπροσθεν
1014 4041 1104 4085 τοῦ
1147 4039 1394 4098 Τεκόντος
1439 4039 1733 4110 ὁμολογίαν
1769 4045 2016 4097 ἔσπευσεν
2048 4048 2117 4109 ὡς
2155 4052 2322 4120 τάχος
2362 4051 2598 4125 ἁρπάσαι
2623 4034 2716 4112 τὴν
2746 4034 3071 4128 ἐπαγγελίαν,
3100 4063 3188 4111 καὶ
3217 4063 3373 4134 χρέὸς
3405 4061 3570 4133 ἑαυτῷ
3612 4034 3924 4116 δεσποτικὸν

576 4123 946 4192 προσμνηστεύ
955 4124 1172 4177 σασθαι.

644 4294 732 4351 IV.
773 4295 919 4351 Cum
950 4301 1146 4353 autem
1197 4313 1302 4370 per
1348 4304 1582 4373 portam
1637 4312 1956 4377 angustam
2002 4309 2219 4370 intrare

579 4381 765 4448 vellet,
800 4383 859 4438 in
890 4383 1087 4440 divitis
1116 4387 1496 4444 obstaculum
1521 4390 1748 4458 videns,
1777 4395 1995 4466 quibus
2021 4405 2219 4458 tamen

573 4472 651 4525 ad
676 4470 869 4526 bonas
901 4486 994 4525 res
1029 4473 1422 4530 auxiliaribus
1454 4478 1536 4531 uti
1569 4479 1822 4552 volebat,
1858 4489 2219 4556 pauperibus

573 4573 674 4613 eas
732 4557 1044 4613 distribuit.
1107 4560 1283 4616 Porro
1341 4577 1583 4632 gravem
1652 4577 2039 4638 armaturam,
2098 4593 2218 4647 qua

572 4644 788 4701 Paulus
814 4644 874 4700 in
898 4645 1105 4716 spiritu
1129 4647 1332 4704 ﬁdeles
1356 4659 1566 4719 armat,
1595 4656 1724 4726 Ipse
1742 4657 1952 4727 induit,
1976 4644 2218 4721 lumbos

569 4735 631 4790 in
663 4734 904 4791 veritate
935 4735 1135 4805 cingit,
1162 4737 1406 4808 justitiae
1435 4739 1616 4799 lorica
1647 4761 1707 4800 se
1738 4749 1923 4814 vestit,
1985 4754 2216 4820 galeam

2401 4316 2469 4375 Δ’.
2523 4318 2660 4377 Πλὴν
2720 4319 2847 4373 ἀλλὰ
2901 4326 2991 4374 καὶ
3027 4327 3115 4381 τὴν
3167 4329 3347 4384 στενὴν
3395 4324 3778 4379 εἰσελεύσεσθαι
3829 4331 3924 4380 πύ-

2329 4406 2420 4464 λην
2467 4407 2803 4482 προελομένῳ,
2858 4411 2939 4462 ἵνα
2997 4409 3164 4483 μηδὲν
3212 4415 3238 4466 ό
3284 4423 3383 4466 τῶν
3435 4417 3726 4488 χρημάτων
3772 4419 3922 4488 ἄγκος

2330 4496 2468 4565 αὐτῷ
2518 4494 2865 4568 ἐμποδίσειεν,
2924 4499 3051 4552 ἀλλὰ
3107 4507 3196 4554 καὶ
3239 4503 3426 4575 μᾶλλον
3483 4506 3551 4565 ὣς
3593 4502 3776 4575 βοηθῷ
3847 4513 3918 4575 τῷ

2328 4584 2531 4655 πλούτῳ
2562 4591 2691 4659 πρὸς
2736 4590 2803 4639 τὰ
2835 4588 2967 4640 καλὰ
2990 4595 3279 4663 χρήσαιτο,
3311 4596 3538 4650 πενήτων
3570 4592 3724 4645 αὑτὸν
3763 4599 3919 4666 χερσὶ

2330 4669 2578 4743 διανέμει.
2631 4673 2707 4744 (4)
2759 4680 2889 4749 Πρὸς
2943 4673 3001 4731 δὲ
3031 4684 3118 4731 καὶ
3149 4684 3242 4738 τὴν
3273 4681 3576 4747 πανοπλίαν,
3612 4684 3671 4741 ἦν
3719 4682 3919 4744 Παῦλος

2329 4758 2375 4809 ἐν
2427 4764 2678 4833 πνεύματι
2734 4768 2849 4825 τοὺς
2914 4771 3137 4829 πιστοὺς
3201 4769 3401 4830 ὁπλίζει
3471 4769 3917 4843 περιϐαλλόμενος,

571 4823 774 4880 salutis
805 4823 978 4895 capiti
1005 4824 1281 4897 imponit,
1315 4829 1496 4900 pedes
1527 4833 1605 4888 ad
1643 4835 2029 4906 Evangelium
2058 4845 2215 4913 pacis

2551 4823 2560 4833 .
2835 4823 2846 4825 —
3122 4823 3135 4829 -
3332 4823 3350 4830 -
3534 4823 3543 4843 ι
3749 4823 3757 4842 ι
3882 4823 3917 4839 ’1

2329 4855 2416 4900 καὶ
2448 4855 2540 4908 τὴν
2579 4856 2668 4923 μὲν
2714 4852 2874 4926 ὀσφὺν
2926 4856 2974 4908 ἐν
3028 4857 3242 4930 ἀληθείᾳ
3292 4860 3730 4933 περιζωσάμενος,
3775 4857 3920 4912 ἐνδυ-

570 4911 1053 4969 annuntiandum
1079 4915 1222 4985 tegit
1255 4933 1267 4985 ;
1295 4917 1508 4975 deinde
1533 4921 1670 4977 ﬁdei
1700 4924 1998 4996 clypeum,
2027 4911 2084 4987 et
2107 4935 2218 5005 spi-

642 5086 991 5168 (2)_N_o}ip.efa
1017 5089 1320 5168 pluraliter
1344 5095 1627 5168 cohortes,
1674 5113 1856 5168 quam
1901 5119 2107 5159 vocem
2151 5107 2210 5164 in

569 5159 700 5234 ipso
726 5159 876 5234 Iulio
906 5159 1129 5234 Caesare
1157 5163 1474 5220 restituisse
1505 5159 1789 5234 gloriatur
1831 5174 2106 5231 Meursius
2150 5159 2211 5234 i3

570 5227 1102 5318 graeco-Barbarie,
1127 5240 1332 5318 certea
1361 5227 1671 5318 _l._atinvis.ad
1699 5227 2206 5318 Graecostran'siit:

569 5298 1094 5388 distipguebantur
1117 5309 1314 5388 autem
1345 5308 1594 5365 Numeri
1621 5312 1747 5388 suis
1767 5298 2213 5388 singulico—g—no:

568 5372 808 5448 mentis,
839 5372 1014 5440 quale
1043 5373 1133 5427 hic
1155 5380 1243 5430 est
1264 5391 1598 5446 cognomen
1626 5372 1972 5443 Aniciorum
1988 5372 2208 5448 ς,έᾶἲὴ-

569 5441 857 5518 victorum
888 5462 899 5492 :
930 5457 1231 5518 verumne,
1267 5441 1617 5508 an'ornatus
1649 5470 1830 5514 causa
1859 5441 2205 5518 hicﬁassu‘m-

570 5516 757 5582 ptum,
800 5525 918 5565 non
960 5513 1242 5582 dijudico.

2331 4941 2543 5009 σάμενος
2591 4937 2650 4992 δὲ
2701 4948 2789 4996 καὶ
2836 4948 2921 4996 τὸν
2972 4953 3067 5008 τῆς
3115 4944 3455 5009 δικαιοσύνης
3496 4950 3726 5020 θώρακα,
3777 4968 3920 5023 περι-

2393 5112 2468 5193 (3)
2494 5117 2663 5193 Anno
2683 5116 2780 5173 301
2808 5121 3026 5176 missus
3049 5127 3257 5179 contra
3274 5123 3489 5180 Persas
3518 5124 3627 5180 fuit
3651 5124 3918 5180 Galerius

2323 5185 2734 5266 Maximianus,
2775 5205 2846 5245 eo
2873 5207 3172 5266 successu,
3214 5211 3397 5266 quem
3422 5195 3500 5251 ad
3525 5211 3755 5252 annum
3787 5197 3918 5254 Dio-

2321 5253 2562 5333 cletiani
2580 5260 2644 5314 t7
2675 5260 3062 5333 Theophanes
3083 5253 3379 5321 describit.

2391 5326 2467 5397 (4)
2492 5399 2500 5406 ,
2527 5331 2812 5406 Expungo
2837 5326 2974 5389 haec
3022 5352 3216 5406 pauca
3253 5339 3445 5395 ταύτην
3477 5355 3530 5390 τε
3560 5339 3616 5389 τὸ
3653 5339 3784 5390 θεῖον
3840 5337 3916 5390 οἰ-

2320 5399 2665 5526 κειοσοξμενος,
2697 5399 2840 5474 quia
2869 5419 2990 5461 non
3024 5399 3204 5464 'video
3233 5408 3540 5479 quomodo
3580 5409 3697 5464 huc
3739 5411 3916 5481 perti-

2320 5482 2475 5524 nean
2507 5511 2521 5526 .

2320 5482 2521 5527 neant.
