4110 6272
260 297 366 353 145

1638 306 1803 361 VITA
1844 308 1903 363 S.
1944 308 2256 368 GEORGII.

3522 324 3621 379 146

252 424 459 495 θέμενός
512 443 564 478 τε
642 431 731 479 καὶ
804 432 898 486 τὴν
943 432 1337 505 περικεφαλαίαν
1418 440 1510 485 τοῦ
1567 436 1838 505 σωτηρίου

1962 435 2106 491 ritus
2135 452 2340 494 ensem
2371 439 2643 509 accingit,
2672 440 2773 513 qui
2804 444 2894 497 est
2944 442 3042 497 Dei
3093 442 3370 511 Verbum,
3425 448 3483 501 et
3533 446 3616 503 sic

249 516 343 564 xui
383 516 505 575 τούς
532 511 701 576 πόδας
738 514 786 567 ἐν
818 516 1097 591 ἑτοιμασίᾳ
1152 529 1243 573 τοῦ
1284 521 1596 592 Εὐαγγελίου
1644 530 1734 581 τῆς
1786 522 1853 574 εἰ-

251 605 418 672 ρήνης
460 600 879 677 ὑποδησάμενος,
940 610 1117 661 ἔπειτα
1185 615 1275 662 καὶ
1331 613 1418 662 τὸν
1467 618 1563 671 τῆς
1631 615 1852 672 πίστεως

1965 524 2042 579 ab
2082 527 2364 583 omnibus
2402 528 2674 600 partibus
2719 533 2878 585 tutus
2910 531 2988 587 ad
3026 530 3344 602 impietatis
3382 533 3611 590 bellum

1970 613 2371 682 progreditur.

255 691 455 762 θυρεόν,
487 697 576 744 xui
596 697 684 751 τὴν
710 702 803 746 τοῦ
834 698 1124 770 Πνεύματος
1154 697 1419 751 ἀναλαϐὼν
1449 702 1742 772 μάχαιραν,
1774 702 1804 758 ἣ
1838 699 1950 752 ἐστι
1981 701 2127 775 ῥῆμα
2156 710 2310 769 Θεοῦ,
2339 709 2428 757 xui
2459 708 2527 767 ὡς
2555 725 2661 758 οιον
2686 724 2737 758 τε
2764 704 2823 763 ἣν
2851 705 3093 779 ἀσφαλῶς
3130 709 3351 761 καθόλου
3374 729 3626 785 περιφρα-

255 779 483 852 ξάμενος,
512 784 644 855 πρὸς
672 787 760 835 τὸν
789 787 925 838 κατά
954 794 1044 848 τῆς
1076 786 1313 851 ἀσεϐείας
1354 786 1544 862 ἐχώρει
1576 787 1816 859 πόλεμον.

326 982 400 1039 Ε’.
437 986 607 1058 Εύρὼν
649 983 708 1039 δε
746 991 882 1053 τούς,
932 987 1007 1041 ἐπ’
1052 989 1265 1062 ὀνόματι
1310 998 1402 1044 τοῦ
1436 990 1730 1063 βασιλεύειν
1759 996 1848 1043 καὶ

248 1074 457 1145 ἄρχειν,
518 1075 698 1136 αύτούς
750 1077 938 1148 μᾶλλον
986 1080 1085 1131 ὑπὸ
1134 1088 1227 1142 τῆς
1278 1079 1508 1141 ἀσεϐείας
1547 1084 1847 1151 κραταιοτε-

249 1180 338 1233 ρον
386 1161 730 1236 ἀρχομένους,
793 1166 964 1224 πλήθη
1022 1187 1074 1220 τε
1129 1166 1556 1240 βασανιστηρίων
1600 1168 1657 1220 ού
1715 1171 1851 1221 κατά

250 1258 349 1301 τῶν
393 1257 807 1326 πονηρευομένων
855 1256 1048 1329 (ὥσπερ
1099 1253 1160 1315 ἦν
1212 1258 1378 1330 θέμις)
1438 1262 1528 1310 καὶ
1609 1254 1849 1309 ἀδικούν-

250 1358 367 1405 των,
420 1338 546 1393 ἀλλὰ
596 1344 731 1394 κατά
785 1350 882 1394 τῶν
946 1344 1289 1398 εὐσεϐούντων
1380 1346 1571 1419 μᾶλλον
1649 1350 1848 1419 προκεί-

248 1446 392 1497 μενα,
426 1429 616 1492 αύτούς
644 1449 698 1482 τε
742 1426 1172 1507 δημηγοροῦντας
1215 1431 1365 1488 οῦδεν
1408 1434 1654 1498 θεοσεϐες,
1698 1430 1849 1485 οὐδὲν

248 1512 472 1582 δίκαιον,
525 1516 632 1569 ἀλλ’
664 1520 764 1571 ὅσα
791 1524 919 1592 πρὸς
970 1521 1209 1574 ἀσέϐειαν
1250 1521 1443 1593 ἀλείφει
1472 1527 1561 1574 xui
1610 1526 1703 1579 τὴν
1748 1530 1847 1572 τῶν

2028 993 2093 1048 V.
2127 994 2234 1049 Ubi
2265 1010 2370 1051 eos
2400 995 2505 1068 qui
2532 996 2775 1052 nomine
2805 1000 2861 1053 et
2880 997 3076 1068 specie
3089 999 3282 1055 solum
3298 1009 3622 1071 regnarent

1956 1082 2034 1137 ab
2061 1083 2361 1154 impietate
2386 1100 2721 1155 possessos,
2772 1090 2827 1141 et
2876 1090 3305 1145 tormentorum
3369 1106 3613 1162 pmnam

1957 1187 2077 1226 non
2095 1172 2374 1238 scelestis,
2398 1173 2456 1227 id
2477 1174 2641 1246 quod
2666 1174 2752 1229 fas
2793 1180 2935 1239 erat,
2972 1176 3073 1230 sed
3118 1176 3233 1248 piis
3260 1183 3315 1233 et
3333 1178 3611 1245 ﬁdelibus

1957 1256 2241 1315 inﬂictam
2263 1260 2784 1318 animadvertisset
2816 1280 2829 1317 ε
2862 1262 3251 1334 imperatores
3279 1267 3439 1322 enim
3495 1283 3607 1339 pro

1958 1361 2069 1401 sua
2102 1346 2403 1417 impietate
2450 1349 2596 1404 nihil
2620 1349 2774 1420 juste
2807 1349 3124 1419 faciebant,
3158 1352 3281 1408 imo
3336 1370 3610 1425 quaecun-

1956 1449 2073 1504 que
2103 1433 2182 1489 ad
2208 1434 2573 1508 impietatem
2604 1441 2659 1491 et
2699 1436 3038 1493 daemonum
3091 1441 3315 1497 cultum
3363 1443 3610 1499 incitant

1958 1521 2239 1577 fovebant
2254 1523 2376 1595 (qui
2399 1539 2544 1580 sane
2564 1524 2709 1580 nihil
2726 1525 2891 1581 aliud
2914 1526 3025 1581 nisi
3045 1526 3331 1584 falsorum
3355 1530 3607 1587 deorum

247 1601 508 1677 δαιμόνων
550 1606 788 1680 λατρείαν
842 1609 919 1679 (τί
971 1612 1072 1682 γὰρ
1138 1611 1305 1684 ἕτερον
1349 1612 1378 1667 ἠ
1432 1618 1529 1661 τῶν
1574 1605 1838 1680 ψευδωνύ-

1955 1608 2247 1681 adoratio)
2273 1616 2327 1666 et
2355 1611 2426 1666 iis
2450 1613 2555 1684 qui
2585 1613 2879 1670 Christum
2899 1617 3140 1672 nomine
3162 1616 3356 1673 solum
3376 1618 3608 1689 proﬂte~

241 1715 349 1766 μων
401 1697 522 1748 θεῶν
557 1698 917 1771 προσκύνησις
944 1698 999 1770 ;)
1029 1697 1087 1751 ού
1129 1703 1232 1771 μὴν
1269 1698 1396 1751 ἀλλὰ
1440 1704 1530 1750 καὶ
1556 1716 1842 1771 προσαπει-

239 1783 469 1851 λοῦντας,
521 1784 564 1838 εἰ
618 1790 769 1857 μόνον
819 1785 1089 1858 ὀνομάσειέ
1135 1807 1209 1849 τις
1263 1791 1349 1840 τὸν
1414 1790 1661 1860 Χριστὸν,
1747 1785 1842 1849 ἔξω

240 1876 427 1934 παντὸς
500 1873 682 1939 ἆλίους,
764 1883 869 1936 τοῖς
938 1880 1309 1949 προκειμένοις,
1388 1878 1841 1948 κατακηρυττόμε-

240 1980 323 2013 νον
386 1962 484 2034 (5),
566 1963 914 2026 ἑξαπεθανείν·
972 1965 1129 2028 ζήλου
1178 1965 1423 2027 πλησθεὶς
1482 1970 1575 2024 τὴν
1628 1964 1834 2035 ψυχὴν,

1957 1696 2175 1752 bantur
2200 1702 2447 1753 mortem
2492 1699 2970 1757 crudelissimam
3008 1702 3608 1775 intentabant:Geore

1954 1783 2089 1855 gius
2115 1790 2321 1841 sancto
2350 1785 2562 1842 ardore
2580 1786 2858 1843 incensus
2884 1794 2939 1843 et
2958 1789 3101 1845 istas
3132 1790 3321 1847 minas
3350 1790 3609 1848 ﬂoccife-

1954 1873 2117 1929 ciens
2146 1874 2241 1930 via
2273 1890 2373 1944 per
2390 1875 2830 1932 multitudinem
2865 1877 2976 1933 sibi
3007 1877 3303 1950 patefacta
3334 1880 3609 1937 Christia-

1955 1977 2098 2017 num
2118 1977 2245 2017 sese
2279 1978 2349 2018 ac
2382 1962 2589 2019 Christi
2616 1979 2854 2020 servum
2882 1964 3184 2036 professus
3210 1972 3317 2022 est.

238 2055 329 2102 xui
377 2054 567 2125 τρυφὰς
614 2052 803 2126 μᾶλλον
860 2054 919 2106 ού
979 2054 1182 2126 πληγάς
1252 2055 1383 2108 εἶναι
1430 2057 1495 2107 τὰ
1552 2052 1894 2122 ἀπειλούμενα
1941 2048 2036 2103 διὰ
2083 2053 2312 2125 Χριστὸν
2357 2051 2712 2123 λογισάμενος,
2773 2053 3015 2126 εὕτολμόν
3068 2074 3122 2107 τε
3182 2059 3272 2107 καὶ
3324 2053 3603 2125 λεοντῶδες

240 2135 446 2202 δεικνύς
492 2143 724 2214 ὅρμημα,
771 2139 1032 2214 διακόψας
1077 2147 1136 2196 τὸ
1190 2144 1403 2208 πλῆθος,
1452 2147 1543 2196 καὶ
1592 2141 1857 2216 παρελθὼν
1901 2139 1975 2202 εὶς
2030 2144 2207 2213 μέσον,
2264 2144 2581 2215 Χριστιανὸν
2633 2141 2810 2194 ἑαυτὸν
2865 2141 3168 2218 ἀνεκήρυξεν
3224 2148 3312 2196 καὶ
3367 2152 3601 2219 Χριστοῦ

239 2223 425 2281 δοῦλον
452 2230 738 2303 ὑπάρχειν.

324 2428 419 2512 ς’.
447 2434 553 2489 Τὴν
573 2431 871 2507 παρρησίαν
902 2432 1116 2496 ταύτην,
1158 2435 1249 2483 xui
1278 2433 1336 2482 τὸ
1370 2431 1583 2503 θάρσος,
1623 2432 1712 2480 xui
1748 2431 1842 2486 τὴν

233 2516 425 2590 τόλμαν
480 2526 570 2571 τοῦ
607 2522 872 2594 μάρτυρος
916 2518 1024 2591 οὐχ
1064 2519 1236 2581 ἁπλῶς
1291 2514 1397 2571 εἶδε
1427 2521 1484 2569 τὸ
1513 2525 1611 2568 τῶν
1641 2515 1840 2568 ἀσεϐῶν

233 2605 448 2671 πλῆθος,
500 2606 627 2660 ἀλλά
672 2613 762 2660 καὶ
809 2608 1042 2682 ἰσχυρῶς
1094 2607 1519 2678 κατεπλάγησαν.
1559 2605 1619 2657 Ὀ
1666 2608 1841 2677 μέντοι

233 2692 485 2767 γεννάδας
534 2696 940 2772 θαρραλεώτερον
992 2700 1067 2749 ἔτι
1119 2697 1328 2770 μᾶλλον,
1394 2698 1522 2749 Θεὸν
1576 2696 1665 2766 μὲν
1717 2692 1839 2750 ἀλη-

236 2784 375 2835 θινὸν
435 2789 520 2837 τὸν
576 2788 804 2859 Χριστὸν
866 2785 1137 2857 ὡμολόγει,
1199 2788 1265 2837 τὰ
1330 2781 1388 2837 δέ
1469 2802 1526 2855 γε
1578 2787 1842 2855 τιμώμενα

2019 2424 2112 2482 VI.
2139 2427 2272 2481 Haec
2294 2424 2530 2481 dicendi
2546 2424 2814 2495 libertas,
2832 2424 2961 2481 haac
2986 2425 3244 2483 audacia
3277 2424 3603 2484 multitudi-

1951 2528 2087 2568 nem
2110 2514 2433 2585 impiorum
2458 2512 2849 2585 stupefactam
2867 2513 3083 2570 mirum
3104 2514 3166 2569 in
3185 2514 3424 2571 modum
3445 2531 3603 2571 com-

1950 2617 2182 2657 movere
2215 2617 2228 2667 ;
2258 2602 2418 2673 quod
2470 2602 2742 2657 animum
2797 2600 3048 2672 Georgio
3090 2601 3338 2667 addidit,
3399 2603 3482 2659 ita
3535 2609 3604 2659 ut

1948 2688 2243 2746 Christum
2273 2693 2457 2745 Deum
2482 2705 2686 2745 verum
2711 2689 2913 2761 palam
2942 2689 3313 2762 proﬁteretur
3364 2696 3421 2746 et
3470 2692 3604 2763 ipsa

1948 2779 2199 2835 deorum
2254 2777 2541 2835 falsorum
2573 2778 2821 2834 nomina
2849 2784 3206 2849 conspueret
3243 2778 3423 2851 inque
3456 2779 3605 2835 ludi-

233 2873 359 2943 παρ’
426 2872 594 2925 αύτῶν
660 2871 850 2927 εἴδωλα
903 2880 993 2926 xui
1045 2878 1166 2935 τοὺς
1215 2873 1442 2944 ὀνόματα
1486 2877 1637 2942 μόνον
1698 2873 1838 2932 θεοὺς

1955 2867 2147 2922 brium
2179 2872 2445 2922 verteret.
2487 2867 2745 2938 Tyranni
2802 2866 2935 2938 ipsi,
2997 2866 3088 2922 his
3157 2849 3393 2931 auditis,
3441 2867 3603 2923 varia

238 2955 454 3013 διέπτυί
503 2980 556 3013 τε
602 2967 687 3014 καὶ
734 2961 1073 3035 ἐμυκτήριζε,
1134 2965 1225 3013 καὶ
1255 2968 1362 3022 τοῖς
1410 2958 1612 3018 πολλοῖς
1654 2960 1838 3010 ὑπόθε-

239 3066 324 3100 σιν
355 3047 571 3102 ἐποιεῖτο
602 3046 834 3122 σφοδροῦ
882 3050 1123 3121 γέλωτος.
1171 3048 1306 3106 Πλὴν
1337 3047 1465 3099 ἀλλά
1512 3053 1616 3106 τοίς
1657 3048 1841 3117 τυράν-

234 3155 345 3197 νοις
400 3144 569 3190 ταῦτα
625 3138 880 3190 ἀκούουσι
918 3134 1227 3195 παντοδαπὴ
1280 3137 1341 3195 ἧν
1385 3137 1414 3194 ἡ
1461 3140 1664 3206 γνώμη·
1718 3136 1841 3185 ποτε

233 3228 326 3298 μὲν
381 3229 484 3299 γὰρ
536 3230 619 3279 τὸν
668 3224 839 3299 ἄνδρα
870 3236 965 3288 τῆς
1013 3226 1314 3300 παρῥησίας
1361 3224 1675 3296 ἐθαύμαζον,
1716 3226 1841 3275 ποτε

237 3310 299 3367 δε
347 3314 609 3380 ἠπείλουν,
662 3318 786 3367 ποτε
835 3311 894 3367 δε
941 3320 1031 3366 xui
1074 3316 1313 3374 θωπείαις
1366 3314 1645 3385 ύπῄεισαν,
1706 3314 1840 3364 ὥστε

234 3404 372 3454 κατά
420 3422 506 3455 τον
553 3405 683 3456 θεῖον
720 3400 886 3456 Δαυῖδ
932 3407 1052 3465 τούς
1092 3401 1292 3454 ἐκείνων
1329 3401 1531 3473 λόγους.
1567 3408 1718 3452 τοῦτο
1749 3403 1838 3471 μὲν

237 3489 443 3563 βολίσιν
474 3491 711 3559 ἑοικέναι,
759 3499 909 3545 τοῦτο
955 3488 1013 3544 δε
1062 3493 1186 3566 ὑπὲρ
1239 3491 1406 3543 ἔλαιον
1460 3489 1683 3550 ἁπαλούς
1733 3485 1837 3541 δεί-

234 3582 475 3634 κνυσθαι·
528 3585 621 3640 τήν
673 3600 727 3634 τε
782 3583 880 3653 γὰρ
924 3585 1139 3639 νεότητα
1190 3584 1279 3631 καὶ
1331 3582 1387 3631 τὸ
1442 3578 1621 3638 κάλλος
1671 3576 1839 3640 ἕλέους

233 3674 425 3731 παντὸς
474 3668 616 3733 ἀξιον
669 3674 759 3722 xui
824 3666 1029 3742 φειδοῦς
1072 3671 1293 3743 ἔκριναν,
1334 3672 1429 3727 τὴν
1477 3668 1615 3728 ζωὴν
1660 3686 1839 3739 προτι-

234 3762 454 3833 μοτέραν
538 3767 715 3831 σαφῶς
810 3759 1105 3825 ύπετίθουν,
1197 3759 1353 3830 τιμὰς
1434 3755 1834 3827 ύπηγγέλλοντο,

236 3846 458 3900 πλούτου
516 3852 605 3899 καὶ
647 3854 841 3920 τρυφῆς
892 3848 1305 3919 ὑπεμίμνησκον.
1364 3843 1447 3906 Ὠς
1506 3840 1566 3896 δε
1615 3848 1739 3917 πρὸς
1773 3848 1838 3897 τὰ

237 3936 572 4012 φιλάνθρωπα
618 3944 787 3988 ταῦτα
833 3940 922 3988 xui
974 3934 1185 4008 μαλακά
1246 3929 1412 4007 μηδεν
1458 3932 1835 4004 ἕπικλινόμενον

236 4024 425 4097 ἕώρων,
477 4024 875 4098 μεταϐάλλοντες
920 4022 1188 4096 βασάνους
1226 4021 1490 4087 ἠπείλουν,
1537 4023 1710 4094 ὥσπερ
1741 4024 1835 4079 τὴν

235 4112 357 4185 ὄψιν
403 4112 635 4186 φοϐερὰς,
666 4116 797 4188 πρὸς
841 4109 900 4166 δε
932 4117 1021 4165 καὶ
1048 4116 1142 4171 τὴν
1191 4110 1240 4163 έν
1282 4117 1453 4184 πικρῶ
1505 4111 1705 4181 θανάτῳ
1743 4116 1836 4162 τοῦ

236 4200 359 4275 βίου
385 4206 775 4277 καταστροφήν.

305 4380 379 4434 Ζ’.
415 4380 556 4432 Ἐπεὶ
599 4375 659 4431 δὲ
702 4380 833 4452 πρὸς
860 4379 1032 4430 πάντα
1076 4376 1243 4447 ἑωρων
1293 4375 1487 4446 εὐπαγῆ
1540 4380 1629 4427 καὶ
1676 4373 1835 4426 ἀκλό-

229 4489 401 4534 νητον,
448 4470 760 4540 μιμούμενόν
808 4485 862 4518 τε
904 4470 998 4523 τὴν
1043 4465 1209 4516 οἰκίαν
1254 4463 1482 4534 ἀτέχνως
1525 4471 1615 4515 τοῦ
1666 4467 1835 4536 φρονί-

231 4577 357 4630 μου,
398 4558 428 4615 ἦ
480 4556 573 4608 οὐκ
623 4554 827 4626 ἀνέμοις
864 4553 1150 4614 σαλεύεται,
1200 4552 1259 4604 ού
1302 4559 1553 4621 ποταμοῖς
1597 4555 1833 4625 παρασύ-

231 4665 399 4719 ρεται,
431 4644 489 4697 ού
523 4643 751 4717 βροχαίς
792 4642 1188 4706 κατακλύζεται,
1232 4645 1320 4693 καὶ
1348 4648 1498 4692 τοῦτο
1549 4636 1613 4698 δὴ
1646 4644 1702 4692 τὸ
1743 4648 1831 4692 τοῦ

231 4735 389 4804 λόγου
440 4731 618 4785 λέοντα
673 4730 831 4804 ξυρᾷν
879 4728 1088 4800 ὶῳκουν,
1143 4733 1172 4787 ἦ
1226 4734 1351 4803 πρὸς
1381 4728 1599 4781 κολωνὸν
1639 4732 1829 4803 κηρύτ-

232 4823 418 4875 τεσθαι
516 4821 565 4872 οἱ
617 4816 675 4872 δὲ
728 4824 817 4871 xui
868 4826 1049 4892 πεῖραν
1102 4816 1382 4889 ἐπήγαγον,
1442 4821 1531 4868 καί
1604 4818 1832 4891 θράττειν

232 4911 413 4983 ᾤοντο,
463 4913 550 4961 xui
599 4906 1048 4980 μορμολύττεσθαι
1095 4910 1180 4958 τὸν
1223 4906 1502 4970 ἀπτόητον,
1554 4904 1685 4976 ξύλῳ
1732 4911 1833 4958 τοί-

232 5020 323 5052 νυν
398 4998 757 5071 αἰωρηθίντος,
845 5004 1005 5066 κοντῷ
1077 5000 1171 5053 τὴν
1245 4998 1479 5068 γαστέρα
1538 4991 1833 5068 διακρούειν

232 5087 477 5140 ἐκέλευον.
529 5091 627 5139 Καὶ
664 5088 713 5138 οἱ
773 5087 860 5156 μεν
918 5087 1068 5156 ἔργου
1142 5086 1383 5143 ἣπτοντοο
1437 5085 1463 5135 ὀ
1514 5080 1592 5152 δε,
1658 5086 1831 5157 ὥσπερ

235 5174 674 5248 ἕνευφραινόμενος
740 5180 849 5233 ταῖς
897 5172 1140 5243 πληγαῖς,
1199 5173 1335 5245 ἀφεὶς
1389 5176 1511 5235 τοὺς
1565 5178 1829 5239 παίοντας,

232 5268 364 5338 πρὸς
406 5268 527 5318 Θεὸν
580 5262 769 5335 μᾶλλον
812 5260 965 5313 ἐκίνει
1015 5265 1134 5323 τούς
1181 5262 1381 5333 λόγους,
1423 5267 1509 5313 xui
1562 5257 1721 5323 δῆλος
1771 5259 1830 5320 ἦν

235 5352 497 5427 ὁμολογῶν
554 5352 693 5423 αύτῷ
739 5353 964 5425 χάριτας
1025 5359 1117 5412 τῆς
1182 5351 1459 5414 κολάσεως.
1518 5351 1831 5423 Εύχαριστῶ

1950 2955 2302 3019 sentiebant,
2337 2970 2496 3010 nunc
2527 2954 2635 3010 viri
2659 2955 2847 3011 sancti
2864 2955 3469 3011 sermonemliberum
3493 2955 3599 3010 ad-

1953 3042 2254 3106 mirantes,
2280 3058 2439 3098 nunc
2464 3043 2640 3098 minis
2696 3042 2975 3099 eumdem
3018 3043 3396 3115 insequentes
3427 3060 3440 3110 ;
3483 3043 3603 3111 imo

1952 3147 2141 3203 usque
2173 3131 2251 3187 ad
2278 3131 2597 3187 blanditias
2623 3131 3081 3197 descenderunt,
3112 3132 3193 3188 ita
3221 3137 3300 3197 ut,
3360 3132 3410 3187 si
3461 3146 3600 3188 cum

1952 3218 2174 3275 Davide
2192 3218 2360 3290 loqui
2390 3218 2545 3287 licet,
2578 3235 2787 3275 eorum
2816 3220 2999 3276 verba
3028 3236 3164 3275 cum
3186 3220 3421 3291 jaculis,
3470 3225 3595 3275 tum

1948 3311 2083 3364 oleo
2097 3307 2507 3379 comparanda
2521 3306 2877 3363 viderentur.
2894 3308 3011 3362 Viri
3041 3308 3198 3363 enim
3218 3309 3597 3379 juventutem

1949 3399 2005 3450 et
2018 3394 2505 3465 pulchritudinem
2519 3395 3015 3451 commiseratione
3028 3396 3235 3466 dignas
3248 3395 3591 3452 censebant:

1946 3498 2131 3555 quare
2160 3482 2465 3539 meliorem
2494 3484 2546 3539 ei
2570 3483 2697 3539 vitae
2720 3483 3138 3549 conditionem,
3182 3499 3321 3539 cum
3358 3483 3600 3539 honori—

1948 3572 2058 3626 bus
2087 3588 2156 3628 ac
2181 3571 2397 3628 divitiis
2426 3587 2811 3644 proposuere.
2841 3573 2988 3628 Cum
3015 3577 3215 3628 autem
3244 3571 3439 3627 virum
3466 3586 3600 3627 san-

1948 3666 2106 3716 ctum
2137 3675 2248 3716 nec
2299 3659 2476 3715 minis
2523 3674 2631 3715 nec
2688 3659 2978 3716 blanditiis
3023 3659 3247 3716 moveri
3304 3658 3595 3726 viderent,

1948 3749 2244 3805 cruciatus
2264 3750 2659 3805 instrumenta
2687 3764 2821 3805 cum
2853 3748 3059 3806 mortis
3103 3749 3589 3807 terriculamenta

1948 3842 2369 3895 monstrarunt.

2015 4368 2126 4424 VII.
2161 4367 2250 4423 Ad
2282 4367 2405 4422 haec
2424 4366 2628 4423 omnia
2656 4366 2938 4436 Georgius
2967 4370 3252 4423 constans
3284 4370 3462 4439 atque
3483 4366 3592 4423 im-

1947 4463 2144 4514 motus
2174 4456 2279 4511 viri
2306 4454 2611 4527 prudentis
2640 4453 2887 4509 domum
2915 4453 3175 4510 imitatur
3204 4469 3343 4526 quae
3394 4454 3589 4525 ventis

1944 4562 2061 4603 non
2077 4545 2485 4609 labefactatur,
2508 4541 2847 4597 ﬂuminibus
2864 4557 2985 4598 non
3002 4542 3290 4607 obruitur,
3313 4540 3590 4598 imbribus

1941 4653 2061 4693 non
2087 4633 2463 4704 demergitur,
2492 4636 2547 4688 et
2577 4632 2999 4703 imperatorum
3029 4648 3212 4689 voces
3245 4631 3321 4688 ad
3352 4631 3588 4687 leonem

1941 4725 2299 4781 indomitum
2329 4726 2430 4778 aut
2463 4724 2717 4777 montem
2750 4721 2997 4775 surdum
3022 4720 3177 4775 date:
3208 4719 3583 4775 videbantur.

1944 4814 2123 4885 Igitur
2152 4827 2332 4885 quem
2364 4810 2562 4878 minis,
2588 4809 2913 4872 tormentis,
2947 4809 3111 4863 omni
3127 4806 3463 4863 formidinis
3491 4821 3563 4876 ge

1942 4919 2082 4961 nere
2104 4902 2375 4970 subigere
2392 4914 2509 4954 non
2533 4896 2827 4963 valebant,
2844 4898 2971 4968 ejus
2990 4902 3294 4967 postremo
3320 4894 3587 4951 cruciﬁxi

1942 5008 2160 5063 corpus
2188 4988 2495 5045 hastilibus
2541 4985 2761 5059 perfodi
2784 4986 3107 5055 jusserunt.
3167 4986 3231 5039 Et
3274 4982 3583 5040 carniﬁces

1943 5082 2187 5156 quidem
2216 5079 2360 5134 dum
2385 5078 2557 5149 jussa
2585 5079 3007 5147 exsequuntur,
3028 5078 3253 5145 martyr
3277 5073 3412 5129 laeto
3436 5072 3586 5130 inter

1943 5171 2236 5228 cruciatus
2261 5167 2484 5231 animo,
2508 5162 2862 5235 contemptis
2877 5162 3219 5226 tortoribus,
3240 5164 3425 5231 Deum
3442 5162 3585 5218 allo-

1941 5274 2130 5332 quens
2152 5256 2368 5326 gratias
2391 5270 2498 5327 pro
2520 5251 2811 5324 supplicio
2833 5251 3026 5307 retulit
3048 5267 3061 5306 :
3087 5252 3292 5307 Grates
3312 5248 3417 5305 tibi
3444 5264 3579 5319 ago,

1944 5348 2191 5406 Domine
2220 5362 2285 5403 ac
2315 5346 2487 5409 Deus,
2521 5342 2744 5402 dicens.
2786 5340 2943 5413 quod
2971 5338 3274 5397 beneﬁciis
3328 5354 3423 5395 me
3462 5339 3579 5395 tuis

311 5584 389 5657 (5)
418 5582 788 5656 Ecgraphum
816 5585 1093 5640 nostrum
1122 5585 1622 5656 κατακρυπτόμενον,
1653 5580 1812 5655 quod

1955 5595 2087 5637 sum
2119 5576 2342 5635 nullum
2371 5573 2650 5632 faciebat.
