4110 6272
507 295 606 348 147

503 415 751 486 dignum
763 425 984 468 censes.
1002 408 1136 463 Hac
1153 420 1290 461 cum
1309 402 1553 459 dixisset
1568 397 1769 470 cuspis

504 482 612 560 viri
641 516 858 574 corpus
887 496 1140 566 attingit,
1162 495 1344 549 instar
1365 488 1600 562 plumbi
1619 483 1956 549 reﬂectitur,
1976 482 2153 547 atque

506 591 763 648 innocua
787 589 847 643 in
871 591 1162 643 tortorum
1193 581 1473 638 manibus
1499 576 1716 632 evadit.

583 927 722 982 VIII.
757 924 899 980 Inde
919 927 1166 980 tortores
1195 918 1408 990 majori
1432 933 1568 973 cum
1599 913 1738 972 odio
1769 907 1976 982 (probe
1997 902 2155 959 enim

513 1019 800 1076 noverant
828 1011 1063 1068 difﬁcile
1086 1009 1191 1065 sibi
1226 1009 1350 1064 fore
1372 1012 1436 1062 ut
1457 1008 1646 1061 virum
1673 1005 1945 1056 sanctum
1973 991 2153 1064 supli-

516 1105 619 1161 ciis
649 1099 1013 1171 interimant)
1029 1098 1246 1154 diriora
1263 1091 1823 1163 circumspiciebant
1843 1086 2155 1171 tormenta.

515 1195 577 1251 In
603 1205 901 1248 carcerem
931 1170 1129 1259 itaque
1150 1183 1460 1241 deducitur
1485 1182 1674 1237 donec
1697 1191 1920 1234 novum
1939 1170 2160 1227 crucia—

515 1285 606 1337 tus
630 1279 1093 1335 instrumentum
1124 1271 1472 1329 invenerint.
1510 1271 1622 1327 Sed
1653 1283 1727 1323 ne
1781 1265 1863 1320 sic
1919 1261 2156 1336 quidem

513 1368 711 1425 animo
732 1381 902 1439 teque
927 1380 997 1420 ac
1018 1361 1528 1434 corporiquietem
1550 1373 1680 1413 esse
1693 1355 1978 1422 volentes,
2001 1366 2159 1406 com-

512 1454 759 1529 pedibus
773 1453 950 1508 vincti
973 1451 1189 1524 pectori
1206 1448 1467 1521 lapidem
1499 1448 1800 1515 ingentem
1815 1443 2156 1513 imponunt.

513 1542 614 1601 Hic
640 1558 780 1600 vero
811 1541 1028 1611 gratias
1059 1540 1132 1595 de
1162 1554 1320 1594 novo
1344 1551 1549 1606 agens,
1576 1533 1839 1606 lapidem
1859 1531 1991 1586 loco
2018 1545 2161 1600 sup-

512 1630 674 1706 plicii
703 1645 810 1704 pro
837 1628 1031 1685 cordis
1052 1626 1264 1695 fulcro,
1295 1625 1479 1680 ﬁdem
1510 1638 1680 1679 suam
1728 1617 2158 1684 conﬁrmando,

513 1721 782 1779 futurum
808 1733 941 1774 esse
965 1714 1332 1790 precabatur.

587 2073 676 2130 IX.
704 2076 864 2130 Tunc
897 2070 1294 2128 Diocletianus
1325 2082 1547 2124 novam
1589 2066 1794 2122 mortis
1817 2062 2158 2120 machinam

517 2162 890 2233 excogitavit,
925 2159 1122 2215 indole
1149 2159 1318 2230 ipsus
1349 2161 1477 2212 atra
1501 2161 1555 2211 et
1584 2155 1918 2210 inhumana
1940 2151 2162 2222 dignis-

517 2252 887 2322 simam,quo
904 2249 1194 2319 majorem
1213 2245 1611 2302 condemnato
1624 2243 1888 2299 dolorem
1905 2241 2159 2299 afferret.

516 2343 663 2398 Rota
683 2336 1044 2410 praegrandis
1064 2335 1390 2402 conﬁcitur,
1406 2333 1791 2389 mucronibus
1805 2331 2162 2388 acutissimis

517 2427 782 2501 praeﬁxa,
806 2442 940 2499 qum
970 2425 1028 2480 in
1053 2440 1263 2496 gyrum
1283 2423 1504 2478 circum
1519 2421 1725 2477 voluta
1747 2420 2017 2476 damnati
2039 2435 2162 2474 cor-

515 2533 628 2588 pus
657 2515 815 2571 brevi
830 2528 1133 2583 exsangue
1153 2511 1284 2567 ﬁxis
1301 2511 1360 2566 in
1381 2511 1514 2582 ipsa
1537 2509 1748 2579 gladiis
1772 2507 2158 2564 dilacerabat.

515 2605 699 2676 Super
752 2618 825 2659 ea
876 2602 961 2657 vir
1013 2605 1256 2656 sanctus
1315 2598 1512 2654 nudus
1565 2596 1883 2670 loricisque
1931 2596 2161 2650 vinctus

513 2691 938 2749 extendebatur
960 2705 974 2756 ;
1001 2689 1100 2744 sed
1124 2693 1352 2759 pectore
1371 2702 1476 2758 per
1496 2686 1824 2742 orationem
1851 2701 1920 2740 ac
1941 2685 2163 2740 inChri-

515 2785 674 2836 stum
694 2779 874 2834 ﬁdem
892 2781 1041 2833 bene
1063 2775 1418 2831 conﬁrmato
1437 2790 1516 2838 se,
1543 2789 1664 2847 quo
1681 2775 1946 2829 duriores
1957 2773 2165 2828 subiis-

517 2871 606 2924 set
625 2867 856 2939 plagas,
873 2882 944 2921 eo
962 2865 1250 2935 majorem
1267 2863 1325 2918 in
1343 2862 1474 2919 00311
1497 2861 1830 2917 mercedem
1846 2865 2158 2918 nacturum

515 2971 642 3012 esse
671 2955 966 3027 sperabat,
1000 2952 1335 3008 dummodo
1365 2951 1547 3007 Paulo
1574 2950 1722 3006 ﬁdes
1751 2949 2044 3006 habeatur
2075 2949 2158 3005 di-

514 3044 670 3101 centi
699 3061 711 3100 :
742 3042 1164 3115 Unusquisque
1222 3045 1418 3096 autem
1459 3039 1763 3113 propriam
1826 3040 2158 3095 mercedem

514 3132 762 3204 accipiet
783 3133 1114 3188 secundum
1143 3146 1318 3185 suum
1344 3129 1631 3186 laborem.
1663 3128 1753 3185 Sic
1781 3129 1958 3199 igitur
1987 3129 2158 3185 Geor-

513 3223 668 3292 gius,
702 3221 978 3278 volvente
1007 3223 1158 3287 rota,
1187 3218 1577 3274 circumactus
1626 3223 1682 3274 et
1732 3218 1946 3288 gladiis
2004 3218 2160 3275 foede

511 3309 819 3374 discissus,
843 3309 1166 3366 astantium
1195 3308 1348 3364 risus
1378 3324 1447 3364 ac
1469 3306 1798 3362 ludibrium
1834 3307 2023 3362 factus
2055 3313 2158 3372 est,

512 3398 614 3472 qui
639 3398 820 3454 rebus
872 3397 1270 3469 praesentibus
1315 3397 1488 3451 unice
1519 3396 1725 3451 intenti
1763 3394 2114 3465 quarebant
2148 3417 2159 3448 :

516 3487 770 3544 Ubinam
805 3491 894 3544 est
926 3490 1075 3543 Deus
1107 3485 1362 3555 Georgii,
1397 3490 1453 3539 et
1478 3488 1580 3539 cur
1609 3500 1638 3539 e
1682 3482 1963 3538 manibus
2025 3499 2162 3539 eum

511 3575 726 3631 nostris
752 3591 870 3630 non
897 3575 1107 3631 liberat
1136 3575 1163 3630 ?
1199 3575 1357 3632 Sicut
1391 3573 1575 3629 David
1600 3572 1740 3628 dicit
1772 3590 1785 3628 :
1823 3575 1972 3627 Dum
2022 3587 2165 3628 con-

511 3661 846 3736 fringuntur
873 3678 1013 3718 ossa
1041 3679 1194 3730 mea,
1228 3662 1728 3733 exprobraverunt
1761 3661 1903 3716 mihi
1931 3661 2034 3734 qui
2067 3662 2162 3718 tri-

511 3750 724 3807 bulant
746 3767 842 3806 me
863 3751 1086 3805 inimici
1111 3750 1246 3814 mei,
1272 3751 1411 3804 dum
1435 3750 1638 3804 dicunt
1657 3750 1800 3804 mihi
1825 3766 1930 3820 per
1961 3752 2164 3821 singu-

512 3839 602 3896 los
631 3839 758 3895 dies
787 3859 799 3898 :
835 3839 942 3895 Ubi
973 3846 1058 3894 est
1085 3840 1231 3893 Deus
1254 3843 1391 3892 tuus
1421 3839 1448 3893 ?
1479 3838 1544 3893 Hi
1576 3853 1698 3909 pm
1763 3840 2165 3908 imprudentia

517 3943 629 3984 sua
656 3927 979 3997 intelligere
1009 3942 1127 3982 non
1155 3926 1427 3981 valebant
1460 3947 1471 3990 ;
1498 3926 1778 3982 Salomon
1805 3928 2157 3997 sapientissiv

515 4030 652 4071 mus
684 4020 882 4072 autem
908 4015 974 4070 iis
1008 4015 1110 4087 qui
1137 4019 1378 4086 propter
1424 4014 1698 4070 timorem
1742 4015 1974 4070 Domini
2019 4015 2165 4073 dura

513 4104 815 4175 patiuntur
839 4104 953 4159 hoc
983 4101 1250 4175 praedicit
1278 4117 1290 4156 :
1319 4104 1499 4171 Tunc,
1533 4103 1724 4175 inquit
1764 4103 1997 4160 sanatio
2042 4120 2142 4161 cor

516 4191 647 4264 pori
680 4196 780 4247 tuo
810 4193 913 4247 erit
941 4198 996 4247 et
1034 4207 1176 4247 cura
1206 4190 1439 4247 ossibus
1471 4191 1602 4246 tuis.
1639 4193 1702 4248 Et
1732 4208 1940 4264 reapse
1962 4194 2165 4267 obtigit

520 4279 573 4335 ei
603 4280 830 4338 sanatio
861 4284 917 4337 et
966 4297 1110 4338 cura
1142 4280 1515 4337 admirabilis
1559 4298 1572 4336 :
1637 4283 1946 4354 quomodo
1999 4300 2157 4351 vero,

525 4368 696 4425 audi.

1880 260 2131 322 MENSIS
2175 255 2479 313 APRILIS.

1781 437 1794 461 ,
1812 407 1946 467 quae
1965 386 2150 444 sancti

2271 399 2369 443 σοι,
2417 382 2651 432 Δέσποτα
2702 383 2792 431 καὶ
2837 380 2952 441 Θεε,
3000 375 3179 448 λέγων,
3222 375 3303 427 ὅτι
3441 381 3543 425 τῶν
3596 380 3701 424 σῶν
3754 371 3897 442 ἀγα-

3793 246 3895 300 HS

2266 471 2365 521 θῶν
2431 469 2573 530 ἄξιον
2625 470 2867 539 γενέσθαι
2933 464 3366 538 παρασκευάζεις.
3447 462 3632 523 Οῦτως
3685 461 3892 532 ἔλεγε-ιν,

2263 563 2352 608 καὶ
2397 559 2421 608 ό
2453 560 2628 618 κοντὸς
2673 557 2823 618 εὐθὺς
2875 551 3132 627 μολίϐδου
3167 551 3322 610 δίκην
3365 551 3656 625 ἐστρέφετο,
3696 559 3780 621 τῷ
3816 558 3890 621 μὲ

2264 647 2525 698 πεισθέντι
2579 653 2686 708 τοῖς
2735 651 3124 717 παρανομοῦσιν
3185 641 3342 704 αὐτὸς
3395 643 3619 692 ὑπείκων
3673 636 3896 713 ῥᾳδίως

2265 741 2354 786 καὶ
2404 736 2508 786 οἷον
2558 735 2792 794 εὐπειθὴς
2871 738 3159 804 γενόμενος,
3224 737 3334 792 τοῖς
3392 733 3567 802 μέντοι
3622 727 3894 801 βλάπτειν

2267 827 2351 875 τόν
2380 822 2560 894 Ἀγιον
2588 822 2921 895 βουλομένοις
2949 819 3192 892 οὐδαμῶς
3216 825 3506 892 χρήσιμος.

2341 911 2414 966 Η’.
2469 912 2623 965 Ἀλλὰ
2659 915 2760 984 γὰρ
2813 914 2860 963 οἱ
2909 911 3290 982 ἐχθραίνοντες,
3338 909 3470 960 οὕτω
3509 910 3634 980 πρὸς
3665 907 3894 959 πλείονα

2272 1002 2431 1072 θυμὸν
2462 999 2752 1073 ἐξαφθέντες
2799 1002 3082 1067 (ἡττᾶσθαι
3121 1001 3222 1071 γὰρ
3261 1001 3318 1050 τό
3349 1002 3418 1069 μὴ
3455 993 3713 1058 δυνατοὺς
3747 993 3891 1048 εἶναι

2270 1093 2608 1162 τιμωρεῖσθαι
2672 1099 2844 1161 σαφῶς
2917 1091 3134 1160 ἔκρινον)
3191 1090 3320 1161 πρὸς
3377 1085 3670 1159 βαρυτέρας
3738 1084 3866 1137 ἒϐλε

2269 1177 2372 1248 ψαν
2425 1184 2692 1253 τιμωρίας·
2750 1183 2835 1229 καὶ
2882 1181 2939 1230 τὸ
2989 1181 3076 1248 μὲν
3124 1183 3210 1227 νῦν
3261 1178 3382 1246 ἔχον
3435 1177 3465 1232 ἡ
3527 1174 3726 1246 φυλακή
3794 1178 3888 1225 τὸν

2268 1264 2447 1336 Ἀγιον
2495 1265 2901 1339 παρελάμϐανεν,
2954 1267 3045 1327 ἓως
3108 1264 3285 1325 αὐτοῖς
3337 1263 3366 1320 ἡ
3428 1267 3540 1334 περὶ
3598 1270 3689 1314 τοῦ
3766 1272 3887 1323 πῶς

2273 1352 2355 1406 δεῖ
2381 1358 2789 1429 τιμωρήσασθαι
2835 1353 3020 1424 σκέψις
3075 1361 3293 1424 γένοιτο·
3322 1352 3404 1403 ἶνα
3447 1347 3507 1403 δὲ
3535 1348 3673 1424 μηδὲ
3714 1351 3888 1410 οὓτως

2271 1445 2444 1496 ἄνετον
2484 1447 2596 1515 ἔχει
2643 1448 2700 1495 τό
2751 1453 2902 1514 σῶμα
2931 1443 3109 1513 ψυχὴ,
3139 1442 3472 1512 κατακριθεὶς
3513 1444 3604 1498 τὴν
3644 1441 3887 1511 εἱρκτήν,

2273 1532 2398 1584 ἀλλὰ
2444 1538 2531 1584 καὶ
2585 1529 2772 1593 πέδαις
2828 1536 2918 1604 μεν
2958 1536 3078 1592 τοὺς
3135 1530 3294 1582 αὐτοῦ
3344 1526 3509 1590 πόδας
3560 1525 3887 1601 δεσμοῦσεν,

2272 1620 2451 1672 ύπτιον
2507 1619 2565 1674 δὲ
2613 1617 2960 1683 διατείναντες
3017 1624 3105 1671 καὶ
3177 1618 3332 1691 βαρεῖ
3373 1617 3498 1690 λίθῳ
3551 1621 3616 1670 τὰ
3695 1623 3891 1694 στέρνα

2194 1730 2238 1784 Β
2272 1709 2736 1785 καταϐαρύνουσιν.
2789 1717 2846 1762 Ὀ
2893 1707 2951 1762 δὲ
2996 1714 3085 1761 καὶ
3116 1708 3274 1768 οὕτως
3312 1707 3632 1781 ηὐχαριστει
3658 1715 3730 1779 τῷ
3762 1715 3891 1779 Θεῷ

2270 1799 2439 1864 πάλιν,
2488 1799 2577 1851 καί
2625 1803 2709 1852 τὸν
2763 1804 2832 1860 εἰς
2880 1803 3133 1873 τιμωρίαν
3178 1796 3471 1850 ἐπιτιθέντα
3516 1797 3656 1848 λίθον
3708 1798 3880 1867 αὐτῷ,

2270 1888 2338 1949 εἰς
2398 1892 2687 1963 στηριγμόν
2735 1886 2958 1962 καρδίας
3012 1891 3206 1959 ηὔχετο
3267 1887 3524 1957 γενέσθαι,
3576 1891 3768 1958 πάγιόν
3828 1906 3889 1939 τε

2269 1981 2357 2028 καὶ
2390 1975 2699 2049 ἀμετάθετον
2731 1973 3033 2049 ἐμπεδῶσαι
3060 1976 3200 2045 αὐτῷ
3230 1979 3324 2033 τὴν
3355 1973 3655 2046 ὁμολογίαν.

2344 2065 2426 2119 Θ’.
2477 2065 2692 2119 Ἔπειτα
2735 2066 2805 2128 εἰς
2858 2070 2950 2123 τὴν
3009 2064 3255 2118 ἐπιοῦσαν
3306 2068 3394 2115 καὶ
3426 2069 3541 2138 περὶ
3579 2073 3672 2125 τῆς
3707 2062 3882 2136 βαρυ-

2271 2160 2416 2228 τέρας
2456 2159 2727 2207 σκέπτεται
2759 2153 2995 2227 βασάνου
3051 2153 3410 2213 Διοκλητιανός
3461 2155 3487 2204 ό
3521 2149 3702 2212 δεινός·
3738 2155 3768 2211 ἡ
3818 2151 3885 2207 δε

2272 2248 2485 2318 ὀργανόν
2531 2264 2582 2296 τι
2633 2247 2979 2315 τιμωρητικόν
3040 2240 3120 2308 ἧν,
3181 2242 3324 2304 ἄξιον
3383 2245 3472 2314 μεν
3527 2251 3618 2304 τῆς
3678 2241 3881 2294 ἐκείνου

2271 2339 2461 2405 πικρᾶς
2510 2332 2697 2404 ψυχῆς
2751 2337 2841 2384 καὶ
2892 2328 3298 2404 δαιμονιὼδους,
3343 2327 3472 2383 ἰδεῖν
3516 2327 3575 2383 δὲ
3614 2327 3884 2405 φρικωδέ-

2273 2441 2477 2486 στατον,
2556 2426 2645 2473 καὶ
2725 2423 3019 2478 ὑποστῆναι
3080 2422 3406 2472 παντάπασιν
3492 2419 3878 2491 ἁλγεινότατον.

2270 2513 2471 2585 Τροχός
2512 2530 2589 2572 τις
2639 2512 2872 2583 ἥρμοστο
2925 2511 3284 2582 παμμεγέθης,
3338 2514 3636 2582 μαχαίραις
3682 2509 3882 2571 ὀξυτά-

2271 2618 2386 2660 ταις
2443 2603 2778 2670 καταπαγεὶς,
2831 2600 2887 2660 ὃς
2934 2595 3141 2670 μεθόδῳ
3193 2602 3295 2649 τινὶ
3350 2597 3650 2672 κομψοτέρᾳ
3707 2602 3879 2650 κινού-

2272 2691 2418 2758 μενός
2463 2706 2515 2738 τε
2573 2691 2658 2739 καὶ
2713 2683 3148 2760 περιδινούμενος,
3203 2690 3288 2738 τὸν
3329 2686 3468 2756 αὐτῷ
3512 2683 3878 2758 προσδεθῆναι

2271 2777 2668 2848 κατακριθέντα,
2724 2775 2929 2848 ἰξαιμον
2985 2775 3129 2835 εὐθὺς
3183 2772 3382 2828 ἐδείκνυ
3440 2780 3530 2827 καὶ
3576 2778 3876 2828 κατάκοπον

2271 2871 2386 2925 ταῖς
2440 2868 2749 2937 μαχαίραις.
2807 2864 2918 2916 Ἐπ’
2958 2864 3098 2934 αὐτῷ
3150 2869 3320 2916 τοίνυν
3374 2865 3398 2915 ό
3445 2863 3623 2935 Ἄγιος
3681 2867 3878 2935 γυμνός

2271 2953 2384 3013 ὅλος
2413 2956 2706 3026 περιταθεὶς
2745 2958 2831 3005 καὶ
2874 2949 3059 3017 δεθεὶς,
3111 2952 3242 3026 εὐχῇ
3298 2957 3386 3004 καὶ
3430 2957 3605 3005 πίστει
3633 2960 3694 3025 τῇ
3748 2957 3879 3026 πρὸς

2272 3045 2497 3116 Χριστόν
2564 3041 2855 3117 ἐπιῤῥώσας
2921 3042 3083 3093 αὐτοῦ
3154 3047 3247 3100 τὴν
3300 3038 3546 3115 καρδίαν,
3619 3038 3730 3094 εἶτα
3786 3047 3876 3094 καὶ

2272 3130 2466 3191 εὔελπις
2509 3130 2595 3190 ὧν,
2652 3132 2731 3182 ὃτι
2785 3131 3032 3202 μειζόνων
3082 3138 3343 3203 τιμωριῶν
3383 3131 3592 3202 μείζους
3631 3131 3690 3181 ἄν
3740 3133 3877 3182 πάν-

2272 3239 2366 3279 τως
2444 3218 2707 3270 ὁιντιλάϐοι
2754 3223 2843 3270 καὶ
2899 3223 3022 3280 τοὺς
3073 3221 3317 3290 μισθούς,
3389 3221 3526 3293 εἴπερ
3589 3219 3729 3282 ἄξιος
3787 3239 3879 3270 πι-

2276 3310 2472 3359 στεύειν
2529 3309 2554 3358 ό
2604 3307 2817 3371 Παῦλος,
2861 3311 2994 3359 κατὰ
3044 3311 3129 3360 τόν
3163 3304 3300 3360 ἴδιον
3359 3313 3515 3360 κόπον
3556 3308 3712 3360 εἰπὼν
3757 3310 3872 3360 ἕκα-

2277 3415 2393 3447 στον
2439 3400 2527 3446 καὶ
2575 3399 2661 3446 τὸν
2706 3393 2843 3448 ἴδιον
2897 3398 3086 3468 μισθὸν
3142 3396 3423 3468 λήψεσθαι,
3463 3401 3704 3469 γενναίως
3766 3394 3880 3470 εἶχε

2273 3489 2363 3535 καὶ
2435 3492 2711 3558 καρτερῶς,
2770 3486 2874 3536 οῖνω
2944 3505 2997 3537 τε
3045 3490 3134 3538 καὶ
3202 3488 3343 3538 κάτω
3405 3505 3744 3558 στρεφόμενος
3789 3491 3880 3538 καὶ

2273 3573 2691 3648 περιειλούμενος,
2748 3579 2838 3626 καὶ
2917 3582 3035 3636 ταῖς
3111 3579 3410 3647 μαχαίραις
3467 3572 3648 3637 δεινῶς
3721 3596 3879 3628 κατα-

2273 3665 2735 3737 κρεουργούμενος,
2797 3659 3094 3734 ὀνειδισμὸς
3154 3682 3207 3715 τε
3263 3668 3352 3715 καὶ
3430 3663 3752 3736 χλευασμὸς,
3819 3669 3876 3717 τό

2273 3760 2363 3804 τοῦ
2426 3755 2563 3803 θείου
2626 3755 2782 3823 φάναι
2838 3748 3027 3814 Δαυίδ,
3083 3759 3192 3813 τοῖς
3239 3752 3410 3823 κύκλῳ
3459 3758 3770 3825 γενομένοις,
3831 3755 3880 3806 οἶ

2275 3844 2404 3912 πρὸς
2453 3844 2510 3891 τό
2558 3844 2720 3912 παρὸν
2761 3844 2913 3910 μόνον
2970 3838 3264 3912 βλέποντες,
3325 3847 3430 3893 Ποῦ
3490 3840 3551 3894 δέ
3596 3850 3703 3906 νῦν,
3763 3845 3876 3914 ἔφα-

2278 3947 2420 3991 σκον,
2470 3930 2494 3979 ό
2539 3931 2662 3988 Θεὸς
2701 3933 2977 4000 Γεωργίου,
3020 3934 3104 3980 καὶ
3135 3927 3225 3981 διὰ
3262 3935 3410 4002 τίμὴ
3453 3930 3593 3982 ἔλθοι
3618 3939 3716 3983 τῶν
3747 3933 3873 4003 ἡμε-

2274 4020 2430 4087 τέρων
2487 4025 2678 4088 χειρῶν
2729 4015 2883 4068 αὐτὸν
2933 4017 3237 4091 ῥυσόμενος·
3299 4019 3363 4080 ὡς
3411 4023 3500 4071 καὶ
3547 4026 3714 4071 ταῦτα
3759 4038 3877 4072 συν-

2275 4101 2420 4177 ᾴδειν
2477 4107 2543 4155 τὰ
2591 4113 2682 4156 τοῦ
2731 4101 2914 4172 Δαυῑδ,
2969 4105 3050 4158 Ἐν
3099 4115 3170 4177 τῷ
3222 4107 3586 4160 καταθλᾶσθαι
3634 4111 3697 4160 τὰ
3748 4109 3876 4162 ὀστᾶ

2275 4213 2396 4267 μου,
2444 4193 2695 4263 λέγοντος,
2747 4191 3016 4255 ὠνείδιζόν
3073 4214 3136 4266 με
3193 4198 3239 4246 οὶ
3287 4195 3473 4268 ἐχθροί
3519 4216 3643 4268 μου,
3700 4195 3748 4249 ἓν
3802 4207 3871 4268 τῷ

2273 4283 2434 4354 λέγειν
2492 4282 2680 4345 αὐτούς
2726 4303 2816 4355 μοι
2869 4284 2986 4335 καθ’
3030 4283 3253 4341 ἑκάστην
3293 4287 3506 4357 ἡμέραν·
3568 4293 3674 4338 Ποῦ
3734 4285 3870 4339 ἔστιν

2274 4374 2298 4424 ό
2373 4376 2497 4434 Θεὸς
2569 4391 2663 4424 σου
2695 4391 2706 4440 ;
2741 4373 2809 4424 Οἵ
2865 4371 3105 4424 ἀσύνετοι
3163 4375 3300 4434 ὅντες
3347 4373 3590 4445 οὐμενοῦν
3646 4372 3871 4430 συνιδεῖν

524 4456 630 4527 οὐχ
652 4455 813 4526 εἶχον,
848 4463 956 4517 τοῖς
977 4476 1109 4508 ουτω
1136 4454 1229 4507 διὰ
1250 4477 1306 4508 το
1340 4457 1608 4528 φοϐεῖσθαι
1645 4461 1729 4508 τόν
1763 4462 1950 4531 Κύριον
1979 4456 2157 4524 δεινῶς
2186 4463 2512 4531 πάσχουσιν,
2545 4481 2630 4513 οια
2663 4460 2895 4532 Σολομὼν
2928 4461 2952 4512 ό
2986 4464 3136 4532 σοφός
3166 4461 3422 4534 προλέγει,
3464 4467 3609 4529 Τότε,
3644 4467 3868 4535 φάσκων,

523 4546 667 4605 ἶασις
696 4546 844 4596 ἔσται
890 4564 962 4614 τῳ
994 4549 1197 4614 σώματί
1250 4563 1365 4610 σου,
1412 4551 1500 4597 καὶ
1541 4544 1802 4617 ἐπιμελεια
1848 4555 1953 4609 τοῖς
1984 4547 2182 4612 ὀστέοις
2228 4569 2340 4602 σου.
2388 4556 2674 4623 Τοιγαροῦν
2702 4554 2790 4602 καὶ
2819 4554 3021 4620 γέγονεν
3053 4549 3192 4620 αὐτῷ
3217 4554 3382 4620 ἴασις,
3409 4557 3498 4604 καὶ
3527 4549 3723 4626 κομιδὴ
3754 4555 3871 4605 θαυ-

522 4635 721 4705 μαστὴ,
759 4635 847 4683 καὶ
880 4633 1013 4693 ὅπως
1051 4630 1223 4685 ἄκουε.

597 4723 656 4777 X.
688 4723 954 4777 Tortores
987 4721 1173 4776 virum
1204 4724 1475 4777 sanctum
1523 4737 1660 4777 cum
1691 4723 1790 4778 tali
1824 4723 2006 4780 modo
2035 4730 2166 4782 rota
2203 4727 2244 4780 D

522 4808 875 4874 afﬁxissent,
903 4815 1294 4874 recesserunt,
1355 4809 1512 4865 fame
1569 4826 1671 4865 eos
1723 4811 1799 4867 ad
1869 4813 2164 4884 liturgiam

525 4898 855 4955 solemnem
870 4902 1122 4954 vocante
1149 4914 1161 4963 ;
1183 4899 1240 4965 ii,
1262 4897 1528 4969 inquam,
1552 4900 1656 4970 qui
1672 4916 1771 4973 per
1784 4918 1953 4958 esum
1971 4904 2162 4974 panis,

524 4986 730 5042 Christi
773 4987 1060 5059 populum
1108 4987 1414 5043 devorant.
1475 4986 1723 5043 Sanctus
1784 4991 2008 5048 interea
2063 4993 2166 5060 (ita

523 5074 681 5131 enim
713 5074 1070 5146 imperatum
1095 5075 1282 5132 fuerat
1315 5081 1349 5143 ),
1381 5080 1517 5131 voto
1566 5077 1836 5133 astrictus
1886 5081 2166 5138 manebat

523 5163 686 5218 haud
711 5162 947 5219 invitus.
985 5165 1147 5220 Brevi
1179 5169 1312 5237 post
1341 5169 1600 5237 tempore
1630 5182 1744 5221 vox
1785 5168 2014 5224 caelitus
2069 5171 2163 5226 de-

524 5253 711 5306 missa
731 5255 786 5306 et
806 5251 1085 5308 divinitus
1108 5261 1414 5326 comperta
1435 5271 1571 5326 quae
1593 5255 1875 5312 athletam
1897 5259 2161 5314 nomina-

523 5339 627 5395 tim
655 5339 1068 5410 compellebat,
1098 5343 1353 5398 auditur.
1384 5343 1560 5399 Paulo
1587 5351 1720 5413 post
1777 5346 2024 5414 angelus
2067 5348 2161 5402 Dei

523 5426 680 5483 facili
694 5427 926 5495 negotio
949 5429 1178 5484 vincula
1193 5430 1365 5486 solvit
1383 5447 1448 5486 ac
1461 5433 1703 5488 vulnera
1717 5435 1944 5505 penitus
1968 5441 2158 5502 sanat,

522 5515 914 5589 insurperque
934 5516 1196 5571 amicum
1224 5534 1293 5573 ac
1314 5521 1664 5590 popularem
1687 5536 1821 5579 eum
1853 5540 1925 5580 ex
1951 5524 2159 5584 intimo

2348 4731 2389 4780 Ι.
2425 4728 2489 4779 Οἱ
2519 4729 2608 4798 μεν
2647 4725 2947 4788 κολάζοντες
2993 4730 3124 4800 μετὰ
3171 4732 3228 4781 τὸ
3269 4725 3526 4782 διαθεῖναι
3580 4731 3742 4804 ταύτῃ
3787 4733 3868 4783 τὸν

2273 4813 2454 4886 Ἀγιον
2489 4815 2806 4889 ἀνεχώρουν,
2862 4824 2951 4878 τῆς
2989 4823 3221 4892 γαστρὸς
3268 4818 3456 4881 αὐτοὺς
3505 4819 3576 4882 εἰς
3621 4824 3715 4880 τὴν
3756 4839 3868 4873 συν-

2275 4907 2377 4962 ήθη
2462 4905 2727 4966 καλούσης
2776 4905 3116 4980 λειτουργίαν,
3179 4906 3398 4968 ἐκείνους
3457 4911 3638 4981 φαμεν,
3691 4911 3868 4972 οἰτινες

2277 4988 2534 5045 διετέλουν
2587 4992 2634 5043 ἐν
2694 4991 2890 5066 βρώσει
2948 4996 3107 5067 οἶρτου
3174 4999 3259 5047 τόν
3315 5004 3404 5049 τοῦ
3462 5005 3695 5069 Χριστοῦ
3752 4999 3865 5051 λαὸν

2276 5083 2650 5142 κατεσθίοντες·
2711 5084 2736 5132 ὁ
2798 5079 2856 5134 δὲ
2901 5085 3105 5153 Ἀγιος,
3159 5084 3290 5136 οὕτω
3336 5089 3692 5160 προσταχθὲν,
3737 5090 3864 5160 ἔμει-

2274 5189 2351 5222 νεν
2401 5171 2571 5243 ὥσπερ
2610 5169 2723 5242 εἶχε
2770 5177 2841 5240 τῷ
2893 5180 3073 5243 τροχῷ
3116 5169 3350 5245 δέσμιος.
3388 5174 3539 5228 Ἀλλὰ
3567 5180 3864 5249 προσεκτέον

2275 5261 2344 5318 ὡς
2391 5258 2496 5309 οἶόν
2550 5277 2602 5310 τε
2643 5259 2914 5330 φιληκόως,
2975 5259 3195 5312 ἐνταῦθα
3243 5265 3343 5335 γὰρ
3402 5268 3490 5316 καὶ
3535 5266 3564 5321 ἡ
3603 5266 3866 5335 θαυμασία

2273 5354 2362 5398 τοῦ
2414 5345 2610 5417 ἀγαθοῦ
2660 5347 2951 5418 ἐπίσκεψις,
3020 5353 3094 5400 Ού
3125 5349 3284 5410 πολὺς
3338 5356 3468 5422 μετὰ
3524 5355 3609 5404 τὸν
3677 5349 3863 5425 δεσμόν

2271 5435 2502 5508 παρῆλθε
2559 5440 2760 5509 καιρὸς,
2819 5442 2908 5489 καὶ
2959 5434 3094 5509 ἦχος
3153 5442 3241 5510 μεν
3310 5440 3580 5512 οὐρανόθεν
3656 5442 3864 5512 ἠχεῖται

2273 5520 2508 5596 φαιδρός,
2572 5530 2705 5597 φωνὴ
2761 5522 2820 5579 δε
2866 5525 3052 5580 ἐκεῖθεν
3101 5527 3187 5581 οἷα
3230 5529 3510 5604 θεοπρεπὴς
3551 5529 3859 5598 ἐξακούεται,
