4110 6272
290 322 393 376 149

1667 325 1823 379 νιΤΑ
1867 323 1875 373 ε

1975 324 2267 383 GEORGII.
3543 344 3641 399 150

276 449 412 519 πρὸς
441 448 603 517 ὄνομα
629 444 864 498 καλοῦσα
919 448 1005 498 τόν
1054 445 1281 507 ἀθλητήν
1311 469 1324 482 ’
1367 452 1541 503 ἔπειτα
1582 454 1673 502 καὶ
1726 448 1875 519 ἀγγε-

1986 450 2191 538 animo
2213 457 2493 527 appellat.
2546 463 2611 518 Et
2646 479 2759 521 noc
2797 465 3029 538 quidem
3059 466 3191 523 loco
3240 467 3359 523 divi
3394 468 3640 526 Davidis

278 535 367 595 λος
420 542 553 587 Θεοῦ
609 535 902 608 παραστὰς,
956 534 1064 587 λύει
1142 541 1231 609 μεν
1278 546 1375 589 τῶν
1420 535 1626 610 δεσμῶν
1680 537 1877 590 ἐκείνων

277 624 420 697 μάλα
446 621 661 699 ῥαδίως,
706 625 972 695 θεραπεύει
1017 621 1076 677 δε
1130 628 1224 688 τὰς
1278 626 1481 697 πληγὰς
1538 628 1711 697 ὥσπερ
1756 622 1878 678 οὐδὲ

1986 537 2210 639 dictum
2240 544 2518 639 impletur
2551 567 2563 604 :
2601 574 2627 601 «
2677 537 2957 610 Immittet
2985 554 3234 624 angelus
3290 557 3522 613 Domini
3580 558 3642 614 in

1987 633 2235 686 circuitu
2267 633 2598 694 timentium
2624 656 2783 709 eum,
2816 646 2871 698 et
2900 642 3107 714 eripiet
3129 659 3251 699 eos.
3290 664 3317 693 ν

278 717 553 786 γινομένας
610 718 875 786 πρότερον,
949 712 1007 765 οὐ
1068 718 1170 785 μὴν
1221 713 1351 766 ἀλλά
1403 720 1493 766 καὶ
1552 719 1621 775 ὡς
1670 715 1809 786 φίλον
1864 712 1971 774 ἤδη
2034 723 2123 768 καὶ
2168 722 2488 791 συμπολίτην
2541 733 2916 801 προσαγορεύει
2974 712 3039 782 τὰ
3104 732 3442 802 φιλικῶτατα.
3500 734 3641 791 Πλη-

278 810 462 875 ροῦται
516 804 617 875 γὰρ
662 800 927 853 κάνταῦθα
980 806 1037 854 τό
1096 804 1195 854 ὑπὸ
1254 811 1347 855 τοῦ
1402 805 1537 856 θείου
1605 800 1772 856 Δαυὶδ
1832 812 2289 878 προηγορευμίνον,
2360 814 2440 864 ὅτι
2512 835 2538 866 (ι
2580 800 2932 890 ϐΠαρεμίϐαλεῖ
2994 800 3208 891 ἄγγελος
3280 827 3472 894 Κυρίου
3553 826 3641 874 κύ-

278 890 382 962 κλῳ
401 900 500 943 τῶν
532 889 855 962 φοϐουμένων
887 890 1059 959 αὐτόν,
1087 896 1176 944 καὶ
1199 893 1415 966 ῥύσεται
1439 893 1647 953 αύτούς.

350 980 453 1034 lA'.
490 976 614 1034 Εἶτα
670 983 757 1031 τόν
798 977 976 1051 Ἀγιον
1023 979 1303 1040 ὸησθῆναί
1352 1000 1405 1033 τε
1434 989 1539 1043 τοῖς
1590 984 1875 1053 γινομένοις

2056 984 2142 1039 Xl.
2180 984 2469 1057 Georgius
2499 992 2767 1062 posthaec
2796 996 3037 1064 gaviuss
3067 996 3143 1052 de
3180 996 3273 1052 his
3353 998 3638 1056 omnibus

275 1074 365 1121 καὶ
392 1066 617 1132 δοξάσαι
646 1072 732 1121 τὸν
757 1071 964 1141 Κύριον,
1015 1069 1235 1140 Ὑψώσω
1281 1090 1354 1138 σε,
1410 1070 1641 1141 λέγοντα,
1693 1072 1719 1121 6
1749 1074 1877 1131 Θεός

278 1177 399 1230 μου,
449 1159 476 1210 6
535 1157 781 1218 Βασιλεύς
809 1177 931 1229 μου,
988 1163 1077 1210 καὶ
1130 1159 1392 1229 εὐλογήσι.»
1451 1162 1507 1210 τὸ
1563 1160 1721 1229 ὄνομά
1781 1178 1875 1210 σου

280 1247 351 1308 εἰς
374 1249 460 1298 τὸν
482 1246 677 1297 αἰῶνα·
714 1246 899 1298 αἰνέσω
940 1250 1026 1299 τὸν
1067 1252 1195 1301 Θεὸν
1260 1267 1359 1319 μου
1410 1244 1504 1300 διὰ
1545 1250 1755 1309 παντὸς,
1789 1250 1877 1297 τόν

279 1339 408 1389 Θεὸν
446 1338 533 1387 τόν
590 1334 926 1409 εὐφραίνοντα
974 1340 1067 1395 τὴν
1119 1338 1333 1394 νεότητά
1390 1354 1513 1407 μου.
1562 1332 1684 1387 Εἶτα
1736 1353 1879 1406 φανε-

275 1428 366 1498 ρὸν
386 1424 564 1477 ἑαυτὸν
589 1431 659 1493 τῷ
708 1422 918 1496 βασιλεῖ
962 1430 1052 1477 καὶ
1080 1432 1189 1486 τοῖς
1216 1425 1387 1486 ἄλλοις
1417 1432 1577 1476 ποιῶν
1604 1425 1629 1475 6
1671 1421 1873 1493 Ἀγιος,

276 1517 430 1584 μίσος
487 1512 654 1565 αὐτῶν
723 1517 943 1584 γίνεται,
1028 1516 1211 1574 θυσίας
1257 1520 1364 1574 τοῖς
1451 1512 1637 1573 ἐπίσης
1704 1511 1877 1571 αὐτοῖς

275 1600 613 1664 ἀναισθήτοις
677 1607 1041 1675 προσαγόντων
1115 1604 1264 1667 θεοῖς,
1350 1608 1488 1673 φωνῇ
1556 1618 1608 1652 τε
1645 1599 1873 1672 λαμπρο-

274 1695 417 1766 τέρᾳ,
471 1691 767 1763 Ἐπίγνωθι,
854 1689 1105 1772 βασιλεύῃ
1184 1693 1298 1763 ἔφη,
1375 1694 1451 1751 τίς
1498 1693 1587 1760 μεν
1652 1687 1768 1759 ἔγὼ,
1820 1688 1873 1739 ὃν

274 1781 421 1852 ὑμεῖς
467 1779 541 1841 εἰς
608 1779 860 1833 ἀπώλειαν
924 1776 1269 1846 ἰκδεδώκατε,
1317 1783 1393 1840 τίς
1463 1774 1522 1831 δε
1569 1776 1775 1841 ίκεῖνος,
1847 1776 1872 1827 6

273 1877 369 1931 τῆς
405 1874 598 1943 πικρᾶς
654 1870 794 1941 ὑμῶν
839 1867 1131 1931 ἀπαλλάξας
1172 1887 1235 1940 με
1283 1871 1532 1941 τιμωρίας
1579 1904 1591 1916 .
1626 1864 1873 1935 ἕπίγνωτε

270 1965 472 2026 τοῦτον,
501 1963 591 2011 καὶ
622 1962 750 2012 Θεὸν
809 1958 1048 2017 ἀληθινὸν
1101 1954 1230 2010 εἶναι
1279 1959 1616 2021 πιστεύσατε,
1665 1955 1871 2006 παυσά-

272 2066 416 2120 μενοι
444 2052 725 2119 προσέχειν
766 2049 919 2113 θεοῖς,
980 2048 1159 2108 οῖτινες
1212 2047 1270 2098 ού
1302 2051 1453 2119 μόνον
1503 2045 1709 2116 ἑτέροις,
1744 2041 1873 2094 ἀλλὰ

272 2141 362 2188 καὶ
406 2135 605 2198 ἑαυτοῖς
637 2132 889 2188 ἀδύνατοι
919 2135 1151 2209 βοηθεῖν,
1185 2134 1417 2188 Ἤκουσε
1453 2141 1620 2186 ταῦτα
1649 2133 1674 2183 ὁ
1707 2130 1871 2203 βασι-

269 2224 405 2289 λεύς,
462 2229 551 2278 καὶ
593 2229 686 2283 τὴν
734 2224 853 2296 ὄψιν
899 2224 1208 2298 προσϐαλὼν
1256 2232 1327 2294 τῷ
1384 2224 1631 2298 μάρτυρι,
1680 2223 1762 2281 τίς
1815 2237 1870 2271 τε

270 2317 348 2372 εἴη
404 2310 789 2375 διεπυνθάνετο,
865 2319 955 2365 καὶ
1027 2318 1145 2387 περὶ
1218 2317 1313 2371 τὴν
1381 2314 1497 2364 θίαν
1556 2308 1868 2383 ἀμφαγνοεῖν

270 2404 417 2473 ἑῴκει
466 2420 478 2432 ·

268 2487 442 2563 δεσμά
515 2487 795 2561 διακόψας,
847 2496 935 2543 καὶ

272 2599 423 2650 ιχνος
449 2599 500 2631 τι
526 2579 781 2640 κολάσεως
801 2578 1157 2651 ἕπισημαινειν
1187 2586 1259 2650 τῷ
1283 2583 1487 2650 σώματι
1516 2593 1528 2644 ;

1988 1071 2302 1129 Dominum
2332 1077 2675 1145 gloriﬁcavit
2708 1100 2719 1137 :
2758 1083 3042 1138 Exaltabo
3076 1088 3147 1153 te,
3185 1088 3355 1149 Deus,
3411 1086 3635 1152 dicens,

1989 1161 2069 1214 mi
2092 1176 2213 1226 rex,
2247 1169 2303 1218 et
2334 1163 2596 1224 laudabo
2627 1185 2846 1225 nomen
2877 1176 3044 1227 tuum
3076 1172 3134 1227 in
3167 1178 3472 1230 aeternum.
3504 1174 3635 1232 Glo-

1985 1247 2234 1305 riﬁcabo
2265 1251 2449 1307 Deum
2485 1272 2683 1312 meum
2715 1274 2969 1330 semper,
2988 1259 3173 1315 Deum
3190 1261 3293 1332 qui
3316 1261 3638 1321 laatiﬁcavit

1981 1336 2353 1406 juventutem
2386 1357 2603 1398 meam.
2638 1346 2781 1401 Dein
2813 1353 3055 1403 sanctus
3087 1364 3291 1404 coram
3342 1365 3479 1422 rege
3528 1367 3637 1408 οω-

1984 1424 2241 1496 terisque
2293 1442 2354 1482 se
2411 1432 2773 1489 constituens
2817 1435 2922 1507 qui
2974 1435 3086 1490 diis
3134 1436 3415 1492 inanibus
3464 1453 3634 1497 sacra

1984 1510 2297 1579 faciebant,
2328 1516 2487 1574 clara
2498 1535 2642 1576 voce
2666 1537 2679 1576 :
2697 1522 3092 1589 Considerate,
3118 1524 3329 1597 inquit,
3347 1525 3481 1599 quis
3499 1540 3631 1597 ego,

1981 1613 2163 1669 quem
2191 1602 2467 1673 perniciei
2493 1606 2835 1675 devovistis,
2869 1614 2926 1665 et
2954 1610 3089 1683 quis
3116 1609 3209 1666 ille
3234 1611 3335 1684 qui
3364 1611 3513 1668 diris
3540 1629 3635 1671 me

1983 1688 2187 1743 vestris
2216 1692 2575 1749 cruciatibus
2592 1696 2825 1767 eripuit.
2853 1700 3016 1754 Hunc
3038 1699 3378 1770 cognoscite
3400 1717 3635 1758 verum-

1980 1790 2099 1847 que
2110 1776 2298 1834 Deum
2310 1796 2441 1837 esse
2453 1783 2692 1849 credite,
2706 1784 2817 1840 diis
2830 1785 3041 1842 vestris
3049 1787 3177 1857 jam
3190 1802 3312 1843 non
3326 1788 3633 1846 studentes

1980 1864 2084 1935 qui
2115 1880 2189 1921 ne
2221 1866 2333 1923 sibi
2361 1868 2529 1941 ipsis,
2562 1872 2785 1928 nedum
2818 1872 2947 1929 aliis
2967 1874 3186 1930 auxilio
3216 1884 3632 1947 essepossunt.

1982 1953 2080 2008 His
2106 1955 2339 2023 auditis,
2364 1956 2691 2030 imperator
2710 1961 2897 2016 oculis
2915 1961 2975 2017 in
2994 1968 3316 2035 martyrem
3335 1966 3636 2022 conversis

1978 2042 2113 2113 quis
2138 2048 2291 2099 esset
2306 2046 2536 2115 rogavit
2564 2064 2578 2113 ;
2606 2048 2733 2118 jam
2751 2048 2910 2105 enim
2932 2049 3119 2105 oculis
3146 2050 3415 2108 difﬁdere
3437 2068 3627 2125 cmpe-

1977 2134 2087 2186 rat.
2119 2133 2259 2197 Quis
2295 2149 2501 2191 revera
2532 2138 2849 2207 Georgium
2880 2139 3077 2195 adhuc
3108 2139 3302 2195 vivere
3340 2142 3630 2212 suspicari

1977 2233 2160 2274 ausus
2197 2220 2370 2277 fuerit
2406 2223 2435 2278 ‘I
2464 2224 2599 2296 quis
2633 2241 2772 2281 eum
2803 2231 2942 2298 post
2970 2230 3058 2282 tot
3086 2232 3143 2283 et
3182 2231 3303 2283 tam
3334 2228 3466 2285 dira
3508 2234 3634 2286 tor-

1979 2312 2180 2361 menta
2207 2308 2567 2368 incolumem
2593 2318 2650 2369 et
2678 2313 2915 2370 sanitati
2936 2313 3232 2370 redditum
3273 2315 3634 2373 crediderit?

538 2409 637 2455 ποῦ
692 2406 794 2477 γὰρ
842 2407 926 2455 xui
994 2402 1131 2463 εἰκός
1191 2398 1251 2459 ἦν
1318 2402 1581 2453 πιστεύειν
1659 2399 1737 2449 ὅτι
1792 2398 1881 2447 καὶ
1932 2396 2031 2457 ζῶν
2062 2391 2328 2471 διαρκέσει
2380 2405 2666 2472 Γεώργιος;
2717 2406 2788 2474 μὴ
2844 2404 2924 2453 ὅτι
2976 2406 3062 2454 καὶ
3113 2405 3178 2454 τά
3226 2402 3274 2453 ἓν
3328 2412 3398 2473 τῷ
3454 2412 3634 2478 τροχῷ

1035 2493 1128 2552 τάς
1177 2488 1488 2548 ἀνηκέστους
1562 2486 1766 2555 πληγὰς
1838 2482 2157 2552 ἕξυγιωθεὶς,

2261 2485 2463 2550 ἀπαθὴς
2536 2494 2593 2541 τό
2668 2492 2911 2564 παράπαν
2989 2492 3232 2563 ὁρᾶσθαι,
3331 2497 3421 2544 καὶ
3494 2489 3635 2563 μηδᾶ

344 2667 442 2725 1Β’.
497 2670 638 2721 Ἐπεὶ
698 2665 757 2721 δε
814 2668 997 2729 ἐκεῖνος
1060 2668 1213 2720 πάλιν
1261 2666 1439 2720 ἑαυτὸν
1505 2660 1727 2726 ἆδείκνυ,
1780 2662 1870 2711 καὶ

2053 2660 2159 2715 XII.
2213 2663 2416 2719 Postea
2438 2664 2676 2735 publice
2703 2664 3056 2737 prodeundo
3073 2665 3357 2722 omnibus
3368 2667 3473 2740 qui
3493 2682 3633 2724 ocu-

268 2764 377 2819 τοῖς
431 2762 501 2829 μὴ
562 2759 695 2809 πάνυ
742 2758 1087 2830 πεπηρῶσθαι
1116 2762 1206 2808 καὶ
1256 2754 1570 2828 ὀφθαλμούς,
1619 2756 1709 2803 καὶ
1752 2755 1868 2800 νοῦν

268 2844 604 2918 βουλομένοις
633 2842 875 2905 ἐπίδηλος
927 2842 1009 2909 ἧν,
1057 2850 1144 2897 καὶ
1197 2845 1355 2904 αὐτὸς
1400 2841 1523 2895 εἶναι
1595 2844 1866 2911 Γεώργιος,

269 2934 605 2995 αύτὸςότῆς
672 2932 914 2992 ἀληθείας
961 2935 1155 3007 μάρτυς
1209 2930 1435 3005 ἀκριϐῶς
1494 2929 1791 2981 ἒπιστεύετο
1853 2941 1866 2954 ⁶

266 3022 476 3082 πολλοῖς
534 3024 699 3081 αἴτιος
752 3025 1008 3092 σωτηρίας
1059 3019 1271 3091 ἐγίνετο,
1341 3023 1431 3070 καὶ
1478 3025 1571 3077 τῆς
1622 3015 1690 3075 εἰς
1742 3020 1870 3086 Χρι-

269 3114 393 3163 στόν
443 3116 656 3170 πίστεως
706 3109 941 3182 πρόξενος
988 3108 1181 3169 ἀληθής
1246 3126 1258 3138 ·
1304 3112 1392 3159 καὶ
1422 3111 1646 3180 πρώτοις
1688 3121 1748 3173 γε
1771 3109 1870 3154 τῶν

265 3198 450 3263 άλλων,
498 3205 609 3260 τοῖς
657 3203 742 3250 καὶ
798 3203 1022 3272 πρώτοις
1071 3202 1157 3255 τὴν
1210 3196 1523 3268 ἰπιφᾶνειαν,
1593 3190 1870 3261 Ἀνατολίῳ

264 3293 400 3360 φημὶ
442 3293 532 3340 καὶ
587 3287 929 3359 Πρωτολίοντι
1004 3294 1109 3346 τοῖς
1180 3284 1584 3358 στρατηλάταις.
1664 3279 1729 3333 Οἳ
1780 3284 1869 3331 καὶ

264 3384 487 3451 φανερῶς
543 3377 629 3429 ἕνα
684 3378 813 3429 Θεὸν
892 3374 1132 3433 ἀληθινὸν
1199 3370 1329 3427 εἶναι
1389 3380 1487 3425 τῶν
1538 3377 1867 3442 Χριστιανῶν

265 3465 659 3541 ἀνακράξαντες,
703 3463 752 3517 ἒν
798 3468 1003 3543 τόποις.
1039 3463 1246 3538 ἐρήμοις
1326 3468 1687 3519 κατακοπῆναι
1737 3460 1867 3529 μετὰ

264 3564 364 3608 τῶν
388 3555 551 3607 ἄλλων
617 3562 715 3607 τῶν
768 3554 1268 3626 συμπιστευσάντων
1323 3550 1499 3611 αύτοῖς
1556 3548 1864 3620 κατεκρίθηο

264 3663 381 3710 σαν,
410 3649 499 3697 καὶ
550 3651 704 3696 τοῦτο
751 3644 942 3715 μισθὸν
992 3640 1136 3713 εἰχον
1181 3648 1277 3701 τῆς
1311 3636 1569 3700 εὐσεϐείας
1609 3638 1668 3688 τὸ
1700 3634 1865 3687 ἐκεῖνα

263 3734 463 3798 παθεῖν,
498 3732 531 3784 ἀ
587 3732 757 3801 πολλῷ
806 3731 994 3804 μᾶλλον
1042 3733 1164 3791 τοὺς
1210 3733 1301 3788 τὴν
1354 3732 1528 3799 κρίσιν
1584 3725 1864 3795 ἐξενεγκόν-

261 3841 349 3882 τας
374 3818 435 3878 ἦν
466 3821 633 3884 ἄξιον.
690 3820 1036 3892 Ἀπαγόμενοι
1090 3815 1149 3871 δε
1201 3818 1272 3880 εἰς
1323 3820 1409 3868 τόν
1432 3823 1529 3877 τῆς
1557 3814 1862 3873 τελειώσεως

266 3914 437 3974 τόπον,
470 3912 648 3970 πάντες
684 3912 751 3969 ὡς
799 3907 854 3959 ἔκ
900 3914 1023 3981 μιᾶς
1084 3911 1169 3959 καὶ
1224 3906 1463 3977 γλώττης
1501 3907 1589 3955 καὶ
1630 3908 1857 3972 γνώμης,

1981 2745 2052 2804 lis
2080 2764 2150 2804 ac
2200 2757 2397 2808 mente
2426 2753 2585 2823 capti
2632 2769 2754 2809 non
2785 2759 3005 2822 essent,
3062 2755 3374 2825 Georgium
3407 2771 3469 2812 se
3525 2771 3631 2813 an-

1980 2838 2274 2896 nuntiavit
2319 2845 2375 2896 et
2413 2841 2677 2897 veritatis
2708 2843 2873 2898 testis
2925 2855 3053 2899 esse
3079 2844 3338 2900 creditus
3367 2851 3477 2912 est,
3507 2844 3635 2916 plu-

1978 2926 2145 2980 rimis
2176 2927 2381 2983 salutis
2412 2938 2619 2986 auctor
2648 2935 2703 2986 et
2733 2930 2869 2986 ﬁdei
2902 2931 2959 2987 in
2985 2930 3279 2988 Christum
3313 2932 3632 3005 sospitator

1978 3013 2191 3082 factus,
2208 3020 2271 3071 ut
2296 3017 2564 3073 Anatolio
2588 3024 2645 3074 et
2665 3018 3019 3075 Protoleonti
3032 3019 3286 3075 ducibus
3312 3020 3415 3092 qui
3441 3020 3502 3075 in
3515 3021 3631 3093 pri-

1980 3102 2093 3156 mis
2122 3103 2398 3159 ﬁdelibus
2422 3106 2787 3163 exstiterunt.
2820 3107 2886 3163 Hi
2938 3123 3123 3163 unum
3162 3107 3627 3165 Christianorum

1981 3191 2166 3246 Deum
2213 3207 2422 3247 verum
2455 3208 2586 3249 esse
2613 3194 2972 3251 unanimiter
3004 3195 3431 3262 exclamarunt,
3465 3200 3521 3253 et
3566 3197 3627 3253 in

1976 3278 2109 3335 loco
2134 3279 2366 3335 deserto
2402 3286 2464 3335 ut
2493 3282 2686 3352 capite
2725 3282 3121 3354 plecterentur
3158 3299 3297 3340 cum
3327 3284 3627 3356 aliquibus

1976 3368 2356 3425 consortibus
2388 3369 2772 3426 condemnati
2804 3377 2954 3426 sunt.
2990 3371 3220 3427 Pietatis
3251 3371 3429 3443 igitur
3476 3388 3626 3429 mer-

1973 3457 2181 3512 cedem
2213 3458 2370 3513 nacti
2402 3463 2561 3524 sunt,
2590 3474 2713 3530 qua
2729 3458 2962 3528 judices
2985 3459 3151 3530 impii
3184 3460 3369 3516 multo
3399 3459 3628 3531 dignio-

1972 3561 2065 3601 res
2120 3545 2372 3602 fuerant.
2411 3545 2518 3603 Ubi
2563 3546 2622 3602 in
2652 3547 2849 3603 locum
2881 3547 3152 3619 supplicii
3207 3552 3623 3619 pervenerunt,

1972 3650 2184 3690 omnes
2212 3650 2331 3691 una
2348 3650 2491 3690 voce
2513 3639 2571 3690 et
2588 3651 2707 3692 una
2723 3640 2948 3692 mente:
2971 3636 3214 3692 Domine
3230 3638 3364 3692 Jesu
3378 3635 3623 3704 Christe,

1970 3723 2396 3791 clamaverunt,
2439 3724 2633 3795 recipe
2660 3724 2893 3779 animas
2914 3730 3146 3780 nostras
3176 3723 3235 3779 in
3266 3739 3416 3795 pace
3448 3739 3461 3791 ;
3495 3730 3550 3781 et
3580 3725 3628 3781 si

1968 3812 2129 3867 hisce
2152 3811 2333 3867 ﬁdem
2351 3812 2410 3867 in
2429 3816 2482 3867 te
2504 3811 2871 3883 proﬁtemur,
2889 3813 2950 3867 in
2962 3812 3256 3883 justitiam
3273 3812 3623 3884 imputabis,

1969 3906 2023 3956 et
2053 3900 2317 3955 remissis
2349 3899 2606 3971 peccatis
2645 3899 2705 3954 in
2736 3905 2956 3955 aeterno
2990 3915 3101 3954 nos
3140 3914 3324 3968 regno
3354 3904 3457 3956 tuo
3486 3915 3624 3956 con-

269 4001 441 4072 Κύριε,
470 4000 709 4072 ἔκραζον,
756 3997 932 4055 Ἰησοῦ
985 3998 1202 4067 Χριστε,
1234 3989 1522 4067 πρόσδεξαι
1557 3995 1648 4053 τὰς
1675 3990 1860 4062 ψυχὰς

1975 3991 2138 4046 stitue
2171 4008 2185 4057 ;
2213 3988 2433 4061 quibus
2462 3987 2633 4042 dictis
2688 3988 2954 4060 martyrii
3006 4003 3230 4044 corona
3259 3989 3343 4043 eis
3390 3988 3622 4059 obtigit.

264 4086 477 4159 ἠμῶνέν
530 4087 704 4161 εἰρήνῃ
768 4104 778 4115 ·
838 4090 929 4137 καὶ
980 4091 1072 4144 τὴν
1110 4083 1369 4157 βραχεῖαν
1417 4081 1691 4153 ὁμολογίαν
1740 4083 1860 4132 ταύ-

260 4196 355 4234 την
381 4184 470 4237 τῆς
501 4176 571 4236 εἰς
621 4179 677 4228 σε
719 4179 963 4237 πίστεως,
1016 4174 1083 4234 εἰς
1126 4170 1465 4228 δικαιοσύνην
1521 4170 1860 4241 λογισάμενος

260 4270 350 4317 καὶ
398 4264 755 4339 ἀπολύτρωσιν
796 4272 895 4317 τῶν
946 4266 1203 4334 ἡμετέρων
1268 4260 1555 4333 ἁμαρτιῶν,
1609 4260 1709 4310 ὑπὸ
1766 4262 1858 4315 τὴν

262 4359 359 4413 σὴν
417 4361 550 4427 ημᾶς
584 4350 882 4424 ἀδιάδοχον
947 4353 1280 4407 κατάστησον
1342 4347 1611 4419 βασιλείαν
1652 4365 1665 4377 ·
1700 4345 1859 4404 οὕτως

258 4443 515 4508 εἰπύντας,
546 4446 605 4494 τό
655 4450 750 4503 τῆς
796 4443 1088 4514 μαρτυρίας
1126 4434 1401 4506 ἐκδέχεται
1458 4436 1613 4495 τέλος.
1662 4438 1855 4510 Εύρέθη

254 4537 347 4583 καὶ
376 4533 405 4589 ἠ
468 4531 681 4603 βασιλὶς

773 4522 1109 4600 Ἀλεξάνδρα,
1186 4529 1278 4582 τὴν
1354 4522 1553 4594 ἀγαθὴν
1626 4533 1724 4597 γῆν
1798 4531 2158 4603 μιμησαμένη,
2234 4524 2322 4573 καὶ

1968 4079 2556 4149 Alexandraquoque
2570 4076 2913 4147 imperatrix
2926 4076 3150 4132 bonam
3166 4082 3382 4132 terram
3396 4076 3626 4134 imitata

1969 4167 2152 4223 fuisse
2180 4173 2235 4220 et
2264 4180 2465 4220 semen
2499 4181 2535 4219 a
2564 4164 2811 4232 Georgio
2840 4180 3124 4235 sparsum
3152 4164 3292 4219 ﬁdei
3347 4165 3407 4220 in
3461 4164 3624 4221 Chri-

1970 4259 2128 4309 stum
2153 4253 2473 4308 inseruisse
2501 4251 2748 4307 videtur.
2770 4252 3048 4308 Pietatem
3071 4267 3335 4323 namque
3352 4256 3621 4311 modeste

1968 4344 2168 4403 colens
2185 4346 2241 4397 et
2268 4338 2664 4396 Christianam
2697 4355 2829 4394 sese
2857 4338 3166 4404 conﬁtens,
3202 4339 3315 4411 piis
3350 4340 3617 4397 moribus

1968 4435 2234 4494 insistere
2258 4443 2569 4501 nunquam
2600 4427 2837 4484 destitit.

2417 4520 2691 4589 σπέρματα
2762 4514 2996 4568 λαϐοῦσα
3069 4521 3158 4569 καὶ
3248 4515 3482 4589 ἀφορμὰς
3555 4519 3621 4570 τά

257 4621 395 4671 κατά
449 4621 534 4670 τόν
593 4619 725 4670 θεῖον
778 4620 1045 4686 Γεῶργιον,
1099 4615 1363 4683 εῦσταχυν
1415 4611 1657 4685 ἐγεώργει
1704 4621 1796 4674 τὴν
1846 4618 1912 4679 εἰς
1962 4620 2046 4670 τόν
2108 4612 2331 4687 Χριστὸν
2386 4610 2598 4658 πίστιν·
2650 4606 2781 4663 αὕτη
2822 4609 2881 4657 τό
2928 4613 3015 4657 νῦν
3067 4608 3189 4677 ἔχον
3241 4610 3426 4680 μικρόν
3479 4605 3620 4681 παῤ-

254 4708 618 4783 ῥησιασαμένη
683 4710 775 4763 τὴν
839 4701 1117 4766 εὖσέϐειαν,
1181 4706 1271 4753 καὶ
1328 4707 1650 4773 Χριστιανήν
1702 4704 1885 4766 ἑαυτὴν
1939 4703 2395 4777 ἀνομολογήσασα,

259 4801 381 4857 τούς
405 4794 631 4857 εὐσεϐεῖς
657 4794 917 4867 λσγισμού
927 4813 967 4853 ς.

330 4884 422 4939 If".
452 4892 549 4938 Τον
578 4886 751 4957 μέντοι
808 4880 1030 4955 βασιλέα
1066 4881 1203 4932 κατὰ
1241 4885 1334 4932 τοῦ
1385 4880 1644 4954 μάρτυρος
1693 4884 1856 4955 θυμός

256 4973 518 5037 ύποθὴξας
566 4974 699 5045 ἄγαν
747 4974 951 5045 θερμὸς,
1002 4968 1206 5041 χαλεπῇ
1254 4967 1406 5020 πάλιν
1454 4968 1608 5021 αὐτόν
1673 4974 1855 5043 ἤπειγε

254 5059 585 5139 παραδοῦναι
604 5060 834 5114 κολάσει.
866 5059 1065 5129 Τετάνῳ
1091 5064 1238 5129 γοῦν,
1295 5056 1349 5109 ὃν
1407 5060 1626 5121 σύνηθες
1681 5060 1853 5113 καλεῖν

256 5151 530 5222 ἄσϐεστον,
555 5152 674 5225 ἄρτι
704 5148 991 5213 σϐεσθέντι,
1036 5147 1066 5205 ἦ
1121 5150 1237 5217 τόγε
1289 5145 1628 5220 ἀληθέστερον
1696 5149 1852 5202 εἰπεῖν

257 5240 550 5314 ἀναφθέντι,
634 5238 1019 5310 συγχωσθῆναι
1085 5238 1291 5297 κελεύει,
1346 5235 1574 5306 φύλακάς
1633 5256 1685 5289 τε
1760 5234 1854 5290 διὰ

254 5334 446 5393 παντὸς
494 5324 846 5404 παρεδρεύειν,
917 5328 982 5385 ὡς
1036 5320 1200 5393 μηδὲν
1280 5322 1355 5375 in”
1413 5324 1550 5394 αύτῷ
1612 5327 1853 5397 γενέσθαι

257 5421 630 5494 φιλάνθρωπον,
705 5413 844 5489 μηδὲ
920 5415 1343 5488 κακουργηθῆναί
1424 5433 1475 5465 τι
1549 5417 1675 5486 πρός
1754 5423 1851 5466 τῶν

253 5510 450 5563 οἰκείων
502 5504 808 5580 μηδοτιοῦν.
861 5500 988 5575 Εἶχε
1044 5506 1133 5573 μεν
1221 5502 1353 5553 οὕτω
1404 5506 1457 5553 τό
1523 5501 1786 5555 κελευσθέν
1836 5519 1848 5531 ·

256 5600 459 5673 ἡμερῶν
490 5592 549 5649 δι
595 5602 749 5670 τριῶν
780 5590 1169 5665 διαγενομένων,
1221 5592 1247 5642 6
1290 5590 1555 5663 βασιλεὺς,
1616 5592 1736 5643 ὅσον
1767 5588 1853 5643 ἰπὶ

2483 4698 2647 4767 ἔμενεν
2695 4694 2829 4747 ούτω
2913 4693 3036 4766 παρ’
3121 4694 3275 4752 ἑαυτῆ
3360 4698 3624 4768 τρέφουσα

2037 4882 2171 4936 XIII.
2206 4874 2435 4947 Georgii
2461 4872 2645 4929 animi
2670 4869 2953 4928 fortitudo
2984 4869 3170 4926 effecit
3219 4873 3281 4925 ut
3326 4875 3622 4940 tyrannus

1963 4968 2134 5027 novis
2151 4981 2287 5022 eum
2306 4960 2606 5035 suppliciis
2623 4960 2853 5017 tradere
2875 4958 3161 5015 statuerit.
3178 4958 3359 5029 Igitur
3378 4956 3618 5014 asbesto

1961 5074 2101 5116 eum
2143 5052 2341 5123 obtegi
2390 5054 2445 5107 et
2499 5048 2850 5105 custodibus
2897 5047 3160 5118 undique
3214 5046 3374 5116 cingi
3415 5045 3615 5117 jussit.

1960 5163 2035 5204 ne
2083 5144 2229 5218 quid
2279 5140 2422 5198 boni
2452 5138 2543 5194 vel
2576 5137 2716 5194 mali
2772 5140 3090 5209 pateretur.
3124 5135 3216 5191 Sic
3248 5135 3612 5207 imperatum

1960 5236 2169 5291 fuerat.
2207 5228 2522 5299 lnterjectis
2553 5226 2768 5281 deinde
2803 5224 2989 5280 tribus
3017 5224 3231 5279 diebus
3262 5222 3612 5295 imperatori

1962 5329 2025 5381 ut
2048 5338 2157 5395 par
2180 5326 2323 5384 erat,
2356 5316 2673 5385 Georgium
2702 5314 3081 5369 demortuum
3110 5328 3240 5368 esse
3269 5317 3325 5368 et
3346 5313 3475 5381 jam
3503 5326 3614 5381 pu-

1960 5419 2210 5469 trescere
2242 5407 2507 5480 putabat.
2542 5405 2723 5473 Igitur
2756 5401 2967 5457 milites
3010 5401 3305 5472 delegavit
3334 5398 3439 5471 qui
3471 5414 3615 5454 ossa

1960 5497 2214 5557 defuncti
2233 5495 2397 5551 nulla
2414 5508 2581 5550 mora
2600 5492 3007 5562 dispergerent
3019 5488 3614 5558 Christianorumque

1959 5583 2298 5647 liberalitati
2319 5581 2671 5639 insultarent
2702 5595 2716 5646 ;
2742 5578 3116 5652 probelenim
3135 5579 3384 5633 noverat
3407 5574 3617 5647 quanti
