4110 6272
226 320 324 377 153
1184 323 1189 329 ’
1602 321 1768 379 VITA
1805 319 1830 374 Ε

1943 320 2225 384 iEORGII.

3484 334 3589 389 I54

222 441 471 510 ἐλπίδων,
526 445 575 496 οἰ
618 447 861 515 ματαίοις
917 442 1153 511 εἰδώλοις
1207 452 1572 521 προσκείμενοι
1615 466 1628 512 ;
1682 440 1830 498 οὐδὲν

1943 443 2162 505 ditione
2189 451 2477 521 vixerunt,
2498 469 2659 512 nunc
2686 470 2828 512 vero
2847 455 2983 527 igne
3009 456 3254 529 perenni
3276 471 3383 528 per
3412 470 3590 512 omne

223 532 413 586 ὀκνεῖτε
463 538 551 585 καὶ
602 532 792 606 ἑτέροις
837 536 913 585 ἔτι
958 533 1212 600 ἀπωλείας
1264 540 1514 600 ὑπόθεσις
1567 538 1825 610 γίνεσθαι,

221 620 300 695 ἔφ’
357 624 431 682 οἷς
478 622 830 691 αἰσχύνεσθαι
884 619 967 675 δεῖ
1012 625 1200 695 μᾶλλον
1251 629 1392 687 θεοὺς
1456 626 1822 697 ὀνομάζοντας,

1940 549 2136 631 sevum
2178 541 2312 609 usti,
2352 543 2514 614 quod
2555 543 2716 600 idem
2768 543 3049 600 omnibus
3087 559 3295 601 eorum
3347 542 3588 599 asseclis

1940 624 2232 684 imminet.

220 711 524 783 ἀνθρώπους
577 709 625 761 ἐν
668 712 874 781 μέθαις,
951 717 1041 765 καὶ
1121 713 1433 785 ἀσελγείαις,
1492 720 1581 766 καὶ
1640 718 1807 784 φόνοις
1886 712 2262 781 ἕξετασθέντας,
2340 723 2430 771 xui
2489 723 2575 771 τόν
2651 723 2741 791 μὲν
2812 718 3024 792 βραχύν
3082 728 3262 771 τοῦτον
3322 718 3438 791 βίον
3506 717 3589 770 ἐπὶ

223 802 429 861 τούτοις
482 798 770 864 ζήσαντας,
852 806 964 852 νυνὶ
1042 798 1101 855 δὲ
1182 803 1372 874 αἰωνίῳ
1464 807 1590 876 πυρὶ
1644 798 1717 854 δι’

222 886 458 950 ἅπαντας
486 890 768 961 περιμένει.

296 976 394 1031 ΙΖ¹.
451 980 628 1048 Θυμός
668 976 822 1029 πάλιν
868 976 951 1031 ἐπὶ
993 981 1195 1042 τούτοις
1243 999 1357 1053 ειχε
1398 983 1484 1033 τὸν
1531 982 1775 1053 τύραννον
1810 1000 1822 1012 ·

220 1070 311 1117 καὶ
358 1066 511 1117 πάλιν
546 1067 572 1117 6
618 1064 775 1128 καλὸς
826 1072 1079 1139 Γεῶργιος
1122 1068 1449 1141 ἐμαστίζετο,
1501 1073 1590 1121 καὶ
1635 1070 1828 1139 νεύροις

223 1151 415 1225 βοείοις
470 1152 695 1215 ἀνηλεῶς
752 1153 993 1209 ἕκόπτετο
1054 1176 1066 1188 ’
1128 1159 1154 1209 6
1209 1154 1268 1210 δὲ
1328 1156 1404 1209 ἐπ’
1460 1158 1637 1217 αὐτοῖς
1695 1157 1829 1208 οὕτω

222 1249 451 1314 γενναῖος
507 1240 753 1306 διέκειτο,
806 1245 876 1305 ὡς
905 1243 983 1296 ἐπ’
1036 1245 1176 1317 αύτῷ
1214 1247 1590 1318 πεπληρῶσθαι
1629 1250 1688 1297 τὸ
1741 1252 1832 1295 τοῦ

227 1332 360 1382 θείου
412 1327 578 1383 Δαυῖδ
611 1351 623 1363 ·
668 1352 695 1383 ι(
755 1335 1106 1405 Συνήχθησαν
1158 1333 1233 1386 ἐπ’
1285 1333 1372 1407 ἔμε
1422 1337 1692 1406 μάστιγες,
1744 1336 1833 1384 xui

222 1418 317 1471 ούκ
355 1420 533 1490 ἔγνων.
584 1442 611 1469 ››
654 1420 769 1474 Ἐπὶ
822 1420 952 1474 πολὺ
1005 1427 1175 1475 τοίνυν
1241 1423 1375 1476 οὕτω
1426 1422 1831 1494 μαστιζομένου,

220 1512 310 1559 καὶ
371 1505 579 1584 σφόδρα
606 1514 844 1580 γενναίως
896 1515 1025 1583 πρὸς
1069 1514 1159 1572 τὰς
1189 1511 1388 1582 πληγὰς
1420 1514 1653 1582 ἔχοντος,
1702 1510 1835 1561 ὥστε

220 1600 339 1659 τοὺς
418 1602 668 1659 παίοντας
747 1598 936 1670 μᾶλλον
1018 1598 1300 1671 ἀποκαμεῖν
1367 1600 1395 1658 ἦ
1459 1598 1665 1659 ἐκεῖνον,
1744 1593 1833 1648 καὶ

218 1687 383 1759 μέχρι
431 1684 727 1758 βλέμματος
774 1683 1049 1752 ἐνδόσιμόν
1102 1708 1154 1739 τι
1203 1692 1291 1740 καὶ
1350 1687 1580 1759 μαλακὸν
1632 1686 1827 1755 ὑποφῆ-
1865 1715 1905 1769 Β

219 1793 303 1826 ναι
338 1791 351 1805 ·
394 1778 650 1847 προσχὼν
680 1777 705 1827 6
755 1778 1001 1848 τύραννος
1031 1778 1116 1829 οἶα
1165 1782 1253 1829 xui
1285 1775 1443 1838 αὐτὸς
1486 1774 1676 1835 ἐπίσης
1708 1771 1832 1824 ἀπο-

218 1867 419 1934 καμὼν,
473 1870 563 1916 καὶ
620 1871 715 1926 τῆς
771 1872 862 1916 τοῦ
922 1868 1186 1939 μάρτυρος
1242 1866 1504 1923 ἡττᾶσθαι
1560 1865 1832 1937 καρτερίας

218 1948 669 2024 ὑποδεικνύμενος,
727 1951 859 2015 Ἕως
901 1958 1054 2020 τίνος,
1107 1957 1219 2026 ἔφη,
1286 1958 1380 2012 τὴν
1435 1956 1658 2025 ματαίαν
1710 1952 1830 2002 ταύ-

219 2058 314 2097 την
398 2036 729 2112 δημοσιεύων
788 2042 1105 2114 φιλοτιμίαν,
1193 2042 1389 2095 πολλῶν
1457 2043 1671 2095 σεαυτὸν
1736 2037 1830 2089 οὐκ

220 2127 427 2199 ἀγαθῶν
480 2134 632 2201 μόνον
699 2129 1024 2205 ἀποστερεῖς,
1103 2130 1228 2184 ἀλλά
1283 2136 1374 2183 καὶ
1446 2138 1615 2182 κακῶν
1669 2126 1831 2186 ποιεῖς

219 2217 482 2289 πρόξενον,
569 2220 692 2290 ἡμῖν
769 2223 841 2290 μή
926 2222 1202 2273 πείθεσθαι
1260 2218 1570 2293 βουλόμενος
1628 2233 1642 2282 ;
1694 2216 1830 2269 Τού-

1800 801 1980 860 αἰῶνος
2055 811 2481 877 τιμωρουμένους,

2562 809 2587 860 ὅ
2651 814 2739 860 καὶ
2798 812 2915 870 τοὺς
2997 807 3301 879 σεϐομένους
3399 806 3590 868 αύτούς

2010 978 2163 1033 XVII.
2204 979 2390 1037 Iratus
2419 983 2494 1038 de
2517 983 2610 1039 his
2639 987 2932 1056 tyrannus
2959 984 3272 1053 Georgium
3302 981 3589 1053 ﬂagellari

1938 1068 2252 1139 nervisque
2298 1069 2533 1127 bovinis
2571 1072 2911 1129 immaniter
2949 1073 3097 1128 caedi
3131 1072 3353 1143 jussit;
3406 1086 3586 1142 quam

1937 1155 2184 1227 quidem
2233 1171 2476 1227 poenam
2509 1160 2596 1215 vir
2626 1166 2866 1217 sanctus
2922 1176 3057 1215 cum
3084 1161 3248 1216 omni
3304 1159 3588 1232 patientia

1939 1242 2140 1313 subiit,
2174 1250 2237 1300 ut
2265 1246 2408 1302 illud
2442 1250 2677 1304 Davidis
2732 1249 3108 1321 impleretur:
3140 1270 3169 1298 ‹‹
3220 1250 3588 1319 Congregata

1942 1335 2081 1385 sunt
2110 1348 2290 1403 super
2315 1350 2409 1391 me
2429 1335 2685 1406 ﬂagella,
2711 1337 3052 1407 etignoravi
3078 1358 3126 1391 .n
3156 1338 3477 1407 Postquam
3506 1336 3590 1391 ita

1942 1418 2290 1476 verberibus
2306 1423 2452 1479 male
2473 1430 2756 1481 tractatus
2773 1426 3089 1497 patientem
3115 1429 3302 1480 tamen
3327 1422 3586 1478 animum

1941 1507 2316 1577 ostendisset,
2362 1512 2659 1583 siquidem
2699 1518 2947 1570 tortores
3004 1513 3196 1583 magis
3234 1528 3417 1583 quam
3457 1510 3587 1583 ipse

1942 1592 2349 1663 fatigarentur,
2369 1601 2533 1670 quod
2551 1600 2719 1656 facile
2741 1605 2865 1657 erat
2887 1600 3102 1668 videre,
3121 1604 3410 1672 tyrannus
3429 1612 3587 1668 aagre

1940 1680 2133 1739 ferens
2163 1701 2224 1739 se
2246 1701 2281 1741 a
2311 1689 2588 1759 martyris
2610 1692 2945 1746 constantia
2966 1693 3332 1761 superatum,
3359 1689 3589 1752 Quous-

1939 1786 2075 1842 que,
2109 1772 2320 1844 inquit,
2346 1778 2670 1846 pertinacia
2697 1781 2801 1834 tua
2830 1777 3210 1833 continuabis
3239 1791 3361 1831 non
3391 1774 3585 1831 solum

1941 1860 2140 1915 multis
2173 1866 2228 1917 te
2258 1865 2431 1919 bonis
2463 1867 2715 1936 privare,
2747 1867 2854 1923 sed
2893 1866 3053 1922 mala
3080 1866 3270 1921 multa
3293 1865 3355 1919 in
3408 1867 3590 1935 caput

1940 1954 2112 2005 tuum
2150 1952 2464 2021 ingerere?
2506 1954 2600 2010 His
2641 1956 2878 2023 auditis,
2911 1956 3085 2011 divus
3124 1954 3431 2022 Georgius.
3474 1954 3588 2008 Cur

1940 2053 2061 2093 non
2079 2039 2299 2109 potius,
2324 2043 2653 2114 respondit,
2678 2048 2742 2099 tu
2767 2044 2910 2100 mihi
2933 2043 3163 2109 obedis,
3186 2058 3375 2097 unum
3401 2044 3585 2096 Deum

1939 2126 2270 2196 adorando,
2312 2131 2415 2203 qui
2453 2132 2572 2188 vita
2601 2137 2689 2188 est
2720 2137 2778 2188 et
2807 2133 2911 2205 qui
2943 2134 3129 2188 vitam
3168 2131 3311 2186 dare
3351 2127 3589 2201 potest?

1939 2215 2044 2287 qui
2082 2216 2373 2274 honorem
2404 2220 2550 2275 vivis
2579 2236 2649 2276 ac
2681 2221 2929 2277 mortuis
2961 2220 3227 2276 debitum
3258 2216 3587 2273 discernit?

218 2324 318 2358 των
374 2306 400 2357 6
470 2307 603 2369 θεῖος
672 2305 904 2369 ἀκούσας
961 2313 1231 2381 Γεὼργιος,
1292 2310 1409 2361 Ε’ίθε
1482 2306 1692 2380 μᾶλλον,
1770 2300 1926 2367 εἶπεν,
1986 2299 2024 2353 ὦ
2101 2303 2341 2375 βασιλεῦ,
2404 2309 2551 2379 ὑμεῖς
2617 2307 2889 2366 ἐπείσθητέ
2948 2329 3056 2381 μοι,
3130 2312 3219 2359 καὶ
3286 2310 3379 2359 σὺν
3462 2307 3586 2376 ἡμῖν

217 2396 304 2445 τὸν
354 2398 508 2465 μόνον
559 2403 919 2467 προσεκυνείτε
971 2400 1099 2449 Θεόν
1157 2395 1183 2448 ὃ
1240 2401 1329 2448 καὶ
1400 2396 1553 2456 αὐτὸς
1611 2395 1717 2455 ζωή
1798 2388 1938 2441 ἔστιν
2018 2392 2281 2466 ἄντικρυς,
2338 2400 2427 2447 καὶ
2510 2399 2645 2459 ζωὴν
2708 2402 2957 2469 παρέχειν
3014 2394 3314 2468 δυνάμενος.
3365 2397 3429 2447 Τί
3483 2396 3583 2465 γὰρ

217 2481 278 2534 ἀν
307 2487 396 2535 καὶ
417 2488 533 2557 περὶ
562 2492 659 2536 τῶν
692 2485 895 2545 ζώντων
922 2489 1037 2547 τοὺς
1064 2489 1269 2560 νεκρούς
1299 2483 1481 2545 ἐκεῖνος
1506 2488 1659 2536 ταυτὶ
1677 2484 1743 2534 τὰ
1771 2476 1894 2550 παρ’
1926 2479 1956 2529 ύ
1964 2488 2075 2551 μῶν
2108 2491 2373 2554 τιμῶμενα
2396 2489 2627 2555 γνησίως
2656 2486 2844 2538 καλῶν.

292 2572 397 2624 ΙΗ’.
441 2576 567 2625 Τότε
620 2575 947 2643 Μαγνέντιος,
993 2576 1019 2625 6
1064 2578 1153 2626 xui.
1211 2570 1461 2646 δευτέρων
1511 2580 1670 2645 τιμῶν
1720 2576 1821 2622 τῶν

218 2662 350 2733 μετὰ
415 2660 777 2719 Διοκλητιανόν
821 2660 1138 2735 ἀξιούμενος,
1190 2666 1316 2735 πρὸς
1371 2658 1455 2723 οὖς
1492 2669 1564 2732 τῷ
1613 2658 1822 2732 βασιλεῖ

219 2749 721 2823 κοινολογισάμενος,
762 2755 848 2802 xui
904 2750 1147 2811 ἀνεθῆναι
1189 2760 1288 2803 τῶν
1336 2750 1547 2820 πληγῶν
1600 2748 1824 2807 αἰτήσας

218 2842 306 2891 τόν
355 2840 612 2911 μάρτυρα,
659 2839 925 2911 ἐγγυτάτω
983 2859 1038 2893 τε
1086 2839 1246 2893 αὐτοῦ
1299 2840 1765 2913 παραστησάμενος
1809 2853 1821 2865 ·

216 2925 379 2980 Ἀλλά
436 2923 504 2983 δή
554 2927 778 2991 πάντως,
844 2929 960 2998 ἔφη,
1022 2932 1262 3001 Γεώργιε,
1313 2926 1357 2978 εἰ
1401 2925 1577 2997 βούλει
1628 2932 1700 2993 τῷ
1751 2930 1826 2993 σῷ

2006 2570 2196 2624 XVIII.
2248 2573 2393 2627 Tum
2433 2574 2823 2642 Magnentius,
2856 2574 2959 2646 qui
2985 2576 3120 2645 post
3156 2570 3586 2627 Diocletianum

1935 2658 2233 2715 secundas
2248 2660 2459 2731 imperii
2474 2667 2670 2732 partes
2682 2662 2944 2731 gerebat,
2960 2660 3439 2733 appropinquans
3453 2658 3585 2713 huic

1933 2749 2239 2817 persuasit,
2259 2754 2366 2805 uta
2384 2756 2641 2822 martyre
2656 2750 2992 2823 torquendo
3006 2749 3330 2812 desisteret,
3346 2751 3404 2802 et
3414 2749 3585 2803 Geor-

1933 2836 2097 2905 gium
2124 2836 2208 2891 sic
2247 2841 2339 2891 est
2377 2837 2688 2906 allocutus,
2731 2843 2822 2908 At,
2861 2838 3075 2910 inquit,
3119 2837 3168 2892 si
3206 2837 3296 2891 vis
3326 2850 3437 2891 nos
3466 2836 3587 2889 Deo

1938 2928 2038 2978 tuo
2049 2922 2221 2979 ﬁdem
2232 2924 2467 2992 habere,
2483 2927 2868 2999 Opus,saltem
2883 2926 3094 2983 exhibe
3106 2925 3224 2981 ﬁde
3236 2925 3500 2994 dignum,
3517 2938 3587 2979 ac

222 3016 364 3087 ἡμᾶς
390 3021 672 3067 πιστεῦσαι
702 3022 837 3084 Θεῷ,
884 3017 1032 3088 ἔργον
1061 3034 1113 3067 τι
1164 3018 1293 3089 πρὸς
1345 3018 1523 3067 πίστιν
1577 3011 1826 3083 ἐχέγγυον

1943 3012 2240 3067 hominem
2255 3012 2351 3085 qui
2364 3013 2424 3068 in
2436 3016 2618 3071 domo
2633 3016 2828 3072 vicina
2842 3019 3113 3072 mortuus
3119 3015 3298 3084 jacet,
3314 3026 3587 3083 experge-

223 3099 593 3165 ἓπιδείξασθαι
646 3103 749 3175 (7),
798 3108 887 3155 xui
939 3103 1024 3156 ἕνα
1071 3110 1162 3164 τῆς
1209 3101 1265 3154 ἐκ
1310 3107 1553 3172 γειτόνων
1596 3102 1829 3172 κειμένης

224 3199 384 3267 σοροῦ
441 3199 542 3243 τῶν
591 3198 780 3264 νεκρῶν
834 3189 1153 3257 ἀναστῆσαι,
1218 3190 1373 3265 οὗπερ
1426 3192 1718 3260 γενομένου,
1768 3186 1827 3239 ού

222 3278 496 3342 δυσκόλως
543 3282 693 3351 ἡμεῖς
746 3283 875 3352 πρὸς
927 3285 1022 3338 τήν
1067 3284 1164 3338 σήν
1223 3281 1501 3352 θρησκείαν
1549 3276 1827 3349 μεταταξό-

215 3372 365 3442 μεθα.
422 3375 652 3422 Τοιαῦτα
716 3371 806 3441 μεν
859 3370 885 3420 6
947 3372 1281 3440 Μαγνέντιος,
1360 3362 1583 3441 ἐργῶδές
1631 3384 1681 3417 τι
1737 3368 1825 3416 καὶ

220 3456 550 3511 δυσάνυστον
576 3458 606 3517 ἡ
653 3462 742 3509 καὶ
784 3456 975 3529 μᾶλλον
1016 3454 1274 3510 ἀδύνατον
1322 3459 1382 3508 τὸ
1435 3455 1677 3529 παράπαν
1727 3454 1829 3505 οἰό-

219 3566 366 3620 μενος
419 3554 491 3616 τῷ
542 3548 773 3619 μάρτυρι
815 3550 1067 3620 προτείνει
1116 3545 1187 3607 εἰς
1235 3552 1434 3618 πεῖραν,
1495 3542 1558 3594 ἶν’
1605 3541 1829 3595 ἐντεῦθεν

221 3636 243 3688 ἕ
296 3641 386 3698 ὼν,
448 3634 541 3687 ούκ
600 3633 798 3706 ἀλόγως
852 3637 918 3686 τὰ
966 3642 1064 3696 τῆς
1115 3636 1369 3705 ἡμετέρας
1426 3627 1825 3703 διακωμῳδήσῃ

218 3728 441 3785 πίστεως
480 3725 528 3796 (ό
556 3723 706 3796 λόγος
742 3725 844 3798 γὰρ
876 3724 901 3775 6
940 3731 1032 3776 τοῦ
1092 3730 1342 3797 σταυροῦ,
1375 3726 1438 3785 ὡς
1474 3722 1674 3786 Παῦλός
1727 3741 1830 3793 φη-

224 3833 307 3866 σιν
346 3815 373 3865 6
428 3815 580 3877 θεῖος,
617 3818 791 3888 μωρία
842 3821 951 3875 τοῖς
998 3811 1363 3883 ἀπολλυμένοις
1413 3812 1551 3885 ἐστί)
1594 3830 1606 3842 ⁶
1663 3816 1721 3865 1'6
1773 3808 1833 3863 δε

222 3901 356 3954 οὕτω
401 3906 637 3976 Γεωργίῳ
679 3898 866 3977 ιον
912 3898 996 3967 ἦν,
1040 3902 1214 3973 ὥσπερ
1266 3901 1310 3954 εἰ
1337 3910 1528 3961 πτῆναι
1577 3909 1646 3971 τῷ
1701 3898 1831 3971 ἀετῷ

226 4010 299 4052 τις
346 3989 585 4056 ἐκέλευεν,
638 3991 668 4050 ἣ
733 3990 991 4053 νήξασθαι
1042 3998 1112 4061 τῷ
1163 3986 1383 4062 δελφῖνι,
1440 3990 1484 4043 εἰ
1537 3988 1715 4063 βούλει
1772 3984 1832 4042 δὲ

223 4079 396 4153 ὥσπερ
445 4078 488 4131 εἰ
533 4075 855 4132 καθεύδοντά
898 4097 1015 4131 τινα
1045 4076 1216 4150 ἐκείνῳ
1269 4077 1536 4132 ἐπέταττεν
1569 4078 1783 4150 ἀνιστᾷν
1811 4116 1827 4134 .

220 4163 343 4241 ᾔδει
370 4170 471 4243 γάρ
510 4169 589 4221 ὅτι
634 4175 708 4239 τῷ
759 4166 1059 4241 βουλήματι
1102 4172 1239 4240 μόνῳ
1291 4172 1351 4220 τὸ
1398 4170 1608 4240 σύμπαν
1658 4166 1713 4219 ἔκ
1760 4171 1829 4239 μή

221 4260 378 4310 ὄντων
404 4256 476 4318 εἰς
520 4260 579 4309 τό
612 4255 743 4309 εἶναι
785 4260 1164 4331 παραγαγόντι,
1219 4253 1370 4309 οὐδὲν
1432 4255 1492 4308 ἃν
1528 4251 1832 4328 ἑμποδίσειε

220 4350 312 4399 καὶ
342 4352 539 4413 νεκροῖς
565 4345 758 4406 ὀστέοις
796 4344 1081 4417 ἐμπνεῦσαι
1104 4345 1262 4405 ζωήν.

297 4433 403 4490 ΙΘ’.
434 4434 522 4494 Εἰς
550 4438 675 4504 γόνυ
721 4438 997 4506 τοιγαροῦν
1046 4432 1265 4497 κλιθεὶς,
1305 4436 1395 4482 καὶ
1426 4438 1539 4500 Θεῷ
1588 4428 1715 4491 δοὺς
1738 4434 1830 4488 τήν

223 4520 415 4580 εύλαϐῆ
500 4524 876 4595 προσκύνησιν,
960 4522 1139 4572 ἔπειτα
1212 4524 1301 4571 καὶ
1380 4516 1687 4584 διαναστὰς,
1742 4522 1831 4570 καὶ

224 4609 534 4682 ὀφθαλμοὺς,
585 4612 712 4681 μετά
768 4616 866 4660 τῶν
917 4607 1181 4665 αἰσθητῶν
1235 4627 1367 4679 φημι
1418 4611 1507 4659 καὶ
1559 4610 1679 4667 τοὺς
1729 4626 1829 4659 νοε-

222 4702 366 4773 ρούς,
445 4698 515 4760 εἰς
593 4697 721 4769 ὕψος
786 4696 997 4772 ἐπάρας,
1053 4696 1290 4750 κάκείνου
1358 4693 1559 4756 δεηθεὶς
1614 4698 1666 4748 ὃν
1722 4704 1830 4758 τοίς

224 4788 438 4845 οἰκείοις
487 4782 705 4850 ἐδόξασε
759 4786 954 4859 μέλεσι,
1020 4785 1200 4838 κοιὶοῦ
1253 4789 1345 4843 τὴν
1394 4784 1655 4855 ἄψευστον
1711 4780 1829 4857 ᾔδει

224 4875 556 4947 ἐπαγγελίαν,
613 4877 691 4928 ὄτι
759 4873 972 4938 δοξάσει
1049 4872 1117 4933 δὴ
1191 4878 1278 4926 καὶ
1336 4873 1491 4935 αὐτὸς
1544 4874 1830 4946 θεοπρεπῶς

226 4968 346 5025 τοὺς
408 4961 746 5028 δοξάζοντας,
805 4964 891 5016 ἕνα
946 4973 1046 5017 τῶν
1117 4967 1358 5036 κειμένων
1435 4970 1623 5034 νεκρῶν
1681 4961 1830 5023 εὐθὺς

227 5054 508 5111 ἀνίστησιν
555 5073 567 5085 ·
602 5055 671 5115 ὡς
718 5053 936 5114 πολλοὺς
982 5057 1071 5124 μὲν
1125 5060 1222 5104 τῶν
1274 5054 1597 5122 θεασαμένων
1644 5057 1735 5102 τοῦ
1778 5069 1831 5102 τε

226 5142 459 5204 πλήθους
488 5147 578 5195 καὶ
608 5149 699 5194 τοῦ
754 5150 979 5214 στρατοῦ
1018 5148 1323 5205 πιστεῦσαι,
1374 5144 1461 5192 τόν
1494 5136 1552 5192 δὲ
1609 5137 1832 5211 βασιλέα

230 5234 498 5304 θαυμάσαι
544 5234 634 5303 μεν
673 5236 762 5282 καὶ
802 5230 973 5295 αὐτόν,
1022 5235 1187 5299 γόητα
1231 5226 1290 5281 δε
1333 5231 1468 5280 κατὰ
1513 5232 1572 5280 τὸ
1621 5231 1831 5300 φανερὸν

230 5321 535 5374 ἐπικαλέσαι
600 5324 685 5372 τόν
742 5318 940 5390 Ἀγιον,
990 5324 1078 5370 καὶ
1123 5318 1189 5378 εἰς
1233 5318 1511 5389 φάντασμα
1560 5319 1719 5368 θεῖναι
1771 5320 1829 5369 1'6

305 5445 387 5570 (⁵9
414 5446 501 5530 An
530 5442 792 5532 ἀνέγγυον,
825 5446 888 5525 ut
920 5441 1215 5525 signiﬁcet
1238 5441 1357 5526 ﬁde
1386 5439 1652 5510 dignum,
1684 5456 1829 5526 quo-

305 5531 335 5570 ο
377 5531 414 5570 o
466 5534 730 5570 ανεογνυαω
791 5516 1083 5570 signiﬁcat
1125 5512 1242 5570 ﬁde
1269 5512 1447 5570 Jubeo
1475 5511 1503 5566 ?
1544 5511 1650 5566 sed
1689 5516 1829 5570 ανέν-

234 5531 414 5572 ωοαο

466 5511 730 5587 eameam
778 5511 1083 5587 signiﬁcat
1123 5512 1242 5582 ﬁde
1268 5512 1447 5582 jubeo
1475 5511 1503 5566 ?
1544 5511 1650 5587 sed
1689 5511 1832 5587 ἆνέοχ·

233 5606 358 5661 γυος
382 5602 454 5644 ex
487 5583 930 5645 usu'auctoriim
952 5584 1344 5659 probatorum
1369 5583 1731 5641 contrarium
1746 5583 1832 5640 vi-

1865 4369 1912 4425 D

1937 3100 2250 3168 faciendo;
2300 3104 2462 3175 quod
2505 3106 2554 3160 si
2592 3106 2821 3172 feceris,
2864 3123 2975 3161 nos
3016 3106 3203 3160 Deum
3244 3109 3410 3158 tuum
3461 3101 3587 3156 sine

1937 3204 2108 3244 mora
2146 3205 2254 3260 pro
2281 3208 2417 3247 vero
2447 3193 2826 3251 habebimus.
2864 3194 3236 3264 Magnentius
3264 3192 3423 3247 hanc
3460 3205 3587 3246 rem

1938 3277 2186 3348 martyri
2218 3285 2279 3332 ut
2296 3278 2596 3336 difﬁcilem
2616 3289 2718 3336 aut
2735 3282 2932 3353 potius
2955 3282 3131 3353 plane
3147 3278 3584 3351 impossibilem

1936 3368 2217 3435 insinuat,
2260 3371 2574 3428 materiam
2614 3373 2749 3429 inde
2788 3372 3030 3428 ludibrii
3068 3375 3275 3427 contra
3313 3374 3586 3425 sanctam

1936 3461 2195 3513 nostram
2208 3458 2542 3529 religionem
2559 3466 2910 3533 sumpturus
2925 3460 3187 3533 (verbum
3204 3460 3362 3515 enim
3375 3457 3586 3524 crucis,

1940 3551 2003 3602 ut
2042 3552 2284 3603 sanctus
2314 3547 2531 3604 Paulus
2560 3549 2725 3617 dicit,
2756 3549 3143 3622 pereuntibus
3176 3548 3415 3604 stultitia
3452 3546 3588 3618 est).

1938 3637 2051 3691 Res
2088 3641 2289 3692 autem
2322 3637 2569 3708 Georgio
2599 3654 2769 3710 asque
2798 3637 2986 3694 facilis
3016 3642 3143 3693 erat
3167 3635 3397 3702 effectu,
3430 3650 3500 3691 ac
3540 3636 3590 3691 si

1940 3723 2156 3796 aquilae
2197 3723 2419 3789 volare,
2479 3724 2743 3796 delphini
2793 3731 2999 3782 natare
3039 3724 3411 3797 praeceperis,
3466 3724 3589 3780 imo

1939 3827 2011 3868 ac
2049 3812 2097 3867 si
2136 3812 2452 3869 dormienti
2504 3812 2677 3869 alicui
2736 3829 2976 3884 surgere
3031 3812 3346 3869 intimaris.
3399 3811 3590 3867 Probe

1939 3901 2096 3957 enim
2130 3901 2372 3974 sciebat,
2405 3918 2545 3957 eum
2579 3904 2682 3975 qui
2710 3902 2835 3959 sola
2872 3902 3174 3959 voluntate
3213 3915 3589 3974 quascunque

1939 3996 2090 4061 vult,
2120 4010 2192 4051 ex
2231 3994 2414 4051 nihilo
2446 4010 2647 4051 creare
2677 3995 2850 4066 valet,
2887 3995 3014 4050 sine
3044 3993 3411 4059 ditﬁcultate,
3440 3992 3587 4049 ossi-

1938 4085 2053 4142 bus
2092 4084 2342 4140 mortuis
2370 4084 2553 4140 vitam
2584 4082 2887 4140 insufﬂare
2925 4098 3120 4155 posse.

2012 4420 2143 4475 XIX.
2197 4419 2344 4473 Tum
2402 4414 2654 4486 genibus
2692 4414 2859 4471 ﬂexis
2914 4418 2969 4470 et
3015 4414 3289 4470 invocato
3340 4413 3586 4469 honoris

1940 4524 2122 4565 causa
2154 4510 2292 4573 Deo,
2310 4504 2515 4561 oculos
2532 4519 2653 4559 non
2671 4502 3206 4575 corporistantum,
3236 4503 3341 4558 sed
3374 4503 3588 4558 mentis

1939 4597 2125 4669 ipsius
2150 4610 2391 4650 sursum
2421 4593 2585 4658 tollit,
2609 4593 2936 4648 etcarmine
2957 4591 3241 4664 peculiari
3273 4591 3584 4661 gloriﬁcat.

1936 4685 2101 4742 haud
2124 4685 2379 4747 nescius,
2404 4698 2606 4738 veram
2628 4681 2783 4736 illius
2809 4681 3272 4752 promissionem
3289 4680 3454 4751 quod
3478 4679 3587 4736 rite

1938 4790 2000 4830 se
2044 4772 2439 4842 gloriﬁcantes
2492 4770 2926 4839 gloriﬁcaturus
2981 4772 3163 4825 esset.
3216 4770 3408 4823 Unum
3447 4772 3588 4824 tunc

1940 4868 2309 4918 mortuorum
2353 4859 2415 4915 in
2470 4859 2649 4914 vitam
2688 4863 2945 4922 revocat,
2987 4872 3108 4927 quo
3146 4856 3303 4911 facto
3342 4855 3511 4911 multi
3555 4871 3587 4912 e

1937 4950 2110 5024 plebe
2136 4954 2192 5005 et
2220 4950 2476 5006 exercitu
2506 4948 2567 5002 in
2595 4950 2778 5003 Deum
2806 4945 3214 5010 crediderunt;
3258 4944 3588 5015 imperator

1938 5043 2066 5115 ipse
2105 5047 2323 5108 autem,
2364 5041 2498 5096 licet
2529 5039 2917 5112 stupefactus,
2950 5039 3142 5093 virum
3182 5040 3456 5092 sanctum
3494 5037 3587 5092 in-

1939 5130 2655 5201 cantatorem,ipsumque
2667 5128 2888 5183 factum
2902 5125 3587 5198 incantationemappel-

1939 5221 2096 5277 lavit.
2120 5222 2310 5286 Quare
2336 5217 2727 5274 Athanasium
2744 5215 3073 5287 quemdam
3092 5214 3366 5269 accersiri
3383 5214 3583 5286 jussit,

1938 5310 2130 5367 virum
2152 5309 2231 5366 ob
2250 5308 2550 5377 magicam
2571 5312 2757 5362 artem
2780 5303 3028 5369 clarum,
3042 5304 3145 5375 qui
3165 5303 3397 5359 veritati
3411 5302 3586 5358 ludos

1938 5435 2110 5491 detur
2148 5434 2505 5505 signiﬁcare,
2540 5431 2819 5505 idemque
2856 5429 3020 5503 quod
3045 5428 3301 5505 spurius,
3336 5425 3583 5505 illegiti-

1938 5522 2090 5571 mus,
2148 5498 2427 5573 incertus,
2490 5510 2555 5559 ut
2613 5498 2832 5559 doc—ent
2877 5498 3284 5559 communiter
3344 5498 3587 5554 Lexico—

1941 5578 2175 5651 graphi.
