4110 6272
531 283 630 337 155

1895 274 2151 332 MENSIS

2294 272 2500 328 RILIS.
3126 253 3131 257 ’
3808 256 3893 310 156

522 404 935 477 phantasticos
963 405 1343 462 substitueret
1369 421 1383 471 ;
1417 404 1524 460 sed
1554 420 1591 461 a
1620 410 1880 475 martyre
1910 416 2031 456 non
2063 399 2167 456 mi-

2294 401 2502 469 γεγονός.
2548 398 2621 449 Δι’
2682 396 2743 453 ἣν
2790 396 2963 446 αἰτίαν
3019 396 3110 444 καὶ
3151 389 3461 443 Ἀθανάσιόν
3521 387 3603 453 (8)
3653 404 3779 436 τινα
3829 383 3903 445 εἰς

525 510 641 550 nus
672 495 799 551 falsi
829 495 1132 550 convictus
1164 499 1252 549 est
1278 509 1464 566 quam
1488 493 1589 565 qui
1619 492 1833 564 Moysis
1868 489 2167 547 miraculis

527 582 669 637 olim
694 582 1151 638 obtestarentur.
1212 582 1352 637 Hinc
1412 581 1575 636 multi
1629 580 1936 650 gentilium
1991 583 2168 650 atque

525 671 858 726 incantator
896 671 1021 741 ipse
1055 670 1437 734 Athanasius,
1466 668 1759 725 idolorum
1790 667 2045 725 falsitate
2083 682 2169 722 re-

528 759 786 829 cognita,
821 758 995 815 almae
1024 758 1260 831 pietatis
1285 758 1401 813 luci
1432 774 1495 813 se
1524 773 1659 813 cum
1684 756 1903 813 ﬁducia
1932 755 2170 812 dedide-

530 847 686 898 runt.
723 844 831 907 Qui
870 858 1079 898 omnes
1114 859 1233 898 una
1271 858 1407 897 cum
1446 858 1517 897 eo
1554 858 1734 913 quem
1774 843 2056 912 Georgius
2094 842 2167 897 ad

528 930 715 986 vitam
738 931 1067 996 reduxerat,
1098 936 1350 1002 tyranno
1368 931 1633 1003 jubente,
1665 931 1873 1002 capitis
1902 930 2169 986 damnati

532 1023 689 1082 sunt,
726 1018 934 1075 Christi
962 1018 1153 1089 sigillo
1181 1024 1357 1076 antea
1392 1019 1674 1088 insigniti.

535 1102 757 1159 εἰδώλων
812 1107 1001 1168 πλάνης
1040 1108 1347 1179 ἑτοιμότατοι
1401 1114 1756 1179 καταγνόντες,
1808 1116 1879 1178 τῷ
1931 1112 2106 1179 φέγγει
2173 1114 2263 1168 τῆς
2328 1106 2589 1167 εὐσεϐείας
2656 1107 2855 1177 θερμῶς
2904 1099 3271 1178 προσέδραμον

2276 491 2432 558 μέσον
2488 486 2833 557 παραχθῆναι
2889 481 3100 545 κελεύει,
3156 476 3312 541 δόξαν
3381 479 3463 529 ὅτι
3520 475 3783 529 πλείστην
3844 472 3894 523 ἐκ

2276 578 2517 645 γοητείας
2624 573 2785 641 ἐαυτῷ
2846 572 3247 643 περιτιθέμενον,
3359 565 3663 637 ἀνατρέπειν
3761 562 3893 613 οὑτω

2277 670 2387 723 ταῖς
2435 663 2591 715 αὑτοῦ
2640 666 2946 734 φαντασίαις
2990 666 3299 729 πειρώμενον
3338 660 3432 712 τὴν
3477 653 3729 709 ἀλήθειαν
3789 668 3802 679 ο
3844 653 3895 707 ὃς

2279 748 2428 803 οὐδὲν
2476 752 2630 809 ἧττον
2670 751 2900 823 εὐχερῶς
2952 749 3051 800 ὑπὸ
3081 754 3169 799 τοῦ
3203 748 3464 817 μάρτυρος
3504 738 3828 811 διελέγχθη,
3863 740 3890 795 ἦ

2280 842 2329 892 οἱ
2394 848 2463 910 τῷ
2528 847 2740 893 Μωὺσεί
2791 842 3033 912 πρότερον
3088 836 3621 905 ἀντιθαυματουργείν
3676 828 3893 899 νομιζο-

2282 948 2441 1001 μενοι.
2492 931 2752 1001 Ταύτῃτοι
2793 931 2882 979 καὶ
2932 925 3110 978 πολλοὶ
3159 932 3259 976 τῶν
3310 921 3573 985 Ἐλλήνων,
3622 917 3759 969 ἀλλὰ
3806 922 3899 967 καὶ

2284 1017 2439 1078 αὑτός
2488 1018 2650 1081 οὗτος,
2708 1018 2733 1067 ό
2799 1020 2890 1073 τὴν
2932 1019 3171 1085 γοητείαν
3218 1010 3348 1064 πολὺ
3396 1008 3742 1068 Ἀθανάσιος,
3803 1014 3901 1062 τῆς

3329 1116 3340 1129 ·
3396 1099 3463 1166 οἱ,
3521 1101 3611 1149 καὶ
3662 1114 3902 1167 προστα-

533 1198 618 1265 γεν
670 1196 799 1247 οὑτω
849 1199 990 1268 παρά
1042 1204 1130 1248 τοῦ
1186 1198 1455 1268 τυράννου,
1522 1201 1616 1254 τῆν
1671 1194 1763 1248 διὰ
1810 1196 1988 1267 ξίφους
2059 1193 2307 1267 δέχονται
2362 1194 2600 1251 τελευτὴν
2665 1198 2758 1246 σὺν
2804 1201 2878 1263 τῷ
2926 1192 2981 1244 ἐκ
3033 1199 3219 1265 νεκρῶν
3273 1187 3574 1251 ἀναστάντι,
3640 1189 3901 1257 πρότερον

531 1288 623 1341 τὴν
654 1282 701 1335 ἐν
730 1289 943 1355 Χριστῷ
972 1281 1243 1357 σφραγῖδα
1268 1288 1410 1357 παρὰ
1434 1293 1523 1336 τοῦ
1560 1284 1736 1355 Ἃγίου
1769 1281 2056 1356 δεξάμενοι.

604 1389 721 1444 XX.
761 1388 1092 1445 Idololatrte
1123 1405 1301 1461 porro
1329 1390 1557 1446 immoti
1588 1391 1681 1446 his
1703 1390 1881 1446 rebus
1906 1390 1964 1446 in
1995 1405 2175 1445 sensu

534 1476 931 1533 abundabant
960 1494 1090 1543 suo,
1120 1484 1275 1535 artes
1307 1478 1495 1535 malas
1529 1478 1878 1535 exercendo.
1899 1479 2175 1534 Miraculo

534 1564 691 1621 enim
721 1570 958 1635 peracto
986 1566 1238 1622 multum
1264 1566 1454 1623 abfuit
1482 1572 1544 1621 ut
1574 1568 1849 1639 pietatem
1864 1567 2176 1639 amplecte-

532 1657 756 1717 rentur,
801 1658 861 1709 ut
888 1659 1191 1709 auctorem
1233 1656 1501 1710 miraculi
1532 1671 1891 1726 cognoscere
1931 1655 2174 1720 vellent;

2359 1389 2435 1443 ις’.
2467 1392 2533 1441 Οἱ
2573 1386 2631 1442 δε
2662 1396 2760 1440 τῶν
2801 1384 3026 1439 εἰδώλων
3077 1386 3387 1460 θεραπευταὶ
3432 1380 3711 1433 ἀσάλευτοι
3768 1379 3901 1451 μάλ-

2283 1479 2369 1530 λον
2423 1476 2557 1536 ἦσαν
2610 1482 2699 1529 καὶ
2750 1476 2900 1529 αὐτοὶ
2958 1471 3302 1548 διαφερόντως
3349 1471 3419 1533 εἰς
3471 1474 3660 1521 κακίαν
3712 1486 3725 1498 ·
3782 1464 3905 1521 δέον

2284 1569 2386 1640 γὰρ
2440 1574 2530 1619 τοῦ
2590 1568 2853 1637 θαύματος
2902 1566 3171 1636 γενομένου
3233 1561 3546 1632 μεταμαθεῖν
3596 1562 3695 1616 τὴν
3750 1558 3906 1611 εὗσέ-

2288 1654 2428 1707 ϐειαν
2463 1672 2475 1685 ·
2510 1652 2647 1719 δέον,
2698 1659 2775 1715 τίς
2827 1655 2852 1704 ὁ
2909 1660 3066 1705 ποιῶν
3113 1657 3299 1713 ταῦτα,
3343 1650 3543 1721 μαθεῖν.
3602 1649 3668 1699 Οἱ
3724 1642 3787 1699 δε
3844 1651 3907 1698 οὑ

535 1756 566 1797 e
591 1746 797 1797 contra
837 1742 1095 1798 veritatis
1134 1748 1483 1799 sectatorem
1522 1745 1779 1816 pessime
1817 1744 2173 1810 tractabant,

2294 1753 2474 1816 γνῶναι
2512 1743 2701 1815 μᾶλλον
2750 1740 2997 1813 οὐδαμῶς
3040 1743 3318 1803 ἔσπευσαν,
3360 1737 3486 1789 ἀλλά
3536 1739 3747 1788 καὶτὸν
3802 1744 3869 1793 τῆ
3884 1756 3905 1795 ς

535 1829 597 1884 in
621 1845 917 1885 carcerem
948 1847 1151 1887 rursus
1181 1832 1570 1888 detrudendo.
1590 1833 1699 1889 Sed
1720 1833 2028 1889 Deiosores
2054 1848 2173 1888 non

538 1918 789 1987 gratiam
817 1933 1058 1991 quoque
1088 1920 1208 1976 viro
1240 1927 1446 1977 sancto
1484 1920 1848 1991 impertitam
1879 1938 2016 1977 cum
2046 1921 2177 1994 ipso

537 2006 974 2064 concluseruut.
1006 2008 1308 2065 Multitudo
1336 2010 1494 2065 enim
1529 2011 1893 2067 credentium
1924 2010 2005 2066 ibi
2044 2026 2178 2066 con-

538 2096 712 2160 venit,
746 2100 805 2151 et
828 2102 1073 2166 argento
1091 2098 1439 2154 custodibus
1455 2099 1657 2155 oblato
1684 2099 1744 2155 id
1772 2099 2094 2155 effecerunt
2119 2106 2180 2156 ut

540 2184 732 2240 sancti
769 2185 1001 2240 vultum
1030 2186 1381 2257 aspicerent,
1415 2189 1858 2260 gratiarumque
1900 2188 2180 2260 multipli-

540 2273 698 2328 cium
714 2272 829 2344 ipsi
846 2278 1151 2345 compotes
1164 2274 1381 2332 ﬁerent.
1400 2276 1751 2349 Quicunque
1771 2278 1929 2332 enim
1959 2277 2180 2334 morbis

536 2359 897 2425 laborarent,
925 2378 959 2418 a
991 2365 1338 2436 propinquis
1377 2364 1454 2421 ad
1480 2365 1729 2422 carceris
1759 2366 1913 2421 fores
1926 2365 2178 2422 adduce-

540 2448 777 2514 bantur.
804 2449 904 2505 ubi
925 2452 1236 2508 sanitatem
1258 2452 1652 2510 desideratam
1674 2454 2178 2527 adipiscebantur.

540 2536 696 2592 Inter
722 2553 874 2609 quos
900 2538 1468 2613 Glyceriusquidam,
1485 2558 1717 2614 pauper
1745 2543 2020 2607 rusticus,
2044 2558 2179 2597 cum

540 2624 651 2680 bos
681 2626 734 2680 ei
762 2626 913 2682 inter
928 2629 1223 2684 arandum
1238 2630 1525 2700 periisset,
1540 2632 1614 2687 ad
1629 2635 1901 2687 sanctum
1916 2631 2178 2690 accessit.

539 2712 809 2786 fusisque
838 2715 1398 2790 plurimislacrymis
1412 2720 1725 2789 Georgium
1744 2722 2050 2791 permovit.
2070 2721 2183 2777 Sed

537 2802 641 2874 qui
680 2804 896 2874 opibus
927 2819 1048 2860 non
1077 2805 1259 2876 dives,
1293 2807 1342 2861 is
1373 2809 1588 2880 pietate
1618 2824 1738 2864 non
1768 2824 1995 2880 pauper
2035 2814 2180 2877 erat,

538 2892 761 2963 quippe
782 2892 885 2964 qui
916 2893 1187 2950 animum
1225 2895 1469 2952 fertilem
1502 2902 1558 2953 et
1587 2898 1820 2968 pietatis
1855 2898 2067 2953 semini
2099 2914 2183 2954 re-

539 2979 811 3050 cipiendo
836 2986 1042 3053 aptum
1073 2984 1318 3052 gerebat
1337 2985 1663 3056 (dictitabat
1694 2987 1871 3058 enim,
1890 2987 2180 3043 Christum

2286 1832 2530 1895 ἀληθείας
2619 1835 2983 1904 προσκυνηττν
3050 1837 3224 1890 κακῶς
3297 1825 3589 1899 ἠμείϐοντο,
3665 1830 3759 1877 καὶ
3837 1834 3902 1897 τῇ

2287 1925 2460 1994 εἱρκτῆ
2508 1921 2657 1973 πάλιν
2710 1922 2758 1972 οἱ
2806 1921 3059 1991 θεομισεῐς
3097 1916 3359 1969 ἐνέκλειον.
3420 1914 3555 1972 Πλὴν
3611 1913 3720 1965 ἀλλ’
3766 1913 3910 1985 οὐχί

2288 2016 2377 2063 καὶ
2433 2015 2520 2068 τὴν
2576 2010 2820 2081 ἑπομένην
2886 2008 3026 2076 αὑτῷ
3100 2008 3260 2079 χάριν
3337 2006 3581 2076 οὐμενοῦν
3664 2021 3910 2073 συγκατ-

2289 2099 2477 2153 έκλειον
2538 2117 2549 2128 ·
2605 2101 2663 2151 τό
2737 2100 2837 2171 γὰρ
2911 2096 3102 2155 πλῆθος
3156 2102 3256 2146 τῶν
3324 2093 3713 2145 πιστευσάντων
3797 2090 3912 2142 ἐκεῖ

2294 2194 2487 2256 συνιόν,
2523 2192 2612 2239 καὶ
2651 2191 2770 2247 τοὺς
2814 2185 3162 2258 φυλάττοντας
3220 2180 3273 2235 εὖ
3322 2184 3696 2253 ὑπερχόμενον,
3750 2184 3911 2231 ὤνιόν

2289 2297 2343 2330 τε
2379 2282 2468 2329 καὶ
2520 2278 2810 2350 χρημάτων
2860 2276 3157 2344 ποιούμενοι
3199 2277 3291 2330 τὴν
3330 2278 3422 2322 τοῦ
3464 2272 3725 2344 μάρτυρος
3755 2268 3907 2339 ὄψιν,

2289 2366 2582 2437 πολυτίμων
2631 2365 2779 2417 αὑτοὶ
2821 2367 3055 2437 χαρίτων
3114 2360 3346 2430 ἀτεχνῶς
3399 2357 3651 2410 ἀπῦιαϐον
3694 2374 3709 2387 ·
3776 2360 3902 2410 ὅσοι

2290 2460 2387 2527 γαρ
2438 2451 2571 2512 ἦσαν
2615 2452 2905 2524 ὁμιλοῦντες
2957 2454 3146 2515 νόσοις,
3198 2449 3342 2501 οὗτοι
3399 2449 3542 2522 παρά
3581 2454 3684 2499 τῶν
3737 2465 3908 2521 προσ-

2294 2548 2518 2602 ηκόντων
2591 2541 2662 2604 εἰς
2730 2544 2823 2599 τὴν
2892 2541 3096 2613 εἱρκτὴν
3168 2541 3373 2605 ἠγοντο,
3428 2542 3517 2588 καὶ
3567 2537 3629 2598 ἧς
3694 2532 3907 2588 ἐδέοντο

2294 2634 2470 2703 ὑγείας
2526 2630 2584 2683 οὗ
2644 2627 3017 2704 διημάρτανον.
3071 2629 3197 2681 Μεθ’
3244 2627 3310 2678 ὧν
3357 2630 3446 2678 καὶ
3502 2625 3777 2700 Γλυκέριός
3830 2644 3909 2685 τις

2293 2725 2449 2782 πένης
2486 2726 2573 2772 καὶ
2620 2721 2882 2793 ἄγροικος,
2940 2720 3061 2792 ἄρτι
3118 2724 3207 2769 τοῦ
3264 2714 3391 2788 βοός
3436 2716 3576 2785 αὑτῷ
3631 2720 3751 2787 περὶ
3808 2719 3908 2772 τὴν

2292 2812 2475 2881 ἄροσιν
2524 2814 2788 2873 πεσόντος,
2842 2806 3097 2882 προελθὼν
3150 2804 3333 2865 ἐκεῖνος
3384 2811 3457 2874 τῷ
3509 2806 3761 2878 μάρτυρι,
3812 2809 3909 2854 καὶ

2294 2894 2500 2971 δάκρυα
2558 2893 2703 2962 δοὺς,
2753 2896 2881 2968 οἷπερ
2933 2892 3043 2967 εἶχε
3082 2899 3169 2946 καὶ
3226 2894 3305 2955 οἷς
3354 2896 3440 2944 τόν
3470 2891 3651 2963 Ἀγιον
3710 2891 3909 2963 μᾶλλον

2293 2988 2699 3059 καμφθήσεσθαι
2755 2985 2990 3048 ἤλπισεν,
3038 2980 3148 3035 εἶτα
3203 2988 3293 3034 καὶ
3339 2987 3453 3056 περὶ
3506 2986 3599 3039 τὴν
3640 2979 3910 3033 εὐσέϐειαν

536 3068 664 3124 haec
693 3067 887 3124 facere
914 3085 1088 3141 posse
1111 3077 1312 3142 utpote
1330 3074 1517 3129 solum
1544 3091 1750 3131 verum
1776 3077 2005 3147 Deum).
2031 3076 2179 3133 Dixit

2294 3077 2352 3130 οὑ
2418 3080 2573 3137 πένης
2618 3075 2902 3147 ἀναφανεὶς,
2950 3071 3076 3123 ἀλλά
3127 3070 3313 3142 ψυχὴν
3372 3073 3509 3141 ἔχων
3568 3073 3765 3140 εὔγειον
3813 3075 3909 3121 καὶ

537 3156 589 3212 ei
644 3157 824 3229 igitur
874 3159 959 3214 vir
1011 3166 1290 3217 sanctus:
1350 3164 1405 3218 Si
1458 3164 1669 3230 credis,
1727 3165 1943 3222 bovem
2011 3170 2179 3221 tuum

538 3250 742 3302 vivum
781 3250 1056 3319 reperies.

537 3340 627 3387 καὶ
677 3335 829 3387 αὑτὸν
895 3336 1023 3390 εἶναι
1087 3344 1239 3412 μόνον
1306 3339 1470 3401 ἀληθῆ
1528 3346 1679 3411 Θεόν)
1728 3362 1740 3375 ο
1796 3344 1959 3404 οὑτως
2012 3345 2199 3404 ἐκεῖνος
2260 3345 2417 3414 ἔχων,
2472 3345 2628 3400 ἤκουε
2675 3342 2819 3412 παρά
2867 3347 2958 3391 τοῦ
2996 3338 3174 3410 Ἀγίου

541 3425 639 3476 θὼν
670 3426 909 3500 εὑρήσεις
938 3427 1108 3489 ζῶντα
1139 3433 1225 3481 τόν
1263 3429 1412 3501 βοῦν.

608 3529 758 3586 XXI.
818 3535 883 3589 Et
953 3550 1086 3590 cum
1126 3551 1331 3592 revera
1385 3536 1733 3608 reperiisset,
1778 3536 1892 3592 ritu
1942 3536 2185 3593 Judaico

539 3623 901 3691 contempto,
959 3623 1249 3679 Samarita
1280 3623 1344 3679 ﬁt
1372 3630 1425 3680 et
1454 3624 1827 3697 therapeuta,
1880 3624 1983 3696 qui
2037 3626 2187 3681 inter

539 3706 805 3763 eundum
834 3711 950 3764 Deo
978 3712 1195 3780 gratias
1222 3711 1456 3768 dicebat
1480 3719 1535 3767 et
1563 3714 1745 3768 ﬁdem
1773 3720 2039 3770 sanctam
2054 3730 2187 3786 pro-

538 3796 813 3865 pagabat.
858 3796 1080 3852 Idcirco
1100 3798 1226 3867 jam
1257 3814 1398 3864 non,
1432 3804 1495 3855 ut
1519 3806 1711 3864 antea,
1740 3802 1800 3856 in
1842 3806 2187 3873 paupertate

538 3880 703 3949 vivit,
740 3884 843 3939 sed
874 3885 1096 3943 divitiis
1128 3887 1239 3958 ipsi
1269 3903 1496 3958 magna:
1535 3894 1589 3945 et
1618 3890 2019 3947 inalienabiles
2049 3905 2161 3945 con

539 3970 847 4027 ceduntur.
902 3976 1028 4029 Non
1080 3976 1239 4033 enim
1299 3993 1630 4049 paucorum
1679 3979 1960 4050 jugerum
2015 3982 2186 4033 terra;

538 4058 818 4116 dominus
847 4068 974 4119 erat
1006 4065 1111 4120 sed
1141 4081 1383 4122 omnem
1424 4068 1775 4139 paradisum
1802 4067 2143 4139 possidebat
2170 4083 2183 4130 ;

537 4148 597 4203 id
630 4156 827 4206 autem
857 4154 1185 4226 quomodo,
1218 4157 1377 4213 audi.
1412 4157 1646 4230 Martyri
1689 4157 1793 4230 qui
1851 4172 1921 4213 ex
1953 4172 2184 4214 carcere

536 4239 939 4297 revertebatur
978 4243 1137 4299 obvii
1166 4244 1302 4301 facti
1342 4247 1820 4317 praevaricatores
1858 4246 2046 4319 impii,
2091 4261 2186 4301 co-

538 4326 701 4424 gnito
730 4336 958 4402 quanto
976 4333 1184 4424 studio
1197 4334 1375 4424 rebus
1388 4336 1733 4392 Christianis
1755 4336 1994 4401 faveret,
2026 4352 2182 4391 com-
2218 4370 2261 4424 υ

536 4416 899 4487 prehensum
939 4436 1071 4477 eum
1113 4422 1190 4478 ad
1221 4423 1637 4494 imperatorem
1670 4425 1932 4490 ducunt;
1973 4425 2077 4496 qui
2112 4440 2185 4480 ne

538 4504 710 4561 solita
723 4507 969 4577 quidem
987 4508 1443 4578 interrogatione
1460 4527 1598 4567 eum
1615 4510 1897 4582 dignatus
1914 4516 1971 4567 et
1988 4528 2184 4567 rerum

538 4597 904 4650 mutatarum
937 4612 1186 4653 causam
1214 4599 1603 4672 investigandi
1636 4600 1877 4655 minime
1911 4601 2184 4673 cupidus,

539 4682 669 4738 solo
707 4684 942 4741 aurium
964 4685 1188 4757 judicio
1212 4686 1394 4743 ﬁnem
1432 4704 1626 4745 causae
1647 4689 1954 4761 imponere
1983 4691 2188 4760 gestie-

536 4772 680 4841 bat;
721 4789 865 4830 ense
904 4776 1063 4830 enim
1104 4781 1377 4833 sanctum
1415 4777 1576 4833 brevi
1615 4782 1751 4850 post
1788 4777 1960 4849 plecti
1990 4779 2182 4850 jussit.

540 4860 632 4917 Sic
651 4861 824 4932 igitur
853 4864 1035 4919 vitam
1058 4864 1242 4920 ﬁnivit
1268 4870 1611 4938 paupertate
1623 4865 1964 4938 gloriosam,
1998 4874 2187 4925 morte

538 4954 883 5007 caaterorum
901 4968 1010 5008 rem
1022 4951 1278 5009 ulatione
1290 4952 1492 5024 digna,
1512 4956 1752 5028 proprio
1774 4971 1882 5011 suo
1900 4958 2187 5028 sanguine

537 5037 891 5109 baptizatus.

2297 3170 2571 3237 σπέρματα
2616 3161 2871 3226 δέξασθαι
2918 3168 3011 3223 τῆς
3056 3159 3316 3221 εὐσεϐείας
3365 3155 3667 3216 ἐπιτηδείαν
3709 3160 3915 3231 (εἴρηκε

2296 3257 2397 3328 γὰρ
2448 3254 2707 3305 πιστεύειν
2759 3247 3019 3303 δύνασθαι
3070 3257 3236 3301 ταῦτα
3284 3251 3370 3300 τὸν
3421 3251 3653 3321 Χριστόν
3714 3254 3911 3311 ποιεῖν,

3228 3355 3239 3367 ⁸
3299 3336 3356 3390 Εἰ
3402 3339 3688 3399 πιστεύεις,
3750 3334 3919 3389 ἀπελ-

2372 3536 2495 3591 ΚΑ’.
2548 3536 2686 3588 Ἐπεὶ
2742 3529 2829 3586 οὖν
2886 3538 2971 3585 καὶ
3026 3531 3254 3585 ἀπελθὼν
3307 3531 3467 3592 οὕτως
3516 3530 3646 3605 εὗρε,
3702 3533 3757 3582 τό
3808 3537 3917 3582 τῶν

2297 3622 2567 3679 Ἰουδαίων
2597 3629 2829 3697 μισήσας
2870 3622 2966 3693 (9),
3016 3626 3336 3696 Σαμαρείτης
3390 3620 3437 3672 ἐν
3469 3622 3634 3692 τούτῳ
3680 3624 3910 3691 γίνεται,

2297 3720 2385 3767 καὶ
2432 3718 2566 3789 πρὸς
2617 3716 2703 3765 τὸν
2760 3713 3076 3786 θεραπευτὴν
3134 3708 3477 3783 ἐπανέρχεται
3545 3725 3557 3737 ’
3634 3713 3724 3759 καὶ
3783 3712 3914 3768 τοὺς

2297 3808 2385 3874 μεν
2411 3800 2629 3862 πόδαςὴ
2667 3805 2847 3876 πορεία
2890 3796 3022 3871 εἶχε,
3078 3801 3143 3851 τά
3175 3798 3324 3869 χείλη
3369 3797 3428 3850 δε
3476 3799 3505 3856 ἠ
3564 3801 3905 3870 εὐχαριστία,

2296 3896 2384 3943 καὶ
2444 3893 2469 3949 ἡ
2530 3898 2620 3952 τῆς
2687 3891 2862 3960 ὑγιοῦς
2918 3893 3138 3948 πίστεως
3190 3885 3522 3962 ἀνακηρυξις.
3581 3890 3685 3938 Λιά
3739 3894 3912 3937 ταῦτα

2295 3987 2417 4051 γοῦν
2462 3975 2584 4031 οὐδὲ
2638 3977 2859 4051 ἀφίεται,
2890 3979 2958 4039 ὡς
3006 3981 3062 4029 τό
3097 3981 3343 4050 πρότερον
3374 3980 3466 4034 τὴν
3514 3979 3689 4027 πενίαν
3737 3978 3908 4027 σὺνοι-

2296 4089 2384 4121 κον
2432 4070 2592 4140 ἔχειν,
2641 4066 2767 4119 ἀλλά
2808 4066 3024 4128 πλοῦτος
3072 4066 3212 4137 αὑτῷ
3262 4062 3477 4118 δίδοται
3521 4064 3674 4124 πολύς
3723 4083 3777 4117 τε
3816 4070 3909 4116 καὶ

2297 4157 2487 4219 ἄσυλος
2529 4176 2542 4190 ο
2576 4162 2664 4209 καὶ
2711 4159 2811 4228 γὰρ
2854 4155 3025 4207 οὐκέτι
3073 4154 3299 4227 πλέθρων
3351 4153 3537 4225 ὀλίγων
3580 4162 3677 4223 γῆς
3726 4155 3909 4226 κύριος

2299 4244 2379 4313 ἧν,
2432 4245 2536 4298 ἀλλ’
2569 4245 2679 4297 ὅλον
2733 4244 3037 4318 κληρονομεῖ
3067 4247 3152 4296 τόν
3184 4240 3504 4312 παράδεισον
3557 4260 3569 4272 °
3609 4247 3698 4294 καὶ
3746 4243 3902 4307 ὅπως,

2297 4338 2405 4409 ὥρα
2445 4336 2645 4407 μαθεῖν.
2695 4332 3048 4386 Ἐπανελθόντι
3106 4340 3196 4392 τῆς
3246 4334 3452 4405 εἱρκτῆς
3495 4336 3584 4383 καὶ
3628 4338 3719 4383 τοῦ
3770 4333 3878 4404 μάρ

2296 4445 2469 4500 τυρος,
2508 4422 2811 4495 ἐντυχόντες
2863 4424 2912 4473 οἱ
2949 4429 3037 4481 τῆς
3095 4420 3335 4481 ἀσεϐείας
3374 4422 3629 4495 ὑπουργοὶ
3681 4418 3902 4491 δραστι-

2296 4521 2539 4579 κώτατοι,
2599 4519 2686 4565 καὶ
2738 4514 2987 4584 μαθόντες
3050 4514 3182 4571 ὅπως
3245 4512 3310 4561 τὰ
3368 4517 3696 4582 Χριστιανῶν
3759 4508 3903 4582 επρέ-

2299 4602 2448 4655 σϐευέ
2525 4620 2579 4654 τε
2654 4605 2743 4652 καὶ
2832 4596 3128 4673 διαρρήδην
3205 4598 3466 4673 ἐκήρυττε,
3559 4596 3898 4661 συλλαϐόντες

2297 4693 2488 4763 ἄγουσι
2517 4693 2642 4765 πρὸς
2674 4693 2759 4742 τόν
2793 4687 3015 4760 βασιλέα
3064 4707 3075 4720 ’
3118 4694 3207 4740 καὶ
3237 4688 3311 4749 ὃς,
3346 4683 3468 4740 οὑδὲ
3524 4695 3615 4747 τῆς
3647 4689 3900 4747 συνήθους

2298 4782 2597 4853 ἐρωτήσεως
2645 4777 2892 4841 ἀξιώσας,
2948 4774 3071 4830 οὐδὲ
3127 4782 3220 4835 τὴν
3272 4776 3440 4829 αἰτίαν
3498 4775 3749 4847 ἀναγνοὺς
3803 4783 3901 4838 τῆς

2296 4868 2602 4942 μεταϐολῆς,
2659 4868 2860 4939 ἕτοιμος
2923 4862 2983 4924 ἧν
3054 4870 3170 4940 περὶ
3227 4870 3320 4922 τὴν
3372 4873 3470 4916 τῶν
3543 4863 3898 4917 ἀκουσθέντων

2296 4963 2459 5030 τομὴν
2489 4961 2577 5008 καὶ
2636 4954 2895 5027 ἀπότομος
2930 4973 2940 4984 ·
3000 4954 3131 5026 ξίφει
3173 4956 3273 5025 γὰρ
3324 4952 3515 5006 ἐκέλευε
3562 4962 3899 5027 παραχρῆμα

2296 5053 2674 5104 κατακοπῆναι.
2724 5049 2823 5097 Καὶ
2876 5043 3006 5096 οὑτω
3062 5042 3360 5108 τελειοῦται,
3420 5050 3515 5103 τῆς
3569 5045 3659 5115 μέν
3722 5046 3899 5105 πενίας

541 5146 700 5207 ζήλου
761 5146 979 5218 μηδενὸς
1034 5149 1172 5213 ἄξιος
1227 5154 1316 5215 ὧν,
1374 5158 1462 5203 τοῦ
1517 5147 1575 5204 δε
1616 5150 1791 5214 τέλους
1851 5150 2219 5221 ἀξιοζήλωτος,
2280 5154 2475 5226 μάρτυς
2526 5155 2750 5222 γεγονὼς
2799 5146 3020 5221 σχέδιος
3078 5153 3166 5202 καὶ
3228 5156 3297 5219 τῷ
3347 5147 3517 5220 οἰκείῳ
3562 5150 3748 5221 αἵματι
3802 5147 3897 5222 βα.

540 5237 793 5297 πτισθείς.

612 5361 689 5432 (8)
720 5364 863 5417 Acta
890 5363 1093 5436 omnia
1117 5364 1235 5420 alia
1252 5367 1417 5436 prius
1450 5365 1760 5421 adducunt
1789 5366 2181 5422 Athanasium

541 5448 727 5505 quam
767 5438 948 5505 agant
976 5433 1048 5488 de
1081 5433 1310 5505 mortuo
1349 5437 1649 5492 suscitato.

612 5503 691 5577 (9)
740 5502 1031 5559 Alluditur
1061 5503 1139 5559 ad
1176 5505 1334 5561 istud
1374 5506 1693 5576 Evangelii,
1722 5506 1825 5563 ubi
1850 5522 1923 5563 ex
1975 5507 2185 5564 decem

2290 5364 2539 5445 leprosis
2575 5362 2885 5445 mundatis,
2920 5376 3180 5445 quorum
3216 5367 3896 5445 novem‘supponuntur

2291 5431 2474 5491 fuisse
2502 5434 2706 5500 Judaei,
2743 5431 3150 5490 Samaritanus
3182 5432 3343 5489 solus
3366 5431 3563 5498 rediit,
3581 5431 3657 5489 ad
3677 5431 3894 5493 beneﬁ-

2293 5507 2453 5573 cium
2482 5523 2519 5562 a
2548 5505 2850 5563 Salvatore
2880 5507 3188 5577 receptum
3230 5503 3706 5575 agnoscendum-
