  <div class='ocr_page' id='page_1' title='image "/cluster/home/n/w/nwhite01/storage/ocr_20150623/115/mdp.39015028574336/086.png"; bbox 0 0 4110 6272; ppageno 0'>
   <div class='ocr_carea' id='block_1_1' title="bbox 234 310 338 365">
    <p class='ocr_par' dir='ltr' id='par_1_1' title="bbox 234 310 338 365">
     <span class='ocr_line' id='line_1_1' title="bbox 234 310 338 365; baseline -0.01 0"><span class='ocrx_word' id='word_1_1' title='bbox 234 310 338 365; x_wconf 78' lang='grc'>157</span> 
     </span>
    </p>
   </div>
   <div class='ocr_carea' id='block_1_2' title="bbox 1602 302 2217 362">
    <p class='ocr_par' dir='ltr' id='par_1_2' title="bbox 1602 302 2217 362">
     <span class='ocr_line' id='line_1_2' title="bbox 1602 302 2217 362; baseline -0.002 -2"><span class='ocrx_word' id='word_1_2' title='bbox 1602 304 1764 360; x_wconf 82' lang='grc' dir='ltr'>νιτΑ</span> <span class='ocrx_word' id='word_1_3' title='bbox 1804 302 1867 362; x_wconf 85' lang='lat' dir='ltr'>S.</span> <span class='ocrx_word' id='word_1_4' title='bbox 1905 302 2217 361; x_wconf 82' lang='lat' dir='ltr'>GEORGII.</span> 
     </span>
    </p>
   </div>
   <div class='ocr_carea' id='block_1_3' title="bbox 3488 310 3585 366">
    <p class='ocr_par' dir='ltr' id='par_1_3' title="bbox 3488 310 3585 366">
     <span class='ocr_line' id='line_1_3' title="bbox 3488 310 3585 366; baseline 0 -2"><span class='ocrx_word' id='word_1_5' title='bbox 3488 310 3585 366; x_wconf 80' lang='grc'>158</span> 
     </span>
    </p>
   </div>
   <div class='ocr_carea' id='block_1_4' title="bbox 307 425 1818 504">
    <p class='ocr_par' dir='ltr' id='par_1_4' title="bbox 307 425 1818 502">
     <span class='ocr_line' id='line_1_4' title="bbox 307 425 1818 502; baseline -0.006 -14"><span class='ocrx_word' id='word_1_6' title='bbox 307 432 432 488; x_wconf 88' lang='lat' dir='ltr'>KB’.</span> <span class='ocrx_word' id='word_1_7' title='bbox 492 431 687 486; x_wconf 83' lang='grc' dir='ltr'>Μαθὼν</span> <span class='ocrx_word' id='word_1_8' title='bbox 731 425 791 483; x_wconf 72' lang='grc' dir='ltr'>δὲ</span> <span class='ocrx_word' id='word_1_9' title='bbox 848 431 875 482; x_wconf 99' lang='lat'>6</span> <span class='ocrx_word' id='word_1_10' title='bbox 918 429 1179 502; x_wconf 79' lang='grc' dir='ltr'>βασιλεὺς,</span> <span class='ocrx_word' id='word_1_11' title='bbox 1213 434 1281 496; x_wconf 84' lang='grc' dir='ltr'>ὡς</span> <span class='ocrx_word' id='word_1_12' title='bbox 1312 432 1441 486; x_wconf 89' lang='grc' dir='ltr'>πολύ</span> <span class='ocrx_word' id='word_1_13' title='bbox 1471 452 1523 486; x_wconf 90' lang='grc' dir='ltr'>τι</span> <span class='ocrx_word' id='word_1_14' title='bbox 1567 430 1759 490; x_wconf 77' lang='grc' dir='ltr'>πλῆθος</span> <span class='ocrx_word' id='word_1_15' title='bbox 1786 425 1818 479; x_wconf 66' lang='lat' dir='ltr'>ii</span> 
     </span>
    </p>
   </div>
   <div class='ocr_carea' id='block_1_5' title="bbox 1930 425 3585 504">
    <p class='ocr_par' dir='ltr' id='par_1_5' title="bbox 2012 429 3585 504">
     <span class='ocr_line' id='line_1_5' title="bbox 2012 429 3585 504; baseline 0.003 -21"><span class='ocrx_word' id='word_1_16' title='bbox 2012 429 2171 484; x_wconf 83' lang='lat' dir='ltr'>XXII.</span> <span class='ocrx_word' id='word_1_17' title='bbox 2204 429 2308 487; x_wconf 88' lang='lat' dir='ltr'>Ubi</span> <span class='ocrx_word' id='word_1_18' title='bbox 2336 430 2658 504; x_wconf 81' lang='lat' dir='ltr'>imperator</span> <span class='ocrx_word' id='word_1_19' title='bbox 2687 430 2931 499; x_wconf 84' lang='lat' dir='ltr'>audivit,</span> <span class='ocrx_word' id='word_1_20' title='bbox 2960 434 3286 503; x_wconf 83' lang='lat' dir='ltr'>martyrem</span> <span class='ocrx_word' id='word_1_21' title='bbox 3324 447 3361 488; x_wconf 90' lang='lat' dir='ltr'>a</span> <span class='ocrx_word' id='word_1_22' title='bbox 3389 431 3585 488; x_wconf 87' lang='lat' dir='ltr'><strong>multi-</strong></span> 
     </span>
    </p>
   </div>
   <div class='ocr_carea' id='block_1_6' title="bbox 234 516 1837 595">
    <p class='ocr_par' dir='ltr' id='par_1_6' title="bbox 234 516 1837 595">
     <span class='ocr_line' id='line_1_6' title="bbox 234 516 1837 595; baseline -0.004 -20"><span class='ocrx_word' id='word_1_23' title='bbox 234 530 297 595; x_wconf 76' lang='grc' dir='ltr'>τῇ</span> <span class='ocrx_word' id='word_1_24' title='bbox 358 521 556 594; x_wconf 73' lang='grc' dir='ltr'>φυλακῇ</span> <span class='ocrx_word' id='word_1_25' title='bbox 606 527 677 589; x_wconf 85' lang='grc' dir='ltr'>τῷ</span> <span class='ocrx_word' id='word_1_26' title='bbox 727 521 957 593; x_wconf 77' lang='grc' dir='ltr'>μάρτυρι</span> <span class='ocrx_word' id='word_1_27' title='bbox 1007 525 1223 595; x_wconf 90' lang='grc' dir='ltr'>προσιόν</span> <span class='ocrx_word' id='word_1_28' title='bbox 1264 523 1384 575; x_wconf 84' lang='grc' dir='ltr'>ὅσαι</span> <span class='ocrx_word' id='word_1_29' title='bbox 1436 520 1566 594; x_wconf 86' lang='grc' dir='ltr'>ὧραι</span> <span class='ocrx_word' id='word_1_30' title='bbox 1594 526 1652 591; x_wconf 75' lang='grc' dir='ltr'>τῇ</span> <span class='ocrx_word' id='word_1_31' title='bbox 1696 516 1837 571; x_wconf 90' lang='grc' dir='ltr'>εύσε-</span> 
     </span>
    </p>
   </div>
   <div class='ocr_carea' id='block_1_7' title="bbox 236 607 1835 683">
    <p class='ocr_par' dir='ltr' id='par_1_7' title="bbox 236 607 1835 683">
     <span class='ocr_line' id='line_1_7' title="bbox 236 607 1835 683; baseline -0.004 -21"><span class='ocrx_word' id='word_1_32' title='bbox 236 608 355 681; x_wconf 80' lang='grc' dir='ltr'>ϐείᾳ</span> <span class='ocrx_word' id='word_1_33' title='bbox 406 610 789 683; x_wconf 79' lang='grc' dir='ltr'>προστίθενται,</span> <span class='ocrx_word' id='word_1_34' title='bbox 864 608 958 660; x_wconf 73' lang='grc' dir='ltr'>οὐκ</span> <span class='ocrx_word' id='word_1_35' title='bbox 1036 608 1257 673; x_wconf 78' lang='grc' dir='ltr'>ἀνεκτῶς</span> <span class='ocrx_word' id='word_1_36' title='bbox 1338 613 1511 681; x_wconf 80' lang='grc' dir='ltr'>ἔσχεν·</span> <span class='ocrx_word' id='word_1_37' title='bbox 1568 607 1697 661; x_wconf 78' lang='grc' dir='ltr'>ἀλλὰ</span> <span class='ocrx_word' id='word_1_38' title='bbox 1748 608 1835 657; x_wconf 86' lang='grc' dir='ltr'>τὸν</span> 
     </span>
    </p>
   </div>
   <div class='ocr_carea' id='block_1_8' title="bbox 240 694 1833 772">
    <p class='ocr_par' dir='ltr' id='par_1_8' title="bbox 240 694 1833 772">
     <span class='ocr_line' id='line_1_8' title="bbox 240 694 1833 772; baseline -0.003 -21"><span class='ocrx_word' id='word_1_39' title='bbox 240 697 422 768; x_wconf 80' lang='grc' dir='ltr'>Ἀγιον</span> <span class='ocrx_word' id='word_1_40' title='bbox 474 696 972 769; x_wconf 76' lang='grc' dir='ltr'>μετακαλεσάμενος,</span> <span class='ocrx_word' id='word_1_41' title='bbox 1032 698 1251 772; x_wconf 76' lang='grc' dir='ltr'>ὀργίλως</span> <span class='ocrx_word' id='word_1_42' title='bbox 1302 702 1391 771; x_wconf 65' lang='grc' dir='ltr'>μὲν</span> <span class='ocrx_word' id='word_1_43' title='bbox 1440 700 1515 751; x_wconf 80' lang='grc' dir='ltr'>ἔτι</span> <span class='ocrx_word' id='word_1_44' title='bbox 1569 700 1659 749; x_wconf 82' lang='grc' dir='ltr'>καὶ</span> <span class='ocrx_word' id='word_1_45' title='bbox 1730 694 1833 747; x_wconf 87' lang='grc' dir='ltr'>αύ-</span> 
     </span>
    </p>
   </div>
   <div class='ocr_carea' id='block_1_9' title="bbox 237 781 1833 859">
    <p class='ocr_par' dir='ltr' id='par_1_9' title="bbox 237 781 1833 859">
     <span class='ocr_line' id='line_1_9' title="bbox 237 781 1833 859; baseline -0.001 -23"><span class='ocrx_word' id='word_1_46' title='bbox 237 793 455 857; x_wconf 88' lang='grc' dir='ltr'>στηρῶς,</span> <span class='ocrx_word' id='word_1_47' title='bbox 509 781 779 857; x_wconf 69' lang='grc' dir='ltr'>οὐδαμῶς⁸</span> <span class='ocrx_word' id='word_1_48' title='bbox 833 784 963 839; x_wconf 81' lang='grc' dir='ltr'>ἀλλὰ</span> <span class='ocrx_word' id='word_1_49' title='bbox 1010 796 1106 849; x_wconf 85' lang='grc' dir='ltr'>τῆς</span> <span class='ocrx_word' id='word_1_50' title='bbox 1157 787 1365 849; x_wconf 75' lang='grc' dir='ltr'>λεοντῆς</span> <span class='ocrx_word' id='word_1_51' title='bbox 1427 791 1499 859; x_wconf 85' lang='grc' dir='ltr'>μή</span> <span class='ocrx_word' id='word_1_52' title='bbox 1550 784 1833 856; x_wconf 81' lang='grc' dir='ltr'>ἐξικνουμέ-</span> 
     </span>
    </p>
   </div>
   <div class='ocr_carea' id='block_1_10' title="bbox 231 872 1833 951">
    <p class='ocr_par' dir='ltr' id='par_1_10' title="bbox 231 872 1833 951">
     <span class='ocr_line' id='line_1_10' title="bbox 231 872 1833 951; baseline -0.002 -24"><span class='ocrx_word' id='word_1_53' title='bbox 231 894 340 940; x_wconf 90' lang='grc' dir='ltr'>νης,</span> <span class='ocrx_word' id='word_1_54' title='bbox 399 878 490 926; x_wconf 83' lang='grc' dir='ltr'>καὶ</span> <span class='ocrx_word' id='word_1_55' title='bbox 537 878 629 932; x_wconf 75' lang='grc' dir='ltr'>τήν</span> <span class='ocrx_word' id='word_1_56' title='bbox 686 872 953 934; x_wconf 72' lang='grc' dir='ltr'>ἀλωπεκῆν</span> <span class='ocrx_word' id='word_1_57' title='bbox 1006 879 1322 951; x_wconf 75' lang='grc' dir='ltr'>προσετίθει,</span> <span class='ocrx_word' id='word_1_58' title='bbox 1391 880 1480 928; x_wconf 81' lang='grc' dir='ltr'>καὶ</span> <span class='ocrx_word' id='word_1_59' title='bbox 1531 878 1591 928; x_wconf 85' lang='grc' dir='ltr'>τὸ</span> <span class='ocrx_word' id='word_1_60' title='bbox 1650 876 1833 946; x_wconf 87' lang='grc' dir='ltr'>πικρόν</span> 
     </span>
    </p>
   </div>
   <div class='ocr_carea' id='block_1_11' title="bbox 230 961 1831 1037">
    <p class='ocr_par' dir='ltr' id='par_1_11' title="bbox 230 961 1831 1037">
     <span class='ocr_line' id='line_1_11' title="bbox 230 961 1831 1037; baseline -0.001 -22"><span class='ocrx_word' id='word_1_61' title='bbox 230 967 323 1016; x_wconf 83' lang='grc' dir='ltr'>καὶ</span> <span class='ocrx_word' id='word_1_62' title='bbox 372 961 632 1035; x_wconf 83' lang='grc' dir='ltr'>ἀπότομον</span> <span class='ocrx_word' id='word_1_63' title='bbox 684 963 784 1015; x_wconf 89' lang='grc' dir='ltr'>ὑπό</span> <span class='ocrx_word' id='word_1_64' title='bbox 840 970 1188 1037; x_wconf 79' lang='grc' dir='ltr'>προσχήματι</span> <span class='ocrx_word' id='word_1_65' title='bbox 1247 965 1486 1036; x_wconf 75' lang='grc' dir='ltr'>καλύψας</span> <span class='ocrx_word' id='word_1_66' title='bbox 1550 963 1831 1037; x_wconf 75' lang='grc' dir='ltr'>φιλανθρω-</span> 
     </span>
    </p>
   </div>
   <div class='ocr_carea' id='block_1_12' title="bbox 229 1051 1829 1129">
    <p class='ocr_par' dir='ltr' id='par_1_12' title="bbox 229 1051 1829 1129">
     <span class='ocr_line' id='line_1_12' title="bbox 229 1051 1829 1129; baseline 0 -25"><span class='ocrx_word' id='word_1_67' title='bbox 229 1057 371 1117; x_wconf 80' lang='grc' dir='ltr'>πίας,</span> <span class='ocrx_word' id='word_1_68' title='bbox 425 1054 600 1125; x_wconf 82' lang='grc' dir='ltr'>πράως</span> <span class='ocrx_word' id='word_1_69' title='bbox 655 1051 808 1104; x_wconf 91' lang='grc' dir='ltr'>πάλιν</span> <span class='ocrx_word' id='word_1_70' title='bbox 873 1054 1158 1129; x_wconf 78' lang='grc' dir='ltr'>ὑπέρχεται</span> <span class='ocrx_word' id='word_1_71' title='bbox 1205 1060 1294 1108; x_wconf 83' lang='grc' dir='ltr'>καὶ</span> <span class='ocrx_word' id='word_1_72' title='bbox 1332 1059 1514 1115; x_wconf 69' lang='grc' dir='ltr'>ἠπίως</span> <span class='ocrx_word' id='word_1_73' title='bbox 1574 1057 1652 1111; x_wconf 83' lang='grc' dir='ltr'>Νὴ</span> <span class='ocrx_word' id='word_1_74' title='bbox 1712 1055 1829 1115; x_wconf 85' lang='grc' dir='ltr'>τούς</span> 
     </span>
    </p>
   </div>
   <div class='ocr_carea' id='block_1_13' title="bbox 232 1140 1829 1219">
    <p class='ocr_par' dir='ltr' id='par_1_13' title="bbox 232 1140 1829 1219">
     <span class='ocr_line' id='line_1_13' title="bbox 232 1140 1829 1219; baseline 0 -26"><span class='ocrx_word' id='word_1_75' title='bbox 232 1141 398 1207; x_wconf 86' lang='grc' dir='ltr'>θεοὺς,</span> <span class='ocrx_word' id='word_1_76' title='bbox 431 1140 669 1215; x_wconf 77' lang='grc' dir='ltr'>εἰρηκὼς,</span> <span class='ocrx_word' id='word_1_77' title='bbox 723 1144 767 1194; x_wconf 83' lang='grc' dir='ltr'>εἴ</span> <span class='ocrx_word' id='word_1_78' title='bbox 804 1160 905 1213; x_wconf 89' lang='grc' dir='ltr'>μου</span> <span class='ocrx_word' id='word_1_79' title='bbox 954 1144 1204 1216; x_wconf 78' lang='grc' dir='ltr'>ἀκούσῃς,</span> <span class='ocrx_word' id='word_1_80' title='bbox 1264 1149 1503 1219; x_wconf 84' lang='grc' dir='ltr'>Γεώργιε,</span> <span class='ocrx_word' id='word_1_81' title='bbox 1533 1147 1623 1195; x_wconf 85' lang='grc' dir='ltr'>καὶ</span> <span class='ocrx_word' id='word_1_82' title='bbox 1668 1160 1829 1215; x_wconf 89' lang='grc' dir='ltr'>προσ-</span> 
     </span>
    </p>
   </div>
   <div class='ocr_carea' id='block_1_14' title="bbox 231 1228 1831 1306">
    <p class='ocr_par' dir='ltr' id='par_1_14' title="bbox 231 1228 1831 1306">
     <span class='ocr_line' id='line_1_14' title="bbox 231 1228 1831 1306; baseline -0.001 -23"><span class='ocrx_word' id='word_1_83' title='bbox 231 1228 387 1283; x_wconf 89' lang='grc' dir='ltr'>ελθὼν</span> <span class='ocrx_word' id='word_1_84' title='bbox 443 1231 626 1303; x_wconf 79' lang='grc' dir='ltr'>θύσῃς,</span> <span class='ocrx_word' id='word_1_85' title='bbox 685 1229 888 1302; x_wconf 81' lang='grc' dir='ltr'>ἀγαθῶν</span> <span class='ocrx_word' id='word_1_86' title='bbox 941 1230 1113 1304; x_wconf 76' lang='grc' dir='ltr'>ἁγαθὰ</span> <span class='ocrx_word' id='word_1_87' title='bbox 1162 1234 1414 1306; x_wconf 73' lang='grc' dir='ltr'>εὑρήσεις,</span> <span class='ocrx_word' id='word_1_88' title='bbox 1463 1236 1552 1285; x_wconf 85' lang='grc' dir='ltr'>καὶ</span> <span class='ocrx_word' id='word_1_89' title='bbox 1618 1231 1831 1303; x_wconf 86' lang='grc' dir='ltr'>χρημά-</span> 
     </span>
    </p>
   </div>
   <div class='ocr_carea' id='block_1_15' title="bbox 230 1311 1832 1395">
    <p class='ocr_par' dir='ltr' id='par_1_15' title="bbox 230 1311 1832 1395">
     <span class='ocr_line' id='line_1_15' title="bbox 230 1311 1832 1395; baseline 0.003 -28"><span class='ocrx_word' id='word_1_90' title='bbox 230 1334 330 1367; x_wconf 87' lang='grc' dir='ltr'>των</span> <span class='ocrx_word' id='word_1_91' title='bbox 369 1320 459 1389; x_wconf 68' lang='grc' dir='ltr'>μεν</span> <span class='ocrx_word' id='word_1_92' title='bbox 506 1320 683 1393; x_wconf 90' lang='grc' dir='ltr'>κύριος</span> <span class='ocrx_word' id='word_1_93' title='bbox 732 1321 825 1393; x_wconf 80' lang='grc' dir='ltr'>ἔσῃ</span> <span class='ocrx_word' id='word_1_94' title='bbox 900 1329 1132 1393; x_wconf 84' lang='grc' dir='ltr'>συχνῶν,</span> <span class='ocrx_word' id='word_1_95' title='bbox 1199 1330 1402 1395; x_wconf 85' lang='grc' dir='ltr'>πρῶτον</span> <span class='ocrx_word' id='word_1_96' title='bbox 1459 1317 1519 1373; x_wconf 88' lang='grc' dir='ltr'>δέ</span> <span class='ocrx_word' id='word_1_97' title='bbox 1578 1339 1670 1373; x_wconf 92' lang='grc' dir='ltr'>σου</span> <span class='ocrx_word' id='word_1_98' title='bbox 1718 1311 1832 1390; x_wconf 83' lang='grc' dir='ltr'>μεθ’</span> 
     </span>
    </p>
   </div>
   <div class='ocr_carea' id='block_1_16' title="bbox 228 1406 1829 1483">
    <p class='ocr_par' dir='ltr' id='par_1_16' title="bbox 228 1406 1829 1483">
     <span class='ocr_line' id='line_1_16' title="bbox 228 1406 1829 1483; baseline 0.001 -25"><span class='ocrx_word' id='word_1_99' title='bbox 228 1406 372 1477; x_wconf 80' lang='grc' dir='ltr'>ἡμᾶς</span> <span class='ocrx_word' id='word_1_100' title='bbox 417 1406 584 1481; x_wconf 79' lang='grc' dir='ltr'>ἕτερον</span> <span class='ocrx_word' id='word_1_101' title='bbox 626 1406 698 1470; x_wconf 87' lang='grc' dir='ltr'>εἰς</span> <span class='ocrx_word' id='word_1_102' title='bbox 745 1412 904 1480; x_wconf 82' lang='grc' dir='ltr'>τιμήν</span> <span class='ocrx_word' id='word_1_103' title='bbox 955 1409 1060 1482; x_wconf 78' lang='grc' dir='ltr'>οὑχ</span> <span class='ocrx_word' id='word_1_104' title='bbox 1089 1410 1240 1474; x_wconf 74' lang='grc' dir='ltr'>ἔξειςο</span> <span class='ocrx_word' id='word_1_105' title='bbox 1291 1407 1535 1482; x_wconf 76' lang='grc' dir='ltr'>Κήδομαι</span> <span class='ocrx_word' id='word_1_106' title='bbox 1583 1411 1683 1483; x_wconf 85' lang='grc' dir='ltr'>γάρ</span> <span class='ocrx_word' id='word_1_107' title='bbox 1735 1427 1829 1460; x_wconf 90' lang='grc' dir='ltr'>σου</span> 
     </span>
    </p>
   </div>
   <div class='ocr_carea' id='block_1_17' title="bbox 229 1494 1829 1570">
    <p class='ocr_par' dir='ltr' id='par_1_17' title="bbox 229 1494 1829 1570">
     <span class='ocr_line' id='line_1_17' title="bbox 229 1494 1829 1570; baseline 0.001 -25"><span class='ocrx_word' id='word_1_108' title='bbox 229 1498 320 1546; x_wconf 91' lang='lat' dir='ltr'>xui</span> <span class='ocrx_word' id='word_1_109' title='bbox 348 1502 446 1556; x_wconf 82' lang='grc' dir='ltr'>τῆς</span> <span class='ocrx_word' id='word_1_110' title='bbox 484 1494 717 1566; x_wconf 74' lang='grc' dir='ltr'>εὐγενοῦς</span> <span class='ocrx_word' id='word_1_111' title='bbox 759 1498 911 1570; x_wconf 83' lang='grc' dir='ltr'>ὧρας,</span> <span class='ocrx_word' id='word_1_112' title='bbox 953 1503 1043 1551; x_wconf 84' lang='grc' dir='ltr'>καὶ</span> <span class='ocrx_word' id='word_1_113' title='bbox 1088 1506 1177 1559; x_wconf 82' lang='grc' dir='ltr'>τῆς</span> <span class='ocrx_word' id='word_1_114' title='bbox 1224 1503 1461 1560; x_wconf 88' lang='grc' dir='ltr'>νεότητος</span> <span class='ocrx_word' id='word_1_115' title='bbox 1509 1496 1679 1550; x_wconf 84' lang='grc' dir='ltr'>οἶκτον</span> <span class='ocrx_word' id='word_1_116' title='bbox 1720 1498 1829 1567; x_wconf 79' lang='grc' dir='ltr'>ἔχω</span> 
     </span>
    </p>
   </div>
   <div class='ocr_carea' id='block_1_18' title="bbox 228 1580 1829 1659">
    <p class='ocr_par' dir='ltr' id='par_1_18' title="bbox 228 1580 1829 1659">
     <span class='ocr_line' id='line_1_18' title="bbox 228 1580 1829 1659; baseline 0.001 -26"><span class='ocrx_word' id='word_1_117' title='bbox 228 1582 407 1646; x_wconf 83' lang='grc' dir='ltr'>πολύν,</span> <span class='ocrx_word' id='word_1_118' title='bbox 465 1589 552 1635; x_wconf 85' lang='grc' dir='ltr'>καὶ</span> <span class='ocrx_word' id='word_1_119' title='bbox 609 1582 868 1656; x_wconf 84' lang='grc' dir='ltr'>βούλομαί</span> <span class='ocrx_word' id='word_1_120' title='bbox 924 1606 982 1639; x_wconf 81' lang='grc' dir='ltr'>σε</span> <span class='ocrx_word' id='word_1_121' title='bbox 1035 1587 1130 1659; x_wconf 78' lang='grc' dir='ltr'>ζῇν</span> <span class='ocrx_word' id='word_1_122' title='bbox 1174 1587 1362 1659; x_wconf 84' lang='grc' dir='ltr'>μᾶλλον</span> <span class='ocrx_word' id='word_1_123' title='bbox 1393 1590 1423 1645; x_wconf 77' lang='grc' dir='ltr'><strong>ἦ</strong></span> <span class='ocrx_word' id='word_1_124' title='bbox 1460 1587 1660 1656; x_wconf 81' lang='grc' dir='ltr'>θανάτῳ</span> <span class='ocrx_word' id='word_1_125' title='bbox 1706 1580 1829 1636; x_wconf 88' lang='grc' dir='ltr'>δια-</span> 
     </span>
    </p>
   </div>
   <div class='ocr_carea' id='block_1_19' title="bbox 230 1671 1825 1748">
    <p class='ocr_par' dir='ltr' id='par_1_19' title="bbox 230 1671 1825 1748">
     <span class='ocr_line' id='line_1_19' title="bbox 230 1671 1825 1748; baseline 0.001 -25"><span class='ocrx_word' id='word_1_126' title='bbox 230 1671 490 1744; x_wconf 72' lang='grc' dir='ltr'>φθαρῆναι</span> <span class='ocrx_word' id='word_1_127' title='bbox 526 1682 714 1748; x_wconf 85' lang='grc' dir='ltr'>πικρῷ.</span> <span class='ocrx_word' id='word_1_128' title='bbox 777 1674 954 1737; x_wconf 84' lang='grc' dir='ltr'>Οὑτως</span> <span class='ocrx_word' id='word_1_129' title='bbox 1014 1676 1148 1728; x_wconf 82' lang='grc' dir='ltr'>εἶπεν</span> <span class='ocrx_word' id='word_1_130' title='bbox 1198 1677 1224 1728; x_wconf 92' lang='lat'>6</span> <span class='ocrx_word' id='word_1_131' title='bbox 1277 1674 1542 1747; x_wconf 74' lang='grc' dir='ltr'>βασιλεὺς,</span> <span class='ocrx_word' id='word_1_132' title='bbox 1596 1680 1825 1742; x_wconf 86' lang='grc' dir='ltr'>Μαγνεν-</span> 
     </span>
    </p>
   </div>
   <div class='ocr_carea' id='block_1_20' title="bbox 226 1760 1825 1837">
    <p class='ocr_par' dir='ltr' id='par_1_20' title="bbox 226 1760 1825 1837">
     <span class='ocr_line' id='line_1_20' title="bbox 226 1760 1825 1837; baseline 0.001 -27"><span class='ocrx_word' id='word_1_133' title='bbox 226 1776 321 1831; x_wconf 84' lang='grc' dir='ltr'>τιῳ</span> <span class='ocrx_word' id='word_1_134' title='bbox 368 1768 441 1830; x_wconf 80' lang='grc' dir='ltr'>τῷ</span> <span class='ocrx_word' id='word_1_135' title='bbox 502 1760 631 1833; x_wconf 73' lang='grc' dir='ltr'>φίλῳ</span> <span class='ocrx_word' id='word_1_136' title='bbox 682 1766 934 1826; x_wconf 78' lang='grc' dir='ltr'>πεισθεὶς,</span> <span class='ocrx_word' id='word_1_137' title='bbox 966 1764 1197 1837; x_wconf 80' lang='grc' dir='ltr'>εἰρηκότι</span> <span class='ocrx_word' id='word_1_138' title='bbox 1226 1769 1319 1823; x_wconf 79' lang='grc' dir='ltr'>τήν</span> <span class='ocrx_word' id='word_1_139' title='bbox 1364 1763 1603 1835; x_wconf 80' lang='grc' dir='ltr'>ἐσχάτην</span> <span class='ocrx_word' id='word_1_140' title='bbox 1632 1764 1825 1819; x_wconf 79' lang='grc' dir='ltr'>ταύτην</span> 
     </span>
    </p>
   </div>
   <div class='ocr_carea' id='block_1_21' title="bbox 232 1848 1825 1926">
    <p class='ocr_par' dir='ltr' id='par_1_21' title="bbox 232 1848 1825 1926">
     <span class='ocr_line' id='line_1_21' title="bbox 232 1848 1825 1926; baseline 0.002 -27"><span class='ocrx_word' id='word_1_141' title='bbox 232 1850 364 1921; x_wconf 88' lang='grc' dir='ltr'>πρὸς</span> <span class='ocrx_word' id='word_1_142' title='bbox 416 1852 504 1901; x_wconf 86' lang='grc' dir='ltr'>τόν</span> <span class='ocrx_word' id='word_1_143' title='bbox 546 1848 727 1922; x_wconf 78' lang='grc' dir='ltr'>’Λγιον</span> <span class='ocrx_word' id='word_1_144' title='bbox 780 1852 1007 1920; x_wconf 82' lang='grc' dir='ltr'>ὁμιλίαν,</span> <span class='ocrx_word' id='word_1_145' title='bbox 1061 1857 1131 1916; x_wconf 86' lang='grc' dir='ltr'>ὡς</span> <span class='ocrx_word' id='word_1_146' title='bbox 1187 1855 1293 1907; x_wconf 82' lang='grc' dir='ltr'>οἶόν</span> <span class='ocrx_word' id='word_1_147' title='bbox 1347 1872 1399 1907; x_wconf 91' lang='grc' dir='ltr'>τε</span> <span class='ocrx_word' id='word_1_148' title='bbox 1452 1854 1825 1926; x_wconf 81' lang='grc' dir='ltr'>θεραπευτικήν</span> 
     </span>
    </p>
   </div>
   <div class='ocr_carea' id='block_1_22' title="bbox 225 1937 1824 2015">
    <p class='ocr_par' dir='ltr' id='par_1_22' title="bbox 225 1937 1824 2015">
     <span class='ocr_line' id='line_1_22' title="bbox 225 1937 1824 2015; baseline 0.003 -28"><span class='ocrx_word' id='word_1_149' title='bbox 225 1938 578 1995; x_wconf 83' lang='grc' dir='ltr'>ποιήσασθαι.</span> <span class='ocrx_word' id='word_1_150' title='bbox 640 1939 699 1991; x_wconf 90' lang='grc' dir='ltr'><strong>Ὀ</strong></span> <span class='ocrx_word' id='word_1_151' title='bbox 748 1937 806 1993; x_wconf 74' lang='grc' dir='ltr'>δε</span> <span class='ocrx_word' id='word_1_152' title='bbox 853 1944 1054 2015; x_wconf 83' lang='grc' dir='ltr'>μάρτυς</span> <span class='ocrx_word' id='word_1_153' title='bbox 1111 1942 1446 2015; x_wconf 78' lang='grc' dir='ltr'>εὐπρόσωπον</span> <span class='ocrx_word' id='word_1_154' title='bbox 1489 1942 1662 2011; x_wconf 82' lang='grc' dir='ltr'>ὥσπερ</span> <span class='ocrx_word' id='word_1_155' title='bbox 1730 1943 1824 1997; x_wconf 75' lang='grc' dir='ltr'>τὴν</span> 
     </span>
    </p>
   </div>
   <div class='ocr_carea' id='block_1_23' title="bbox 225 2020 1829 2106">
    <p class='ocr_par' dir='ltr' id='par_1_23' title="bbox 225 2020 1829 2106">
     <span class='ocr_line' id='line_1_23' title="bbox 225 2020 1829 2106; baseline 0.003 -32"><span class='ocrx_word' id='word_1_156' title='bbox 225 2020 506 2095; x_wconf 82' lang='grc' dir='ltr'>ἀπολογίαν</span> <span class='ocrx_word' id='word_1_157' title='bbox 564 2029 786 2082; x_wconf 70' lang='grc' dir='ltr'>ἐντεῦθεν</span> <span class='ocrx_word' id='word_1_158' title='bbox 838 2032 1017 2105; x_wconf 84' lang='grc' dir='ltr'>εὑρών·</span> <span class='ocrx_word' id='word_1_159' title='bbox 1077 2032 1135 2085; x_wconf 83' lang='grc' dir='ltr'>Εἰ</span> <span class='ocrx_word' id='word_1_160' title='bbox 1185 2039 1409 2106; x_wconf 87' lang='grc' dir='ltr'>πρῶτον,</span> <span class='ocrx_word' id='word_1_161' title='bbox 1461 2031 1578 2102; x_wconf 77' lang='grc' dir='ltr'>ἔφη,</span> <span class='ocrx_word' id='word_1_162' title='bbox 1663 2034 1829 2080; x_wconf 84' lang='grc' dir='ltr'>ταῦτα</span> 
     </span>
    </p>
   </div>
   <div class='ocr_carea' id='block_1_24' title="bbox 215 2108 1829 2194">
    <p class='ocr_par' dir='ltr' id='par_1_24' title="bbox 215 2108 1829 2194">
     <span class='ocr_line' id='line_1_24' title="bbox 215 2108 1829 2194; baseline 0.005 -32"><span class='ocrx_word' id='word_1_163' title='bbox 215 2108 407 2183; x_wconf 69' lang='grc' dir='ltr'>ἔλεγες,</span> <span class='ocrx_word' id='word_1_164' title='bbox 456 2111 600 2186; x_wconf 88' lang='grc' dir='ltr'>εἶχον</span> <span class='ocrx_word' id='word_1_165' title='bbox 643 2117 704 2168; x_wconf 80' lang='grc' dir='ltr'>ἄν</span> <span class='ocrx_word' id='word_1_166' title='bbox 758 2123 847 2171; x_wconf 91' lang='lat' dir='ltr'>xui</span> <span class='ocrx_word' id='word_1_167' title='bbox 893 2126 1076 2194; x_wconf 79' lang='grc' dir='ltr'>χώραν</span> <span class='ocrx_word' id='word_1_168' title='bbox 1129 2122 1178 2173; x_wconf 83' lang='grc' dir='ltr'>οἱ</span> <span class='ocrx_word' id='word_1_169' title='bbox 1230 2119 1396 2190; x_wconf 71' lang='grc' dir='ltr'>λόγου</span> <span class='ocrx_word' id='word_1_170' title='bbox 1447 2125 1534 2170; x_wconf 89' lang='grc' dir='ltr'>νῦν</span> <span class='ocrx_word' id='word_1_171' title='bbox 1584 2114 1644 2170; x_wconf 78' lang='grc' dir='ltr'>δὲ</span> <span class='ocrx_word' id='word_1_172' title='bbox 1697 2136 1829 2189; x_wconf 83' lang='grc' dir='ltr'>μετα</span> 
     </span>
    </p>
   </div>
   <div class='ocr_carea' id='block_1_25' title="bbox 219 2203 1826 2280">
    <p class='ocr_par' dir='ltr' id='par_1_25' title="bbox 219 2203 1826 2280">
     <span class='ocr_line' id='line_1_25' title="bbox 219 2203 1826 2280; baseline 0.005 -30"><span class='ocrx_word' id='word_1_173' title='bbox 219 2203 481 2264; x_wconf 81' lang='grc' dir='ltr'>τοσαύτας</span> <span class='ocrx_word' id='word_1_174' title='bbox 512 2203 706 2270; x_wconf 89' lang='grc' dir='ltr'>αἰκίας,</span> <span class='ocrx_word' id='word_1_175' title='bbox 757 2209 896 2280; x_wconf 81' lang='grc' dir='ltr'>εἰπερ</span> <span class='ocrx_word' id='word_1_176' title='bbox 954 2203 1021 2266; x_wconf 81' lang='grc' dir='ltr'>δή</span> <span class='ocrx_word' id='word_1_177' title='bbox 1082 2212 1173 2259; x_wconf 90' lang='lat' dir='ltr'>xui</span> <span class='ocrx_word' id='word_1_178' title='bbox 1229 2209 1586 2279; x_wconf 87' lang='grc' dir='ltr'>πεισθείημεν,</span> <span class='ocrx_word' id='word_1_179' title='bbox 1634 2210 1686 2259; x_wconf 90' lang='grc' dir='ltr'>τί</span> <span class='ocrx_word' id='word_1_180' title='bbox 1764 2206 1826 2257; x_wconf 82' lang='grc' dir='ltr'>ἄν</span> 
     </span>
    </p>
   </div>
   <div class='ocr_carea' id='block_1_26' title="bbox 214 2288 1825 2367">
    <p class='ocr_par' dir='ltr' id='par_1_26' title="bbox 214 2288 1825 2367">
     <span class='ocr_line' id='line_1_26' title="bbox 214 2288 1825 2367; baseline 0.005 -29"><span class='ocrx_word' id='word_1_181' title='bbox 214 2296 378 2340; x_wconf 88' lang='grc' dir='ltr'>ποιῶν</span> <span class='ocrx_word' id='word_1_182' title='bbox 436 2288 826 2364; x_wconf 67' lang='grc' dir='ltr'>ἀναμετρήσεις</span> <span class='ocrx_word' id='word_1_183' title='bbox 876 2296 944 2347; x_wconf 86' lang='grc' dir='ltr'>τὰ</span> <span class='ocrx_word' id='word_1_184' title='bbox 993 2294 1206 2367; x_wconf 89' lang='grc' dir='ltr'>λυπηρά</span> <span class='ocrx_word' id='word_1_185' title='bbox 1240 2312 1253 2361; x_wconf 90' lang='grc'>;</span> <span class='ocrx_word' id='word_1_186' title='bbox 1291 2302 1456 2349; x_wconf 86' lang='grc' dir='ltr'>Τοῦτο</span> <span class='ocrx_word' id='word_1_187' title='bbox 1504 2293 1713 2359; x_wconf 74' lang='grc' dir='ltr'>ἐκεῖνος,</span> <span class='ocrx_word' id='word_1_188' title='bbox 1761 2297 1825 2355; x_wconf 85' lang='grc' dir='ltr'>ὡς</span> 
     </span>
    </p>
   </div>
   <div class='ocr_carea' id='block_1_27' title="bbox 214 2374 1823 2458">
    <p class='ocr_par' dir='ltr' id='par_1_27' title="bbox 214 2374 1823 2458">
     <span class='ocr_line' id='line_1_27' title="bbox 214 2374 1823 2458; baseline 0.004 -30"><span class='ocrx_word' id='word_1_189' title='bbox 214 2374 428 2447; x_wconf 73' lang='grc' dir='ltr'>ἕρμαιόν</span> <span class='ocrx_word' id='word_1_190' title='bbox 476 2398 527 2432; x_wconf 90' lang='grc' dir='ltr'>τι</span> <span class='ocrx_word' id='word_1_191' title='bbox 560 2384 655 2433; x_wconf 83' lang='grc' dir='ltr'>σὺν</span> <span class='ocrx_word' id='word_1_192' title='bbox 697 2379 860 2454; x_wconf 68' lang='grc' dir='ltr'>ἡδονῇ</span> <span class='ocrx_word' id='word_1_193' title='bbox 894 2383 1128 2454; x_wconf 87' lang='grc' dir='ltr'>μάλιστα</span> <span class='ocrx_word' id='word_1_194' title='bbox 1157 2380 1484 2458; x_wconf 86' lang='grc' dir='ltr'>διαρπάσας,</span> <span class='ocrx_word' id='word_1_195' title='bbox 1515 2384 1602 2436; x_wconf 80' lang='grc' dir='ltr'>ἅτε</span> <span class='ocrx_word' id='word_1_196' title='bbox 1633 2379 1701 2441; x_wconf 81' lang='grc' dir='ltr'>δὴ</span> <span class='ocrx_word' id='word_1_197' title='bbox 1735 2387 1823 2435; x_wconf 87' lang='lat' dir='ltr'>xui</span> 
     </span>
    </p>
   </div>
   <div class='ocr_carea' id='block_1_28' title="bbox 214 2461 1819 2545">
    <p class='ocr_par' dir='ltr' id='par_1_28' title="bbox 214 2461 1819 2545">
     <span class='ocr_line' id='line_1_28' title="bbox 214 2461 1819 2545; baseline 0.006 -30"><span class='ocrx_word' id='word_1_198' title='bbox 214 2461 406 2519; x_wconf 80' lang='grc' dir='ltr'>έλπίδα</span> <span class='ocrx_word' id='word_1_199' title='bbox 457 2470 573 2521; x_wconf 81' lang='grc' dir='ltr'>τινὰ</span> <span class='ocrx_word' id='word_1_200' title='bbox 622 2477 713 2523; x_wconf 89' lang='grc' dir='ltr'>τοῦ</span> <span class='ocrx_word' id='word_1_201' title='bbox 765 2473 1151 2530; x_wconf 84' lang='grc' dir='ltr'>πεισθήσεσθαι</span> <span class='ocrx_word' id='word_1_202' title='bbox 1201 2474 1515 2545; x_wconf 77' lang='grc' dir='ltr'>ὑποφαίνων,</span> <span class='ocrx_word' id='word_1_203' title='bbox 1580 2470 1668 2532; x_wconf 83' lang='grc' dir='ltr'>Ὠς</span> <span class='ocrx_word' id='word_1_204' title='bbox 1719 2491 1819 2524; x_wconf 86' lang='grc' dir='ltr'>πα-</span> 
     </span>
    </p>
   </div>
   <div class='ocr_carea' id='block_1_29' title="bbox 210 2557 1818 2633">
    <p class='ocr_par' dir='ltr' id='par_1_29' title="bbox 210 2557 1818 2633">
     <span class='ocr_line' id='line_1_29' title="bbox 210 2557 1818 2633; baseline 0.006 -29"><span class='ocrx_word' id='word_1_205' title='bbox 210 2558 322 2627; x_wconf 78' lang='grc' dir='ltr'>τρὶ,</span> <span class='ocrx_word' id='word_1_206' title='bbox 379 2557 493 2628; x_wconf 74' lang='grc' dir='ltr'>ἔφη,</span> <span class='ocrx_word' id='word_1_207' title='bbox 540 2563 710 2611; x_wconf 87' lang='grc' dir='ltr'>τέκνον</span> <span class='ocrx_word' id='word_1_208' title='bbox 780 2560 1099 2632; x_wconf 75' lang='grc' dir='ltr'>φιλούμενον,</span> <span class='ocrx_word' id='word_1_209' title='bbox 1155 2563 1323 2615; x_wconf 82' lang='grc' dir='ltr'>ταῦτά</span> <span class='ocrx_word' id='word_1_210' title='bbox 1379 2580 1469 2633; x_wconf 91' lang='grc' dir='ltr'>μοι</span> <span class='ocrx_word' id='word_1_211' title='bbox 1524 2561 1670 2632; x_wconf 72' lang='grc' dir='ltr'>ἄφες,</span> <span class='ocrx_word' id='word_1_212' title='bbox 1728 2562 1818 2610; x_wconf 79' lang='grc' dir='ltr'>καὶ</span> 
     </span>
    </p>
   </div>
   <div class='ocr_carea' id='block_1_30' title="bbox 1944 517 3584 587">
    <p class='ocr_par' dir='ltr' id='par_1_30' title="bbox 1944 517 3584 587">
     <span class='ocr_line' id='line_1_30' title="bbox 1944 517 3584 587; baseline -0.001 -9"><span class='ocrx_word' id='word_1_213' title='bbox 1944 517 2153 578; x_wconf 86' lang='lat' dir='ltr'>tudine</span> <span class='ocrx_word' id='word_1_214' title='bbox 2181 519 2241 574; x_wconf 91' lang='lat' dir='ltr'>in</span> <span class='ocrx_word' id='word_1_215' title='bbox 2269 535 2499 577; x_wconf 86' lang='lat' dir='ltr'>carcere</span> <span class='ocrx_word' id='word_1_216' title='bbox 2529 520 2796 578; x_wconf 86' lang='lat' dir='ltr'>obsideri</span> <span class='ocrx_word' id='word_1_217' title='bbox 2834 536 2902 576; x_wconf 91' lang='lat' dir='ltr'>ac</span> <span class='ocrx_word' id='word_1_218' title='bbox 2940 519 3121 575; x_wconf 89' lang='lat' dir='ltr'><strong>ﬁdem</strong></span> <span class='ocrx_word' id='word_1_219' title='bbox 3180 525 3429 587; x_wconf 90' lang='lat' dir='ltr'><strong>mutare,</strong></span> <span class='ocrx_word' id='word_1_220' title='bbox 3479 519 3584 576; x_wconf 70' lang='lat' dir='ltr'><strong>iraa</strong></span> 
     </span>
    </p>
   </div>
   <div class='ocr_carea' id='block_1_31' title="bbox 1944 606 3583 678">
    <p class='ocr_par' dir='ltr' id='par_1_31' title="bbox 1944 606 3583 678">
     <span class='ocr_line' id='line_1_31' title="bbox 1944 606 3583 678; baseline 0.002 -17"><span class='ocrx_word' id='word_1_221' title='bbox 1944 606 2281 676; x_wconf 84' lang='lat' dir='ltr'>impatiens,</span> <span class='ocrx_word' id='word_1_222' title='bbox 2315 608 2499 664; x_wconf 89' lang='lat' dir='ltr'><strong>virum</strong></span> <span class='ocrx_word' id='word_1_223' title='bbox 2529 614 2803 664; x_wconf 91' lang='lat' dir='ltr'><strong>sanctum</strong></span> <span class='ocrx_word' id='word_1_224' title='bbox 2833 607 3140 663; x_wconf 85' lang='lat' dir='ltr'>arcessivit</span> <span class='ocrx_word' id='word_1_225' title='bbox 3162 607 3299 678; x_wconf 84' lang='lat' dir='ltr'>pelli</span> <span class='ocrx_word' id='word_1_226' title='bbox 3330 607 3583 665; x_wconf 64' lang='lat' dir='ltr'><strong>leoninis</strong></span> 
     </span>
    </p>
   </div>
   <div class='ocr_carea' id='block_1_32' title="bbox 1946 695 3581 769">
    <p class='ocr_par' dir='ltr' id='par_1_32' title="bbox 1946 695 3581 769">
     <span class='ocr_line' id='line_1_32' title="bbox 1946 695 3581 769; baseline 0.002 -19"><span class='ocrx_word' id='word_1_227' title='bbox 1946 695 2256 767; x_wconf 82' lang='lat' dir='ltr'>vulpinam</span> <span class='ocrx_word' id='word_1_228' title='bbox 2287 697 2714 768; x_wconf 88' lang='lat' dir='ltr'><strong>superaddens,</strong></span> <span class='ocrx_word' id='word_1_229' title='bbox 2758 701 2814 753; x_wconf 90' lang='lat' dir='ltr'>et</span> <span class='ocrx_word' id='word_1_230' title='bbox 2839 697 3366 753; x_wconf 87' lang='lat' dir='ltr'>mansuetudinem</span> <span class='ocrx_word' id='word_1_231' title='bbox 3395 713 3581 769; x_wconf 91' lang='lat' dir='ltr'><strong>quam</strong></span> 
     </span>
    </p>
   </div>
   <div class='ocr_carea' id='block_1_33' title="bbox 1940 782 3582 857">
    <p class='ocr_par' dir='ltr' id='par_1_33' title="bbox 1940 782 3582 857">
     <span class='ocr_line' id='line_1_33' title="bbox 1940 782 3582 857; baseline 0.003 -20"><span class='ocrx_word' id='word_1_232' title='bbox 1940 782 2103 839; x_wconf 91' lang='lat' dir='ltr'><strong>intus</strong></span> <span class='ocrx_word' id='word_1_233' title='bbox 2154 799 2535 857; x_wconf 87' lang='lat' dir='ltr'><strong>nequaquam</strong></span> <span class='ocrx_word' id='word_1_234' title='bbox 2591 785 2899 852; x_wconf 84' lang='lat' dir='ltr'>sentiebat,</span> <span class='ocrx_word' id='word_1_235' title='bbox 2955 784 3242 841; x_wconf 85' lang='lat' dir='ltr'><strong>simulans</strong></span> <span class='ocrx_word' id='word_1_236' title='bbox 3285 785 3457 841; x_wconf 87' lang='lat' dir='ltr'><strong>dulce</strong></span> <span class='ocrx_word' id='word_1_237' title='bbox 3511 801 3582 842; x_wconf 85' lang='lat' dir='ltr'>ac</span> 
     </span>
    </p>
   </div>
   <div class='ocr_carea' id='block_1_34' title="bbox 1942 873 3581 946">
    <p class='ocr_par' dir='ltr' id='par_1_34' title="bbox 1942 873 3581 946">
     <span class='ocr_line' id='line_1_34' title="bbox 1942 873 3581 946; baseline 0.002 -19"><span class='ocrx_word' id='word_1_238' title='bbox 1942 873 2201 928; x_wconf 81' lang='lat' dir='ltr'><strong>suaviter</strong></span> <span class='ocrx_word' id='word_1_239' title='bbox 2227 890 2240 929; x_wconf 91' lang='lat'>:</span> <span class='ocrx_word' id='word_1_240' title='bbox 2269 876 2374 930; x_wconf 90' lang='lat' dir='ltr'><strong>Per</strong></span> <span class='ocrx_word' id='word_1_241' title='bbox 2400 874 2565 941; x_wconf 90' lang='lat' dir='ltr'><strong>deos,</strong></span> <span class='ocrx_word' id='word_1_242' title='bbox 2596 874 2805 946; x_wconf 88' lang='lat' dir='ltr'><strong>inquit,</strong></span> <span class='ocrx_word' id='word_1_243' title='bbox 2841 874 2888 929; x_wconf 90' lang='lat' dir='ltr'>si</span> <span class='ocrx_word' id='word_1_244' title='bbox 2919 889 3015 929; x_wconf 93' lang='lat' dir='ltr'>me</span> <span class='ocrx_word' id='word_1_245' title='bbox 3040 873 3234 940; x_wconf 88' lang='lat' dir='ltr'>audis,</span> <span class='ocrx_word' id='word_1_246' title='bbox 3266 873 3492 944; x_wconf 84' lang='lat' dir='ltr'>Georgi,</span> <span class='ocrx_word' id='word_1_247' title='bbox 3525 878 3581 930; x_wconf 89' lang='lat' dir='ltr'>et</span> 
     </span>
    </p>
   </div>
   <div class='ocr_carea' id='block_1_35' title="bbox 1934 961 3582 1033">
    <p class='ocr_par' dir='ltr' id='par_1_35' title="bbox 1934 961 3582 1033">
     <span class='ocr_line' id='line_1_35' title="bbox 1934 961 3582 1033; baseline 0.001 -16"><span class='ocrx_word' id='word_1_248' title='bbox 1934 961 2052 1017; x_wconf 85' lang='lat' dir='ltr'><strong>diis</strong></span> <span class='ocrx_word' id='word_1_249' title='bbox 2078 962 2401 1029; x_wconf 88' lang='lat' dir='ltr'><strong>sacriﬁcas,</strong></span> <span class='ocrx_word' id='word_1_250' title='bbox 2435 979 2739 1019; x_wconf 90' lang='lat' dir='ltr'><strong>summum</strong></span> <span class='ocrx_word' id='word_1_251' title='bbox 2772 964 3065 1019; x_wconf 89' lang='lat' dir='ltr'><strong>bonorum</strong></span> <span class='ocrx_word' id='word_1_252' title='bbox 3090 961 3404 1029; x_wconf 88' lang='lat' dir='ltr'>obtinebis,</span> <span class='ocrx_word' id='word_1_253' title='bbox 3436 977 3582 1033; x_wconf 89' lang='lat' dir='ltr'><strong>opes</strong></span> 
     </span>
    </p>
   </div>
   <div class='ocr_carea' id='block_1_36' title="bbox 1938 1050 3583 1121">
    <p class='ocr_par' dir='ltr' id='par_1_36' title="bbox 1938 1050 3583 1121">
     <span class='ocr_line' id='line_1_36' title="bbox 1938 1050 3583 1121; baseline -0.001 -14"><span class='ocrx_word' id='word_1_254' title='bbox 1938 1066 2194 1121; x_wconf 87' lang='lat' dir='ltr'><strong>magnas</strong></span> <span class='ocrx_word' id='word_1_255' title='bbox 2222 1052 2580 1108; x_wconf 91' lang='lat' dir='ltr'><strong>nancisceris</strong></span> <span class='ocrx_word' id='word_1_256' title='bbox 2597 1068 2665 1107; x_wconf 86' lang='lat' dir='ltr'><strong>ac</strong></span> <span class='ocrx_word' id='word_1_257' title='bbox 2686 1051 2981 1108; x_wconf 89' lang='lat' dir='ltr'><strong>secundos</strong></span> <span class='ocrx_word' id='word_1_258' title='bbox 3001 1050 3061 1106; x_wconf 92' lang='lat' dir='ltr'>in</span> <span class='ocrx_word' id='word_1_259' title='bbox 3081 1050 3350 1121; x_wconf 91' lang='lat' dir='ltr'><strong>imperio,</strong></span> <span class='ocrx_word' id='word_1_260' title='bbox 3370 1054 3583 1121; x_wconf 73' lang='lat' dir='ltr'><strong>praeter</strong></span> 
     </span>
    </p>
   </div>
   <div class='ocr_carea' id='block_1_37' title="bbox 1940 1138 3582 1211">
    <p class='ocr_par' dir='ltr' id='par_1_37' title="bbox 1940 1138 3582 1211">
     <span class='ocr_line' id='line_1_37' title="bbox 1940 1138 3582 1211; baseline -0.002 -15"><span class='ocrx_word' id='word_1_261' title='bbox 1940 1155 2054 1207; x_wconf 84' lang='lat' dir='ltr'>me,</span> <span class='ocrx_word' id='word_1_262' title='bbox 2096 1140 2353 1196; x_wconf 85' lang='lat' dir='ltr'><strong>honores</strong></span> <span class='ocrx_word' id='word_1_263' title='bbox 2396 1139 2762 1211; x_wconf 88' lang='lat' dir='ltr'><strong>adipisceris.</strong></span> <span class='ocrx_word' id='word_1_264' title='bbox 2815 1140 3039 1196; x_wconf 87' lang='lat' dir='ltr'><strong>Miseret</strong></span> <span class='ocrx_word' id='word_1_265' title='bbox 3067 1138 3226 1195; x_wconf 91' lang='lat' dir='ltr'><strong>enim</strong></span> <span class='ocrx_word' id='word_1_266' title='bbox 3276 1154 3370 1194; x_wconf 92' lang='lat' dir='ltr'>me</span> <span class='ocrx_word' id='word_1_267' title='bbox 3402 1138 3484 1193; x_wconf 92' lang='lat' dir='ltr'>tui</span> <span class='ocrx_word' id='word_1_268' title='bbox 3523 1142 3582 1194; x_wconf 85' lang='lat' dir='ltr'>et</span> 
     </span>
    </p>
   </div>
   <div class='ocr_carea' id='block_1_38' title="bbox 1940 1227 3579 1299">
    <p class='ocr_par' dir='ltr' id='par_1_38' title="bbox 1940 1227 3579 1299">
     <span class='ocr_line' id='line_1_38' title="bbox 1940 1227 3579 1299; baseline 0.002 -18"><span class='ocrx_word' id='word_1_269' title='bbox 1940 1227 2394 1299; x_wconf 87' lang='lat' dir='ltr'><strong>pulchritudinis</strong></span> <span class='ocrx_word' id='word_1_270' title='bbox 2416 1232 2532 1283; x_wconf 67' lang='lat' dir='ltr'>tum</span> <span class='ocrx_word' id='word_1_271' title='bbox 2545 1233 2600 1283; x_wconf 91' lang='lat' dir='ltr'>et</span> <span class='ocrx_word' id='word_1_272' title='bbox 2613 1227 3032 1283; x_wconf 71' lang='lat' dir='ltr'><strong>adolescentiaa</strong></span> <span class='ocrx_word' id='word_1_273' title='bbox 3045 1231 3282 1296; x_wconf 84' lang='lat' dir='ltr'><strong>tenerae,</strong></span> <span class='ocrx_word' id='word_1_274' title='bbox 3296 1242 3366 1283; x_wconf 92' lang='lat' dir='ltr'><strong>ac</strong></span> <span class='ocrx_word' id='word_1_275' title='bbox 3387 1227 3579 1284; x_wconf 87' lang='lat' dir='ltr'><strong>vivere</strong></span> 
     </span>
    </p>
   </div>
   <div class='ocr_carea' id='block_1_39' title="bbox 1940 1315 3580 1387">
    <p class='ocr_par' dir='ltr' id='par_1_39' title="bbox 1940 1315 3580 1387">
     <span class='ocr_line' id='line_1_39' title="bbox 1940 1315 3580 1387; baseline 0.001 -17"><span class='ocrx_word' id='word_1_276' title='bbox 1940 1320 1994 1371; x_wconf 90' lang='lat' dir='ltr'>te</span> <span class='ocrx_word' id='word_1_277' title='bbox 2023 1331 2210 1387; x_wconf 87' lang='lat' dir='ltr'><strong>quam</strong></span> <span class='ocrx_word' id='word_1_278' title='bbox 2237 1317 2447 1373; x_wconf 89' lang='lat' dir='ltr'><strong>acerba</strong></span> <span class='ocrx_word' id='word_1_279' title='bbox 2495 1321 2684 1371; x_wconf 88' lang='lat' dir='ltr'><strong>morte</strong></span> <span class='ocrx_word' id='word_1_280' title='bbox 2716 1319 2904 1387; x_wconf 90' lang='lat' dir='ltr'><strong>perire</strong></span> <span class='ocrx_word' id='word_1_281' title='bbox 2946 1316 3127 1371; x_wconf 92' lang='lat' dir='ltr'><strong>malo.</strong></span> <span class='ocrx_word' id='word_1_282' title='bbox 3160 1315 3319 1372; x_wconf 86' lang='lat' dir='ltr'><strong><em>Talia</em></strong></span> <span class='ocrx_word' id='word_1_283' title='bbox 3347 1315 3580 1371; x_wconf 89' lang='lat' dir='ltr'><strong>locutus</strong></span> 
     </span>
    </p>
   </div>
   <div class='ocr_carea' id='block_1_40' title="bbox 1939 1403 3578 1477">
    <p class='ocr_par' dir='ltr' id='par_1_40' title="bbox 1939 1403 3578 1477">
     <span class='ocr_line' id='line_1_40' title="bbox 1939 1403 3578 1477; baseline -0.001 -18"><span class='ocrx_word' id='word_1_284' title='bbox 1939 1409 2028 1459; x_wconf 89' lang='lat' dir='ltr'>est</span> <span class='ocrx_word' id='word_1_285' title='bbox 2076 1404 2419 1477; x_wconf 88' lang='lat' dir='ltr'><strong>imperator,</strong></span> <span class='ocrx_word' id='word_1_286' title='bbox 2453 1404 2769 1475; x_wconf 81' lang='lat' dir='ltr'><strong>instigante</strong></span> <span class='ocrx_word' id='word_1_287' title='bbox 2800 1404 2995 1461; x_wconf 92' lang='lat' dir='ltr'><strong>amico</strong></span> <span class='ocrx_word' id='word_1_288' title='bbox 3028 1404 3385 1473; x_wconf 82' lang='lat' dir='ltr'><strong>Magnentio,</strong></span> <span class='ocrx_word' id='word_1_289' title='bbox 3420 1403 3578 1459; x_wconf 84' lang='lat' dir='ltr'><strong>afﬁr-</strong></span> 
     </span>
    </p>
   </div>
   <div class='ocr_carea' id='block_1_41' title="bbox 1940 1491 3579 1563">
    <p class='ocr_par' dir='ltr' id='par_1_41' title="bbox 1940 1491 3579 1563">
     <span class='ocr_line' id='line_1_41' title="bbox 1940 1491 3579 1563; baseline 0.001 -16"><span class='ocrx_word' id='word_1_290' title='bbox 1940 1496 2161 1558; x_wconf 90' lang='lat' dir='ltr'><strong>mante,</strong></span> <span class='ocrx_word' id='word_1_291' title='bbox 2194 1494 2307 1549; x_wconf 89' lang='lat' dir='ltr'>hac</span> <span class='ocrx_word' id='word_1_292' title='bbox 2349 1495 2578 1550; x_wconf 89' lang='lat' dir='ltr'><strong>ratione</strong></span> <span class='ocrx_word' id='word_1_293' title='bbox 2628 1494 2823 1550; x_wconf 87' lang='lat' dir='ltr'><strong>virum</strong></span> <span class='ocrx_word' id='word_1_294' title='bbox 2876 1498 3148 1549; x_wconf 88' lang='lat' dir='ltr'><strong>sanctum</strong></span> <span class='ocrx_word' id='word_1_295' title='bbox 3177 1491 3579 1563; x_wconf 89' lang='lat' dir='ltr'><strong>subigendum</strong></span> 
     </span>
    </p>
   </div>
   <div class='ocr_carea' id='block_1_42' title="bbox 1937 1577 3577 1650">
    <p class='ocr_par' dir='ltr' id='par_1_42' title="bbox 1937 1577 3577 1650">
     <span class='ocr_line' id='line_1_42' title="bbox 1937 1577 3577 1650; baseline -0.001 -17"><span class='ocrx_word' id='word_1_296' title='bbox 1937 1578 2081 1633; x_wconf 77' lang='lat' dir='ltr'><strong>fore.</strong></span> <span class='ocrx_word' id='word_1_297' title='bbox 2115 1580 2397 1650; x_wconf 85' lang='lat' dir='ltr'><strong>Georgius</strong></span> <span class='ocrx_word' id='word_1_298' title='bbox 2427 1596 2568 1636; x_wconf 91' lang='lat' dir='ltr'><strong>vero</strong></span> <span class='ocrx_word' id='word_1_299' title='bbox 2598 1584 2900 1650; x_wconf 84' lang='lat' dir='ltr'><strong>gratanter</strong></span> <span class='ocrx_word' id='word_1_300' title='bbox 2929 1580 3136 1636; x_wconf 90' lang='lat' dir='ltr'><strong>audita</strong></span> <span class='ocrx_word' id='word_1_301' title='bbox 3172 1581 3283 1635; x_wconf 83' lang='lat' dir='ltr'><strong>ista</strong></span> <span class='ocrx_word' id='word_1_302' title='bbox 3309 1577 3577 1650; x_wconf 90' lang='lat' dir='ltr'><strong>proposi-</strong></span> 
     </span>
    </p>
   </div>
   <div class='ocr_carea' id='block_1_43' title="bbox 1936 1664 3577 1739">
    <p class='ocr_par' dir='ltr' id='par_1_43' title="bbox 1936 1664 3577 1739">
     <span class='ocr_line' id='line_1_43' title="bbox 1936 1664 3577 1739; baseline -0.001 -17"><span class='ocrx_word' id='word_1_303' title='bbox 1936 1666 2115 1732; x_wconf 92' lang='lat' dir='ltr'><strong>tione,</strong></span> <span class='ocrx_word' id='word_1_304' title='bbox 2133 1668 2187 1724; x_wconf 94' lang='lat' dir='ltr'>Si</span> <span class='ocrx_word' id='word_1_305' title='bbox 2206 1669 2388 1739; x_wconf 91' lang='lat' dir='ltr'><strong>prius,</strong></span> <span class='ocrx_word' id='word_1_306' title='bbox 2405 1669 2571 1734; x_wconf 87' lang='lat' dir='ltr'><strong>dixit,</strong></span> <span class='ocrx_word' id='word_1_307' title='bbox 2588 1669 2725 1725; x_wconf 90' lang='lat' dir='ltr'><strong>talia</strong></span> <span class='ocrx_word' id='word_1_308' title='bbox 2736 1667 3190 1732; x_wconf 87' lang='lat' dir='ltr'><strong>enuntiavisses,</strong></span> <span class='ocrx_word' id='word_1_309' title='bbox 3205 1664 3577 1722; x_wconf 88' lang='lat' dir='ltr'><strong>deliberandi</strong></span> 
     </span>
    </p>
   </div>
   <div class='ocr_carea' id='block_1_44' title="bbox 1935 1756 3575 1828">
    <p class='ocr_par' dir='ltr' id='par_1_44' title="bbox 1935 1756 3575 1828">
     <span class='ocr_line' id='line_1_44' title="bbox 1935 1756 3575 1828; baseline 0 -17"><span class='ocrx_word' id='word_1_310' title='bbox 1935 1756 2101 1813; x_wconf 91' lang='lat' dir='ltr'><strong>locus</strong></span> <span class='ocrx_word' id='word_1_311' title='bbox 2135 1757 2362 1813; x_wconf 87' lang='lat' dir='ltr'><strong>fuisset.</strong></span> <span class='ocrx_word' id='word_1_312' title='bbox 2394 1760 2559 1815; x_wconf 89' lang='lat' dir='ltr'><strong>Nunc</strong></span> <span class='ocrx_word' id='word_1_313' title='bbox 2603 1763 2824 1824; x_wconf 90' lang='lat' dir='ltr'><strong>autem,</strong></span> <span class='ocrx_word' id='word_1_314' title='bbox 2872 1758 2923 1812; x_wconf 92' lang='lat' dir='ltr'><strong>si</strong></span> <span class='ocrx_word' id='word_1_315' title='bbox 2973 1760 3107 1828; x_wconf 89' lang='lat' dir='ltr'><strong>post</strong></span> <span class='ocrx_word' id='word_1_316' title='bbox 3154 1761 3238 1812; x_wconf 91' lang='lat' dir='ltr'>tot</span> <span class='ocrx_word' id='word_1_317' title='bbox 3293 1759 3575 1827; x_wconf 88' lang='lat' dir='ltr'><strong>tantaque</strong></span> 
     </span>
    </p>
   </div>
   <div class='ocr_carea' id='block_1_45' title="bbox 1933 1845 3577 1919">
    <p class='ocr_par' dir='ltr' id='par_1_45' title="bbox 1933 1845 3577 1919">
     <span class='ocr_line' id='line_1_45' title="bbox 1933 1845 3577 1919; baseline -0.001 -19"><span class='ocrx_word' id='word_1_318' title='bbox 1933 1849 2231 1901; x_wconf 89' lang='lat' dir='ltr'><strong>tormenta</strong></span> <span class='ocrx_word' id='word_1_319' title='bbox 2276 1849 2333 1901; x_wconf 87' lang='lat' dir='ltr'>te</span> <span class='ocrx_word' id='word_1_320' title='bbox 2362 1846 2656 1911; x_wconf 88' lang='lat' dir='ltr'><strong>audirem,</strong></span> <span class='ocrx_word' id='word_1_321' title='bbox 2701 1845 3007 1919; x_wconf 91' lang='lat' dir='ltr'><strong>quomodo</strong></span> <span class='ocrx_word' id='word_1_322' title='bbox 3051 1859 3145 1900; x_wconf 91' lang='lat' dir='ltr'>me</span> <span class='ocrx_word' id='word_1_323' title='bbox 3195 1859 3402 1899; x_wconf 89' lang='lat' dir='ltr'><strong>eorum</strong></span> <span class='ocrx_word' id='word_1_324' title='bbox 3445 1858 3577 1915; x_wconf 75' lang='lat' dir='ltr'><strong>quas</strong></span> 
     </span>
    </p>
   </div>
   <div class='ocr_carea' id='block_1_46' title="bbox 1936 1932 3573 2007">
    <p class='ocr_par' dir='ltr' id='par_1_46' title="bbox 1936 1932 3573 2007">
     <span class='ocr_line' id='line_1_46' title="bbox 1936 1932 3573 2007; baseline -0.002 -17"><span class='ocrx_word' id='word_1_325' title='bbox 1936 1949 2254 2007; x_wconf 90' lang='lat' dir='ltr'><strong>perpessus</strong></span> <span class='ocrx_word' id='word_1_326' title='bbox 2293 1951 2448 2001; x_wconf 88' lang='lat' dir='ltr'><strong>sum,</strong></span> <span class='ocrx_word' id='word_1_327' title='bbox 2494 1934 2760 1992; x_wconf 91' lang='lat' dir='ltr'><strong>oblivisci</strong></span> <span class='ocrx_word' id='word_1_328' title='bbox 2810 1935 3054 1990; x_wconf 88' lang='lat' dir='ltr'><strong>doceres</strong></span> <span class='ocrx_word' id='word_1_329' title='bbox 3081 1933 3109 1987; x_wconf 72' lang='lat' dir='ltr'>‘I</span> <span class='ocrx_word' id='word_1_330' title='bbox 3138 1932 3467 2005; x_wconf 87' lang='lat' dir='ltr'><strong>Imperator</strong></span> <span class='ocrx_word' id='word_1_331' title='bbox 3512 1932 3573 1987; x_wconf 91' lang='lat' dir='ltr'><strong>in</strong></span> 
     </span>
    </p>
   </div>
   <div class='ocr_carea' id='block_1_47' title="bbox 1935 2022 3572 2096">
    <p class='ocr_par' dir='ltr' id='par_1_47' title="bbox 1935 2022 3572 2096">
     <span class='ocr_line' id='line_1_47' title="bbox 1935 2022 3572 2096; baseline -0.002 -18"><span class='ocrx_word' id='word_1_332' title='bbox 1935 2022 2103 2080; x_wconf 92' lang='lat' dir='ltr'><strong>lucro</strong></span> <span class='ocrx_word' id='word_1_333' title='bbox 2128 2039 2360 2096; x_wconf 89' lang='lat' dir='ltr'><strong>ponens</strong></span> <span class='ocrx_word' id='word_1_334' title='bbox 2398 2024 2502 2079; x_wconf 86' lang='lat' dir='ltr'><strong>viri</strong></span> <span class='ocrx_word' id='word_1_335' title='bbox 2541 2024 2730 2080; x_wconf 90' lang='lat' dir='ltr'><strong>sancti</strong></span> <span class='ocrx_word' id='word_1_336' title='bbox 2768 2023 3242 2090; x_wconf 85' lang='lat' dir='ltr'><strong>conversionem,</strong></span> <span class='ocrx_word' id='word_1_337' title='bbox 3280 2036 3467 2092; x_wconf 85' lang='lat' dir='ltr'><strong>quam</strong></span> <span class='ocrx_word' id='word_1_338' title='bbox 3509 2035 3572 2075; x_wconf 90' lang='lat' dir='ltr'>se</span> 
     </span>
    </p>
   </div>
   <div class='ocr_carea' id='block_1_48' title="bbox 1935 2107 3570 2184">
    <p class='ocr_par' dir='ltr' id='par_1_48' title="bbox 1935 2107 3570 2184">
     <span class='ocr_line' id='line_1_48' title="bbox 1935 2107 3570 2184; baseline -0.005 -15"><span class='ocrx_word' id='word_1_339' title='bbox 1935 2113 2317 2169; x_wconf 89' lang='lat' dir='ltr'><strong>obtenturum</strong></span> <span class='ocrx_word' id='word_1_340' title='bbox 2343 2112 2639 2184; x_wconf 88' lang='lat' dir='ltr'><strong>sperabat,</strong></span> <span class='ocrx_word' id='word_1_341' title='bbox 2672 2114 2750 2168; x_wconf 89' lang='lat' dir='ltr'><strong>Ne</strong></span> <span class='ocrx_word' id='word_1_342' title='bbox 2781 2126 3137 2167; x_wconf 86' lang='lat' dir='ltr'><strong>succenseas</strong></span> <span class='ocrx_word' id='word_1_343' title='bbox 3162 2107 3328 2177; x_wconf 90' lang='lat' dir='ltr'><strong>mihi,</strong></span> <span class='ocrx_word' id='word_1_344' title='bbox 3357 2109 3570 2179; x_wconf 88' lang='lat' dir='ltr'><strong>inquit,</strong></span> 
     </span>
    </p>
   </div>
   <div class='ocr_carea' id='block_1_49' title="bbox 1933 2196 3570 2275">
    <p class='ocr_par' dir='ltr' id='par_1_49' title="bbox 1933 2196 3570 2275">
     <span class='ocr_line' id='line_1_49' title="bbox 1933 2196 3570 2275; baseline -0.004 -17"><span class='ocrx_word' id='word_1_345' title='bbox 1933 2203 2039 2275; x_wconf 91' lang='lat' dir='ltr'>qui</span> <span class='ocrx_word' id='word_1_346' title='bbox 2063 2207 2118 2259; x_wconf 92' lang='lat' dir='ltr'>te</span> <span class='ocrx_word' id='word_1_347' title='bbox 2150 2202 2303 2257; x_wconf 88' lang='lat' dir='ltr'><strong>sicut</strong></span> <span class='ocrx_word' id='word_1_348' title='bbox 2324 2208 2490 2273; x_wconf 90' lang='lat' dir='ltr'><strong>pater</strong></span> <span class='ocrx_word' id='word_1_349' title='bbox 2510 2201 2699 2257; x_wconf 90' lang='lat' dir='ltr'><strong>ﬁlium</strong></span> <span class='ocrx_word' id='word_1_350' title='bbox 2721 2199 3005 2256; x_wconf 88' lang='lat' dir='ltr'><strong>dilectum</strong></span> <span class='ocrx_word' id='word_1_351' title='bbox 3027 2198 3390 2269; x_wconf 87' lang='lat' dir='ltr'><strong>complector</strong></span> <span class='ocrx_word' id='word_1_352' title='bbox 3413 2215 3426 2265; x_wconf 92' lang='lat'><strong>;</strong></span> <span class='ocrx_word' id='word_1_353' title='bbox 3455 2196 3570 2251; x_wconf 90' lang='lat' dir='ltr'><strong>diis</strong></span> 
     </span>
    </p>
   </div>
   <div class='ocr_carea' id='block_1_50' title="bbox 1932 2284 3568 2359">
    <p class='ocr_par' dir='ltr' id='par_1_50' title="bbox 1932 2284 3568 2359">
     <span class='ocr_line' id='line_1_50' title="bbox 1932 2284 3568 2359; baseline -0.006 -12"><span class='ocrx_word' id='word_1_354' title='bbox 1932 2297 2131 2347; x_wconf 89' lang='lat' dir='ltr'><strong>autem</strong></span> <span class='ocrx_word' id='word_1_355' title='bbox 2164 2290 2453 2347; x_wconf 89' lang='lat' dir='ltr'><strong>sacriﬁca.</strong></span> <span class='ocrx_word' id='word_1_356' title='bbox 2490 2290 2583 2347; x_wconf 93' lang='lat' dir='ltr'><strong>Sic</strong></span> <span class='ocrx_word' id='word_1_357' title='bbox 2610 2290 2769 2345; x_wconf 90' lang='lat' dir='ltr'><strong>enim</strong></span> <span class='ocrx_word' id='word_1_358' title='bbox 2794 2287 2923 2344; x_wconf 89' lang='lat' dir='ltr'><strong>illos</strong></span> <span class='ocrx_word' id='word_1_359' title='bbox 2962 2286 3251 2359; x_wconf 87' lang='lat' dir='ltr'><strong>propitios</strong></span> <span class='ocrx_word' id='word_1_360' title='bbox 3295 2284 3568 2351; x_wconf 88' lang='lat' dir='ltr'><strong>habebis,</strong></span> 
     </span>
    </p>
   </div>
   <div class='ocr_carea' id='block_1_51' title="bbox 1931 2374 3568 2452">
    <p class='ocr_par' dir='ltr' id='par_1_51' title="bbox 1931 2374 3568 2452">
     <span class='ocr_line' id='line_1_51' title="bbox 1931 2374 3568 2452; baseline -0.003 -16"><span class='ocrx_word' id='word_1_361' title='bbox 1931 2385 1985 2436; x_wconf 92' lang='lat' dir='ltr'>et</span> <span class='ocrx_word' id='word_1_362' title='bbox 2013 2380 2140 2452; x_wconf 92' lang='lat' dir='ltr'><strong>ipse</strong></span> <span class='ocrx_word' id='word_1_363' title='bbox 2170 2380 2399 2450; x_wconf 89' lang='lat' dir='ltr'><strong>optima</strong></span> <span class='ocrx_word' id='word_1_364' title='bbox 2423 2394 2680 2451; x_wconf 69' lang='lat' dir='ltr'><strong>quasque</strong></span> <span class='ocrx_word' id='word_1_365' title='bbox 2711 2376 2999 2449; x_wconf 89' lang='lat' dir='ltr'><strong>acquires.</strong></span> <span class='ocrx_word' id='word_1_366' title='bbox 3028 2375 3112 2430; x_wconf 79' lang='lat' dir='ltr'><strong>Ad</strong></span> <span class='ocrx_word' id='word_1_367' title='bbox 3145 2374 3273 2430; x_wconf 58' lang='lat' dir='ltr'><strong>haec</strong></span> <span class='ocrx_word' id='word_1_368' title='bbox 3300 2377 3526 2445; x_wconf 90' lang='lat' dir='ltr'><strong>martyr</strong></span> <span class='ocrx_word' id='word_1_369' title='bbox 3555 2391 3568 2431; x_wconf 89' lang='lat'><strong>:</strong></span> 
     </span>
    </p>
   </div>
   <div class='ocr_carea' id='block_1_52' title="bbox 1930 2462 3569 2542">
    <p class='ocr_par' dir='ltr' id='par_1_52' title="bbox 1930 2462 3569 2542">
     <span class='ocr_line' id='line_1_52' title="bbox 1930 2462 3569 2542; baseline -0.007 -16"><span class='ocrx_word' id='word_1_370' title='bbox 1930 2471 1985 2527; x_wconf 90' lang='lat' dir='ltr'>Si</span> <span class='ocrx_word' id='word_1_371' title='bbox 2004 2470 2154 2535; x_wconf 69' lang='lat' dir='ltr'><strong>haec,</strong></span> <span class='ocrx_word' id='word_1_372' title='bbox 2181 2485 2218 2525; x_wconf 96' lang='lat' dir='ltr'>o</span> <span class='ocrx_word' id='word_1_373' title='bbox 2236 2484 2360 2537; x_wconf 92' lang='lat' dir='ltr'><strong>rex,</strong></span> <span class='ocrx_word' id='word_1_374' title='bbox 2380 2469 2590 2542; x_wconf 88' lang='lat' dir='ltr'><strong>inquit,</strong></span> <span class='ocrx_word' id='word_1_375' title='bbox 2613 2473 2711 2525; x_wconf 90' lang='lat' dir='ltr'>tua</span> <span class='ocrx_word' id='word_1_376' title='bbox 2734 2466 3025 2523; x_wconf 87' lang='lat' dir='ltr'><strong>sententia</strong></span> <span class='ocrx_word' id='word_1_377' title='bbox 3048 2470 3155 2532; x_wconf 90' lang='lat' dir='ltr'><strong>est,</strong></span> <span class='ocrx_word' id='word_1_378' title='bbox 3174 2464 3303 2535; x_wconf 90' lang='lat' dir='ltr'><strong>jam</strong></span> <span class='ocrx_word' id='word_1_379' title='bbox 3324 2463 3402 2520; x_wconf 90' lang='lat' dir='ltr'>ad</span> <span class='ocrx_word' id='word_1_380' title='bbox 3424 2462 3569 2519; x_wconf 90' lang='lat' dir='ltr'><strong>deos</strong></span> 
     </span>
    </p>
   </div>
   <div class='ocr_carea' id='block_1_53' title="bbox 1925 2557 2530 2628">
    <p class='ocr_par' dir='ltr' id='par_1_53' title="bbox 1925 2557 2530 2628">
     <span class='ocr_line' id='line_1_53' title="bbox 1925 2557 2530 2628; baseline 0 -15"><span class='ocrx_word' id='word_1_381' title='bbox 1925 2562 2013 2613; x_wconf 90' lang='lat' dir='ltr'>est</span> <span class='ocrx_word' id='word_1_382' title='bbox 2041 2557 2530 2628; x_wconf 83' lang='lat' dir='ltr'><strong>confugiendum.</strong></span> 
     </span>
    </p>
   </div>
   <div class='ocr_carea' id='block_1_54' title="bbox 210 2639 3568 2721">
    <p class='ocr_par' dir='ltr' id='par_1_54' title="bbox 210 2639 3568 2721">
     <span class='ocr_line' id='line_1_54' title="bbox 210 2639 3568 2721; baseline 0 -29"><span class='ocrx_word' id='word_1_383' title='bbox 210 2642 508 2713; x_wconf 87' lang='grc' dir='ltr'>προσελθὼν</span> <span class='ocrx_word' id='word_1_384' title='bbox 547 2648 732 2699; x_wconf 90' lang='grc' dir='ltr'>θυσίαν</span> <span class='ocrx_word' id='word_1_385' title='bbox 778 2652 1087 2720; x_wconf 85' lang='grc' dir='ltr'>προσένεγκε</span> <span class='ocrx_word' id='word_1_386' title='bbox 1114 2655 1219 2709; x_wconf 90' lang='grc' dir='ltr'>τοῖς</span> <span class='ocrx_word' id='word_1_387' title='bbox 1259 2650 1411 2711; x_wconf 86' lang='grc' dir='ltr'>θεοῖς·</span> <span class='ocrx_word' id='word_1_388' title='bbox 1453 2647 1588 2700; x_wconf 84' lang='grc' dir='ltr'>οὑτω</span> <span class='ocrx_word' id='word_1_389' title='bbox 1612 2648 1710 2721; x_wconf 84' lang='grc' dir='ltr'>γὰρ</span> <span class='ocrx_word' id='word_1_390' title='bbox 1742 2643 1963 2708; x_wconf 77' lang='grc' dir='ltr'>ἐκείνους</span> <span class='ocrx_word' id='word_1_391' title='bbox 1995 2665 2048 2698; x_wconf 91' lang='grc' dir='ltr'>τε</span> <span class='ocrx_word' id='word_1_392' title='bbox 2077 2646 2299 2717; x_wconf 79' lang='grc' dir='ltr'>εὐμενεῖς</span> <span class='ocrx_word' id='word_1_393' title='bbox 2325 2645 2468 2711; x_wconf 78' lang='grc' dir='ltr'>ἔξεις,</span> <span class='ocrx_word' id='word_1_394' title='bbox 2499 2649 2589 2697; x_wconf 85' lang='grc' dir='ltr'>καὶ</span> <span class='ocrx_word' id='word_1_395' title='bbox 2621 2650 2822 2715; x_wconf 85' lang='grc' dir='ltr'>σεαυτῷ</span> <span class='ocrx_word' id='word_1_396' title='bbox 2850 2645 2914 2696; x_wconf 81' lang='grc' dir='ltr'>τὰ</span> <span class='ocrx_word' id='word_1_397' title='bbox 2937 2640 3191 2694; x_wconf 84' lang='grc' dir='ltr'>κάλλιστα</span> <span class='ocrx_word' id='word_1_398' title='bbox 3212 2639 3568 2713; x_wconf 84' lang='grc' dir='ltr'>προξενήσεις.</span> 
     </span>
    </p>
   </div>
   <div class='ocr_carea' id='block_1_55' title="bbox 212 2731 2664 2810">
    <p class='ocr_par' dir='ltr' id='par_1_55' title="bbox 212 2731 2664 2810">
     <span class='ocr_line' id='line_1_55' title="bbox 212 2731 2664 2810; baseline 0.001 -27"><span class='ocrx_word' id='word_1_399' title='bbox 212 2735 319 2783; x_wconf 78' lang='grc' dir='ltr'>Καὶ</span> <span class='ocrx_word' id='word_1_400' title='bbox 345 2732 371 2783; x_wconf 89' lang='grc' dir='ltr'>ὅ</span> <span class='ocrx_word' id='word_1_401' title='bbox 400 2736 617 2808; x_wconf 86' lang='grc' dir='ltr'>μάρτυς,</span> <span class='ocrx_word' id='word_1_402' title='bbox 649 2735 710 2789; x_wconf 87' lang='grc' dir='ltr'>Εἰ</span> <span class='ocrx_word' id='word_1_403' title='bbox 737 2740 889 2789; x_wconf 88' lang='grc' dir='ltr'>τοῦτό</span> <span class='ocrx_word' id='word_1_404' title='bbox 918 2756 1023 2804; x_wconf 89' lang='grc' dir='ltr'>σοι,</span> <span class='ocrx_word' id='word_1_405' title='bbox 1054 2739 1170 2810; x_wconf 77' lang='grc' dir='ltr'>ἔφη,</span> <span class='ocrx_word' id='word_1_406' title='bbox 1199 2739 1333 2790; x_wconf 86' lang='grc' dir='ltr'>κατὰ</span> <span class='ocrx_word' id='word_1_407' title='bbox 1359 2742 1588 2809; x_wconf 79' lang='grc' dir='ltr'>γνώμην,</span> <span class='ocrx_word' id='word_1_408' title='bbox 1623 2732 1663 2787; x_wconf 83' lang='grc' dir='ltr'>ὦ</span> <span class='ocrx_word' id='word_1_409' title='bbox 1695 2732 1938 2807; x_wconf 82' lang='grc' dir='ltr'>βασιλεῦ,</span> <span class='ocrx_word' id='word_1_410' title='bbox 1970 2735 2080 2809; x_wconf 79' lang='grc' dir='ltr'>ὥρα</span> <span class='ocrx_word' id='word_1_411' title='bbox 2107 2736 2236 2809; x_wconf 89' lang='grc' dir='ltr'>πρὸς</span> <span class='ocrx_word' id='word_1_412' title='bbox 2268 2736 2410 2796; x_wconf 84' lang='grc' dir='ltr'>θεοὺς</span> <span class='ocrx_word' id='word_1_413' title='bbox 2441 2731 2664 2786; x_wconf 78' lang='grc' dir='ltr'>ἀπιέναι.</span> 
     </span>
    </p>
   </div>
   <div class='ocr_carea' id='block_1_56' title="bbox 289 2828 1815 2906">
    <p class='ocr_par' dir='ltr' id='par_1_56' title="bbox 289 2828 1815 2906">
     <span class='ocr_line' id='line_1_56' title="bbox 289 2828 1815 2906; baseline 0.002 -25"><span class='ocrx_word' id='word_1_414' title='bbox 289 2828 406 2885; x_wconf 72' lang='lat' dir='ltr'>Kl&quot;.</span> <span class='ocrx_word' id='word_1_415' title='bbox 457 2828 546 2891; x_wconf 88' lang='grc' dir='ltr'>Ὠς</span> <span class='ocrx_word' id='word_1_416' title='bbox 602 2828 689 2885; x_wconf 85' lang='grc' dir='ltr'>οὑν</span> <span class='ocrx_word' id='word_1_417' title='bbox 738 2841 908 2886; x_wconf 82' lang='grc' dir='ltr'>ταῦτα</span> <span class='ocrx_word' id='word_1_418' title='bbox 935 2836 962 2887; x_wconf 89' lang='lat'>6</span> <span class='ocrx_word' id='word_1_419' title='bbox 994 2835 1351 2895; x_wconf 89' lang='grc' dir='ltr'>Διοκλητιανός</span> <span class='ocrx_word' id='word_1_420' title='bbox 1390 2838 1605 2898; x_wconf 80' lang='grc' dir='ltr'>ἤκουσε,</span> <span class='ocrx_word' id='word_1_421' title='bbox 1654 2851 1815 2906; x_wconf 90' lang='grc' dir='ltr'>προσ-</span> 
     </span>
    </p>
   </div>
   <div class='ocr_carea' id='block_1_57' title="bbox 208 2918 1818 2995">
    <p class='ocr_par' dir='ltr' id='par_1_57' title="bbox 208 2918 1818 2995">
     <span class='ocr_line' id='line_1_57' title="bbox 208 2918 1818 2995; baseline 0 -24"><span class='ocrx_word' id='word_1_422' title='bbox 208 2918 460 2988; x_wconf 74' lang='grc' dir='ltr'>τάγματα</span> <span class='ocrx_word' id='word_1_423' title='bbox 505 2920 658 2981; x_wconf 74' lang='grc' dir='ltr'>εὐθὺς</span> <span class='ocrx_word' id='word_1_424' title='bbox 703 2928 1011 2993; x_wconf 87' lang='grc' dir='ltr'>πανταχόσε</span> <span class='ocrx_word' id='word_1_425' title='bbox 1049 2920 1211 2976; x_wconf 78' lang='grc' dir='ltr'>διέθει</span> <span class='ocrx_word' id='word_1_426' title='bbox 1255 2924 1327 2983; x_wconf 79' lang='grc' dir='ltr'>εἰς</span> <span class='ocrx_word' id='word_1_427' title='bbox 1380 2926 1438 2974; x_wconf 87' lang='grc' dir='ltr'>τό</span> <span class='ocrx_word' id='word_1_428' title='bbox 1487 2925 1618 2995; x_wconf 80' lang='grc' dir='ltr'>ἱερὸν</span> <span class='ocrx_word' id='word_1_429' title='bbox 1657 2921 1818 2972; x_wconf 80' lang='grc' dir='ltr'>ἅπαν-</span> 
     </span>
    </p>
   </div>
   <div class='ocr_carea' id='block_1_58' title="bbox 212 3006 1815 3079">
    <p class='ocr_par' dir='ltr' id='par_1_58' title="bbox 212 3006 1815 3079">
     <span class='ocr_line' id='line_1_58' title="bbox 212 3006 1815 3079; baseline 0.002 -23"><span class='ocrx_word' id='word_1_430' title='bbox 212 3024 310 3067; x_wconf 86' lang='grc' dir='ltr'>τας</span> <span class='ocrx_word' id='word_1_431' title='bbox 360 3006 500 3079; x_wconf 77' lang='grc' dir='ltr'>αύτῷ</span> <span class='ocrx_word' id='word_1_432' title='bbox 532 3013 779 3076; x_wconf 86' lang='grc' dir='ltr'>συνιέναι,</span> <span class='ocrx_word' id='word_1_433' title='bbox 813 3012 929 3063; x_wconf 86' lang='grc' dir='ltr'>ὅσοι</span> <span class='ocrx_word' id='word_1_434' title='bbox 964 3030 1018 3063; x_wconf 88' lang='grc' dir='ltr'>τε</span> <span class='ocrx_word' id='word_1_435' title='bbox 1048 3019 1143 3063; x_wconf 90' lang='grc' dir='ltr'>τῶν</span> <span class='ocrx_word' id='word_1_436' title='bbox 1192 3011 1241 3063; x_wconf 83' lang='grc' dir='ltr'>έν</span> <span class='ocrx_word' id='word_1_437' title='bbox 1283 3010 1413 3064; x_wconf 90' lang='grc' dir='ltr'>τέλει</span> <span class='ocrx_word' id='word_1_438' title='bbox 1453 3015 1543 3063; x_wconf 81' lang='grc' dir='ltr'>καὶ</span> <span class='ocrx_word' id='word_1_439' title='bbox 1581 3012 1694 3062; x_wconf 87' lang='grc' dir='ltr'>ὅσοι</span> <span class='ocrx_word' id='word_1_440' title='bbox 1724 3017 1815 3061; x_wconf 90' lang='grc' dir='ltr'>τοῦ</span> 
     </span>
    </p>
   </div>
   <div class='ocr_carea' id='block_1_59' title="bbox 212 3092 1816 3173">
    <p class='ocr_par' dir='ltr' id='par_1_59' title="bbox 212 3092 1816 3173">
     <span class='ocr_line' id='line_1_59' title="bbox 212 3092 1816 3173; baseline 0.001 -26"><span class='ocrx_word' id='word_1_441' title='bbox 212 3092 389 3166; x_wconf 86' lang='grc' dir='ltr'>δήμου</span> <span class='ocrx_word' id='word_1_442' title='bbox 438 3100 526 3148; x_wconf 85' lang='lat' dir='ltr'>xui</span> <span class='ocrx_word' id='word_1_443' title='bbox 578 3104 680 3149; x_wconf 89' lang='grc' dir='ltr'>τῶν</span> <span class='ocrx_word' id='word_1_444' title='bbox 723 3107 1050 3173; x_wconf 87' lang='grc' dir='ltr'>στρατιωτῶν</span> <span class='ocrx_word' id='word_1_445' title='bbox 1085 3096 1240 3165; x_wconf 78' lang='grc' dir='ltr'>ἦσαν,</span> <span class='ocrx_word' id='word_1_446' title='bbox 1284 3098 1619 3172; x_wconf 86' lang='grc' dir='ltr'>ὑπόλαμπρον</span> <span class='ocrx_word' id='word_1_447' title='bbox 1649 3098 1816 3170; x_wconf 73' lang='grc' dir='ltr'>ἐκφω-</span> 
     </span>
    </p>
   </div>
   <div class='ocr_carea' id='block_1_60' title="bbox 2001 2824 3568 2894">
    <p class='ocr_par' dir='ltr' id='par_1_60' title="bbox 2001 2824 3568 2894">
     <span class='ocr_line' id='line_1_60' title="bbox 2001 2824 3568 2894; baseline -0.006 -6"><span class='ocrx_word' id='word_1_448' title='bbox 2001 2832 2182 2888; x_wconf 86' lang='grc' dir='ltr'>ΧΧΙΙΙ.</span> <span class='ocrx_word' id='word_1_449' title='bbox 2216 2832 2314 2886; x_wconf 89' lang='lat' dir='ltr'><strong>His</strong></span> <span class='ocrx_word' id='word_1_450' title='bbox 2349 2829 2568 2887; x_wconf 90' lang='lat' dir='ltr'><strong>auditis</strong></span> <span class='ocrx_word' id='word_1_451' title='bbox 2607 2828 2999 2886; x_wconf 89' lang='lat' dir='ltr'><strong>Diocletianus</strong></span> <span class='ocrx_word' id='word_1_452' title='bbox 3029 2826 3222 2883; x_wconf 88' lang='lat' dir='ltr'><strong>edicto</strong></span> <span class='ocrx_word' id='word_1_453' title='bbox 3253 2824 3568 2894; x_wconf 89' lang='lat' dir='ltr'><strong>magistra-</strong></span> 
     </span>
    </p>
   </div>
   <div class='ocr_carea' id='block_1_61' title="bbox 1926 2912 3569 2992">
    <p class='ocr_par' dir='ltr' id='par_1_61' title="bbox 1926 2912 3569 2992">
     <span class='ocr_line' id='line_1_61' title="bbox 1926 2912 3569 2992; baseline -0.006 -16"><span class='ocrx_word' id='word_1_454' title='bbox 1926 2925 2021 2976; x_wconf 90' lang='lat' dir='ltr'>tus</span> <span class='ocrx_word' id='word_1_455' title='bbox 2059 2919 2350 2992; x_wconf 91' lang='lat' dir='ltr'><strong>populum</strong></span> <span class='ocrx_word' id='word_1_456' title='bbox 2388 2935 2458 2976; x_wconf 89' lang='lat' dir='ltr'>ac</span> <span class='ocrx_word' id='word_1_457' title='bbox 2499 2918 2709 2974; x_wconf 91' lang='lat' dir='ltr'><strong>milites</strong></span> <span class='ocrx_word' id='word_1_458' title='bbox 2744 2932 2954 2974; x_wconf 90' lang='lat' dir='ltr'><strong>omnes</strong></span> <span class='ocrx_word' id='word_1_459' title='bbox 2991 2916 3050 2970; x_wconf 93' lang='lat' dir='ltr'><strong>in</strong></span> <span class='ocrx_word' id='word_1_460' title='bbox 3090 2912 3316 2985; x_wconf 88' lang='lat' dir='ltr'><strong>templo</strong></span> <span class='ocrx_word' id='word_1_461' title='bbox 3355 2912 3569 2968; x_wconf 88' lang='lat' dir='ltr'><strong>adesse</strong></span> 
     </span>
    </p>
   </div>
   <div class='ocr_carea' id='block_1_62' title="bbox 1924 2999 3569 3082">
    <p class='ocr_par' dir='ltr' id='par_1_62' title="bbox 1924 2999 3569 3082">
     <span class='ocr_line' id='line_1_62' title="bbox 1924 2999 3569 3082; baseline -0.005 -19"><span class='ocrx_word' id='word_1_462' title='bbox 1924 3023 2033 3082; x_wconf 90' lang='lat' dir='ltr'>per</span> <span class='ocrx_word' id='word_1_463' title='bbox 2056 3024 2390 3079; x_wconf 72' lang='lat' dir='ltr'><strong>praeconem</strong></span> <span class='ocrx_word' id='word_1_464' title='bbox 2411 3007 2607 3079; x_wconf 88' lang='lat' dir='ltr'><strong>jussit,</strong></span> <span class='ocrx_word' id='word_1_465' title='bbox 2642 3006 2936 3079; x_wconf 90' lang='lat' dir='ltr'><strong>siquidem</strong></span> <span class='ocrx_word' id='word_1_466' title='bbox 2962 3002 3272 3072; x_wconf 86' lang='lat' dir='ltr'><strong>Georgius,</strong></span> <span class='ocrx_word' id='word_1_467' title='bbox 3296 2999 3569 3057; x_wconf 72' lang='lat' dir='ltr'><strong>Galilaaus</strong></span> 
     </span>
    </p>
   </div>
   <div class='ocr_carea' id='block_1_63' title="bbox 1926 3087 3567 3167">
    <p class='ocr_par' dir='ltr' id='par_1_63' title="bbox 1926 3087 3567 3167">
     <span class='ocr_line' id='line_1_63' title="bbox 1926 3087 3567 3167; baseline -0.004 -16"><span class='ocrx_word' id='word_1_468' title='bbox 1926 3095 2074 3151; x_wconf 90' lang='lat' dir='ltr'><strong>bene</strong></span> <span class='ocrx_word' id='word_1_469' title='bbox 2087 3101 2279 3163; x_wconf 90' lang='lat' dir='ltr'><strong>notus,</strong></span> <span class='ocrx_word' id='word_1_470' title='bbox 2296 3095 2543 3167; x_wconf 75' lang='lat' dir='ltr'><strong>Apollini</strong></span> <span class='ocrx_word' id='word_1_471' title='bbox 2563 3095 3001 3151; x_wconf 89' lang='lat' dir='ltr'><strong>sacriﬁcaturus</strong></span> <span class='ocrx_word' id='word_1_472' title='bbox 3012 3091 3259 3148; x_wconf 88' lang='lat' dir='ltr'><strong>adforet.</strong></span> <span class='ocrx_word' id='word_1_473' title='bbox 3275 3087 3567 3159; x_wconf 84' lang='lat' dir='ltr'><strong>Extemplo</strong></span> 
     </span>
    </p>
   </div>
   <div class='ocr_carea' id='block_1_64' title="bbox 207 3177 1818 3259">
    <p class='ocr_par' dir='ltr' id='par_1_64' title="bbox 207 3186 1814 3259">
     <span class='ocr_line' id='line_1_64' title="bbox 207 3186 1814 3259; baseline 0.003 -25"><span class='ocrx_word' id='word_1_474' title='bbox 207 3191 388 3235; x_wconf 89' lang='grc' dir='ltr'>νοῦντι</span> <span class='ocrx_word' id='word_1_475' title='bbox 440 3193 511 3256; x_wconf 84' lang='grc' dir='ltr'>τῷ</span> <span class='ocrx_word' id='word_1_476' title='bbox 564 3190 779 3258; x_wconf 88' lang='grc' dir='ltr'>κήρυκι,</span> <span class='ocrx_word' id='word_1_477' title='bbox 828 3188 913 3239; x_wconf 88' lang='grc' dir='ltr'>ὅτι</span> <span class='ocrx_word' id='word_1_478' title='bbox 960 3193 1224 3259; x_wconf 86' lang='grc' dir='ltr'>Γεώργιος,</span> <span class='ocrx_word' id='word_1_479' title='bbox 1260 3189 1286 3239; x_wconf 95' lang='lat'>6</span> <span class='ocrx_word' id='word_1_480' title='bbox 1334 3186 1382 3239; x_wconf 73' lang='grc' dir='ltr'>ἄν</span> <span class='ocrx_word' id='word_1_481' title='bbox 1409 3186 1702 3249; x_wconf 90' lang='grc' dir='ltr'>Γαλιλαίοις</span> <span class='ocrx_word' id='word_1_482' title='bbox 1724 3205 1814 3239; x_wconf 87' lang='grc' dir='ltr'>πε-</span> 
     </span>
    </p>
   </div>
   <div class='ocr_carea' id='block_1_65' title="bbox 1930 3177 3567 3259">
    <p class='ocr_par' dir='ltr' id='par_1_65' title="bbox 1930 3177 3567 3256">
     <span class='ocr_line' id='line_1_65' title="bbox 1930 3177 3567 3256; baseline -0.004 -16"><span class='ocrx_word' id='word_1_483' title='bbox 1930 3184 2176 3256; x_wconf 85' lang='lat' dir='ltr'><strong>gentiles</strong></span> <span class='ocrx_word' id='word_1_484' title='bbox 2189 3184 2550 3240; x_wconf 89' lang='lat' dir='ltr'><strong>carminibus</strong></span> <span class='ocrx_word' id='word_1_485' title='bbox 2563 3188 2619 3239; x_wconf 91' lang='lat' dir='ltr'>et</span> <span class='ocrx_word' id='word_1_486' title='bbox 2629 3183 2868 3255; x_wconf 87' lang='lat' dir='ltr'><strong>hymnis</strong></span> <span class='ocrx_word' id='word_1_487' title='bbox 2881 3180 3166 3254; x_wconf 86' lang='lat' dir='ltr'><strong>gaudium</strong></span> <span class='ocrx_word' id='word_1_488' title='bbox 3181 3177 3567 3235; x_wconf 83' lang='lat' dir='ltr'><strong>manifestan-</strong></span> 
     </span>
    </p>
   </div>
   <div class='ocr_carea' id='block_1_66' title="bbox 205 3270 1816 3351">
    <p class='ocr_par' dir='ltr' id='par_1_66' title="bbox 205 3270 1816 3351">
     <span class='ocr_line' id='line_1_66' title="bbox 205 3270 1816 3351; baseline 0.002 -26"><span class='ocrx_word' id='word_1_489' title='bbox 205 3270 501 3344; x_wconf 78' lang='grc' dir='ltr'>ρίϐλεπτος,</span> <span class='ocrx_word' id='word_1_490' title='bbox 588 3274 873 3327; x_wconf 81' lang='grc' dir='ltr'>Ἀπόλλωνι</span> <span class='ocrx_word' id='word_1_491' title='bbox 947 3280 1300 3350; x_wconf 84' lang='grc' dir='ltr'>προσέρχεται</span> <span class='ocrx_word' id='word_1_492' title='bbox 1374 3278 1563 3329; x_wconf 89' lang='grc' dir='ltr'>θύσων.</span> <span class='ocrx_word' id='word_1_493' title='bbox 1645 3282 1816 3351; x_wconf 87' lang='grc' dir='ltr'>Παρα-</span> 
     </span>
    </p>
   </div>
   <div class='ocr_carea' id='block_1_67' title="bbox 207 3363 1814 3438">
    <p class='ocr_par' dir='ltr' id='par_1_67' title="bbox 207 3363 1814 3438">
     <span class='ocr_line' id='line_1_67' title="bbox 207 3363 1814 3438; baseline -0.002 -18"><span class='ocrx_word' id='word_1_494' title='bbox 207 3368 402 3435; x_wconf 81' lang='grc' dir='ltr'>χρῆμα</span> <span class='ocrx_word' id='word_1_495' title='bbox 458 3370 584 3434; x_wconf 89' lang='grc' dir='ltr'>γοῦν</span> <span class='ocrx_word' id='word_1_496' title='bbox 639 3364 827 3426; x_wconf 89' lang='grc' dir='ltr'>πάντες</span> <span class='ocrx_word' id='word_1_497' title='bbox 879 3363 1113 3426; x_wconf 84' lang='grc' dir='ltr'>Ἕλληνες</span> <span class='ocrx_word' id='word_1_498' title='bbox 1182 3370 1384 3438; x_wconf 87' lang='grc' dir='ltr'>κρότοις</span> <span class='ocrx_word' id='word_1_499' title='bbox 1424 3369 1514 3417; x_wconf 85' lang='grc' dir='ltr'>καὶ</span> <span class='ocrx_word' id='word_1_500' title='bbox 1596 3371 1814 3418; x_wconf 85' lang='grc' dir='ltr'>παιᾶσιν</span> 
     </span>
    </p>
   </div>
   <div class='ocr_carea' id='block_1_68' title="bbox 209 3451 1813 3525">
    <p class='ocr_par' dir='ltr' id='par_1_68' title="bbox 209 3451 1813 3525">
     <span class='ocr_line' id='line_1_68' title="bbox 209 3451 1813 3525; baseline 0.002 -23"><span class='ocrx_word' id='word_1_501' title='bbox 209 3453 671 3525; x_wconf 74' lang='grc' dir='ltr'>ἑνευφραινόμενοι,</span> <span class='ocrx_word' id='word_1_502' title='bbox 751 3451 976 3525; x_wconf 86' lang='grc' dir='ltr'>βασιλέα</span> <span class='ocrx_word' id='word_1_503' title='bbox 1030 3472 1084 3507; x_wconf 82' lang='grc' dir='ltr'>ἰε</span> <span class='ocrx_word' id='word_1_504' title='bbox 1137 3460 1226 3507; x_wconf 85' lang='lat' dir='ltr'>xui</span> <span class='ocrx_word' id='word_1_505' title='bbox 1302 3457 1388 3507; x_wconf 88' lang='grc' dir='ltr'>τὸν</span> <span class='ocrx_word' id='word_1_506' title='bbox 1453 3452 1646 3507; x_wconf 69' lang='grc' dir='ltr'>ἐκείνου</span> <span class='ocrx_word' id='word_1_507' title='bbox 1701 3456 1813 3507; x_wconf 87' lang='grc' dir='ltr'>θεὸν</span> 
     </span>
    </p>
   </div>
   <div class='ocr_carea' id='block_1_69' title="bbox 212 3538 1812 3618">
    <p class='ocr_par' dir='ltr' id='par_1_69' title="bbox 212 3538 1812 3618">
     <span class='ocr_line' id='line_1_69' title="bbox 212 3538 1812 3618; baseline 0.003 -28"><span class='ocrx_word' id='word_1_508' title='bbox 212 3538 511 3592; x_wconf 81' lang='grc' dir='ltr'>Ἀπόλλωνα</span> <span class='ocrx_word' id='word_1_509' title='bbox 559 3545 776 3600; x_wconf 78' lang='grc' dir='ltr'>νικητήν</span> <span class='ocrx_word' id='word_1_510' title='bbox 835 3541 1126 3615; x_wconf 74' lang='grc' dir='ltr'>ηύφήμουν.</span> <span class='ocrx_word' id='word_1_511' title='bbox 1192 3543 1331 3596; x_wconf 83' lang='grc' dir='ltr'>Ἐπεὶ</span> <span class='ocrx_word' id='word_1_512' title='bbox 1414 3539 1473 3596; x_wconf 73' lang='grc' dir='ltr'>δε</span> <span class='ocrx_word' id='word_1_513' title='bbox 1516 3550 1607 3596; x_wconf 87' lang='grc' dir='ltr'>τοῦ</span> <span class='ocrx_word' id='word_1_514' title='bbox 1676 3545 1812 3618; x_wconf 84' lang='grc' dir='ltr'>ἱεροῦ</span> 
     </span>
    </p>
   </div>
   <div class='ocr_carea' id='block_1_70' title="bbox 210 3625 1811 3705">
    <p class='ocr_par' dir='ltr' id='par_1_70' title="bbox 210 3625 1811 3705">
     <span class='ocr_line' id='line_1_70' title="bbox 210 3625 1811 3705; baseline 0.002 -25"><span class='ocrx_word' id='word_1_515' title='bbox 210 3625 352 3689; x_wconf 68' lang='grc' dir='ltr'>ἐντὸς</span> <span class='ocrx_word' id='word_1_516' title='bbox 404 3625 558 3691; x_wconf 74' lang='grc' dir='ltr'>ἦσαν,</span> <span class='ocrx_word' id='word_1_517' title='bbox 610 3638 814 3693; x_wconf 79' lang='grc' dir='ltr'>σιωπῆς</span> <span class='ocrx_word' id='word_1_518' title='bbox 849 3635 1146 3703; x_wconf 83' lang='grc' dir='ltr'>γενομένης,</span> <span class='ocrx_word' id='word_1_519' title='bbox 1193 3636 1445 3705; x_wconf 86' lang='grc' dir='ltr'>προσχὼν</span> <span class='ocrx_word' id='word_1_520' title='bbox 1470 3634 1495 3683; x_wconf 91' lang='lat'>6</span> <span class='ocrx_word' id='word_1_521' title='bbox 1523 3630 1703 3704; x_wconf 74' lang='grc' dir='ltr'>’Δγιος</span> <span class='ocrx_word' id='word_1_522' title='bbox 1740 3641 1811 3704; x_wconf 86' lang='grc' dir='ltr'>τῷ</span> 
     </span>
    </p>
   </div>
   <div class='ocr_carea' id='block_1_71' title="bbox 209 3715 1811 3794">
    <p class='ocr_par' dir='ltr' id='par_1_71' title="bbox 209 3715 1811 3794">
     <span class='ocr_line' id='line_1_71' title="bbox 209 3715 1811 3794; baseline 0.003 -26"><span class='ocrx_word' id='word_1_523' title='bbox 209 3715 494 3789; x_wconf 79' lang='grc' dir='ltr'>ἀγάλματι,</span> <span class='ocrx_word' id='word_1_524' title='bbox 531 3720 557 3771; x_wconf 89' lang='grc' dir='ltr'>ὅ</span> <span class='ocrx_word' id='word_1_525' title='bbox 598 3725 690 3770; x_wconf 88' lang='grc' dir='ltr'>τοῦ</span> <span class='ocrx_word' id='word_1_526' title='bbox 725 3717 1039 3782; x_wconf 85' lang='grc' dir='ltr'>Ἀπόλλωνος</span> <span class='ocrx_word' id='word_1_527' title='bbox 1092 3718 1175 3786; x_wconf 80' lang='grc' dir='ltr'>ἧν,</span> <span class='ocrx_word' id='word_1_528' title='bbox 1225 3726 1315 3773; x_wconf 88' lang='lat' dir='ltr'>xui</span> <span class='ocrx_word' id='word_1_529' title='bbox 1351 3724 1484 3793; x_wconf 88' lang='grc' dir='ltr'>πρὸς</span> <span class='ocrx_word' id='word_1_530' title='bbox 1512 3721 1637 3773; x_wconf 77' lang='grc' dir='ltr'>αὐτὸ</span> <span class='ocrx_word' id='word_1_531' title='bbox 1696 3720 1811 3794; x_wconf 83' lang='grc' dir='ltr'>βλέ-</span> 
     </span>
    </p>
   </div>
   <div class='ocr_carea' id='block_1_72' title="bbox 208 3802 1810 3883">
    <p class='ocr_par' dir='ltr' id='par_1_72' title="bbox 208 3802 1810 3883">
     <span class='ocr_line' id='line_1_72' title="bbox 208 3802 1810 3883; baseline 0.004 -27"><span class='ocrx_word' id='word_1_532' title='bbox 208 3802 335 3875; x_wconf 77' lang='grc' dir='ltr'>ψας,</span> <span class='ocrx_word' id='word_1_533' title='bbox 370 3809 436 3857; x_wconf 89' lang='grc' dir='ltr'>Σύ</span> <span class='ocrx_word' id='word_1_534' title='bbox 494 3804 543 3858; x_wconf 84' lang='grc' dir='ltr'>εἶ</span> <span class='ocrx_word' id='word_1_535' title='bbox 592 3808 701 3870; x_wconf 79' lang='grc' dir='ltr'>θεὸς</span> <span class='ocrx_word' id='word_1_536' title='bbox 728 3824 741 3873; x_wconf 89' lang='grc'>;</span> <span class='ocrx_word' id='word_1_537' title='bbox 768 3810 885 3880; x_wconf 76' lang='grc' dir='ltr'>ἔφη,</span> <span class='ocrx_word' id='word_1_538' title='bbox 935 3814 1023 3861; x_wconf 80' lang='grc' dir='ltr'>καὶ</span> <span class='ocrx_word' id='word_1_539' title='bbox 1061 3812 1119 3862; x_wconf 69' lang='grc' dir='ltr'>σε</span> <span class='ocrx_word' id='word_1_540' title='bbox 1150 3805 1234 3861; x_wconf 85' lang='grc' dir='ltr'>δεῖ</span> <span class='ocrx_word' id='word_1_541' title='bbox 1278 3817 1586 3883; x_wconf 84' lang='grc' dir='ltr'>προσκυνεῖν</span> <span class='ocrx_word' id='word_1_542' title='bbox 1619 3808 1810 3883; x_wconf 80' lang='grc' dir='ltr'>ἀνθρὼ-</span> 
     </span>
    </p>
   </div>
   <div class='ocr_carea' id='block_1_73' title="bbox 211 3890 1807 3974">
    <p class='ocr_par' dir='ltr' id='par_1_73' title="bbox 211 3890 1807 3974">
     <span class='ocr_line' id='line_1_73' title="bbox 211 3890 1807 3974; baseline 0.006 -30"><span class='ocrx_word' id='word_1_543' title='bbox 211 3910 342 3953; x_wconf 90' lang='grc' dir='ltr'>πους</span> <span class='ocrx_word' id='word_1_544' title='bbox 374 3896 480 3960; x_wconf 86' lang='grc' dir='ltr'><strong>;Τό</strong></span> <span class='ocrx_word' id='word_1_545' title='bbox 528 3890 587 3947; x_wconf 70' lang='grc' dir='ltr'>δε</span> <span class='ocrx_word' id='word_1_546' title='bbox 622 3893 849 3948; x_wconf 76' lang='grc' dir='ltr'>ἐνοικοῦν</span> <span class='ocrx_word' id='word_1_547' title='bbox 897 3896 1088 3950; x_wconf 78' lang='grc' dir='ltr'>αὐτίκα</span> <span class='ocrx_word' id='word_1_548' title='bbox 1132 3901 1355 3971; x_wconf 86' lang='grc' dir='ltr'>πονηρόν</span> <span class='ocrx_word' id='word_1_549' title='bbox 1383 3906 1602 3970; x_wconf 84' lang='grc' dir='ltr'>πνεῦμα,</span> <span class='ocrx_word' id='word_1_550' title='bbox 1636 3901 1807 3974; x_wconf 81' lang='grc' dir='ltr'>ὥσπερ</span> 
     </span>
    </p>
   </div>
   <div class='ocr_carea' id='block_1_74' title="bbox 214 3981 1810 4059">
    <p class='ocr_par' dir='ltr' id='par_1_74' title="bbox 214 3981 1810 4059">
     <span class='ocr_line' id='line_1_74' title="bbox 214 3981 1810 4059; baseline 0.005 -26"><span class='ocrx_word' id='word_1_551' title='bbox 214 3988 287 4052; x_wconf 84' lang='grc' dir='ltr'>τῷ</span> <span class='ocrx_word' id='word_1_552' title='bbox 332 3990 424 4034; x_wconf 79' lang='grc' dir='ltr'>τοῦ</span> <span class='ocrx_word' id='word_1_553' title='bbox 477 3981 659 4055; x_wconf 79' lang='grc' dir='ltr'>Ἀγίου</span> <span class='ocrx_word' id='word_1_554' title='bbox 718 3986 858 4058; x_wconf 76' lang='grc' dir='ltr'>φόϐῳ</span> <span class='ocrx_word' id='word_1_555' title='bbox 918 3987 1224 4049; x_wconf 72' lang='grc' dir='ltr'>καταπειθὶς</span> <span class='ocrx_word' id='word_1_556' title='bbox 1281 3992 1565 4059; x_wconf 86' lang='grc' dir='ltr'>γενόμενον,</span> <span class='ocrx_word' id='word_1_557' title='bbox 1636 3992 1810 4041; x_wconf 85' lang='grc' dir='ltr'>καίτοι</span> 
     </span>
    </p>
   </div>
   <div class='ocr_carea' id='block_1_75' title="bbox 210 4068 1808 4151">
    <p class='ocr_par' dir='ltr' id='par_1_75' title="bbox 210 4068 1808 4151">
     <span class='ocr_line' id='line_1_75' title="bbox 210 4068 1808 4151; baseline 0.005 -29"><span class='ocrx_word' id='word_1_558' title='bbox 210 4068 515 4142; x_wconf 68' lang='grc' dir='ltr'>φιλοψευδὶς</span> <span class='ocrx_word' id='word_1_559' title='bbox 564 4077 638 4137; x_wconf 83' lang='grc' dir='ltr'>ὅν,</span> <span class='ocrx_word' id='word_1_560' title='bbox 697 4072 820 4127; x_wconf 83' lang='grc' dir='ltr'>ἆκον</span> <span class='ocrx_word' id='word_1_561' title='bbox 885 4072 1156 4151; x_wconf 74' lang='grc' dir='ltr'>ἐκήρυττεν</span> <span class='ocrx_word' id='word_1_562' title='bbox 1210 4079 1304 4134; x_wconf 83' lang='grc' dir='ltr'>τὴν</span> <span class='ocrx_word' id='word_1_563' title='bbox 1366 4075 1625 4135; x_wconf 73' lang='grc' dir='ltr'>ἀλήθειανο</span> <span class='ocrx_word' id='word_1_564' title='bbox 1697 4077 1808 4130; x_wconf 84' lang='grc' dir='ltr'>Ούκ</span> 
     </span>
    </p>
   </div>
   <div class='ocr_carea' id='block_1_76' title="bbox 210 4157 1806 4239">
    <p class='ocr_par' dir='ltr' id='par_1_76' title="bbox 210 4157 1806 4239">
     <span class='ocr_line' id='line_1_76' title="bbox 210 4157 1806 4239; baseline 0.002 -27"><span class='ocrx_word' id='word_1_565' title='bbox 210 4157 318 4231; x_wconf 82' lang='grc' dir='ltr'>εἰμί</span> <span class='ocrx_word' id='word_1_566' title='bbox 365 4158 464 4231; x_wconf 84' lang='grc' dir='ltr'>έγὼ</span> <span class='ocrx_word' id='word_1_567' title='bbox 519 4161 633 4223; x_wconf 89' lang='grc' dir='ltr'>θεὸς</span> <span class='ocrx_word' id='word_1_568' title='bbox 680 4160 858 4235; x_wconf 86' lang='grc' dir='ltr'>λέγων,</span> <span class='ocrx_word' id='word_1_569' title='bbox 910 4165 1083 4239; x_wconf 83' lang='grc' dir='ltr'>ὥσπερ</span> <span class='ocrx_word' id='word_1_570' title='bbox 1140 4161 1265 4217; x_wconf 71' lang='grc' dir='ltr'>οὐδὲ</span> <span class='ocrx_word' id='word_1_571' title='bbox 1315 4166 1365 4216; x_wconf 87' lang='grc' dir='ltr'>οἰ</span> <span class='ocrx_word' id='word_1_572' title='bbox 1417 4168 1510 4217; x_wconf 84' lang='grc' dir='ltr'>σὺν</span> <span class='ocrx_word' id='word_1_573' title='bbox 1562 4164 1674 4236; x_wconf 81' lang='grc' dir='ltr'>ἰμοὶ</span> <span class='ocrx_word' id='word_1_574' title='bbox 1720 4168 1806 4217; x_wconf 82' lang='grc' dir='ltr'>τόν</span> 
     </span>
    </p>
   </div>
   <div class='ocr_carea' id='block_1_77' title="bbox 206 4248 1806 4327">
    <p class='ocr_par' dir='ltr' id='par_1_77' title="bbox 206 4248 1806 4327">
     <span class='ocr_line' id='line_1_77' title="bbox 206 4248 1806 4327; baseline 0.004 -28"><span class='ocrx_word' id='word_1_575' title='bbox 206 4250 328 4299; x_wconf 87' lang='grc' dir='ltr'>ναὸν</span> <span class='ocrx_word' id='word_1_576' title='bbox 382 4248 660 4315; x_wconf 82' lang='grc' dir='ltr'>οἰκοῦντες,</span> <span class='ocrx_word' id='word_1_577' title='bbox 712 4249 821 4303; x_wconf 78' lang='grc' dir='ltr'>ἀλλ’</span> <span class='ocrx_word' id='word_1_578' title='bbox 864 4249 937 4315; x_wconf 81' lang='grc' dir='ltr'>εἷς</span> <span class='ocrx_word' id='word_1_579' title='bbox 991 4251 1190 4314; x_wconf 77' lang='grc' dir='ltr'>ἀληθής</span> <span class='ocrx_word' id='word_1_580' title='bbox 1236 4254 1261 4304; x_wconf 92' lang='lat'>6</span> <span class='ocrx_word' id='word_1_581' title='bbox 1312 4257 1561 4327; x_wconf 79' lang='grc' dir='ltr'>Χριστός.</span> <span class='ocrx_word' id='word_1_582' title='bbox 1612 4249 1739 4306; x_wconf 84' lang='grc' dir='ltr'>Εἶτα</span> <span class='ocrx_word' id='word_1_583' title='bbox 1781 4255 1806 4305; x_wconf 89' lang='lat'>6</span> 
     </span>
    </p>
   </div>
   <div class='ocr_carea' id='block_1_78' title="bbox 204 4338 1807 4413">
    <p class='ocr_par' dir='ltr' id='par_1_78' title="bbox 204 4338 1807 4413">
     <span class='ocr_line' id='line_1_78' title="bbox 204 4338 1807 4413; baseline 0.002 -24"><span class='ocrx_word' id='word_1_584' title='bbox 204 4338 423 4409; x_wconf 88' lang='grc' dir='ltr'>μάρτυς,</span> <span class='ocrx_word' id='word_1_585' title='bbox 489 4343 588 4392; x_wconf 76' lang='lat' dir='ltr'><strong><em>Kui</em></strong></span> <span class='ocrx_word' id='word_1_586' title='bbox 638 4338 682 4392; x_wconf 85' lang='grc' dir='ltr'>εἰ</span> <span class='ocrx_word' id='word_1_587' title='bbox 727 4345 799 4412; x_wconf 82' lang='grc' dir='ltr'>μὴ</span> <span class='ocrx_word' id='word_1_588' title='bbox 851 4339 967 4394; x_wconf 73' lang='grc' dir='ltr'>ἔστε</span> <span class='ocrx_word' id='word_1_589' title='bbox 997 4343 1121 4407; x_wconf 79' lang='grc' dir='ltr'>θεοὶ,</span> <span class='ocrx_word' id='word_1_590' title='bbox 1151 4344 1262 4413; x_wconf 69' lang='grc' dir='ltr'>ἔφη.</span> <span class='ocrx_word' id='word_1_591' title='bbox 1315 4346 1366 4393; x_wconf 91' lang='grc' dir='ltr'>τί</span> <span class='ocrx_word' id='word_1_592' title='bbox 1417 4343 1685 4404; x_wconf 84' lang='grc' dir='ltr'>παθόντες,</span> <span class='ocrx_word' id='word_1_593' title='bbox 1721 4340 1807 4393; x_wconf 79' lang='grc' dir='ltr'>ἁν-</span> 
     </span>
    </p>
   </div>
   <div class='ocr_carea' id='block_1_79' title="bbox 206 4426 1808 4503">
    <p class='ocr_par' dir='ltr' id='par_1_79' title="bbox 206 4426 1808 4503">
     <span class='ocr_line' id='line_1_79' title="bbox 206 4426 1808 4503; baseline 0.002 -25"><span class='ocrx_word' id='word_1_594' title='bbox 206 4427 449 4499; x_wconf 83' lang='grc' dir='ltr'>θρώπους</span> <span class='ocrx_word' id='word_1_595' title='bbox 490 4426 773 4489; x_wconf 73' lang='grc' dir='ltr'>ἐξαπατᾶτε</span> <span class='ocrx_word' id='word_1_596' title='bbox 829 4430 899 4490; x_wconf 84' lang='grc' dir='ltr'>ὡς</span> <span class='ocrx_word' id='word_1_597' title='bbox 970 4430 1098 4489; x_wconf 86' lang='grc' dir='ltr'>θεοῖς</span> <span class='ocrx_word' id='word_1_598' title='bbox 1170 4431 1451 4503; x_wconf 83' lang='grc' dir='ltr'>προσέχειν</span> <span class='ocrx_word' id='word_1_599' title='bbox 1503 4430 1623 4501; x_wconf 88' lang='grc' dir='ltr'>ὑμῖν</span> <span class='ocrx_word' id='word_1_600' title='bbox 1651 4446 1665 4497; x_wconf 89' lang='grc'><strong>;</strong></span> <span class='ocrx_word' id='word_1_601' title='bbox 1698 4437 1808 4490; x_wconf 89' lang='grc' dir='ltr'>πῶς</span> 
     </span>
    </p>
   </div>
   <div class='ocr_carea' id='block_1_80' title="bbox 1924 3265 3564 3346">
    <p class='ocr_par' dir='ltr' id='par_1_80' title="bbox 1924 3265 3564 3346">
     <span class='ocr_line' id='line_1_80' title="bbox 1924 3265 3564 3346; baseline -0.005 -18"><span class='ocrx_word' id='word_1_602' title='bbox 1924 3273 2004 3329; x_wconf 93' lang='lat' dir='ltr'>do</span> <span class='ocrx_word' id='word_1_603' title='bbox 2017 3272 2436 3346; x_wconf 87' lang='lat' dir='ltr'><strong>imperatorem</strong></span> <span class='ocrx_word' id='word_1_604' title='bbox 2454 3276 2513 3327; x_wconf 85' lang='lat' dir='ltr'>et</span> <span class='ocrx_word' id='word_1_605' title='bbox 2527 3272 2709 3327; x_wconf 89' lang='lat' dir='ltr'><strong>deum</strong></span> <span class='ocrx_word' id='word_1_606' title='bbox 2725 3271 2912 3342; x_wconf 89' lang='lat' dir='ltr'><strong>ipsius</strong></span> <span class='ocrx_word' id='word_1_607' title='bbox 2932 3265 3564 3341; x_wconf 87' lang='lat' dir='ltr'><strong>Apollinemlaudibus</strong></span> 
     </span>
    </p>
   </div>
   <div class='ocr_carea' id='block_1_81' title="bbox 1923 3354 3562 3434">
    <p class='ocr_par' dir='ltr' id='par_1_81' title="bbox 1923 3354 3562 3434">
     <span class='ocr_line' id='line_1_81' title="bbox 1923 3354 3562 3434; baseline -0.005 -18"><span class='ocrx_word' id='word_1_608' title='bbox 1923 3360 2193 3419; x_wconf 82' lang='lat' dir='ltr'><strong>efferunt.</strong></span> <span class='ocrx_word' id='word_1_609' title='bbox 2217 3364 2542 3434; x_wconf 85' lang='lat' dir='ltr'><strong>Postquam</strong></span> <span class='ocrx_word' id='word_1_610' title='bbox 2553 3374 2762 3416; x_wconf 89' lang='lat' dir='ltr'><strong>omnes</strong></span> <span class='ocrx_word' id='word_1_611' title='bbox 2777 3357 3059 3430; x_wconf 88' lang='lat' dir='ltr'><strong>templum</strong></span> <span class='ocrx_word' id='word_1_612' title='bbox 3076 3354 3329 3425; x_wconf 88' lang='lat' dir='ltr'><strong>ingressi</strong></span> <span class='ocrx_word' id='word_1_613' title='bbox 3347 3356 3562 3419; x_wconf 90' lang='lat' dir='ltr'><strong>essent,</strong></span> 
     </span>
    </p>
   </div>
   <div class='ocr_carea' id='block_1_82' title="bbox 1922 3441 3565 3519">
    <p class='ocr_par' dir='ltr' id='par_1_82' title="bbox 1922 3441 3565 3519">
     <span class='ocr_line' id='line_1_82' title="bbox 1922 3441 3565 3519; baseline -0.005 -14"><span class='ocrx_word' id='word_1_614' title='bbox 1922 3450 2152 3507; x_wconf 88' lang='lat' dir='ltr'><strong>silentio</strong></span> <span class='ocrx_word' id='word_1_615' title='bbox 2178 3450 2356 3517; x_wconf 85' lang='lat' dir='ltr'><strong>facto,</strong></span> <span class='ocrx_word' id='word_1_616' title='bbox 2397 3449 2683 3519; x_wconf 88' lang='lat' dir='ltr'><strong>Georgius</strong></span> <span class='ocrx_word' id='word_1_617' title='bbox 2713 3446 3006 3519; x_wconf 89' lang='lat' dir='ltr'><strong>Apollinis</strong></span> <span class='ocrx_word' id='word_1_618' title='bbox 3036 3449 3289 3500; x_wconf 87' lang='lat' dir='ltr'><strong>statuam</strong></span> <span class='ocrx_word' id='word_1_619' title='bbox 3328 3441 3565 3513; x_wconf 89' lang='lat' dir='ltr'><strong>conspi-</strong></span> 
     </span>
    </p>
   </div>
   <div class='ocr_carea' id='block_1_83' title="bbox 1921 3530 3564 3609">
    <p class='ocr_par' dir='ltr' id='par_1_83' title="bbox 1921 3530 3564 3609">
     <span class='ocr_line' id='line_1_83' title="bbox 1921 3530 3564 3609; baseline -0.006 -14"><span class='ocrx_word' id='word_1_620' title='bbox 1921 3543 2091 3595; x_wconf 91' lang='lat' dir='ltr'><strong>catus</strong></span> <span class='ocrx_word' id='word_1_621' title='bbox 2122 3559 2133 3598; x_wconf 90' lang='lat'><strong>:</strong></span> <span class='ocrx_word' id='word_1_622' title='bbox 2158 3541 2242 3595; x_wconf 92' lang='lat' dir='ltr'>Tu</span> <span class='ocrx_word' id='word_1_623' title='bbox 2266 3541 2415 3595; x_wconf 91' lang='lat' dir='ltr'><strong>deus</strong></span> <span class='ocrx_word' id='word_1_624' title='bbox 2439 3554 2522 3603; x_wconf 89' lang='lat' dir='ltr'>es,</span> <span class='ocrx_word' id='word_1_625' title='bbox 2550 3536 2761 3609; x_wconf 91' lang='lat' dir='ltr'><strong>inquit,</strong></span> <span class='ocrx_word' id='word_1_626' title='bbox 2785 3539 2841 3591; x_wconf 90' lang='lat' dir='ltr'>et</span> <span class='ocrx_word' id='word_1_627' title='bbox 2864 3534 2936 3590; x_wconf 90' lang='lat' dir='ltr'>ab</span> <span class='ocrx_word' id='word_1_628' title='bbox 2960 3532 3305 3590; x_wconf 89' lang='lat' dir='ltr'><strong>hominibus</strong></span> <span class='ocrx_word' id='word_1_629' title='bbox 3326 3530 3564 3587; x_wconf 89' lang='lat' dir='ltr'><strong>adorari</strong></span> 
     </span>
    </p>
   </div>
   <div class='ocr_carea' id='block_1_84' title="bbox 1920 3618 3559 3702">
    <p class='ocr_par' dir='ltr' id='par_1_84' title="bbox 1920 3618 3559 3702">
     <span class='ocr_line' id='line_1_84' title="bbox 1920 3618 3559 3702; baseline -0.008 -17"><span class='ocrx_word' id='word_1_630' title='bbox 1920 3628 2238 3702; x_wconf 65' lang='lat' dir='ltr'><strong>prmsumis</strong></span> <span class='ocrx_word' id='word_1_631' title='bbox 2254 3628 2282 3684; x_wconf 80' lang='lat'><strong>?</strong></span> <span class='ocrx_word' id='word_1_632' title='bbox 2298 3631 2443 3684; x_wconf 93' lang='lat' dir='ltr'><strong>Tum</strong></span> <span class='ocrx_word' id='word_1_633' title='bbox 2462 3626 2784 3683; x_wconf 81' lang='lat' dir='ltr'><strong>confessim</strong></span> <span class='ocrx_word' id='word_1_634' title='bbox 2803 3624 2997 3680; x_wconf 87' lang='lat' dir='ltr'><strong>malus</strong></span> <span class='ocrx_word' id='word_1_635' title='bbox 3009 3622 3249 3677; x_wconf 57' lang='lat' dir='ltr'><strong>daemon</strong></span> <span class='ocrx_word' id='word_1_636' title='bbox 3269 3618 3559 3685; x_wconf 90' lang='lat' dir='ltr'><strong>inclusus,</strong></span> 
     </span>
    </p>
   </div>
   <div class='ocr_carea' id='block_1_85' title="bbox 1923 3706 3563 3791">
    <p class='ocr_par' dir='ltr' id='par_1_85' title="bbox 1923 3706 3563 3791">
     <span class='ocr_line' id='line_1_85' title="bbox 1923 3706 3563 3791; baseline -0.007 -18"><span class='ocrx_word' id='word_1_637' title='bbox 1923 3723 2126 3791; x_wconf 89' lang='lat' dir='ltr'><strong>utpote</strong></span> <span class='ocrx_word' id='word_1_638' title='bbox 2143 3718 2329 3773; x_wconf 91' lang='lat' dir='ltr'><strong>sancti</strong></span> <span class='ocrx_word' id='word_1_639' title='bbox 2348 3720 2508 3772; x_wconf 91' lang='lat' dir='ltr'><strong>metu</strong></span> <span class='ocrx_word' id='word_1_640' title='bbox 2520 3713 2851 3787; x_wconf 88' lang='lat' dir='ltr'><strong>perculsus,</strong></span> <span class='ocrx_word' id='word_1_641' title='bbox 2870 3711 3132 3782; x_wconf 88' lang='lat' dir='ltr'><strong>alioquin</strong></span> <span class='ocrx_word' id='word_1_642' title='bbox 3154 3706 3433 3772; x_wconf 86' lang='lat' dir='ltr'><strong>mendax,</strong></span> <span class='ocrx_word' id='word_1_643' title='bbox 3448 3706 3563 3762; x_wconf 92' lang='lat' dir='ltr'>hoc</span> 
     </span>
    </p>
   </div>
   <div class='ocr_carea' id='block_1_86' title="bbox 1921 3796 3562 3874">
    <p class='ocr_par' dir='ltr' id='par_1_86' title="bbox 1921 3796 3562 3874">
     <span class='ocr_line' id='line_1_86' title="bbox 1921 3796 3562 3874; baseline -0.007 -11"><span class='ocrx_word' id='word_1_644' title='bbox 1921 3812 2120 3864; x_wconf 90' lang='lat' dir='ltr'><strong>tamen</strong></span> <span class='ocrx_word' id='word_1_645' title='bbox 2144 3806 2297 3874; x_wconf 90' lang='lat' dir='ltr'><strong>loco,</strong></span> <span class='ocrx_word' id='word_1_646' title='bbox 2327 3805 2461 3861; x_wconf 93' lang='lat' dir='ltr'><strong>licet</strong></span> <span class='ocrx_word' id='word_1_647' title='bbox 2496 3804 2734 3867; x_wconf 87' lang='lat' dir='ltr'><strong>invitus,</strong></span> <span class='ocrx_word' id='word_1_648' title='bbox 2780 3815 2982 3856; x_wconf 87' lang='lat' dir='ltr'><strong>verum</strong></span> <span class='ocrx_word' id='word_1_649' title='bbox 3021 3796 3348 3854; x_wconf 89' lang='lat' dir='ltr'><strong>enuntiavit</strong></span> <span class='ocrx_word' id='word_1_650' title='bbox 3386 3811 3398 3849; x_wconf 90' lang='lat'><strong>:</strong></span> <span class='ocrx_word' id='word_1_651' title='bbox 3433 3797 3562 3851; x_wconf 88' lang='lat' dir='ltr'><strong>Non</strong></span> 
     </span>
    </p>
   </div>
   <div class='ocr_carea' id='block_1_87' title="bbox 1921 3881 3558 3964">
    <p class='ocr_par' dir='ltr' id='par_1_87' title="bbox 1921 3881 3558 3964">
     <span class='ocr_line' id='line_1_87' title="bbox 1921 3881 3558 3964; baseline -0.01 -11"><span class='ocrx_word' id='word_1_652' title='bbox 1921 3913 2055 3952; x_wconf 90' lang='lat' dir='ltr'>sum</span> <span class='ocrx_word' id='word_1_653' title='bbox 2073 3896 2245 3963; x_wconf 92' lang='lat' dir='ltr'><strong>deus,</strong></span> <span class='ocrx_word' id='word_1_654' title='bbox 2260 3894 2484 3959; x_wconf 85' lang='lat' dir='ltr'><strong>dicens,</strong></span> <span class='ocrx_word' id='word_1_655' title='bbox 2501 3906 2695 3964; x_wconf 89' lang='lat' dir='ltr'><strong>neque</strong></span> <span class='ocrx_word' id='word_1_656' title='bbox 2705 3890 2807 3963; x_wconf 90' lang='lat' dir='ltr'>qui</span> <span class='ocrx_word' id='word_1_657' title='bbox 2825 3902 3060 3944; x_wconf 90' lang='lat' dir='ltr'><strong>mecum</strong></span> <span class='ocrx_word' id='word_1_658' title='bbox 3073 3886 3260 3942; x_wconf 89' lang='lat' dir='ltr'><strong>hocce</strong></span> <span class='ocrx_word' id='word_1_659' title='bbox 3270 3881 3558 3955; x_wconf 87' lang='lat' dir='ltr'><strong>templum</strong></span> 
     </span>
    </p>
   </div>
   <div class='ocr_carea' id='block_1_88' title="bbox 1917 3969 3563 4051">
    <p class='ocr_par' dir='ltr' id='par_1_88' title="bbox 1917 3969 3563 4051">
     <span class='ocr_line' id='line_1_88' title="bbox 1917 3969 3563 4051; baseline -0.011 -9"><span class='ocrx_word' id='word_1_660' title='bbox 1917 3986 2204 4051; x_wconf 92' lang='lat' dir='ltr'><strong>incolunt,</strong></span> <span class='ocrx_word' id='word_1_661' title='bbox 2238 3983 2344 4039; x_wconf 89' lang='lat' dir='ltr'>sed</span> <span class='ocrx_word' id='word_1_662' title='bbox 2372 3997 2526 4038; x_wconf 93' lang='lat' dir='ltr'><strong>unus</strong></span> <span class='ocrx_word' id='word_1_663' title='bbox 2549 3980 2830 4038; x_wconf 87' lang='lat' dir='ltr'><strong>Christus.</strong></span> <span class='ocrx_word' id='word_1_664' title='bbox 2870 3980 3018 4033; x_wconf 89' lang='lat' dir='ltr'><strong>Tum</strong></span> <span class='ocrx_word' id='word_1_665' title='bbox 3058 3978 3298 4046; x_wconf 87' lang='lat' dir='ltr'><strong>martyr.</strong></span> <span class='ocrx_word' id='word_1_666' title='bbox 3332 3987 3436 4027; x_wconf 86' lang='lat' dir='ltr'>vos</span> <span class='ocrx_word' id='word_1_667' title='bbox 3456 3969 3563 4041; x_wconf 85' lang='lat' dir='ltr'><strong>igi-</strong></span> 
     </span>
    </p>
   </div>
   <div class='ocr_carea' id='block_1_89' title="bbox 1916 4058 3556 4147">
    <p class='ocr_par' dir='ltr' id='par_1_89' title="bbox 1916 4058 3556 4147">
     <span class='ocr_line' id='line_1_89' title="bbox 1916 4058 3556 4147; baseline -0.01 -17"><span class='ocrx_word' id='word_1_668' title='bbox 1916 4081 2030 4140; x_wconf 88' lang='lat' dir='ltr'><strong>tur,</strong></span> <span class='ocrx_word' id='word_1_669' title='bbox 2058 4075 2162 4147; x_wconf 89' lang='lat' dir='ltr'>qui</span> <span class='ocrx_word' id='word_1_670' title='bbox 2181 4073 2261 4129; x_wconf 90' lang='lat' dir='ltr'><strong>dii</strong></span> <span class='ocrx_word' id='word_1_671' title='bbox 2282 4087 2404 4128; x_wconf 91' lang='lat' dir='ltr'>non</span> <span class='ocrx_word' id='word_1_672' title='bbox 2426 4071 2585 4136; x_wconf 87' lang='lat' dir='ltr'><strong>estis,</strong></span> <span class='ocrx_word' id='word_1_673' title='bbox 2609 4085 2711 4124; x_wconf 93' lang='lat' dir='ltr'>cur</span> <span class='ocrx_word' id='word_1_674' title='bbox 2733 4065 3011 4124; x_wconf 88' lang='lat' dir='ltr'><strong>homines</strong></span> <span class='ocrx_word' id='word_1_675' title='bbox 3032 4061 3329 4134; x_wconf 88' lang='lat' dir='ltr'><strong>decipitis,</strong></span> <span class='ocrx_word' id='word_1_676' title='bbox 3347 4058 3556 4132; x_wconf 88' lang='lat' dir='ltr'><strong>inquit,</strong></span> 
     </span>
    </p>
   </div>
   <div class='ocr_carea' id='block_1_90' title="bbox 1917 4151 3559 4235">
    <p class='ocr_par' dir='ltr' id='par_1_90' title="bbox 1917 4151 3559 4235">
     <span class='ocr_line' id='line_1_90' title="bbox 1917 4151 3559 4235; baseline -0.009 -17"><span class='ocrx_word' id='word_1_677' title='bbox 1917 4179 2025 4235; x_wconf 90' lang='lat' dir='ltr'>pro</span> <span class='ocrx_word' id='word_1_678' title='bbox 2051 4163 2163 4218; x_wconf 89' lang='lat' dir='ltr'><strong>diis</strong></span> <span class='ocrx_word' id='word_1_679' title='bbox 2190 4162 2397 4216; x_wconf 89' lang='lat' dir='ltr'><strong>haberi</strong></span> <span class='ocrx_word' id='word_1_680' title='bbox 2421 4162 2853 4232; x_wconf 69' lang='lat' dir='ltr'><strong>prmsumentes</strong></span> <span class='ocrx_word' id='word_1_681' title='bbox 2882 4156 2910 4211; x_wconf 72' lang='lat' dir='ltr'>‘I</span> <span class='ocrx_word' id='word_1_682' title='bbox 2941 4153 3051 4220; x_wconf 86' lang='lat' dir='ltr'><strong>Qui</strong></span> <span class='ocrx_word' id='word_1_683' title='bbox 3079 4151 3144 4208; x_wconf 87' lang='lat' dir='ltr'>ﬁt</span> <span class='ocrx_word' id='word_1_684' title='bbox 3175 4155 3237 4207; x_wconf 92' lang='lat' dir='ltr'>ut</span> <span class='ocrx_word' id='word_1_685' title='bbox 3262 4165 3356 4205; x_wconf 89' lang='lat' dir='ltr'>me</span> <span class='ocrx_word' id='word_1_686' title='bbox 3384 4162 3559 4204; x_wconf 91' lang='lat' dir='ltr'><strong>servo</strong></span> 
     </span>
    </p>
   </div>
   <div class='ocr_carea' id='block_1_91' title="bbox 1918 4236 3560 4320">
    <p class='ocr_par' dir='ltr' id='par_1_91' title="bbox 1918 4236 3560 4320">
     <span class='ocr_line' id='line_1_91' title="bbox 1918 4236 3560 4320; baseline -0.01 -12"><span class='ocrx_word' id='word_1_687' title='bbox 1918 4250 2127 4308; x_wconf 89' lang='lat' dir='ltr'><strong>Christi</strong></span> <span class='ocrx_word' id='word_1_688' title='bbox 2156 4253 2444 4320; x_wconf 62' lang='lat' dir='ltr'><strong>praesente</strong></span> <span class='ocrx_word' id='word_1_689' title='bbox 2464 4247 2601 4301; x_wconf 87' lang='lat' dir='ltr'><strong>huic</strong></span> <span class='ocrx_word' id='word_1_690' title='bbox 2625 4244 2819 4300; x_wconf 92' lang='lat' dir='ltr'><strong>fraudi</strong></span> <span class='ocrx_word' id='word_1_691' title='bbox 2849 4258 2968 4298; x_wconf 92' lang='lat' dir='ltr'>non</span> <span class='ocrx_word' id='word_1_692' title='bbox 2999 4238 3345 4296; x_wconf 86' lang='lat' dir='ltr'><strong>renuntietis</strong></span> <span class='ocrx_word' id='word_1_693' title='bbox 3367 4236 3396 4291; x_wconf 82' lang='lat'><strong>?</strong></span> <span class='ocrx_word' id='word_1_694' title='bbox 3426 4239 3560 4293; x_wconf 66' lang='lat' dir='ltr'>Hec</span> 
     </span>
    </p>
   </div>
   <div class='ocr_carea' id='block_1_92' title="bbox 1917 4328 3561 4407">
    <p class='ocr_par' dir='ltr' id='par_1_92' title="bbox 1917 4328 3561 4407">
     <span class='ocr_line' id='line_1_92' title="bbox 1917 4328 3561 4407; baseline -0.009 -13"><span class='ocrx_word' id='word_1_695' title='bbox 1917 4355 2054 4395; x_wconf 92' lang='lat' dir='ltr'>cum</span> <span class='ocrx_word' id='word_1_696' title='bbox 2077 4338 2319 4393; x_wconf 86' lang='lat' dir='ltr'><strong>dixisset</strong></span> <span class='ocrx_word' id='word_1_697' title='bbox 2342 4340 2588 4407; x_wconf 90' lang='lat' dir='ltr'><strong>martyr,</strong></span> <span class='ocrx_word' id='word_1_698' title='bbox 2616 4339 2675 4389; x_wconf 88' lang='lat' dir='ltr'>et</span> <span class='ocrx_word' id='word_1_699' title='bbox 2701 4330 2982 4389; x_wconf 89' lang='lat' dir='ltr'><strong>omnibus</strong></span> <span class='ocrx_word' id='word_1_700' title='bbox 3010 4328 3113 4401; x_wconf 89' lang='lat' dir='ltr'><strong>qui</strong></span> <span class='ocrx_word' id='word_1_701' title='bbox 3140 4329 3406 4392; x_wconf 88' lang='lat' dir='ltr'><strong>aderant,</strong></span> <span class='ocrx_word' id='word_1_702' title='bbox 3436 4340 3561 4381; x_wconf 90' lang='lat' dir='ltr'><strong>cru-</strong></span> 
     </span>
    </p>
   </div>
   <div class='ocr_carea' id='block_1_93' title="bbox 1915 4415 3560 4496">
    <p class='ocr_par' dir='ltr' id='par_1_93' title="bbox 1915 4415 3560 4496">
     <span class='ocr_line' id='line_1_93' title="bbox 1915 4415 3560 4496; baseline -0.008 -14"><span class='ocrx_word' id='word_1_703' title='bbox 1915 4427 2001 4482; x_wconf 93' lang='lat' dir='ltr'><strong>cis</strong></span> <span class='ocrx_word' id='word_1_704' title='bbox 2030 4427 2268 4496; x_wconf 88' lang='lat' dir='ltr'><strong>signum</strong></span> <span class='ocrx_word' id='word_1_705' title='bbox 2311 4424 2463 4480; x_wconf 87' lang='lat' dir='ltr'><strong>sicut</strong></span> <span class='ocrx_word' id='word_1_706' title='bbox 2500 4421 2681 4478; x_wconf 91' lang='lat' dir='ltr'><strong>telum</strong></span> <span class='ocrx_word' id='word_1_707' title='bbox 2717 4416 3077 4475; x_wconf 89' lang='lat' dir='ltr'><strong>irresistibile</strong></span> <span class='ocrx_word' id='word_1_708' title='bbox 3114 4415 3431 4486; x_wconf 86' lang='lat' dir='ltr'><strong>injecisset,</strong></span> <span class='ocrx_word' id='word_1_709' title='bbox 3472 4418 3560 4469; x_wconf 86' lang='lat' dir='ltr'>tu-</span> 
     </span>
    </p>
   </div>
   <div class='ocr_carea' id='block_1_94' title="bbox 203 4501 1818 4591">
    <p class='ocr_par' dir='ltr' id='par_1_94' title="bbox 203 4501 1803 4591">
     <span class='ocr_line' id='line_1_94' title="bbox 203 4501 1803 4591; baseline 0.001 -23"><span class='ocrx_word' id='word_1_710' title='bbox 203 4510 268 4568; x_wconf 69' lang='grc' dir='ltr'>δε</span> <span class='ocrx_word' id='word_1_711' title='bbox 312 4519 405 4567; x_wconf 88' lang='lat' dir='ltr'>xui</span> <span class='ocrx_word' id='word_1_712' title='bbox 460 4515 733 4587; x_wconf 88' lang='grc' dir='ltr'>ὑπομεῖναι</span> <span class='ocrx_word' id='word_1_713' title='bbox 780 4516 909 4575; x_wconf 87' lang='grc' dir='ltr'>ὅλως</span> <span class='ocrx_word' id='word_1_714' title='bbox 953 4518 1102 4589; x_wconf 88' lang='grc' dir='ltr'>ὑμεῖς</span> <span class='ocrx_word' id='word_1_715' title='bbox 1142 4501 1509 4591; x_wconf 82' lang='grc' dir='ltr'>τεθαρῥήκατε,</span> <span class='ocrx_word' id='word_1_716' title='bbox 1565 4515 1690 4589; x_wconf 78' lang='grc' dir='ltr'>έμοῦ</span> <span class='ocrx_word' id='word_1_717' title='bbox 1733 4517 1803 4570; x_wconf 81' lang='grc' dir='ltr'>ἐν·</span> 
     </span>
    </p>
   </div>
   <div class='ocr_carea' id='block_1_95' title="bbox 1930 4501 3555 4591">
    <p class='ocr_par' dir='ltr' id='par_1_95' title="bbox 1930 4501 3555 4591">
     <span class='ocr_line' id='line_1_95' title="bbox 1930 4501 3555 4591; baseline -0.012 -17"><span class='ocrx_word' id='word_1_718' title='bbox 1930 4516 2137 4573; x_wconf 81' lang='lat' dir='ltr'><strong>nultus</strong></span> <span class='ocrx_word' id='word_1_719' title='bbox 2160 4514 2421 4571; x_wconf 89' lang='lat' dir='ltr'><strong>clamore</strong></span> <span class='ocrx_word' id='word_1_720' title='bbox 2446 4515 2505 4568; x_wconf 90' lang='lat' dir='ltr'>et</span> <span class='ocrx_word' id='word_1_721' title='bbox 2537 4509 2761 4584; x_wconf 87' lang='lat' dir='ltr'><strong>gemitu</strong></span> <span class='ocrx_word' id='word_1_722' title='bbox 2798 4506 3011 4563; x_wconf 90' lang='lat' dir='ltr'><strong>mistus</strong></span> <span class='ocrx_word' id='word_1_723' title='bbox 3041 4505 3278 4561; x_wconf 89' lang='lat' dir='ltr'><strong>auditus</strong></span> <span class='ocrx_word' id='word_1_724' title='bbox 3308 4505 3401 4558; x_wconf 88' lang='lat' dir='ltr'>est</span> <span class='ocrx_word' id='word_1_725' title='bbox 3437 4501 3555 4591; x_wconf 28' lang='lat' dir='ltr'><strong>dmi</strong></span> 
     </span>
    </p>
   </div>
   <div class='ocr_carea' id='block_1_96' title="bbox 202 4601 1805 4677">
    <p class='ocr_par' dir='ltr' id='par_1_96' title="bbox 202 4601 1805 4677">
     <span class='ocr_line' id='line_1_96' title="bbox 202 4601 1805 4677; baseline 0.002 -21"><span class='ocrx_word' id='word_1_726' title='bbox 202 4604 380 4656; x_wconf 80' lang='grc' dir='ltr'>ταῦθά</span> <span class='ocrx_word' id='word_1_727' title='bbox 419 4607 673 4677; x_wconf 88' lang='grc' dir='ltr'>παρόντος</span> <span class='ocrx_word' id='word_1_728' title='bbox 703 4612 796 4657; x_wconf 88' lang='grc' dir='ltr'>τοῦ</span> <span class='ocrx_word' id='word_1_729' title='bbox 831 4601 1020 4658; x_wconf 87' lang='grc' dir='ltr'>δούλου</span> <span class='ocrx_word' id='word_1_730' title='bbox 1068 4612 1340 4677; x_wconf 83' lang='grc' dir='ltr'>Χριστοῦ;</span> <span class='ocrx_word' id='word_1_731' title='bbox 1374 4606 1554 4668; x_wconf 86' lang='grc' dir='ltr'>Οὑτως</span> <span class='ocrx_word' id='word_1_732' title='bbox 1582 4606 1805 4669; x_wconf 84' lang='grc' dir='ltr'>εἰπόντος</span> 
     </span>
    </p>
   </div>
   <div class='ocr_carea' id='block_1_97' title="bbox 201 4693 1805 4768">
    <p class='ocr_par' dir='ltr' id='par_1_97' title="bbox 201 4693 1805 4768">
     <span class='ocr_line' id='line_1_97' title="bbox 201 4693 1805 4768; baseline 0.002 -23"><span class='ocrx_word' id='word_1_733' title='bbox 201 4698 299 4745; x_wconf 89' lang='grc' dir='ltr'>τοῦ</span> <span class='ocrx_word' id='word_1_734' title='bbox 356 4693 640 4766; x_wconf 84' lang='grc' dir='ltr'>μάρτυρος,</span> <span class='ocrx_word' id='word_1_735' title='bbox 693 4697 783 4745; x_wconf 86' lang='lat' dir='ltr'>xui</span> <span class='ocrx_word' id='word_1_736' title='bbox 834 4695 1006 4768; x_wconf 81' lang='grc' dir='ltr'>ὥσπερ</span> <span class='ocrx_word' id='word_1_737' title='bbox 1044 4713 1095 4746; x_wconf 91' lang='grc' dir='ltr'>τι</span> <span class='ocrx_word' id='word_1_738' title='bbox 1141 4693 1351 4767; x_wconf 81' lang='grc' dir='ltr'>ἄμαχον</span> <span class='ocrx_word' id='word_1_739' title='bbox 1408 4693 1560 4747; x_wconf 88' lang='grc' dir='ltr'>ὅπλον</span> <span class='ocrx_word' id='word_1_740' title='bbox 1612 4700 1669 4748; x_wconf 89' lang='grc' dir='ltr'>τό</span> <span class='ocrx_word' id='word_1_741' title='bbox 1715 4703 1805 4749; x_wconf 87' lang='grc' dir='ltr'>τοῦ</span> 
     </span>
    </p>
   </div>
   <div class='ocr_carea' id='block_1_98' title="bbox 204 4782 1804 4856">
    <p class='ocr_par' dir='ltr' id='par_1_98' title="bbox 204 4782 1804 4856">
     <span class='ocr_line' id='line_1_98' title="bbox 204 4782 1804 4856; baseline 0.002 -22"><span class='ocrx_word' id='word_1_742' title='bbox 204 4787 442 4852; x_wconf 83' lang='grc' dir='ltr'>σταυροῦ</span> <span class='ocrx_word' id='word_1_743' title='bbox 491 4788 703 4853; x_wconf 84' lang='grc' dir='ltr'>σημεῖον</span> <span class='ocrx_word' id='word_1_744' title='bbox 751 4782 926 4844; x_wconf 77' lang='grc' dir='ltr'>αὐτοῖς</span> <span class='ocrx_word' id='word_1_745' title='bbox 963 4782 1337 4847; x_wconf 81' lang='grc' dir='ltr'>ίπισείσαντος,</span> <span class='ocrx_word' id='word_1_746' title='bbox 1382 4786 1614 4856; x_wconf 88' lang='grc' dir='ltr'>τάραχος</span> <span class='ocrx_word' id='word_1_747' title='bbox 1656 4785 1804 4847; x_wconf 79' lang='grc' dir='ltr'>εὐθὺς</span> 
     </span>
    </p>
   </div>
   <div class='ocr_carea' id='block_1_99' title="bbox 203 4877 1582 4955">
    <p class='ocr_par' dir='ltr' id='par_1_99' title="bbox 203 4877 1582 4955">
     <span class='ocr_line' id='line_1_99' title="bbox 203 4877 1582 4955; baseline 0.001 -24"><span class='ocrx_word' id='word_1_748' title='bbox 203 4879 442 4946; x_wconf 73' lang='grc' dir='ltr'>ἠκούετο,</span> <span class='ocrx_word' id='word_1_749' title='bbox 490 4882 578 4931; x_wconf 89' lang='lat' dir='ltr'>xui</span> <span class='ocrx_word' id='word_1_750' title='bbox 633 4877 732 4951; x_wconf 80' lang='grc' dir='ltr'>βοὴ</span> <span class='ocrx_word' id='word_1_751' title='bbox 783 4886 871 4933; x_wconf 86' lang='lat' dir='ltr'>xui</span> <span class='ocrx_word' id='word_1_752' title='bbox 926 4882 1105 4953; x_wconf 79' lang='grc' dir='ltr'>θρῆνος</span> <span class='ocrx_word' id='word_1_753' title='bbox 1171 4880 1228 4933; x_wconf 77' lang='grc' dir='ltr'>ἐκ</span> <span class='ocrx_word' id='word_1_754' title='bbox 1280 4889 1371 4933; x_wconf 89' lang='grc' dir='ltr'>τοῦ</span> <span class='ocrx_word' id='word_1_755' title='bbox 1424 4884 1582 4955; x_wconf 83' lang='grc' dir='ltr'>ἱεροῦ,</span> 
     </span>
    </p>
   </div>
   <div class='ocr_carea' id='block_1_100' title="bbox 1666 4876 2577 4957">
    <p class='ocr_par' dir='ltr' id='par_1_100' title="bbox 1666 4876 2577 4957">
     <span class='ocr_line' id='line_1_100' title="bbox 1666 4876 2577 4957; baseline -0.01 -22"><span class='ocrx_word' id='word_1_756' title='bbox 1666 4879 2080 4957; x_wconf 87' lang='grc' dir='ltr'>δραπετευόντων</span> <span class='ocrx_word' id='word_1_757' title='bbox 2124 4889 2223 4932; x_wconf 88' lang='grc' dir='ltr'>τῶν</span> <span class='ocrx_word' id='word_1_758' title='bbox 2277 4876 2577 4950; x_wconf 84' lang='grc' dir='ltr'>δαιμονίων·</span> 
     </span>
    </p>
   </div>
   <div class='ocr_carea' id='block_1_101' title="bbox 1912 4589 3557 4671">
    <p class='ocr_par' dir='ltr' id='par_1_101' title="bbox 1912 4589 3557 4671">
     <span class='ocr_line' id='line_1_101' title="bbox 1912 4589 3557 4671; baseline -0.01 -8"><span class='ocrx_word' id='word_1_759' title='bbox 1912 4621 2162 4663; x_wconf 89' lang='lat' dir='ltr'><strong>monum</strong></span> <span class='ocrx_word' id='word_1_760' title='bbox 2188 4602 2366 4659; x_wconf 89' lang='lat' dir='ltr'><strong>simul</strong></span> <span class='ocrx_word' id='word_1_761' title='bbox 2386 4600 2818 4671; x_wconf 76' lang='lat' dir='ltr'><strong>autugientium</strong></span> <span class='ocrx_word' id='word_1_762' title='bbox 2843 4613 2857 4664; x_wconf 92' lang='lat'><strong>;</strong></span> <span class='ocrx_word' id='word_1_763' title='bbox 2883 4595 3043 4651; x_wconf 89' lang='lat' dir='ltr'><strong>idola</strong></span> <span class='ocrx_word' id='word_1_764' title='bbox 3058 4608 3198 4651; x_wconf 88' lang='lat' dir='ltr'><strong>vero</strong></span> <span class='ocrx_word' id='word_1_765' title='bbox 3218 4594 3369 4665; x_wconf 88' lang='lat' dir='ltr'><strong>ipsa,</strong></span> <span class='ocrx_word' id='word_1_766' title='bbox 3382 4589 3557 4663; x_wconf 89' lang='lat' dir='ltr'><strong>quasi</strong></span> 
     </span>
    </p>
   </div>
   <div class='ocr_carea' id='block_1_102' title="bbox 1914 4681 3554 4762">
    <p class='ocr_par' dir='ltr' id='par_1_102' title="bbox 1914 4681 3554 4762">
     <span class='ocr_line' id='line_1_102' title="bbox 1914 4681 3554 4762; baseline -0.01 -10"><span class='ocrx_word' id='word_1_767' title='bbox 1914 4710 2100 4752; x_wconf 89' lang='lat' dir='ltr'><strong>manu</strong></span> <span class='ocrx_word' id='word_1_768' title='bbox 2130 4693 2264 4750; x_wconf 84' lang='lat' dir='ltr'><strong>forti</strong></span> <span class='ocrx_word' id='word_1_769' title='bbox 2293 4695 2564 4762; x_wconf 89' lang='lat' dir='ltr'><strong>correpta</strong></span> <span class='ocrx_word' id='word_1_770' title='bbox 2601 4686 2909 4745; x_wconf 90' lang='lat' dir='ltr'><strong>communi</strong></span> <span class='ocrx_word' id='word_1_771' title='bbox 2946 4686 3120 4741; x_wconf 91' lang='lat' dir='ltr'><strong>ruina</strong></span> <span class='ocrx_word' id='word_1_772' title='bbox 3147 4683 3209 4739; x_wconf 92' lang='lat' dir='ltr'>in</span> <span class='ocrx_word' id='word_1_773' title='bbox 3246 4681 3554 4755; x_wconf 85' lang='lat' dir='ltr'><strong>pulverem</strong></span> 
     </span>
    </p>
   </div>
   <div class='ocr_carea' id='block_1_103' title="bbox 1911 4781 2474 4853">
    <p class='ocr_par' dir='ltr' id='par_1_103' title="bbox 1911 4781 2474 4853">
     <span class='ocr_line' id='line_1_103' title="bbox 1911 4781 2474 4853; baseline -0.011 -12"><span class='ocrx_word' id='word_1_774' title='bbox 1911 4783 2152 4841; x_wconf 85' lang='lat' dir='ltr'><strong>redacta</strong></span> <span class='ocrx_word' id='word_1_775' title='bbox 2175 4781 2474 4853; x_wconf 87' lang='lat' dir='ltr'><strong>jacebant.</strong></span> 
     </span>
    </p>
   </div>
   <div class='ocr_carea' id='block_1_104' title="bbox 2659 4864 3551 4939">
    <p class='ocr_par' dir='ltr' id='par_1_104' title="bbox 2659 4864 3551 4939">
     <span class='ocr_line' id='line_1_104' title="bbox 2659 4864 3551 4939; baseline -0.012 -12"><span class='ocrx_word' id='word_1_776' title='bbox 2659 4874 2792 4927; x_wconf 81' lang='grc' dir='ltr'>αὑτά</span> <span class='ocrx_word' id='word_1_777' title='bbox 2857 4890 2910 4924; x_wconf 92' lang='grc' dir='ltr'>τε</span> <span class='ocrx_word' id='word_1_778' title='bbox 2973 4872 3038 4922; x_wconf 81' lang='grc' dir='ltr'>τὰ</span> <span class='ocrx_word' id='word_1_779' title='bbox 3118 4864 3309 4921; x_wconf 83' lang='grc' dir='ltr'>εἷδωλα</span> <span class='ocrx_word' id='word_1_780' title='bbox 3379 4867 3551 4939; x_wconf 80' lang='grc' dir='ltr'>ὧσπερ</span> 
     </span>
    </p>
   </div>
   <div class='ocr_carea' id='block_1_105' title="bbox 203 4953 3552 5044">
    <p class='ocr_par' dir='ltr' id='par_1_105' title="bbox 203 4953 3552 5044">
     <span class='ocr_line' id='line_1_105' title="bbox 203 4953 3552 5044; baseline -0.005 -22"><span class='ocrx_word' id='word_1_781' title='bbox 203 4969 308 5022; x_wconf 70' lang='grc' dir='ltr'>ὑπό</span> <span class='ocrx_word' id='word_1_782' title='bbox 372 4985 507 5028; x_wconf 88' lang='grc' dir='ltr'>τινος</span> <span class='ocrx_word' id='word_1_783' title='bbox 555 4974 810 5043; x_wconf 87' lang='grc' dir='ltr'>κραταιᾶς</span> <span class='ocrx_word' id='word_1_784' title='bbox 862 4974 1043 5042; x_wconf 85' lang='grc' dir='ltr'>χειρός</span> <span class='ocrx_word' id='word_1_785' title='bbox 1099 4975 1501 5042; x_wconf 85' lang='grc' dir='ltr'>κατασπώμενα,</span> <span class='ocrx_word' id='word_1_786' title='bbox 1560 4972 1729 5044; x_wconf 77' lang='grc' dir='ltr'>ἕτερον</span> <span class='ocrx_word' id='word_1_787' title='bbox 1779 4981 1852 5043; x_wconf 83' lang='grc' dir='ltr'>τῷ</span> <span class='ocrx_word' id='word_1_788' title='bbox 1902 4971 2054 5044; x_wconf 79' lang='grc' dir='ltr'>ἑτέρῳ</span> <span class='ocrx_word' id='word_1_789' title='bbox 2124 4971 2550 5040; x_wconf 88' lang='grc' dir='ltr'>συγκαταπίπτον</span> <span class='ocrx_word' id='word_1_790' title='bbox 2603 4963 2821 5039; x_wconf 73' lang='grc' dir='ltr'>ἐφέρετο,</span> <span class='ocrx_word' id='word_1_791' title='bbox 2877 4965 2965 5012; x_wconf 83' lang='lat' dir='ltr'>xui</span> <span class='ocrx_word' id='word_1_792' title='bbox 3016 4958 3082 5019; x_wconf 87' lang='grc' dir='ltr'>εἰς</span> <span class='ocrx_word' id='word_1_793' title='bbox 3136 4963 3270 5029; x_wconf 87' lang='grc' dir='ltr'>χοῦν</span> <span class='ocrx_word' id='word_1_794' title='bbox 3348 4953 3552 5007; x_wconf 76' lang='grc' dir='ltr'>ἕλεπτύ-</span> 
     </span>
    </p>
   </div>
   <div class='ocr_carea' id='block_1_106' title="bbox 198 5076 337 5111">
    <p class='ocr_par' dir='ltr' id='par_1_106' title="bbox 198 5076 337 5111">
     <span class='ocr_line' id='line_1_106' title="bbox 198 5076 337 5111; baseline -0.014 -1"><span class='ocrx_word' id='word_1_795' title='bbox 198 5076 315 5111; x_wconf 82' lang='grc' dir='ltr'>νετο</span> <span class='ocrx_word' id='word_1_796' title='bbox 324 5095 337 5108; x_wconf 87' lang='grc'><strong>.</strong></span> 
     </span>
    </p>
   </div>
   <div class='ocr_carea' id='block_1_107' title="bbox 277 5161 1803 5239">
    <p class='ocr_par' dir='ltr' id='par_1_107' title="bbox 277 5161 1803 5239">
     <span class='ocr_line' id='line_1_107' title="bbox 277 5161 1803 5239; baseline 0.001 -22"><span class='ocrx_word' id='word_1_797' title='bbox 277 5161 393 5219; x_wconf 64' lang='grc' dir='ltr'>ΚΝ.</span> <span class='ocrx_word' id='word_1_798' title='bbox 436 5167 501 5216; x_wconf 81' lang='grc' dir='ltr'>Τί</span> <span class='ocrx_word' id='word_1_799' title='bbox 524 5167 582 5217; x_wconf 90' lang='grc' dir='ltr'>τὸ</span> <span class='ocrx_word' id='word_1_800' title='bbox 632 5163 715 5217; x_wconf 73' lang='grc' dir='ltr'>ἰπὶ</span> <span class='ocrx_word' id='word_1_801' title='bbox 754 5165 957 5225; x_wconf 86' lang='grc' dir='ltr'>τούτοις</span> <span class='ocrx_word' id='word_1_802' title='bbox 986 5182 1000 5232; x_wconf 88' lang='grc'>;</span> <span class='ocrx_word' id='word_1_803' title='bbox 1030 5164 1264 5238; x_wconf 81' lang='grc' dir='ltr'>Ἀθυμία</span> <span class='ocrx_word' id='word_1_804' title='bbox 1325 5168 1414 5238; x_wconf 71' lang='grc' dir='ltr'>μὶν</span> <span class='ocrx_word' id='word_1_805' title='bbox 1456 5168 1540 5218; x_wconf 89' lang='grc' dir='ltr'>τόν</span> <span class='ocrx_word' id='word_1_806' title='bbox 1579 5164 1803 5239; x_wconf 82' lang='grc' dir='ltr'>βασιλέα</span> 
     </span>
    </p>
   </div>
   <div class='ocr_carea' id='block_1_108' title="bbox 200 5251 1801 5328">
    <p class='ocr_par' dir='ltr' id='par_1_108' title="bbox 200 5251 1801 5328">
     <span class='ocr_line' id='line_1_108' title="bbox 200 5251 1801 5328; baseline 0.001 -23"><span class='ocrx_word' id='word_1_807' title='bbox 200 5256 293 5305; x_wconf 90' lang='lat' dir='ltr'>xui</span> <span class='ocrx_word' id='word_1_808' title='bbox 346 5255 467 5315; x_wconf 87' lang='grc' dir='ltr'>τούς</span> <span class='ocrx_word' id='word_1_809' title='bbox 511 5259 626 5325; x_wconf 83' lang='grc' dir='ltr'>περὶ</span> <span class='ocrx_word' id='word_1_810' title='bbox 678 5253 831 5305; x_wconf 76' lang='grc' dir='ltr'>αὑτὸν</span> <span class='ocrx_word' id='word_1_811' title='bbox 886 5252 997 5324; x_wconf 78' lang='grc' dir='ltr'>εἶχε</span> <span class='ocrx_word' id='word_1_812' title='bbox 1046 5253 1226 5312; x_wconf 89' lang='grc' dir='ltr'>πολλή·</span> <span class='ocrx_word' id='word_1_813' title='bbox 1277 5253 1563 5328; x_wconf 77' lang='grc' dir='ltr'>εὐφροσύνη</span> <span class='ocrx_word' id='word_1_814' title='bbox 1593 5251 1651 5308; x_wconf 66' lang='grc' dir='ltr'>δὲ</span> <span class='ocrx_word' id='word_1_815' title='bbox 1685 5257 1801 5317; x_wconf 81' lang='grc' dir='ltr'>τοὺς</span> 
     </span>
    </p>
   </div>
   <div class='ocr_carea' id='block_1_109' title="bbox 200 5340 1798 5416">
    <p class='ocr_par' dir='ltr' id='par_1_109' title="bbox 200 5340 1798 5416">
     <span class='ocr_line' id='line_1_109' title="bbox 200 5340 1798 5416; baseline 0.001 -22"><span class='ocrx_word' id='word_1_816' title='bbox 200 5344 426 5403; x_wconf 86' lang='grc' dir='ltr'>πιστούς</span> <span class='ocrx_word' id='word_1_817' title='bbox 481 5340 718 5415; x_wconf 80' lang='grc' dir='ltr'>άρῥητος,</span> <span class='ocrx_word' id='word_1_818' title='bbox 778 5346 866 5394; x_wconf 87' lang='grc' dir='ltr'>καὶ</span> <span class='ocrx_word' id='word_1_819' title='bbox 926 5341 1113 5413; x_wconf 81' lang='grc' dir='ltr'>μᾶλλον</span> <span class='ocrx_word' id='word_1_820' title='bbox 1168 5340 1488 5394; x_wconf 79' lang='grc' dir='ltr'>ὶϐεϐαιοῦντο</span> <span class='ocrx_word' id='word_1_821' title='bbox 1545 5346 1672 5416; x_wconf 83' lang='grc' dir='ltr'>πρὸς</span> <span class='ocrx_word' id='word_1_822' title='bbox 1705 5348 1798 5403; x_wconf 80' lang='grc' dir='ltr'>τήν</span> 
     </span>
    </p>
   </div>
   <div class='ocr_carea' id='block_1_110' title="bbox 204 5428 1798 5504">
    <p class='ocr_par' dir='ltr' id='par_1_110' title="bbox 204 5428 1798 5504">
     <span class='ocr_line' id='line_1_110' title="bbox 204 5428 1798 5504; baseline 0.001 -21"><span class='ocrx_word' id='word_1_823' title='bbox 204 5428 470 5488; x_wconf 72' lang='grc' dir='ltr'>ἀλήθειαν*</span> <span class='ocrx_word' id='word_1_824' title='bbox 528 5434 617 5482; x_wconf 84' lang='grc' dir='ltr'>καὶ</span> <span class='ocrx_word' id='word_1_825' title='bbox 672 5437 770 5504; x_wconf 89' lang='grc' dir='ltr'>πρό</span> <span class='ocrx_word' id='word_1_826' title='bbox 820 5450 880 5501; x_wconf 75' lang='grc' dir='ltr'>γε</span> <span class='ocrx_word' id='word_1_827' title='bbox 933 5440 1031 5483; x_wconf 90' lang='grc' dir='ltr'>τῶν</span> <span class='ocrx_word' id='word_1_828' title='bbox 1079 5430 1242 5483; x_wconf 70' lang='grc' dir='ltr'>ἄλλων</span> <span class='ocrx_word' id='word_1_829' title='bbox 1291 5430 1320 5489; x_wconf 82' lang='grc' dir='ltr'><strong>ἠ</strong></span> <span class='ocrx_word' id='word_1_830' title='bbox 1377 5429 1591 5504; x_wconf 81' lang='grc' dir='ltr'>βασιλις</span> <span class='ocrx_word' id='word_1_831' title='bbox 1664 5431 1798 5485; x_wconf 79' lang='grc' dir='ltr'>Ἀλε-</span> 
     </span>
    </p>
   </div>
   <div class='ocr_carea' id='block_1_111' title="bbox 208 5514 1797 5596">
    <p class='ocr_par' dir='ltr' id='par_1_111' title="bbox 208 5514 1797 5596">
     <span class='ocr_line' id='line_1_111' title="bbox 208 5514 1797 5596; baseline 0.003 -26"><span class='ocrx_word' id='word_1_832' title='bbox 208 5514 427 5593; x_wconf 83' lang='grc' dir='ltr'>ξάνδρα,</span> <span class='ocrx_word' id='word_1_833' title='bbox 483 5520 513 5576; x_wconf 80' lang='grc' dir='ltr'><strong>ἦ</strong></span> <span class='ocrx_word' id='word_1_834' title='bbox 562 5522 650 5571; x_wconf 86' lang='lat' dir='ltr'>xui</span> <span class='ocrx_word' id='word_1_835' title='bbox 696 5519 931 5587; x_wconf 75' lang='grc' dir='ltr'>μείζονος</span> <span class='ocrx_word' id='word_1_836' title='bbox 997 5518 1299 5596; x_wconf 82' lang='grc' dir='ltr'>παρῥησίας</span> <span class='ocrx_word' id='word_1_837' title='bbox 1355 5521 1490 5573; x_wconf 76' lang='grc' dir='ltr'>ἔνθεν</span> <span class='ocrx_word' id='word_1_838' title='bbox 1566 5520 1797 5581; x_wconf 84' lang='grc' dir='ltr'>ὑποπλη-</span> 
     </span>
    </p>
   </div>
   <div class='ocr_carea' id='block_1_112' title="bbox 1985 5149 3553 5236">
    <p class='ocr_par' dir='ltr' id='par_1_112' title="bbox 1985 5149 3553 5236">
     <span class='ocr_line' id='line_1_112' title="bbox 1985 5149 3553 5236; baseline -0.012 -15"><span class='ocrx_word' id='word_1_839' title='bbox 1985 5166 2116 5221; x_wconf 85' lang='lat' dir='ltr'>XIV.</span> <span class='ocrx_word' id='word_1_840' title='bbox 2144 5161 2297 5231; x_wconf 88' lang='lat' dir='ltr'><strong>Quid</strong></span> <span class='ocrx_word' id='word_1_841' title='bbox 2328 5164 2529 5236; x_wconf 89' lang='lat' dir='ltr'><strong>postea</strong></span> <span class='ocrx_word' id='word_1_842' title='bbox 2556 5159 2585 5216; x_wconf 60' lang='grc' dir='ltr'><em>ἢ</em></span> <span class='ocrx_word' id='word_1_843' title='bbox 2611 5154 2954 5231; x_wconf 89' lang='lat' dir='ltr'><strong>Desperatio</strong></span> <span class='ocrx_word' id='word_1_844' title='bbox 2985 5165 3209 5221; x_wconf 89' lang='lat' dir='ltr'><strong>magna</strong></span> <span class='ocrx_word' id='word_1_845' title='bbox 3236 5149 3553 5221; x_wconf 88' lang='lat' dir='ltr'><strong>imperato-</strong></span> 
     </span>
    </p>
   </div>
   <div class='ocr_carea' id='block_1_113' title="bbox 1909 5239 3551 5325">
    <p class='ocr_par' dir='ltr' id='par_1_113' title="bbox 1909 5239 3551 5325">
     <span class='ocr_line' id='line_1_113' title="bbox 1909 5239 3551 5325; baseline -0.01 -15"><span class='ocrx_word' id='word_1_846' title='bbox 1909 5269 2056 5320; x_wconf 87' lang='lat' dir='ltr'><strong>rem,</strong></span> <span class='ocrx_word' id='word_1_847' title='bbox 2082 5256 2141 5310; x_wconf 91' lang='lat' dir='ltr'>et</span> <span class='ocrx_word' id='word_1_848' title='bbox 2169 5250 2435 5325; x_wconf 90' lang='lat' dir='ltr'><strong>quicum</strong></span> <span class='ocrx_word' id='word_1_849' title='bbox 2473 5264 2544 5305; x_wconf 92' lang='lat' dir='ltr'>eo</span> <span class='ocrx_word' id='word_1_850' title='bbox 2570 5252 2757 5311; x_wconf 90' lang='lat' dir='ltr'><strong>erant,</strong></span> <span class='ocrx_word' id='word_1_851' title='bbox 2798 5244 3033 5301; x_wconf 90' lang='lat' dir='ltr'><strong>tenebat</strong></span> <span class='ocrx_word' id='word_1_852' title='bbox 3060 5258 3074 5304; x_wconf 77' lang='grc' dir='ltr'>ς</span> <span class='ocrx_word' id='word_1_853' title='bbox 3107 5239 3310 5296; x_wconf 87' lang='lat' dir='ltr'><strong>ﬁdeles</strong></span> <span class='ocrx_word' id='word_1_854' title='bbox 3348 5243 3551 5294; x_wconf 88' lang='lat' dir='ltr'><strong>autem</strong></span> 
     </span>
    </p>
   </div>
   <div class='ocr_carea' id='block_1_114' title="bbox 1908 5330 3551 5413">
    <p class='ocr_par' dir='ltr' id='par_1_114' title="bbox 1908 5330 3551 5413">
     <span class='ocr_line' id='line_1_114' title="bbox 1908 5330 3551 5413; baseline -0.011 -14"><span class='ocrx_word' id='word_1_855' title='bbox 1908 5343 2198 5413; x_wconf 89' lang='lat' dir='ltr'><strong>gaudium</strong></span> <span class='ocrx_word' id='word_1_856' title='bbox 2224 5338 2523 5397; x_wconf 81' lang='lat' dir='ltr'><strong>ineffabile</strong></span> <span class='ocrx_word' id='word_1_857' title='bbox 2551 5337 2610 5392; x_wconf 92' lang='lat' dir='ltr'><strong>in</strong></span> <span class='ocrx_word' id='word_1_858' title='bbox 2641 5335 2758 5391; x_wconf 89' lang='lat' dir='ltr'>ﬁde</span> <span class='ocrx_word' id='word_1_859' title='bbox 2786 5330 3197 5395; x_wconf 88' lang='lat' dir='ltr'><strong>conﬁrmabat,</strong></span> <span class='ocrx_word' id='word_1_860' title='bbox 3222 5330 3373 5384; x_wconf 88' lang='lat' dir='ltr'><strong>inter</strong></span> <span class='ocrx_word' id='word_1_861' title='bbox 3396 5342 3551 5398; x_wconf 89' lang='lat' dir='ltr'><strong>quos</strong></span> 
     </span>
    </p>
   </div>
   <div class='ocr_carea' id='block_1_115' title="bbox 1906 5413 3550 5499">
    <p class='ocr_par' dir='ltr' id='par_1_115' title="bbox 1906 5413 3550 5499">
     <span class='ocr_line' id='line_1_115' title="bbox 1906 5413 3550 5499; baseline -0.012 -12"><span class='ocrx_word' id='word_1_862' title='bbox 1906 5430 2244 5487; x_wconf 87' lang='lat' dir='ltr'><strong>Alexandra</strong></span> <span class='ocrx_word' id='word_1_863' title='bbox 2262 5426 2625 5499; x_wconf 87' lang='lat' dir='ltr'><strong>imperatrix,</strong></span> <span class='ocrx_word' id='word_1_864' title='bbox 2648 5439 2783 5497; x_wconf 67' lang='lat' dir='ltr'><strong>quae</strong></span> <span class='ocrx_word' id='word_1_865' title='bbox 2797 5421 2933 5477; x_wconf 91' lang='lat' dir='ltr'><strong>inde</strong></span> <span class='ocrx_word' id='word_1_866' title='bbox 2946 5419 3228 5476; x_wconf 90' lang='lat' dir='ltr'><strong>audacior</strong></span> <span class='ocrx_word' id='word_1_867' title='bbox 3247 5416 3401 5472; x_wconf 88' lang='lat' dir='ltr'><strong>facta</strong></span> <span class='ocrx_word' id='word_1_868' title='bbox 3422 5413 3550 5469; x_wconf 90' lang='lat' dir='ltr'><strong>ido-</strong></span> 
     </span>
    </p>
   </div>
   <div class='ocr_carea' id='block_1_116' title="bbox 1903 5506 3553 5590">
    <p class='ocr_par' dir='ltr' id='par_1_116' title="bbox 1903 5506 3553 5590">
     <span class='ocr_line' id='line_1_116' title="bbox 1903 5506 3553 5590; baseline -0.011 -14"><span class='ocrx_word' id='word_1_869' title='bbox 1903 5520 1974 5577; x_wconf 92' lang='lat' dir='ltr'>lis</span> <span class='ocrx_word' id='word_1_870' title='bbox 2016 5534 2136 5576; x_wconf 91' lang='lat' dir='ltr'>non</span> <span class='ocrx_word' id='word_1_871' title='bbox 2164 5532 2379 5590; x_wconf 89' lang='lat' dir='ltr'><strong>parum</strong></span> <span class='ocrx_word' id='word_1_872' title='bbox 2423 5514 2618 5571; x_wconf 86' lang='lat' dir='ltr'><strong>irrisit.</strong></span> <span class='ocrx_word' id='word_1_873' title='bbox 2660 5516 2847 5570; x_wconf 90' lang='lat' dir='ltr'><strong>Iratus</strong></span> <span class='ocrx_word' id='word_1_874' title='bbox 2889 5511 3017 5584; x_wconf 84' lang='lat' dir='ltr'>jam</span> <span class='ocrx_word' id='word_1_875' title='bbox 3056 5515 3182 5565; x_wconf 87' lang='lat' dir='ltr'>tum</span> <span class='ocrx_word' id='word_1_876' title='bbox 3226 5506 3553 5577; x_wconf 88' lang='lat' dir='ltr'><strong>imperator</strong></span> 
     </span>
    </p>
   </div>
  </div>
