4110 6272
578 319 678 371 459
1956 297 2217 356 MENSIS
2259 297 2564 354 APRILIS.
3839 297 3938 354 160

563 453 702 496 cum
727 435 993 492 ﬁdelium
1019 432 1256 488 turbam
1287 432 1528 488 vidisset
1559 430 1818 502 amplius
1842 429 1902 484 in
1923 425 2041 481 ﬁde
2072 437 2185 479 con

2323 423 2528 483 σθεῖσα,
2578 424 2745 495 πολλῷ
2807 433 2879 495 τῷ
2934 426 3072 477 κατὰ
3127 431 3224 475 τῶν
3264 418 3488 475 εἰδώλων
3552 420 3805 494 ἐνετρύφα
3853 428 3941 494 γέ-

566 528 961 588 ﬁrmatorum,
998 521 1179 593 priori
1225 521 1462 577 lenitate
1507 525 1705 590 exuta,
1754 518 2052 586 integrum
2085 513 2189 567 Dio

2321 511 2463 563 λωτι.
2526 511 2685 586 Ὀργῇ
2744 517 2915 565 τοίνυν
2955 515 2980 565 ό
3033 511 3277 585 βασιλεὺς
3322 513 3652 582 κατάσχετος
3683 518 3935 583 γεγονὼς,

567 615 885 671 cletianum
913 609 1190 674 ostendit,
1227 616 1283 664 et
1329 613 1493 665 torve
1534 610 1771 664 intuens
1823 609 2144 675 martyrem

2323 600 2485 662 ἄλλως
2528 620 2581 652 τε
2634 598 2693 653 δὲ
2737 608 2826 654 καὶ
2874 606 2939 655 τὰ
2990 610 3088 654 τῶν
3136 608 3332 652 πιστῶν
3382 599 3555 658 πλήθη
3624 601 3782 672 ὁρῶν,
3863 606 3938 654 ἔτι

565 702 820 764 Talibus,
853 698 1056 770 inquit,
1087 698 1409 767 sacriﬁciis,
1433 697 1693 763 sceleste,
1721 696 1869 751 deos
1897 692 2187 762 sospitato

2324 687 2512 758 μᾶλλον
2563 692 2688 763 πρὸς
2745 690 3030 743 θεοσέϐειαν
3080 688 3540 760 ἐπιστηριζόμενα,
3587 692 3647 740 τό
3701 693 3795 760 μὲν
3829 693 3938 741 ἐπί-

566 807 661 848 res
691 794 744 845 te
769 789 1156 844 adoraturum
1187 802 1334 852 esse,
1369 786 1513 842 tales
1539 785 1612 840 iis
1643 785 1862 855 gratias
1892 781 2189 838 relaturun

2326 797 2548 850 χριστον
2586 780 2744 832 έκεῖνο
2774 783 3014 853 χρηστὸν
3055 775 3362 842 ἀποδύεται,
3405 781 3560 829 αὐτόν
3597 774 3655 830 δὲ
3708 787 3939 852 φανερῶς

567 876 932 936 annuntiasti
957 874 986 928 ‘I
1019 874 1131 930 Sed
1152 890 1271 929 non
1299 875 1400 929 diu
1432 874 1756 931 exsultabis
1780 889 1797 938 ;
1829 886 1950 927 non
1982 869 2085 924 diu
2106 867 2187 922 dii

2329 866 2514 920 ἐκεῖνον
2556 872 2642 920 τόν
2684 869 3044 926 Διοκλητιανόν
3096 864 3442 923 ἐπιδείκνυσι.
3500 871 3599 919 Καὶ
3658 863 3832 939 δριμύ
3889 888 3941 920 τι

569 966 798 1022 invictis
832 963 1147 1028 irridebis;
1201 962 1434 1017 nullum
1486 979 1554 1017 ex
1607 957 2066 1018 incantamentis
2106 956 2192 1012 fru

2328 962 2414 1009 xui
2465 961 2678 1029 μανικόν
2724 956 2979 1029 ἐμϐλέψας
3027 965 3097 1028 τῷ
3151 958 3397 1030 μάρτυρι,
3452 958 3756 1021 Τοιαύταις,
3818 959 3937 1028 ἔφη,

566 1060 726 1111 ctum
791 1057 995 1107 metes.
1050 1051 1153 1106 Cui
1214 1055 1438 1123 martyr
1489 1067 1626 1106 cum
1686 1049 1874 1105 multa
1933 1046 2189 1102 modesti.

2333 1048 2560 1111 θυσίαις,
2616 1043 2655 1097 ὦ
2703 1054 2869 1106 κακῶς
2918 1045 3246 1117 ἁπολλύμενε,
3301 1048 3420 1106 τούς
3473 1052 3723 1118 σωτῆρας
3773 1044 3941 1114 ἐπηγ-

569 1159 639 1199 ac
669 1141 1008 1214 prudentia,
1042 1143 1246 1204 Nemo,
1278 1139 1488 1210 inquit,
1519 1138 1815 1194 mendacii
1845 1153 1940 1192 me
1972 1140 2179 1205 arguet

2328 1135 2480 1205 γείλω
2508 1144 2729 1206 τιμῆσαι
2763 1137 2938 1206 θεούςς,
2976 1137 3240 1194 τοιαύταις
3270 1136 3464 1207 χάρισι
3491 1123 3894 1196 δεξιώσασθάις
3924 1154 3933 1199 ;

570 1245 808 1300 semper
829 1228 988 1284 enim
1019 1226 1156 1282 inde
1183 1243 1218 1281 a
1241 1227 1536 1298 principio
1558 1226 1835 1281 eamdem
1867 1224 2193 1280 sententian

2330 1223 2464 1278 Ἀλλ’
2523 1225 2765 1295 οὐμενοῦν
2825 1224 2918 1276 ούκ
2971 1222 3055 1276 ἐπὶ
3114 1223 3240 1274 πολύ
3303 1228 3601 1294 χαιρήσεις,
3653 1220 3782 1275 οὐδὲ
3837 1232 3941 1273 τῶν

571 1332 923 1374 conservare
947 1315 1168 1383 studui,
1200 1315 1257 1369 id
1286 1320 1372 1370 est
1415 1318 1531 1370 Deo
1563 1314 1780 1370 servire
1811 1319 1866 1368 et
1897 1318 1958 1367 ut
1985 1314 2040 1369 S.
2077 1314 2194 1368 Pau

2330 1311 2599 1370 ἀηττήτων
2667 1318 3026 1385 καταμωκήσῃ
3086 1314 3228 1365 θεῶν’
3290 1311 3394 1382 οὐχ
3451 1312 3584 1363 ούτω
3634 1320 3756 1374 ταῖς
3809 1333 3938 1383 γοη-

571 1406 666 1463 lus
687 1405 907 1470 scribit,
924 1403 1186 1458 hostiam
1200 1403 1516 1472 viventem,
1533 1408 1802 1459 sanctam
1824 1401 2194 1473 etplacenten

2329 1407 2490 1463 τείαις
2524 1402 2789 1473 ἰσχύσεις.
2849 1406 2984 1469 Πρός
3032 1404 3084 1454 ὃν
3116 1403 3141 1453 ὁ
3181 1403 3394 1475 μάρτυς,
3447 1403 3576 1470 μετὰ
3619 1401 3812 1453 πολλοῦ
3847 1411 3939 1454 τοῦ

571 1496 805 1552 oﬂ‘erre.
822 1492 977 1558 Quid
995 1492 1022 1546 ?
1043 1507 1243 1547 nonne
1260 1507 1354 1548 res
1376 1492 1519 1563 ipsae
1539 1491 1800 1548 clamant
1815 1490 1979 1563 quod
1997 1507 2067 1545 ea
2086 1506 2194 1562 qua

2331 1491 2586 1562 εύκόσμου
2657 1496 2745 1543 καὶ
2825 1498 3058 1556 συνετοῦ,
3137 1492 3294 1560 Ἐγὼ,
3367 1486 3521 1554 εἶπεν,
3587 1487 3626 1540 ὦ
3685 1488 3935 1562 βασιλεῦ,

570 1600 681 1640 vos
716 1581 1000 1646 adoratis,
1044 1595 1208 1636 error
1245 1584 1302 1636 et
1333 1580 1648 1636 mendacia
1673 1585 1810 1635 sunt
1840 1585 1895 1634 et
1933 1579 2193 1633 duntaxa

2331 1581 2452 1650 παρ’
2505 1577 2655 1631 οὐδὲν
2705 1580 2991 1650 ἁλίσκομαι
3036 1575 3231 1649 ψεῦδος
3272 1579 3446 1642 εἰπὼν,
3507 1577 3610 1630 ἀλλ’
3673 1581 3796 1654 ὅπερ
3849 1599 3937 1651 μοι

570 1671 824 1727 nomina
854 1670 977 1724 sine
1009 1684 1069 1723 re
1099 1667 1128 1722 ?

2333 1669 2577 1738 πρόθεσις
2643 1669 2696 1731 ἐξ
2749 1669 2941 1743 ἀρχῆς,
3005 1676 3157 1720 τοῦτο
3208 1672 3297 1719 καὶ
3352 1667 3418 1727 εἰς
3485 1664 3639 1741 δεῦρο
3690 1668 3939 1740 φυλάξειν

571 1762 817 1822 ἔσπευσα,
873 1762 931 1809 τό
982 1755 1041 1809 δέ
1093 1757 1205 1808 ἐστι
1260 1766 1331 1827 τῷ
1384 1757 1490 1828 ἐμῷ
1544 1761 1695 1826 μόνον
1748 1757 2007 1828 λατρεύειν
2057 1763 2188 1826 Θεῷ,
2249 1760 2337 1808 καὶ
2395 1756 2534 1826 αύτῷ
2586 1757 2760 1818 ζῶσαν
2812 1757 2966 1828 ἁγίαν
3013 1777 3065 1809 τε
3111 1761 3200 1808 καὶ
3255 1756 3530 1827 εὐάρεστον
3584 1757 3679 1826 (ὡς
3731 1757 3942 1817 Παῦλος

571 1848 596 1900 ὁ
656 1850 788 1907 θεῖός
835 1847 987 1917 φησι)
1042 1849 1348 1917 προσφέρειν
1405 1847 1607 1900 θυσίαν.
1665 1851 1727 1898 Τί
1781 1842 1878 1910 δέ;
1936 1845 2059 1915 ούχὶ
2115 1849 2202 1896 καὶ
2257 1843 2389 1896 αὐτὰ
2449 1844 2552 1916 βοᾷ
2603 1849 2668 1898 τὰ
2718 1848 3022 1919 πράγματα,
3076 1851 3155 1897 ὅτι
3207 1848 3272 1897 τὰ
3319 1844 3439 1917 παρ’
3492 1845 3634 1916 ύμῶν
3696 1865 3942 1918 προσκυ-

570 1939 789 2006 νούμενα
819 1935 980 1992 πλάνη
1011 1940 1099 1986 καὶ
1125 1931 1322 2004 ψεῦδός
1351 1933 1482 2000 ἐστι,
1514 1939 1603 1986 καὶ
1629 1936 1857 2006 ὀνόματα
1886 1937 2039 2005 μόνον
2072 1935 2390 2005 πραγμάτων
2421 1937 2626 2007 ἕρημα;

644 2026 794 2079 XXV.
830 2024 1042 2079 Omnia
1079 2023 1295 2077 deinde
1334 2024 1394 2077 in
1424 2039 1652 2078 vanum
1689 2023 1854 2078 abire
1884 2023 2094 2078 videns
2129 2028 2220 2094 ty-
2249 2022 2267 2076 Ι

2401 2022 2521 2078 ΚΕ’.
2571 2024 2781 2075 Ἀπεῐπε
2820 2030 2928 2084 τοῖς
2966 2024 3096 2082 ὅλοις
3153 2024 3178 2074 ό
3227 2026 3494 2097 τύραννος,
3543 2027 3631 2073 xui
3690 2026 3938 2097 περιττόν

572 2127 798 2168 rannus
817 2110 1114 2183 prioribus
1129 2112 1432 2166 tormentis
1448 2111 1722 2167 ulteriora
1735 2112 1991 2182 adjicere
2008 2110 2195 2166 noluit

2330 2108 2458 2164 εἶναι
2518 2119 2607 2165 xui
2655 2112 2868 2170 ἀνόητον
2917 2114 3267 2183 ἡγησάμενος,
3323 2115 3381 2163 τὸ
3434 2114 3517 2163 ἐπὶ
3586 2119 3693 2171 ταῖς
3753 2118 3938 2186 πρώην

573 2199 904 2272 periculum
943 2200 1100 2254 enim
1133 2205 1257 2254 erat
1299 2215 1375 2255 ne
1413 2200 1539 2271 ipse
1583 2201 1729 2256 risui
1776 2200 1942 2269 foret,
1993 2203 2196 2271 marty

2329 2201 2540 2265 πολλαῖς
2581 2207 2669 2254 xui
2721 2202 2974 2274 χαλεπαῖς
3025 2204 3300 2276 τιμωρίαις
3348 2203 3420 2253 ἔτι
3468 2206 3558 2253 xui
3603 2201 3780 2273 ἑτέρας
3819 2204 3935 2253 ἑπι-

573 2292 796 2354 autem,
820 2287 1028 2357 spretis
1052 2287 1514 2360 quibuscunque
1557 2289 1882 2355 tormentis,
1911 2288 2196 2360 gloriosio:

2328 2299 2456 2343 νοεῖν
2505 2287 2854 2362 (κινδυνεύσει
2896 2293 2996 2362 γὰρ
3052 2292 3289 2362 ἀντικρυς
3335 2289 3486 2351 αύτός
3531 2293 3619 2361 μὲν
3661 2289 3936 2360 αἰσχύνην

571 2377 760 2445 ﬁeret,
791 2374 1144 2430 sententiam
1186 2379 1393 2431 contra
1433 2391 1571 2431 eum
1614 2376 1741 2432 tulit
1791 2377 1874 2432 sic
1913 2377 2168 2434 dicendo

2330 2379 2494 2451 ὄφλειν
2545 2385 2634 2432 xui
2687 2376 2838 2432 οὐδὲν
2890 2378 3058 2431 ἀνύειν
3117 2387 3208 2430 τῶν
3253 2379 3511 2431 κολάσεων
3559 2382 3866 2449 γινομένων,
3909 2381 3933 2430 ό

576 2464 855 2536 Georgius
877 2479 1050 2518 vanae
1073 2464 1541 2521 Christianorum
1573 2464 1772 2534 gloriae
1802 2470 2057 2522 sectator
2087 2478 2199 2537 per.

2329 2471 2528 2540 μάρτυς
2582 2466 2641 2521 δὲ
2691 2469 3042 2541 λαμπρότερος
3093 2464 3530 2539 ἐπιδείκνυσθαι),
3587 2464 3790 2520 δίδωσι
3838 2472 3932 2525 τὴν

574 2552 762 2618 tinax,
803 2553 1053 2608 deorum
1093 2559 1291 2608 autem
1337 2553 1772 2610 salutiferorum
1824 2561 2197 2626 contemptor

2329 2559 2444 2609 κατ’
2491 2557 2650 2610 αὐτοῦ
2695 2557 2868 2628 ψῆφον
2917 2557 3136 2628 εἰρηκὼς
3195 2557 3349 2608 ούτωο
3411 2561 3682 2630 Γεῶργιος,
3741 2557 3767 2606 ὁ
3843 2564 3932 2616 τῆς

580 2640 683 2712 qui
712 2657 821 2695 nec
869 2640 1045 2695 minis
1076 2657 1184 2695 nec
1214 2643 1521 2712 promissis
1561 2643 1768 2698 cedere
1795 2644 1920 2708 scit,
1953 2644 2076 2698 imo
2119 2660 2201 2716 qu

2331 2651 2557 2718 ματαίας
2592 2649 2680 2717 μὲν
2711 2655 2808 2698 τῶν
2852 2653 3176 2717 Χριστιανῶν
3217 2641 3378 2707 δόξης
3422 2647 3635 2706 ἔκτοπος
3682 2643 3927 2719 ἐραστὴς,

572 2728 974 2785 Alexandram
1004 2745 1245 2800 quoque
1275 2729 1713 2800 imperatricem
1761 2731 1838 2786 ad
1883 2732 2095 2788 eadem
2126 2733 2195 2787 de

2331 2744 2429 2787 τῶν
2463 2739 2708 2807 σωτήρων
2766 2732 2824 2787 δὲ
2872 2737 2993 2786 θεῶν
3047 2738 3461 2808 καταφρονητὴς,
3508 2739 3597 2785 καὶ
3645 2740 3778 2804 μήτε
3830 2731 3931 2787 δει-

573 2817 760 2887 duxit,
795 2832 931 2872 cum
975 2818 1088 2872 hac
1131 2818 1267 2888 ipsa
1308 2818 1498 2889 capite
1544 2819 1849 2890 plectatur.
1885 2822 2026 2876 Post
2064 2822 2196 2877 ham

2330 2831 2425 2874 νῶν
2475 2822 2772 2894 ἐπαγωγαῖς
2837 2828 2968 2895 μήτε
3040 2821 3247 2893 ἀγαθῶν
3320 2821 3647 2893 ἐπαγγελίαις
3721 2825 3932 2894 μεταθέ-

573 2905 950 2972 sententiam,
975 2906 1196 2977 quibus
1214 2906 1272 2960 id
1295 2906 1652 2978 imperatum
1674 2912 1817 2974 erat,
1833 2924 1934 2964 eos
1955 2926 2196 2982 compre

2334 2915 2456 2965 σθαι
2498 2914 2749 2976 πεισθεὶς,
2797 2911 2922 2964 ἀλλὰ
2978 2917 3067 2963 xui
3107 2916 3198 2969 τήν
3231 2907 3494 2983 βασιλίδα
3543 2911 3733 2982 μᾶλλον
3769 2911 3929 2973 Ἀλεξ-

569 2994 790 3048 hensos
809 2998 972 3049 extra
996 2993 1203 3048 urbem
1217 2994 1291 3050 ad
1315 2995 1590 3066 supplicii
1605 2995 1803 3052 locum
1823 2998 2192 3056 deduxerunt

2333 2998 2526 3074 άνδραν
2580 3003 3090 3075 παρακρουσάμενος,
3141 3002 3226 3051 τόν
3281 2996 3376 3051 διὰ
3424 2999 3602 3071 ξίφους
3655 3002 3749 3051 σὺν
3800 2999 3925 3069 αὐτῇ

569 3081 914 3151 Imperatrix
966 3087 1169 3137 autem
1222 3082 1558 3138 Alexandra
1605 3084 1764 3139 viam
1813 3090 2012 3142 tenens
2063 3093 2125 3144 et
2160 3089 2192 3144 i1

2335 3092 2548 3143 θάνατον
2599 3091 2898 3146 ὑποστήτω.
2968 3092 3219 3148 Τοιαύτης
3275 3085 3519 3148 δοθείσης
3575 3096 3666 3148 τῆς
3731 3087 3925 3159 ἀποφά-

574 3171 929 3226 memoriam
1005 3173 1190 3226 Deum
1251 3187 1558 3237 revocans,
1623 3176 1747 3229 tota
1806 3174 1867 3229 in
1924 3177 2197 3247 precibus

2335 3199 2477 3243 σεως,
2534 3180 2581 3230 οἱ
2628 3181 2757 3249 πρὸς
2788 3185 2950 3229 ταῦτα
2993 3174 3248 3230 διακονεῖν
3294 3178 3719 3248 ὑποτεταγμένοι,
3762 3196 3928 3249 παρα-

573 3258 634 3313 id
665 3259 825 3330 quod
852 3258 1153 3315 labiorum
1180 3265 1378 3315 motus
1412 3266 1468 3316 et
1494 3262 1805 3318 oculorum
1852 3281 2091 3322 sursum
2140 3268 2196 3323 di

2332 3267 2571 3327 λαϐόντες
2599 3266 2806 3329 αὐτοὺς,
2864 3265 2958 3327 ἔξω
3008 3285 3107 3317 που
3160 3274 3255 3325 τῆς
3284 3266 3497 3330 πόλεως,
3543 3269 3675 3337 πρὸς
3715 3269 3803 3317 τόν
3843 3274 3932 3326 τῆς

572 3347 754 3403 rectio
796 3349 936 3404 satis
977 3348 1344 3414 indicabant,
1391 3355 1714 3422 antequam
1755 3368 1826 3408 eo
1865 3356 2195 3424 pervenerit

2326 3356 2632 3414 τελειώσεως
2695 3359 2871 3418 τόπον,
2923 3353 3173 3427 ἐχώρουν.
3211 3353 3343 3407 Ἀλλ’
3399 3356 3428 3412 ἠ
3491 3353 3705 3426 βασιλὶς
3767 3354 3932 3415 Ἀλεξ-

571 3435 727 3490 illius
752 3436 996 3506 judicio,
1026 3436 1193 3508 cujus
1209 3437 1438 3507 judicia
1463 3438 1735 3509 abyssus,
1768 3441 1934 3496 humi
1961 3447 2194 3512 prostra

2331 3441 2517 3516 άνδρα,
2565 3451 2655 3502 τῆς
2699 3438 2826 3493 ὀδοῦ
2862 3444 2951 3513 μεν
2987 3440 3235 3514 ἐχομένη,
3279 3450 3413 3495 Θεοῦ
3455 3439 3513 3494 δε
3553 3448 3758 3515 μνήμην
3800 3445 3932 3494 κατὰ

570 3528 651 3593 ta,
685 3524 848 3595 piam
870 3525 1134 3581 animam
1155 3525 1474 3581 exhalavit.

2333 3537 2512 3608 καιρόν
2550 3535 2852 3601 ποιουμένη,
2896 3537 2984 3583 καὶ
3023 3532 3141 3588 ὅλην
3177 3531 3338 3589 αὐτὴν
3380 3531 3452 3592 εἰς
3490 3533 3655 3603 εὐχὴν
3694 3533 3933 3606 τρέψασα

570 3614 666 3680 (ὡς
724 3617 755 3671 ἦ
823 3633 876 3665 τε
934 3622 1032 3664 τῶν
1089 3613 1302 3685 χειλέων
1359 3614 1521 3687 αὐτῇς
1576 3619 1782 3677 κίνησις
1839 3613 2024 3676 ἐδήλου
2083 3625 2171 3673 καὶ
2227 3625 2256 3680 η
2313 3630 2411 3675 τῶν
2470 3619 2740 3693 ὀφθαλμῶν
2799 3621 2866 3680 εἰς
2921 3619 3134 3694 ούρανόν
3193 3621 3455 3692 ἔπαρσις),
3526 3625 3626 3694 πρὸ
3690 3629 3782 3673 τοῦ
3849 3625 3933 3673 τόν

574 3704 728 3752 τόπον
809 3700 1132 3764 καταλαϐεῖν,
1213 3709 1303 3752 τοῦ
1385 3708 1575 3764 παντὸς
1638 3711 1904 3777 κρίναντος
1979 3709 2283 3784 άποῤῥήτως
2349 3708 2408 3764 οὗ
2477 3714 2541 3762 τὰ
2596 3714 2827 3782 κρίματα
2886 3707 3120 3770 ἄϐυσσος
3208 3709 3384 3774 πολλή,
3472 3708 3936 3762 έπικατακλιθείσα

573 3795 635 3857 τῇ
668 3795 758 3859 γῇ,
793 3793 884 3844 τὴν
916 3790 1070 3857 ἁγίαν
1103 3789 1266 3848 αὐτῆς
1296 3788 1460 3858 ἀφῆκε
1489 3792 1694 3862 ψυχήν.

645 3876 820 3929 XXVI.
853 3875 1140 3945 Georgius
1185 3891 1384 3946 porro,
1420 3877 1627 3933 Christi
1673 3885 1918 3952 martyr,
1963 3900 2101 3940 cum
2143 3887 2222 3942 ad

2406 3887 2541 3968 Kg’.
2572 3886 2630 3939 ⁸0
2663 3883 2722 3939 δὲ
2751 3893 2842 3938 τοῦ
2874 3893 3106 3957 Χριστοῦ
3137 3888 3332 3959 μάρτυς
3365 3892 3634 3960 Γεώργιος,
3667 3884 3774 3946 ἤδη
3808 3891 3933 3959 πρὸς

573 3962 773 4018 locum
795 3962 1070 4035 supplicii
1084 3963 1464 4034 pervenisset,
1480 3981 1516 4022 a
1531 3967 1909 4025 carniﬁcibus
1925 3976 1987 4028 ut
2004 3989 2065 4028 se
2076 3990 2196 4045 pau

2330 3984 2400 4045 τῷ
2456 3962 2596 4046 τόπῳ
2652 3981 2930 4045 γενόμενος,
2988 3978 3172 4046 μικρὸν
3232 3974 3468 4033 ἀνεθῆναι
3528 3979 3646 4036 τούς
3709 3972 3933 4048 δημίους

574 4052 755 4122 lisper
781 4051 1117 4107 relaxarent
1141 4051 1302 4123 petiit
1340 4072 1357 4125 ;
1393 4055 1556 4125 quod
1587 4071 1724 4112 cum
1751 4057 2109 4118 obtinuisset
2146 4063 2197 4119 al

2333 4064 2499 4128 ἠξίου,
2545 4067 2637 4122 τὴν
2676 4064 2968 4116 τελευταίαν
3014 4061 3081 4123 δὴ
3123 4066 3316 4122 ταύτην
3354 4067 3517 4138 χάριν
3555 4063 3678 4138 παρ’
3728 4065 3930 4140 ἐχθρῶν

575 4140 867 4205 hostibus,
900 4140 978 4196 ad
1004 4140 1302 4198 orandum
1341 4158 1685 4211 conversus,
1720 4146 1966 4204 sublatis
2006 4151 2198 4207 ccelun

2334 4153 2696 4225 αἰτησάμενος·
2756 4157 2844 4204 καὶ
2896 4155 3093 4214 ταύτης
3139 4158 3338 4224 τυχὼν,
3391 4153 3458 4214 εἰς
3506 4153 3669 4224 εὐχήν
3717 4173 3772 4206 τε
3820 4154 3931 4206 ἐαυ-

575 4243 781 4284 versus
813 4229 1020 4293 oculis,
1052 4230 1120 4286 Mi
1149 4231 1324 4295 Deus,
1357 4231 1430 4287 de
1466 4233 1764 4304 profundo
1803 4237 2001 4294 cordis
2028 4239 2198 4298 excla

2332 4245 2418 4295 τόν
2463 4245 2745 4308 συντείνας,
2790 4246 2879 4293 καὶ
2926 4241 2984 4293 τό
3023 4241 3164 4312 ὄμμα
3205 4237 3388 4314 διάρας
3437 4241 3504 4303 εἰς
3547 4242 3782 4314 οὐρανόν,
3836 4246 3931 4296 Κύ-

575 4317 779 4383 mavit,
812 4318 978 4391 cujus
1010 4335 1143 4374 sum
1175 4320 1312 4375 inde
1350 4336 1385 4376 a
1423 4323 1746 4391 nativitate,
1783 4325 1844 4382 in
1875 4343 2055 4399 quem
2095 4345 2198 4401 spe

2331 4350 2409 4406 ριε
2489 4332 2655 4389 όΘεός
2709 4349 2829 4401 μου,
2890 4329 2944 4381 ἐκ
3003 4329 3201 4401 βάθους
3257 4328 3498 4403 ἀνέκραξε
3550 4339 3644 4391 τῆς
3690 4327 3927 4404 καρδίας,

574 4405 722 4469 ravi,
755 4407 849 4460 cui
880 4407 1141 4462 conﬁsus
1173 4410 1249 4464 ad
1281 4410 1392 4465 hoc
1424 4426 1519 4465 me
1556 4417 1852 4468 certamen
1904 4418 2152 4482 accinxi,
2186 4435 2197 4471 ι

2332 4405 2404 4491 ἔφ’
2446 4421 2498 4470 ὃν
2539 4417 2810 4493 έπερῥίφην
2851 4417 2906 4470 ἐκ
2936 4422 3159 4490 μήτρας,
3201 4418 3275 4490 ἐφ’
3307 4420 3358 4471 ὅν
3391 4419 3610 4483 ἧλπισα,
3654 4419 3725 4491 ἐφ’
3845 4423 3928 4471 καὶ

576 4508 711 4563 spes
733 4492 943 4559 dulcis,
963 4496 1277 4564 promissio
1293 4513 1448 4562 vera,
1472 4503 1817 4556 sanctarum
1834 4518 2001 4558 amor
2015 4506 2199 4560 inson:

2335 4507 2601 4582 θαρρήσας
2640 4508 2710 4568 εἰς
2755 4511 2840 4558 τόν
2881 4506 3055 4578 ἀγῶνα
3093 4515 3270 4559 τοῦτον
3312 4504 3680 4580 ἀπεδυσάμην,
3724 4509 3754 4566 ὴ
3805 4509 3927 4578 γλυ-

576 4581 937 4644 animarum,
970 4582 1139 4650 cujus
1186 4582 1535 4654 benignitati
1584 4589 1761 4643 corda
1793 4596 2000 4648 nostra
2039 4593 2196 4648 conﬁ

2331 4605 2443 4650 κεῐα
2491 4595 2649 4658 ἐλπὶς,
2700 4597 2728 4653 ἡ
2783 4592 3013 4665 ἀψευδὴς
3064 4595 3362 4667 ἐπαγγελία,
3422 4599 3446 4648 ό
3491 4606 3590 4648 τῶν
3639 4598 3782 4669 ἱερῶν
3829 4596 3927 4666 ψυ-

575 4668 726 4726 dunt
749 4685 761 4734 ;
792 4668 890 4741 qui
915 4669 1097 4725 animi
1119 4670 1445 4738 desideriis,
1468 4679 1790 4746 antequam
1813 4680 2190 4749 exprimantu

2331 4694 2443 4756 χῶν
2489 4684 2614 4757 ἔρως
2654 4683 2878 4748 ἀπαθὴς,
2922 4681 2979 4735 οὗ
3012 4690 3099 4736 καὶ
3129 4693 3189 4757 τῇ
3231 4685 3505 4758 ἑτοιμασίᾳ
3551 4695 3649 4737 τῶν
3700 4681 3925 4757 καρδιῶν

577 4757 881 4826 satisfacit,
924 4758 1177 4814 fortiﬁca
1219 4775 1314 4816 me
1360 4760 1437 4817 ad
1480 4763 1658 4818 hocce
1706 4771 2006 4824 certamen
2059 4786 2200 4842 quo<

2333 4776 2476 4845 ἡμῶν
2533 4777 2784 4845 προσέχει
2841 4776 2897 4824 τὸ
2951 4769 3053 4835 οὖς,
3114 4775 3168 4835 ὃς
3215 4781 3300 4825 xui
3357 4778 3457 4846 πρὸ
3517 4784 3614 4826 τῶν
3675 4776 3925 4847 ἡμετέρων

576 4863 685 4920 pro
715 4847 958 4903 nomine
989 4851 1088 4902 tuo
1115 4863 1432 4917 aggressus
1466 4867 1619 4916 sum,
1653 4859 1707 4909 et
1738 4857 1930 4926 recipe
1956 4859 2199 4916 animan

2334 4864 2584 4922 αἰτήσεων
2658 4865 2750 4919 τὴν
2829 4861 3104 4932 ἐπιθυμίαν
3187 4866 3436 4936 παρέχεις
3505 4872 3604 4914 τῶν
3675 4859 3920 4937 καρδιῶν·

576 4951 796 5001 meam,
812 4941 867 4991 et
879 4941 1085 4991 contra
1097 4937 1399 4992 daemones
1413 4941 1603 4994 aerios
1620 4942 1806 4998 malos
1820 4949 2199 5014 praemunitau

2333 4952 2488 5012 αύτός
2533 4970 2594 5022 με
2636 4950 2919 5020 ἐνίσχυσον
2963 4955 3125 5022 μέχρι
3159 4951 3333 5011 τέλους
3376 4955 3461 5002 τὸν
3507 4950 3680 5021 ἀγῶνα
3727 4959 3922 5014 τοῦτον,

577 5023 649 5077 iis
698 5039 850 5095 quos
897 5025 974 5079 ab
1015 5025 1178 5079 omni
1214 5030 1479 5098 tempore
1528 5028 1799 5100 dilexisti,
1843 5033 2175 5093 adnumera

2333 5043 2384 5093 ὃν
2432 5042 2556 5111 ὑπὲρ
2607 5047 2700 5098 τῆς
2751 5046 2843 5098 σῆς
2883 5039 3109 5096 ὑπῆλθον
3162 5041 3460 5110 ὁμολογίας,
3506 5036 3804 5110 διενεγκεῖν,
3840 5043 3924 5090 καὶ

580 5111 847 5179 Ignosce,
863 5128 1087 5184 quaeso,
1109 5115 1370 5177 Domine,
1393 5130 1526 5186 quae
1547 5132 1649 5187 per
1673 5118 2072 5187 ignorantiam
2088 5141 2200 5182 con

2333 5125 2620 5200 πρόσδεξαί
2666 5146 2764 5198 μου
2807 5132 2897 5184 τὴν
2949 5128 3144 5198 ψυχὴν,
3187 5133 3276 5180 καὶ
3321 5129 3575 5196 ἁνωτέραν
3623 5128 3784 5186 αὐτὴν
3831 5136 3923 5179 τῶν

578 5203 671 5254 tra
705 5215 797 5254 me
846 5200 1127 5269 fecerunt,
1170 5218 1391 5275 eosque
1438 5205 1543 5276 qui
1587 5211 1639 5262 te
1677 5223 1812 5263 vere
1860 5226 2200 5281 cognoscan

2334 5224 2565 5287 πονηρῶν
2636 5233 2688 5266 τε
2757 5219 2844 5265 καὶ
2903 5214 3082 5288 ἀερίων
3141 5216 3364 5288 φυλάξας
3425 5218 3747 5288 πνευμάτων,
3822 5223 3923 5275 τοῖς

578 5287 795 5377 dignos
825 5288 1002 5343 redde
1035 5307 1048 5356 ;
1080 5294 1222 5362 quia
1249 5292 1599 5351 benedictus
1630 5312 1692 5352 es
1717 5297 1777 5352 in
1810 5301 2045 5357 saecula.

2336 5304 2420 5356 ἀπ’
2471 5303 2650 5363 αἰῶνός
2687 5321 2770 5353 σοι
2811 5302 3195 5375 εὐαρεστήσασι
3238 5307 3646 5377 συναρίθμησον·
3700 5306 3818 5376 ἄφες
3872 5300 3925 5355 δὲ

579 5383 650 5445 τῷ
701 5374 807 5446 λαῷ
862 5379 1046 5447 τούτῳ,
1105 5384 1353 5446 Δέσποτα,
1410 5384 1510 5436 ὅσα
1561 5387 1694 5438 κατὰ
1744 5387 1954 5458 ἄγνοιαν
2009 5390 2078 5452 εἰς
2131 5395 2218 5463 ἐμὲ
2267 5391 2626 5467 διεπράξαντο,
2683 5395 2771 5442 καὶ
2819 5391 2996 5455 άξίους
3053 5395 3240 5456 αὐτούς
3297 5403 3391 5456 τῆς
3449 5393 3776 5464 ἐπιγνώσεως
3835 5411 3923 5445 σου

581 5472 671 5524 τῆς
697 5462 920 5526 ἀληθοῦς
945 5471 1361 5536 παρᾳσκεύασον,
1395 5475 1472 5523 ὄτι
1502 5472 1779 5545 εὐλογητὸς
1813 5478 1860 5529 εἴ
1882 5477 1954 5540 εἰς
1977 5484 2093 5542 τούς
2121 5462 2324 5543 αἰῶνας.
