  <div class='ocr_page' id='page_1' title='image "/cluster/home/n/w/nwhite01/storage/ocr_20150623/115/mdp.39015028574336/088.png"; bbox 0 0 4110 6272; ppageno 0'>
   <div class='ocr_carea' id='block_1_1' title="bbox 220 335 2213 396">
    <p class='ocr_par' dir='ltr' id='par_1_1' title="bbox 220 335 2213 396">
     <span class='ocr_line' id='line_1_1' title="bbox 220 335 2213 396; baseline 0.001 -5"><span class='ocrx_word' id='word_1_1' title='bbox 220 335 318 392; x_wconf 82' lang='grc'><strong>161</strong></span> <span class='ocrx_word' id='word_1_2' title='bbox 1588 338 1748 396; x_wconf 87' lang='lat' dir='ltr'><strong>VITA</strong></span> <span class='ocrx_word' id='word_1_3' title='bbox 1793 337 1854 394; x_wconf 90' lang='lat' dir='ltr'><strong>S.</strong></span> <span class='ocrx_word' id='word_1_4' title='bbox 1895 335 2213 394; x_wconf 80' lang='lat' dir='ltr'><strong>GEORGII.</strong></span> 
     </span>
    </p>
   </div>
   <div class='ocr_carea' id='block_1_2' title="bbox 3471 341 3576 395">
    <p class='ocr_par' dir='ltr' id='par_1_2' title="bbox 3471 341 3576 395">
     <span class='ocr_line' id='line_1_2' title="bbox 3471 341 3576 395; baseline 0 0"><span class='ocrx_word' id='word_1_5' title='bbox 3471 341 3576 395; x_wconf 71' lang='lat'><strong>162</strong></span> 
     </span>
    </p>
   </div>
   <div class='ocr_carea' id='block_1_3' title="bbox 292 458 1819 536">
    <p class='ocr_par' dir='ltr' id='par_1_3' title="bbox 292 458 1818 535">
     <span class='ocr_line' id='line_1_3' title="bbox 292 458 1818 535; baseline 0.001 -20"><span class='ocrx_word' id='word_1_6' title='bbox 292 460 408 515; x_wconf 71' lang='grc' dir='ltr'><strong>ΚΖ.</strong></span> <span class='ocrx_word' id='word_1_7' title='bbox 446 458 571 514; x_wconf 82' lang='grc' dir='ltr'>Εἶτα</span> <span class='ocrx_word' id='word_1_8' title='bbox 622 462 753 532; x_wconf 84' lang='grc' dir='ltr'><strong>μετὰ</strong></span> <span class='ocrx_word' id='word_1_9' title='bbox 797 467 892 519; x_wconf 82' lang='grc' dir='ltr'>τὴν</span> <span class='ocrx_word' id='word_1_10' title='bbox 947 465 1111 534; x_wconf 76' lang='grc' dir='ltr'>εὐχὴν</span> <span class='ocrx_word' id='word_1_11' title='bbox 1165 464 1232 524; x_wconf 87' lang='grc' dir='ltr'><strong>εἰς</strong></span> <span class='ocrx_word' id='word_1_12' title='bbox 1287 467 1411 535; x_wconf 76' lang='grc' dir='ltr'>γόνυ</span> <span class='ocrx_word' id='word_1_13' title='bbox 1472 464 1680 530; x_wconf 79' lang='grc' dir='ltr'>κλιθεὶς,</span> <span class='ocrx_word' id='word_1_14' title='bbox 1730 468 1818 516; x_wconf 79' lang='grc' dir='ltr'><strong>καὶ</strong></span> 
     </span>
    </p>
   </div>
   <div class='ocr_carea' id='block_1_4' title="bbox 1928 458 3571 536">
    <p class='ocr_par' dir='ltr' id='par_1_4' title="bbox 1995 462 3571 536">
     <span class='ocr_line' id='line_1_4' title="bbox 1995 462 3571 536; baseline 0.001 -17"><span class='ocrx_word' id='word_1_15' title='bbox 1995 463 2198 519; x_wconf 84' lang='lat' dir='ltr'><strong>XXVII.</strong></span> <span class='ocrx_word' id='word_1_16' title='bbox 2226 462 2488 536; x_wconf 83' lang='lat' dir='ltr'><strong>Denique</strong></span> <span class='ocrx_word' id='word_1_17' title='bbox 2509 469 2644 535; x_wconf 89' lang='lat' dir='ltr'><strong>post</strong></span> <span class='ocrx_word' id='word_1_18' title='bbox 2665 479 2865 535; x_wconf 82' lang='lat' dir='ltr'><strong>preces</strong></span> <span class='ocrx_word' id='word_1_19' title='bbox 2883 462 3076 520; x_wconf 89' lang='lat' dir='ltr'><strong>dictas</strong></span> <span class='ocrx_word' id='word_1_20' title='bbox 3098 463 3267 520; x_wconf 91' lang='lat' dir='ltr'><strong>humi</strong></span> <span class='ocrx_word' id='word_1_21' title='bbox 3287 477 3571 536; x_wconf 88' lang='lat' dir='ltr'><strong>procum-</strong></span> 
     </span>
    </p>
   </div>
   <div class='ocr_carea' id='block_1_5' title="bbox 218 545 1819 624">
    <p class='ocr_par' dir='ltr' id='par_1_5' title="bbox 218 545 1819 624">
     <span class='ocr_line' id='line_1_5' title="bbox 218 545 1819 624; baseline 0.002 -23"><span class='ocrx_word' id='word_1_22' title='bbox 218 552 306 602; x_wconf 87' lang='grc' dir='ltr'>τὸν</span> <span class='ocrx_word' id='word_1_23' title='bbox 353 549 556 621; x_wconf 75' lang='grc' dir='ltr'>αὐχένα</span> <span class='ocrx_word' id='word_1_24' title='bbox 610 545 890 613; x_wconf 75' lang='grc' dir='ltr'><strong>διατείνας,</strong></span> <span class='ocrx_word' id='word_1_25' title='bbox 925 555 979 603; x_wconf 91' lang='grc' dir='ltr'><strong>τό</strong></span> <span class='ocrx_word' id='word_1_26' title='bbox 1032 550 1176 624; x_wconf 82' lang='grc' dir='ltr'>ξίφος</span> <span class='ocrx_word' id='word_1_27' title='bbox 1222 551 1332 623; x_wconf 78' lang='grc' dir='ltr'><strong>ἅμα</strong></span> <span class='ocrx_word' id='word_1_28' title='bbox 1395 558 1486 604; x_wconf 77' lang='grc' dir='ltr'><strong>καὶ</strong></span> <span class='ocrx_word' id='word_1_29' title='bbox 1534 557 1590 606; x_wconf 76' lang='grc' dir='ltr'><strong>τό</strong></span> <span class='ocrx_word' id='word_1_30' title='bbox 1637 556 1819 624; x_wconf 74' lang='grc' dir='ltr'>στέφος</span> 
     </span>
    </p>
   </div>
   <div class='ocr_carea' id='block_1_6' title="bbox 220 635 1816 712">
    <p class='ocr_par' dir='ltr' id='par_1_6' title="bbox 220 635 1816 712">
     <span class='ocr_line' id='line_1_6' title="bbox 220 635 1816 712; baseline 0.003 -22"><span class='ocrx_word' id='word_1_31' title='bbox 220 635 462 712; x_wconf 72' lang='grc' dir='ltr'>ἐδέχετο,</span> <span class='ocrx_word' id='word_1_32' title='bbox 524 640 587 691; x_wconf 84' lang='grc' dir='ltr'>τὸ</span> <span class='ocrx_word' id='word_1_33' title='bbox 636 641 727 710; x_wconf 71' lang='grc' dir='ltr'><strong>μὲν</strong></span> <span class='ocrx_word' id='word_1_34' title='bbox 780 637 881 692; x_wconf 74' lang='grc' dir='ltr'>ἂπό</span> <span class='ocrx_word' id='word_1_35' title='bbox 929 648 1028 692; x_wconf 76' lang='grc' dir='ltr'>τῶν</span> <span class='ocrx_word' id='word_1_36' title='bbox 1073 644 1362 710; x_wconf 81' lang='grc' dir='ltr'><strong>μισούντων</strong></span> <span class='ocrx_word' id='word_1_37' title='bbox 1410 646 1503 700; x_wconf 74' lang='grc' dir='ltr'>τὴν</span> <span class='ocrx_word' id='word_1_38' title='bbox 1555 640 1816 708; x_wconf 80' lang='grc' dir='ltr'>ἀληθειαν,</span> 
     </span>
    </p>
   </div>
   <div class='ocr_carea' id='block_1_7' title="bbox 221 722 1820 802">
    <p class='ocr_par' dir='ltr' id='par_1_7' title="bbox 221 722 1820 802">
     <span class='ocr_line' id='line_1_7' title="bbox 221 722 1820 802; baseline 0.003 -24"><span class='ocrx_word' id='word_1_39' title='bbox 221 729 282 778; x_wconf 85' lang='grc' dir='ltr'><strong>τό</strong></span> <span class='ocrx_word' id='word_1_40' title='bbox 314 722 373 780; x_wconf 72' lang='grc' dir='ltr'>δε</span> <span class='ocrx_word' id='word_1_41' title='bbox 404 725 503 779; x_wconf 81' lang='grc' dir='ltr'><strong>ἀπό</strong></span> <span class='ocrx_word' id='word_1_42' title='bbox 543 735 636 780; x_wconf 82' lang='grc' dir='ltr'>τοῦ</span> <span class='ocrx_word' id='word_1_43' title='bbox 679 730 796 789; x_wconf 80' lang='grc' dir='ltr'>τοὺς</span> <span class='ocrx_word' id='word_1_44' title='bbox 836 727 1062 791; x_wconf 81' lang='grc' dir='ltr'>ἀθλητὰς</span> <span class='ocrx_word' id='word_1_45' title='bbox 1119 737 1491 802; x_wconf 77' lang='grc' dir='ltr'><strong>στεφανοῦντος</strong></span> <span class='ocrx_word' id='word_1_46' title='bbox 1546 738 1636 791; x_wconf 79' lang='grc' dir='ltr'>τῆς</span> <span class='ocrx_word' id='word_1_47' title='bbox 1680 730 1820 800; x_wconf 72' lang='grc' dir='ltr'>εὐσεο</span> 
     </span>
    </p>
   </div>
   <div class='ocr_carea' id='block_1_8' title="bbox 224 813 1816 894">
    <p class='ocr_par' dir='ltr' id='par_1_8' title="bbox 224 813 1816 894">
     <span class='ocr_line' id='line_1_8' title="bbox 224 813 1816 894; baseline 0.002 -27"><span class='ocrx_word' id='word_1_48' title='bbox 224 813 383 880; x_wconf 76' lang='grc' dir='ltr'>ϐεἰας,</span> <span class='ocrx_word' id='word_1_49' title='bbox 493 820 581 868; x_wconf 78' lang='grc' dir='ltr'><strong>καὶ</strong></span> <span class='ocrx_word' id='word_1_50' title='bbox 615 821 708 875; x_wconf 77' lang='grc' dir='ltr'>τὴν</span> <span class='ocrx_word' id='word_1_51' title='bbox 741 819 878 889; x_wconf 78' lang='grc' dir='ltr'>ἱερὰν</span> <span class='ocrx_word' id='word_1_52' title='bbox 927 817 1084 870; x_wconf 78' lang='grc' dir='ltr'>αὐτοῦ</span> <span class='ocrx_word' id='word_1_53' title='bbox 1123 817 1308 889; x_wconf 76' lang='grc' dir='ltr'>ψυχὴν</span> <span class='ocrx_word' id='word_1_54' title='bbox 1338 821 1620 894; x_wconf 84' lang='grc' dir='ltr'>παρετίθει,</span> <span class='ocrx_word' id='word_1_55' title='bbox 1667 823 1816 892; x_wconf 79' lang='grc' dir='ltr'>τρίτῃ</span> 
     </span>
    </p>
   </div>
   <div class='ocr_carea' id='block_1_9' title="bbox 223 901 1818 981">
    <p class='ocr_par' dir='ltr' id='par_1_9' title="bbox 223 901 1818 981">
     <span class='ocr_line' id='line_1_9' title="bbox 223 901 1818 981; baseline 0.004 -27"><span class='ocrx_word' id='word_1_56' title='bbox 223 901 307 955; x_wconf 69' lang='grc' dir='ltr'><strong>ἰπὶ</strong></span> <span class='ocrx_word' id='word_1_57' title='bbox 355 901 528 958; x_wconf 77' lang='grc' dir='ltr'><strong>εἰκάδι</strong></span> <span class='ocrx_word' id='word_1_58' title='bbox 570 914 663 958; x_wconf 77' lang='grc' dir='ltr'>τοῦ</span> <span class='ocrx_word' id='word_1_59' title='bbox 707 906 974 981; x_wconf 83' lang='grc' dir='ltr'>’Δπριλίου</span> <span class='ocrx_word' id='word_1_60' title='bbox 1009 910 1169 979; x_wconf 73' lang='grc' dir='ltr'>μηνός</span> <span class='ocrx_word' id='word_1_61' title='bbox 1207 909 1442 979; x_wconf 70' lang='grc' dir='ltr'>ἄγοντος,</span> <span class='ocrx_word' id='word_1_62' title='bbox 1489 913 1574 960; x_wconf 90' lang='grc' dir='ltr'>τὸν</span> <span class='ocrx_word' id='word_1_63' title='bbox 1625 905 1818 980; x_wconf 80' lang='grc' dir='ltr'><strong>δρόμον</strong></span> 
     </span>
    </p>
   </div>
   <div class='ocr_carea' id='block_1_10' title="bbox 221 991 1820 1070">
    <p class='ocr_par' dir='ltr' id='par_1_10' title="bbox 221 991 1820 1070">
     <span class='ocr_line' id='line_1_10' title="bbox 221 991 1820 1070; baseline 0.004 -27"><span class='ocrx_word' id='word_1_64' title='bbox 221 991 452 1056; x_wconf 71' lang='grc' dir='ltr'>τελέσας,</span> <span class='ocrx_word' id='word_1_65' title='bbox 516 999 608 1053; x_wconf 79' lang='grc' dir='ltr'>τὴν</span> <span class='ocrx_word' id='word_1_66' title='bbox 659 999 838 1047; x_wconf 83' lang='grc' dir='ltr'>πίστιν</span> <span class='ocrx_word' id='word_1_67' title='bbox 889 1001 1144 1070; x_wconf 76' lang='grc' dir='ltr'><strong>τηρήσας,</strong></span> <span class='ocrx_word' id='word_1_68' title='bbox 1203 994 1446 1069; x_wconf 76' lang='grc' dir='ltr'>ἀριστεὺς</span> <span class='ocrx_word' id='word_1_69' title='bbox 1503 1001 1652 1057; x_wconf 67' lang='grc' dir='ltr'>ὅντως</span> <span class='ocrx_word' id='word_1_70' title='bbox 1710 1015 1820 1068; x_wconf 74' lang='grc' dir='ltr'>γεν-</span> 
     </span>
    </p>
   </div>
   <div class='ocr_carea' id='block_1_11' title="bbox 221 1081 1820 1159">
    <p class='ocr_par' dir='ltr' id='par_1_11' title="bbox 221 1081 1820 1159">
     <span class='ocr_line' id='line_1_11' title="bbox 221 1081 1820 1159; baseline 0.002 -26"><span class='ocrx_word' id='word_1_71' title='bbox 221 1088 366 1143; x_wconf 86' lang='grc' dir='ltr'><strong>ναίος</strong></span> <span class='ocrx_word' id='word_1_72' title='bbox 429 1081 718 1155; x_wconf 80' lang='grc' dir='ltr'>ἀναφανεὶς,</span> <span class='ocrx_word' id='word_1_73' title='bbox 777 1083 1126 1159; x_wconf 79' lang='grc' dir='ltr'>λαμπρότερόν</span> <span class='ocrx_word' id='word_1_74' title='bbox 1178 1103 1232 1137; x_wconf 88' lang='grc' dir='ltr'><strong>τε</strong></span> <span class='ocrx_word' id='word_1_75' title='bbox 1291 1088 1428 1137; x_wconf 80' lang='grc' dir='ltr'>κατὰ</span> <span class='ocrx_word' id='word_1_76' title='bbox 1478 1094 1568 1146; x_wconf 82' lang='grc' dir='ltr'>τῆς</span> <span class='ocrx_word' id='word_1_77' title='bbox 1627 1086 1820 1146; x_wconf 85' lang='grc' dir='ltr'>πλάνης</span> 
     </span>
    </p>
   </div>
   <div class='ocr_carea' id='block_1_12' title="bbox 222 1170 1820 1247">
    <p class='ocr_par' dir='ltr' id='par_1_12' title="bbox 222 1170 1820 1247">
     <span class='ocr_line' id='line_1_12' title="bbox 222 1170 1820 1247; baseline 0.004 -25"><span class='ocrx_word' id='word_1_78' title='bbox 222 1170 254 1230; x_wconf 76' lang='grc' dir='ltr'>ἦ</span> <span class='ocrx_word' id='word_1_79' title='bbox 303 1173 440 1224; x_wconf 76' lang='grc' dir='ltr'>κατὰ</span> <span class='ocrx_word' id='word_1_80' title='bbox 485 1182 584 1225; x_wconf 83' lang='grc' dir='ltr'>τῶν</span> <span class='ocrx_word' id='word_1_81' title='bbox 639 1173 892 1244; x_wconf 79' lang='grc' dir='ltr'>πολεμίων</span> <span class='ocrx_word' id='word_1_82' title='bbox 940 1173 1238 1234; x_wconf 79' lang='grc' dir='ltr'>ἀναστήσας</span> <span class='ocrx_word' id='word_1_83' title='bbox 1289 1177 1346 1226; x_wconf 78' lang='grc' dir='ltr'><strong>τό</strong></span> <span class='ocrx_word' id='word_1_84' title='bbox 1390 1179 1632 1247; x_wconf 87' lang='grc' dir='ltr'>τρόπαιον</span> <span class='ocrx_word' id='word_1_85' title='bbox 1663 1192 1674 1206; x_wconf 88' lang='grc'><strong>·</strong></span> <span class='ocrx_word' id='word_1_86' title='bbox 1727 1172 1820 1228; x_wconf 84' lang='grc' dir='ltr'><strong>διὰ</strong></span> 
     </span>
    </p>
   </div>
   <div class='ocr_carea' id='block_1_13' title="bbox 222 1260 1821 1337">
    <p class='ocr_par' dir='ltr' id='par_1_13' title="bbox 222 1260 1821 1337">
     <span class='ocr_line' id='line_1_13' title="bbox 222 1260 1821 1337; baseline 0.004 -26"><span class='ocrx_word' id='word_1_87' title='bbox 222 1265 378 1312; x_wconf 77' lang='grc' dir='ltr'>τοῦτο</span> <span class='ocrx_word' id='word_1_88' title='bbox 425 1267 514 1314; x_wconf 80' lang='grc' dir='ltr'><strong>καὶ</strong></span> <span class='ocrx_word' id='word_1_89' title='bbox 556 1267 802 1336; x_wconf 77' lang='grc' dir='ltr'>στέφανον</span> <span class='ocrx_word' id='word_1_90' title='bbox 844 1262 1036 1335; x_wconf 83' lang='grc' dir='ltr'>εἴληφε,</span> <span class='ocrx_word' id='word_1_91' title='bbox 1080 1262 1139 1316; x_wconf 78' lang='grc' dir='ltr'>οὐ</span> <span class='ocrx_word' id='word_1_92' title='bbox 1191 1265 1416 1337; x_wconf 85' lang='grc' dir='ltr'>φθαρτόν</span> <span class='ocrx_word' id='word_1_93' title='bbox 1453 1281 1567 1316; x_wconf 88' lang='grc' dir='ltr'>τινα</span> <span class='ocrx_word' id='word_1_94' title='bbox 1612 1269 1702 1317; x_wconf 81' lang='grc' dir='ltr'><strong>καὶ</strong></span> <span class='ocrx_word' id='word_1_95' title='bbox 1731 1260 1821 1318; x_wconf 82' lang='grc' dir='ltr'><strong>δε-</strong></span> 
     </span>
    </p>
   </div>
   <div class='ocr_carea' id='block_1_14' title="bbox 221 1346 1822 1426">
    <p class='ocr_par' dir='ltr' id='par_1_14' title="bbox 221 1346 1822 1426">
     <span class='ocr_line' id='line_1_14' title="bbox 221 1346 1822 1426; baseline 0.004 -27"><span class='ocrx_word' id='word_1_96' title='bbox 221 1346 333 1410; x_wconf 79' lang='grc' dir='ltr'>ξιᾶς</span> <span class='ocrx_word' id='word_1_97' title='bbox 425 1351 651 1423; x_wconf 75' lang='grc' dir='ltr'>φθαρτῆς</span> <span class='ocrx_word' id='word_1_98' title='bbox 749 1356 1157 1424; x_wconf 73' lang='grc' dir='ltr'>προτεινόμενον,</span> <span class='ocrx_word' id='word_1_99' title='bbox 1244 1350 1351 1403; x_wconf 79' lang='grc' dir='ltr'><strong>ἀλλ’</strong></span> <span class='ocrx_word' id='word_1_100' title='bbox 1425 1353 1685 1426; x_wconf 75' lang='grc' dir='ltr'>ἄφθαρτον</span> <span class='ocrx_word' id='word_1_101' title='bbox 1769 1353 1822 1416; x_wconf 74' lang='grc' dir='ltr'><strong>ἑξ</strong></span> 
     </span>
    </p>
   </div>
   <div class='ocr_carea' id='block_1_15' title="bbox 222 1435 1819 1514">
    <p class='ocr_par' dir='ltr' id='par_1_15' title="bbox 222 1435 1819 1514">
     <span class='ocr_line' id='line_1_15' title="bbox 222 1435 1819 1514; baseline 0.002 -25"><span class='ocrx_word' id='word_1_102' title='bbox 222 1435 509 1512; x_wconf 81' lang='grc' dir='ltr'>ἀφθάρτου,</span> <span class='ocrx_word' id='word_1_103' title='bbox 559 1440 617 1500; x_wconf 83' lang='grc' dir='ltr'>ἧς</span> <span class='ocrx_word' id='word_1_104' title='bbox 647 1439 707 1492; x_wconf 80' lang='grc' dir='ltr'>οὗ</span> <span class='ocrx_word' id='word_1_105' title='bbox 757 1443 1111 1512; x_wconf 79' lang='grc' dir='ltr'>στεφανούσης</span> <span class='ocrx_word' id='word_1_106' title='bbox 1164 1445 1340 1511; x_wconf 79' lang='grc' dir='ltr'>μόνον,</span> <span class='ocrx_word' id='word_1_107' title='bbox 1389 1439 1518 1493; x_wconf 81' lang='grc' dir='ltr'><strong>ἀλλὰ</strong></span> <span class='ocrx_word' id='word_1_108' title='bbox 1555 1448 1643 1494; x_wconf 81' lang='grc' dir='ltr'><strong>καὶ</strong></span> <span class='ocrx_word' id='word_1_109' title='bbox 1679 1462 1819 1514; x_wconf 76' lang='grc' dir='ltr'>συρι-</span> 
     </span>
    </p>
   </div>
   <div class='ocr_carea' id='block_1_16' title="bbox 216 1527 1820 1604">
    <p class='ocr_par' dir='ltr' id='par_1_16' title="bbox 216 1527 1820 1604">
     <span class='ocr_line' id='line_1_16' title="bbox 216 1527 1820 1604; baseline 0.002 -27"><span class='ocrx_word' id='word_1_110' title='bbox 216 1529 505 1597; x_wconf 84' lang='grc' dir='ltr'>μαχούσης</span> <span class='ocrx_word' id='word_1_111' title='bbox 558 1527 803 1604; x_wconf 76' lang='grc' dir='ltr'>ἐπειράθη</span> <span class='ocrx_word' id='word_1_112' title='bbox 861 1532 918 1582; x_wconf 89' lang='grc' dir='ltr'>τὸ</span> <span class='ocrx_word' id='word_1_113' title='bbox 976 1535 1244 1602; x_wconf 86' lang='grc' dir='ltr'>πρότερον,</span> <span class='ocrx_word' id='word_1_114' title='bbox 1302 1534 1391 1581; x_wconf 80' lang='grc' dir='ltr'><strong>καὶ</strong></span> <span class='ocrx_word' id='word_1_115' title='bbox 1455 1538 1554 1581; x_wconf 83' lang='grc' dir='ltr'>τῶν</span> <span class='ocrx_word' id='word_1_116' title='bbox 1613 1529 1820 1600; x_wconf 74' lang='grc' dir='ltr'>ἀγώνων</span> 
     </span>
    </p>
   </div>
   <div class='ocr_carea' id='block_1_17' title="bbox 215 1612 1818 1692">
    <p class='ocr_par' dir='ltr' id='par_1_17' title="bbox 215 1612 1818 1692">
     <span class='ocr_line' id='line_1_17' title="bbox 215 1612 1818 1692; baseline 0.004 -28"><span class='ocrx_word' id='word_1_117' title='bbox 215 1612 356 1684; x_wconf 70' lang='grc' dir='ltr'>αὐτῷ</span> <span class='ocrx_word' id='word_1_118' title='bbox 402 1622 871 1690; x_wconf 78' lang='grc' dir='ltr'>συνεφαπτομένης.</span> <span class='ocrx_word' id='word_1_119' title='bbox 913 1623 1148 1692; x_wconf 81' lang='grc' dir='ltr'>Χριστοῦ</span> <span class='ocrx_word' id='word_1_120' title='bbox 1193 1620 1294 1692; x_wconf 74' lang='grc' dir='ltr'><strong>γάρ</strong></span> <span class='ocrx_word' id='word_1_121' title='bbox 1327 1615 1468 1668; x_wconf 75' lang='grc' dir='ltr'>ἔστιν</span> <span class='ocrx_word' id='word_1_122' title='bbox 1521 1622 1550 1676; x_wconf 77' lang='grc' dir='ltr'><em>ἠ</em></span> <span class='ocrx_word' id='word_1_123' title='bbox 1595 1615 1818 1691; x_wconf 79' lang='grc' dir='ltr'>δύναμις</span> 
     </span>
    </p>
   </div>
   <div class='ocr_carea' id='block_1_18' title="bbox 216 1700 1820 1781">
    <p class='ocr_par' dir='ltr' id='par_1_18' title="bbox 216 1700 1820 1781">
     <span class='ocr_line' id='line_1_18' title="bbox 216 1700 1820 1781; baseline 0.004 -27"><span class='ocrx_word' id='word_1_124' title='bbox 216 1707 307 1754; x_wconf 80' lang='grc' dir='ltr'><strong>καὶ</strong></span> <span class='ocrx_word' id='word_1_125' title='bbox 364 1704 394 1760; x_wconf 75' lang='grc' dir='ltr'><em>ἡ</em></span> <span class='ocrx_word' id='word_1_126' title='bbox 438 1700 588 1771; x_wconf 82' lang='grc' dir='ltr'><strong>δόξα,</strong></span> <span class='ocrx_word' id='word_1_127' title='bbox 641 1711 734 1759; x_wconf 87' lang='grc' dir='ltr'>σὺν</span> <span class='ocrx_word' id='word_1_128' title='bbox 761 1716 834 1778; x_wconf 83' lang='grc' dir='ltr'>τῷ</span> <span class='ocrx_word' id='word_1_129' title='bbox 873 1705 1090 1781; x_wconf 79' lang='grc' dir='ltr'>ἁνάρχῳ</span> <span class='ocrx_word' id='word_1_130' title='bbox 1141 1709 1304 1778; x_wconf 80' lang='grc' dir='ltr'>Πατρὶ</span> <span class='ocrx_word' id='word_1_131' title='bbox 1349 1709 1542 1776; x_wconf 79' lang='grc' dir='ltr'>καὶτῷ</span> <span class='ocrx_word' id='word_1_132' title='bbox 1582 1706 1820 1781; x_wconf 83' lang='grc' dir='ltr'>ζωοποιῷ</span> 
     </span>
    </p>
   </div>
   <div class='ocr_carea' id='block_1_19' title="bbox 222 1793 1820 1862">
    <p class='ocr_par' dir='ltr' id='par_1_19' title="bbox 222 1793 1820 1862">
     <span class='ocr_line' id='line_1_19' title="bbox 222 1793 1820 1862; baseline 0.005 -19"><span class='ocrx_word' id='word_1_133' title='bbox 222 1793 502 1862; x_wconf 83' lang='grc' dir='ltr'>Πνεύματι,</span> <span class='ocrx_word' id='word_1_134' title='bbox 570 1801 657 1846; x_wconf 86' lang='grc' dir='ltr'>νῦν</span> <span class='ocrx_word' id='word_1_135' title='bbox 709 1801 798 1849; x_wconf 80' lang='grc' dir='ltr'><strong>καὶ</strong></span> <span class='ocrx_word' id='word_1_136' title='bbox 852 1794 954 1862; x_wconf 81' lang='grc' dir='ltr'>ἀεὶ,</span> <span class='ocrx_word' id='word_1_137' title='bbox 1013 1798 1102 1847; x_wconf 76' lang='grc' dir='ltr'><strong>καὶ</strong></span> <span class='ocrx_word' id='word_1_138' title='bbox 1161 1793 1230 1854; x_wconf 82' lang='grc' dir='ltr'>εἰς</span> <span class='ocrx_word' id='word_1_139' title='bbox 1292 1796 1413 1856; x_wconf 82' lang='grc' dir='ltr'>τοὺς</span> <span class='ocrx_word' id='word_1_140' title='bbox 1463 1793 1656 1858; x_wconf 83' lang='grc' dir='ltr'>αἰῶνας</span> <span class='ocrx_word' id='word_1_141' title='bbox 1720 1807 1820 1850; x_wconf 85' lang='grc' dir='ltr'>τῶν</span> 
     </span>
    </p>
   </div>
   <div class='ocr_carea' id='block_1_20' title="bbox 220 1878 668 1955">
    <p class='ocr_par' dir='ltr' id='par_1_20' title="bbox 220 1878 668 1955">
     <span class='ocr_line' id='line_1_20' title="bbox 220 1878 668 1955; baseline 0.013 -25"><span class='ocrx_word' id='word_1_142' title='bbox 220 1878 440 1938; x_wconf 82' lang='grc' dir='ltr'>αἰώνων.</span> <span class='ocrx_word' id='word_1_143' title='bbox 482 1880 668 1955; x_wconf 80' lang='grc' dir='ltr'><strong>Ἀμήν.</strong></span> 
     </span>
    </p>
   </div>
   <div class='ocr_carea' id='block_1_21' title="bbox 1929 549 3569 622">
    <p class='ocr_par' dir='ltr' id='par_1_21' title="bbox 1929 549 3569 622">
     <span class='ocr_line' id='line_1_21' title="bbox 1929 549 3569 622; baseline 0 -16"><span class='ocrx_word' id='word_1_144' title='bbox 1929 549 2094 617; x_wconf 89' lang='lat' dir='ltr'><strong>bens,</strong></span> <span class='ocrx_word' id='word_1_145' title='bbox 2127 549 2279 607; x_wconf 92' lang='lat' dir='ltr'><strong>collo</strong></span> <span class='ocrx_word' id='word_1_146' title='bbox 2307 556 2572 620; x_wconf 83' lang='lat' dir='ltr'><strong>extenso,</strong></span> <span class='ocrx_word' id='word_1_147' title='bbox 2605 551 2870 622; x_wconf 82' lang='lat' dir='ltr'><strong>gladium</strong></span> <span class='ocrx_word' id='word_1_148' title='bbox 2893 557 2947 608; x_wconf 89' lang='lat' dir='ltr'><strong>et</strong></span> <span class='ocrx_word' id='word_1_149' title='bbox 2973 566 3260 608; x_wconf 83' lang='lat' dir='ltr'><strong>coronam</strong></span> <span class='ocrx_word' id='word_1_150' title='bbox 3286 566 3406 607; x_wconf 87' lang='lat' dir='ltr'><strong>una</strong></span> <span class='ocrx_word' id='word_1_151' title='bbox 3425 549 3569 608; x_wconf 61' lang='lat' dir='ltr'><strong>reci.</strong></span> 
     </span>
    </p>
   </div>
   <div class='ocr_carea' id='block_1_22' title="bbox 1929 638 3574 712">
    <p class='ocr_par' dir='ltr' id='par_1_22' title="bbox 1929 638 3574 712">
     <span class='ocr_line' id='line_1_22' title="bbox 1929 638 3574 712; baseline 0.001 -18"><span class='ocrx_word' id='word_1_152' title='bbox 1929 639 2032 711; x_wconf 82' lang='lat' dir='ltr'><strong>pit,</strong></span> <span class='ocrx_word' id='word_1_153' title='bbox 2065 639 2229 695; x_wconf 89' lang='lat' dir='ltr'><strong>illum</strong></span> <span class='ocrx_word' id='word_1_154' title='bbox 2259 639 2506 712; x_wconf 86' lang='lat' dir='ltr'><strong>quidem</strong></span> <span class='ocrx_word' id='word_1_155' title='bbox 2537 655 2572 697; x_wconf 90' lang='lat' dir='ltr'><strong>a</strong></span> <span class='ocrx_word' id='word_1_156' title='bbox 2603 641 2859 697; x_wconf 82' lang='lat' dir='ltr'><strong>veritatis</strong></span> <span class='ocrx_word' id='word_1_157' title='bbox 2882 639 3177 703; x_wconf 85' lang='lat' dir='ltr'><strong>osoribus.</strong></span> <span class='ocrx_word' id='word_1_158' title='bbox 3211 640 3368 696; x_wconf 91' lang='lat' dir='ltr'><strong>hanc</strong></span> <span class='ocrx_word' id='word_1_159' title='bbox 3392 638 3472 695; x_wconf 89' lang='lat' dir='ltr'><strong>ab</strong></span> <span class='ocrx_word' id='word_1_160' title='bbox 3502 654 3574 696; x_wconf 90' lang='lat' dir='ltr'><strong>eo</strong></span> 
     </span>
    </p>
   </div>
   <div class='ocr_carea' id='block_1_23' title="bbox 1927 727 3574 803">
    <p class='ocr_par' dir='ltr' id='par_1_23' title="bbox 1927 727 3574 803">
     <span class='ocr_line' id='line_1_23' title="bbox 1927 727 3574 803; baseline 0 -20"><span class='ocrx_word' id='word_1_161' title='bbox 1927 729 2032 803; x_wconf 80' lang='lat' dir='ltr'><strong>qui</strong></span> <span class='ocrx_word' id='word_1_162' title='bbox 2071 728 2302 800; x_wconf 86' lang='lat' dir='ltr'><strong>pietatis</strong></span> <span class='ocrx_word' id='word_1_163' title='bbox 2349 728 2602 786; x_wconf 79' lang='lat' dir='ltr'><strong>athletas</strong></span> <span class='ocrx_word' id='word_1_164' title='bbox 2647 733 2909 795; x_wconf 78' lang='lat' dir='ltr'><strong>coronat,</strong></span> <span class='ocrx_word' id='word_1_165' title='bbox 2945 729 3041 785; x_wconf 88' lang='lat' dir='ltr'><strong>cui</strong></span> <span class='ocrx_word' id='word_1_166' title='bbox 3075 727 3254 784; x_wconf 84' lang='lat' dir='ltr'><strong>etiam</strong></span> <span class='ocrx_word' id='word_1_167' title='bbox 3305 732 3574 784; x_wconf 87' lang='lat' dir='ltr'><strong>sanctam</strong></span> 
     </span>
    </p>
   </div>
   <div class='ocr_carea' id='block_1_24' title="bbox 1929 815 3574 888">
    <p class='ocr_par' dir='ltr' id='par_1_24' title="bbox 1929 815 3574 888">
     <span class='ocr_line' id='line_1_24' title="bbox 1929 815 3574 888; baseline 0.001 -17"><span class='ocrx_word' id='word_1_168' title='bbox 1929 832 2099 872; x_wconf 91' lang='lat' dir='ltr'><strong>suam</strong></span> <span class='ocrx_word' id='word_1_169' title='bbox 2130 817 2392 873; x_wconf 86' lang='lat' dir='ltr'><strong>animam</strong></span> <span class='ocrx_word' id='word_1_170' title='bbox 2421 817 2664 873; x_wconf 82' lang='lat' dir='ltr'><strong>tradidit</strong></span> <span class='ocrx_word' id='word_1_171' title='bbox 2715 817 2809 873; x_wconf 91' lang='lat' dir='ltr'><strong>die</strong></span> <span class='ocrx_word' id='word_1_172' title='bbox 2865 821 2931 874; x_wconf 83' lang='lat'><strong>23</strong></span> <span class='ocrx_word' id='word_1_173' title='bbox 2984 815 3217 888; x_wconf 88' lang='lat' dir='ltr'><strong>Aprilis,</strong></span> <span class='ocrx_word' id='word_1_174' title='bbox 3249 820 3574 888; x_wconf 87' lang='lat' dir='ltr'><strong>postquam</strong></span> 
     </span>
    </p>
   </div>
   <div class='ocr_carea' id='block_1_25' title="bbox 1927 903 3578 973">
    <p class='ocr_par' dir='ltr' id='par_1_25' title="bbox 1927 903 3578 973">
     <span class='ocr_line' id='line_1_25' title="bbox 1927 903 3578 973; baseline 0.001 -14"><span class='ocrx_word' id='word_1_175' title='bbox 1927 919 2168 961; x_wconf 87' lang='lat' dir='ltr'><strong>cursum</strong></span> <span class='ocrx_word' id='word_1_176' title='bbox 2189 905 2441 972; x_wconf 86' lang='lat' dir='ltr'><strong>ﬁnierat,</strong></span> <span class='ocrx_word' id='word_1_177' title='bbox 2461 906 2644 962; x_wconf 85' lang='lat' dir='ltr'><strong>ﬁdem</strong></span> <span class='ocrx_word' id='word_1_178' title='bbox 2657 905 3214 963; x_wconf 84' lang='lat' dir='ltr'><strong>servaratetnobilis</strong></span> <span class='ocrx_word' id='word_1_179' title='bbox 3235 903 3578 973; x_wconf 78' lang='lat' dir='ltr'><strong>antesigna-</strong></span> 
     </span>
    </p>
   </div>
   <div class='ocr_carea' id='block_1_26' title="bbox 1928 991 3575 1065">
    <p class='ocr_par' dir='ltr' id='par_1_26' title="bbox 1928 991 3575 1065">
     <span class='ocr_line' id='line_1_26' title="bbox 1928 991 3575 1065; baseline -0.002 -17"><span class='ocrx_word' id='word_1_180' title='bbox 1928 1009 2042 1048; x_wconf 87' lang='lat' dir='ltr'><strong>nus</strong></span> <span class='ocrx_word' id='word_1_181' title='bbox 2062 993 2274 1062; x_wconf 88' lang='lat' dir='ltr'><strong>factus,</strong></span> <span class='ocrx_word' id='word_1_182' title='bbox 2307 994 2587 1050; x_wconf 82' lang='lat' dir='ltr'><strong>vexillum</strong></span> <span class='ocrx_word' id='word_1_183' title='bbox 2617 999 2824 1050; x_wconf 89' lang='lat' dir='ltr'><strong>contra</strong></span> <span class='ocrx_word' id='word_1_184' title='bbox 2852 1009 3112 1050; x_wconf 89' lang='lat' dir='ltr'><strong>errorem</strong></span> <span class='ocrx_word' id='word_1_185' title='bbox 3163 991 3360 1065; x_wconf 89' lang='lat' dir='ltr'><strong>potius</strong></span> <span class='ocrx_word' id='word_1_186' title='bbox 3387 1006 3575 1064; x_wconf 88' lang='lat' dir='ltr'><strong>quam</strong></span> 
     </span>
    </p>
   </div>
   <div class='ocr_carea' id='block_1_27' title="bbox 1926 1079 3574 1156">
    <p class='ocr_par' dir='ltr' id='par_1_27' title="bbox 1926 1079 3574 1156">
     <span class='ocr_line' id='line_1_27' title="bbox 1926 1079 3574 1156; baseline -0.001 -20"><span class='ocrx_word' id='word_1_187' title='bbox 1926 1087 2133 1138; x_wconf 89' lang='lat' dir='ltr'><strong>contra</strong></span> <span class='ocrx_word' id='word_1_188' title='bbox 2161 1082 2364 1139; x_wconf 88' lang='lat' dir='ltr'><strong>hostes</strong></span> <span class='ocrx_word' id='word_1_189' title='bbox 2392 1088 2744 1156; x_wconf 78' lang='lat' dir='ltr'><strong>portaverat.</strong></span> <span class='ocrx_word' id='word_1_190' title='bbox 2782 1082 2940 1138; x_wconf 86' lang='lat' dir='ltr'><strong>Hanc</strong></span> <span class='ocrx_word' id='word_1_191' title='bbox 2969 1081 3049 1138; x_wconf 93' lang='lat' dir='ltr'><strong>ob</strong></span> <span class='ocrx_word' id='word_1_192' title='bbox 3097 1096 3344 1138; x_wconf 86' lang='lat' dir='ltr'><strong>causam</strong></span> <span class='ocrx_word' id='word_1_193' title='bbox 3396 1079 3574 1135; x_wconf 89' lang='lat' dir='ltr'><strong>etiam</strong></span> 
     </span>
    </p>
   </div>
   <div class='ocr_carea' id='block_1_28' title="bbox 1928 1167 3576 1240">
    <p class='ocr_par' dir='ltr' id='par_1_28' title="bbox 1928 1167 3576 1240">
     <span class='ocr_line' id='line_1_28' title="bbox 1928 1167 3576 1240; baseline -0.002 -14"><span class='ocrx_word' id='word_1_194' title='bbox 1928 1185 2216 1227; x_wconf 88' lang='lat' dir='ltr'><strong>coronam</strong></span> <span class='ocrx_word' id='word_1_195' title='bbox 2239 1177 2448 1229; x_wconf 87' lang='lat' dir='ltr'><strong>nactus</strong></span> <span class='ocrx_word' id='word_1_196' title='bbox 2468 1177 2555 1229; x_wconf 88' lang='lat' dir='ltr'><strong>est</strong></span> <span class='ocrx_word' id='word_1_197' title='bbox 2578 1187 2702 1228; x_wconf 93' lang='lat' dir='ltr'><strong>non</strong></span> <span class='ocrx_word' id='word_1_198' title='bbox 2722 1169 3208 1236; x_wconf 88' lang='lat' dir='ltr'><strong>marcescibilem,</strong></span> <span class='ocrx_word' id='word_1_199' title='bbox 3232 1167 3341 1224; x_wconf 87' lang='lat' dir='ltr'><strong>sed</strong></span> <span class='ocrx_word' id='word_1_200' title='bbox 3368 1181 3576 1240; x_wconf 88' lang='lat' dir='ltr'><strong>peren-</strong></span> 
     </span>
    </p>
   </div>
   <div class='ocr_carea' id='block_1_29' title="bbox 1929 1255 3573 1332">
    <p class='ocr_par' dir='ltr' id='par_1_29' title="bbox 1929 1255 3573 1332">
     <span class='ocr_line' id='line_1_29' title="bbox 1929 1255 3573 1332; baseline -0.001 -19"><span class='ocrx_word' id='word_1_201' title='bbox 1929 1273 2089 1324; x_wconf 90' lang='lat' dir='ltr'><strong>nem,</strong></span> <span class='ocrx_word' id='word_1_202' title='bbox 2105 1265 2357 1332; x_wconf 86' lang='lat' dir='ltr'><strong>etquam</strong></span> <span class='ocrx_word' id='word_1_203' title='bbox 2367 1261 2498 1332; x_wconf 87' lang='lat' dir='ltr'><strong>jam</strong></span> <span class='ocrx_word' id='word_1_204' title='bbox 2511 1260 2572 1316; x_wconf 88' lang='lat' dir='ltr'><strong>in</strong></span> <span class='ocrx_word' id='word_1_205' title='bbox 2590 1258 2882 1331; x_wconf 88' lang='lat' dir='ltr'><strong>prioribus</strong></span> <span class='ocrx_word' id='word_1_206' title='bbox 2898 1257 3328 1314; x_wconf 88' lang='lat' dir='ltr'><strong>certaminibus</strong></span> <span class='ocrx_word' id='word_1_207' title='bbox 3347 1255 3573 1312; x_wconf 87' lang='lat' dir='ltr'><strong>sociam</strong></span> 
     </span>
    </p>
   </div>
   <div class='ocr_carea' id='block_1_30' title="bbox 1929 1344 3575 1418">
    <p class='ocr_par' dir='ltr' id='par_1_30' title="bbox 1929 1344 3575 1418">
     <span class='ocr_line' id='line_1_30' title="bbox 1929 1344 3575 1418; baseline -0.002 -16"><span class='ocrx_word' id='word_1_208' title='bbox 1929 1362 1999 1402; x_wconf 89' lang='lat' dir='ltr'><strong>ac</strong></span> <span class='ocrx_word' id='word_1_209' title='bbox 2019 1348 2514 1418; x_wconf 80' lang='lat' dir='ltr'><strong>popugnatricem</strong></span> <span class='ocrx_word' id='word_1_210' title='bbox 2535 1347 2846 1403; x_wconf 85' lang='lat' dir='ltr'><strong>habuerat.</strong></span> <span class='ocrx_word' id='word_1_211' title='bbox 2871 1344 3106 1403; x_wconf 86' lang='lat' dir='ltr'><strong>Christo</strong></span> <span class='ocrx_word' id='word_1_212' title='bbox 3126 1345 3288 1401; x_wconf 88' lang='lat' dir='ltr'><strong>enim</strong></span> <span class='ocrx_word' id='word_1_213' title='bbox 3310 1347 3575 1416; x_wconf 85' lang='lat' dir='ltr'><strong>potestas</strong></span> 
     </span>
    </p>
   </div>
   <div class='ocr_carea' id='block_1_31' title="bbox 1929 1430 3576 1508">
    <p class='ocr_par' dir='ltr' id='par_1_31' title="bbox 1929 1430 3576 1508">
     <span class='ocr_line' id='line_1_31' title="bbox 1929 1430 3576 1508; baseline -0.002 -18"><span class='ocrx_word' id='word_1_214' title='bbox 1929 1439 1987 1490; x_wconf 90' lang='lat' dir='ltr'><strong>et</strong></span> <span class='ocrx_word' id='word_1_215' title='bbox 2010 1435 2200 1505; x_wconf 79' lang='lat' dir='ltr'><strong>gloria</strong></span> <span class='ocrx_word' id='word_1_216' title='bbox 2237 1451 2376 1491; x_wconf 92' lang='lat' dir='ltr'><strong>cum</strong></span> <span class='ocrx_word' id='word_1_217' title='bbox 2415 1439 2578 1492; x_wconf 89' lang='lat' dir='ltr'><strong>Patre</strong></span> <span class='ocrx_word' id='word_1_218' title='bbox 2619 1435 2906 1508; x_wconf 86' lang='lat' dir='ltr'><strong>principio</strong></span> <span class='ocrx_word' id='word_1_219' title='bbox 2947 1439 3186 1490; x_wconf 89' lang='lat' dir='ltr'><strong>carente</strong></span> <span class='ocrx_word' id='word_1_220' title='bbox 3247 1437 3302 1488; x_wconf 89' lang='lat' dir='ltr'><strong>et</strong></span> <span class='ocrx_word' id='word_1_221' title='bbox 3361 1430 3576 1503; x_wconf 86' lang='lat' dir='ltr'><strong>Spiritu</strong></span> 
     </span>
    </p>
   </div>
   <div class='ocr_carea' id='block_1_32' title="bbox 1929 1519 3574 1595">
    <p class='ocr_par' dir='ltr' id='par_1_32' title="bbox 1929 1519 3574 1595">
     <span class='ocr_line' id='line_1_32' title="bbox 1929 1519 3574 1595; baseline -0.001 -19"><span class='ocrx_word' id='word_1_222' title='bbox 1929 1522 2162 1578; x_wconf 88' lang='lat' dir='ltr'><strong>viviﬁco</strong></span> <span class='ocrx_word' id='word_1_223' title='bbox 2187 1539 2347 1579; x_wconf 92' lang='lat' dir='ltr'><strong>nunc</strong></span> <span class='ocrx_word' id='word_1_224' title='bbox 2375 1528 2433 1579; x_wconf 90' lang='lat' dir='ltr'><strong>et</strong></span> <span class='ocrx_word' id='word_1_225' title='bbox 2460 1539 2714 1595; x_wconf 86' lang='lat' dir='ltr'><strong>semper,</strong></span> <span class='ocrx_word' id='word_1_226' title='bbox 2747 1528 2806 1580; x_wconf 90' lang='lat' dir='ltr'><strong>et</strong></span> <span class='ocrx_word' id='word_1_227' title='bbox 2834 1523 2894 1578; x_wconf 90' lang='lat' dir='ltr'><strong>in</strong></span> <span class='ocrx_word' id='word_1_228' title='bbox 2924 1520 3147 1578; x_wconf 67' lang='lat' dir='ltr'><strong>saecula</strong></span> <span class='ocrx_word' id='word_1_229' title='bbox 3195 1519 3574 1576; x_wconf 69' lang='lat' dir='ltr'><strong>smoulorum.</strong></span> 
     </span>
    </p>
   </div>
   <div class='ocr_carea' id='block_1_33' title="bbox 1928 1613 2137 1666">
    <p class='ocr_par' dir='ltr' id='par_1_33' title="bbox 1928 1613 2137 1666">
     <span class='ocr_line' id='line_1_33' title="bbox 1928 1613 2137 1666; baseline 0.01 -2"><span class='ocrx_word' id='word_1_230' title='bbox 1928 1613 2137 1666; x_wconf 83' lang='lat' dir='ltr'><strong>Amen.</strong></span> 
     </span>
    </p>
   </div>
  </div>
