4110 6272
587 330 685 385 163
1953 318 2204 374 MENSIS

2330 317 2549 372 ’ΒΗᾸᾶ
3852 311 3950 364 164

581 443 3938 480 εὖ

1202 547 1832 640 ΜΑΡΤΥΡΙΟΝ
1891 542 2105 628 ΤΟΥ
2161 539 2497 628 ΑΓΙΟΥ
2569 532 3279 627 ΑΠΟΣΤΟΛΟΥ

1937 725 2050 775 ΚΑΙ
2091 720 2583 773 ΕΥΑΓΓΕΛΙΣΤΟΥ

1305 887 1916 1007 ΜΑΡΚΟΥ
1991 868 3161 998 ΑΔΕΞΑΝΔΡΕΙΑΣ

1863 1299 2651 1395 MABTYBIUM

1011 1535 1686 1680 SANCTI
1819 1526 2412 1673 MABCI
2533 1522 3499 1669 APOSTOLI

1952 1814 2033 1868 ET
2064 1808 2553 1867 EVANEGLISTE

574 1972 778 2034 (Latine
791 1970 933 2034 apud
959 1970 1172 2019 Surium
1193 1969 1260 2019 ad
1283 1968 1423 2017 dicm
1439 1969 1497 2015 25
1525 1965 1732 2030 Aprilis.
1755 1963 1929 2013 Grieca
1949 1975 2091 2011 nunc
2113 1962 2349 2023 primum
2362 1957 2703 2022 prodeuntex
2723 1958 2842 2008 cod.
2865 1957 2990 2021 Reg.
3018 1959 3176 2008 Paris.
3201 1958 3310 2016 881,
3335 1972 3451 2008 θεοί).
3474 1970 3548 2010 x1.
3570 1957 3716 2008 Enn.
3758 1958 3941 2018 Pun.)

654 2272 696 2325 Ι.
727 2272 1012 2341 Tempore
1033 2268 1151 2334 illo,
1172 2283 1308 2323 cum
1333 2264 1584 2338 apostoli
1611 2279 1716 2336 per
1745 2277 1987 2319 omnem
2015 2259 2223 2316 orbem
2258 2259 2302 2312 A

583 2363 874 2415 terrarum
913 2356 1165 2428 dispersi
1191 2359 1411 2420 essent,
1435 2355 1638 2409 divina
1666 2352 1966 2407 voluntate
1999 2350 2223 2405 factum

581 2452 690 2512 est,
724 2451 787 2502 ut
811 2447 900 2501 vir
938 2444 1350 2501 sanctissimus
1376 2445 1600 2497 Marcus
1640 2440 1699 2495 in
1753 2438 1987 2510 Egypti
2039 2436 2223 2504 regio-

578 2549 716 2590 nem
735 2535 940 2589 adiret.
961 2533 1395 2602 Evangelistam
1413 2531 1574 2584 hunc
1594 2543 1743 2592 esse,
1777 2525 1967 2580 sancti
1989 2528 2219 2594 aposto-

580 2622 702 2677 licae
735 2622 1005 2677 Ecclesiae
1036 2637 1298 2676 canones
1328 2619 1777 2680 constituerunt,
1811 2631 1881 2669 eo
1911 2611 2075 2684 quod
2108 2611 2223 2681 pri-

583 2727 721 2765 mus
740 2712 868 2781 ipse
887 2711 944 2764 in
960 2714 1082 2764 tota
1098 2709 1335 2780 Egypti
1348 2707 1587 2776 regione
1599 2744 1612 2768 ,
1633 2703 1832 2774 Libya,
1855 2700 2219 2764 Marmarica,

583 2799 935 2854 Ammonica
960 2802 1015 2853 et
1043 2796 1368 2868 Pentapoli,
1397 2793 1607 2852 Christi
1638 2790 2018 2860 Evangelium
2057 2788 2223 2861 quod

586 2886 921 2958 scripserat,
965 2891 1020 2940 et
1056 2886 1184 2956 eius
1222 2884 1299 2940 ad
1337 2899 1449 2938 nos
1489 2882 1808 2937 adventum
1860 2876 2218 2950 prmdicavit.

586 2978 721 3030 Erat
745 2976 902 3030 enim
932 2980 1053 3030 tota
1079 2973 1179 3029 illa
1200 2974 1361 3042 regio
1414 2970 1758 3027 hominibus
1826 2968 2036 3024 referta
2070 2983 2082 3022 :
2115 2966 2218 3038 qui

583 3079 720 3118 cum
753 3067 950 3118 essent
970 3062 1146 3117 corde
1172 3060 1584 3117 incircumciso
1607 3063 1660 3115 et
1680 3058 2024 3120 durissimo,
2046 3055 2220 3111 idolis

584 3151 935 3218 serviebant,
964 3150 1118 3222 pleni
1152 3150 1316 3206 omni
1354 3149 1710 3220 impuritate,
1758 3153 1812 3203 et
1846 3147 2218 3218 impurorum

584 3241 892 3313 spirituum
926 3239 1201 3296 cultores.
1231 3240 1333 3294 Per
1361 3254 1571 3294 omnes
1603 3238 1764 3294 enim
1797 3236 1972 3293 urbes
1993 3252 2062 3291 ac
2088 3250 2222 3306 pro-

580 3329 827 3395 vincias,
869 3328 1094 3397 templa
1131 3333 1186 3384 et
1239 3327 1401 3382 lucos
1447 3326 1911 3383 constituebant.
1949 3323 2218 3378 Siderum

583 3418 756 3473 etiam
775 3422 986 3472 eventa
998 3423 1054 3472 et
1075 3418 1322 3486 magicaa
1346 3414 1854 3484 artes,omnisque
1875 3412 2220 3466 daemonum

582 3505 826 3561 facultas
883 3505 1046 3576 apud
1103 3521 1203 3560 eos
1258 3504 1662 3566 exercebatur,
1694 3517 1879 3573 quam
1932 3499 2218 3554 Dominus

2409 2256 2480 2311 A'.
2517 2257 2640 2311 Κατ’
2670 2256 2855 2311 ἐκεῖνον
2898 2261 2984 2311 τὸν
3023 2261 3203 2333 καιρὸν
3248 2267 3346 2311 τῶν
3400 2257 3701 2312 ἀποστόλων
3751 2255 3934 2331 διαμει

2331 2349 2609 2420 ρισθέντων
2661 2349 2794 2398 κατὰ
2863 2351 2956 2405 τὴν
3013 2354 3186 2400 πᾶσαν
3243 2347 3563 2419 οἰκουμένην,
3633 2347 3794 2419 ἔλαχε
3848 2354 3938 2400 τὸν

2334 2434 2621 2504 ἁγιωτατον
2652 2437 2862 2507 Μάρκον
2911 2435 2958 2487 ἐν
2990 2444 3049 2508 τῇ
3108 2438 3222 2488 κατ’
3256 2439 3515 2508 Αἴγυπτον
3570 2443 3724 2510 χώρᾳ
3775 2436 3940 2490 ἐλθεῖν

2335 2531 2465 2575 Θεοῦ
2501 2522 2769 2594 βουλήσει,
2818 2527 2928 2577 ὅθεν
2973 2529 3060 2577 καὶ
3092 2523 3458 2596 εὐαγγελιστην
3514 2527 3674 2576 αὑτὸν
3723 2525 3939 2578 ἐθέσπι-

2337 2631 2429 2663 σαν
2481 2614 2528 2664 οἱ
2580 2616 2828 2684 μακάριοι
2874 2619 3072 2674 κανόνες
3120 2621 3213 2675 τῆς
3253 2613 3407 2684 ἁγίας
3455 2619 3543 2666 καὶ
3585 2613 3936 2676 ἀποστολικῆς

2335 2698 2661 2765 Ἐκκλησίας,
2711 2699 2804 2755 διὰ
2830 2706 2888 2754 τὸ
2922 2711 3122 2777 πρῶτον
3166 2702 3320 2754 αὑτὸν
3352 2701 3398 2753 ἐν
3443 2701 3530 2774 ὅλη
3574 2709 3634 2774 τῇ
3686 2703 3934 2774 Αἰγύπτῳ

2331 2798 2504 2866 χώρᾳ,
2577 2791 2743 2864 Λιϐύη
2801 2811 2855 2844 τε
2915 2796 3004 2843 καὶ
3057 2798 3400 2865 Μαρμαρικῇ,
3451 2791 3788 2864 Ἀμμανιακῇ
3846 2800 3932 2845 καὶ

2334 2881 2660 2950 Πενταπὸλει,
2715 2879 2936 2953 κηρύξαι
2984 2884 3040 2931 τὸ
3091 2879 3396 2950 Εύαγγίλιον
3453 2889 3547 2940 τῆς
3600 2888 3690 2931 τοῦ
3738 2886 3934 2953 Κυρίου

2329 2976 2417 3023 καὶ
2461 2978 2695 3042 Σωτῆρος
2748 2971 2894 3042 ἡμῶν
2947 2969 3122 3026 Ἰησοῦ
3193 2976 3422 3040 Χριστοῦ
3475 2965 3776 3040 ἐπιδημίας.
3839 2970 3935 3023 Ἦν

2328 3063 2429 3134 γὰρ
2478 3066 2626 3112 πᾶσα
2655 3061 2682 3117 ἡ
2730 3067 2796 3130 γῆ
2849 3058 2979 3114 αῦτη
3013 3060 3354 3130 ἀπερίτμητοι
3383 3065 3449 3129 ’τῇ
3493 3055 3691 3131 καρδίᾳ
3728 3064 3819 3112 καὶ
3859 3060 3925 3112 εἰ-

2332 3147 2676 3223 δωλολάτραι,
2737 3152 2920 3219 μεστοὶ
2968 3149 3142 3208 πάσης
3198 3146 3524 3219 ἀκαθαρσίας
3554 3152 3641 3199 καὶ
3695 3153 3932 3221 πνευμά-

2331 3258 2428 3290 των
2479 3236 2782 3308 ἀκαθάρτων
2829 3234 3081 3287 σεϐασταί
3133 3251 3145 3263 °
3198 3236 3331 3286 κατὰ
3377 3241 3551 3287 πᾶσαν
3589 3239 3690 3309 γὰρ
3739 3237 3931 3304 οἰκίαν,

2330 3331 2419 3378 καὶ
2448 3321 2703 3396 ἄμφοδον,
2734 3328 2823 3375 καὶ
2872 3323 3154 3394 ἐπαρχίας,
3208 3327 3405 3385 σηκοὺς
3442 3328 3531 3376 καὶ
3573 3328 3753 3397 τεμένη
3803 3346 3938 3381 κατ-

2331 3413 2667 3474 εσκευάζοντο
2728 3430 2739 3440 ·
2799 3411 3190 3483 ἀποτελέσματα
3245 3431 3318 3480 τε,
3371 3417 3461 3465 καὶ
3524 3421 3783 3484 γοητεῖαι,
3842 3420 3938 3467 καὶ

2330 3510 2475 3555 πᾶσα
2533 3499 2754 3572 δύναμις
2811 3499 3208 3573 ἐγρηγορητική.
3265 3500 3464 3552 Μᾶλλον
3533 3498 3592 3554 δὲ
3647 3499 3934 3574 δαιμονική

581 3595 768 3659 Jesus,
802 3609 936 3646 cum
967 3593 1023 3647 in
1056 3608 1188 3648 eam
1210 3591 1514 3661 regionem
1538 3591 1757 3652 ivisset,
1783 3587 2218 3644 dissolvendam

2332 3589 2391 3650 ἦν
2436 3591 2482 3643 ἐν
2521 3591 2713 3655 αὐτοῖς,
2752 3593 2812 3649 ἦν
2858 3587 3190 3660 ἐπιδημήσας
3229 3591 3253 3640 ὁ
3298 3593 3482 3662 Κύριος
3520 3592 3664 3661 ἡμῶν
3720 3591 3939 3654 Ἰησοῦς

580 3686 757 3752 atque
788 3682 1166 3735 evertendam
1199 3679 1692 3749 praemonstravit.

653 3768 718 3822 ll.
749 3770 896 3823 Cum
949 3767 1129 3835 igitur
1176 3767 1412 3821 divinus
1463 3767 1821 3835 evangelista
1876 3767 2106 3821 Marcus
2162 3767 2220 3820 in

580 3857 847 3929 Cyrenen
905 3856 1110 3910 urbem
1180 3855 1520 3926 Pentapolis
1577 3856 1853 3920 venisset,
1883 3861 1938 3910 et
1991 3854 2222 3909 cceleste

581 3945 788 4002 Christi
817 3959 1068 4013 regnum
1099 3943 1498 4015 praedicasset,
1530 3943 1767 4013 etapud
1809 3959 1909 3997 eos
1938 3942 2224 3998 miracula

580 4032 841 4101 ingentia
881 4031 1108 4086 fecisset
1148 4033 1424 4102 (aegrotos
1464 4032 1623 4086 enim
1664 4031 1908 4094 curavit,
1953 4030 2220 4101 leprosos

580 4120 841 4175 mundos
873 4119 1148 4186 reddidit,
1180 4136 1247 4174 ac
1277 4119 1490 4175 divinae
1516 4120 1718 4190 gratiae
1743 4119 1924 4174 verbo
1953 4118 2222 4190 impuros

580 4213 636 4263 et
654 4208 876 4263 feroces
896 4207 1136 4278 spiritus
1153 4208 1365 4278 ejecit),
1382 4209 1548 4264 multi
1569 4225 1818 4280 pereum
1844 4207 2222 4264 crediderunt

579 4295 639 4350 in
664 4296 978 4351 Dominum
999 4299 1195 4351 Jesum
1213 4296 1528 4364 Christum,
1544 4303 1600 4353 et
1619 4299 1900 4361 fecerunt,
1921 4301 1985 4352 ut
2013 4313 2219 4353 eorum

582 4382 903 4438 simulacra
919 4384 976 4437 in
992 4388 1207 4439 terram
1227 4385 1622 4454 dejicerentur
1639 4402 1649 4437 :
1666 4386 1768 4454 qui
1788 4389 1843 4438 et
1859 4384 2219 4453 baptismate

579 4468 891 4524 illuminati
934 4478 1071 4525 sunt
1102 4473 1159 4524 in
1192 4471 1434 4525 nomine
1475 4472 1685 4539 Patris,
1714 4478 1769 4526 et
1805 4472 1946 4538 Filii,
1979 4479 2033 4527 et
2084 4474 2218 4543 Spi-

581 4556 726 4611 ritus
760 4559 970 4625 sancti,
1005 4563 1208 4612 Amen.
1244 4558 1362 4613 lllic
1389 4560 1562 4627 igitur
1592 4575 1693 4630 per
1733 4565 2006 4614 sanctum
2048 4560 2219 4631 Spiri-

579 4649 705 4699 tum
729 4645 781 4700 ei
802 4644 1120 4700 revelatum
1144 4645 1268 4712 fuit,
1295 4652 1358 4702 ut
1383 4647 1460 4703 ad
1483 4648 1774 4704 Pharitem
1805 4648 2215 4704 Alexandriam

2331 3684 2560 3755 Χριστὸς
2589 3678 2837 3732 κατελυσε
2861 3683 2950 3730 καὶ
2981 3676 3258 3731 ἀπώλεσεν.

2403 3771 2472 3822 B'.
2534 3776 2637 3822 Τοῦ
2701 3764 2788 3820 οὖν
2849 3769 3125 3819 θεσπεσίου
3173 3765 3539 3838 εὐαγγελιστοῦ
3598 3769 3810 3840 Μάρκου
3879 3773 3936 3822 ἓν

2334 3864 2538 3929 Κυρήνῃ
2589 3866 2683 3919 τῆς
2732 3855 3089 3915 Πενταπολεως
3140 3860 3578 3925 καταντήσαντος,
3631 3861 3719 3908 καὶ
3763 3857 3936 3915 λαλή-

2341 3964 2519 4006 σαντος
2550 3945 2707 3997 αὐτοῦ
2732 3949 2818 3996 τὸν
2865 3952 2956 4005 τῆς
3001 3943 3173 4017 ἀρχῆς
3203 3951 3294 3995 τοῦ
3351 3951 3582 4018 Χριστοῦ
3621 3944 3786 4014 λόγον,
3839 3953 3932 3999 καὶ

2331 4039 2639 4093 ποιήσαντος
2688 4033 2758 4094 εἰς
2804 4032 2987 4093 αύτούς
3030 4035 3096 4084 τὰ
3132 4028 3408 4104 παράδοξα
3453 4034 3694 4105 θαύματα
3741 4033 3931 4104 (ἀσθε-

2329 4131 2538 4183 νοῦντας
2590 4122 2916 4195 ἐθεράπευσε,
2978 4120 3194 4186 λεπροὺς
3256 4120 3533 4193 ἐκαθάρισε
3605 4126 3694 4173 καὶ
3773 4127 3930 4175 πνεύ-

2329 4231 2466 4285 ματα
2515 4210 2720 4283 χαλεπὰ
2771 4208 2970 4272 ἐξέϐαλε
3021 4218 3092 4278 τῷ
3139 4209 3274 4279 λόγῳ
3329 4217 3419 4271 τῆς
3477 4211 3743 4283 χάριτος),
3792 4211 3930 4263 πολ-

2329 4306 2406 4353 λοὶ
2457 4303 2824 4360 πιστεύσαντες
2895 4295 2965 4349 δι’
3037 4298 3194 4348 αὑτοῦ
3254 4297 3321 4358 εἰς
3383 4301 3468 4349 τὸν
3537 4302 3726 4370 Κύριον
3781 4302 3928 4372 ἡμῶν

2328 4391 2532 4448 Ἰησοῦν
2570 4391 2818 4462 Χριστὸν,
2874 4388 3121 4443 ἐποίησαν
3173 4390 3235 4437 τὰ
3279 4382 3468 4437 εἷδωλα
3509 4387 3677 4438 αὐτῶν
3725 4408 3925 4459 χαμαι-

2326 4488 2470 4551 PLM,
2535 4477 2896 4549 ἐφωτίσθησάειο
2951 4493 3003 4526 τε
3056 4473 3424 4546 βαπτισθέντες
3478 4476 3550 4536 εἰς
3607 4481 3664 4527 τὸ
3743 4482 3926 4550 ὄνομα-

2327 4577 2415 4619 τοῦ
2476 4571 2695 4639 Πατρός,
2757 4574 2840 4616 τοῦ
2896 4565 3038 4626 Υιοῦ,
3107 4569 3194 4615 καὶ
3248 4572 3337 4614 τοῦ
3398 4564 3546 4634 ἁγίου
3605 4569 3920 4636 Πνεύματος.

2327 4656 2460 4708 Ἐκεῖ
2499 4652 2585 4707 οὖν
2636 4653 2968 4723 ἀπεκαλύφθη
3027 4652 3166 4720 αύτῷ
3221 4649 3314 4703 διὰ
3351 4661 3440 4703 τοῦ
3487 4653 3640 4723 ἁγίου
3691 4659 3921 4726 Πνεύμαο

580 4733 783 4799 abiret,
815 4738 870 4788 et
913 4735 1141 4789 bonam
1195 4736 1292 4789 Dei
1348 4742 1673 4791 sementem
1731 4737 1846 4792 illic
1891 4741 2216 4808 spargeret.

2330 4763 2412 4804 τος
2464 4745 2533 4804 εἰς
2589 4747 2681 4799 τὴν
2735 4745 2959 4813 Φαρίτην
3037 4736 3423 4813 Ἀλεξάνδρειαν
3495 4741 3791 4794 ἀναπελθεῖν
3836 4750 3923 4795 καὶ

580 4821 782 4892 Itaque
812 4820 1015 4877 beatus
1045 4823 1407 4892 evangelista
1428 4826 1651 4879 Marcus
1672 4825 1748 4880 ad
1776 4825 2059 4892 stadium,
2094 4832 2220 4882 tan-

580 4925 765 4981 quam
796 4926 1116 4980 generosus
1146 4916 1200 4966 et
1229 4911 1395 4967 fortis
1435 4913 1671 4976 athleta,
1714 4921 1994 4986 prompto
2016 4916 2218 4972 animo

581 4998 980 5066 gradiebatur.
1014 5003 1278 5072 Cumque
1301 5001 1508 5056 fratres
1541 5001 1700 5072 ipsos
1743 5002 2076 5070 salutasset,
2112 5006 2219 5060 Do-

583 5088 800 5150 minus,
820 5089 1024 5158 inquit,
1041 5105 1208 5144 meus
1226 5090 1364 5144 mihi
1381 5090 1538 5159 dixit,
1561 5097 1622 5145 ut
1652 5091 1728 5145 ad
1748 5092 1955 5147 urbem
1973 5093 2219 5150 Alexan—

583 5175 775 5229 driam
817 5178 1176 5246 proﬁciscar.
1209 5181 1434 5235 Fratres
1489 5185 1687 5235 autem
1736 5197 1998 5255 eousque
2053 5184 2217 5240 illum

582 5263 976 5328 deduxerunt,
994 5268 1192 5337 quoad
1209 5269 1268 5322 in
1290 5269 1594 5338 navigium
1610 5269 1908 5339 ingressus
1925 5277 2029 5327 est.
2049 5273 2220 5327 Cum-

581 5367 699 5422 que
725 5351 897 5422 panis
934 5352 1263 5411 buccellam
1314 5357 1751 5426 degustassent,
1783 5359 1933 5415 bene
1983 5360 2060 5415 illi
2093 5378 2220 5433 pre-

581 5444 802 5508 cantes,
819 5443 1467 5512 eumquededucentes,
1504 5447 1585 5503 sic
1606 5447 1902 5504 dicebant:
1932 5451 2220 5506 Dominus

578 5529 746 5583 Jesus
772 5526 1031 5584 Christus
1061 5543 1417 5602 prosperum
1448 5533 1622 5592 faciat
1651 5537 1758 5592 iter
1787 5542 1980 5596 tuum.

2328 4836 2383 4885 τό
2423 4833 2574 4883 καλὸν
2627 4835 2831 4903 σπέρμα
2873 4838 2962 4881 τοῦ
3009 4837 3140 4881 Θεοῦ
3173 4837 3537 4901 κατασπεῖραι.
3585 4829 3642 4882 Ὀ
3674 4834 3926 4905 μακάριος

2329 4920 2695 4991 εὖαγγελιστὴς
2758 4921 2982 4991 Μάρκος,
3029 4921 3094 4978 ὡς
3151 4925 3374 4987 γενναῖος
3428 4917 3672 4985 ἀθλητὴς,
3732 4919 3815 4972 ἐπὶ
3867 4924 3924 4972 τὸ

2332 5014 2547 5081 σκάμμα
2602 5011 2880 5082 προθύμως
2951 5003 3161 5067 ἐϐάδιζε
3226 5011 3314 5057 καὶ
3383 5005 3750 5078 ἀσπασάμενος
3810 5014 3923 5070 τοὺς

2330 5095 2576 5168 ἀδελφοὺς
2640 5094 2791 5148 εἶπεν.
2849 5095 2907 5145 Ὀ
2976 5097 3164 5166 Κύριός
3222 5113 3320 5164 μου
3395 5095 3609 5152 ἐλάλησε
3667 5102 3795 5168 πρὸς
3839 5117 3919 5166 με,

2329 5190 2463 5248 ὅπως
2517 5188 2748 5258 πορευθῶ
2815 5184 2884 5243 εἰς
2948 5187 3040 5240 τὴν
3095 5179 3470 5256 Ἀλεξανδρέων
3526 5184 3690 5238 πόλιν.
3751 5188 3816 5237 Οἱ
3869 5183 3924 5239 δὲ

2330 5273 2539 5345 ἀδελφοὶ
2591 5277 2950 5345 προσέπεμπον
2997 5271 3146 5322 αὐτὸν
3197 5272 3284 5330 ἕως
3323 5280 3414 5323 τοῦ
3465 5272 3709 5325 εἰσελθεῖν
3769 5275 3922 5326 αὐτὸν

2331 5368 2398 5425 εἰς
2456 5365 2512 5413 τὸ
2557 5361 2731 5412 πλοῖον
2778 5378 2788 5388 ·
2837 5365 2924 5410 καὶ
2975 5361 3284 5430 γευσάμενοι
3337 5358 3518 5430 ψωμὸν
3578 5360 3736 5413 αὐτοῦ
3786 5381 3925 5433 προσ

2331 5457 2547 5522 ἐπεμπον
2593 5451 2745 5500 αύτόν
2792 5448 3014 5518 λέγοντες
3062 5467 3072 5479 ·
3116 5447 3172 5500 Ὀ
3224 5450 3406 5519 Κύριος
3446 5449 3656 5510 Ἰησοῦς
3694 5455 3924 5523 Χριστὸς

2333 5535 2588 5592 εῦοδώσοι
2616 5541 2709 5595 τὴν
2741 5532 2862 5589 ὁδον
2891 5554 3006 5589 σου.
