4110 6272
596 317 692 370 167

1960 291 2219 352 MENSIS
2257 286 2567 344 APRILIS.

3880 284 3977 334 l68

589 445 716 497 ctus
781 441 1005 495 Marcus
1061 434 1458 506 cognovisset,
1510 429 1807 488 ordinavit
1879 426 2229 496 episcopum

2358 413 2527 477 ιύτών,
2596 416 2975 481 χειροτονήσας
3053 407 3333 459 ἐπίσκοπον
3394 410 3481 458 τόν
3557 407 3808 459 Ἀνανίαν
3884 412 3975 456 καὶ

587 528 886 584 Anianum
906 528 961 579 et
987 529 1100 578 tres
1122 522 1500 593 presbyteros
1517 519 1836 583 Malchum,
1860 513 2150 569 Sabinum
2177 514 2231 562 et

588 614 939 679 Cerdonem,
969 628 1036 667 ac
1068 618 1296 681 septem
1327 610 1634 674 diaconos,
1662 611 1718 660 et
1748 604 1894 660 alios
1931 599 2226 659 undecim,

587 704 690 777 qui
721 702 1180 758 ecclesiasticum
1207 698 1598 754 ministerium
1620 695 1872 751 obirent.
1904 694 2028 758 Quo
2055 688 2228 755 facto,

587 792 916 862 aufugiens,
950 804 1150 843 rursus
1181 788 1240 842 in
1299 785 1662 856 Pentapolim
1721 783 1900 837 venit.
1950 779 2035 835 Ibi
2095 792 2230 832 cum

594 897 786 936 annos
819 879 970 934 duos
995 877 1392 945 transegisset,
1425 880 1479 930 et
1505 875 1712 929 fratres
1755 873 1856 942 qui
1909 869 2024 924 illic
2067 868 2236 921 erant

591 969 1019 1036 conﬁrmasset,
1045 965 1474 1036 episcoposque
1492 968 1546 1017 et
1563 963 1804 1018 clericos
1817 975 1920 1032 per
1933 957 2236 1026 regionem

590 1057 754 1112 illam
801 1055 1156 1120 ordinasset,
1197 1069 1434 1107 rursum
1491 1051 1650 1106 venit
1696 1047 2132 1113 Alexandriam,
2183 1047 2240 1096 et

593 1147 722 1216 ejus
743 1145 853 1199 loci
885 1144 1091 1198 fratres
1122 1141 1305 1196 multo
1337 1155 1586 1196 numero
1613 1144 1668 1195 et
1696 1137 1885 1206 gratia
1915 1141 1970 1191 et
1996 1133 2238 1188 scientia

595 1234 692 1289 Dei
721 1237 926 1287 auctos
947 1231 1186 1292 invenit,
1210 1228 1314 1300 qui
1337 1227 1716 1283 etecclesiam
1743 1226 1854 1280 sibi
1885 1223 2028 1294 ipsis
2057 1221 2237 1277 aedifi-

590 1326 869 1378 caverant
894 1322 952 1374 in
985 1319 1052 1373 iis
1083 1318 1227 1374 locis
1257 1333 1391 1389 quae
1421 1316 1666 1372 Bubulci
1719 1330 1943 1370 nomen
1991 1312 2236 1376 habent,

594 1410 1011 1479 maritimaque
1030 1411 1166 1461 sunt
1194 1405 1348 1461 infra
1380 1404 1702 1476 praecipitia
1732 1402 2002 1474 quasdam
2026 1401 2235 1472 posita,

596 1498 724 1565 Qua
755 1513 813 1551 re
835 1499 1035 1565 justus
1060 1495 1151 1550 ille
1179 1495 1261 1549 vir
1285 1493 1536 1548 multum
1559 1493 1798 1562 gavisus
1821 1496 1908 1546 est
1939 1508 1951 1557 ;
1985 1502 2242 1558 cumque

596 1602 793 1656 genua
813 1585 872 1639 in
903 1589 1123 1639 terram
1166 1583 1483 1654 posuisset,
1516 1583 1788 1637 divinam
1817 1580 2068 1651 gloriam
2099 1578 2246 1633 cele-

599 1673 819 1729 bravit.

670 1763 752 1816 VI.
790 1763 936 1817 Cum
994 1775 1133 1815 vero
1194 1759 1446 1815 multum
1472 1759 1756 1831 temporis
1780 1758 2128 1821 transiisset,
2194 1750 2322 1809 etB

600 1850 911 1906 Christiani
977 1849 1131 1904 aucti
1168 1852 1389 1915 essent,
1418 1847 1581 1904 idola
1619 1849 1754 1919 ipsa
1795 1847 2133 1912 irridebant,
2195 1849 2249 1898 et

602 1939 833 1994 Graecos
880 1938 984 2010 qui
1013 1953 1084 1992 ea
1113 1938 1389 2006 colerent,
1422 1938 1898 1994 subsannabant.
1936 1938 2005 1990 At
2043 1933 2245 2007 Graeci,

601 2031 998 2099 posteaquam
1012 2025 1364 2081 audiverunt
1377 2029 1650 2082 sanctum
1663 2025 2087 2094 evangelistam
2103 2026 2246 2079 Mar-

604 2130 743 2170 cum
773 2114 908 2169 illuc
943 2113 1191 2179 venisse,
1243 2114 1457 2170 ardore
1486 2114 1748 2185 quodam
1801 2119 1977 2185 atque
2025 2113 2247 2169 invidia

604 2204 808 2275 repleti
831 2207 984 2268 sunt,
1009 2217 1080 2257 eo
1101 2202 1264 2272 quod
1288 2202 1561 2259 audirent
1581 2203 1655 2258 ad
1667 2202 2243 2274 mirabiliaquaedam

603 2307 709 2364 per
749 2307 884 2346 eum
931 2290 1078 2346 ﬁeri.
1131 2291 1398 2360 z‘Egrotos
1447 2291 1606 2346 enim
1655 2292 1926 2353 sanabat,
1981 2289 2246 2362 leprosos

604 2379 952 2446 mundabat,
986 2378 1181 2434 surdis
1212 2378 1484 2434 auditum
1499 2379 1581 2436 ita
1598 2379 1956 2445 restituebat,
1984 2385 2045 2435 ut
2064 2382 2243 2435 Evan-

605 2468 736 2540 gelii
752 2467 1232 2539 praedicationem
1247 2469 1324 2523 ab
1346 2483 1416 2524 eo
1434 2468 1727 2540 percipere
1745 2473 2018 2539 possent:
2049 2468 2248 2522 multis

603 2557 861 2628 denique
882 2556 1052 2611 caecis
1074 2556 1268 2612 visum
1289 2557 1628 2626 praestabat.
1653 2557 2056 2622 Quamobrem
2083 2555 2249 2610 illum

605 2643 1064 2700 insectabantur.
1081 2645 1267 2708 Quem
1281 2660 1417 2699 curn
1433 2661 1550 2700 non
1565 2645 1916 2709 invenirent,
1931 2643 2251 2700 stridebant

607 2731 886 2788 dentibus
917 2731 1058 2799 suis,
1087 2734 1220 2787 etin
1252 2732 1558 2787 sacriﬁciis
1589 2738 1645 2787 et
1669 2731 1968 2787 idolorum
2006 2747 2250 2787 suorum

2341 677 2493 734 ἐκκλη
2504 681 2782 733 σιαστικήν

2341 500 2710 575 πρεοϐυτέρους
2758 507 2911 569 τρεῖς,
2967 497 3204 560 Μιλαῖον,
3254 502 3342 548 καὶ
3393 495 3626 563 Σαϐῖνον⁵
3691 501 3785 546 καὶ
3852 503 3972 567 Κερ-

2342 586 2499 650 δωνα,
2543 594 2630 638 καὶ
2672 585 2947 645 διακόνους
2986 586 3132 649 ἑπτὰ,
3166 590 3255 636 καὶ
3295 583 3478 645 ἄλλους
3526 581 3717 636 ἕνδεκα
3761 584 3838 643 εἰς
3881 590 3971 640 τήν

2898 677 3206 747 ὑπηρεσίαν,
3297 676 3451 744 ἔφυγε
3549 679 3640 724 καὶ
3767 672 3974 728 ἀπῆλθε

2342 766 2493 818 πάλιν
2542 765 2613 826 εἰς
2651 770 2742 821 τήν
2785 764 3113 816 Πεντάπολιν.
3153 767 3251 814 Καὶ
3283 767 3507 821 ποιήσας
3550 761 3654 813 ἐκεῖ
3696 765 3789 818 ἐτη
3852 757 3966 829 δύο,

2343 859 2432 906 καὶ
2472 853 2780 924 θεμελιώσας
2826 858 2914 903 καὶ
2954 856 3074 912 τοὺς
3113 851 3219 903 ἐκεῖ
3256 847 3529 922 ἀδελφούς,
3571 856 3662 902 καὶ
3713 869 3971 923 χειροτο-

2344 948 2507 1005 νήσας
2555 946 2699 994 κάκεῖ
2747 941 3064 1001 ἐπισκόπους
3107 945 3196 991 καὶ
3237 939 3517 1011 κληρικούς
3567 942 3707 991 κατὰ
3754 945 3969 1010 χώραν,

2348 1029 2468 1089 ἦλθε
2521 1031 2670 1082 πάλιν
2724 1030 2794 1092 εἰς
2844 1026 3263 1102 Ἀλεξάνδρειαν,
3322 1032 3412 1079 καὶ
3469 1029 3580 1100 εὗρε
3630 1033 3754 1089 τούς
3818 1023 3976 1079 ἀδελ-

2349 1124 2468 1192 φούς
2524 1119 2902 1178 πληθυνθέντας
2960 1116 3007 1168 ἐν
3069 1118 3258 1189 χάριτι
3311 1122 3400 1168 καὶ
3457 1116 3729 1188 ἐπιστήμη
3810 1123 3969 1168 Bacu-

2348 1213 2436 1260 καὶ
2492 1207 2769 1265 ἐκκλησίαν
2827 1202 3270 1277 οἰκοδομήσαντες
3327 1205 3530 1266 ἑαυτοῖς
3589 1204 3635 1256 ἐν
3694 1213 3811 1264 τοῖς
3876 1226 3976 1255 κα-

2347 1297 2612 1368 λουμένοις

2349 1394 2607 1460 κρημνῶν·
2665 1389 2753 1436 καὶ
2806 1383 2973 1456 ἐχάρη
3036 1385 3166 1434 πάνυ
3227 1384 3252 1433 ό
3309 1379 3534 1442 δίκαιος,
3585 1389 3674 1434 καὶ
3743 1385 3860 1443 θεὶς
3915 1384 3977 1432 τὰ

2351 1482 2545 1546 γόνατα
2576 1470 2790 1535 ἐδόξαζε
2822 1477 2904 1524 τόν
2937 1478 3085 1525 Θεόν.

2689 1296 2940 1347 Βουκόλου
3003 1301 3106 1354 τοῖς
3162 1294 3641 1367 παραθαλασσίοις,
3720 1295 3974 1346 ὑποκάτω

2445 1762 2541 1840 ς’.
2584 1755 2672 1819 Ὠς
2715 1753 2773 1808 δὲ
2817 1755 3100 1830 ἐπληροῦτο
3138 1761 3330 1828 χρόνος
3371 1757 3558 1820 ἱκανός,
3606 1759 3694 1806 καὶ
3737 1757 3786 1806 οἱ
3852 1763 3980 1828 Χρι-

2360 1851 2558 1898 στιανοὶ
2633 1845 2990 1909 ἐπληθύνοντο,
3059 1848 3146 1895 καὶ
3221 1843 3502 1914 κατεγέλων
3561 1852 3659 1894 τῶν
3741 1841 3978 1896 εἰδώλων

2355 1940 2444 1987 καὶ
2495 1933 2894 2007 ἐξεμυκτήριζον
2951 1936 3070 1994 τοὺς
3123 1930 3388 2000 Ἕλληνας,
3439 1935 3623 2003 ἔμαθον
3678 1935 3730 1983 οἱ
3780 1932 3981 1990 Ἐλλη-

2355 2043 2431 2084 νες
2481 2023 2631 2075 αὐτὸν
2671 2027 3080 2094 παραγενόμενον
3120 2024 3206 2072 τόν
3256 2021 3404 2092 ἆγιον
3442 2029 3530 2073 καὶ
3580 2021 3972 2092 εύαγγελιστήν

2357 2114 2586 2183 Μάρκον,
2638 2116 2722 2163 καὶ
2766 2110 3103 2168 ἐπλήσθησαν
3153 2109 3311 2170 ζήλου
3369 2106 3462 2162 διὰ
3509 2113 3563 2162 τό
3613 2109 3823 2162 ἀκούειν
3885 2111 3976 2162 αύ-

2354 2205 2476 2261 τούς
2517 2203 2608 2262 τὰς
2657 2202 3081 2271 θαυματουργίας
3120 2198 3297 2263 αύτοῡ,
3340 2200 3399 2259 ἅς
3446 2198 3630 2251 ἐποίει·
3683 2199 3972 2251 ἀσθενοῦν-

2353 2309 2443 2350 τας
2515 2292 2617 2360 γὰρ
2699 2289 3017 2362 ἐθεράπευεν,
3098 2287 3314 2360 λεπροὺς
3391 2286 3684 2361 ἐκαθάριξε,

2355 2378 2734 2449 εὐηγγελίζετο,
2781 2381 2869 2428 καὶ
2908 2376 3117 2447 τυφλοῖς
3153 2375 3359 2433 πολλοῖς
3399 2375 3689 2447 ἐχαρίσατο
3743 2380 3798 2428 τό
3861 2375 3975 2445 βλέ-

3775 2295 3974 2359 κωφοῖς

2355 2487 2485 2519 πειν·
2539 2471 2627 2518 καὶ
2681 2465 2895 2526 ἐζήτουν
2951 2465 3105 2516 αὐτόν
3160 2471 3350 2516 πιᾶσαι
3407 2471 3495 2517 καὶ
3552 2465 3656 2536 ούχ
3707 2465 3976 2536 ηὕρισκον

2358 2555 2530 2606 αὐτόν·
2583 2559 2669 2606 καὶ
2713 2553 2936 2628 ἔϐρυχον
2984 2557 3102 2614 τοὺς
3150 2549 3368 2612 ὀδόντας
3417 2552 3493 2604 ἐπ’
3541 2553 3717 2616 αὐτόν,
3780 2558 3877 2605 καὶ
3935 2574 3978 2605 ει

2358 2652 2472 2703 ταῖς
2519 2648 2812 2714 κωμασίαις
2863 2651 2959 2694 τῶν
3009 2639 3232 2694 εἰδώλων
3285 2641 3451 2693 αὐτῶν
3498 2647 3818 2715 κατέκραζον
3873 2644 3971 2694 x3-

2358 2740 2447 2783 τοῦ
2478 2732 2724 2803 λέγοντες·
2767 2731 2956 2784 Πολλαὶ
2985 2729 3102 2802 βίαι
3132 2738 3223 2782 τοῦ
3255 2732 3444 2802 μάγου.

605 2819 1175 2876 debacchationibus
1213 2820 1498 2877 adversus
1529 2821 1981 2877 sanctissimum
2023 2820 2214 2876 virum
2257 2820 2662 2886 vociferantes,
2724 2820 3037 2876 dicebant:
3099 2818 3287 2876 Multtn
3319 2824 3456 2876 sunt
3493 2819 3677 2892 hujus
3723 2822 3893 2893 magi
3923 2827 3976 2877 et

611 2908 868 2965 veneﬁci
895 2908 1208 2964 violentiae.

682 2997 798 3052 VII.
828 2999 1067 3052 Factum
1102 3003 1300 3053 autem
1332 2997 1457 3063 fuit,
1490 3003 1554 3054 ut
1578 2998 1789 3054 beatus
1830 3004 1886 3054 et
1923 2997 2106 3054 festus
2128 2999 2248 3054 dies

2437 3001 2515 3052 Z'.
2577 2998 2804 3070 Ἐγένετο
2862 2995 2920 3050 δὲ
2973 3001 3063 3055 τὴν
3121 3002 3384 3070 μακαρίαν
3438 2999 3583 3068 ἡμῶν
3641 2998 3823 3069 ἑορτήν
3891 3008 3977 3050 τοῦ

610 3088 832 3151 noster,
877 3086 986 3140 hoc
1043 3090 1146 3151 est,
1199 3090 1473 3141 sanctum
1536 3087 1762 3143 Pascha
1817 3087 1912 3142 die
1957 3087 2258 3143 Dominico

608 3172 1020 3239 celebraretur,
1049 3179 1262 3230 octavo
1292 3174 1587 3232 Kalendas
1617 3177 1767 3242 Maii,
1789 3177 1902 3232 hoc
1923 3182 2026 3246 est,
2055 3177 2257 3232 vicesi-

609 3277 711 3317 mo
751 3266 962 3333 quarto
1012 3261 1109 3318 die
1152 3264 1377 3319 mensis
1419 3263 1650 3335 Aprilis,
1709 3265 1812 3337 qui
1861 3264 1934 3321 ab
1972 3265 2259 3336 Egyptiis

609 3350 986 3405 Pharmutius
1015 3357 1282 3406 vocatur.
1314 3351 1416 3408 Illo
1453 3360 1649 3408 autem
1676 3358 1940 3424 tempore
1957 3354 2257 3422 etSerapi-

609 3439 701 3494 dis
749 3438 983 3494 illorum
1037 3441 1136 3494 Dei
1189 3440 1572 3496 debacchatio
1630 3440 2060 3495 celebrabatur.
2113 3441 2259 3494 Cum

605 3527 784 3595 igitur
814 3543 948 3582 eam
977 3528 1258 3599 temporis
1306 3530 1808 3600 opportunitatem
1842 3529 1997 3584 nacti
2043 3532 2258 3588 essent.

607 3614 885 3672 homines
909 3617 1210 3685 quosdam
1244 3617 1599 3674 subornatos
1622 3618 1926 3681 miserunt,
1960 3618 2062 3690 qui
2111 3635 2257 3690 apo-

608 3702 828 3758 stolum
858 3709 1093 3758 sanctas
1123 3704 1334 3759 divinas
1353 3706 1667 3761 oblationis
1686 3723 1890 3777 preces
1912 3712 1965 3763 et
1994 3708 2260 3764 ministe-

607 3791 763 3846 rium
794 3789 1108 3845 facientem
1137 3792 1505 3847 invenerunt.
1555 3795 1741 3859 Quem
1801 3811 1937 3850 cum
1986 3811 2259 3866 compre-

607 3877 975 3941 hendissent,
1009 3878 1148 3933 fune
1179 3880 1237 3934 in
1255 3879 1380 3949 ejus
1407 3881 1626 3936 collum
1647 3882 1878 3952 injecto,
1921 3883 2253 3949 trahebant,

607 3966 691 4021 ita
718 3965 980 4022 dicentes
1015 3984 1026 4022 :
1061 3967 1371 4023 Trahimus
1410 3968 1700 4025 bubalum
1718 3970 1876 4026 hunc
1895 3971 1969 4027 ad
2010 3971 2253 4028 bubulci

612 4053 935 4110 stabulum.
975 4058 1045 4112 At
1106 4061 1343 4111 sanctus
1406 4057 1632 4113 Marcus
1699 4075 1837 4114 cum
1904 4060 2248 4128 traheretur,

611 4143 892 4199 Salvatori
924 4144 1148 4201 Christo
1175 4145 1391 4215 gratias
1444 4161 1672 4216 agens:
1728 4148 1978 4215 Gratias,
2037 4150 2248 4222 inquit,

608 4245 723 4300 ago
745 4230 869 4297 tibi,
893 4234 1134 4289 Domine
1153 4235 1294 4289 Jesu
1314 4235 1562 4302 Christe,
1584 4237 1748 4308 quod
1770 4237 1987 4308 dignus
2007 4238 2249 4295 habitus

2371 3091 2569 3159 Πάσχα
2627 3087 2934 3140 καταλαϐεῖν
2990 3092 3082 3144 τήν
3149 3085 3301 3157 ἁγίαν
3367 3091 3632 3158 Κυριακήν
3700 3091 3976 3160 Φαρμουθὶ

2367 3177 2437 3236 κς’
2496 3180 2595 3250 πρὸ
2655 3176 2789 3228 όκτω
2853 3172 3129 3228 Καλανδῶν
3189 3178 3378 3240 Μαῖου,
3434 3177 3574 3226 τοῦτ’
3625 3179 3737 3228 ἔστι
3799 3179 3975 3249 Ἀπριι

2366 3265 2478 3315 λίου
2528 3261 2634 3320 κδ’.
2683 3265 2729 3315 ἐν
2777 3265 2853 3324 οἷς
2901 3261 2960 3321 ἧν
3002 3267 3086 3315 καὶ
3126 3263 3292 3314 αὐτῶν
3347 3269 3638 3336 Σεραπιακή
3692 3270 3973 3336 Κωμασία.

2369 3356 2649 3423 Εύκαιρίαν
2715 3349 2772 3404 δὲ
2833 3355 3076 3409 τοιαύτην
3144 3352 3388 3423 εύρόντες,
3461 3351 3773 3423 ἐγκαθέσους
3848 3359 3976 3426 πέμ-

2368 3440 2573 3511 ψαντες,
2623 3440 2897 3493 κατέλαϐον
2946 3441 3100 3492 αὐτόν
3137 3445 3229 3502 τὰς
3279 3443 3442 3512 εὐχὰς
3486 3451 3577 3502 τῆς
3629 3444 3806 3504 θεῑκῆς
3852 3447 3975 3495 άνα-

2370 3535 2529 3604 φορᾶς
2584 3533 2902 3586 ποιούμενον-
2959 3535 3047 3581 καὶ
3103 3529 3341 3589 λαϐόντες
3403 3530 3579 3593 αὐτὸν,
3636 3529 3815 3582 ἔϐαλον
3881 3536 3974 3583 κά-

2368 3618 2450 3670 λον
2495 3619 2562 3679 εἰς
2608 3622 2693 3671 τὸν
2740 3619 3004 3692 τράχηλον
3049 3619 3207 3670 αὐτοῦ
3245 3624 3334 3671 καὶ
3376 3618 3538 3680 οὕτως
3583 3621 3765 3693 ἔσυρον
3817 3620 3972 3673 αὐτόν

2367 3706 2610 3778 λέγοντες·
2680 3711 2900 3779 Σύρομεν
2969 3712 3053 3759 τόν
3115 3706 3370 3778 βούϐαλον
3429 3707 3493 3768 εἱς
3549 3710 3615 3760 τὰ
3687 3707 3972 3779 βουκόλου,

2363 3796 2421 3848 Ὀ
2480 3793 2539 3848 δὲ
2590 3798 2739 3868 ἅγιος
2791 3799 3003 3868 Μάρκος
3061 3802 3340 3867 συρόμενος
3395 3795 3742 3868 εὐχαριστίας
3799 3796 3972 3850 civ-sdi-

2366 3879 2463 3935 δον
2510 3894 2581 3954 τῷ
2630 3892 2829 3957 Σωτῆρι
2871 3892 3082 3959 Χριστῷ
3121 3885 3295 3956 λέγων·
3340 3884 3656 3958 Εύχαριστῶ
3707 3904 3812 3949 σοι,
3870 3890 3970 3939 Κύ-

2361 3991 2438 4043 ριε
2484 3973 2661 4030 Ἰησοῦ
2706 3977 2917 4044 Χριστε,
2965 3976 3044 4026 ὅτι
3086 3972 3416 4035 κατηξιώθην
3461 3973 3584 4046 ύπερ
3635 3981 3726 4025 τοῦ
3773 3974 3966 4046 ὀνόμα-

2360 4065 2448 4123 τός
2505 4080 2598 4113 σου
2644 4071 2808 4114 ταὺτα
2859 4066 3057 4116 παθεῖν.
3116 4067 3215 4116 Καὶ
3269 4059 3397 4120 ἦσαν
3447 4063 3500 4113 αἱ
3556 4063 3746 4133 σάρκες
3803 4062 3967 4115 αὐτοῦ

2359 4155 2649 4202 πίπτουσαι
2688 4154 2758 4214 εἰς
2797 4157 2887 4210 τήν
2923 4161 3041 4223 γῆν,
3084 4157 3171 4203 καὶ
3208 4155 3261 4202 αί
3304 4155 3488 4224 πέτραι
3529 4149 3828 4222 ἐμολύνοντο
3874 4159 3967 4203 τοῦ

2359 4242 2579 4311 αἵματος
2615 4245 2794 4294 αὐτοῦ.

608 4335 764 4384 sum,
803 4322 902 4391 qui
932 4337 1034 4392 pro
1063 4325 1304 4379 nomine
1335 4329 1434 4380 tuo
1465 4325 1592 4381 haec
1623 4331 1874 4397 paterer.
1911 4328 2046 4398 Ejus
2078 4333 2277 4386 autem
2307 4343 2517 4385 carnes
2541 4329 2918 4393 decidebant,
2951 4333 3007 4385 et
3035 4327 3326 4400 sanguine
3353 4328 3488 4400 ipso
3513 4327 3744 4400 lapides
3771 4328 3968 4401 inqui-

608 4408 928 4462 nabantur.

684 4495 821 4549 VIII.
855 4498 987 4550 Erat
1015 4498 1142 4566 ejus
1173 4498 1288 4552 diei
1328 4515 1597 4570 vespera,
1631 4517 1767 4557 cum
1823 4503 1883 4558 in
1959 4519 2248 4560 carcerem

2435 4508 2515 4562 H'.
2567 4509 2819 4581 Ἐσπέρας
2867 4504 2925 4559 δὲ
2975 4511 3264 4577 γενομένης,
3317 4505 3493 4558 ἔϐαλον
3547 4505 3702 4557 αὐτόν
3753 4506 3824 4567 εἰς
3873 4521 3967 4576 φυ·

610 4597 745 4636 eum
777 4583 1176 4652 conjecerunt,
1207 4584 1396 4640 donec
1419 4587 1567 4642 inter
1589 4604 1649 4643 se
1667 4589 2067 4657 decernerent,
2100 4593 2253 4664 quali

610 4675 794 4725 morte
823 4669 1022 4740 ipsum
1052 4670 1126 4727 de
1157 4673 1351 4727 medio
1383 4674 1665 4731 tollerent.
1699 4677 1886 4734 Media
1917 4695 2054 4735 vero
2085 4687 2251 4736 nocte

605 4757 808 4830 januis
827 4757 1061 4825 clausis,
1085 4765 1140 4815 et
1165 4762 1515 4817 custodibus
1535 4766 1930 4836 antejanuam
1953 4768 2248 4826 excuban-

611 4847 789 4912 tibus,
810 4863 944 4902 ecce
960 4852 1129 4903 terras
1153 4855 1347 4905 motus
1367 4867 1619 4921 magnus
1649 4854 1838 4911 factus
1861 4862 1967 4912 est.
1993 4859 2251 4930 Angelus

613 4939 813 4990 autem
835 4936 1066 4991 Domini
1096 4953 1233 4991 cum
1293 4937 1694 4998 descendisset
1750 4943 1822 4999 de
1849 4946 2019 5012 caelo,
2071 4946 2251 5018 tetigit

612 5023 832 5094 ipsum,
859 5024 1056 5080 dicens
1085 5044 1097 5084 :
1135 5027 1308 5082 Serve
1330 5027 1451 5093 Dei,
1480 5031 1686 5096 Marce,
1717 5048 1948 5088 summe
1979 5035 2249 5091 omnium

613 5110 846 5166 illorum
881 5118 1242 5179 sanctorum,
1272 5116 1374 5186 qui
1407 5122 1542 5173 sunt
1589 5117 1646 5173 in
1701 5122 1934 5192 lEgypti
1990 5124 2250 5194 regione,

613 5213 686 5253 en
713 5199 993 5267 scriptum
1010 5206 1332 5258 estnomen
1355 5208 1525 5261 tuum
1549 5205 1609 5261 in
1633 5207 1784 5264 libro
1813 5209 1947 5266 vita;
1978 5213 2249 5280 caelestis,

616 5292 671 5341 et
741 5295 1200 5345 connumeratus
1249 5307 1311 5347 es
1372 5309 1508 5349 cum
1567 5298 1785 5352 sanctis
1837 5299 2143 5370 apostolis,
2199 5307 2254 5357 et

615 5375 904 5430 memoria
934 5381 1033 5432 tua
1058 5394 1177 5434 non
1199 5380 1493 5438 delebitur
1515 5384 1576 5439 in
1617 5391 1924 5443 aeternum.
1977 5389 2252 5460 Ejusdem

617 5461 782 5518 chori
839 5477 1087 5519 consors
1135 5468 1268 5533 eris,
1322 5471 1489 5541 cujus
1541 5473 1804 5531 caelestes
1871 5481 1927 5533 et
1980 5493 2254 5549 superna;

619 5550 894 5621 potentia
923 5559 1226 5610 consortes
1259 5564 1409 5612 sunt.
1437 5561 2054 5637 Archangelispritum
2087 5573 2252 5623 tuum

2361 4594 2542 4658 λακήν,
2594 4596 3007 4667 ἐπισκεψόμενοι,
3059 4600 3190 4665 ποίῳ
3246 4596 3446 4665 θανάτῳ
3495 4595 3649 4646 αὐτόν
3701 4593 3960 4645 ἀπολέσω-

2365 4704 2463 4735 σιν.
2520 4692 2620 4744 Τῆς
2675 4682 2732 4736 δὲ
2788 4688 2969 4746 νυκτὸς
3027 4687 3311 4756 μεσούσης,
3371 4687 3457 4734 καὶ
3508 4691 3606 4734 τῶν
3663 4685 3829 4755 θυρῶν
3877 4702 3955 4735 κε-

2361 4773 2687 4844 κλεισμένων,
2756 4778 2843 4824 καὶ
2911 4783 3007 4825 τῶν
3084 4773 3317 4844 φυλάκων
3388 4775 3628 4843 κειμένων
3693 4775 3792 4843 πρὸ
3859 4780 3956 4822 τῶν

2365 4863 2548 4932 θυρῶν,
2627 4859 2742 4913 ἰδού
2804 4866 3016 4934 σεισμός
3071 4861 3262 4931 ἐγένετο
3329 4865 3505 4932 μέγας
3567 4860 3783 4931 ἄγγελος
3857 4862 3956 4931 γὰρ

2366 4955 2579 5021 Κυρίου,
2639 4950 2866 5012 καταϐὰς
2923 4950 2974 5013 ἐξ
3030 4954 3267 5024 οὐρανοῦ,
3329 4949 3501 5019 ἥψατο
3562 4949 3719 5000 αῖ)τοῦ
3777 4947 3953 5018 λέγωνο

2359 5036 2418 5088 ⁸0
2473 5035 2654 5100 δοῦλος
2706 5048 2798 5090 τού
2849 5047 2979 5092 Θεοῦ
3024 5041 3252 5110 Μάρκος,
3306 5039 3330 5090 ὁ
3380 5045 3660 5110 κορυφαῖος
3714 5046 3811 5088 τῶν
3855 5043 3958 5087 και’

2366 5129 2624 5194 Αἴγυπτον
2674 5128 2853 5198 ἁγίων,
2907 5124 3021 5179 ἰδοὺ
3067 5131 3122 5178 τὸ
3170 5128 3327 5197 ὄνομά
3375 5146 3468 5178 σου
3510 5125 3857 5197 ἐγγέγραπται
3910 5124 3958 5175 ἐν

2366 5213 2530 5285 βίϐλῳ
2577 5216 2714 5277 ζωῆς
2763 5217 2972 5269 αἰωνίου
3012 5221 3100 5268 καὶ
3145 5216 3642 5286 συγκαταριθμήθης
3686 5217 3817 5285 μετὰ
3861 5233 3957 5264 των

2364 5301 2520 5373 ἁγίων
2573 5302 2888 5355 ἀποστόλωνο
2935 5301 3049 5355 ἰδού
3089 5307 3145 5354 τό
3187 5307 3517 5374 μνημόσυνόν
3559 5321 3653 5353 σου
3695 5301 3753 5353 ού
3803 5320 3954 5352 κατα-

2363 5390 2695 5462 λειφθήσεται
2769 5393 2836 5453 εἰς
2912 5397 2997 5444 τὸν
3056 5393 3232 5444 αἰῶναο
3287 5394 3554 5465 σύγχορος
3619 5390 3792 5461 ἐγιῆοου
3861 5398 3957 5440 τῶν

2364 5479 2466 5531 ἅνω
2527 5477 2792 5553 δυνάμεων
2852 5481 2900 5534 ἐν
2957 5481 3207 5553 ούρανοίςο
3267 5479 3592 5552 ἁρχάγγελοι
3646 5483 3706 5532 τὸ
3762 5480 3957 5550 πνεῦμά

2367 5587 2461 5621 σου
2520 5567 2855 5632 ὑποδέξονται
2911 5578 2998 5624 καὶ
3053 5573 3116 5624 τὰ
3170 5569 3387 5640 λείψανὰ
3443 5588 3537 5622 σου
3591 5569 3656 5629 εἰς
3712 5578 3810 5640 γῆν
3865 5570 3955 5621 ούκ
