4110 6272
219 247 320 301 169

1629 243 1798 300 VITA
1838 245 1901 302 S.
1936 244 2181 302 MARCI.

3464 256 3565 310 170

212 367 544 421 ἀπολοῦνται.
615 367 823 423 Ταύτην
904 368 998 423 τὴν
1072 364 1329 420 ὀπτασίαν
1400 368 1709 439 θεασάμενος
1783 370 1810 421 6

1934 368 1984 425 in
2015 370 2196 426 ccelos
2227 369 2575 443 suscipient,
2602 376 2658 428 et
2694 370 2955 444 reliquias
2998 376 3114 429 tum
3147 374 3207 430 in
3234 376 3405 432 terris
3440 394 3563 435 non

213 459 471 531 μακάριος
522 456 756 527 Μάρκος,
802 456 891 514 τὰς
930 460 1116 528 χεῖρας
1167 454 1326 507 αὐτοῦ
1378 458 1600 517 τανύσας
1655 453 1807 509 εἶπεν

214 547 535 619 Εὐχαριστῶ
587 561 691 609 σοι,
756 544 914 615 Κύριέ
955 562 1055 614 μου
1110 542 1289 601 Ἰησοῦ
1339 547 1550 618 Χριστε,
1603 546 1684 597 ὃτι
1722 544 1815 597 ούκ

218 634 541 707 ἐγκατέλιπές
607 649 690 703 με,
762 630 887 682 ἀλλὰ
968 635 1479 707 συγκατηρίθμησάς
1546 653 1609 704 με
1688 636 1818 705 μετὰ

220 732 317 775 τῶν
366 722 525 792 ἁγίων
563 740 679 772 σου.
734 724 921 791 Δέομαί
972 738 1088 785 σου,
1153 723 1307 794 Κύριε
1362 721 1540 779 Ἰησοῦ
1596 725 1813 795 Χριστε,

222 807 510 885 πρόσδεξαι
540 808 587 861 έν
637 808 811 882 εἰρήνῃ
859 812 953 866 τὴν
996 808 1182 880 ψυχήν
1223 829 1324 881 μου
1364 814 1453 862 καὶ
1499 814 1570 882 μὴ
1603 830 1665 882 με
1693 809 1818 863 ἀπο-

222 897 521 971 δοκιμάσῃς
569 896 669 949 ἀπὸ
716 904 806 957 τῆς
857 898 1079 969 χάριτός
1123 916 1238 950 σου.
1298 902 1399 951 Καὶ
1453 906 1621 952 ταῦτα
1656 898 1816 951 αύτοῦ

221 988 471 1055 εἰπόντος,
526 987 551 1038 6
615 988 805 1060 Κύριος
858 985 1060 1049 Ἰησοῦς
1118 991 1421 1061 παρεγένετο
1475 991 1605 1063 πρὸς
1663 987 1817 1040 αὐτόν

218 1085 292 1149 τῷ
341 1081 585 1148 σχήματι
614 1074 653 1145 ᾧ
696 1075 757 1133 ἧν
807 1076 938 1146 μετὰ
981 1083 1078 1127 τῶν
1125 1077 1370 1145 μαθητῶν
1401 1076 1581 1140 αὐτοῦ,
1611 1080 1699 1128 καὶ
1734 1077 1820 1149 οἵᾳ

222 1172 392 1239 μορφῇ
448 1165 511 1222 ἧν
560 1166 662 1236 πρὸ
699 1170 793 1215 τοῦ
847 1165 1029 1216 παθεῖν
1080 1163 1235 1216 αὐτόν
1288 1170 1379 1217 καὶ
1426 1173 1670 1237 ταφῆναι,
1730 1170 1819 1217 καὶ

222 1253 360 1325 λέγει
403 1252 571 1316 αὐτῷ’
651 1257 822 1327 Ερὴνη
884 1271 990 1317 σοι,
1041 1254 1251 1325 ἡμέτερε
1302 1254 1502 1325 Μάρκε,
1560 1252 1822 1325 εὐαγγελι-

228 1343 327 1395 στά
381 1360 503 1413 μου.
535 1339 594 1393 Ὀ
647 1336 707 1392 δὲ
753 1342 1006 1413 μακάριος
1034 1340 1246 1413 Μάρκος
1276 1338 1428 1394 εἶπενο
1464 1341 1655 1416 Εἰρήνη
1715 1361 1819 1407 σοι,

230 1429 388 1504 Κύριέ
410 1448 510 1501 μου
531 1431 709 1487 Ἰησοῦ
744 1433 952 1502 Χριστέ.

301 1518 382 1572 ϐ’.
429 1521 636 1592 Πρωίας
686 1514 744 1570 δε
788 1522 1082 1589 γενομένης,
1138 1514 1285 1576 ἦλθεν
1333 1518 1484 1571 πάλιν
1532 1522 1590 1570 τό
1628 1518 1824 1580 πλῆθος

228 1614 319 1669 τῆς
356 1606 549 1667 πόλεως
594 1610 685 1659 καὶ
727 1605 1069 1678 ἐξενέγκαντες
1119 1606 1274 1658 αὐτὸν
1315 1604 1370 1658 έκ
1421 1614 1516 1668 τῆς
1568 1606 1820 1678 φυλακῆς,

1923 458 2221 530 peribunt.
2256 461 2417 515 Hanc
2438 459 2736 517 visionem
2747 476 2887 517 cum
2908 461 3119 517 beatus
3140 465 3364 520 Marcus
3390 465 3565 522 vidis-

1923 550 2031 613 set,
2065 562 2282 603 manus
2306 564 2442 604 suas
2466 548 2525 604 in
2551 548 2769 604 caelum
2796 549 3056 605 extendit
3077 567 3147 607 ac
3173 551 3317 609 dixit
3349 576 3362 608 :
3389 554 3567 611 «Gra-

1925 633 2037 690 tias
2063 650 2179 705 ago
2204 635 2328 702 tibi,
2363 636 2609 693 Domine
2642 636 2723 692 mi
2771 639 2908 693 Iesu
2952 638 3197 705 Christe,
3225 642 3389 713 quod
3441 658 3564 699 non

1924 722 2285 796 dereliquisti
2310 740 2425 791 me,
2459 726 2564 780 sed
2586 741 2723 781 cum
2741 725 2962 781 sanctis
2989 728 3103 781 tuis
3129 744 3222 784 me
3248 745 3567 788 connume-

1924 812 2087 868 rasti.
2120 815 2326 870 Precor
2353 818 2427 879 te,
2456 813 2708 869 Domine
2749 813 2888 869 Jesu
2936 815 3174 880 Christe,
3202 821 3259 872 ut
3306 819 3566 891 accipias

1923 900 1983 956 in
2014 917 2161 973 pace
2191 903 2457 958 animam
2489 918 2708 969 meam,
2742 917 2935 973 neque
2990 918 3084 959 me
3131 906 3433 976 reprobes,
3465 912 3568 964 aut

1924 989 2209 1046 excludas
2241 1006 2276 1046 a
2315 992 2503 1060 gratia
2536 997 2694 1047 tua.»
2726 989 2997 1062 Cumque
3021 990 3149 1047 haec
3177 992 3273 1049 ille
3301 993 3564 1063 dixisset,

1923 1079 2206 1134 Dominus
2233 1080 2408 1135 Jesus
2438 1078 2698 1135 Christus
2727 1078 2803 1133 ad
2833 1094 2968 1133 eum
3018 1080 3179 1135 venit
3224 1081 3419 1151 ﬁgura
3469 1082 3570 1141 illa

1926 1182 2111 1239 quam
2133 1166 2414 1234 habebat,
2432 1183 2554 1240 quo
2573 1172 2839 1237 tempore
2866 1166 3219 1224 versabatur
3233 1184 3369 1226 cum
3396 1170 3572 1228 disci-

1928 1254 2083 1326 pulis
2103 1254 2242 1320 suis,
2270 1261 2326 1310 et
2368 1270 2490 1326 qua
2540 1256 2736 1311 forma
2787 1259 2932 1324 erat,
2958 1259 3279 1328 antequam
3332 1273 3571 1317 crucem

1930 1358 2167 1414 passus,
2208 1347 2265 1398 et
2315 1343 2581 1414 sepultus
2607 1342 2829 1398 fuisset.
2863 1342 2974 1408 Qui
3024 1347 3083 1399 et
3127 1344 3179 1400 ei
3227 1344 3371 1402 dixit
3404 1362 3416 1402 :
3449 1348 3571 1404 Pax

1933 1430 2059 1494 tibi,
2084 1434 2269 1487 Marce
2299 1430 2666 1500 evangelista
2696 1446 2888 1486 meus.
2914 1431 3125 1487 Beatus
3167 1447 3308 1489 vero
3346 1436 3572 1492 Marcu

1930 1518 2077 1573 dixit
2104 1535 2117 1573 :
2142 1521 2257 1574 Pax
2284 1518 2409 1585 tibi,
2431 1518 2680 1574 Domine
2699 1519 2837 1573 Jesu
2862 1517 3108 1575 Christe.

2004 1606 2089 1661 IX.
2133 1607 2279 1662 Cum
2308 1622 2449 1662 vero
2469 1606 2598 1663 dies
2628 1606 2938 1678 illuxisset,
2969 1608 3128 1664 venit
3155 1606 3293 1665 illuc
3324 1609 3571 1668 civitatis

232 1695 406 1749 ἔϐαλον
444 1696 596 1749 πάλιν
635 1698 694 1747 τὸ
744 1699 981 1767 σχοινίον
1018 1694 1089 1756 εἰς
1114 1698 1201 1747 τὸν
1238 1694 1505 1767 τράχηλον
1545 1694 1705 1747 αὐτοῦ
1734 1698 1822 1746 καὶ

1934 1693 2249 1751 multitudo
2278 1710 2290 1747 :
2316 1710 2452 1766 quas
2483 1710 2621 1750 cum
2666 1694 2835 1750 illum
2888 1695 3190 1753 eduxisset
3237 1713 3269 1752 e
3315 1714 3569 1766 carcere,

230 1788 415 1859 ἔσυρον
465 1784 714 1857 λέγοντεςο
765 1787 987 1856 Σύρομεν
1038 1787 1125 1837 τὸν
1170 1782 1425 1856 βούϐαλον
1473 1784 1543 1845 είς
1571 1786 1637 1837 τὰ
1692 1782 1821 1855 βου-

230 1874 404 1929 κόλου.
453 1874 511 1923 ’0
569 1870 628 1926 δε
682 1875 934 1946 μακάριος
982 1874 1196 1945 Μάρκος
1227 1872 1596 1947 εύχαριστείας
1633 1871 1823 1944 μᾶλλον

228 1961 510 2035 ἀνέπεμπεν
565 1969 638 2031 τῷ
690 1962 1072 2036 παντοκράτορι
1136 1965 1309 2033 Κυρίῳ
1369 1961 1544 2017 Ἰησοῦ
1607 1967 1822 2034 Χριστῷ

228 2050 409 2123 λέγων·
461 2050 546 2112 Εἰς
598 2052 783 2123 χεῖράς
817 2069 933 2116 σου,
968 2052 1144 2124 Κύριε,
1172 2051 1500 2123 παρατίθημι
1528 2053 1587 2101 τὸ
1621 2050 1823 2121 πνεῦμά

228 2158 351 2211 μου.
412 2141 514 2194 Καὶ
556 2147 708 2191 τοῦτο
761 2138 914 2191 εἰπὼν
957 2135 1229 2210 παρέδωκε
1277 2142 1333 2191 τό
1376 2145 1593 2210 πνεῦμα.
1639 2140 1708 2190 T6
1763 2132 1823 2190 δε

226 2227 421 2286 πλῆθος
471 2234 569 2278 τῶν
627 2222 899 2279 δυσσεϐῶν
950 2225 1198 2284 Ἐλλήνων
1254 2234 1357 2300 πῦρ
1412 2225 1696 2296 ἀνάψαντες
1752 2225 1823 2287 εἰς

225 2318 348 2375 τοὺς
400 2314 748 2386 καλουμένους
803 2313 1071 2386 ἀγγέλους,
1131 2313 1421 2386 έτέφρωσαν
1472 2319 1529 2367 τό
1584 2314 1824 2386 λείψανον

227 2412 323 2456 τοῦ
372 2400 602 2457 δικαίου.
655 2408 782 2456 Τότε
822 2407 1039 2475 προνοίᾳ
1075 2410 1167 2455 τοῦ
1224 2407 1417 2477 Κυρίου
1464 2408 1553 2455 καὶ
1587 2411 1825 2477 Σωτῆρος

228 2495 380 2565 ἡμῶν
436 2493 613 2550 Ἰησοῦ
671 2498 905 2564 Χριστοῦ
977 2490 1167 2548 κατέϐη
1226 2490 1439 2562 λαίλαψ,
1517 2496 1607 2543 καὶ
1689 2492 1818 2565 ζάλῃ

229 2579 420 2651 ἀνέμου
458 2579 652 2651 ἐγένετο
705 2580 921 2652 μεγάλη,
979 2584 1068 2631 καὶ
1112 2580 1138 2630 6
1191 2578 1334 2641 ἣλιος
1376 2579 1692 2632 συνέστειλεν
1730 2583 1823 2641 τὰς

229 2667 462 2735 ἀκτῖνας,
503 2674 593 2721 καὶ
648 2668 845 2740 ἐγένετο
894 2667 1121 2741 βροντῶν
1169 2669 1306 2740 ἦχος
1344 2667 1500 2729 πολύς
1549 2674 1636 2722 καὶ
1684 2670 1823 2729 ὑετὸς

224 2758 471 2818 πλεῖστος
534 2760 662 2829 μετὰ
744 2756 990 2828 χαλάζης
1066 2758 1155 2817 ἕως
1215 2756 1451 2829 ἑσπέρας,
1527 2759 1661 2809 ὥστε
1732 2762 1822 2809 καὶ

224 2848 489 2919 οίκάματα
539 2845 699 2898 πολλὰ
749 2849 1089 2897 καταπίπτειν
1144 2849 1233 2897 καὶ
1291 2845 1508 2905 πολλοὺς
1588 2847 1823 2902 τεθνηκέ-

221 2956 332 2990 ναι.
380 2934 690 2995 Φοϐηθέντες
728 2930 787 2986 δε
836 2932 1054 2999 έάοςαντο
1108 2932 1347 3002 λείψανον
1395 2939 1487 2983 τοῦ
1526 2930 1676 3001 ἁγίου
1731 2952 1822 2984 και

222 3028 433 3097 ἔφυγον.
489 3021 686 3096 Ἐτεροι
733 3018 793 3074 δε
835 3017 1273 3091 διαχλευάζοντες
1314 3020 1500 3090 ἔλεγον,
1552 3021 1620 3080 ὧς
1666 3021 1747 3071 ὅτι
1796 3022 1822 3071 6

220 3114 609 3186 τρισμακάριος
634 3114 851 3183 Σέραπις
881 3110 1048 3161 αὐτῶν
1076 3112 1167 3167 τὴν
1194 3109 1483 3165 ἐπισκοπὴν
1513 3114 1603 3159 τοῦ
1634 3104 1823 3182 ἀνδρὸς

220 3201 512 3259 ἐποιήσατο
545 3196 641 3252 διὰ
666 3202 724 3251 τὸ
766 3199 927 3251 αὐτοῦ
956 3198 1232 3268 γενέθλιον.

1933 1799 2132 1839 rursus
2161 1783 2221 1838 in
2250 1783 2380 1854 ejus
2408 1783 2628 1839 collum
2677 1783 2880 1839 funem
2933 1783 3284 1855 injecerunt,
3313 1802 3572 1861 eumque

1932 1872 2358 1944 pertrahentes,
2407 1871 2726 1928 dicebant:
2784 1872 3113 1929 Trahamus
3166 1874 3459 1932 bubalum
3509 1877 3571 1933 in

1932 1959 2175 2016 bubulci
2201 1958 2519 2015 stabulum.
2552 1960 2622 2014 At
2659 1958 2873 2016 beatus
2913 1963 3133 2017 Marcus
3185 1977 3258 2018 eo
3311 1964 3572 2035 majores

1931 2048 2149 2120 gratias
2178 2047 2573 2120 omnipotenti
2603 2048 2855 2105 Domino
2882 2049 3022 2104 Jesu
3051 2048 3276 2107 Christo
3332 2052 3569 2121 agebat,

1929 2137 2175 2193 dicens:
2210 2156 2239 2189 α
2269 2136 2333 2192 In
2388 2151 2603 2192 manus
2667 2140 2819 2202 tuas,
2883 2138 3148 2204 Domine,
3210 2140 3572 2198 commendo

1931 2224 2205 2298 spiritum
2231 2227 2455 2280 meum'
2488 2240 2503 2280 :
2533 2245 2561 2273 »
2587 2224 2853 2296 Cumque
2890 2224 3005 2281 hoc
3038 2224 3299 2291 dixisset,
3330 2227 3575 2286 tradidit

1936 2316 2052 2370 Deo
2072 2311 2699 2385 spiritum.lmpiorum
2718 2327 2856 2368 vero
2873 2313 3212 2369 Graecorum
3235 2313 3568 2383 multitudo,

1933 2418 2070 2459 cum
2102 2402 2325 2472 ignem,
2358 2415 2429 2456 eo
2448 2400 2510 2455 in
2530 2399 2661 2455 loco
2689 2400 2793 2471 qui
2816 2398 3173 2470 Angelorum
3196 2401 3439 2459 nomine
3466 2419 3571 2477 ap-

1934 2491 2199 2563 pellatur,
2259 2488 2643 2554 accendisset,
2707 2487 2863 2544 illius
2927 2488 3032 2544 viri
3092 2489 3238 2560 justi
3292 2490 3574 2564 reliquias

1932 2577 2343 2635 comburehat.
2376 2579 2536 2632 Tunc
2556 2576 2785 2633 Domini
2804 2580 2862 2632 et
2880 2576 3201 2634 Salvatoris
3219 2578 3400 2635 nostri
3436 2580 3574 2638 Jesu

1932 2667 2140 2723 Christi
2170 2665 2541 2738 providentia
2577 2665 2801 2722 factum
2848 2670 2959 2731 est,
2993 2670 3057 2721 ut
3107 2666 3278 2723 turbo
3321 2669 3572 2741 quidam

1930 2759 2284 2827 erumperet,
2315 2758 2373 2810 et
2399 2757 2717 2825 tempestas
2750 2768 2975 2823 magna
3011 2753 3194 2821 ﬁeret,
3226 2759 3282 2811 et
3318 2756 3407 2813 sol
3443 2757 3573 2829 ipse

1930 2845 2127 2899 radios
2177 2857 2319 2897 suos
2367 2843 2758 2907 contraheret,
2793 2841 3171 2915 tonitruaque
3234 2848 3291 2899 et
3364 2860 3573 2902 eorum

1931 2931 2157 2988 sonitus
2188 2928 2409 2985 multus
2434 2930 2755 2995 audiretur,
2790 2930 3049 3001 plurima
3076 2946 3319 3004 quoque
3371 2932 3574 3004 pluvia

1931 3035 2067 3075 cum
2080 3017 2369 3088 grandine
2381 3017 2695 3074 commista
2709 3034 2893 3090 usque
2905 3018 2984 3075 ad
2997 3034 3307 3091 vesperam
3328 3020 3574 3080 duraret

1930 3107 2011 3163 ita
2039 3111 2103 3161 ut
2129 3104 2381 3161 mdiﬁcia
2430 3104 2617 3161 multa
2644 3111 3001 3173 corruerent,
3035 3111 3093 3163 et
3117 3106 3395 3165 homines
3447 3125 3571 3167 non

1930 3192 2107 3268 pauci
2132 3192 2353 3248 mortui
2377 3193 2671 3248 caderent.
2701 3193 2841 3263 Ejus
2867 3194 3043 3263 igitur
3076 3196 3157 3251 rei
3189 3197 3399 3253 timore
3439 3213 3572 3269 per-

217 3288 392 3355 culsi,
448 3287 729 3359 reliquias
772 3285 959 3341 sancti
1012 3284 1182 3341 Marci
1234 3283 1676 3355 dereliquerunt
1723 3300 1794 3341 ac
1845 3284 2142 3355 fugerunt.
2176 3279 2282 3336 Alii
2343 3296 2480 3337 vero
2532 3280 2842 3336 irridentes
2888 3282 3186 3347 dicebant,
3218 3283 3570 3343 beatissima

221 3379 463 3436 illorum
491 3375 787 3448 Serapidis
819 3373 1194 3447 providentia
1222 3372 1352 3429 haec
1380 3373 1440 3427 in
1467 3371 1566 3428 illo
1592 3373 1717 3428 viro
1742 3373 1922 3434 fuisse
1952 3371 2109 3427 facta
2131 3374 2373 3442 propter
2395 3368 2656 3426 natalem
2687 3368 2878 3441 ipsius
2906 3370 3087 3425 diem.

304 3466 360 3521 l'.
415 3471 540 3519 Τότε
614 3464 839 3525 ἐλθόντες
916 3459 1097 3537 ἄνδρες
1164 3460 1412 3527 εὐλαϐεῖς,
1493 3460 1819 3514 συνέστειλαν

229 3555 468 3627 λείψανον
521 3561 610 3607 τοῦ
651 3550 861 3605 δικαίου
918 3550 1018 3604 ἀπὸ
1079 3558 1172 3612 τῆς
1225 3554 1407 3622 τέφρας
1463 3554 1550 3602 καὶ
1605 3554 1821 3621 ἤνεγκαν

231 3646 363 3697 ὅπου
405 3646 497 3704 τὰς
525 3641 687 3713 εύχὰς
730 3640 899 3693 αὐτῶν
937 3644 1026 3691 καὶ
1063 3641 1149 3699 τὰς
1190 3634 1508 3709 ψαλμῳδίας
1535 3636 1819 3704 ἐπετέλουν,

230 3740 325 3785 και
375 3728 666 3790 ἐκήδευσαν
710 3729 860 3781 αὐτὸν
898 3730 1069 3789 καθὼς
1116 3729 1227 3788 ἔθος
1265 3735 1326 3799 τῇ
1379 3726 1541 3789 πόλει,
1594 3731 1683 3778 καὶ
1729 3726 1826 3777 ἁπ-

234 3820 405 3872 έθεντο
470 3817 518 3869 έν
600 3824 740 3888 τόπῳ
803 3816 1193 3889 λελατομημένῳ
1270 3811 1490 3877 ἐνδόξως
1572 3814 1825 3875 τελοῦντες

234 3907 398 3960 αὐτοῦ
440 3911 534 3965 τὴν
582 3910 789 3979 μνήμην
833 3907 963 3977 μετὰ
994 3906 1336 3976 σωφροσύνων
1365 3908 1453 3955 καὶ
1490 3911 1820 3975 προσευχῶν,

236 3998 311 4057 ὡς
364 4003 562 4068 πρῶτον
632 3993 896 4067 κειμήλιον
948 3993 995 4045 έν
1062 3988 1425 4065 Ἀλεξανδρείᾳ
1498 3995 1815 4063 κεκτημένοι,

233 4089 329 4138 καὶ
380 4084 447 4144 εἰς
504 4086 561 4136 τὸ
610 4081 906 4135 ἀνατολικὸν
958 4086 1111 4155 μέρος
1164 4080 1423 4135 ἀπέθεντο.
1468 4080 1751 4152 Ἐκοιμήθη
1798 4081 1823 4132 6

232 4174 496 4246 μακάριος
537 4173 750 4246 Μάρκος
804 4172 830 4222 6
881 4170 1252 4241 εύαγγελιστὴς
1306 4173 1396 4220 καὶ
1451 4171 1826 4241 πρωτομάρτυς

227 4270 326 4316 τοῦ
380 4264 573 4336 Κύριου
627 4262 772 4333 ἡμῶν
829 4260 1009 4317 Ἰησοῦ
1061 4265 1295 4332 Χριστοῦ
1351 4256 1398 4308 έν
1464 4252 1829 4327 ’Δλεξανδρείᾳ

228 4359 296 4424 τῇ
332 4353 460 4425 πρὸς
492 4353 751 4421 Αἴγυπτον
781 4353 905 4421 μηνὶ
942 4348 1056 4400 κατ’
1111 4346 1428 4416 Αἰγυπτίους
1470 4346 1736 4416 Φαρμουθὶ
1761 4342 1826 4408 λ’,

229 4442 377 4495 κατὰ
423 4435 482 4491 δε
526 4438 811 4509 Ῥωμαίους
851 4438 982 4509 πρὸς
1024 4436 1092 4487 τὰ
1132 4429 1409 4486 Καλανδῶν
1448 4435 1647 4484 Μαίων·
1696 4432 1833 4483 κατὰ

232 4526 299 4584 δε
355 4526 621 4600 Ἑϐραίους
671 4523 970 4597 Νισαϐρίων
1022 4517 1455 4593 ἑπτακαιδεκάτη,
1512 4520 1595 4573 ἐπὶ
1672 4518 1829 4592 βασι-

230 4618 384 4676 λείας
438 4617 594 4667 Γάίου
646 4612 885 4687 Τιϐερίου
935 4615 1214 4685 Καίσαροςσ
1260 4611 1392 4661 κατὰ
1437 4605 1496 4661 δε
1542 4610 1681 4680 ἡμᾶς
1718 4611 1836 4669 τοὺς

232 4707 594 4780 Χριστιανοὺς
650 4700 1011 4775 βασιλεύοντος
1061 4707 1153 4752 τοῦ
1203 4702 1396 4770 Κυρίου
1445 4700 1590 4769 ἡμῶν
1655 4697 1835 4754 Ἰησοῦ

235 4799 501 4871 Χριστοῦ,
623 4793 653 4849 ἡ
688 4787 820 4854 δόξα
844 4794 934 4843 καὶ
961 4792 1020 4843 τὸ
1057 4790 1244 4859 κράτος
1269 4788 1340 4848 εἰς
1368 4790 1481 4849 τοὺς
1510 4786 1699 4849 αἰῶνας
1734 4794 1835 4839 τῶν

232 4884 464 4938 αἰώνων.
502 4881 682 4951 ’Λμήν.

2000 3464 2059 3518 Χ.
2092 3463 2252 3516 Tunc
2280 3462 2571 3514 venerunt
2597 3456 2871 3512 homines
2898 3457 3154 3528 religiosi
3188 3463 3245 3515 et
3274 3460 3381 3516 viri
3429 3461 3574 3531 justi

1928 3551 2208 3622 reliquias
2229 3563 2266 3605 a
2284 3547 2478 3603 cinere
2504 3550 2892 3611 secreverunt,
2924 3550 3097 3618 atque
3118 3548 3178 3603 in
3202 3562 3341 3604 eum
3369 3548 3571 3606 locum

1932 3639 2207 3701 tulerunt,
2240 3635 2341 3690 ubi
2372 3650 2575 3706 preces
2626 3637 2684 3690 et
2738 3633 2999 3705 psalmos
3053 3650 3194 3690 suos
3261 3636 3519 3693 canebat
3557 3654 3572 3705 ;

1932 3729 2174 3799 ejusque
2204 3724 2385 3782 funus
2408 3727 2701 3788 curarunt,
2737 3726 2801 3777 ut
2829 3722 3082 3779 civitatis
3107 3738 3240 3780 mos
3293 3730 3439 3782 erat.
3470 3726 3574 3782 Be-

1931 3815 2147 3888 liquias
2176 3817 2374 3869 autem
2401 3810 2808 3883 deposuerunt
2828 3810 2887 3865 in
2906 3809 3039 3866 loco
3070 3810 3279 3867 illustri
3312 3828 3343 3867 e
3368 3812 3577 3885 lapidi-

1933 3905 2045 3960 bus
2074 3902 2292 3968 exciso,
2324 3899 2509 3970 ipsius
2556 3897 2908 3954 memoriam
2949 3898 3143 3955 sobrie
3177 3905 3234 3955 et
3282 3900 3379 3971 pie
3437 3917 3576 3959 cum

1932 3991 2210 4065 precibus
2235 3988 2620 4052 celebrantes,
2651 4002 2772 4059 quo
2804 3986 2946 4042 nihil
2977 3987 3298 4059 pretiosius
3328 3989 3579 4046 Alexan-

1931 4080 2106 4137 drina
2116 4078 2321 4134 civitas
2336 4075 2689 4147 possidebat.
2707 4074 2843 4130 Illas
2857 4079 3057 4130 autem
3074 4075 3358 4147 reliquias
3383 4077 3583 4135 Orien-

1933 4173 2053 4223 tem
2108 4181 2319 4220 versus
2375 4162 2758 4218 collocarunt.
2801 4162 2999 4217 Codex
3050 4162 3160 4217 MS.
3219 4164 3397 4220 etiam
3450 4165 3578 4222 haec

1936 4253 2135 4310 addit:
2168 4252 2294 4307 Fuit
2323 4255 2521 4305 autem
2553 4250 2745 4304 forma
2774 4248 3101 4304 beatissimi
3150 4252 3322 4307 Marci
3373 4253 3579 4321 hujus-

1939 4340 2102 4398 modi
2136 4361 2148 4393 :
2181 4339 2381 4407 Longo
2427 4352 2599 4401 naso,
2627 4335 2921 4391 subducto
2970 4337 3303 4408 supercilio,
3335 4339 3584 4410 pulcher

1939 4428 2147 4494 oculis,
2194 4425 2571 4489 recalvaster,
2609 4422 2834 4495 prolixa
2879 4423 3093 4492 barba,
3124 4426 3315 4490 velox,
3342 4426 3584 4485 habitu-

1940 4517 2097 4574 dinis
2135 4514 2394 4587 optimas,
2427 4512 2616 4568 astatis
2647 4510 2879 4577 mediae,
2912 4514 3079 4569 canis
3111 4529 3416 4587 aspersus,
3444 4516 3584 4573 aﬂ'e-

1941 4605 2135 4663 ctione
2158 4601 2490 4665 continens,
2524 4599 2717 4671 gratia
2739 4602 2835 4656 Dei
2888 4600 3120 4673 plenus.
3152 4604 3357 4661 Beatus
3411 4606 3589 4676 igitur

1944 4697 2167 4752 Marcus
2219 4689 2596 4759 evangelista,
2654 4688 2883 4761 primus
2948 4690 3155 4747 Christi
3231 4698 3458 4765 martyr
3527 4694 3589 4750 in

1943 4781 2175 4853 Egypti
2224 4777 2600 4846 Alexandria,
2643 4792 2864 4843 mense,
2917 4777 3021 4849 qui
3073 4779 3236 4851 apud
3286 4781 3592 4853 Egyptios

1948 4868 2355 4932 Pharmutius,
2369 4872 2425 4923 et
2435 4866 2593 4938 apud
2609 4865 2883 4922 Hebraaos
2896 4866 3076 4922 Nisan
3089 4867 3321 4934 dicitur,
3336 4869 3591 4941 septimo

231 4968 544 5032 Kalendas
586 4968 739 5034 Maii,
789 4972 852 5023 ut
900 4966 1149 5023 Romani
1192 4967 1527 5028 numerant,
1552 4963 1667 5019 hoc
1719 4966 1829 5029 est,
1864 4959 2074 5033 Aprilis
2124 4956 2408 5013 vicesimo
2459 4956 2688 5028 quinto,
2720 4954 2886 5018 obiit,
2918 4956 3276 5028 imperatore
3345 4957 3591 5016 Claudio

228 5066 473 5121 Nerone
495 5056 761 5113 Caesare:
794 5054 968 5111 nobis
1006 5059 1204 5112 autem
1234 5051 1577 5110 Christianis
1602 5052 1930 5125 imperante
1970 5047 2223 5104 Domino
2274 5048 2479 5102 nostro
2528 5044 2668 5099 Jesu
2717 5042 2946 5099 Christo
2978 5061 2992 5111 ;
3022 5043 3116 5099 cui
3169 5044 3355 5114 gloria
3404 5051 3495 5102 est
3537 5052 3598 5105 et

224 5146 565 5223 imperium
589 5160 730 5202 cum
759 5146 927 5201 Patre
954 5149 1011 5200 et
1037 5142 1257 5216 Spiritu
1295 5146 1523 5209 sancto,
1556 5141 1616 5197 in
1646 5138 1865 5197 saacula
1902 5136 2277 5202 saeculorum,
2313 5139 2522 5190 Amen.

312 5276 338 5310 ²
383 5272 521 5329 Luc.
563 5274 727 5336 xxxii,
765 5266 856 5323 46.

476 5511 724 5567 Pyram"
759 5506 862 5565 Gn.
907 5504 1066 5563 CXV.
