4110 6272
575 240 668 292 171
1976 235 2226 291 MENSIS
2261 234 2556 290 APRILIS.

3863 230 3959 283 1ῗὲ

1136 469 1776 555 ΜΑΡΤΥΡΙΟΝ
1837 467 2052 552 ΤΟΥ
2109 467 2452 553 ΑΓΙΟΥ
2512 459 3346 552 ΙΕΡΟΜΑΡΤΥΡΟΣ

1876 665 2593 783 ΑΝΘΙΜΟΥ

1817 853 2200 902 ΕΠΙΣΚΟΠΟΥ
2231 852 2450 901 NIKOM
2465 853 2692 901 ΗΔΟΥΣ.

1891 1153 2564 1242 MARTYRIUM

837 1345 1516 1488 SANC'TI
1688 1344 2210 1486 MART

2321 1345 2682 1488 TRIS
2853 1344 3692 1487 ΑΝΤΗΙΜΙ

2036 1601 2354 1658 EPISCOPI
2383 1604 2424 1656 Ν
2433 1601 2776 1658 lCOMEDI/E

581 1755 784 1818 (Latine
808 1752 957 1818 apud
985 1752 1197 1802 Surium
1226 1751 1294 1802 ad
1325 1751 1467 1801 diem
1485 1752 1544 1801 27
1574 1751 1803 1815 Aprilis;
1836 1751 2044 1801 Graecus
2073 1755 2250 1800 textus
2275 1765 2419 1801 nunc
2453 1751 2688 1814 primum
2723 1751 2896 1802 editur
2925 1764 2988 1801 ex
3017 1750 3140 1802 cod.
3177 1751 3306 1814 Reg.
3343 1749 3507 1800 Paris.
3550 1750 3688 1800 1489.
3730 1764 3949 1804 δείλη.

2066 1831 2187 1880 Eni'r
2218 1831 2391 1892 Pun.)

656 2118 697 2172 l.
740 2116 883 2182 Quis
913 2115 1115 2181 nescit,
1147 2130 1328 2185 quam
1358 2113 1601 2186 pulchre
1626 2114 1872 2185 quidem
1896 2114 2008 2170 sita
2039 2115 2112 2170 sit
2131 2115 2210 2170 Ni-

2406 2115 2484 2169 A'.
2527 2120 2613 2176 Τίς
2643 2115 2736 2167 ούκ
2777 2112 2891 2167 οἶδε
2921 2119 3013 2173 τὴν
3044 2111 3401 2186 Νικομήδους,
3455 2117 3594 2177 ὅπως
3627 2119 3717 2186 μὲν
3755 2117 3946 2178 θέσεως

583 2205 876 2270 comedia,
906 2210 962 2260 et
980 2207 1206 2276 quanta
1219 2204 1295 2258 sit
1307 2204 1356 2275 ej
1369 2220 1436 2258 us
1453 2204 1826 2275 magnitudo,
1839 2210 2221 2277 quantusque

583 2296 657 2352 sit
676 2296 803 2365 ejus
819 2293 1115 2365 splendor,
1140 2297 1436 2363 etquanta
1466 2292 1862 2363 pulchritudo,
1890 2299 1944 2346 et
1966 2294 2128 2363 quod
2152 2311 2223 2350 ea

585 2386 658 2440 sit
679 2401 783 2440 arx
805 2383 1072 2438 omnium
1096 2382 1399 2437 civitatum
1417 2382 1769 2437 Nicomediae
1786 2382 1854 2450 (f.
1877 2382 2223 2452 Bithyniae)?

584 2473 696 2530 Sed
723 2473 1002 2544 quamvis
1033 2487 1104 2526 ea
1127 2471 1209 2525 sic
1240 2486 1300 2524 se
1329 2471 1566 2539 habeat,
1601 2475 1658 2525 et
1686 2470 1760 2524 ad
1815 2475 2044 2525 tantam
2091 2487 2224 2541 pro-

583 2561 826 2618 cesserit
850 2560 1224 2628 elegantiam,
1249 2574 1355 2613 suo
1383 2563 1580 2614 tamen
1603 2559 1865 2626 germine
1887 2559 2076 2626 magis
2104 2559 2225 2626 glo-

582 2650 785 2711 riatur,
813 2663 995 2719 quam
1020 2647 1110 2701 his
1152 2645 1456 2701 omnibus.
1488 2648 1560 2700 Ex
1601 2661 1672 2700 ea
1716 2646 1896 2711 enim,
1931 2649 2222 2717 tanquam

583 2752 903 2808 generosus
936 2751 1159 2800 ramus,
1190 2733 1382 2788 editus
1412 2738 1502 2788 est
1531 2734 1872 2800 Anthimus,
1909 2733 2222 2806 ﬂoruitque

581 2830 639 2882 et
668 2824 942 2897 pulchros
975 2825 1196 2878 fructus
1234 2821 1523 2893 produxit.
1554 2825 1702 2878 Nam
1747 2823 1928 2877 modo
1978 2823 2222 2893 quidem

579 2918 910 2970 excesserat
934 2928 1005 2968 ex
1043 2912 1307 2976 infantia,
1345 2915 1403 2966 et
1461 2911 1518 2965 in
1549 2927 1618 2966 eo
1647 2911 1945 2966 bonorum
1987 2929 2220 2968 morum

576 3002 826 3058 ﬂorebat
851 3001 1047 3056 omnis
1080 3000 1286 3071 gratia.
1315 3002 1378 3054 Et
1393 2999 1519 3069 jam
1539 3007 1808 3055 evaserat
1845 3001 2219 3069 adolescens,

579 3099 635 3147 et
679 3096 804 3146 erat
859 3090 1257 3157 intelligentiae
1313 3088 1511 3143 multis
1566 3091 1832 3144 numeris
1882 3091 2216 3146 absolutus.

577 3181 906 3251 Postquam
925 3182 1122 3234 autem
1146 3178 1203 3231 in
1226 3177 1489 3232 virorum
1515 3193 1830 3233 numerum
1863 3185 1951 3234 est
1974 3179 2215 3245 relatus,

577 3274 635 3324 et
661 3285 763 3324 eos
791 3268 1013 3323 fructus
1039 3267 1316 3338 percepit,
1347 3266 1600 3337 quisunt
1626 3266 1777 3322 inter
1795 3267 1970 3333 viros,
2003 3275 2058 3322 et
2079 3284 2217 3322 ven-

574 3357 643 3413 tri
674 3357 1004 3429 imperavit,
1048 3356 1259 3426 iraaque
1309 3360 1363 3410 et
1411 3356 1575 3410 carni
1629 3361 1720 3410 est
1771 3357 2130 3421 moderatus,
2163 3363 2219 3410 et

2333 2223 2386 2256 τε
2430 2209 2518 2255 καὶ
2560 2206 2826 2276 μεγέθους,
2903 2206 3037 2265 ὅπως
3094 2201 3151 2255 δὲ
3203 2204 3563 2277 λαμπρότητος
3623 2210 3713 2256 καὶ
3795 2209 3945 2278 ὡρῶν

2333 2295 2445 2363 ἔχει
2491 2297 2579 2344 καὶ
2638 2295 2706 2353 ὡς
2754 2302 2842 2351 τῆς
2900 2295 3120 2343 Βιθυνῶν
3175 2295 3347 2352 πάσης
3403 2293 3596 2353 πόλεως
3655 2292 3943 2368 ἀκρόπολίς

2334 2379 2472 2432 ἐστιν
2528 2383 2682 2438 αὕτη.
2731 2381 2885 2434 Ἀλλὰ
2931 2386 3020 2432 καὶ
3071 2382 3229 2441 οὕτως
3279 2386 3482 2453 ἔχουσα
3525 2388 3614 2434 καὶ
3665 2383 3736 2444 εἰς
3786 2392 3943 2435 τοῦτο

2333 2470 2490 2520 καλοῦ
2542 2469 2922 2542 προσελθοῦσα,
2980 2478 3050 2538 τῷ
3107 2471 3276 2540 οἰκείῳ
3350 2470 3564 2541 βλαστῷ
3652 2471 3848 2542 μᾶλλον
3909 2475 3937 2530 ὴ

2333 2564 2466 2608 πᾶσι
2525 2563 2728 2619 τούτοις
2784 2562 3103 2629 σεμνύνεταιο
3155 2563 3352 2620 ταύτης
3407 2563 3507 2632 γὰρ
3560 2562 3585 2611 ὁ
3631 2564 3939 2632 θαυμαστὸς

2334 2645 2578 2716 Ἀνθιμος
2635 2650 2767 2698 κατά
2827 2651 2947 2708 τούς
3010 2647 3224 2718 εὐγενεῖς
3279 2645 3508 2709 κλάδους
3567 2647 3789 2707 ἀνεδόθη
3845 2655 3936 2701 καὶ

2333 2738 2528 2792 ἤνθησε
2575 2741 2662 2787 καὶ
2715 2735 2902 2796 καλούς
2948 2738 3128 2807 ἡνεγκε
3181 2741 3302 2799 τούς
3347 2741 3597 2811 καρπούς.
3640 2739 3800 2810 Ἀρτι
3846 2745 3936 2810 μεν

2334 2822 2419 2875 οὖν
2467 2830 2559 2881 τὴν
2599 2834 2694 2876 τῶν
2730 2831 2924 2882 νηπίων
2979 2826 3181 2882 ἡλικίαν
3233 2826 3515 2900 ύπερανέϐη
3558 2832 3646 2878 καὶ
3677 2838 3934 2899 χρηστῶν

2334 2913 2472 2984 αὐτῷ
2525 2921 2671 2966 πᾶσα
2713 2917 2873 2988 χάρις
2929 2915 3065 2972 ἠθῶν
3106 2913 3329 2972 ἐπήνθει·
3395 2919 3663 2988 μειράκιόν
3717 2936 3770 2968 τε
3824 2915 3929 2974 ἤδη

2333 3001 2552 3073 ἐγεγόνει
2610 3010 2695 3056 καὶ
2749 3003 2904 3075 πολλῇ
2960 3012 3018 3074 τῇ
3074 3010 3277 3056 συνέσει
3307 3012 3659 3079 κατηρτυστο.
3715 3004 3930 3064 Ἐπειδή

2334 3089 2509 3144 δὲκαὶ
2564 3093 2628 3152 εὶς
2676 3089 2868 3166 ἄνδρας
2904 3092 3169 3166 ἐγράφετο,
3201 3096 3264 3144 τὰ
3307 3096 3355 3145 ἐν
3400 3091 3626 3169 ἀνδράσι
3669 3114 3722 3147 τε
3755 3094 3929 3165 ἀγαθὰ

2331 3180 2634 3254 ἐκαρποῦτο,
2685 3187 2772 3232 καὶ
2815 3186 3041 3255 γαστρὸς
3073 3179 3228 3254 ἦρχε,
3270 3188 3358 3234 καὶ
3391 3185 3555 3254 θυμοῦ
3600 3190 3688 3236 καὶ
3734 3189 3930 3257 σαρκὸς

2331 3268 2552 3340 ἐκράτει,
2604 3274 2695 3326 τὴν
2748 3277 3006 3340 κοσμικὴν
3049 3290 3100 3323 τε
3137 3274 3329 3328 ταύτην
3363 3268 3574 3324 διέπτυε
3613 3279 3926 3344 φαντασίαν,

2329 3362 2418 3407 καὶ
2474 3361 2647 3430 καιρὸς
2690 3358 2823 3418 ἅπας
2865 3358 3002 3428 αύτῷ
3055 3364 3182 3431 πρὸς
3232 3360 3392 3431 εὐχῆς
3446 3357 3506 3418 ἧν
3561 3361 3795 3434 ἀσχολίᾳ
3833 3368 3926 3414 καὶ

571 3447 949 3502 mundanum
979 3445 1138 3499 hunc
1170 3443 1386 3498 fastum
1428 3443 1755 3507 abhorruit,
1790 3449 1910 3497 toto
1951 3447 2210 3514 tempore

2330 3453 2427 3495 τῶν
2485 3447 2628 3496 θείων
2678 3446 2881 3518 μελέτῃ.
2935 3452 3039 3504 Τὴν
3089 3452 3261 3518 μέντοι
3306 3459 3404 3500 τῶν
3455 3448 3644 3523 ἀρετῶν
3699 3453 3924 3522 μητέρα,

569 3535 818 3591 vacabat
848 3533 1118 3600 orationi,
1151 3538 1206 3587 et
1230 3532 1572 3586 divinarum
1602 3547 1801 3586 rerum
1823 3532 2212 3587 meditationi.

571 3627 812 3679 Matrem
843 3627 1038 3677 autem
1063 3622 1342 3675 virtutum
1371 3621 1719 3675 charitatem
1751 3621 2021 3677 studiose
2047 3638 2212 3677 exer-

569 3711 708 3767 cuit.
744 3714 811 3767 Se
838 3714 1035 3765 autem
1068 3709 1124 3762 in
1138 3708 1251 3762 hoc
1273 3708 1549 3777 praeclare
1569 3709 1766 3777 gessit,
1788 3711 1952 3780 quod
1975 3727 2214 3782 semper

570 3805 722 3857 esset
747 3801 1034 3869 gravitate
1057 3796 1359 3867 prteditus,
1377 3801 1433 3850 et
1459 3797 1900 3866 cogitabundus
1925 3806 1980 3853 et
2003 3799 2212 3854 sollici-

570 3894 684 3945 tus.
717 3892 901 3945 Tanta
932 3889 1135 3942 autem
1170 3891 1414 3940 ornatus
1444 3889 1568 3940 erat
1596 3885 1941 3947 humilitate,
1977 3892 2039 3941 ut
2070 3888 2212 3942 satis

567 3983 740 4044 esset,
784 3977 832 4031 si
859 3974 948 4031 vel
973 3973 1167 4029 solum
1224 3972 1538 4038 videretur,
1581 3973 1658 4027 ad
1715 3975 2209 4044 compungendas

2328 3538 2419 3590 τὴν
2474 3532 2700 3604 ἀγάπην,
2752 3535 3034 3606 φιλοπόνως
3064 3537 3233 3602 ἣσκει,
3273 3543 3363 3589 καὶ
3393 3541 3452 3589 τὸ
3503 3535 3798 3609 ἀδιάχυτον
3832 3545 3928 3591 καὶ

2325 3621 2446 3693 παρ’
2487 3623 2598 3673 ὅλον
2649 3627 2734 3674 τὸν
2790 3622 2904 3694 βίον
2962 3630 3049 3677 καὶ
3101 3632 3538 3699 μεμεριμνημένον
3602 3627 3713 3699 μεθ’
3768 3629 3928 3702 ύπερ-

2325 3710 2474 3771 ϐολῆς
2525 3714 2691 3782 τούτῳ
2739 3715 3070 3786 κατωρθωτο’
3127 3719 3208 3766 καὶ
3262 3720 3492 3787 τοσαύτῃ
3557 3718 3802 3768 πάντοθεν
3852 3726 3919 3788 τῇ

2321 3805 2757 3873 ταπεινοφροσύνῃ
2818 3801 3136 3874 ἐκεκοσμητο
3184 3806 3248 3864 ὡς
3292 3807 3466 3856 ἱκανὸν
3516 3802 3646 3856 εἶναι
3695 3811 3784 3857 καὶ
3820 3811 3924 3876 μὸ-

2321 3907 2402 3938 νον
2451 3890 2702 3961 ὁρώμενον
2753 3889 2941 3951 πολλὰς
2972 3900 3070 3942 τῶν
3114 3892 3390 3965 φιλαρέτων
3421 3894 3704 3956 κατανύξαι
3728 3893 3917 3965 ψυχας

2319 3981 2407 4027 καὶ
2448 3977 2512 4036 εἰς
2545 3976 2744 4050 ἀρητῆς
2772 3976 3009 4031 ἐπίδοσιν
3040 3979 3270 4052 ἀγα-νεῖν.

567 4067 801 4123 animas
826 4080 1054 4126 eorum,
1088 4062 1191 4134 qui
1212 4066 1381 4117 erant
1411 4062 1654 4117 studiosi
1685 4061 1939 4126 virtutis,
1970 4069 2025 4117 et
2056 4063 2133 4118 ad
2159 4066 2500 4134 augendam
2533 4067 2828 4122 virtutem.

637 4156 702 4209 ll.
747 4154 1041 4221 Quoniam
1085 4168 1226 4223 ergo
1266 4151 1367 4222 qui
1407 4151 1489 4205 sic
1529 4151 1707 4206 vitam
1748 4151 1983 4221 agebat,
2021 4157 2075 4207 et
2116 4153 2208 4209 vel

565 4245 825 4300 maxime
853 4241 1121 4298 vocalem
1139 4255 1477 4313 praeconem
1496 4239 1800 4311 propriam
1820 4241 2203 4298 habebatvir-

565 4336 769 4398 tutem,
803 4348 912 4388 nec
944 4331 1137 4395 celari,
1181 4346 1289 4385 nec
1317 4329 1499 4396 latere.
1526 4334 1775 4401 poterat,
1821 4330 2086 4386 evehitur
2132 4332 2206 4387 ad

562 4421 857 4477 excelsam
915 4421 1118 4474 sedem
1173 4417 1508 4481 sacerdotii,
1541 4422 1596 4470 et
1637 4417 1695 4470 in
1727 4419 2205 4490 presbyterorum

561 4506 1062 4565 cathedralaudat
1077 4505 1394 4561 Dominum
1411 4521 1424 4559 :
1441 4521 1574 4560 cum
1607 4509 1798 4560 tamen
1824 4523 1946 4562 non
1965 4515 2204 4580 repente

561 4598 635 4653 ad
661 4597 718 4652 id
750 4595 1127 4669 pervenisset,
1163 4609 1358 4665 neque
1387 4609 1508 4648 suae
1541 4595 1672 4648 vitae
1703 4597 2056 4665 procemium
2118 4598 2202 4652 fe-

559 4687 733 4743 cisset
760 4685 1149 4742 sacerdotium
1180 4701 1192 4738 :
1229 4683 1331 4737 sed
1361 4699 1498 4737 cum
1521 4699 1582 4737 se
1607 4685 1769 4754 prius
1800 4691 1953 4740 recte
1986 4687 2204 4755 gessis-

2387 4154 2458 4206 B'.
2499 4152 2707 4214 Ἐπειδὴ
2765 4162 2932 4208 τοίνυν
2987 4159 3119 4209 οὕτω
3177 4157 3420 4230 βιοοῡντα
3475 4164 3559 4211 καὶ
3614 4159 3915 4234 πολυφωνό-

2315 4263 2467 4296 τατον
2515 4249 2608 4302 την
2651 4243 2789 4298 ἰδίαν
2840 4245 3022 4321 ἀρετήν
3075 4250 3267 4318 ἔχοντα
3317 4254 3542 4320 κήρυκα,
3583 4250 3642 4301 ού
3689 4253 3913 4323 κρύπτε-

2316 4335 2440 4385 σθαι
2471 4331 2594 4386 οὐδὲ
2635 4335 2896 4388 λανθάνειν
2928 4336 3068 4407 ἐξῇν,
3119 4344 3206 4388 καὶ
3237 4341 3321 4389 τὸν
3375 4337 3572 4408 ὑψηλὸν
3622 4349 3716 4400 τῆς
3761 4342 3908 4414 ἱερω-

2318 4425 2472 4482 σύνης
2539 4422 2742 4495 βαθμὸν
2793 4424 3055 4495 ἀνάγεται,
3119 4424 3203 4478 ἐπὶ
3247 4427 3375 4478 αἰνεῖ
3431 4427 3478 4478 ἐν
3543 4428 3906 4502 πρεσϐυτέρων

2313 4509 2545 4584 καθέδρᾳ
2575 4517 2658 4564 τὸν
2710 4516 2916 4585 Κύριον·
2951 4514 3042 4564 ούκ
3088 4514 3270 4588 ἀθρόον
3305 4514 3526 4568 ἐνταῦθα
3572 4515 3747 4582 ἐλθὼν,
3783 4515 3908 4569 ούδε

2316 4606 2585 4673 προοίμιον
2631 4609 2719 4652 τοῦ
2762 4600 2883 4672 βίου
2932 4607 3023 4660 τὴν
3071 4606 3351 4677 ἱερωσύνην
3390 4609 3745 4677 πεποιημένος,
3779 4604 3905 4658 ἀλλὰ

2313 4688 2511 4748 πολλοῖς
2567 4695 2811 4764 πρότερον
2868 4697 2956 4742 καὶ
3022 4691 3189 4754 ἄλλοις
3268 4692 3614 4766 ἐνδιαπρέψας
3680 4694 3905 4766 βαθμοῖς

559 4781 644 4832 set
672 4775 731 4830 in
765 4773 965 4830 multis
997 4772 1128 4829 aliis
1157 4771 1464 4840 gradibus,
1498 4776 1554 4826 et
1606 4773 1690 4826 eis
1751 4775 2200 4831 convenientem

2321 4775 2688 4850 Ξιντιμετρὴσας
2741 4798 2792 4830 τε
2853 4780 3030 4842 αὐτοῖς
3087 4780 3241 4843 ἀξίως
3300 4787 3393 4840 τὴν
3448 4781 3632 4854 ἀρετὴν
3667 4789 3756 4834 καὶ
3803 4785 3903 4835 ὑπὸ

558 4865 910 4921 exercuisset
939 4862 1236 4926 virtutem,
1270 4864 1327 4914 ct
1356 4861 1484 4915 haec
1511 4862 1712 4916 omnia
1744 4862 2013 4918 tulissent
2043 4866 2199 4919 testi-

556 4955 822 5009 monium
834 4995 846 5018 ,
862 4951 1022 5024 quod
1037 4951 1253 5019 dignus
1271 4953 1423 5004 esset
1441 4950 1865 5020 superioribus,
1899 4953 1981 5005 sic
1995 4968 2198 5008 ascen-

555 5040 723 5096 ditad
739 5055 1021 5111 magnam
1036 5038 1390 5107 dignitatem
1405 5038 1737 5104 sacerdotii,
1757 5055 1875 5094 non
1907 5041 2195 5096 honorem

555 5145 935 5203 persequens,
967 5144 1076 5183 nec
1102 5129 1387 5199 arripiens
1418 5144 1427 5180 :
1464 5127 1570 5182 sed
1596 5127 1669 5183 ab
1697 5128 1799 5181 illo
1839 5129 2034 5199 potius
2083 5147 2194 5201 ap-

553 5219 904 5293 prehensus,
925 5218 1147 5272 etiamsi
1165 5216 1293 5287 ipse
1308 5233 1368 5272 se
1382 5217 1586 5288 procul
1600 5217 1942 5271 removebat
1959 5223 2196 5290 propter

554 5322 857 5362 summam
883 5305 1294 5360 humilitatem.
1327 5305 1542 5360 Deinde
1573 5305 1802 5360 excedit
1822 5304 2069 5376 quidem
2124 5323 2195 5362 ex

549 5393 1024 5464 hominibus,qui
1042 5392 1394 5448 Nicomediae
1407 5398 1547 5448 tunc
1559 5393 2036 5464 eratepiscopus.
2062 5396 2195 5450 Erat

553 5489 755 5541 autem
785 5487 1020 5554 pastore
1053 5479 1225 5535 vidua
1251 5481 1526 5547 Ecclesia,
1560 5486 1616 5536 et
1646 5498 1707 5536 se
1737 5497 1864 5538 esse
1894 5482 2190 5538 desertam

2309 4868 2509 4916 πάντων
2563 4869 2753 4917 τούτων
2803 4871 3167 4943 μαρτυρηθεὶς,
3223 4872 3302 4921 ὅτι
3349 4875 3439 4922 καὶ
3481 4880 3581 4922 τῶν
3629 4873 3754 4944 ὑπὲρ
3806 4873 3902 4923 αύ-

2308 4958 2424 5015 τούς
2478 4953 2616 5006 ἐστιν
2670 4956 2832 5017 ἄξιος.
2889 4958 3038 5009 Οὕτω
3085 4966 3175 5010 τοῦ
3222 4959 3445 5029 μεγάλου
3476 4969 3568 5021 τῆς
3621 4963 3902 5032 ἱερωσύνης

2309 5041 2594 5113 ἀξιώματος
2653 5043 2918 5115 ἐπιϐαίνει,
2971 5046 3028 5097 ού
3107 5043 3301 5108 διώξας
3368 5052 3461 5105 τὴν
3541 5054 3696 5120 τιμὴν
3774 5047 3895 5102 ούδέ

2307 5131 2567 5201 ἀρπάσας,
2618 5133 2725 5184 ἀλλ’
2776 5135 2859 5185 ὑπ’
2911 5134 3106 5195 ἐκείνης
3154 5135 3340 5207 μᾶλλον
3385 5137 3748 5210 καταληφθεὶς,
3803 5141 3894 5190 κᾶν

2306 5219 2348 5270 εἰ
2387 5224 2476 5270 καὶ
2528 5218 2733 5293 σφόδρα
2773 5222 2944 5297 πόρρω
2999 5224 3175 5275 ἑαυτὸν
3229 5224 3387 5278 ἐποίει
3430 5235 3500 5296 τῷ
3552 5229 3754 5298 μεγέθει
3809 5236 3895 5287 τῆς

2305 5315 2671 5369 ταπεινώσεως.
2725 5312 2850 5362 Εἶτα
2896 5315 3101 5382 οἴχεται
3153 5316 3240 5384 μὲν
3295 5314 3347 5375 ἒξ
3398 5314 3676 5386 ἀνθρώπων
3726 5318 3751 5366 ὁ
3805 5326 3892 5376 τῆς

2303 5393 2642 5467 Νικομηδέων
2700 5408 2986 5457 τηνιηαῡτα
3041 5403 3343 5463 ἐπίσκοποςο
3393 5402 3612 5476 ἐχήρευε
3664 5401 3722 5455 δὲ
3779 5423 3896 5456 ποι-

2302 5488 2448 5555 μένος
2502 5487 2532 5543 ὴ
2584 5487 2868 5544 Ἐκκλησία
2914 5495 3003 5542 καὶ
3054 5494 3147 5548 τὴν
3176 5489 3391 5563 ἐρημίαν
3439 5491 3658 5553 ἐλεεινῶς
3703 5491 3895 5546 ἐπένθει
