4110 6272
225 284 329 340 173

1579 287 1744 343 VITA
1784 286 1844 343 S.
1885 288 2214 346 ANTHIMI.

3462 301 3569 357 174

216 414 307 462 καὶ
344 412 440 467 τὴν
473 408 749 481 συμφορὰν
807 402 1119 479 ἀνωδύρετο.
1164 407 1505 483 Νικομηδέων
1557 418 1724 465 τοίνυν
1768 414 1814 466 οἱ

1926 413 2185 471 deﬂebat
2215 416 2643 485 miserabiliter,
2678 423 2732 475 et
2762 418 3115 492 deplorabat
3147 421 3569 482 calamitatem.

218 503 495 572 πρόκριτοι
546 501 636 547 καὶ
674 494 907 567 μάλιστα
967 505 1057 557 τῆς
1106 497 1420 562 Ἐκκλησίας
1474 503 1592 554 ὅσον
1644 506 1817 574 τρόφι-

219 606 313 659 μον
362 583 424 644 ἧν
475 588 531 637 τό
590 587 809 655 στυγνόν
858 584 1016 636 έκεῖνο
1079 591 1168 638 καὶ
1234 592 1416 659 πικρόν
1458 597 1553 651 τῆς
1604 589 1818 662 ἐρημίας

218 678 379 735 πάθος
431 674 489 726 ού
555 677 806 745 φέροντες,
857 676 1099 747 μάρτυρά
1166 695 1219 728 τε
1273 685 1361 738 τῆς
1415 677 1580 729 αὐτῶν
1638 677 1816 749 ψήφου

219 767 277 815 τό
334 768 483 815 Θεῐον
534 760 746 814 ἐκάλουν
802 766 893 813 καὶ
934 758 1134 815 ἐδέοντο
1186 766 1377 837 θερμῶς
1438 764 1817 837 ἐκκαλυφθῆναι

214 854 427 916 τούτοις,
478 850 521 903 εἰ
572 857 644 920 τῷ
693 857 808 919 Θεῷ
851 851 915 901 τὰ
956 858 1051 911 τῆς
1104 852 1266 903 αὐτῶν
1304 860 1511 927 γνώμης
1553 850 1818 906 ἀπόδεκτα

213 942 315 1011 εἴη,
368 944 458 991 καὶ
511 938 554 990 εἰ
610 943 702 996 τὴν
760 939 947 989 ἄνωθεν
1000 941 1168 1010 ἔχοιεν
1220 940 1393 1014 ψῆφον
1441 941 1813 1017 ἐπιμαρτυροῦ-

218 1048 313 1081 σαν
368 1033 459 1080 καὶ
511 1030 672 1085 αὐτὴν
726 1031 815 1078 καὶ
858 1030 1314 1101 συμφθεγγομένην
1361 1040 1433 1101 τῷ
1481 1035 1749 1105 πράγματι
1800 1049 1811 1061 ·

211 1123 302 1170 καὶ
353 1114 471 1169 ἰδοῦ
529 1124 631 1188 φῶς
688 1120 823 1187 μέγα
891 1121 980 1168 καὶ
1039 1118 1337 1189 θαυμαστόν
1399 1120 1656 1193 ἤστραψε,
1723 1124 1813 1172 xui

216 1210 353 1279 φωνή
412 1225 489 1267 τις
536 1213 608 1276 τῷ
647 1204 873 1276 Ἀνθίμῳ
931 1207 1044 1258 θεία
1092 1212 1525 1282 προσεμαρτύρει,
1577 1214 1666 1261 καὶ
1722 1214 1815 1268 τὴν

216 1294 390 1366 ψῆφον
441 1294 710 1368 ίπεκύρου,
772 1298 861 1345 καὶ
933 1294 1000 1354 εἰς
1075 1299 1229 1370 πέρας
1319 1294 1528 1367 ἀγαγεῖν
1581 1301 1818 1370 προετρέ-

216 1402 359 1435 πετο.
419 1382 476 1435 Ὀ
528 1384 617 1454 μεν
670 1378 756 1433 οὖν
823 1382 993 1444 οὕτως
1042 1382 1127 1435 ἐπὶ
1181 1392 1282 1436 τῶν
1325 1384 1514 1436 οἰάκων
1556 1394 1652 1445 τῆς
1704 1387 1817 1436 Ἐκ-

212 1472 437 1532 κλησίας
482 1472 776 1535 καθέζεται,
827 1476 915 1523 καὶ
959 1476 1045 1523 τόν
1100 1473 1243 1535 ἄξιον
1291 1474 1317 1525 ὁ
1368 1475 1540 1546 θρόνος
1587 1472 1817 1543 ἀπολαμ-

215 1559 376 1626 ϐάνει,
434 1565 523 1612 καὶ
576 1564 663 1612 τόν
700 1560 883 1613 οἰκεῖον
934 1558 1217 1633 ἀναιρεῖται
1270 1566 1465 1632 κόσμον
1521 1562 1551 1618 ἡ
1603 1560 1817 1619 Ἐκκλη-
1868 1570 1871 1575 ’

218 1654 329 1715 σία,
383 1654 473 1702 καὶ
520 1653 613 1707 τὴν
669 1654 950 1721 κατήφειαν
1009 1647 1318 1717 ἁποτίθησι,
1372 1652 1608 1701 τοιούτου
1661 1649 1816 1719 (κατά

1925 502 2463 563 Nicomediensium
2492 507 2692 580 itaque
2721 509 3043 581 praepositi,
3085 514 3142 565 et
3172 512 3432 568 maxime
3469 514 3574 583 qui

1926 598 2092 647 erant
2122 592 2349 650 alumni
2378 596 2658 661 ecclesiae,
2692 612 2753 652 se
2800 612 2928 652 esse
2958 597 3222 653 desertos
3268 602 3576 669 aegerrime

1926 680 2199 746 ferentes,
2230 699 2440 738 omnes
2470 684 2622 739 inter
2644 700 2707 739 se
2737 685 3043 741 communi
3066 685 3353 755 suffragio
3376 687 3575 744 decer-

1926 774 2097 840 nunt,
2111 771 2385 828 Anthimo
2401 773 2816 829 mandandum
2829 790 2957 829 esse
2973 773 3409 846 episcopatum.
3425 775 3575 833 Cum

1924 861 2380 927 ergovenissent
2396 861 2471 917 ad
2499 861 2830 928 ecclesiam,
2851 865 3032 917 Deum
3054 862 3574 921 vocabanttestem

1925 962 2049 1002 suae
2075 948 2395 1015 electionis,
2429 957 2485 1005 et
2522 950 2899 1006 vehementer
2937 950 3249 1021 rogabant.
3296 955 3360 1007 ut
3383 953 3467 1007 eis
3487 969 3574 1009 re-

1925 1035 2241 1101 velaretur,
2269 1053 2347 1093 an
2359 1042 2518 1093 esset
2542 1041 2657 1094 Deo
2684 1045 2928 1110 accepta
2955 1054 3161 1095 eorum
3189 1042 3500 1109 sententia,
3519 1046 3577 1097 et

1925 1140 2003 1179 an
2030 1124 2656 1197 haberentsuperuum
2672 1126 3023 1197 suffragium
3045 1128 3128 1183 eis
3160 1127 3498 1199 suffragans
3520 1136 3576 1186 et

1925 1213 2278 1283 astipulans.
2309 1216 2453 1270 Ecce
2479 1220 2679 1271 autem
2719 1214 3106 1271 circumtulsit
3136 1214 3237 1271 lux
3275 1232 3498 1289 magna
3521 1220 3578 1275 et

1926 1300 2334 1357 admirabilis:
2376 1307 2433 1357 et
2471 1318 2588 1358 vox
2613 1303 2896 1375 quaedam
2938 1303 3213 1359 Anthimo
3253 1304 3386 1361 tulit
3422 1306 3579 1362 testi-4

1926 1389 2224 1458 monium,
2248 1394 2306 1445 et
2329 1406 2534 1447 eorum
2565 1391 2941 1447 conﬁrmavit
2960 1392 3330 1461 electionem,
3362 1397 3419 1449 et
3442 1393 3577 1450 hor-

1927 1482 2049 1532 tata
2074 1481 2181 1543 est,
2200 1481 2263 1533 ut
2287 1478 2363 1534 ad
2378 1478 2651 1534 effectum
2680 1479 3057 1535 deducerent.
3073 1484 3260 1552 Atque
3284 1480 3572 1553 sicpraaﬁ-

1926 1564 2075 1619 citur
2087 1566 2256 1621 clavo
2277 1566 2540 1637 regendo
2554 1566 2841 1631 Ecclesiae,
2857 1574 2911 1622 et
2926 1566 3097 1623 sedes
3112 1568 3301 1624 virum
3323 1569 3575 1639 dignum

1924 1653 2188 1724 suscipit,
2223 1659 2279 1709 et
2304 1670 2479 1709 suum
2511 1659 2931 1711 ornamentum
2960 1654 3171 1727 accipit
3198 1656 3453 1713 Ecclesia
3478 1672 3491 1711 :
3520 1664 3577 1713 et

215 1738 442 1807 Παῦλον)
490 1736 834 1797 ἀνεπιλήπτου
873 1740 1027 1811 φάναι
1073 1743 1162 1791 καὶ
1207 1739 1342 1791 οὕτω
1392 1746 1552 1810 σοφοῦ
1590 1743 1680 1791 καὶ
1724 1756 1814 1810 με-

1926 1740 2170 1812 deponit
2200 1741 2515 1808 tristitiam,
2548 1748 2611 1797 ut
2647 1758 2783 1815 quas
2813 1743 2964 1800 adeo
2995 1743 3081 1815 (ut
3108 1736 3245 1799 cum
3277 1745 3459 1802 Paulo
3490 1745 3577 1802 di-

213 1828 377 1901 γάλου
407 1836 651 1901 τυχοῦσα
676 1834 767 1881 τοῦ
798 1829 1101 1882 ἐπιστάτου.

284 2005 353 2060 Γ.
418 2004 477 2058 Ὀ
525 2001 585 2057 δε
636 2006 773 2057 κατὰ
820 2008 943 2065 τοὺς
1001 2006 1229 2075 ἀγαθοὺς
1301 2003 1619 2077 κυϐερνήτας
1684 2009 1815 2079 πρὸς

210 2100 365 2146 τοῦτο
407 2098 558 2167 μόνον
601 2094 699 2163 ὅλῳ
746 2102 817 2164 τῷ
872 2092 1118 2166 ὀφθαλμῷ
1171 2093 1303 2168 ἑώρα
1345 2098 1434 2146 καὶ
1492 2096 1815 2166 παρεσκεύα-

215 2202 330 2249 στο,
389 2184 526 2245 ὅπως
571 2202 625 2234 τε
666 2186 753 2234 τόν
808 2182 1042 2254 χαλεπόν
1089 2192 1182 2244 τῆς
1256 2182 1492 2245 ἀσεϐείας
1559 2188 1815 2255 κοιμίσειε

209 2267 471 2336 κλύδωνα,
512 2276 601 2322 καὶ
642 2271 775 2331 ὅπως
821 2273 913 2332 τὰς
959 2280 1058 2323 τῶν
1120 2272 1480 2343 συμπλεόντων
1521 2271 1708 2344 ψυχὰς
1749 2271 1814 2332 εἰς

210 2364 298 2412 τόν
368 2360 549 2432 λιμένα
628 2368 720 2412 τοῦ
777 2365 904 2413 Θεοῦ
979 2363 1362 2433 καθορμίσειεν.
1423 2359 1581 2415 Οἶδεν
1638 2359 1814 2422 Ἰνδης

210 2458 377 2502 ταῦτα
405 2454 494 2502 καὶ
536 2454 705 2521 Δόμνα
736 2466 749 2479 ⁸
784 2446 961 2510 Ἰνδης
1002 2450 1189 2512 ἐκεῖνος
1241 2449 1370 2525 ἀνὴρ
1423 2452 1725 2522 θαυμαστός
1762 2471 1815 2505 τε

211 2543 302 2590 καὶ
333 2537 622 2601 ἁξιέπαινος
667 2557 678 2568 ·
727 2538 880 2591 αὐτὸν
922 2542 1011 2611 μὲν
1058 2536 1283 2611 βασιλέα
1309 2543 1399 2591 καὶ
1448 2541 1514 2591 τὰ
1539 2545 1655 2613 περὶ⁹
1715 2538 1809 2611 βα-

211 2626 358 2679 σιλέα
422 2630 589 2679 πάντα
643 2626 960 2694 καταλιπὼν,
1012 2635 1074 2700 τῇ
1122 2626 1355 2701 εὐσεϐείᾳ
1413 2624 1473 2680 δὲ
1539 2630 1668 2701 μετὰ
1720 2636 1814 2691 τῆς

212 2721 413 2788 Δόμνης
484 2718 745 2789 προτιθεὶς
818 2721 907 2768 καὶ
963 2720 1049 2768 τόν
1128 2722 1293 2769 κοινόν
1356 2719 1511 2789 ἄμφω
1589 2714 1813 2789 βασιλέα

208 2804 595 2867 πλουτήσαντες
639 2825 650 2837 ·
686 2802 808 2857 οὐδὲ
853 2805 1125 2876 Γλυκέριος
1169 2812 1254 2857 καὶ
1310 2806 1556 2877 Θεόφιλος
1596 2814 1690 2868 τῆς
1719 2814 1812 2859 τοῦ

211 2891 407 2967 ἀνδρὸς
452 2899 569 2965 περὶ
607 2898 701 2952 τὴν
740 2892 1001 2945 εὐσέϐειαν
1051 2890 1292 2953 σπουδῆς
1322 2895 1588 2963 ἄγευστοι,
1643 2897 1812 2945 ἱκανόν

209 2990 369 3034 τοῦτο
411 2986 688 3053 τεκμήριον
734 2984 821 3033 τόν
847 2982 973 3053 ὑπὲρ
1011 2988 1246 3053 Χριστοῦ
1293 2982 1507 3032 θάνατον
1538 2986 1813 3052 παρασχό-

1924 1844 2060 1886 cam
2089 1830 2130 1899 ¹)
2152 1829 2730 1901 irreprehensibilem
2759 1835 2815 1887 et
2835 1830 2988 1887 adeo
3019 1832 3352 1904 sapientem
3377 1837 3436 1890 et
3451 1850 3575 1892 ma-

1925 1934 2113 1990 gnum
2147 1918 2222 1974 sit
2250 1924 2527 1976 assecuta
2551 1918 2921 1991 praefectum.

1995 2006 2080 2062 IIl.
2126 2005 2223 2063 Ille
2249 2009 2789 2080 autem,quomodo
2817 2007 2962 2064 boni
2992 2008 3576 2078 gubernatores,hoc

1923 2094 2118 2151 solum
2164 2095 2489 2167 spectabat.
2534 2100 2591 2151 et
2617 2096 2696 2152 ad
2724 2095 2783 2151 id
2817 2112 2881 2152 se
2921 2097 3194 2169 parabat,
3249 2103 3314 2154 ut
3343 2098 3578 2155 sedaret

1923 2200 2138 2255 graves
2160 2184 2373 2241 ﬂuctus
2401 2184 2742 2257 impietatis,
2770 2188 2828 2240 et
2866 2189 2929 2241 ut
2954 2185 3188 2242 animas
3226 2202 3433 2243 eorum
3472 2186 3577 2259 qui

1924 2274 2101 2329 simul
2127 2290 2266 2330 cum
2294 2289 2363 2330 eo
2392 2273 2782 2343 navigabant,
2808 2274 2886 2329 ad
2918 2280 3152 2346 portum
3183 2275 3278 2331 Dei
3312 2276 3573 2331 duceret.

1923 2361 2047 2417 Hoc
2071 2362 2235 2417 novit
2254 2360 2428 2417 Indes
2448 2366 2505 2418 et
2523 2361 2773 2417 Domna.
2802 2361 2973 2416 Indes
2987 2361 3084 2418 ille
3105 2362 3190 2418 vir
3207 2362 3577 2419 admirabilis

1923 2454 1981 2506 et
2008 2449 2187 2506 laude
2212 2449 2450 2519 dignus,
2482 2449 2605 2522 qui,
2630 2449 2831 2505 relicto
2855 2449 3213 2521 imperatore
3242 2450 3577 2521 etimpera-

1921 2537 2065 2594 toris
2091 2537 2271 2593 rebus
2299 2538 2605 2603 omnibus,
2632 2554 2768 2593 cum
2805 2539 3038 2595 Domna
3065 2537 3312 2594 accessit
3342 2538 3422 2594 ad
3452 2539 3570 2610 pie-

1922 2629 2127 2691 tatem,
2157 2630 2216 2681 et
2243 2641 2627 2681 communem
2668 2640 2870 2695 regem
2909 2625 3092 2682 ambo
3121 2632 3258 2682 sunt
3286 2626 3568 2693 assecuti,

1922 2717 2123 2788 Neque
2161 2712 2468 2786 Glycerius
2504 2719 2560 2771 et
2596 2713 2953 2786 Theophilus
3010 2712 3250 2771 fuerunt
3304 2718 3574 2787 expertes

1923 2804 2099 2860 studii
2145 2804 2323 2874 nujus
2375 2803 2482 2859 viri
2534 2802 2789 2875 pietatis,
2822 2803 2923 2875 qui
2955 2802 3069 2859 hoc
3101 2802 3401 2859 sufﬁciens
3432 2818 3578 2875 prte-

1921 2892 2107 2948 buere
2148 2891 2574 2960 testimonium,
2612 2906 2830 2962 nempe
2868 2896 3125 2947 mortem
3164 2907 3272 2963 pro
3321 2892 3574 2948 Christo.

1923 2984 2123 3053 Neque
2164 2980 2281 3035 alia
2311 2980 2623 3036 multitudo
2648 2980 2854 3050 viginti
2895 2979 3167 3046 millium,
3208 2980 3313 3052 qui
3342 2980 3579 3036 fuerunt

212 3089 359 3143 μενοι
392 3086 404 3099 ·
441 3066 565 3121 οὐδὲ
610 3068 807 3129 πληθὺς
849 3068 975 3126 ἄλλη
1022 3064 1317 3141 δισμυρίων
1358 3065 1391 3120 δ
1399 3070 1453 3119 ιὰ
1482 3072 1643 3140 πυρός
1674 3068 1814 3139 αὐτῷ

1926 3084 2031 3139 per
2086 3069 2285 3137 ignem
2336 3069 2753 3124 consummati.
2814 3068 3154 3124 Mardonius
3204 3084 3467 3141 quoque,
3522 3073 3579 3125 et

210 3162 302 3210 xui
340 3157 485 3209 οὗτοι
525 3156 864 3216 τελειωθέντες
907 3174 918 3185 ·
970 3158 1086 3208 ὅσοι
1138 3176 1192 3208 τε
1241 3161 1356 3228 περὶ
1399 3153 1693 3229 Μαρδόνιον
1728 3161 1817 3209 καὶ

209 3243 532 3317 Μυγδόνιον,
587 3250 777 3318 Πέτρον
835 3250 923 3297 xui
964 3249 1051 3297 τόν
1098 3251 1540 3319 καρτερικώτατον
1583 3251 1814 3309 Ζήνωνα,

208 3340 297 3389 τὸν
346 3338 459 3388 ἶσον
507 3339 596 3387 καὶ
642 3334 791 3387 αὐτοὶ
847 3338 978 3407 πρός
1023 3338 1254 3407 Χριστόν
1299 3331 1680 3407 ἐπιδειξάμενοι
1730 3339 1816 3387 πό⁶

214 3428 322 3493 θον,
380 3423 486 3477 ἐπεὶ
533 3428 604 3497 μὴ
652 3428 739 3475 καὶ
787 3431 877 3484 τῆς
928 3426 1048 3485 ἴσης
1092 3422 1301 3484 ἐκείνοις
1351 3424 1634 3494 ἠνέσχοντο
1686 3442 1817 3497 μαρ-

212 3518 391 3589 τυρίας
446 3512 813 3584 ἀπολειφθῆναι
862 3531 876 3546 ο
923 3515 1155 3570 τοσαύτη
1215 3517 1304 3584 μὲν
1344 3508 1412 3571 δὴ
1456 3518 1570 3564 τότε
1610 3512 1815 3575 πολλοῖς

211 3612 306 3665 τῆς
351 3600 606 3663 εὐσεϐείας
638 3598 875 3662 ἐπίδοσις
919 3602 1017 3652 ὑπὸ
1072 3608 1162 3653 τοῦ
1214 3602 1522 3673 θαυμαστοῦ
1568 3601 1814 3672 Ἀνθίμου

213 3695 403 3764 ἱγένετο
450 3708 462 3721 °
516 3692 657 3762 ἄφνω
710 3686 769 3742 δε
826 3709 907 3751 τις
956 3694 1158 3761 χειμὼν
1209 3690 1463 3763 ἐγείρεται
1508 3690 1815 3762 χαλεπώτα-

212 3800 315 3848 τος,
346 3784 432 3832 καὶ
477 3775 802 3851 σφοδροτέρα
838 3784 1080 3850 καταιγὶς
1118 3777 1419 3850 ἐμπεσοῦσα
1466 3782 1815 3851 Χριστιανοὺς

212 3864 471 3921 κατέδυσε
494 3869 687 3927 πάντας
714 3883 727 3897 ⁸
776 3863 837 3924 ἧν
884 3869 972 3938 μεν
1001 3869 1104 3939 γὰρ
1146 3865 1229 3919 ἐπὶ
1276 3875 1371 3929 τῆς
1428 3866 1605 3940 ἀρχῆς
1650 3867 1815 3930 Μαξι-

214 3960 416 4027 μιανός,
458 3953 702 4027 διωγμῶν
743 3952 801 4007 δε
854 3957 879 4007 ό
911 3954 1207 4030 βαρύτατος
1260 3957 1344 4008 ἐπὶ
1377 3960 1512 4028 μέγα
1562 3975 1614 4008 τε
1664 3960 1813 4031 ἤρετο

218 4050 308 4097 xui
355 4047 490 4097 κατὰ
525 4052 617 4115 γῆς
660 4044 866 4105 ἁπάσης
914 4046 1102 4119 ἐχώρει
1145 4050 1234 4096 xui
1284 4047 1333 4096 oi
1382 4047 1471 4117 μεν
1528 4046 1813 4119 ὴρευνῶντο

217 4140 560 4207 Χριστιανῶν,
611 4135 659 4185 οἰ
693 4129 748 4185 δε
792 4134 1021 4204 ἔφευγον,
1065 4134 1114 4185 οἱ
1155 4129 1212 4185 δὲ
1261 4133 1560 4205 ἀνῃροῦντο.
1594 4140 1663 4187 Τό
1695 4139 1812 4205 μέν·

215 4242 297 4275 τοι
347 4231 437 4283 τῆς
467 4220 723 4282 εὐσεϐείας
770 4223 925 4282 ἄνθος
968 4225 1055 4273 τόν
1096 4220 1345 4294 Ἀνθιμον
1380 4218 1537 4280 δῆλον
1567 4224 1597 4280 ἠ
1654 4222 1809 4294 ἀρετή

212 4311 481 4365 κάνταῦθα
531 4318 670 4364 ποιεῖ
737 4315 827 4363 καὶ
883 4312 1133 4383 μηνύεται
1175 4317 1284 4370 τοῖς
1346 4313 1412 4362 τὰ
1486 4310 1814 4381 Χριστιανῶν

213 4400 478 4474 ἐρευνῶσι,
538 4404 623 4452 xui
687 4398 857 4467 οὗτος,
916 4400 942 4450 ό
994 4406 1080 4449 νῦν
1129 4402 1218 4469 μὲν
1286 4396 1334 4449 ἐν
1388 4400 1582 4470 ἱερεῦσι
1629 4400 1811 4469 μέγας,

212 4497 388 4564 μικρῷ
421 4486 479 4541 δὲ
508 4488 721 4558 ὕστερον
759 4486 854 4539 κάν
880 4493 985 4547 τοῖς
1010 4489 1287 4560 μάρτυσιν.

291 4578 363 4631 Δ¹.
409 4576 469 4628 Ὀ
508 4579 596 4648 μὲν
642 4577 739 4649 γὰρ
790 4576 929 4647 παρά
952 4593 1053 4627 τινι
1100 4571 1326 4646 διέτριϐε
1384 4577 1533 4647 κώμῃ
1596 4579 1814 4649 σπείρων

213 4684 275 4719 τε
319 4672 393 4735 τῷ
418 4664 553 4735 λόγῳ
603 4669 699 4725 τῆς
754 4661 995 4725 ἀληθείας
1049 4667 1137 4715 καὶ
1195 4665 1253 4714 τό
1305 4662 1547 4715 τάλαντον
1594 4672 1689 4725 τῆς
1729 4668 1815 4716 πί-

213 4772 376 4814 στεως
426 4751 893 4815 πολλαπλασιάζων
952 4769 965 4781 ο
1017 4755 1206 4824 πέμπει
1254 4748 1314 4805 δε
1376 4751 1446 4814 εἰς
1486 4754 1681 4804 εἴκοσιν
1735 4754 1815 4806 ίπ-

212 4846 349 4903 πέας
377 4843 403 4894 ὁ
452 4840 791 4912 Μαξιμιανός,
850 4841 984 4893 ὥστε
1036 4839 1305 4892 συλλαϐεῖν
1333 4848 1511 4893 τοῦτον
1555 4845 1643 4893 καὶ
1691 4842 1814 4913 παρ’

212 4930 377 4985 αύτόν
436 4928 663 5000 ἀγαγεῖν.
710 4931 776 4981 Οἱ
825 4925 884 4982 δ¹ε
931 4928 981 4981 έν
1035 4936 1098 5001 τῇ
1150 4930 1356 5002 Σημάνῃ
1407 4934 1813 5003 παραγεγονότες

212 5021 397 5094 (τοῦτο
455 5021 558 5091 γὰρ
597 5022 757 5091 ὄνομα
799 5024 859 5090 τῇ
915 5019 1089 5091 κώμῃ)
1142 5016 1521 5090 ἐντυγχάνουσι
1581 5026 1653 5088 τῷ
1704 5018 1813 5071 ’Λν-

214 5112 358 5182 θίμῳ
414 5112 502 5160 καὶ
554 5110 625 5178 μὴ
661 5105 1022 5179 συμϐαλόντες,
1057 5110 1125 5169 ὡς
1161 5106 1309 5168 οὗτος
1340 5105 1523 5169 ἰκεῐνος
1552 5112 1577 5158 ό
1629 5108 1810 5168 ζητού-

210 5215 370 5271 μενος
438 5199 538 5262 εἴη,
593 5196 746 5249 αύτόν
792 5193 1040 5267 ’Ἃνθιμον
1112 5196 1323 5268 ἠρώτων
1375 5201 1490 5268 περὶ
1541 5196 1805 5268 Ἀνθίμου,

212 5290 312 5341 καὶ
342 5287 487 5347 ὅστις
531 5284 678 5347 οὗτος
722 5285 977 5356 ὑπάρχοι,
1018 5288 1107 5336 xui
1150 5285 1276 5337 ὅπου
1308 5280 1567 5358 διατρίϐει
1594 5294 1682 5346 τῆς
1710 5291 1809 5337 κὼ-

216 5392 330 5449 μης
360 5415 375 5430 .
400 5372 459 5427 Ὀ
484 5377 572 5426 xui
617 5376 735 5433 τέως
758 5375 848 5445 μεν
889 5370 973 5425 ἐπὶ
1018 5370 1181 5436 ξενίαν
1226 5375 1441 5437 τούτους
1496 5373 1807 5449 παραλαϐὼν

298 5571 317 5608 ¹
361 5574 379 5626 1
421 5568 571 5627 Tim.
608 5583 693 5639 tu,
732 5572 788 5627 2.

1926 3156 2297 3227 Mygdonius,
2328 3162 2385 3211 et
2417 3157 2640 3222 Petrus,
2671 3163 2728 3211 et
2748 3156 3101 3212 fortissimus
3130 3159 3305 3222 Zeno,
3334 3158 3433 3231 qui
3459 3157 3576 3227 ipsi

1925 3260 2170 3317 quoque
2199 3243 2583 3300 ostenderunt
2612 3260 2817 3315 parem
2848 3245 2908 3300 in
2946 3244 3246 3301 Christum
3281 3260 3571 3317 amorem,

1925 3332 2216 3406 quoniam
2256 3348 2365 3388 nec
2394 3349 2430 3389 a
2457 3333 2587 3404 pari
2624 3332 2870 3405 quidem
2911 3333 3321 3388 sustinuerunt
3358 3332 3575 3389 abesse

1924 3422 2230 3493 martyrio.
2260 3424 2512 3477 Tantum
2545 3420 2793 3493 quidem
2830 3420 2893 3475 in
2907 3420 3121 3491 pietate
3142 3421 3574 3477 incrementum

1925 3516 2066 3566 tunc
2096 3509 2264 3565 multi
2294 3514 2651 3580 acceperunt
2686 3509 2764 3564 ab
2778 3508 3056 3565 Anthimo
3088 3508 3439 3565 admirabili.
3476 3512 3577 3565 Re-

1924 3604 2101 3672 pente
2133 3603 2333 3655 autem
2373 3598 2657 3654 excitatur
2694 3602 3016 3667 tempestas
3051 3597 3576 3654 vehementissima

1924 3692 1982 3743 et
1992 3686 2325 3743 suavissima
2344 3686 2604 3758 procella
2632 3687 2858 3741 irruens
2879 3685 2941 3740 in
2964 3684 3347 3754 Christianos,
3365 3702 3575 3742 omnes

1922 3775 2189 3849 perculit.
2231 3778 2380 3831 Nam
2417 3774 2734 3847 imperium
2773 3772 3019 3846 quidem
3057 3773 3365 3830 obtinebat
3396 3774 3571 3831 Maxi-

1923 3866 2201 3922 mianus:
2236 3867 2438 3919 exorta
2466 3867 2554 3919 est
2592 3867 2792 3918 autem
2834 3862 3188 3931 gravissima
3218 3862 3571 3934 persecutio,

1922 3960 1979 4010 et
2002 3953 2260 4026 pervasit
2289 3952 2351 4007 in
2376 3966 2619 4007 omnem
2651 3956 2867 4006 terram
2891 3973 2904 4006 :
2931 3955 2987 4007 et
3010 3966 3081 4006 ex
3112 3950 3459 4007 Christianis
3474 3950 3572 4006 alii

1922 4043 2168 4116 quidem
2198 4040 2633 4114 querebantur,
2661 4039 2760 4095 alii
2783 4054 2920 4095 vero
2942 4037 3464 4095 interﬁciebantur.
3481 4043 3574 4095 At-

1922 4147 2040 4203 que
2061 4131 2269 4186 ﬂorem
2290 4129 2535 4201 quidem
2560 4128 2812 4200 pietatis,
2839 4128 3208 4194 Anthimum,
3228 4128 3411 4182 virtus
3434 4133 3573 4183 tunc

1924 4216 2454 4274 facitmanifestum
2471 4235 2484 4274 :
2500 4215 2863 4271 etindicatur
2887 4230 3130 4285 quoque
3150 4214 3262 4270 illis
3283 4215 3385 4286 qui
3405 4229 3574 4287 qum-

1924 4306 2136 4362 rebant
2167 4304 2545 4370 Christianos,
2560 4304 2611 4358 is
2625 4304 2727 4375 qui
2744 4307 2883 4358 tunc
2903 4303 3152 4375 quidem
3176 4308 3299 4359 erat
3317 4318 3574 4373 magnus

1926 4394 2076 4450 inter
2095 4391 2449 4457 sacerdotes,
2467 4390 2648 4463 paulo
2668 4394 3016 4463 postautem
3030 4391 3211 4448 etiam
3240 4390 3392 4447 inter
3412 4406 3575 4448 mar-

1927 4488 2108 4557 tyres.

1994 4574 2081 4627 ιν.
2122 4574 2269 4627 Nam
2326 4568 2420 4625 ille
2476 4567 2717 4641 quidem
2773 4567 3125 4625 versabatur
3181 4569 3241 4625 in
3297 4569 3570 4642 quodam

1922 4675 2100 4735 pago.
2131 4659 2436 4715 seminans
2464 4657 2715 4713 verbum
2734 4656 3017 4723 veritatis,
3045 4662 3102 4713 et
3125 4658 3411 4714 talentum
3432 4656 3574 4714 ﬁdei

1923 4749 2344 4821 multiplicans.
2362 4746 2527 4804 Mittit
2551 4758 2754 4802 autem
2777 4745 3165 4802 Maximianus
3186 4745 3343 4801 circa
3361 4744 3571 4815 viginti

1924 4838 2171 4911 equites,
2201 4842 2263 4893 ut
2284 4851 2423 4891 eum
2448 4834 3095 4906 comprehenderentet
3121 4834 3201 4890 ad
3217 4849 3356 4889 eum
3385 4833 3573 4891 addu-

1924 4931 2139 4984 cerent.
2186 4925 2269 4981 Illi
2322 4929 2522 4981 autem
2567 4940 2705 4979 cum
2749 4926 3071 4979 Semanam
3128 4921 3430 4978 venissent
3459 4923 3574 4992 (est

1922 5017 2082 5073 enim
2109 5016 2225 5071 hoc
2254 5028 2473 5070 nomen
2505 5012 2707 5085 pago),
2730 5011 3041 5067 offendunt
3063 5010 3412 5066 Anthimum
3443 5026 3456 5065 :
3488 5015 3569 5079 et,

1922 5120 2043 5161 non
2069 5103 2446 5174 conjicientes
2471 5102 2628 5156 hunc
2658 5100 2826 5155 illum
2852 5115 3001 5165 esse,
3026 5114 3205 5170 quem
3220 5099 3574 5171 quaerebant

1917 5198 2117 5268 ipsum
2142 5192 2487 5249 Anthimum
2500 5189 2882 5259 rogabantde
2896 5189 3193 5257 Anthimo,
3217 5189 3569 5261 etquisnam

1917 5281 1966 5340 is
1996 5288 2171 5348 esset,
2203 5286 2260 5337 et
2286 5280 2533 5336 ubinam
2571 5278 2631 5333 iu
2656 5292 2815 5349 pago
2836 5278 3093 5348 degeret.
3130 5276 3226 5333 Ille
3255 5293 3397 5334 vero
3428 5293 3569 5335 cum

1917 5386 2020 5430 eos
2050 5370 2299 5445 quidem
2337 5366 2570 5425 interim
2595 5366 2851 5439 hospitio
2876 5362 3223 5439 accepisset,
3252 5370 3309 5423 et
3336 5366 3419 5423 eis
3457 5380 3573 5439 pa-
