4110 6272
585 280 682 335 175
1948 266 2208 325 MENSIS

2336 265 2546 321 ’RILIS.
3848 265 3955 321 176

578 419 719 459 nem
749 408 805 459 et
833 401 1004 458 fabas
1044 402 1103 456 in
1131 415 1301 455 coena
1326 400 1722 472 apposuisset,
1755 402 1810 453 et
1849 412 1958 468 pro
2003 394 2225 451 viribus

2340 397 2428 444 καὶ
2461 387 2666 443 δεῖπνον
2715 387 2891 446 αὐτοῖς
2930 387 3197 458 παραθεὶς,
3248 387 3403 458 ἄρτον
3457 406 3513 440 τε
3551 394 3641 441 καὶ
3691 393 3950 462 κυάμους,

578 493 918 549 convivium
958 490 1341 555 exhibuisset,
1384 489 1598 544 deinde
1630 504 1693 544 se
1724 503 1853 543 esse
1881 486 2225 541 Anthimum

2340 486 2428 533 καὶ
2461 484 2524 539 ως
2556 476 2667 549 εἶχε
2704 480 2880 551 χειρός
2918 480 3007 526 καὶ
3040 472 3307 547 δυνάμεως
3353 476 3625 542 ἑστιάσας,
3670 480 3787 531 εἰτά
3838 480 3952 531 ἐαυ-

578 580 893 636 renuntiat.
911 579 1079 644 Quod
1093 578 1336 651 quidem
1350 594 1486 633 cum
1505 577 1582 632 illi
1604 576 1996 642 audivissent,
2020 588 2225 646 prope-

2340 574 2425 621 τόν
2483 565 2612 619 εἶναι
2655 569 2759 616 τόνΔ
2810 564 3059 635 ’Ἄνθιμον
3126 563 3437 635 ἀπαγγέλλει
3495 583 3506 593 ·
3572 568 3696 638 ὅπερ
3761 566 3947 620 ἐκεῖνοι

577 669 830 725 modum
859 668 1317 738 obstupuerunt,
1349 672 1532 722 etnec
1561 666 1638 721 ad
1674 665 1828 720 illius
1858 664 2100 735 quidem
2133 676 2225 716 ca-

2338 658 2671 719 ἀκούσαντες,
2722 654 2898 723 ὀλίγου
2956 651 3064 704 δεῖν
3107 652 3433 724 ἐπεπήγεσαν
3485 660 3573 707 καὶ
3614 652 3741 708 οὐδὲ
3802 658 3947 709 ἀντι-

576 774 687 813 nos
712 762 986 829 poterant
1013 756 1258 811 omnino
1305 754 1541 824 intueri,
1582 758 1924 826 reputantes
1981 750 2225 823 quidem

2338 748 2534 799 ϐλέπειν
2592 746 2659 805 εἰς
2716 748 2808 801 τὴν
2862 742 3051 794 ἐκείνου
3123 742 3303 794 πολιὰν
3362 746 3574 815 ἴσχυον,
3633 744 3947 816 ἀναλογιζό-

577 861 869 909 mensam,
906 850 959 900 et
989 860 1243 912 coenam,
1276 849 1332 899 et
1358 842 1708 915 hospitium,
1765 857 1970 896 rursus
2026 844 2224 893 autem

577 935 928 1004 cogitantes,
952 947 1214 1005 quanam
1248 932 1321 986 de
1355 948 1557 997 causa,
1592 936 1647 986 et
1677 936 1916 1002 propter
1944 928 2089 1001 quid
2119 927 2226 982 du-

575 1023 723 1079 cturi
748 1026 947 1077 essent
970 1036 1105 1076 eum
1124 1020 1199 1076 ad
1223 1020 1673 1083 Maximianum,
1697 1019 1773 1074 ad
1796 1024 2062 1074 extrema
2078 1015 2225 1071 scili-

2336 1016 2435 1083 ὅτῳ
2466 1013 2689 1084 μέλλοιεν
2733 1012 2886 1062 αὐτόν
2936 1012 3079 1081 παρά
3128 1010 3452 1081 Μαξιμιανόν
3498 1012 3733 1084 ἀγαγεῖν,
3783 1011 3949 1073 δῆλον

575 1115 667 1168 cet
691 1110 870 1177 mala,
901 1115 957 1165 et
986 1114 1212 1165 certum
1239 1107 1623 1180 supplicium.
1672 1107 1843 1173 Quod
1896 1105 2141 1178 quidem
2170 1108 2225 1159 et

2336 1106 2555 1166 πάντως,
2612 1104 2677 1162 ὡς
2733 1100 2817 1152 ἐπὶ
2868 1106 3048 1160 κακοῖς
3101 1097 3342 1170 ἐσχάτοις
3393 1105 3483 1152 καὶ
3550 1102 3945 1176 ὁμολογουμένῃ

573 1215 781 1256 eorum
798 1198 1014 1255 animis
1030 1198 1320 1268 majorem
1335 1195 1919 1259 afferebatdolorem,
1942 1200 1996 1249 et
2013 1192 2225 1249 efﬁcie-

2338 1195 2561 1262 τιμωρίᾳ
2607 1207 2618 1219 ·
2656 1189 2682 1240 ὃ
2723 1185 2789 1246 δὴ
2828 1193 2917 1239 καὶ
2959 1187 3146 1258 μᾶλλον
3177 1186 3350 1240 ἐλύπει
3394 1209 3449 1241 τε
3491 1189 3658 1242 αὐτῶν
3695 1194 3789 1253 τὰς

571 1288 695 1355 bat,
725 1292 789 1343 ut
812 1286 973 1359 apud
988 1286 1330 1341 Anthimum
1357 1284 1789 1341 erubescerent.
1822 1286 1936 1338 Hac
1954 1282 2027 1338 de
2041 1297 2225 1337 causa

2336 1283 2441 1349 χάς
2479 1284 2567 1331 καὶ
2617 1282 2746 1349 πρός
2784 1280 2871 1328 τόν
2920 1279 3167 1347 Ἀνθιμον
3208 1274 3392 1339 αἰδοῦς
3441 1277 3713 1333 ἀνεπίπλα.
3755 1284 3937 1354 Ταύτῃ

571 1393 710 1434 cum
740 1392 808 1431 os
841 1375 998 1431 illius
1042 1375 1360 1429 veridicum
1388 1374 1677 1430 haberent
1700 1373 1828 1443 ejus
1859 1372 2137 1436 indicem,
2167 1373 2223 1426 et

2336 1388 2413 1420 τοι
2460 1373 2549 1419 καὶ
2595 1371 2827 1439 μηνυτὴν
2857 1374 2947 1417 τοῦ
2984 1363 3168 1439 ἀνδρὸς
3219 1364 3425 1437 ἀψευδῆ
3465 1372 3522 1419 τό
3553 1371 3748 1421 ἐκείνου
3789 1373 3947 1441 ἔχον-

572 1482 645 1521 ex
675 1466 803 1535 ejus
827 1464 1033 1533 lingua
1066 1462 1460 1532 intelligerent
1491 1478 1628 1517 eum
1676 1476 1807 1516 esse
1853 1460 2219 1523 Anthimum,

2336 1475 2414 1517 τες
2469 1461 2637 1526 στόμα
2675 1460 2763 1507 καὶ
2807 1458 2870 1514 ως
2901 1454 3057 1515 αὐτὸς
3097 1454 3342 1526 Ἀνθιμος
3394 1459 3469 1514 εἴη
3523 1460 3666 1530 παρά
3700 1467 3798 1519 τῆς
3852 1461 3945 1511 αῦ-

571 1571 710 1611 eum
741 1553 1016 1608 lubenter
1044 1550 1440 1617 dimittebant,
1481 1555 1537 1606 et
1562 1554 1621 1605 ut
1660 1549 1976 1613 recederet,
2009 1548 2224 1603 suade-

2336 1551 2422 1595 τοῦ
2485 1543 2718 1613 γλώττης
2772 1544 3123 1614 μανθάνοντες,
3205 1544 3344 1613 ὅμως
3405 1544 3620 1615 ἠφίεσάν
3669 1566 3726 1598 τε
3780 1548 3940 1600 αὑτὸν

567 1644 718 1700 bant
748 1660 766 1697 :
798 1640 1235 1697 sciebantenim
1262 1639 1407 1694 nihil
1431 1638 1574 1694 boni
1600 1637 1792 1694 eiesse
1805 1652 2221 1692 successurum

2336 1632 2520 1691 ἑκόντες
2567 1636 2657 1683 καὶ
2696 1633 2989 1704 ὑποχωρεῖν
3045 1635 3415 1706 προετρέποντο
3457 1651 3468 1662 ·
3532 1631 3756 1692 ἧδεισαν
3803 1640 3934 1710 γὰρ,

571 1747 642 1788 ex
669 1746 777 1785 suo
816 1729 1077 1785 adventu
1117 1728 1192 1784 ad
1226 1727 1669 1785 Maximianum.
1703 1726 1883 1781 Nobis
1911 1729 2109 1781 autem
2143 1724 2220 1780 ad

2336 1724 2399 1782 ὡς
2450 1716 2599 1772 οὐδὲν
2670 1724 2909 1791 χρηστόν
2956 1729 3042 1779 τῆς
3099 1723 3238 1794 παρά
3310 1720 3634 1793 Μαξιμιανοῦ
3716 1722 3938 1795 ἀφίξεως

570 1825 860 1885 nostram,
888 1816 1145 1881 aiebant,
1179 1816 1395 1871 sufﬁcit
1411 1814 1844 1880 defensionem,
1874 1814 2220 1869 Anthimum

2336 1809 2636 1862 ἀπολαύσοι.
2686 1809 2833 1880 Ἠμῐν
2864 1806 2923 1860 δὲ
2954 1808 3189 1881 ἀπόχρη,
3244 1812 3457 1879 ἔφασαν,
3491 1811 3561 1873 εἰς
3612 1812 3933 1885 ἀπολογίαν,

567 1908 815 1980 quidem
842 1906 1096 1962 multum
1108 1904 1455 1977 quaesivisse
1469 1920 1574 1976 per
1593 1904 1935 1959 universam
1958 1904 2222 1959 Nicome-

2336 1902 2387 1951 τὸ
2440 1898 2601 1950 πολλὰ
2639 1901 2727 1970 μὲν
2767 1902 2852 1948 τόν
2900 1896 3148 1969 ’Ἃνθιμον
3197 1896 3291 1949 ἀνά
3334 1903 3426 1957 τὴν
3457 1899 3801 1972 Νικομηδέων
3835 1910 3943 1955 πᾶ-

568 1997 756 2067 diam,
785 2011 905 2051 non
932 1994 1194 2066 potuisse
1234 1999 1434 2048 tamen
1477 2008 1613 2048 eum
1654 1993 1941 2048 invenire.
1978 1992 2089 2049 Sed
2119 1994 2222 2064 qui

2336 2008 2429 2041 σαν
2467 1988 2718 2051 ζητῆσαι,
2751 1988 2883 2059 ὅμως
2924 1984 2981 2039 δὲ
3032 1992 3103 2059 μὴ
3148 1984 3436 2046 δυνηθῆναι
3493 1988 3739 2062 ἀνευρεῖν.
3791 1992 3933 2045 Ἀλλ’

571 2085 671 2141 Dei
711 2088 1008 2156 praecepta
1054 2097 1291 2153 semper
1321 2080 1725 2137 meditabatur
1753 2081 2088 2145 Anthimus,
2121 2097 2222 2137 eos

2336 2080 2361 2136 ἡ
2422 2086 2520 2129 τῶν
2572 2076 2779 2128 ἐντολῶν
2828 2084 2920 2128 τοῦ
2966 2081 3092 2128 Θεοῦ
3146 2076 3351 2147 μελέτη,
3403 2080 3427 2129 ό
3479 2082 3606 2152 ἱερὸς
3656 2089 3749 2133 τοῦ
3797 2090 3938 2136 Θεοῦ

567 2174 818 2230 omnino
849 2171 1178 2228 adhortans
1202 2177 1258 2226 et
1282 2171 1524 2235 docens,
1551 2175 1612 2225 ut
1640 2172 1946 2225 veritatem
1972 2169 2223 2241 loquan-

2336 2166 2592 2236 Ἀνθιμος,
2642 2165 2807 2217 λαλεῖν
2850 2164 3090 2222 ἀλήθειαν
3140 2164 3186 2216 ἐν
3222 2163 3420 2241 καρδίᾳ
3476 2171 3667 2230 πάντας
3710 2190 3938 2244 προτρε-

567 2264 659 2316 tur
686 2262 746 2317 in
792 2260 971 2316 corde
1018 2276 1148 2326 suo,
1203 2262 1261 2314 et
1313 2275 1422 2314 nec
1477 2258 1609 2314 illos
1644 2263 1879 2329 propter
1908 2259 2101 2330 ipsum
2132 2255 2223 2313 vel

2336 2260 2548 2327 πόμενος
2588 2260 2677 2306 καὶ
2726 2251 3015 2320 διδάσκων,
3064 2257 3273 2317 ἐκείνοις
3325 2253 3463 2327 μηδὲ
3517 2258 3566 2310 ἐν
3614 2264 3791 2331 μόνοις
3830 2270 3940 2322 τοῖς

565 2350 705 2405 solis
732 2349 914 2405 labris
938 2349 1175 2403 mentiri
1228 2346 1544 2411 sustinens,
1593 2351 1648 2403 et
1685 2347 1805 2402 alio
1833 2346 1935 2418 qui
1983 2354 2222 2420 propter

2336 2345 2531 2416 χείλεσι
2578 2346 2878 2415 ψεύσασθαι
2931 2340 3003 2396 δι’
3057 2345 3211 2397 αὐτὸν
3266 2343 3593 2419 ἀνεχόμενος,
3656 2349 3825 2410 ἄλλως
3878 2348 3937 2404 δὲ

563 2438 860 2495 Christum
892 2442 1143 2493 mortem
1179 2436 1405 2501 sitiens,
1441 2452 1563 2491 una
1591 2452 1726 2491 cum
1788 2436 1872 2491 eis
1923 2435 2082 2491 illinc
2134 2442 2222 2492 est

2336 2440 2418 2487 καὶ
2476 2438 2560 2486 τόν
2613 2435 2739 2504 ὑπὲρ
2787 2440 3023 2507 Χριστοῦ
3073 2430 3242 2503 διψῶν
3302 2436 3535 2499 θάνατον,
3601 2444 3935 2513 συναπῆρετο

564 2526 885 2599 profectus,
926 2532 982 2582 et
1028 2526 1135 2581 iter
1184 2525 1329 2581 iniit.
1390 2526 1536 2581 Cum
1594 2541 1696 2581 eos
1727 2531 1928 2581 autem
1961 2524 2218 2580 multum

2336 2524 2506 2584 αὐτοῖς
2557 2521 2742 2574 ἐκεῖθεν
2803 2527 2892 2574 καὶ
2944 2519 3071 2574 ὁδοῦ
3124 2526 3315 2593 εἴχετο.
3386 2522 3554 2576 Πολλά
3610 2523 3668 2578 δε
3724 2532 3935 2591 τούτοις

565 2622 717 2671 esset
746 2616 1090 2671 exhortatus
1118 2614 1194 2670 ad
1230 2615 1525 2686 pietatem,
1553 2620 1607 2669 et
1637 2615 1709 2669 de
1736 2614 1947 2668 futuris
1972 2630 2109 2668 cum
2134 2614 2217 2669 eis

2336 2615 2451 2685 πρὸς
2504 2610 2759 2664 εὐσέϐειαν
2816 2615 3133 2683 παραινέσας
3195 2616 3284 2664 καὶ
3324 2618 3442 2687 περὶ
3496 2622 3595 2665 τῶν
3643 2615 3930 2686 μελλόντων

564 2704 954 2773 disseruisset,
1006 2707 1061 2758 et
1104 2702 1153 2757 si
1182 2703 1328 2774 quid
1369 2703 1451 2756 eis
1476 2702 1696 2756 durum
1747 2706 1802 2757 et
1832 2716 2111 2772 asperum
2145 2718 2215 2757 ex

2336 2699 2596 2763 διεξελθὼν
2643 2704 2732 2750 καὶ
2791 2706 2889 2751 πᾶν
2935 2703 2978 2752 εἴ
3034 2720 3083 2751 τι
3125 2700 3344 2773 σκληρόν
3394 2702 3494 2754 ἀπό
3544 2712 3637 2765 τῆς
3687 2704 3931 2768 ἀσεϐείας

564 2792 779 2864 pietate
804 2793 1012 2857 inerat,
1047 2791 1107 2846 id
1132 2791 1465 2860 levigasset,
1490 2795 1545 2845 et
1567 2790 2029 2861 complanasset,
2053 2796 2109 2846 et
2129 2792 2213 2846 eis

2336 2790 2504 2850 nuit-oi;
2554 2790 2583 2848 ἡ
2655 2788 2927 2840 ἀντίτυπον
2983 2787 3265 2861 ἐνυπῆρχε,
3318 2790 3492 2851 λεάνας
3540 2811 3593 2844 τε
3650 2794 3780 2846 αὐτὸ
3837 2803 3927 2849 καὶ

564 2880 781 2936 animae
811 2895 1023 2949 agrum
1038 2878 1426 2944 mundum,et
1448 2879 1527 2933 ad
1540 2878 1773 2949 pietatis
1800 2894 2002 2934 semen
2030 2880 2210 2934 susci-

2336 2874 2653 2949 διομαλίσας,
2691 2884 2780 2929 καὶ
2822 2879 3054 2950 καθαρὰν
3087 2878 3263 2939 αὐτοῖς
3294 2883 3385 2937 τὴν
3416 2888 3505 2940 τῆς
3529 2880 3713 2952 ψυχῆς
3764 2886 3924 2957 ἄρου-

562 2968 848 3039 piendum
878 2973 1085 3039 aptum
1115 2968 1495 3030 reddidisset,
1514 2967 1745 3022 divinas
1771 2967 1939 3039 prius
1962 2968 2211 3024 effundit

2336 2986 2413 3018 ›αν
2470 2972 2558 3018 καὶ
2640 2967 2705 3026 εἰς
2787 2965 3041 3026 εὐσεϐείας
3120 2972 3314 3039 σπόρον
3373 2966 3673 3026 ἐπιτηδείαν
3749 2993 3922 3045 παρα-

561 3072 765 3128 preces
792 3074 805 3111 :
834 3056 1048 3112 deinde
1079 3072 1215 3111 cum
1233 3056 1481 3111 ﬂuvium
1512 3055 1862 3112 offendisset
1890 3056 1953 3112 in
1983 3058 2205 3125 itinere,

2336 3059 2598 3121 τ’κευάσας,
2666 3057 2758 3115 τὰς
2818 3056 2956 3115 θείας
3028 3054 3439 3126 προκαταϐάλλει
3498 3058 3659 3129 εὐχάς
3734 3078 3746 3089 ·
3809 3059 3921 3113 εἶτα

561 3161 663 3202 eos
695 3145 974 3216 baptizat,
1033 3151 1089 3200 et
1134 3145 1241 3199 iter
1287 3160 1493 3200 rursus
1525 3149 1785 3217 emptum
1813 3147 2204 3218 persequitur,

2336 3151 2406 3197 ιαί
2453 3149 2683 3216 ποταμόν
2732 3143 2779 3195 ἐν
2808 3151 2869 3215 τῇ
2921 3140 3138 3215 παρόδῳ
3185 3144 3505 3209 καταλαϐὼν,
3551 3151 3768 3211 τούτους
3824 3149 3920 3222 βα-

559 3234 751 3290 donec
780 3234 935 3289 venit
964 3233 1023 3288 in
1045 3233 1367 3298 civitatem,
1400 3240 1455 3288 et
1474 3234 1551 3289 ad
1576 3234 1833 3289 tribunal
1864 3237 2100 3305 tyranni
2123 3238 2207 3291 in-

2336 3234 2488 3293 ττίζει
2539 3238 2627 3284 καὶ
2675 3240 2769 3292 τῆς
2842 3236 3179 3305 προκειμένης
3229 3236 3409 3303 ἔχεται
3472 3235 3623 3287 πάλιν
3686 3245 3913 3310 πορείας,

559 3323 839 3393 greditur,
872 3337 1029 3394 pone
1058 3323 1302 3395 quidem
1333 3338 1547 3378 manus
1605 3323 1857 3377 vinctus.
1926 3324 2015 3378 Sic
2045 3325 2203 3378 enim

2336 3324 2407 3381 ως
2438 3320 2515 3372 ἐπὶ
2558 3325 2650 3377 τὴν
2703 3320 2846 3371 πόλιν
2892 3318 3100 3391 ἀφίκετο
3144 3326 3232 3374 καὶ
3274 3326 3329 3373 τὸ
3378 3329 3678 3395 τυραννικὸν
3726 3330 3918 3381 εἴσεισι

557 3418 798 3484 propter
838 3412 1113 3484 pietatem
1163 3411 1494 3483 oportebat,
1524 3416 1811 3482 tanquam
1840 3410 2203 3479 maleﬁcum,

2336 3407 2485 3480 Βῆμα,
2532 3408 2700 3460 ὀπίσω
2731 3411 2818 3479 μὲν
2864 3416 2934 3478 τῷ
2960 3417 3106 3483 χεῖρε
3143 3406 3415 3482 δεδεμένος
3455 3432 3466 3445 ·
3513 3413 3646 3465 οὕτω
3677 3418 3779 3489 γὰρ
3821 3414 3916 3471 διά

557 3500 685 3556 sisti
737 3506 872 3556 ante
906 3500 1328 3571 imperatorem
1358 3516 1372 3555 :
1407 3505 1657 3554 mentem
1695 3504 1893 3554 autem
1920 3499 1996 3554 ad
2020 3499 2201 3555 cmlos

2336 3502 2402 3555 ην
2464 3496 2719 3549 εὐσέϐειαν
2772 3500 2836 3557 ὡς
2893 3507 3183 3571 κακοῦργον
3236 3498 3614 3571 ἐμφανισθῆναι
3674 3501 3781 3556 ἔδει
3837 3514 3913 3577 τῷ

554 3588 927 3653 extendebat,
964 3588 1119 3643 unde
1159 3588 1237 3644 ad
1291 3602 1352 3643 se
1384 3586 1663 3659 sperabat
1692 3591 2007 3643 venturum
2038 3587 2203 3642 auxi-

2336 3585 2541 3651 Ξασιλεῖ,
2576 3587 2645 3648 εἰς
2683 3586 2931 3660 οὐρανοὺς
2979 3584 3037 3639 δε
3066 3592 3161 3645 τὴν
3194 3585 3426 3642 διάνοιαν
3468 3590 3757 3661 ἀνατείνων,
3795 3596 3910 3646 ὅθεν

556 3674 723 3729 lium.
2310 3681 2397 3726 καὶ
2430 3675 2566 3737 ἣξειν
2597 3675 2734 3745 αῦτῴ
2766 3680 2857 3733 τὴν
2898 3675 3144 3747 βοήθειαν
3171 3676 3403 3739 ἤλπιζεν.

624 3764 685 3816 V.
747 3761 956 3817 Volens
984 3776 1127 3829 ergo
1160 3762 1481 3832 imperator
1512 3761 1602 3816 vel
1631 3762 1762 3832 ipso
1794 3762 1921 3818 solo
1954 3769 2199 3835 aspectu

2381 3763 2450 3819 E'.
2482 3764 2538 3815 Ὀ
2570 3762 2818 3836 βασιλεὺς
2868 3769 3038 3816 τοίνυν
3077 3770 3257 3839 πείρας
3310 3770 3493 3840 πικρόν
3545 3774 3633 3821 καὶ
3670 3769 3773 3822 ἀπὸ
3813 3771 3909 3842 ψι-

551 3850 832 3907 Anthimo
859 3848 1190 3912 ostendere,
1222 3864 1407 3920 quam
1430 3855 1579 3904 esset
1606 3864 1783 3919 grave
1811 3856 1866 3905 et
1915 3852 2196 3907 acerbum

2337 3861 2393 3913 ῆς
2444 3855 2559 3913 θέας
2611 3853 2837 3925 Ἀνθίμῳ
2896 3851 3203 3925 βουλόμενος
3252 3851 3528 3922 ἐπιδεῖξαι,
3582 3859 3719 3919 ὅπως
3759 3860 3906 3931 αὐτῷ

550 3940 820 3996 aditurus
871 3937 1222 4010 periculum,
1271 3942 1331 3991 ut
1384 3952 1522 3992 eum
1567 3941 1764 3993 statim
1796 3938 1857 3993 in
1906 3939 2198 4011 principio

2341 3946 2394 3992 αὶ
2444 3941 2786 4013 μαλακωτέρῳ
2821 3946 2912 3999 τὴν
2968 3949 3177 4013 πρωτην
3238 3948 3634 4017 προσενεχθείη,
3696 3950 3760 4000 τὰ
3817 3969 3905 4002 κο-

549 4028 836 4084 inveniret
885 4026 1237 4092 molliorem,
1273 4026 1660 4082 instrumenta
1687 4026 1927 4096 publica
1956 4026 2034 4081 ad
2085 4034 2195 4082 tor-

2336 4034 2562 4100 αστὴρια
2614 4035 2859 4102 πρότερον
2911 4031 2995 4081 ὑπ’
3045 4031 3162 4100 ὄψιν
3217 4034 3410 4103 ὄργανα
3439 4029 3676 4105 δημοσία
3724 4043 3903 4111 προτί·

546 4114 856 4188 quendum
885 4119 1252 4186 comparata,
1285 4114 1337 4169 ei
1369 4114 1531 4186 prius
1566 4114 1838 4185 producit
1867 4115 1926 4169 in
1953 4130 2195 4186 conspe-

2338 4136 2430 4174 ησι
2480 4122 2569 4168 καὶ
2618 4118 2771 4169 αὐτόν
2820 4117 3123 4179 εἰσκαλέσας
3157 4137 3167 4148 ·
3216 4124 3281 4171 Σὺ
3321 4118 3383 4185 εἰ,
3441 4128 3589 4193 φησὶ,
3642 4125 3667 4175 ό
3728 4124 3899 4179 ὀπίσω

545 4210 704 4260 ctum
741 4227 751 4259 :
786 4209 841 4260 et
867 4219 1005 4259 cum
1039 4219 1176 4259 eum
1214 4202 1367 4258 intro
1403 4209 1675 4260 vocasset
1706 4220 1717 4256 :
1752 4206 1832 4259 Tu
1863 4219 1948 4269 es,
1980 4204 2189 4277 inquit,

2336 4213 2389 4258 οῦ
2457 4205 2725 4278 λεγομένου
2804 4214 3035 4278 Χριστοῦ
3103 4207 3426 4279 πλανώμενος
3496 4210 3748 4279 Ἀνθιμος
3808 4223 3897 4268 καὶ

544 4292 647 4366 qui
679 4298 813 4366 post
838 4292 1157 4361 Christum,
1193 4292 1297 4364 qui
1326 4291 1559 4363 dicitur,
1595 4308 1774 4359 erras,
1831 4293 2145 4349 Anthimus
2175 4309 2188 4349 :

2336 4299 2384 4347 όν
2410 4294 2566 4347 πολὺν
2615 4294 2767 4367 ἀφελῆ
2819 4300 2907 4347 καὶ
2965 4295 3170 4347 εὔκολον
3219 4298 3485 4369 ἄνθρωπον
3533 4308 3593 4371 τῇ
3640 4304 3729 4374 ἴση
3779 4310 3898 4377 περί

542 4381 897 4453 facilemque
920 4386 975 4435 et
1005 4380 1333 4452 simplicem
1357 4381 1593 4437 turbam
1616 4380 1677 4435 in
1700 4381 1979 4437 eumdem
2002 4382 2190 4437 addu-
2222 4461 2225 4466 η

2338 4384 2453 4435 ῦτόν
2514 4386 2833 4455 ὑπαγόμενος
2908 4384 3077 4456 ἀπάτῃ
3158 4390 3246 4437 καὶ
3335 4392 3522 4459 μυρίαν
3588 4388 3737 4463 ὕϐριν
3795 4402 3893 4443 τῶν

540 4470 623 4526 cis
649 4485 929 4531 errorem,
962 4473 1018 4523 et
1050 4469 1194 4523 deos
1222 4475 1455 4523 nostros
1484 4469 2018 4524 innumerabilibus
2047 4486 2186 4526 con-

2336 4477 2553 4546 μετέρων
2605 4475 2725 4524 θεῶν
2755 4477 3025 4544 καταχέων
3054 4490 3067 4540 ;
3118 4472 3174 4525 Ὀ
3203 4471 3261 4525 δὲ
3301 4473 3376 4525 ἐπ’
3407 4478 3526 4536 ἴσης
3575 4480 3638 4529 τά
3664 4498 3717 4531 τε
3769 4500 3891 4553 προ-

542 4556 797 4615 tumeliis
828 4555 1019 4611 afﬁcis
1068 4555 1096 4610 ?
1142 4555 1239 4610 Ille
1292 4560 1490 4611 autem
1542 4572 1612 4611 ex
1657 4572 1829 4627 aequo
1881 4557 2080 4613 ridens
2130 4564 2186 4614 et

2336 4565 2502 4632 είμενα
2538 4565 2726 4632 ὄργανα
2774 4566 2858 4613 καὶ
2912 4565 3028 4623 τοὺς
3074 4570 3163 4614 τοῦ
3215 4566 3463 4637 τυράννου
3513 4565 3698 4636 λόγους
3743 4570 3888 4639 γελάο

537 4650 835 4703 tormenta
860 4644 1184 4716 proposita,
1232 4648 1288 4699 et
1316 4660 1386 4700 ea
1423 4660 1559 4715 quae
1590 4645 1820 4701 dixerat
1846 4652 2133 4717 tyrannus
2167 4664 2179 4703 :

2336 4669 2390 4710 ας
2433 4669 2443 4681 ι
2480 4646 2618 4701 Οὐδὲ
2672 4649 3021 4721 ἀπεκρινάμην
3074 4652 3132 4701 οἷν
3186 4670 3288 4717 σοι,
3330 4657 3474 4723 φησι,
3531 4658 3657 4726 πρὸς
3700 4665 3880 4723 ταῦτα,

536 4738 616 4792 Ne
646 4736 722 4791 ad
750 4734 879 4790 haec
904 4732 1169 4805 quidem,
1190 4733 1398 4805 inquit,
1426 4732 1526 4788 tibi
1546 4734 1989 4804 responderem,
2025 4740 2182 4792 certo

2336 4739 2425 4806 rec,
2476 4736 2514 4788 ὦ
2543 4737 2781 4810 βασιλεῦ,
2838 4740 2977 4810 εὶμή
3012 4760 3074 4811 με
3104 4742 3127 4791 ό
3172 4742 3297 4815 ἱερός
3332 4746 3419 4793 καὶ
3462 4744 3591 4804 θεῖος
3621 4740 3885 4798 διδάσκα-

535 4826 710 4890 scias,
739 4840 774 4879 o
804 4824 1148 4895 imperator,
1192 4822 1306 4877 nisi
1338 4821 1483 4876 mihi
1514 4838 1679 4878 sacer
1709 4829 1763 4879 et
1802 4823 2039 4878 divinus
2071 4825 2177 4880 do-

2336 4846 2371 4887 ›ς
2426 4830 2591 4879 ἔπειθε
2644 4828 2857 4892 Παῦλος,
2922 4828 3155 4899 ἑτοίμους
3206 4832 3340 4901 ἡμᾶς
3411 4827 3538 4883 εἶναι
3587 4829 3882 4901 διδάσκων,

534 4918 659 4970 ctor
679 4912 892 4969 Paulus
919 4910 1319 4983 persuaderet,
1353 4910 1571 4966 docens
1592 4914 1613 4947 ²
1638 4928 1745 4967 nos
1777 4928 1909 4968 esse
1940 4919 2178 4984 paratos

2336 4921 2439 4967 κντὶ
2478 4924 2549 4985 τῷ
2604 4917 2828 4968 αἰτοῦντι
2880 4916 3028 4987 λόγον
3084 4913 3292 4969 διδόναι
3327 4938 3338 4949 ·
3382 4917 3722 4990 ἐπηγγείλατο
3780 4927 3879 4997 γὰρ

532 5001 770 5057 cuilibet
819 4999 1039 5072 petenti
1091 4999 1337 5054 reddere
1381 4999 1689 5055 rationem.
1746 5000 2039 5057 Pollicitus
2088 5008 2179 5059 est

2336 5012 2408 5055 λῖν
2450 5007 2474 5055 ό
2508 5008 2631 5064 Θεὸς
2664 5002 2874 5057 διδόναι
2919 5010 3006 5057 καὶ
3038 5010 3207 5077 στόμα
3258 5012 3347 5058 καὶ
3400 5013 3602 5079 σοφίαν,
3637 5011 3666 5067 ἧ
3698 5010 3757 5063 οὐ
3791 5009 3881 5064 δυ-

531 5090 690 5145 enim
712 5089 885 5144 nobis
921 5092 1069 5144 Deus
1092 5088 1211 5143 oris
1244 5088 1615 5159 sapientiam,
1649 5112 1669 5138 ι
1707 5090 1797 5145 cui
1826 5106 1945 5145 non
1975 5097 2175 5161 potue-

2336 5111 2526 5145 ισονιαι
2610 5092 2913 5152 ἀντιστῆναι
2994 5096 3171 5154 πάντες
3233 5097 3281 5146 οἱ
3343 5094 3679 5168 ἀντικείμενοι
3733 5102 3873 5171 ημῖν.

528 5182 662 5233 runt
696 5177 958 5231 resistere
988 5192 1199 5231 omnes
1225 5175 1408 5231 nostri
1436 5175 1802 5232 adversarii3.
1822 5198 1849 5229 »
1892 5181 2039 5233 Nam
2062 5195 2173 5248 ego

2336 5200 2368 5240 ,ς
2413 5183 2569 5251 ἔγωγε
2620 5182 2806 5239 πολλὴν
2862 5202 2954 5234 σου
3009 5188 3096 5235 καὶ
3147 5188 3387 5255 πρότερον
3439 5189 3724 5256 παχύτητα
3768 5186 3871 5259 ἤδη

528 5264 771 5337 quidem
799 5265 961 5334 prius
1010 5264 1092 5319 tui
1122 5264 1182 5319 in
1214 5264 1529 5320 simulacra
1580 5266 1815 5331 erroris,
1865 5272 1920 5321 et
1968 5266 2027 5321 in
2071 5284 2173 5322 eos

2336 5276 2680 5339 ιταγινωσκων
2730 5279 2819 5331 τῆς
2865 5277 2981 5344 περὶ
3035 5275 3100 5325 τά
3139 5269 3328 5325 εἴδωλα
3378 5273 3569 5335 πλάνης
3611 5281 3727 5338 τούς
3761 5280 3871 5349 ξομε.

527 5368 680 5425 quos
709 5350 856 5407 dicis
886 5352 1049 5418 deos,
1081 5354 1451 5409 damuabam
1481 5354 1932 5410 crassitudinem
1965 5372 1978 5409 :
2012 5371 2172 5411 nunc

2336 5377 2478 5429 ρους,
2512 5362 2580 5421 ὡς
2632 5363 2772 5431 ἔφης,
2812 5362 2970 5426 θεοὺς,
3016 5369 3102 5413 νῦν
3134 5365 3339 5415 πλείονά
3388 5382 3482 5415 σου
3514 5370 3602 5416 καὶ
3653 5370 3867 5439 φανιράν

2336 855 2477 907 μενοι
2533 838 2621 905 μὲν
2670 838 2762 891 τὴν
2838 834 3118 906 τράπεζαν,
3167 836 3255 883 καὶ
3313 836 3370 884 τό
3418 830 3645 903 δεῖπνον,
3706 841 3799 887 καὶ
3854 842 3947 893 τὴν

2337 924 2519 987 ξενίαν.
2578 924 2980 993 Ἐνθυμούμενοι
3033 917 3091 971 δε
3130 920 3301 986 πάλιν,
3367 924 3485 973 ὅτου
3530 924 3675 975 ἕνεκα
3724 929 3817 976 καὶ
3874 924 3946 996 ἐφ’

594 5530 616 5563 ²
649 5527 819 5585 Hebr.
843 5544 958 5593 xm,
998 5534 1060 5583 17
1095 5529 1328 5597 ;lPetr.
1363 5545 1447 5595 ιιι,
1480 5531 1569 5585 13.
1645 5532 1667 5565 ³
1697 5533 1830 5585 Luc.
1863 5547 1982 5599 xxi,
2023 5537 2099 5586 l5.
