4110 6272
279 324 386 378 177

1652 328 1823 384 νΙΤΑ
1862 328 1922 384 S.
1964 328 2281 386 ΑΝΤΗΙΜΙ.

3538 337 3642 392 178

278 453 375 507 τὴν
415 447 643 520 ἀμαθίαν
694 449 814 522 ὁρῶ,
873 449 952 500 ὅτι
1005 453 1092 501 καὶ
1142 449 1296 502 αὐτὸν
1348 451 1578 511 συλῆσαι
1616 454 1745 516 ὅλως
1795 454 1860 526 ἐμ

1990 457 2184 510 autem
2208 454 2378 511 video
2393 457 2678 528 majorem
2689 461 2846 513 tuam
2867 460 2923 513 et
2938 457 3636 529 apertamignorantiam,

279 537 507 598 ἤλπισας
555 541 644 588 καὶ
701 544 793 588 τοῦ
843 545 941 588 τῶν
991 537 1227 590 ἁπάντων
1273 538 1568 600 ἀποστῆναι
1627 551 1882 616 Δημιουρ-

275 633 376 697 γοῡ
431 633 522 678 τοῦ
570 630 658 677 καὶ
699 629 776 694 σε,
835 628 892 678 1'6
942 625 1235 698 ἀχάριστον
1286 628 1521 702 πλάσμα,
1572 640 1633 703 τῇ
1695 632 1877 684 ἑαυτοῦ

277 714 433 767 εἰκόνι
513 718 864 786 τετιμηκότος⁸
919 716 1003 767 ἱνα
1079 721 1129 768 τί
1187 720 1289 790 γάρ
1341 738 1404 790 με
1454 724 1542 771 καὶ
1603 717 1876 792 δεσμώτην

277 811 349 870 τῷ
403 809 478 872 σῷ
527 801 730 876 βήματι
772 809 1091 875 παρεστήσω
1133 811 1222 858 καὶ
1268 809 1334 859 τὰ
1379 816 1479 859 τῶν
1513 807 1758 881 βασάνων
1789 810 1874 862 ὑπ’

275 890 394 962 ὄψιν
441 894 777 966 προτέθεικας
842 897 1056 964 ὄργανα,
1114 895 1142 954 ἦ
1199 892 1355 956 δῆλον
1410 900 1478 959 ὡς
1531 898 1872 962 καταπλήξων

272 983 474 1041 τούτοις
525 986 614 1033 καὶ
645 982 673 1041 ἢ
711 985 903 1034 πείσων
947 985 1171 1048 πάντως,
1212 988 1242 1042 ἤ
1277 984 1592 1058 βιασόμενος
1627 987 1870 1051 ;“Αλλοις

275 1065 360 1122 δεῖ
408 1088 520 1121 τισι
566 1069 733 1122 ταῦτα
779 1078 877 1122 τῶν
917 1069 1284 1148 ἀγεννεστέρων
1337 1079 1659 1150 προσφέρειν,
1714 1077 1789 1138 οἷς
1845 1079 1869 1128 ὁ

276 1155 394 1229 βίος
422 1176 475 1210 τε
533 1159 558 1209 6
611 1164 788 1233 παρὼν
833 1157 995 1219 ἡδονὴ
1053 1167 1140 1214 καὶ
1194 1166 1251 1214 τὸ
1317 1167 1632 1238 στερηθῆναι
1687 1168 1869 1218 τούτου

272 1253 533 1318 τιμωριῶν
573 1249 601 1304 ἡ
657 1251 902 1319 μεγίστη’
963 1251 1032 1311 ὡς
1085 1248 1172 1321 ἐμὲ
1225 1256 1314 1303 καὶ
1362 1256 1418 1303 τὸ
1469 1253 1676 1310 πήλινον
1729 1259 1870 1306 τουτὶ

275 1342 426 1405 σῶμα
489 1332 854 1410 δεσμωτηρίου
934 1342 1141 1410 συνέχει
1235 1344 1419 1401 παντὸς
1484 1341 1866 1414 χαλεπώτερον,

271 1423 349 1474 ὅτι
397 1443 496 1494 μου
551 1428 644 1482 τὴν
686 1424 872 1496 ψυχὴν
903 1426 996 1478 οὐκ
1043 1426 1102 1498 ἐᾷ
1146 1433 1277 1500 πρὸς
1315 1432 1400 1480 τὸν
1449 1428 1696 1501 ἐρώμενον
1748 1427 1865 1482 διαο

271 1509 444 1569 ϐῆναι’
496 1511 702 1565 ἀπειλαὶ
755 1511 813 1566 δὲ
853 1520 941 1567 καὶ
997 1521 1243 1590 τιμωρίαι
1292 1523 1381 1568 καὶ
1437 1516 1682 1589 βάσανοι,
1730 1522 1866 1578 τίνος

269 1599 329 1652 ού
377 1602 728 1674 ποθεινότεραί
757 1623 847 1676 μοι
882 1600 1155 1680 διατριϐῆς
1198 1608 1330 1657 κατά
1372 1602 1541 1666 πόδας
1588 1605 1864 1658 ἐπακολου-

269 1689 458 1741 θοῦντα
507 1694 591 1743 τὸν
638 1693 851 1744 θάνατον
891 1695 1134 1765 ἔχουσαι,
1182 1695 1325 1754 ὅστις
1369 1713 1432 1766 με
1468 1702 1563 1746 τῶν
1610 1703 1706 1755 τῆς
1737 1713 1860 1767 σαρ-

266 1781 358 1840 κὸς
390 1775 596 1852 δεσμῶν
627 1778 910 1846 ἀπολύσας,
954 1782 1145 1856 πέμψει
1173 1785 1302 1856 πρὸς
1331 1786 1388 1835 τὸ
1414 1785 1706 1855 ποθούμενα
1738 1799 1751 1849 ;

354 2070 450 2143 ς’.
508 2072 686 2120 Ταῦτα
754 2073 847 2117 τοῦ
894 2065 1119 2138 μεγάλου
1171 2069 1265 2124 τὴν
1314 2063 1708 2140 ἀρχιερωσύνην
1769 2087 1859 2136 καὶ⁵

261 2159 500 2226 μείζονος
545 2164 638 2217 τὴν
677 2155 898 2212 ἄθλησιν
952 2154 1196 2226 Ἀνθίμου
1239 2152 1598 2219 διεξελθόντος,
1645 2158 1669 2207 ό
1704 2155 1863 2228 βασι-

261 2249 396 2312 λεύς·
452 2250 643 2322 Μακρά
688 2252 855 2296 ταῦτα
909 2241 1151 2314 φλυαρία·
1208 2242 1325 2312 ὄψει
1388 2240 1447 2296 δε
1489 2248 1617 2315 μετὰ
1672 2253 1855 2310 ταῦτα,

260 2344 391 2410 πρὸς
421 2339 596 2392 ἑαυτὸν
627 2332 1036 2406 ύποψιθυρίσας,
1089 2331 1297 2398 κελεύει,
1346 2331 1508 2392 λίθοις
1555 2333 1715 2385 αὐτοῦ
1773 2337 1892 2388 τὸνκ

259 2431 467 2480 τένοντα
511 2423 821 2478 τύπτεσθαι.
875 2419 934 2471 Ὀ
975 2415 1034 2471 δὲ
1086 2421 1258 2491 ὥσπερ
1301 2418 1553 2494 ἀπαρχὴν
1603 2418 1710 2479 ἤδη
1765 2430 1858 2473 τῶν

262 2514 355 2570 διὰ
399 2521 629 2587 Χριστοῦ
673 2511 839 2564 ἄθλων
892 2512 1232 2580 πεποιημένος
1279 2513 1366 2561 καὶ
1396 2514 1489 2568 τὴν
1520 2519 1617 2561 τῶν
1673 2513 1857 2582 στεφά-

258 2627 354 2658 νων
409 2603 678 2676 λαμϐάνων
749 2599 1017 2662 ὑπόθεσιν,
1086 2598 1261 2670 πράως
1319 2616 1373 2648 τε
1429 2600 1522 2658 τάς
1582 2601 1858 2671 παρούσας

259 2695 462 2768 πληγὰς
516 2689 727 2764 ἐδέχετο
779 2692 869 2740 καὶ
922 2685 1298 2758 ἐπιπονωτέρας
1355 2685 1546 2751 ἐζήτει,
1620 2686 1852 2762 λαμπρο-

257 2787 414 2856 τέρων
457 2788 640 2852 τυχεῖν
678 2783 763 2830 καὶ
820 2785 918 2828 τῶν
963 2774 1193 2826 ἐπάθλων
1243 2773 1528 2844 ἐπιθυμῶν
1579 2780 1668 2827 καὶ
1705 2783 1855 2828 τοῦτο

261 2875 351 2943 μὲν
401 2868 778 2940 ἐπιχλευάζων,
829 2870 917 2916 καὶ
968 2867 1155 2914 ὡσανεὶ
1205 2866 1288 2914 τὸν
1345 2865 1588 2934 τύραννον
1645 2861 1858 2916 διαπαί-

264 2960 388 3024 ζων,
417 2966 570 3010 τοῦτο
603 2953 660 3008 δὲ
700 2963 760 3026 τῇ
808 2961 904 3013 τῆς
932 2956 1114 3023 μανίας
1145 2950 1298 3021 φλογί
1328 2947 1536 3023 σφόδρα
1563 2958 1858 3003 κατακαίων

261 3047 424 3099 αὐτοῦ
469 3050 560 3103 τὴν
584 3044 769 3116 ψυχὴν
822 3046 909 3092 καὶ
960 3041 1131 3110 ὥσπερ
1184 3038 1254 3099 εἰς
1291 3036 1643 3112 ἀλγεινοτέρας
1692 3039 1859 3109 πολλῷ

261 3140 353 3188 καὶ
405 3134 646 3206 μείζονας
702 3130 941 3188 κολάσεις
1007 3123 1326 3198 διερεθίζων·
1412 3131 1554 3189 Θεοὶ,
1606 3125 1859 3198 ἐπέφερεν,

258 3227 309 3277 οἱ
362 3227 449 3276 τὸν
506 3221 719 3296 οὐρανόν
767 3223 856 3270 καὶ
907 3221 998 3274 τὴν
1055 3224 1154 3286 γῆν
1211 3215 1305 3267 ούκ
1353 3214 1624 3279 ἐποίησαν,
1683 3215 1862 3269 ἀπολέ-

262 3314 492 3365 σθωσαν.
556 3309 718 3382 ’Ὁπερ
781 3310 948 3378 μέσης
996 3304 1157 3364 αὐτῆς
1222 3303 1528 3375 Μαξιμιανῷ
1588 3306 1861 3356 καθικνού-

259 3421 404 3474 μενον
457 3408 551 3460 τῆς
602 3394 826 3472 καρδίας
881 3397 1115 3466 περόναις
1175 3388 1402 3467 σιδήρου
1473 3397 1860 3465 πεπυρωμέναις

172 3553 180 3562 Ι
260 3493 374 3550 τούς
425 3495 516 3541 τοῦ
570 3489 834 3560 μάρτυρος
879 3479 1131 3554 διέπειρεν
1195 3479 1574 3555 ἀστραγάλους,
1646 3489 1718 3552 τῷ
1799 3479 1858 3535 δὲ

169 3567 172 3572 ’
261 3574 468 3651 σφόδρα
504 3596 558 3629 τε
595 3577 712 3627 καθ’
760 3570 958 3632 ἡδονὴν
989 3573 1018 3629 ἡ
1056 3569 1287 3643 βάσανος
1320 3567 1402 3636 ἧν,
1436 3570 1520 3621 οἷα
1551 3567 1619 3629 δὴ
1656 3574 1858 3643 τυγχά-

255 3687 395 3720 νοντι
445 3667 512 3717 ὧν
569 3664 810 3735 ἐπεθύμει
865 3658 960 3714 διὰ
1006 3663 1229 3733 Χριστὸν
1278 3663 1368 3710 καὶ
1439 3667 1628 3732 μικροῦ
1697 3664 1856 3734 χάριν

258 3751 377 3814 ἤδει
433 3753 761 3825 Μαξιμιανῷ·
820 3751 983 3810 οὕτως
1039 3747 1288 3819 Ἀνθιμος
1331 3755 1403 3816 τῷ
1446 3754 1657 3820 Χριστῷ
1697 3746 1859 3821 ἑδίψα

258 3845 605 3917 χαρίζεσθαι.
660 3840 984 3911 Μαξιμιανός
1031 3843 1197 3890 τοίνυν
1249 3839 1385 3888 κατά
1436 3836 1625 3894 πολλὴν
1675 3835 1856 3890 ἄδειαν

261 3931 628 3996 ἐνεξουσιάζων
675 3937 790 3991 ταῖς
840 3932 1112 4001 τιμωρίαις
1171 3931 1261 3978 καὶ
1314 3929 1371 3978 τὸ
1441 3933 1532 3977 τοῦ
1594 3928 1857 4000 μάρτυρος

259 4029 487 4094 γενναῖον
530 4028 603 4090 τῷ
647 4019 895 4092 αύστηρῶ
947 4025 1046 4068 τῶν
1095 4015 1352 4068 κολάσεων
1382 4023 1596 4072 νικῆσαι
1644 4016 1856 4088 φιλονει-

260 4120 382 4175 κῶν,
435 4115 688 4184 ὄστρακον
742 4107 1056 4181 προστάττει
1100 4113 1171 4176 τῷ
1225 4101 1404 4174 ἐδάφει
1444 4101 1856 4176 διαστρωθῆναι·

261 4197 370 4253 εἶτα
415 4203 610 4272 γυμνὸν
664 4198 802 4267 αὐτῷ
861 4195 1166 4248 ἐπιταθέντα
1220 4196 1304 4246 τὸν
1358 4192 1584 4251 ἀθλητὴν
1640 4191 1861 4267 ῥάϐδοις

261 4286 606 4365 σφοδρότερον
659 4287 963 4355 τύπτεσθαι,
1021 4285 1090 4344 ὡς
1135 4284 1194 4333 οἷν
1243 4278 1400 4353 διπλῇ
1452 4285 1516 4332 τὰ
1545 4290 1638 4342 τῆς
1669 4279 1860 4342 ὀδύνης

260 4379 398 4448 αύτῷ
451 4377 534 4429 ἐπὶ
571 4381 663 4434 τὴν
710 4375 897 4445 ψυχὴν
944 4370 1241 4445 καταρῥέοι,
1283 4377 1393 4429 ταῖς
1423 4371 1477 4420 ἐκ
1523 4378 1620 4419 τῶν
1649 4366 1861 4442 ῥάϐδων

258 4487 314 4520 τε
368 4465 594 4536 πληγαῖς
646 4465 834 4515 ἄνωθεν
899 4465 987 4511 καὶ
1053 4466 1114 4530 τῇ
1171 4459 1396 4508 κάτωθεν
1444 4465 1542 4507 τῶν
1593 4456 1860 4530 ὀστράκων

262 4554 562 4625 ἀντιτυπία.
615 4552 673 4603 Ὁ
725 4548 803 4616 δὲ,
837 4545 975 4618 μηδὲ
1006 4547 1226 4599 ἐνταῦθα
1272 4550 1364 4603 τὴν
1389 4550 1534 4602 νίκην
1584 4544 1855 4618 ἀπογνοὺς,

261 4648 416 4698 ταυτὶ
474 4638 636 4714 ἐπῇδε
690 4642 753 4692 τὰ
802 4640 1029 4713 ῥήματα’
1087 4635 1402 4709 Εύχαριστῶ
1458 4654 1562 4698 σοι,
1621 4639 1858 4689 Δέσποτα

262 4739 353 4786 καὶ
394 4731 612 4784 Βασιλεῦ
643 4739 742 4782 τῶν
787 4729 999 4792 αἰώνων,
1045 4727 1122 4778 ὅτι
1159 4724 1481 4796 περιέςωσάς
1531 4743 1593 4794 με
1638 4721 1858 4798 δύναμιν

263 4823 317 4886 ἐξ
341 4821 508 4892 ὕψους
546 4824 635 4871 καὶ
679 4821 798 4879 τοὺς
837 4815 1062 4890 ἐχθρούς
1091 4834 1190 4886 μου
1218 4810 1417 4874 ἔδωκάς
1447 4831 1536 4884 μοι
1565 4821 1743 4876 νῶτον,
1770 4819 1859 4866 καὶ

262 4915 385 4972 τοὺς
439 4909 722 4982 μισοῦντάς
777 4925 839 4978 με
893 4904 1288 4979 ἐξωλόθρευσας,
1347 4907 1435 4955 καὶ
1511 4898 1860 4963 συνεπόδισας

263 5002 457 5060 πάντας
504 5001 621 5058 τούς
670 4996 1101 5066 ἐπανισταμένους
1159 4993 1237 5044 ἐπ’
1281 4990 1367 5063 ἐμὲ
1435 4992 1679 5044 ὑποκάτω
1735 5011 1856 5063 μου.

337 5095 406 5161 Z'.
455 5093 623 5158 Ἀγχι
663 5085 738 5157 ἐφ’
786 5084 934 5158 ἕτερα
964 5087 1052 5133 καὶ
1085 5081 1237 5133 πάλιν
1281 5081 1305 5131 ὁ
1354 5079 1676 5150 Μαξιμιανὸς
1728 5079 1860 5150 ἐχώ-

265 5197 365 5252 ρει,
416 5181 504 5228 καὶ
552 5173 752 5245 χαλκὰς
795 5177 912 5244 περὶ
950 5167 1210 5241 κνημίδας
1242 5168 1627 5240 ἐκπυρωθείσας
1674 5166 1860 5220 ὑποδε-

269 5269 417 5324 θῆναι
468 5265 783 5338 προστάττει
839 5268 910 5329 τῷ
965 5261 1210 5332 μάρτυρι.
1269 5264 1429 5330 ’Ὁπερ
1479 5257 1585 5321 οὖν,
1646 5260 1709 5317 ὡς
1759 5257 1859 5310 ἐκέ·

265 5354 434 5419 λευσε,
482 5356 690 5423 γεγονὸς
738 5354 828 5402 καὶ
875 5357 973 5400 τῶν
1021 5365 1289 5418 μακαριων
1339 5344 1534 5397 ἐκείνων
1583 5343 1757 5397 ποδων
1802 5348 1858 5397 τό

272 5439 619 5517 σφοδρότατον
652 5438 718 5497 δὴ
774 5445 923 5491 τοῦτο
966 5443 1054 5488 καὶ
1094 5435 1164 5495 εἰς
1194 5431 1386 5495 ὀδύνης
1415 5435 1562 5505 λόγον
1608 5433 1859 5508 ἀφορητό-

267 5550 418 5583 τατον
500 5532 588 5590 τὰς
663 5530 1032 5601 πεπυρωμένας
1116 5521 1373 5594 κνημίδας
1450 5522 1851 5596 ἀρμωσαμένων,

273 5622 389 5674 θεία
437 5637 518 5682 τις
571 5618 760 5670 ἄνωθεν
815 5624 887 5688 τῷ
943 5619 1155 5688 γενναίῳ
1197 5614 1359 5684 χάρις
1424 5610 1700 5681 ἐφίπταται
1767 5617 1856 5665 καὶ

1989 543 2152 615 quod
2171 559 2265 599 me
2281 560 2524 616 quoque
2545 545 2744 616 ipsum
2762 546 3015 616 sperasti
3033 545 3444 618 abrepturum,
3466 554 3522 604 et
3541 564 3638 606 me

1989 632 2066 686 ab
2096 632 2364 687 omnium
2408 635 2678 690 Creatore
2719 634 3135 701 abducturum,
3177 635 3281 706 qui
3313 639 3365 691 te
3394 653 3635 710 quoque

1988 724 2289 790 ingratum
2319 720 2671 791 ﬁgmentum
2705 738 2816 778 sua
2844 723 3162 778 honoravit
3189 722 3472 792 imagine.
3521 725 3636 781 Cur

1984 809 2142 864 enim
2174 824 2270 865 me
2301 809 2565 865 vinctum
2593 810 2670 866 ad
2696 815 2865 866 tuum
2895 810 3156 866 tribunal
3186 812 3542 884 produxisti,
3579 819 3636 870 et

1983 901 2414 954 tormentorum
2445 898 2841 955 instrumenta
2874 900 3023 955 meis
3053 899 3241 955 oculis
3275 899 3576 971 subjecisti
3606 906 3634 958 ?

1982 987 2134 1041 Num
2165 985 2393 1041 clarum
2423 991 2509 1042 est
2537 990 2594 1042 te
2623 987 2679 1042 id
2717 987 2952 1051 fecisse,
2990 992 3054 1043 ut
3087 1003 3183 1044 me
3217 987 3632 1060 obstupeface-

1979 1089 2094 1139 res,
2126 1078 2184 1129 et
2209 1073 2298 1129 vel
2329 1075 2578 1130 omnino
2611 1075 3020 1146 persuaderes,
3063 1075 3155 1132 vel
3186 1077 3302 1133 vim
3331 1075 3573 1134 afferres
3600 1077 3630 1132 7

1979 1163 2219 1234 Oportet
2243 1163 2372 1218 haec
2393 1163 2694 1235 aliquibus
2713 1163 2842 1219 aliis
2868 1180 3220 1236 proponere,
3244 1165 3349 1236 qui
3372 1169 3515 1222 sunt
3538 1166 3628 1221 ni-

1977 1250 2092 1306 mis
2114 1250 2309 1321 pusilli
2335 1255 2390 1306 et
2410 1251 2627 1323 abjecti
2658 1250 2860 1316 animi,
2885 1255 2940 1307 et
2964 1251 3183 1324 quibus
3206 1252 3334 1308 haec
3366 1268 3628 1328 praesens

1977 1338 2096 1394 vita
2120 1343 2210 1394 est
2243 1338 2548 1410 voluptati,
2579 1343 2634 1394 et
2662 1338 2767 1411 qui
2799 1339 3130 1396 maximum
3155 1341 3380 1396 ducunt
3409 1341 3628 1414 suppli-

1977 1427 2135 1482 cium
2162 1443 2234 1483 ea
2263 1427 2502 1497 privari.
2535 1430 2681 1482 Nam
2717 1443 2811 1482 me
2841 1427 2952 1483 hoc
2985 1443 3014 1482 e
3046 1427 3168 1482 luto
3197 1443 3412 1500 corpus
3443 1429 3628 1485 conti-

1974 1520 2074 1570 net
2103 1516 2311 1586 quovis
2341 1531 2576 1571 carcere
2628 1515 2893 1586 gravius,
2928 1516 3088 1586 quod
3126 1517 3269 1572 mihi
3299 1532 3422 1573 non
3470 1518 3626 1575 sinat

1974 1603 2242 1659 animam
2265 1604 2515 1660 transire
2535 1603 2612 1660 ad
2639 1603 2942 1659 dilectum.
2963 1605 3127 1661 Minas
3149 1611 3367 1671 autem,
3393 1606 3623 1678 suppli-

1972 1690 2065 1746 cia
2093 1695 2150 1747 et
2177 1695 2488 1757 tormenta,
2517 1692 2884 1764 quibusnam
2909 1691 3132 1748 deliciis
3161 1708 3283 1749 non
3316 1697 3455 1749 sunt
3476 1694 3622 1750 mihi

1897 1821 1941 1876 B
1966 1779 2346 1850 jucundiora,
2380 1797 2515 1852 quas
2539 1779 2765 1836 habent
2792 1785 3110 1876 morte-me
3135 1780 3622 1876 vestigio-conse-

1901 3169 1939 3223 C

1894 4489 1937 4543 D

1971 1874 2273 1940 quentem,
2303 1884 2438 1940 quae
2464 1884 2601 1924 cum
2641 1883 2738 1924 me
2764 1885 2800 1925 a
2829 1869 3024 1925 carnis
3052 1868 3316 1926 liberarit
3347 1869 3618 1936 vinculis,

1968 1958 2160 2012 mittet
2183 1957 2262 2012 ad
2287 1972 2357 2012 ea
2385 1972 2515 2028 quae
2541 1957 2813 2013 desidero
2844 1955 2872 2011 7

2041 2046 2128 2099 VI.
2157 2048 2288 2100 Haec
2315 2061 2451 2101 cum
2478 2045 2810 2102 sacerdotio
2837 2059 3115 2116 magnus,
3143 2048 3198 2100 et
3221 2045 3619 2104 decertatione

1969 2135 2165 2205 major
2221 2133 2533 2190 Anthimus
2575 2132 2970 2198 disseruisset,
3019 2132 3172 2189 dixit
3225 2134 3550 2206 imperator
3599 2153 3613 2192 :

1971 2224 2120 2280 Sunt
2158 2223 2285 2278 haec
2313 2222 2558 2294 quidem
2589 2221 2834 2293 prolixae
2863 2236 3041 2291 nugas
3079 2238 3092 2276 :
3133 2221 3359 2278 videbis
3394 2228 3614 2282 autem.

1968 2311 2115 2366 Cum
2152 2325 2294 2366 vero
2342 2309 2504 2382 apud
2557 2325 2619 2365 se
2658 2310 3225 2375 submurmurasset,
3277 2309 3446 2380 jubet
3488 2313 3618 2383 ejus

1968 2399 2248 2454 cervicem
2263 2397 2560 2454 verberari
2573 2397 2996 2469 lapidibus.llle
3008 2401 3200 2452 autem
3215 2402 3488 2469 tanquam
3497 2399 3616 2470 jam

1969 2486 2298 2558 suscipiens
2323 2485 2614 2557 primitias
2639 2485 3034 2542 certaminum
3059 2490 3302 2557 propter
3320 2486 3615 2543 Christum

1965 2576 2466 2632 etfundamentum
2480 2575 2770 2647 accipiens
2784 2575 3383 2647 coronarum,placide
3396 2577 3620 2648 accepit

1967 2669 2286 2736 praesentes
2317 2664 2544 2735 plagas,
2577 2669 2633 2719 et
2673 2664 2953 2735 cupiebat
2990 2663 3256 2736 accipere
3289 2665 3615 2734 graviores,

1966 2753 2319 2810 desiderans
2343 2752 2628 2824 consequi
2642 2751 2885 2824 praemia
2903 2751 3298 2823 praclariora.
3315 2755 3380 2809 Et
3398 2755 3616 2826 partim

1966 2841 2212 2913 quidem
2259 2841 2534 2906 irridens,
2581 2845 2639 2896 et
2678 2846 3001 2912 tyrannum
3048 2839 3229 2896 veluti
3273 2841 3612 2908 ludiﬁcans,

1967 2930 2184 3000 partim
2207 2933 2407 2984 autem
2422 2929 2672 2984 ﬂamma
2692 2928 2942 2984 insaniae
2965 2929 3236 2984 animum
3256 2929 3306 3000 ej
3319 2946 3384 2984 us
3408 2945 3616 2986 accen-

1969 3015 2140 3082 dens,
2169 3021 2226 3072 et
2253 3016 2330 3072 ad
2371 3017 2603 3087 majora
2632 3020 2688 3071 et
2715 3015 2991 3088 graviora
3015 3015 3248 3072 irritans
3279 3017 3572 3089 supplicia
3599 3034 3611 3073 :

1973 3105 2056 3159 Dii
2105 3103 2321 3170 aiebat,
2372 3105 2476 3175 qui
2529 3104 2746 3159 caslum
2799 3109 2856 3160 et
2898 3110 3114 3160 terram
3159 3119 3279 3160 non
3331 3103 3613 3171 fecerunt,

1971 3197 2236 3265 pereant.
2261 3193 2431 3258 Quod
2447 3193 2690 3263 quidem
2711 3208 2846 3247 cum
2861 3193 3198 3248 Maximiani
3226 3209 3328 3249 cor
3349 3194 3616 3250 medium

1969 3284 2354 3354 penetrasset,
2377 3280 2578 3334 ferreis
2592 3279 2984 3335 candentibus
3000 3280 3201 3335 ﬁbulis
3221 3281 3374 3336 talos
3391 3282 3618 3338 transﬁ-

1967 3371 2052 3426 xit
2099 3368 2395 3439 martyris.
2454 3366 2531 3422 Illi
2564 3371 2762 3423 autem
2793 3371 3152 3422 tormentum
3204 3373 3329 3424 erat
3386 3384 3616 3438 magna;

1967 3457 2272 3529 voluptati,
2304 3459 2366 3512 ut
2400 3455 2502 3527 qui
2523 3470 2594 3510 ea
2615 3458 3046 3528 assequeretur,
3069 3470 3206 3527 quas
3241 3455 3619 3514 desiderabat

1969 3549 2206 3617 propter
2217 3543 2606 3611 Christum,et
2628 3542 2984 3600 Maximiano
3015 3542 3454 3615 propemodum
3483 3559 3618 3615 age-

1965 3633 2069 3689 bat
2110 3632 2330 3702 gratias
2377 3636 2618 3703 propter
2669 3629 2999 3702 supplicia:
3043 3631 3196 3686 adeo
3245 3631 3618 3688 desiderabat

1967 3721 2279 3777 Anthimus
2337 3719 2563 3777 Christo
2615 3719 2950 3790 gratiﬁcari.
3008 3718 3396 3775 Maximianus
3451 3735 3613 3791 ergo,

1965 3810 2067 3882 qui
2115 3807 2297 3864 libere
2325 3808 2389 3864 in
2428 3807 2736 3864 tormentis
2774 3823 2945 3863 suam
3001 3807 3316 3863 exercebat
3358 3811 3618 3880 potesta-

1968 3905 2107 3965 tem,
2137 3903 2192 3953 et
2221 3898 2497 3970 martyris
2530 3912 2886 3967 generosum
2917 3897 3190 3952 animum
3221 3896 3619 3953 contendebat

1969 4002 2253 4060 superare
2311 3987 2633 4042 acerbitate
2697 3984 3152 4058 suppliciorum,
3216 3985 3386 4055 jubet
3457 3985 3617 4042 testis

1968 4077 2162 4132 solum
2193 4074 2525 4131 consterni:
2573 4073 2787 4129 deinde
2834 4073 3146 4128 einudum
3172 4073 3451 4129 athletam
3503 4074 3614 4129 im-

1967 4163 2253 4235 positum,
2277 4163 2459 4230 virgis
2487 4163 2632 4217 caadi
2655 4161 3095 4216 vehementius:
3121 4165 3183 4216 ut
3204 4161 3426 4232 duplex
3446 4161 3618 4217 dolor

1970 4251 2047 4306 ad
2072 4251 2199 4321 ejus
2224 4254 2604 4320 permaneret
2627 4249 2919 4316 animum,
2948 4263 3163 4319 nempe
3185 4253 3241 4304 et
3264 4264 3519 4320 superne
3545 4265 3616 4306 ex

1969 4339 2271 4410 virgarum
2298 4337 2668 4402 verberibus,
2695 4342 2751 4393 et
2780 4336 3004 4392 inferne
3035 4352 3107 4392 ex
3137 4341 3419 4393 testarum
3452 4337 3618 4392 duri-

1971 4428 2065 4484 tie.
2084 4427 2182 4482 IIle
2202 4423 2402 4482 a‘utem
2420 4441 2492 4481 ne
2515 4429 2654 4481 tunc
2673 4424 2916 4497 quidem
2942 4424 3270 4498 desperans
3286 4425 3614 4492 victoriam,

1969 4515 2250 4573 cantabat
2275 4515 2404 4570 haec
2446 4514 2632 4570 verba
2663 4531 2677 4569 :
2709 4519 2835 4584 Ago
2869 4513 2972 4569 tibi
3006 4514 3245 4584 gratias,
3286 4515 3532 4571 Domine
3560 4518 3618 4570 et

1967 4606 2084 4662 Rex
2117 4604 2496 4666 saeculorum,
2529 4603 2694 4675 quod
2723 4619 2818 4659 me
2847 4602 3082 4660 cinxisti
3115 4603 3326 4660 virtute
3353 4619 3425 4660 ex
3468 4603 3613 4670 alto,

1967 4699 2024 4751 et
2050 4693 2322 4749 inimicos
2354 4708 2519 4748 meos
2543 4691 2755 4748 dedisti
2785 4690 2929 4747 mihi
2951 4690 3201 4746 dorsum
3235 4709 3248 4746 :
3293 4695 3350 4747 et
3379 4707 3481 4748 eos
3509 4691 3615 4763 qui

1969 4798 2064 4839 me
2093 4785 2342 4838 oderant
2370 4779 2778 4837 exterminasti
2806 4795 2817 4836 :
2847 4785 2904 4835 et
2930 4794 3162 4850 omnes,
3187 4781 3290 4852 qui
3323 4780 3613 4836 adversus

1970 4886 2063 4927 me
2091 4869 2502 4940 insurgebant,
2532 4868 2734 4924 subter
2756 4883 2854 4924 me
2885 4867 3302 4940 supplantasti.

2037 5080 2156 5134 VII.
2205 5077 2317 5134 Sed
2359 5076 2747 5134 Maximianus
2776 5089 2983 5130 rursus
3016 5074 3303 5146 processit
3351 5074 3428 5131 ad
3473 5073 3615 5142 alia,

1970 5173 2023 5224 et
2053 5184 2218 5223 aenea
2256 5166 2572 5222 candentia
2599 5163 2827 5220 tibialia
2859 5162 3029 5234 jubet
3080 5163 3308 5232 alligari
3342 5165 3611 5237 martyri.

1971 5257 2140 5323 Quod
2165 5255 2409 5328 quidem
2439 5271 2575 5310 cum
2608 5254 2833 5309 factum
2863 5259 3035 5318 esset,
3070 5252 3221 5308 sicut
3244 5252 3526 5324 jusserat,
3559 5257 3617 5309 et

1969 5346 2158 5402 beatis
2186 5344 2297 5399 illis
2323 5342 2597 5414 pedibus,
2620 5341 2784 5413 quod
2810 5344 2900 5396 est
2920 5340 3533 5405 vehementissimum,
3559 5344 3616 5397 et

1970 5435 2048 5491 ad
2077 5433 2299 5490 doloris
2329 5431 2620 5488 rationem
2643 5430 2902 5485 maxime
2931 5429 3392 5496 intolerandum,
3427 5428 3616 5500 ignita

1960 5522 2186 5580 tibialia
2209 5521 2458 5578 fuissent
2500 5518 2817 5592 applicata,
2869 5518 3075 5575 divina
3099 5519 3382 5592 quasdam
3421 5517 3615 5588 gratia

1961 5612 2041 5670 ad
2078 5625 2436 5685 generosum
2482 5605 2651 5666 illum
2696 5608 2894 5666 virum
2931 5605 3460 5682 desuperuadvolat
3514 5608 3616 5661 :et
