  <div class='ocr_page' id='page_1' title='image "/cluster/home/n/w/nwhite01/storage/ocr_20150623/115/mdp.39015028574336/097.png"; bbox 0 0 4114 6262; ppageno 0'>
   <div class='ocr_carea' id='block_1_1' title="bbox 510 333 609 389">
    <p class='ocr_par' dir='ltr' id='par_1_1' title="bbox 510 333 609 389">
     <span class='ocr_line' id='line_1_1' title="bbox 510 333 609 389; baseline -0.01 0"><span class='ocrx_word' id='word_1_1' title='bbox 510 333 609 389; x_wconf 77' lang='grc'><strong>1⁸79</strong></span> 
     </span>
    </p>
   </div>
   <div class='ocr_carea' id='block_1_2' title="bbox 1884 322 2481 382">
    <p class='ocr_par' dir='ltr' id='par_1_2' title="bbox 1884 322 2481 382">
     <span class='ocr_line' id='line_1_2' title="bbox 1884 322 2481 382; baseline -0.007 0"><span class='ocrx_word' id='word_1_2' title='bbox 1884 322 2144 382; x_wconf 86' lang='lat' dir='ltr'><strong>MENSIS</strong></span> <span class='ocrx_word' id='word_1_3' title='bbox 2183 322 2481 382; x_wconf 79' lang='lat' dir='ltr'><strong>APRILIS.</strong></span> 
     </span>
    </p>
   </div>
   <div class='ocr_carea' id='block_1_3' title="bbox 3770 325 3877 382">
    <p class='ocr_par' dir='ltr' id='par_1_3' title="bbox 3770 325 3877 382">
     <span class='ocr_line' id='line_1_3' title="bbox 3770 325 3877 382; baseline 0.028 -3"><span class='ocrx_word' id='word_1_4' title='bbox 3770 325 3877 382; x_wconf 77' lang='grc'><strong>180</strong></span> 
     </span>
    </p>
   </div>
   <div class='ocr_carea' id='block_1_4' title="bbox 503 444 2160 523">
    <p class='ocr_par' dir='ltr' id='par_1_4' title="bbox 503 452 2160 523">
     <span class='ocr_line' id='line_1_4' title="bbox 503 452 2160 523; baseline -0.005 -11"><span class='ocrx_word' id='word_1_5' title='bbox 503 455 663 513; x_wconf 89' lang='lat' dir='ltr'><strong>illinc</strong></span> <span class='ocrx_word' id='word_1_6' title='bbox 684 454 850 512; x_wconf 82' lang='lat' dir='ltr'><strong>audit</strong></span> <span class='ocrx_word' id='word_1_7' title='bbox 867 468 1077 512; x_wconf 90' lang='lat' dir='ltr'><strong>vocem</strong></span> <span class='ocrx_word' id='word_1_8' title='bbox 1093 469 1230 511; x_wconf 90' lang='lat' dir='ltr'><strong>eum</strong></span> <span class='ocrx_word' id='word_1_9' title='bbox 1253 453 1444 523; x_wconf 89' lang='lat' dir='ltr'><strong>magis</strong></span> <span class='ocrx_word' id='word_1_10' title='bbox 1464 452 1870 517; x_wconf 85' lang='lat' dir='ltr'><strong>roborantem,</strong></span> <span class='ocrx_word' id='word_1_11' title='bbox 1897 454 1957 507; x_wconf 91' lang='lat' dir='ltr'><strong>et</strong></span> <span class='ocrx_word' id='word_1_12' title='bbox 1979 464 2160 521; x_wconf 90' lang='lat' dir='ltr'><strong>spon-</strong></span> 
     </span>
    </p>
   </div>
   <div class='ocr_carea' id='block_1_5' title="bbox 2269 444 3875 523">
    <p class='ocr_par' dir='ltr' id='par_1_5' title="bbox 2271 444 3875 520">
     <span class='ocr_line' id='line_1_5' title="bbox 2271 444 3875 520; baseline -0.002 -19"><span class='ocrx_word' id='word_1_13' title='bbox 2271 458 2435 520; x_wconf 84' lang='grc' dir='ltr'>φωνῆς</span> <span class='ocrx_word' id='word_1_14' title='bbox 2481 448 2669 504; x_wconf 72' lang='grc' dir='ltr'>ἐκεῖθεν</span> <span class='ocrx_word' id='word_1_15' title='bbox 2703 447 2785 501; x_wconf 75' lang='grc' dir='ltr'><strong>ἔπὶ</strong></span> <span class='ocrx_word' id='word_1_16' title='bbox 2830 446 3020 519; x_wconf 82' lang='grc' dir='ltr'>μᾶλλον</span> <span class='ocrx_word' id='word_1_17' title='bbox 3052 445 3206 499; x_wconf 77' lang='grc' dir='ltr'>αὐτὸν</span> <span class='ocrx_word' id='word_1_18' title='bbox 3253 444 3616 520; x_wconf 71' lang='grc' dir='ltr'><strong>ἐνισχυούσης</strong></span> <span class='ocrx_word' id='word_1_19' title='bbox 3671 446 3875 511; x_wconf 80' lang='grc' dir='ltr'>ἀκούει,</span> 
     </span>
    </p>
   </div>
   <div class='ocr_carea' id='block_1_6' title="bbox 507 540 2163 613">
    <p class='ocr_par' dir='ltr' id='par_1_6' title="bbox 507 540 2163 613">
     <span class='ocr_line' id='line_1_6' title="bbox 507 540 2163 613; baseline -0.005 -12"><span class='ocrx_word' id='word_1_20' title='bbox 507 546 747 601; x_wconf 86' lang='lat' dir='ltr'><strong>dentem</strong></span> <span class='ocrx_word' id='word_1_21' title='bbox 789 543 1119 608; x_wconf 83' lang='lat' dir='ltr'><strong>victoriam,</strong></span> <span class='ocrx_word' id='word_1_22' title='bbox 1162 546 1217 598; x_wconf 93' lang='lat' dir='ltr'><strong>et</strong></span> <span class='ocrx_word' id='word_1_23' title='bbox 1279 541 1527 613; x_wconf 62' lang='lat' dir='ltr'><strong>praemia</strong></span> <span class='ocrx_word' id='word_1_24' title='bbox 1574 541 2043 613; x_wconf 79' lang='lat' dir='ltr'><strong>promittentem,</strong></span> <span class='ocrx_word' id='word_1_25' title='bbox 2101 540 2163 593; x_wconf 89' lang='lat' dir='ltr'><strong>et</strong></span> 
     </span>
    </p>
   </div>
   <div class='ocr_carea' id='block_1_7' title="bbox 507 630 2157 703">
    <p class='ocr_par' dir='ltr' id='par_1_7' title="bbox 507 630 2157 703">
     <span class='ocr_line' id='line_1_7' title="bbox 507 630 2157 703; baseline -0.004 -14"><span class='ocrx_word' id='word_1_26' title='bbox 507 649 650 689; x_wconf 83' lang='lat' dir='ltr'><strong>mox</strong></span> <span class='ocrx_word' id='word_1_27' title='bbox 687 647 937 689; x_wconf 89' lang='lat' dir='ltr'><strong>manum</strong></span> <span class='ocrx_word' id='word_1_28' title='bbox 977 630 1341 703; x_wconf 67' lang='lat' dir='ltr'><strong>praebentem</strong></span> <span class='ocrx_word' id='word_1_29' title='bbox 1371 646 1506 701; x_wconf 65' lang='lat' dir='ltr'><strong>quae</strong></span> <span class='ocrx_word' id='word_1_30' title='bbox 1542 630 1815 701; x_wconf 84' lang='lat' dir='ltr'><strong>imponat</strong></span> <span class='ocrx_word' id='word_1_31' title='bbox 1851 642 2157 684; x_wconf 86' lang='lat' dir='ltr'><strong>coronam.</strong></span> 
     </span>
    </p>
   </div>
   <div class='ocr_carea' id='block_1_8' title="bbox 508 716 2162 790">
    <p class='ocr_par' dir='ltr' id='par_1_8' title="bbox 508 716 2162 790">
     <span class='ocr_line' id='line_1_8' title="bbox 508 716 2162 790; baseline -0.003 -14"><span class='ocrx_word' id='word_1_32' title='bbox 508 723 629 778; x_wconf 84' lang='lat' dir='ltr'><strong>Vox</strong></span> <span class='ocrx_word' id='word_1_33' title='bbox 659 725 859 777; x_wconf 89' lang='lat' dir='ltr'><strong>autem</strong></span> <span class='ocrx_word' id='word_1_34' title='bbox 891 721 1020 790; x_wconf 91' lang='lat' dir='ltr'><strong>ejus</strong></span> <span class='ocrx_word' id='word_1_35' title='bbox 1058 720 1327 776; x_wconf 91' lang='lat' dir='ltr'><strong>animum</strong></span> <span class='ocrx_word' id='word_1_36' title='bbox 1358 718 1644 775; x_wconf 83' lang='lat' dir='ltr'><strong>convertit</strong></span> <span class='ocrx_word' id='word_1_37' title='bbox 1673 718 1751 774; x_wconf 93' lang='lat' dir='ltr'><strong>ad</strong></span> <span class='ocrx_word' id='word_1_38' title='bbox 1773 716 2162 789; x_wconf 87' lang='lat' dir='ltr'><strong>tranquillita-</strong></span> 
     </span>
    </p>
   </div>
   <div class='ocr_carea' id='block_1_9' title="bbox 514 806 2162 880">
    <p class='ocr_par' dir='ltr' id='par_1_9' title="bbox 514 806 2162 880">
     <span class='ocr_line' id='line_1_9' title="bbox 514 806 2162 880; baseline -0.003 -13"><span class='ocrx_word' id='word_1_39' title='bbox 514 816 656 875; x_wconf 91' lang='lat' dir='ltr'><strong>tem,</strong></span> <span class='ocrx_word' id='word_1_40' title='bbox 709 814 767 866; x_wconf 87' lang='lat' dir='ltr'><strong>et</strong></span> <span class='ocrx_word' id='word_1_41' title='bbox 819 808 949 880; x_wconf 87' lang='lat' dir='ltr'><strong>ejus</strong></span> <span class='ocrx_word' id='word_1_42' title='bbox 1000 808 1231 863; x_wconf 83' lang='lat' dir='ltr'><strong>vultum</strong></span> <span class='ocrx_word' id='word_1_43' title='bbox 1282 807 1533 864; x_wconf 86' lang='lat' dir='ltr'><strong>reddidit</strong></span> <span class='ocrx_word' id='word_1_44' title='bbox 1576 806 1948 863; x_wconf 87' lang='lat' dir='ltr'><strong>alacriorem.</strong></span> <span class='ocrx_word' id='word_1_45' title='bbox 1985 806 2162 862; x_wconf 89' lang='lat' dir='ltr'><strong>Porro</strong></span> 
     </span>
    </p>
   </div>
   <div class='ocr_carea' id='block_1_10' title="bbox 510 894 2163 969">
    <p class='ocr_par' dir='ltr' id='par_1_10' title="bbox 510 894 2163 969">
     <span class='ocr_line' id='line_1_10' title="bbox 510 894 2163 969; baseline -0.004 -14"><span class='ocrx_word' id='word_1_46' title='bbox 510 903 708 956; x_wconf 90' lang='lat' dir='ltr'><strong>autem</strong></span> <span class='ocrx_word' id='word_1_47' title='bbox 737 896 1040 969; x_wconf 90' lang='lat' dir='ltr'><strong>jucundus</strong></span> <span class='ocrx_word' id='word_1_48' title='bbox 1071 911 1314 967; x_wconf 91' lang='lat' dir='ltr'><strong>quoque</strong></span> <span class='ocrx_word' id='word_1_49' title='bbox 1352 896 1601 968; x_wconf 90' lang='lat' dir='ltr'><strong>quidam</strong></span> <span class='ocrx_word' id='word_1_50' title='bbox 1634 895 1904 951; x_wconf 90' lang='lat' dir='ltr'><strong>subrisus</strong></span> <span class='ocrx_word' id='word_1_51' title='bbox 1942 894 2163 951; x_wconf 85' lang='lat' dir='ltr'><strong>insidet</strong></span> 
     </span>
    </p>
   </div>
   <div class='ocr_carea' id='block_1_11' title="bbox 509 984 2163 1059">
    <p class='ocr_par' dir='ltr' id='par_1_11' title="bbox 509 984 2163 1059">
     <span class='ocr_line' id='line_1_11' title="bbox 509 984 2163 1059; baseline -0.003 -16"><span class='ocrx_word' id='word_1_52' title='bbox 509 989 639 1059; x_wconf 88' lang='lat' dir='ltr'><strong>ejus</strong></span> <span class='ocrx_word' id='word_1_53' title='bbox 670 985 874 1050; x_wconf 85' lang='lat' dir='ltr'><strong>labris,</strong></span> <span class='ocrx_word' id='word_1_54' title='bbox 910 985 1254 1054; x_wconf 87' lang='lat' dir='ltr'><strong>signiﬁcans</strong></span> <span class='ocrx_word' id='word_1_55' title='bbox 1285 985 1579 1040; x_wconf 78' lang='lat' dir='ltr'><strong>internum</strong></span> <span class='ocrx_word' id='word_1_56' title='bbox 1610 984 1807 1040; x_wconf 90' lang='lat' dir='ltr'><strong>cordis</strong></span> <span class='ocrx_word' id='word_1_57' title='bbox 1838 984 2163 1055; x_wconf 89' lang='lat' dir='ltr'><strong>tranquilli-</strong></span> 
     </span>
    </p>
   </div>
   <div class='ocr_carea' id='block_1_12' title="bbox 508 1072 2164 1145">
    <p class='ocr_par' dir='ltr' id='par_1_12' title="bbox 508 1072 2164 1145">
     <span class='ocr_line' id='line_1_12' title="bbox 508 1072 2164 1145; baseline -0.003 -13"><span class='ocrx_word' id='word_1_58' title='bbox 508 1080 711 1132; x_wconf 91' lang='lat' dir='ltr'><strong>tatem.</strong></span> <span class='ocrx_word' id='word_1_59' title='bbox 742 1076 873 1131; x_wconf 59' lang='grc' dir='ltr'>[τιωο</span> <span class='ocrx_word' id='word_1_60' title='bbox 894 1089 1037 1143; x_wconf 88' lang='lat' dir='ltr'><strong>ergo</strong></span> <span class='ocrx_word' id='word_1_61' title='bbox 1062 1074 1272 1128; x_wconf 89' lang='lat' dir='ltr'><strong>videns</strong></span> <span class='ocrx_word' id='word_1_62' title='bbox 1295 1072 1711 1138; x_wconf 76' lang='lat' dir='ltr'><strong>Maximianus,</strong></span> <span class='ocrx_word' id='word_1_63' title='bbox 1738 1072 2012 1145; x_wconf 87' lang='lat' dir='ltr'><strong>stupebat</strong></span> <span class='ocrx_word' id='word_1_64' title='bbox 2031 1072 2164 1144; x_wconf 86' lang='lat' dir='ltr'><strong>qui-</strong></span> 
     </span>
    </p>
   </div>
   <div class='ocr_carea' id='block_1_13' title="bbox 508 1162 2162 1234">
    <p class='ocr_par' dir='ltr' id='par_1_13' title="bbox 508 1162 2162 1234">
     <span class='ocr_line' id='line_1_13' title="bbox 508 1162 2162 1234; baseline -0.002 -14"><span class='ocrx_word' id='word_1_65' title='bbox 508 1166 669 1229; x_wconf 89' lang='lat' dir='ltr'><strong>dem,</strong></span> <span class='ocrx_word' id='word_1_66' title='bbox 708 1169 769 1219; x_wconf 91' lang='lat' dir='ltr'><strong>ut</strong></span> <span class='ocrx_word' id='word_1_67' title='bbox 810 1166 935 1220; x_wconf 91' lang='lat' dir='ltr'><strong>erat</strong></span> <span class='ocrx_word' id='word_1_68' title='bbox 977 1169 1446 1218; x_wconf 88' lang='lat' dir='ltr'><strong>consentaneum</strong></span> <span class='ocrx_word' id='word_1_69' title='bbox 1494 1162 1727 1234; x_wconf 91' lang='lat' dir='ltr'><strong>(quidni</strong></span> <span class='ocrx_word' id='word_1_70' title='bbox 1753 1162 1912 1217; x_wconf 91' lang='lat' dir='ltr'><strong>enim</strong></span> <span class='ocrx_word' id='word_1_71' title='bbox 1963 1165 2162 1233; x_wconf 90' lang='lat' dir='ltr'><strong>stupe-</strong></span> 
     </span>
    </p>
   </div>
   <div class='ocr_carea' id='block_1_14' title="bbox 508 1250 2163 1324">
    <p class='ocr_par' dir='ltr' id='par_1_14' title="bbox 508 1250 2163 1324">
     <span class='ocr_line' id='line_1_14' title="bbox 508 1250 2163 1324; baseline -0.002 -17"><span class='ocrx_word' id='word_1_72' title='bbox 508 1258 596 1309; x_wconf 90' lang='lat' dir='ltr'><strong>ret</strong></span> <span class='ocrx_word' id='word_1_73' title='bbox 612 1252 665 1324; x_wconf 78' lang='lat'><strong>?)</strong></span> <span class='ocrx_word' id='word_1_74' title='bbox 685 1271 697 1308; x_wconf 93' lang='lat'><strong>:</strong></span> <span class='ocrx_word' id='word_1_75' title='bbox 721 1252 805 1308; x_wconf 89' lang='lat' dir='ltr'><strong>rei</strong></span> <span class='ocrx_word' id='word_1_76' title='bbox 826 1257 1030 1308; x_wconf 90' lang='lat' dir='ltr'><strong>tamen</strong></span> <span class='ocrx_word' id='word_1_77' title='bbox 1050 1250 1421 1320; x_wconf 87' lang='lat' dir='ltr'><strong>detrahebat,</strong></span> <span class='ocrx_word' id='word_1_78' title='bbox 1441 1257 1493 1306; x_wconf 86' lang='lat' dir='ltr'><strong>et</strong></span> <span class='ocrx_word' id='word_1_79' title='bbox 1509 1266 1642 1306; x_wconf 91' lang='lat' dir='ltr'><strong>eam</strong></span> <span class='ocrx_word' id='word_1_80' title='bbox 1665 1250 1920 1307; x_wconf 87' lang='lat' dir='ltr'><strong>vocabat</strong></span> <span class='ocrx_word' id='word_1_81' title='bbox 1945 1250 2163 1322; x_wconf 67' lang='lat' dir='ltr'><strong>praesti-</strong></span> 
     </span>
    </p>
   </div>
   <div class='ocr_carea' id='block_1_15' title="bbox 510 1339 2159 1411">
    <p class='ocr_par' dir='ltr' id='par_1_15' title="bbox 510 1339 2159 1411">
     <span class='ocr_line' id='line_1_15' title="bbox 510 1339 2159 1411; baseline -0.002 -14"><span class='ocrx_word' id='word_1_82' title='bbox 510 1343 657 1411; x_wconf 88' lang='lat' dir='ltr'><strong>gias,</strong></span> <span class='ocrx_word' id='word_1_83' title='bbox 693 1346 749 1396; x_wconf 90' lang='lat' dir='ltr'><strong>et</strong></span> <span class='ocrx_word' id='word_1_84' title='bbox 776 1341 1259 1405; x_wconf 86' lang='lat' dir='ltr'><strong>incantationem,</strong></span> <span class='ocrx_word' id='word_1_85' title='bbox 1292 1344 1349 1394; x_wconf 89' lang='lat' dir='ltr'><strong>et</strong></span> <span class='ocrx_word' id='word_1_86' title='bbox 1382 1339 1637 1411; x_wconf 81' lang='lat' dir='ltr'><strong>rogabat</strong></span> <span class='ocrx_word' id='word_1_87' title='bbox 1660 1355 1927 1396; x_wconf 89' lang='lat' dir='ltr'><strong>causam.</strong></span> <span class='ocrx_word' id='word_1_88' title='bbox 1960 1341 1985 1395; x_wconf 76' lang='grc' dir='ltr'><strong>Ι</strong></span> <span class='ocrx_word' id='word_1_89' title='bbox 1995 1343 2159 1394; x_wconf 87' lang='lat' dir='ltr'><strong>ustus</strong></span> 
     </span>
    </p>
   </div>
   <div class='ocr_carea' id='block_1_16' title="bbox 510 1426 2157 1499">
    <p class='ocr_par' dir='ltr' id='par_1_16' title="bbox 510 1426 2157 1499">
     <span class='ocr_line' id='line_1_16' title="bbox 510 1426 2157 1499; baseline -0.002 -14"><span class='ocrx_word' id='word_1_90' title='bbox 510 1434 731 1496; x_wconf 90' lang='lat' dir='ltr'><strong>autem,</strong></span> <span class='ocrx_word' id='word_1_91' title='bbox 762 1431 926 1494; x_wconf 87' lang='lat' dir='ltr'><strong>Sunt,</strong></span> <span class='ocrx_word' id='word_1_92' title='bbox 958 1427 1167 1499; x_wconf 87' lang='lat' dir='ltr'><strong>inquit,</strong></span> <span class='ocrx_word' id='word_1_93' title='bbox 1202 1427 1347 1483; x_wconf 91' lang='lat' dir='ltr'><strong>mihi</strong></span> <span class='ocrx_word' id='word_1_94' title='bbox 1376 1428 1715 1499; x_wconf 68' lang='lat' dir='ltr'><strong>praesentia,</strong></span> <span class='ocrx_word' id='word_1_95' title='bbox 1746 1443 1783 1483; x_wconf 96' lang='lat' dir='ltr'><strong>o</strong></span> <span class='ocrx_word' id='word_1_96' title='bbox 1813 1426 2157 1498; x_wconf 86' lang='lat' dir='ltr'><strong>imperator,</strong></span> 
     </span>
    </p>
   </div>
   <div class='ocr_carea' id='block_1_17' title="bbox 511 1515 2161 1589">
    <p class='ocr_par' dir='ltr' id='par_1_17' title="bbox 511 1515 2161 1589">
     <span class='ocr_line' id='line_1_17' title="bbox 511 1515 2161 1589; baseline -0.001 -17"><span class='ocrx_word' id='word_1_97' title='bbox 511 1518 668 1575; x_wconf 90' lang='lat' dir='ltr'><strong>bona</strong></span> <span class='ocrx_word' id='word_1_98' title='bbox 701 1516 951 1589; x_wconf 63' lang='lat' dir='ltr'><strong>praemia</strong></span> <span class='ocrx_word' id='word_1_99' title='bbox 980 1520 1033 1573; x_wconf 91' lang='lat' dir='ltr'><strong>et</strong></span> <span class='ocrx_word' id='word_1_100' title='bbox 1065 1520 1225 1572; x_wconf 90' lang='lat' dir='ltr'><strong>certa</strong></span> <span class='ocrx_word' id='word_1_101' title='bbox 1264 1516 1583 1586; x_wconf 88' lang='lat' dir='ltr'><strong>promissio</strong></span> <span class='ocrx_word' id='word_1_102' title='bbox 1613 1516 1968 1572; x_wconf 86' lang='lat' dir='ltr'><strong>futurorum.</strong></span> <span class='ocrx_word' id='word_1_103' title='bbox 1997 1515 2161 1571; x_wconf 92' lang='lat' dir='ltr'><strong>Brevi</strong></span> 
     </span>
    </p>
   </div>
   <div class='ocr_carea' id='block_1_18' title="bbox 511 1602 2163 1671">
    <p class='ocr_par' dir='ltr' id='par_1_18' title="bbox 511 1602 2163 1671">
     <span class='ocr_line' id='line_1_18' title="bbox 511 1602 2163 1671; baseline -0.001 -10"><span class='ocrx_word' id='word_1_104' title='bbox 511 1606 672 1662; x_wconf 89' lang='lat' dir='ltr'><strong>enim</strong></span> <span class='ocrx_word' id='word_1_105' title='bbox 703 1606 1057 1661; x_wconf 88' lang='lat' dir='ltr'><strong>convincam</strong></span> <span class='ocrx_word' id='word_1_106' title='bbox 1086 1608 1140 1660; x_wconf 89' lang='lat' dir='ltr'><strong>te</strong></span> <span class='ocrx_word' id='word_1_107' title='bbox 1167 1603 1387 1660; x_wconf 85' lang='lat' dir='ltr'><strong>frustra</strong></span> <span class='ocrx_word' id='word_1_108' title='bbox 1415 1619 1545 1659; x_wconf 88' lang='lat' dir='ltr'><strong>esse</strong></span> <span class='ocrx_word' id='word_1_109' title='bbox 1575 1602 1867 1671; x_wconf 89' lang='lat' dir='ltr'><strong>inﬂatum,</strong></span> <span class='ocrx_word' id='word_1_110' title='bbox 1910 1608 1969 1660; x_wconf 90' lang='lat' dir='ltr'><strong>et</strong></span> <span class='ocrx_word' id='word_1_111' title='bbox 1995 1604 2163 1670; x_wconf 88' lang='lat' dir='ltr'><strong>deos,</strong></span> 
     </span>
    </p>
   </div>
   <div class='ocr_carea' id='block_1_19' title="bbox 511 1692 2165 1767">
    <p class='ocr_par' dir='ltr' id='par_1_19' title="bbox 511 1692 2165 1767">
     <span class='ocr_line' id='line_1_19' title="bbox 511 1692 2165 1767; baseline -0.001 -17"><span class='ocrx_word' id='word_1_112' title='bbox 511 1709 666 1767; x_wconf 90' lang='lat' dir='ltr'><strong>quos</strong></span> <span class='ocrx_word' id='word_1_113' title='bbox 716 1694 1017 1759; x_wconf 87' lang='lat' dir='ltr'><strong>nominas,</strong></span> <span class='ocrx_word' id='word_1_114' title='bbox 1068 1693 1381 1748; x_wconf 89' lang='lat' dir='ltr'><strong>ostendam</strong></span> <span class='ocrx_word' id='word_1_115' title='bbox 1430 1707 1562 1748; x_wconf 90' lang='lat' dir='ltr'><strong>esse</strong></span> <span class='ocrx_word' id='word_1_116' title='bbox 1604 1692 1887 1749; x_wconf 89' lang='lat' dir='ltr'><strong>humanis</strong></span> <span class='ocrx_word' id='word_1_117' title='bbox 1935 1692 2165 1749; x_wconf 88' lang='lat' dir='ltr'><strong>viribus</strong></span> 
     </span>
    </p>
   </div>
   <div class='ocr_carea' id='block_1_20' title="bbox 2269 536 3883 610">
    <p class='ocr_par' dir='ltr' id='par_1_20' title="bbox 2269 536 3883 610">
     <span class='ocr_line' id='line_1_20' title="bbox 2269 536 3883 610; baseline -0.001 -21"><span class='ocrx_word' id='word_1_118' title='bbox 2269 543 2358 590; x_wconf 84' lang='grc' dir='ltr'>καὶ</span> <span class='ocrx_word' id='word_1_119' title='bbox 2413 542 2506 597; x_wconf 66' lang='grc' dir='ltr'>τὴν</span> <span class='ocrx_word' id='word_1_120' title='bbox 2562 543 2709 597; x_wconf 87' lang='grc' dir='ltr'>νίκην</span> <span class='ocrx_word' id='word_1_121' title='bbox 2773 541 3176 610; x_wconf 75' lang='grc' dir='ltr'>παρεγγυὼσης,</span> <span class='ocrx_word' id='word_1_122' title='bbox 3236 541 3326 589; x_wconf 81' lang='grc' dir='ltr'>καὶ</span> <span class='ocrx_word' id='word_1_123' title='bbox 3401 540 3468 589; x_wconf 82' lang='grc' dir='ltr'>τὰ</span> <span class='ocrx_word' id='word_1_124' title='bbox 3541 536 3745 590; x_wconf 77' lang='grc' dir='ltr'><strong>ἔπαθλα</strong></span> <span class='ocrx_word' id='word_1_125' title='bbox 3783 538 3883 588; x_wconf 80' lang='grc' dir='ltr'><strong>ὐπ-</strong></span> 
     </span>
    </p>
   </div>
   <div class='ocr_carea' id='block_1_21' title="bbox 2271 622 3877 700">
    <p class='ocr_par' dir='ltr' id='par_1_21' title="bbox 2271 622 3877 700">
     <span class='ocr_line' id='line_1_21' title="bbox 2271 622 3877 700; baseline -0.001 -21"><span class='ocrx_word' id='word_1_126' title='bbox 2271 632 2635 700; x_wconf 81' lang='grc' dir='ltr'>ισχνουμένης,</span> <span class='ocrx_word' id='word_1_127' title='bbox 2675 630 2763 679; x_wconf 76' lang='grc' dir='ltr'><strong>καὶ</strong></span> <span class='ocrx_word' id='word_1_128' title='bbox 2816 628 2937 679; x_wconf 85' lang='grc' dir='ltr'>ὅσον</span> <span class='ocrx_word' id='word_1_129' title='bbox 2972 622 3179 678; x_wconf 77' lang='grc' dir='ltr'>οὐδέπω</span> <span class='ocrx_word' id='word_1_130' title='bbox 3212 633 3371 698; x_wconf 87' lang='grc' dir='ltr'>χεῖρα</span> <span class='ocrx_word' id='word_1_131' title='bbox 3421 624 3715 698; x_wconf 70' lang='grc' dir='ltr'><strong>ὀρεγούσης</strong></span> <span class='ocrx_word' id='word_1_132' title='bbox 3752 644 3877 678; x_wconf 84' lang='grc' dir='ltr'>στε-</span> 
     </span>
    </p>
   </div>
   <div class='ocr_carea' id='block_1_22' title="bbox 2270 713 3880 791">
    <p class='ocr_par' dir='ltr' id='par_1_22' title="bbox 2270 713 3880 791">
     <span class='ocr_line' id='line_1_22' title="bbox 2270 713 3880 791; baseline -0.001 -23"><span class='ocrx_word' id='word_1_133' title='bbox 2270 720 2577 791; x_wconf 85' lang='grc' dir='ltr'>φανηφόρον·</span> <span class='ocrx_word' id='word_1_134' title='bbox 2632 721 2722 769; x_wconf 82' lang='grc' dir='ltr'>καὶ</span> <span class='ocrx_word' id='word_1_135' title='bbox 2776 718 2807 774; x_wconf 78' lang='grc' dir='ltr'>ἡ</span> <span class='ocrx_word' id='word_1_136' title='bbox 2854 719 2990 787; x_wconf 80' lang='grc' dir='ltr'>φωνὴ</span> <span class='ocrx_word' id='word_1_137' title='bbox 3043 734 3171 787; x_wconf 87' lang='grc' dir='ltr'>προς</span> <span class='ocrx_word' id='word_1_138' title='bbox 3219 717 3277 767; x_wconf 86' lang='grc' dir='ltr'><strong>τό</strong></span> <span class='ocrx_word' id='word_1_139' title='bbox 3327 713 3671 787; x_wconf 69' lang='grc' dir='ltr'><strong>εὐθυμότερον</strong></span> <span class='ocrx_word' id='word_1_140' title='bbox 3712 715 3880 766; x_wconf 72' lang='grc' dir='ltr'>αὑτοῦ</span> 
     </span>
    </p>
   </div>
   <div class='ocr_carea' id='block_1_23' title="bbox 2269 800 3882 879">
    <p class='ocr_par' dir='ltr' id='par_1_23' title="bbox 2269 800 3882 879">
     <span class='ocr_line' id='line_1_23' title="bbox 2269 800 3882 879; baseline -0.001 -22"><span class='ocrx_word' id='word_1_141' title='bbox 2269 810 2362 863; x_wconf 77' lang='grc' dir='ltr'>τὴν</span> <span class='ocrx_word' id='word_1_142' title='bbox 2414 805 2594 877; x_wconf 75' lang='grc' dir='ltr'>ψυχὴν</span> <span class='ocrx_word' id='word_1_143' title='bbox 2648 804 2951 878; x_wconf 82' lang='grc' dir='ltr'>μεταϐάλλει</span> <span class='ocrx_word' id='word_1_144' title='bbox 3002 809 3091 856; x_wconf 85' lang='grc' dir='ltr'>καὶ</span> <span class='ocrx_word' id='word_1_145' title='bbox 3169 800 3509 879; x_wconf 75' lang='grc' dir='ltr'><strong>φαιδρότερον</strong></span> <span class='ocrx_word' id='word_1_146' title='bbox 3589 800 3882 861; x_wconf 83' lang='grc' dir='ltr'>διατίθησι</span> 
     </span>
    </p>
   </div>
   <div class='ocr_carea' id='block_1_24' title="bbox 2270 889 3880 969">
    <p class='ocr_par' dir='ltr' id='par_1_24' title="bbox 2270 889 3880 969">
     <span class='ocr_line' id='line_1_24' title="bbox 2270 889 3880 969; baseline 0 -24"><span class='ocrx_word' id='word_1_147' title='bbox 2270 902 2361 946; x_wconf 91' lang='grc' dir='ltr'><strong>τοῦ</strong></span> <span class='ocrx_word' id='word_1_148' title='bbox 2399 899 2680 969; x_wconf 81' lang='grc' dir='ltr'><strong>προσώπου</strong></span> <span class='ocrx_word' id='word_1_149' title='bbox 2720 898 2813 951; x_wconf 78' lang='grc' dir='ltr'>τὴν</span> <span class='ocrx_word' id='word_1_150' title='bbox 2854 894 2990 965; x_wconf 82' lang='grc' dir='ltr'>ὥραν</span> <span class='ocrx_word' id='word_1_151' title='bbox 3020 897 3108 944; x_wconf 84' lang='grc' dir='ltr'>καὶ</span> <span class='ocrx_word' id='word_1_152' title='bbox 3156 912 3210 944; x_wconf 90' lang='grc' dir='ltr'><strong>τι</strong></span> <span class='ocrx_word' id='word_1_153' title='bbox 3245 897 3336 945; x_wconf 83' lang='grc' dir='ltr'>καὶ</span> <span class='ocrx_word' id='word_1_154' title='bbox 3374 889 3634 966; x_wconf 76' lang='grc' dir='ltr'><strong>μειδίαμα</strong></span> <span class='ocrx_word' id='word_1_155' title='bbox 3682 898 3880 965; x_wconf 81' lang='grc' dir='ltr'>χαρίεν</span> 
     </span>
    </p>
   </div>
   <div class='ocr_carea' id='block_1_25' title="bbox 2270 978 3883 1055">
    <p class='ocr_par' dir='ltr' id='par_1_25' title="bbox 2270 978 3883 1055">
     <span class='ocr_line' id='line_1_25' title="bbox 2270 978 3883 1055; baseline -0.001 -20"><span class='ocrx_word' id='word_1_156' title='bbox 2270 990 2374 1044; x_wconf 88' lang='grc' dir='ltr'>τοῖς</span> <span class='ocrx_word' id='word_1_157' title='bbox 2429 984 2655 1055; x_wconf 64' lang='grc' dir='ltr'>χεϋεσιν</span> <span class='ocrx_word' id='word_1_158' title='bbox 2704 982 2952 1054; x_wconf 78' lang='grc' dir='ltr'>ἐφιζάνει,</span> <span class='ocrx_word' id='word_1_159' title='bbox 2982 986 3075 1040; x_wconf 86' lang='grc' dir='ltr'>τὴν</span> <span class='ocrx_word' id='word_1_160' title='bbox 3120 978 3265 1034; x_wconf 87' lang='grc' dir='ltr'>ἔνδον</span> <span class='ocrx_word' id='word_1_161' title='bbox 3295 990 3389 1043; x_wconf 79' lang='grc' dir='ltr'>τῆς</span> <span class='ocrx_word' id='word_1_162' title='bbox 3434 978 3661 1055; x_wconf 81' lang='grc' dir='ltr'><strong>καρδίας</strong></span> <span class='ocrx_word' id='word_1_163' title='bbox 3709 981 3883 1054; x_wconf 73' lang='grc' dir='ltr'>γαλή-</span> 
     </span>
    </p>
   </div>
   <div class='ocr_carea' id='block_1_26' title="bbox 2270 1070 3885 1144">
    <p class='ocr_par' dir='ltr' id='par_1_26' title="bbox 2270 1070 3885 1144">
     <span class='ocr_line' id='line_1_26' title="bbox 2270 1070 3885 1144; baseline 0 -22"><span class='ocrx_word' id='word_1_164' title='bbox 2270 1091 2360 1129; x_wconf 93' lang='grc' dir='ltr'><strong>νην</strong></span> <span class='ocrx_word' id='word_1_165' title='bbox 2417 1073 2791 1144; x_wconf 88' lang='grc' dir='ltr'>ύποσημαίνον.</span> <span class='ocrx_word' id='word_1_166' title='bbox 2849 1078 3024 1123; x_wconf 90' lang='grc' dir='ltr'>Ταῦτα</span> <span class='ocrx_word' id='word_1_167' title='bbox 3079 1071 3168 1123; x_wconf 79' lang='grc' dir='ltr'>οὖν</span> <span class='ocrx_word' id='word_1_168' title='bbox 3225 1072 3353 1144; x_wconf 85' lang='grc' dir='ltr'>ὁρῶν</span> <span class='ocrx_word' id='word_1_169' title='bbox 3410 1070 3740 1143; x_wconf 79' lang='grc' dir='ltr'>Μαξιμιανὸς</span> <span class='ocrx_word' id='word_1_170' title='bbox 3802 1071 3885 1133; x_wconf 80' lang='grc' dir='ltr'><strong>ἐξ·</strong></span> 
     </span>
    </p>
   </div>
   <div class='ocr_carea' id='block_1_27' title="bbox 2270 1159 3884 1234">
    <p class='ocr_par' dir='ltr' id='par_1_27' title="bbox 2270 1159 3884 1234">
     <span class='ocr_line' id='line_1_27' title="bbox 2270 1159 3884 1234; baseline -0.002 -21"><span class='ocrx_word' id='word_1_171' title='bbox 2270 1162 2542 1219; x_wconf 71' lang='grc' dir='ltr'>επὶόττετο</span> <span class='ocrx_word' id='word_1_172' title='bbox 2607 1164 2696 1233; x_wconf 72' lang='grc' dir='ltr'>μὲν</span> <span class='ocrx_word' id='word_1_173' title='bbox 2750 1162 2923 1233; x_wconf 83' lang='grc' dir='ltr'>ὥσπερ</span> <span class='ocrx_word' id='word_1_174' title='bbox 2982 1160 3118 1223; x_wconf 81' lang='grc' dir='ltr'>εἰκὸς</span> <span class='ocrx_word' id='word_1_175' title='bbox 3176 1161 3252 1230; x_wconf 86' lang='grc' dir='ltr'>(τί</span> <span class='ocrx_word' id='word_1_176' title='bbox 3288 1162 3390 1234; x_wconf 81' lang='grc' dir='ltr'><strong>γὰρ</strong></span> <span class='ocrx_word' id='word_1_177' title='bbox 3430 1159 3523 1212; x_wconf 81' lang='grc' dir='ltr'><strong>οὐκ</strong></span> <span class='ocrx_word' id='word_1_178' title='bbox 3570 1159 3774 1231; x_wconf 85' lang='grc' dir='ltr'>ἔμελλεν</span> <span class='ocrx_word' id='word_1_179' title='bbox 3814 1163 3884 1230; x_wconf 87' lang='grc'><strong>;)</strong></span> 
     </span>
    </p>
   </div>
   <div class='ocr_carea' id='block_1_28' title="bbox 2272 1245 3885 1324">
    <p class='ocr_par' dir='ltr' id='par_1_28' title="bbox 2272 1245 3885 1324">
     <span class='ocr_line' id='line_1_28' title="bbox 2272 1245 3885 1324; baseline -0.001 -23"><span class='ocrx_word' id='word_1_180' title='bbox 2272 1246 2484 1324; x_wconf 81' lang='grc' dir='ltr'><strong>διέσυρε</strong></span> <span class='ocrx_word' id='word_1_181' title='bbox 2535 1245 2594 1302; x_wconf 68' lang='grc' dir='ltr'>δὲ</span> <span class='ocrx_word' id='word_1_182' title='bbox 2647 1250 2786 1321; x_wconf 87' lang='grc' dir='ltr'>ὅμως</span> <span class='ocrx_word' id='word_1_183' title='bbox 2823 1251 2880 1300; x_wconf 90' lang='grc' dir='ltr'>τὸ</span> <span class='ocrx_word' id='word_1_184' title='bbox 2918 1254 3133 1322; x_wconf 87' lang='grc' dir='ltr'>πρᾶγμα</span> <span class='ocrx_word' id='word_1_185' title='bbox 3167 1252 3256 1301; x_wconf 80' lang='grc' dir='ltr'>καὶ</span> <span class='ocrx_word' id='word_1_186' title='bbox 3284 1256 3526 1320; x_wconf 73' lang='grc' dir='ltr'><strong>γοητείαν</strong></span> <span class='ocrx_word' id='word_1_187' title='bbox 3574 1248 3745 1301; x_wconf 74' lang='grc' dir='ltr'>ἐκάλει</span> <span class='ocrx_word' id='word_1_188' title='bbox 3786 1253 3885 1299; x_wconf 86' lang='grc' dir='ltr'>καὶ</span> 
     </span>
    </p>
   </div>
   <div class='ocr_carea' id='block_1_29' title="bbox 2269 1334 3884 1411">
    <p class='ocr_par' dir='ltr' id='par_1_29' title="bbox 2269 1334 3884 1411">
     <span class='ocr_line' id='line_1_29' title="bbox 2269 1334 3884 1411; baseline -0.002 -21"><span class='ocrx_word' id='word_1_189' title='bbox 2269 1341 2363 1395; x_wconf 77' lang='grc' dir='ltr'>τὴν</span> <span class='ocrx_word' id='word_1_190' title='bbox 2421 1338 2589 1390; x_wconf 82' lang='grc' dir='ltr'>αἰτίαν</span> <span class='ocrx_word' id='word_1_191' title='bbox 2628 1339 2952 1391; x_wconf 73' lang='grc' dir='ltr'>ἐπυνθάνετο.</span> <span class='ocrx_word' id='word_1_192' title='bbox 2993 1337 3052 1390; x_wconf 82' lang='grc' dir='ltr'><strong>Ὀ</strong></span> <span class='ocrx_word' id='word_1_193' title='bbox 3104 1334 3163 1390; x_wconf 75' lang='grc' dir='ltr'><strong>δε</strong></span> <span class='ocrx_word' id='word_1_194' title='bbox 3218 1334 3436 1399; x_wconf 89' lang='grc' dir='ltr'>δίκαιος·</span> <span class='ocrx_word' id='word_1_195' title='bbox 3495 1339 3721 1411; x_wconf 84' lang='grc' dir='ltr'>Χρηστά</span> <span class='ocrx_word' id='word_1_196' title='bbox 3759 1356 3884 1408; x_wconf 80' lang='grc' dir='ltr'>μοι,</span> 
     </span>
    </p>
   </div>
   <div class='ocr_carea' id='block_1_30' title="bbox 2271 1421 3890 1501">
    <p class='ocr_par' dir='ltr' id='par_1_30' title="bbox 2271 1421 3890 1501">
     <span class='ocr_line' id='line_1_30' title="bbox 2271 1421 3890 1501; baseline -0.001 -22"><span class='ocrx_word' id='word_1_197' title='bbox 2271 1429 2385 1500; x_wconf 75' lang='grc' dir='ltr'>ἔφη,</span> <span class='ocrx_word' id='word_1_198' title='bbox 2418 1432 2671 1499; x_wconf 86' lang='grc' dir='ltr'>προοίμια</span> <span class='ocrx_word' id='word_1_199' title='bbox 2710 1429 2778 1479; x_wconf 84' lang='grc' dir='ltr'>τὰ</span> <span class='ocrx_word' id='word_1_200' title='bbox 2815 1430 3066 1501; x_wconf 78' lang='grc' dir='ltr'>παρόντα,</span> <span class='ocrx_word' id='word_1_201' title='bbox 3122 1423 3162 1476; x_wconf 84' lang='grc' dir='ltr'>ὦ</span> <span class='ocrx_word' id='word_1_202' title='bbox 3205 1425 3444 1499; x_wconf 79' lang='grc' dir='ltr'><strong>βασιλεῦ⁹</strong></span> <span class='ocrx_word' id='word_1_203' title='bbox 3492 1431 3582 1478; x_wconf 83' lang='grc' dir='ltr'>καὶ</span> <span class='ocrx_word' id='word_1_204' title='bbox 3633 1421 3890 1495; x_wconf 71' lang='grc' dir='ltr'>ἀψευδὴς</span> 
     </span>
    </p>
   </div>
   <div class='ocr_carea' id='block_1_31' title="bbox 2272 1511 3889 1587">
    <p class='ocr_par' dir='ltr' id='par_1_31' title="bbox 2272 1511 3889 1587">
     <span class='ocr_line' id='line_1_31' title="bbox 2272 1511 3889 1587; baseline -0.003 -19"><span class='ocrx_word' id='word_1_205' title='bbox 2272 1524 2370 1568; x_wconf 86' lang='grc' dir='ltr'>τῶν</span> <span class='ocrx_word' id='word_1_206' title='bbox 2445 1515 2725 1587; x_wconf 83' lang='grc' dir='ltr'>μελλόντων</span> <span class='ocrx_word' id='word_1_207' title='bbox 2780 1514 3078 1586; x_wconf 75' lang='grc' dir='ltr'>ἐπαγγελία·</span> <span class='ocrx_word' id='word_1_208' title='bbox 3138 1511 3384 1586; x_wconf 80' lang='grc' dir='ltr'>διελέγξω</span> <span class='ocrx_word' id='word_1_209' title='bbox 3425 1517 3527 1587; x_wconf 84' lang='grc' dir='ltr'><strong>γάρ</strong></span> <span class='ocrx_word' id='word_1_210' title='bbox 3588 1533 3646 1567; x_wconf 91' lang='grc' dir='ltr'><strong>σε</strong></span> <span class='ocrx_word' id='word_1_211' title='bbox 3703 1516 3889 1586; x_wconf 83' lang='grc' dir='ltr'>μάτην</span> 
     </span>
    </p>
   </div>
   <div class='ocr_carea' id='block_1_32' title="bbox 2274 1603 3892 1678">
    <p class='ocr_par' dir='ltr' id='par_1_32' title="bbox 2274 1603 3892 1678">
     <span class='ocr_line' id='line_1_32' title="bbox 2274 1603 3892 1678; baseline 0 -23"><span class='ocrx_word' id='word_1_212' title='bbox 2274 1603 2657 1676; x_wconf 85' lang='grc' dir='ltr'>ἀναφυσόμενον</span> <span class='ocrx_word' id='word_1_213' title='bbox 2713 1604 2807 1657; x_wconf 82' lang='grc' dir='ltr'><strong>οῦκ</strong></span> <span class='ocrx_word' id='word_1_214' title='bbox 2862 1604 2936 1665; x_wconf 81' lang='grc' dir='ltr'>εἰς</span> <span class='ocrx_word' id='word_1_215' title='bbox 2993 1606 3197 1678; x_wconf 80' lang='grc' dir='ltr'>μακρὰν</span> <span class='ocrx_word' id='word_1_216' title='bbox 3253 1608 3344 1656; x_wconf 87' lang='grc' dir='ltr'>καὶ</span> <span class='ocrx_word' id='word_1_217' title='bbox 3397 1605 3563 1667; x_wconf 85' lang='grc' dir='ltr'>θεοὺς,</span> <span class='ocrx_word' id='word_1_218' title='bbox 3622 1604 3709 1663; x_wconf 85' lang='grc' dir='ltr'><strong>οῦς</strong></span> <span class='ocrx_word' id='word_1_219' title='bbox 3768 1603 3892 1655; x_wconf 83' lang='grc' dir='ltr'><strong>ὀνο-</strong></span> 
     </span>
    </p>
   </div>
   <div class='ocr_carea' id='block_1_33' title="bbox 2274 1689 3888 1765">
    <p class='ocr_par' dir='ltr' id='par_1_33' title="bbox 2274 1689 3888 1765">
     <span class='ocr_line' id='line_1_33' title="bbox 2274 1689 3888 1765; baseline -0.002 -20"><span class='ocrx_word' id='word_1_220' title='bbox 2274 1694 2478 1765; x_wconf 80' lang='grc' dir='ltr'>μάζεις,</span> <span class='ocrx_word' id='word_1_221' title='bbox 2532 1692 2926 1765; x_wconf 81' lang='grc' dir='ltr'>ἀσθενεστέρους</span> <span class='ocrx_word' id='word_1_222' title='bbox 2992 1692 3162 1763; x_wconf 87' lang='grc' dir='ltr'>πολλῷ</span> <span class='ocrx_word' id='word_1_223' title='bbox 3217 1689 3487 1765; x_wconf 87' lang='grc' dir='ltr'>δυνάμεως</span> <span class='ocrx_word' id='word_1_224' title='bbox 3547 1692 3888 1764; x_wconf 81' lang='grc' dir='ltr'>ἀνθρωπίνης</span> 
     </span>
    </p>
   </div>
   <div class='ocr_carea' id='block_1_34' title="bbox 508 1778 2160 1854">
    <p class='ocr_par' dir='ltr' id='par_1_34' title="bbox 508 1780 2160 1854">
     <span class='ocr_line' id='line_1_34' title="bbox 508 1780 2160 1854; baseline -0.002 -15"><span class='ocrx_word' id='word_1_225' title='bbox 508 1782 686 1852; x_wconf 89' lang='lat' dir='ltr'><strong>longe</strong></span> <span class='ocrx_word' id='word_1_226' title='bbox 706 1780 1140 1845; x_wconf 88' lang='lat' dir='ltr'><strong>imbecilliores,</strong></span> <span class='ocrx_word' id='word_1_227' title='bbox 1159 1780 1311 1837; x_wconf 90' lang='lat' dir='ltr'><strong>adeo</strong></span> <span class='ocrx_word' id='word_1_228' title='bbox 1335 1785 1399 1835; x_wconf 90' lang='lat' dir='ltr'><strong>ut</strong></span> <span class='ocrx_word' id='word_1_229' title='bbox 1418 1786 1471 1837; x_wconf 92' lang='lat' dir='ltr'><strong>te</strong></span> <span class='ocrx_word' id='word_1_230' title='bbox 1491 1782 1565 1837; x_wconf 91' lang='lat' dir='ltr'><strong>sit</strong></span> <span class='ocrx_word' id='word_1_231' title='bbox 1585 1780 1854 1838; x_wconf 86' lang='lat' dir='ltr'><strong>subitura</strong></span> <span class='ocrx_word' id='word_1_232' title='bbox 1877 1781 2160 1854; x_wconf 65' lang='lat' dir='ltr'><strong>paeniten-</strong></span> 
     </span>
    </p>
   </div>
   <div class='ocr_carea' id='block_1_35' title="bbox 2269 1778 3884 1854">
    <p class='ocr_par' dir='ltr' id='par_1_35' title="bbox 2274 1778 3884 1854">
     <span class='ocr_line' id='line_1_35' title="bbox 2274 1778 3884 1854; baseline -0.001 -20"><span class='ocrx_word' id='word_1_233' title='bbox 2274 1787 2363 1834; x_wconf 86' lang='grc' dir='ltr'>καὶ</span> <span class='ocrx_word' id='word_1_234' title='bbox 2405 1782 2590 1843; x_wconf 71' lang='grc' dir='ltr'>αὐτοὺς</span> <span class='ocrx_word' id='word_1_235' title='bbox 2636 1778 2897 1846; x_wconf 75' lang='grc' dir='ltr'>ἐπιδείξω,</span> <span class='ocrx_word' id='word_1_236' title='bbox 2940 1784 3007 1844; x_wconf 89' lang='grc' dir='ltr'>ὡς</span> <span class='ocrx_word' id='word_1_237' title='bbox 3059 1781 3415 1853; x_wconf 83' lang='grc' dir='ltr'>μεταμελῆσαί</span> <span class='ocrx_word' id='word_1_238' title='bbox 3468 1800 3553 1834; x_wconf 89' lang='grc' dir='ltr'><strong>σοι</strong></span> <span class='ocrx_word' id='word_1_239' title='bbox 3599 1790 3692 1842; x_wconf 81' lang='grc' dir='ltr'>τῆς</span> <span class='ocrx_word' id='word_1_240' title='bbox 3754 1782 3884 1854; x_wconf 84' lang='grc' dir='ltr'>παρ’</span> 
     </span>
    </p>
   </div>
   <div class='ocr_carea' id='block_1_36' title="bbox 510 1868 2165 1943">
    <p class='ocr_par' dir='ltr' id='par_1_36' title="bbox 510 1868 2165 1943">
     <span class='ocr_line' id='line_1_36' title="bbox 510 1868 2165 1943; baseline 0 -17"><span class='ocrx_word' id='word_1_241' title='bbox 510 1871 610 1935; x_wconf 89' lang='lat' dir='ltr'><strong>tia,</strong></span> <span class='ocrx_word' id='word_1_242' title='bbox 629 1870 793 1942; x_wconf 92' lang='lat' dir='ltr'><strong>quod</strong></span> <span class='ocrx_word' id='word_1_243' title='bbox 808 1869 923 1925; x_wconf 90' lang='lat' dir='ltr'><strong>mei</strong></span> <span class='ocrx_word' id='word_1_244' title='bbox 939 1869 1141 1925; x_wconf 87' lang='lat' dir='ltr'><strong>feceris</strong></span> <span class='ocrx_word' id='word_1_245' title='bbox 1154 1868 1484 1941; x_wconf 86' lang='lat' dir='ltr'><strong>periculum</strong></span> <span class='ocrx_word' id='word_1_246' title='bbox 1503 1887 1515 1927; x_wconf 93' lang='lat'>:</span> <span class='ocrx_word' id='word_1_247' title='bbox 1543 1870 1779 1943; x_wconf 89' lang='lat' dir='ltr'><strong>etquod</strong></span> <span class='ocrx_word' id='word_1_248' title='bbox 1803 1886 1924 1926; x_wconf 94' lang='lat' dir='ltr'><strong>non</strong></span> <span class='ocrx_word' id='word_1_249' title='bbox 1942 1886 1977 1926; x_wconf 91' lang='lat' dir='ltr'><strong>a</strong></span> <span class='ocrx_word' id='word_1_250' title='bbox 1991 1871 2165 1926; x_wconf 91' lang='lat' dir='ltr'><strong>nobis</strong></span> 
     </span>
    </p>
   </div>
   <div class='ocr_carea' id='block_1_37' title="bbox 510 1958 2162 2030">
    <p class='ocr_par' dir='ltr' id='par_1_37' title="bbox 510 1958 2162 2030">
     <span class='ocr_line' id='line_1_37' title="bbox 510 1958 2162 2030; baseline 0 -15"><span class='ocrx_word' id='word_1_251' title='bbox 510 1960 683 2015; x_wconf 88' lang='lat' dir='ltr'><strong>citius</strong></span> <span class='ocrx_word' id='word_1_252' title='bbox 698 1960 1030 2024; x_wconf 85' lang='lat' dir='ltr'><strong>recesseris,</strong></span> <span class='ocrx_word' id='word_1_253' title='bbox 1055 1973 1176 2014; x_wconf 91' lang='lat' dir='ltr'><strong>non</strong></span> <span class='ocrx_word' id='word_1_254' title='bbox 1199 1959 1327 2014; x_wconf 88' lang='lat' dir='ltr'><strong>leve</strong></span> <span class='ocrx_word' id='word_1_255' title='bbox 1348 1958 1428 2013; x_wconf 90' lang='lat' dir='ltr'><strong>sis</strong></span> <span class='ocrx_word' id='word_1_256' title='bbox 1452 1959 1744 2015; x_wconf 89' lang='lat' dir='ltr'><strong>damnum</strong></span> <span class='ocrx_word' id='word_1_257' title='bbox 1770 1960 2162 2030; x_wconf 88' lang='lat' dir='ltr'><strong>judicaturus.</strong></span> 
     </span>
    </p>
   </div>
   <div class='ocr_carea' id='block_1_38' title="bbox 581 2047 2166 2114">
    <p class='ocr_par' dir='ltr' id='par_1_38' title="bbox 581 2047 2166 2114">
     <span class='ocr_line' id='line_1_38' title="bbox 581 2047 2166 2114; baseline -0.001 -10"><span class='ocrx_word' id='word_1_258' title='bbox 581 2047 711 2104; x_wconf 85' lang='lat' dir='ltr'><strong>Vlll.</strong></span> <span class='ocrx_word' id='word_1_259' title='bbox 766 2047 860 2103; x_wconf 86' lang='lat' dir='ltr'><strong>His</strong></span> <span class='ocrx_word' id='word_1_260' title='bbox 926 2047 1302 2103; x_wconf 89' lang='lat' dir='ltr'><strong>vehementer</strong></span> <span class='ocrx_word' id='word_1_261' title='bbox 1352 2052 1691 2104; x_wconf 90' lang='lat' dir='ltr'><strong>commotus</strong></span> <span class='ocrx_word' id='word_1_262' title='bbox 1750 2049 2166 2114; x_wconf 86' lang='lat' dir='ltr'><strong>Maximianus,</strong></span> 
     </span>
    </p>
   </div>
   <div class='ocr_carea' id='block_1_39' title="bbox 504 2135 2165 2211">
    <p class='ocr_par' dir='ltr' id='par_1_39' title="bbox 504 2135 2165 2211">
     <span class='ocr_line' id='line_1_39' title="bbox 504 2135 2165 2211; baseline 0 -18"><span class='ocrx_word' id='word_1_263' title='bbox 504 2136 1166 2211; x_wconf 72' lang='lat' dir='ltr'><strong>jubetmartyremrotaa</strong></span> <span class='ocrx_word' id='word_1_264' title='bbox 1186 2135 1514 2205; x_wconf 90' lang='lat' dir='ltr'><strong>alligatum,</strong></span> <span class='ocrx_word' id='word_1_265' title='bbox 1536 2137 1905 2193; x_wconf 89' lang='lat' dir='ltr'><strong>continenter</strong></span> <span class='ocrx_word' id='word_1_266' title='bbox 1920 2137 2165 2210; x_wconf 88' lang='lat' dir='ltr'><strong>quidem</strong></span> 
     </span>
    </p>
   </div>
   <div class='ocr_carea' id='block_1_40' title="bbox 510 2223 2166 2297">
    <p class='ocr_par' dir='ltr' id='par_1_40' title="bbox 510 2223 2166 2297">
     <span class='ocr_line' id='line_1_40' title="bbox 510 2223 2166 2297; baseline 0.001 -16"><span class='ocrx_word' id='word_1_267' title='bbox 510 2224 572 2281; x_wconf 92' lang='lat' dir='ltr'><strong>in</strong></span> <span class='ocrx_word' id='word_1_268' title='bbox 595 2230 725 2281; x_wconf 88' lang='lat' dir='ltr'><strong>rota</strong></span> <span class='ocrx_word' id='word_1_269' title='bbox 742 2223 985 2291; x_wconf 85' lang='lat' dir='ltr'><strong>versari,</strong></span> <span class='ocrx_word' id='word_1_270' title='bbox 1005 2224 1159 2293; x_wconf 92' lang='lat' dir='ltr'><strong>ignis</strong></span> <span class='ocrx_word' id='word_1_271' title='bbox 1180 2229 1382 2280; x_wconf 86' lang='lat' dir='ltr'><strong>autem</strong></span> <span class='ocrx_word' id='word_1_272' title='bbox 1405 2225 1791 2296; x_wconf 90' lang='lat' dir='ltr'><strong>lampadibus</strong></span> <span class='ocrx_word' id='word_1_273' title='bbox 1808 2227 1936 2297; x_wconf 91' lang='lat' dir='ltr'><strong>ejus</strong></span> <span class='ocrx_word' id='word_1_274' title='bbox 1956 2243 2166 2283; x_wconf 89' lang='lat' dir='ltr'><strong>carnes</strong></span> 
     </span>
    </p>
   </div>
   <div class='ocr_carea' id='block_1_41' title="bbox 509 2313 2165 2388">
    <p class='ocr_par' dir='ltr' id='par_1_41' title="bbox 509 2313 2165 2388">
     <span class='ocr_line' id='line_1_41' title="bbox 509 2313 2165 2388; baseline 0.002 -18"><span class='ocrx_word' id='word_1_275' title='bbox 509 2314 785 2370; x_wconf 89' lang='lat' dir='ltr'><strong>consumi</strong></span> <span class='ocrx_word' id='word_1_276' title='bbox 815 2319 870 2369; x_wconf 89' lang='lat' dir='ltr'><strong>et</strong></span> <span class='ocrx_word' id='word_1_277' title='bbox 898 2313 1170 2385; x_wconf 90' lang='lat' dir='ltr'><strong>eliquari.</strong></span> <span class='ocrx_word' id='word_1_278' title='bbox 1211 2316 1401 2385; x_wconf 82' lang='lat' dir='ltr'><strong>Atque</strong></span> <span class='ocrx_word' id='word_1_279' title='bbox 1430 2314 1782 2371; x_wconf 84' lang='lat' dir='ltr'><strong>Maximiano</strong></span> <span class='ocrx_word' id='word_1_280' title='bbox 1820 2316 2060 2388; x_wconf 88' lang='lat' dir='ltr'><strong>quidem</strong></span> <span class='ocrx_word' id='word_1_281' title='bbox 2087 2316 2165 2373; x_wconf 89' lang='lat' dir='ltr'><strong>ad</strong></span> 
     </span>
    </p>
   </div>
   <div class='ocr_carea' id='block_1_42' title="bbox 510 2400 2165 2476">
    <p class='ocr_par' dir='ltr' id='par_1_42' title="bbox 510 2400 2165 2476">
     <span class='ocr_line' id='line_1_42' title="bbox 510 2400 2165 2476; baseline 0.002 -18"><span class='ocrx_word' id='word_1_282' title='bbox 510 2402 784 2458; x_wconf 82' lang='lat' dir='ltr'><strong>eﬂectum</strong></span> <span class='ocrx_word' id='word_1_283' title='bbox 816 2401 1010 2457; x_wconf 88' lang='lat' dir='ltr'><strong>statim</strong></span> <span class='ocrx_word' id='word_1_284' title='bbox 1034 2400 1326 2457; x_wconf 92' lang='lat' dir='ltr'><strong>deductus</strong></span> <span class='ocrx_word' id='word_1_285' title='bbox 1353 2401 1461 2457; x_wconf 90' lang='lat' dir='ltr'><strong>fuit</strong></span> <span class='ocrx_word' id='word_1_286' title='bbox 1483 2402 1690 2473; x_wconf 90' lang='lat' dir='ltr'><strong>jussus</strong></span> <span class='ocrx_word' id='word_1_287' title='bbox 1723 2420 1736 2458; x_wconf 90' lang='lat'>:</span> <span class='ocrx_word' id='word_1_288' title='bbox 1770 2408 1826 2459; x_wconf 91' lang='lat' dir='ltr'><strong>et</strong></span> <span class='ocrx_word' id='word_1_289' title='bbox 1850 2403 2165 2476; x_wconf 90' lang='lat' dir='ltr'><strong>lampades</strong></span> 
     </span>
    </p>
   </div>
   <div class='ocr_carea' id='block_1_43' title="bbox 512 2489 2166 2566">
    <p class='ocr_par' dir='ltr' id='par_1_43' title="bbox 512 2489 2166 2566">
     <span class='ocr_line' id='line_1_43' title="bbox 512 2489 2166 2566; baseline 0.001 -20"><span class='ocrx_word' id='word_1_290' title='bbox 512 2491 573 2547; x_wconf 94' lang='lat' dir='ltr'><strong>in</strong></span> <span class='ocrx_word' id='word_1_291' title='bbox 594 2506 781 2546; x_wconf 88' lang='lat' dir='ltr'><strong>manu</strong></span> <span class='ocrx_word' id='word_1_292' title='bbox 804 2489 1091 2546; x_wconf 86' lang='lat' dir='ltr'><strong>habentes</strong></span> <span class='ocrx_word' id='word_1_293' title='bbox 1118 2489 1375 2557; x_wconf 89' lang='lat' dir='ltr'><strong>lictores,</strong></span> <span class='ocrx_word' id='word_1_294' title='bbox 1421 2497 1798 2548; x_wconf 90' lang='lat' dir='ltr'><strong>accesserunt</strong></span> <span class='ocrx_word' id='word_1_295' title='bbox 1836 2493 1915 2548; x_wconf 89' lang='lat' dir='ltr'><strong>ad</strong></span> <span class='ocrx_word' id='word_1_296' title='bbox 1945 2498 2166 2566; x_wconf 86' lang='lat' dir='ltr'><strong>marty-</strong></span> 
     </span>
    </p>
   </div>
   <div class='ocr_carea' id='block_1_44' title="bbox 508 2579 2163 2652">
    <p class='ocr_par' dir='ltr' id='par_1_44' title="bbox 508 2579 2163 2652">
     <span class='ocr_line' id='line_1_44' title="bbox 508 2579 2163 2652; baseline 0.001 -17"><span class='ocrx_word' id='word_1_297' title='bbox 508 2594 634 2635; x_wconf 91' lang='lat' dir='ltr'><strong>rem</strong></span> <span class='ocrx_word' id='word_1_298' title='bbox 685 2579 941 2651; x_wconf 87' lang='lat' dir='ltr'><strong>quierat</strong></span> <span class='ocrx_word' id='word_1_299' title='bbox 978 2582 1254 2634; x_wconf 83' lang='lat' dir='ltr'><strong>extensus</strong></span> <span class='ocrx_word' id='word_1_300' title='bbox 1302 2579 1362 2634; x_wconf 93' lang='lat' dir='ltr'><strong>in</strong></span> <span class='ocrx_word' id='word_1_301' title='bbox 1406 2584 1554 2646; x_wconf 90' lang='lat' dir='ltr'><strong>rota,</strong></span> <span class='ocrx_word' id='word_1_302' title='bbox 1611 2580 1812 2650; x_wconf 82' lang='lat' dir='ltr'><strong>ignem</strong></span> <span class='ocrx_word' id='word_1_303' title='bbox 1866 2581 2163 2652; x_wconf 87' lang='lat' dir='ltr'><strong>spirantes</strong></span> 
     </span>
    </p>
   </div>
   <div class='ocr_carea' id='block_1_45' title="bbox 510 2665 2163 2737">
    <p class='ocr_par' dir='ltr' id='par_1_45' title="bbox 510 2665 2163 2737">
     <span class='ocr_line' id='line_1_45' title="bbox 510 2665 2163 2737; baseline 0.001 -15"><span class='ocrx_word' id='word_1_304' title='bbox 510 2666 712 2736; x_wconf 82' lang='lat' dir='ltr'><strong>ignem</strong></span> <span class='ocrx_word' id='word_1_305' title='bbox 749 2665 1036 2730; x_wconf 88' lang='lat' dir='ltr'><strong>videntes,</strong></span> <span class='ocrx_word' id='word_1_306' title='bbox 1079 2666 1273 2737; x_wconf 84' lang='lat' dir='ltr'><strong>ignem</strong></span> <span class='ocrx_word' id='word_1_307' title='bbox 1313 2666 1615 2723; x_wconf 87' lang='lat' dir='ltr'><strong>ferentes:</strong></span> <span class='ocrx_word' id='word_1_308' title='bbox 1668 2668 1882 2724; x_wconf 91' lang='lat' dir='ltr'><strong>animis</strong></span> <span class='ocrx_word' id='word_1_309' title='bbox 1912 2669 1972 2724; x_wconf 92' lang='lat' dir='ltr'><strong>in</strong></span> <span class='ocrx_word' id='word_1_310' title='bbox 2026 2685 2163 2725; x_wconf 92' lang='lat' dir='ltr'><strong>eum</strong></span> 
     </span>
    </p>
   </div>
   <div class='ocr_carea' id='block_1_46' title="bbox 508 2753 2162 2829">
    <p class='ocr_par' dir='ltr' id='par_1_46' title="bbox 508 2753 2162 2829">
     <span class='ocr_line' id='line_1_46' title="bbox 508 2753 2162 2829; baseline 0.002 -19"><span class='ocrx_word' id='word_1_311' title='bbox 508 2754 821 2811; x_wconf 89' lang='lat' dir='ltr'><strong>ﬂammam</strong></span> <span class='ocrx_word' id='word_1_312' title='bbox 861 2754 1157 2825; x_wconf 88' lang='lat' dir='ltr'><strong>spirantes</strong></span> <span class='ocrx_word' id='word_1_313' title='bbox 1188 2753 1529 2821; x_wconf 87' lang='lat' dir='ltr'><strong>ferventius,</strong></span> <span class='ocrx_word' id='word_1_314' title='bbox 1562 2772 1746 2827; x_wconf 90' lang='lat' dir='ltr'><strong>quam</strong></span> <span class='ocrx_word' id='word_1_315' title='bbox 1778 2758 1951 2826; x_wconf 88' lang='lat' dir='ltr'><strong>ignis,</strong></span> <span class='ocrx_word' id='word_1_316' title='bbox 1980 2773 2162 2829; x_wconf 91' lang='lat' dir='ltr'><strong>quem</strong></span> 
     </span>
    </p>
   </div>
   <div class='ocr_carea' id='block_1_47' title="bbox 511 2841 2159 2915">
    <p class='ocr_par' dir='ltr' id='par_1_47' title="bbox 511 2841 2159 2915">
     <span class='ocr_line' id='line_1_47' title="bbox 511 2841 2159 2915; baseline 0.001 -15"><span class='ocrx_word' id='word_1_317' title='bbox 511 2843 811 2900; x_wconf 89' lang='lat' dir='ltr'><strong>habebant</strong></span> <span class='ocrx_word' id='word_1_318' title='bbox 834 2843 895 2897; x_wconf 93' lang='lat' dir='ltr'><strong>in</strong></span> <span class='ocrx_word' id='word_1_319' title='bbox 912 2841 1211 2908; x_wconf 87' lang='lat' dir='ltr'><strong>manibus,</strong></span> <span class='ocrx_word' id='word_1_320' title='bbox 1248 2859 1314 2898; x_wconf 90' lang='lat' dir='ltr'><strong>ac</strong></span> <span class='ocrx_word' id='word_1_321' title='bbox 1331 2843 1769 2915; x_wconf 91' lang='lat' dir='ltr'><strong>propemodum</strong></span> <span class='ocrx_word' id='word_1_322' title='bbox 1785 2844 2159 2913; x_wconf 87' lang='lat' dir='ltr'><strong>arbitrantes,</strong></span> 
     </span>
    </p>
   </div>
   <div class='ocr_carea' id='block_1_48' title="bbox 512 2930 2160 2992">
    <p class='ocr_par' dir='ltr' id='par_1_48' title="bbox 512 2930 2160 2992">
     <span class='ocr_line' id='line_1_48' title="bbox 512 2930 2160 2992; baseline 0.002 -4"><span class='ocrx_word' id='word_1_323' title='bbox 512 2948 575 2988; x_wconf 90' lang='lat' dir='ltr'><strong>se</strong></span> <span class='ocrx_word' id='word_1_324' title='bbox 597 2931 879 2988; x_wconf 89' lang='lat' dir='ltr'><strong>athletam</strong></span> <span class='ocrx_word' id='word_1_325' title='bbox 908 2930 1169 2987; x_wconf 87' lang='lat' dir='ltr'><strong>facturos</strong></span> <span class='ocrx_word' id='word_1_326' title='bbox 1200 2947 1330 2988; x_wconf 89' lang='lat' dir='ltr'><strong>esse</strong></span> <span class='ocrx_word' id='word_1_327' title='bbox 1359 2937 1552 2989; x_wconf 88' lang='lat' dir='ltr'><strong>totum</strong></span> <span class='ocrx_word' id='word_1_328' title='bbox 1578 2932 1951 2990; x_wconf 89' lang='lat' dir='ltr'><strong>ﬂammeum.</strong></span> <span class='ocrx_word' id='word_1_329' title='bbox 1989 2934 2160 2992; x_wconf 92' lang='lat' dir='ltr'><strong>Post-</strong></span> 
     </span>
    </p>
   </div>
   <div class='ocr_carea' id='block_1_49' title="bbox 511 3020 2162 3095">
    <p class='ocr_par' dir='ltr' id='par_1_49' title="bbox 511 3020 2162 3095">
     <span class='ocr_line' id='line_1_49' title="bbox 511 3020 2162 3095; baseline 0.004 -19"><span class='ocrx_word' id='word_1_330' title='bbox 511 3036 699 3093; x_wconf 91' lang='lat' dir='ltr'><strong>quam</strong></span> <span class='ocrx_word' id='word_1_331' title='bbox 721 3024 916 3075; x_wconf 89' lang='lat' dir='ltr'><strong>autem</strong></span> <span class='ocrx_word' id='word_1_332' title='bbox 943 3020 1069 3091; x_wconf 89' lang='lat' dir='ltr'><strong>jam</strong></span> <span class='ocrx_word' id='word_1_333' title='bbox 1098 3026 1387 3076; x_wconf 88' lang='lat' dir='ltr'><strong>venerunt</strong></span> <span class='ocrx_word' id='word_1_334' title='bbox 1414 3037 1602 3094; x_wconf 90' lang='lat' dir='ltr'><strong>prope</strong></span> <span class='ocrx_word' id='word_1_335' title='bbox 1633 3028 1846 3089; x_wconf 88' lang='lat' dir='ltr'><strong>rotam,</strong></span> <span class='ocrx_word' id='word_1_336' title='bbox 1875 3028 1937 3095; x_wconf 91' lang='grc' dir='ltr'><strong>(ο</strong></span> <span class='ocrx_word' id='word_1_337' title='bbox 1966 3026 2162 3082; x_wconf 90' lang='lat' dir='ltr'><strong>admi-</strong></span> 
     </span>
    </p>
   </div>
   <div class='ocr_carea' id='block_1_50' title="bbox 511 3108 2160 3186">
    <p class='ocr_par' dir='ltr' id='par_1_50' title="bbox 511 3108 2160 3186">
     <span class='ocr_line' id='line_1_50' title="bbox 511 3108 2160 3186; baseline 0.004 -21"><span class='ocrx_word' id='word_1_338' title='bbox 511 3108 762 3165; x_wconf 90' lang='lat' dir='ltr'><strong>rabilem</strong></span> <span class='ocrx_word' id='word_1_339' title='bbox 810 3113 995 3174; x_wconf 90' lang='lat' dir='ltr'><strong>tuam,</strong></span> <span class='ocrx_word' id='word_1_340' title='bbox 1028 3124 1064 3164; x_wconf 90' lang='grc' dir='ltr'>ο</span> <span class='ocrx_word' id='word_1_341' title='bbox 1115 3108 1357 3179; x_wconf 87' lang='lat' dir='ltr'><strong>Christe,</strong></span> <span class='ocrx_word' id='word_1_342' title='bbox 1398 3111 1458 3165; x_wconf 93' lang='lat' dir='ltr'><strong>in</strong></span> <span class='ocrx_word' id='word_1_343' title='bbox 1512 3125 1648 3166; x_wconf 91' lang='lat' dir='ltr'><strong>eum</strong></span> <span class='ocrx_word' id='word_1_344' title='bbox 1711 3112 2031 3186; x_wconf 89' lang='lat' dir='ltr'><strong>virtutem),</strong></span> <span class='ocrx_word' id='word_1_345' title='bbox 2058 3114 2160 3173; x_wconf 92' lang='lat' dir='ltr'><strong>illa</strong></span> 
     </span>
    </p>
   </div>
   <div class='ocr_carea' id='block_1_51' title="bbox 515 3196 2160 3270">
    <p class='ocr_par' dir='ltr' id='par_1_51' title="bbox 515 3196 2160 3270">
     <span class='ocr_line' id='line_1_51' title="bbox 515 3196 2160 3270; baseline 0.005 -18"><span class='ocrx_word' id='word_1_346' title='bbox 515 3196 761 3270; x_wconf 90' lang='lat' dir='ltr'><strong>quidem</strong></span> <span class='ocrx_word' id='word_1_347' title='bbox 792 3197 1073 3253; x_wconf 91' lang='lat' dir='ltr'><strong>continuo</strong></span> <span class='ocrx_word' id='word_1_348' title='bbox 1103 3197 1323 3254; x_wconf 90' lang='lat' dir='ltr'><strong>destitit</strong></span> <span class='ocrx_word' id='word_1_349' title='bbox 1364 3200 1628 3256; x_wconf 85' lang='lat' dir='ltr'><strong>moveri:</strong></span> <span class='ocrx_word' id='word_1_350' title='bbox 1656 3200 1733 3256; x_wconf 93' lang='lat' dir='ltr'><strong>illi</strong></span> <span class='ocrx_word' id='word_1_351' title='bbox 1767 3216 1905 3259; x_wconf 92' lang='lat' dir='ltr'><strong>vero</strong></span> <span class='ocrx_word' id='word_1_352' title='bbox 1936 3204 2160 3261; x_wconf 89' lang='lat' dir='ltr'><strong>cadunt</strong></span> 
     </span>
    </p>
   </div>
   <div class='ocr_carea' id='block_1_52' title="bbox 509 3286 2158 3366">
    <p class='ocr_par' dir='ltr' id='par_1_52' title="bbox 509 3286 2158 3366">
     <span class='ocr_line' id='line_1_52' title="bbox 509 3286 2158 3366; baseline 0.005 -25"><span class='ocrx_word' id='word_1_353' title='bbox 509 3286 572 3342; x_wconf 93' lang='lat' dir='ltr'><strong>in</strong></span> <span class='ocrx_word' id='word_1_354' title='bbox 605 3290 844 3351; x_wconf 89' lang='lat' dir='ltr'><strong>terram,</strong></span> <span class='ocrx_word' id='word_1_355' title='bbox 879 3292 935 3341; x_wconf 89' lang='lat' dir='ltr'><strong>et</strong></span> <span class='ocrx_word' id='word_1_356' title='bbox 981 3287 1175 3343; x_wconf 88' lang='lat' dir='ltr'><strong>ﬂuunt</strong></span> <span class='ocrx_word' id='word_1_357' title='bbox 1223 3287 1535 3361; x_wconf 88' lang='lat' dir='ltr'><strong>lampades</strong></span> <span class='ocrx_word' id='word_1_358' title='bbox 1597 3305 1629 3345; x_wconf 93' lang='lat' dir='ltr'><strong>e</strong></span> <span class='ocrx_word' id='word_1_359' title='bbox 1689 3293 1990 3355; x_wconf 89' lang='lat' dir='ltr'><strong>manibus,</strong></span> <span class='ocrx_word' id='word_1_360' title='bbox 2022 3310 2158 3366; x_wconf 68' lang='lat' dir='ltr'><strong>qum</strong></span> 
     </span>
    </p>
   </div>
   <div class='ocr_carea' id='block_1_53' title="bbox 509 3374 2159 3450">
    <p class='ocr_par' dir='ltr' id='par_1_53' title="bbox 509 3374 2159 3450">
     <span class='ocr_line' id='line_1_53' title="bbox 509 3374 2159 3450; baseline 0.002 -17"><span class='ocrx_word' id='word_1_361' title='bbox 509 3374 735 3433; x_wconf 88' lang='lat' dir='ltr'><strong>nullam</strong></span> <span class='ocrx_word' id='word_1_362' title='bbox 791 3390 998 3431; x_wconf 88' lang='lat' dir='ltr'><strong>earum</strong></span> <span class='ocrx_word' id='word_1_363' title='bbox 1038 3392 1244 3432; x_wconf 89' lang='lat' dir='ltr'><strong>curam</strong></span> <span class='ocrx_word' id='word_1_364' title='bbox 1304 3383 1515 3447; x_wconf 89' lang='lat' dir='ltr'><strong>gerunt</strong></span> <span class='ocrx_word' id='word_1_365' title='bbox 1551 3398 1563 3437; x_wconf 94' lang='lat'><strong>:</strong></span> <span class='ocrx_word' id='word_1_366' title='bbox 1598 3384 1654 3434; x_wconf 92' lang='lat' dir='ltr'><strong>et</strong></span> <span class='ocrx_word' id='word_1_367' title='bbox 1712 3380 1839 3450; x_wconf 91' lang='lat' dir='ltr'><strong>jam</strong></span> <span class='ocrx_word' id='word_1_368' title='bbox 1890 3380 2159 3437; x_wconf 61' lang='lat' dir='ltr'><strong>dimissa;</strong></span> 
     </span>
    </p>
   </div>
   <div class='ocr_carea' id='block_1_54' title="bbox 512 3464 2155 3540">
    <p class='ocr_par' dir='ltr' id='par_1_54' title="bbox 512 3464 2155 3540">
     <span class='ocr_line' id='line_1_54' title="bbox 512 3464 2155 3540; baseline 0.004 -21"><span class='ocrx_word' id='word_1_369' title='bbox 512 3469 884 3529; x_wconf 70' lang='lat' dir='ltr'><strong>suntvacuaa,</strong></span> <span class='ocrx_word' id='word_1_370' title='bbox 897 3464 1076 3520; x_wconf 86' lang='lat' dir='ltr'><strong>veluti</strong></span> <span class='ocrx_word' id='word_1_371' title='bbox 1089 3465 1356 3537; x_wconf 90' lang='lat' dir='ltr'><strong>quodam</strong></span> <span class='ocrx_word' id='word_1_372' title='bbox 1371 3481 1588 3537; x_wconf 89' lang='lat' dir='ltr'><strong>sopore</strong></span> <span class='ocrx_word' id='word_1_373' title='bbox 1601 3482 1702 3523; x_wconf 91' lang='lat' dir='ltr'><strong>eas</strong></span> <span class='ocrx_word' id='word_1_374' title='bbox 1716 3468 2155 3540; x_wconf 88' lang='lat' dir='ltr'><strong>torpefaciente.</strong></span> 
     </span>
    </p>
   </div>
   <div class='ocr_carea' id='block_1_55' title="bbox 511 3551 2155 3626">
    <p class='ocr_par' dir='ltr' id='par_1_55' title="bbox 511 3551 2155 3626">
     <span class='ocr_line' id='line_1_55' title="bbox 511 3551 2155 3626; baseline 0.004 -19"><span class='ocrx_word' id='word_1_375' title='bbox 511 3554 747 3622; x_wconf 89' lang='lat' dir='ltr'><strong>Propter</strong></span> <span class='ocrx_word' id='word_1_376' title='bbox 804 3551 930 3607; x_wconf 80' lang='lat' dir='ltr'><strong>haec</strong></span> <span class='ocrx_word' id='word_1_377' title='bbox 986 3551 1075 3608; x_wconf 89' lang='lat' dir='ltr'><strong>ira</strong></span> <span class='ocrx_word' id='word_1_378' title='bbox 1139 3553 1394 3625; x_wconf 91' lang='lat' dir='ltr'><strong>percitus</strong></span> <span class='ocrx_word' id='word_1_379' title='bbox 1470 3552 1812 3626; x_wconf 88' lang='lat' dir='ltr'><strong>imperator,</strong></span> <span class='ocrx_word' id='word_1_380' title='bbox 1886 3560 2155 3625; x_wconf 89' lang='lat' dir='ltr'><strong>tortores,</strong></span> 
     </span>
    </p>
   </div>
   <div class='ocr_carea' id='block_1_56' title="bbox 510 3638 2156 3719">
    <p class='ocr_par' dir='ltr' id='par_1_56' title="bbox 510 3638 2156 3719">
     <span class='ocr_line' id='line_1_56' title="bbox 510 3638 2156 3719; baseline 0.004 -25"><span class='ocrx_word' id='word_1_381' title='bbox 510 3638 918 3695; x_wconf 89' lang='lat' dir='ltr'><strong>insectabatur</strong></span> <span class='ocrx_word' id='word_1_382' title='bbox 983 3641 1335 3708; x_wconf 88' lang='lat' dir='ltr'><strong>maledictis,</strong></span> <span class='ocrx_word' id='word_1_383' title='bbox 1381 3648 1437 3700; x_wconf 92' lang='lat' dir='ltr'><strong>et</strong></span> <span class='ocrx_word' id='word_1_384' title='bbox 1497 3644 1927 3701; x_wconf 87' lang='lat' dir='ltr'><strong>criminabatur</strong></span> <span class='ocrx_word' id='word_1_385' title='bbox 1992 3648 2156 3719; x_wconf 92' lang='lat' dir='ltr'><strong>quod</strong></span> 
     </span>
    </p>
   </div>
   <div class='ocr_carea' id='block_1_57' title="bbox 506 3727 2153 3803">
    <p class='ocr_par' dir='ltr' id='par_1_57' title="bbox 506 3727 2153 3803">
     <span class='ocr_line' id='line_1_57' title="bbox 506 3727 2153 3803; baseline 0.005 -22"><span class='ocrx_word' id='word_1_386' title='bbox 506 3727 677 3797; x_wconf 88' lang='lat' dir='ltr'><strong>jussa</strong></span> <span class='ocrx_word' id='word_1_387' title='bbox 733 3727 973 3798; x_wconf 88' lang='lat' dir='ltr'><strong>exsequi</strong></span> <span class='ocrx_word' id='word_1_388' title='bbox 1028 3729 1411 3798; x_wconf 86' lang='lat' dir='ltr'><strong>negligerent,</strong></span> <span class='ocrx_word' id='word_1_389' title='bbox 1443 3738 1498 3787; x_wconf 90' lang='lat' dir='ltr'><strong>et</strong></span> <span class='ocrx_word' id='word_1_390' title='bbox 1536 3736 1915 3803; x_wconf 62' lang='lat' dir='ltr'><strong>praesentium</strong></span> <span class='ocrx_word' id='word_1_391' title='bbox 1954 3750 2153 3791; x_wconf 89' lang='lat' dir='ltr'><strong>rerum</strong></span> 
     </span>
    </p>
   </div>
   <div class='ocr_carea' id='block_1_58' title="bbox 513 3816 2157 3893">
    <p class='ocr_par' dir='ltr' id='par_1_58' title="bbox 513 3816 2157 3893">
     <span class='ocr_line' id='line_1_58' title="bbox 513 3816 2157 3893; baseline 0.006 -23"><span class='ocrx_word' id='word_1_392' title='bbox 513 3830 718 3871; x_wconf 87' lang='lat' dir='ltr'><strong>curam</strong></span> <span class='ocrx_word' id='word_1_393' title='bbox 748 3830 991 3870; x_wconf 90' lang='lat' dir='ltr'><strong>omnem</strong></span> <span class='ocrx_word' id='word_1_394' title='bbox 1023 3816 1363 3886; x_wconf 89' lang='lat' dir='ltr'><strong>abjicerent.</strong></span> <span class='ocrx_word' id='word_1_395' title='bbox 1395 3823 1459 3874; x_wconf 86' lang='lat' dir='ltr'><strong>Et</strong></span> <span class='ocrx_word' id='word_1_396' title='bbox 1491 3842 1502 3873; x_wconf 87' lang='lat'><strong>:</strong></span> <span class='ocrx_word' id='word_1_397' title='bbox 1534 3822 1868 3887; x_wconf 85' lang='lat' dir='ltr'><strong>Quomodo,</strong></span> <span class='ocrx_word' id='word_1_398' title='bbox 1901 3823 2157 3893; x_wconf 88' lang='lat' dir='ltr'><strong>dicebat,</strong></span> 
     </span>
    </p>
   </div>
   <div class='ocr_carea' id='block_1_59' title="bbox 514 3903 2156 3977">
    <p class='ocr_par' dir='ltr' id='par_1_59' title="bbox 514 3903 2156 3977">
     <span class='ocr_line' id='line_1_59' title="bbox 514 3903 2156 3977; baseline 0.005 -18"><span class='ocrx_word' id='word_1_399' title='bbox 514 3919 583 3960; x_wconf 91' lang='lat' dir='ltr'><strong>eo</strong></span> <span class='ocrx_word' id='word_1_400' title='bbox 607 3903 849 3959; x_wconf 88' lang='lat' dir='ltr'><strong>venistis</strong></span> <span class='ocrx_word' id='word_1_401' title='bbox 870 3904 1161 3972; x_wconf 68' lang='lat' dir='ltr'><strong>audaciae,</strong></span> <span class='ocrx_word' id='word_1_402' title='bbox 1181 3910 1358 3961; x_wconf 88' lang='lat' dir='ltr'><strong>utvos</strong></span> <span class='ocrx_word' id='word_1_403' title='bbox 1376 3912 1539 3965; x_wconf 88' lang='lat' dir='ltr'><strong>tanta</strong></span> <span class='ocrx_word' id='word_1_404' title='bbox 1557 3911 1841 3966; x_wconf 86' lang='lat' dir='ltr'><strong>invaserit</strong></span> <span class='ocrx_word' id='word_1_405' title='bbox 1866 3912 2156 3977; x_wconf 90' lang='lat' dir='ltr'><strong>socordia,</strong></span> 
     </span>
    </p>
   </div>
   <div class='ocr_carea' id='block_1_60' title="bbox 513 3992 2159 4067">
    <p class='ocr_par' dir='ltr' id='par_1_60' title="bbox 513 3992 2159 4067">
     <span class='ocr_line' id='line_1_60' title="bbox 513 3992 2159 4067; baseline 0.004 -19"><span class='ocrx_word' id='word_1_406' title='bbox 513 3996 569 4048; x_wconf 95' lang='lat' dir='ltr'><strong>et</strong></span> <span class='ocrx_word' id='word_1_407' title='bbox 591 3992 770 4048; x_wconf 88' lang='lat' dir='ltr'><strong>istum</strong></span> <span class='ocrx_word' id='word_1_408' title='bbox 801 3997 1005 4048; x_wconf 89' lang='lat' dir='ltr'><strong>nostro</strong></span> <span class='ocrx_word' id='word_1_409' title='bbox 1032 3994 1283 4065; x_wconf 91' lang='lat' dir='ltr'><strong>imperio</strong></span> <span class='ocrx_word' id='word_1_410' title='bbox 1312 3997 1709 4067; x_wconf 67' lang='lat' dir='ltr'><strong>prmtuleritis,</strong></span> <span class='ocrx_word' id='word_1_411' title='bbox 1748 4000 1901 4055; x_wconf 90' lang='lat' dir='ltr'><strong>adeo</strong></span> <span class='ocrx_word' id='word_1_412' title='bbox 1939 4004 2004 4055; x_wconf 91' lang='lat' dir='ltr'><strong>ut</strong></span> <span class='ocrx_word' id='word_1_413' title='bbox 2047 4017 2159 4056; x_wconf 88' lang='lat' dir='ltr'><strong>no-</strong></span> 
     </span>
    </p>
   </div>
   <div class='ocr_carea' id='block_1_61' title="bbox 513 4080 2161 4158">
    <p class='ocr_par' dir='ltr' id='par_1_61' title="bbox 513 4080 2161 4158">
     <span class='ocr_line' id='line_1_61' title="bbox 513 4080 2161 4158; baseline 0.006 -23"><span class='ocrx_word' id='word_1_414' title='bbox 513 4083 635 4137; x_wconf 87' lang='lat' dir='ltr'><strong>stra</strong></span> <span class='ocrx_word' id='word_1_415' title='bbox 676 4080 918 4153; x_wconf 92' lang='lat' dir='ltr'><strong>quidem</strong></span> <span class='ocrx_word' id='word_1_416' title='bbox 944 4081 1117 4151; x_wconf 91' lang='lat' dir='ltr'><strong>jussa</strong></span> <span class='ocrx_word' id='word_1_417' title='bbox 1172 4084 1523 4156; x_wconf 83' lang='lat' dir='ltr'><strong>reliqueritis</strong></span> <span class='ocrx_word' id='word_1_418' title='bbox 1579 4086 1944 4158; x_wconf 88' lang='lat' dir='ltr'><strong>imperfecta,</strong></span> <span class='ocrx_word' id='word_1_419' title='bbox 1991 4088 2161 4145; x_wconf 88' lang='lat' dir='ltr'><strong>humi</strong></span> 
     </span>
    </p>
   </div>
   <div class='ocr_carea' id='block_1_62' title="bbox 511 4169 2156 4248">
    <p class='ocr_par' dir='ltr' id='par_1_62' title="bbox 511 4169 2156 4248">
     <span class='ocr_line' id='line_1_62' title="bbox 511 4169 2156 4248; baseline 0.006 -23"><span class='ocrx_word' id='word_1_420' title='bbox 511 4172 708 4225; x_wconf 86' lang='lat' dir='ltr'><strong>autem</strong></span> <span class='ocrx_word' id='word_1_421' title='bbox 761 4169 1168 4239; x_wconf 85' lang='lat' dir='ltr'><strong>accubueritis,</strong></span> <span class='ocrx_word' id='word_1_422' title='bbox 1202 4179 1263 4229; x_wconf 87' lang='lat' dir='ltr'><strong>ut</strong></span> <span class='ocrx_word' id='word_1_423' title='bbox 1285 4176 1344 4228; x_wconf 88' lang='lat' dir='ltr'><strong>et</strong></span> <span class='ocrx_word' id='word_1_424' title='bbox 1373 4173 1693 4247; x_wconf 90' lang='lat' dir='ltr'><strong>vobisipsis</strong></span> <span class='ocrx_word' id='word_1_425' title='bbox 1719 4178 2156 4248; x_wconf 84' lang='lat' dir='ltr'><strong>gratiﬁcemini,</strong></span> 
     </span>
    </p>
   </div>
   <div class='ocr_carea' id='block_1_63' title="bbox 512 4256 2157 4337">
    <p class='ocr_par' dir='ltr' id='par_1_63' title="bbox 512 4256 2157 4337">
     <span class='ocr_line' id='line_1_63' title="bbox 512 4256 2157 4337; baseline 0.007 -25"><span class='ocrx_word' id='word_1_426' title='bbox 512 4261 570 4313; x_wconf 90' lang='lat' dir='ltr'><strong>et</strong></span> <span class='ocrx_word' id='word_1_427' title='bbox 584 4256 784 4313; x_wconf 89' lang='lat' dir='ltr'><strong>labore</strong></span> <span class='ocrx_word' id='word_1_428' title='bbox 807 4256 1076 4313; x_wconf 83' lang='lat' dir='ltr'><strong>defessos</strong></span> <span class='ocrx_word' id='word_1_429' title='bbox 1089 4262 1361 4318; x_wconf 88' lang='lat' dir='ltr'><strong>recreetis</strong></span> <span class='ocrx_word' id='word_1_430' title='bbox 1381 4262 1410 4317; x_wconf 73' lang='lat'><strong>7</strong></span> <span class='ocrx_word' id='word_1_431' title='bbox 1436 4264 1619 4335; x_wconf 91' lang='lat' dir='ltr'><strong>Videt,</strong></span> <span class='ocrx_word' id='word_1_432' title='bbox 1639 4266 2157 4337; x_wconf 90' lang='lat' dir='ltr'><strong>quemadmodum</strong></span> 
     </span>
    </p>
   </div>
   <div class='ocr_carea' id='block_1_64' title="bbox 510 4346 2159 4426">
    <p class='ocr_par' dir='ltr' id='par_1_64' title="bbox 510 4346 2159 4426">
     <span class='ocr_line' id='line_1_64' title="bbox 510 4346 2159 4426; baseline 0.006 -24"><span class='ocrx_word' id='word_1_433' title='bbox 510 4361 585 4403; x_wconf 91' lang='lat' dir='ltr'><strong>ne</strong></span> <span class='ocrx_word' id='word_1_434' title='bbox 611 4346 838 4415; x_wconf 88' lang='lat' dir='ltr'><strong>seipsos</strong></span> <span class='ocrx_word' id='word_1_435' title='bbox 872 4348 1114 4418; x_wconf 90' lang='lat' dir='ltr'><strong>quidem</strong></span> <span class='ocrx_word' id='word_1_436' title='bbox 1143 4352 1371 4422; x_wconf 89' lang='lat' dir='ltr'><strong>possint</strong></span> <span class='ocrx_word' id='word_1_437' title='bbox 1394 4354 1713 4421; x_wconf 90' lang='lat' dir='ltr'><strong>restituere,</strong></span> <span class='ocrx_word' id='word_1_438' title='bbox 1740 4370 1934 4426; x_wconf 91' lang='lat' dir='ltr'><strong>nequc</strong></span> <span class='ocrx_word' id='word_1_439' title='bbox 1973 4358 2159 4413; x_wconf 87' lang='lat' dir='ltr'><strong>mani-</strong></span> 
     </span>
    </p>
   </div>
   <div class='ocr_carea' id='block_1_65' title="bbox 511 4434 2135 4514">
    <p class='ocr_par' dir='ltr' id='par_1_65' title="bbox 511 4434 2135 4514">
     <span class='ocr_line' id='line_1_65' title="bbox 511 4434 2135 4514; baseline 0.003 -20"><span class='ocrx_word' id='word_1_440' title='bbox 511 4438 624 4494; x_wconf 87' lang='lat' dir='ltr'><strong>bus</strong></span> <span class='ocrx_word' id='word_1_441' title='bbox 641 4434 723 4490; x_wconf 92' lang='lat' dir='ltr'><strong>uti</strong></span> <span class='ocrx_word' id='word_1_442' title='bbox 744 4438 821 4494; x_wconf 90' lang='lat' dir='ltr'><strong>ad</strong></span> <span class='ocrx_word' id='word_1_443' title='bbox 843 4436 903 4494; x_wconf 92' lang='lat' dir='ltr'><strong>id</strong></span> <span class='ocrx_word' id='word_1_444' title='bbox 924 4439 1088 4510; x_wconf 91' lang='lat' dir='ltr'><strong>quod</strong></span> <span class='ocrx_word' id='word_1_445' title='bbox 1113 4445 1200 4495; x_wconf 90' lang='lat' dir='ltr'><strong>est</strong></span> <span class='ocrx_word' id='word_1_446' title='bbox 1215 4456 1367 4511; x_wconf 92' lang='lat' dir='ltr'><strong>opus</strong></span> <span class='ocrx_word' id='word_1_447' title='bbox 1392 4457 1403 4496; x_wconf 88' lang='lat'><strong>:</strong></span> <span class='ocrx_word' id='word_1_448' title='bbox 1429 4443 1536 4497; x_wconf 87' lang='lat' dir='ltr'><strong>sed</strong></span> <span class='ocrx_word' id='word_1_449' title='bbox 1557 4443 1869 4514; x_wconf 82' lang='lat' dir='ltr'><strong>ignorabat</strong></span> <span class='ocrx_word' id='word_1_450' title='bbox 1888 4445 2135 4501; x_wconf 92' lang='lat' dir='ltr'><strong>stolidus</strong></span> 
     </span>
    </p>
   </div>
   <div class='ocr_carea' id='block_1_66' title="bbox 509 4527 2159 4599">
    <p class='ocr_par' dir='ltr' id='par_1_66' title="bbox 509 4527 2159 4599">
     <span class='ocr_line' id='line_1_66' title="bbox 509 4527 2159 4599; baseline 0.004 -17"><span class='ocrx_word' id='word_1_451' title='bbox 509 4527 770 4584; x_wconf 88' lang='lat' dir='ltr'><strong>divinam</strong></span> <span class='ocrx_word' id='word_1_452' title='bbox 820 4529 1118 4591; x_wconf 88' lang='lat' dir='ltr'><strong>virtutem,</strong></span> <span class='ocrx_word' id='word_1_453' title='bbox 1161 4543 1282 4584; x_wconf 89' lang='lat' dir='ltr'><strong>non</strong></span> <span class='ocrx_word' id='word_1_454' title='bbox 1344 4534 1544 4585; x_wconf 89' lang='lat' dir='ltr'><strong>autem</strong></span> <span class='ocrx_word' id='word_1_455' title='bbox 1612 4532 1969 4599; x_wconf 88' lang='lat' dir='ltr'><strong>socordiam,</strong></span> <span class='ocrx_word' id='word_1_456' title='bbox 2003 4534 2159 4590; x_wconf 90' lang='lat' dir='ltr'><strong>vires</strong></span> 
     </span>
    </p>
   </div>
   <div class='ocr_carea' id='block_1_67' title="bbox 512 4616 2160 4679">
    <p class='ocr_par' dir='ltr' id='par_1_67' title="bbox 512 4616 2160 4679">
     <span class='ocr_line' id='line_1_67' title="bbox 512 4616 2160 4679; baseline 0.005 -8"><span class='ocrx_word' id='word_1_457' title='bbox 512 4631 719 4672; x_wconf 89' lang='lat' dir='ltr'><strong>eorum</strong></span> <span class='ocrx_word' id='word_1_458' title='bbox 780 4616 1149 4674; x_wconf 86' lang='lat' dir='ltr'><strong>exstinxisse.</strong></span> <span class='ocrx_word' id='word_1_459' title='bbox 1182 4616 1264 4672; x_wconf 92' lang='lat' dir='ltr'><strong>llli</strong></span> <span class='ocrx_word' id='word_1_460' title='bbox 1331 4623 1736 4676; x_wconf 81' lang='lat' dir='ltr'><strong>autemzNon</strong></span> <span class='ocrx_word' id='word_1_461' title='bbox 1792 4623 1872 4679; x_wconf 91' lang='lat' dir='ltr'><strong>ita</strong></span> <span class='ocrx_word' id='word_1_462' title='bbox 1937 4638 2031 4678; x_wconf 91' lang='lat' dir='ltr'><strong>res</strong></span> <span class='ocrx_word' id='word_1_463' title='bbox 2098 4640 2160 4679; x_wconf 90' lang='lat' dir='ltr'><strong>se</strong></span> 
     </span>
    </p>
   </div>
   <div class='ocr_carea' id='block_1_68' title="bbox 508 4703 2157 4782">
    <p class='ocr_par' dir='ltr' id='par_1_68' title="bbox 508 4703 2157 4782">
     <span class='ocr_line' id='line_1_68' title="bbox 508 4703 2157 4782; baseline 0.003 -22"><span class='ocrx_word' id='word_1_464' title='bbox 508 4703 752 4772; x_wconf 89' lang='lat' dir='ltr'><strong>habent,</strong></span> <span class='ocrx_word' id='word_1_465' title='bbox 795 4707 1200 4777; x_wconf 87' lang='lat' dir='ltr'><strong>oimperator,</strong></span> <span class='ocrx_word' id='word_1_466' title='bbox 1258 4707 1715 4777; x_wconf 91' lang='lat' dir='ltr'><strong>responderunt,</strong></span> <span class='ocrx_word' id='word_1_467' title='bbox 1771 4725 1959 4782; x_wconf 92' lang='lat' dir='ltr'><strong>neque</strong></span> <span class='ocrx_word' id='word_1_468' title='bbox 2008 4712 2157 4767; x_wconf 89' lang='lat' dir='ltr'><strong>tardi</strong></span> 
     </span>
    </p>
   </div>
   <div class='ocr_carea' id='block_1_69' title="bbox 511 4794 2157 4867">
    <p class='ocr_par' dir='ltr' id='par_1_69' title="bbox 511 4794 2157 4867">
     <span class='ocr_line' id='line_1_69' title="bbox 511 4794 2157 4867; baseline 0.006 -21"><span class='ocrx_word' id='word_1_469' title='bbox 511 4809 721 4848; x_wconf 89' lang='lat' dir='ltr'><strong>sumus</strong></span> <span class='ocrx_word' id='word_1_470' title='bbox 750 4794 811 4849; x_wconf 90' lang='lat' dir='ltr'><strong>in</strong></span> <span class='ocrx_word' id='word_1_471' title='bbox 832 4795 945 4849; x_wconf 86' lang='lat' dir='ltr'><strong>tuis</strong></span> <span class='ocrx_word' id='word_1_472' title='bbox 966 4794 1147 4866; x_wconf 90' lang='lat' dir='ltr'><strong>jussis</strong></span> <span class='ocrx_word' id='word_1_473' title='bbox 1173 4795 1565 4867; x_wconf 86' lang='lat' dir='ltr'><strong>exsequendis</strong></span> <span class='ocrx_word' id='word_1_474' title='bbox 1590 4812 1601 4852; x_wconf 90' lang='lat'><strong>:</strong></span> <span class='ocrx_word' id='word_1_475' title='bbox 1632 4797 1808 4867; x_wconf 87' lang='lat' dir='ltr'><strong>absit,</strong></span> <span class='ocrx_word' id='word_1_476' title='bbox 1842 4804 1905 4854; x_wconf 91' lang='lat' dir='ltr'><strong>ut</strong></span> <span class='ocrx_word' id='word_1_477' title='bbox 1926 4805 2157 4856; x_wconf 90' lang='lat' dir='ltr'><strong>tantum</strong></span> 
     </span>
    </p>
   </div>
   <div class='ocr_carea' id='block_1_70' title="bbox 508 4881 2159 4962">
    <p class='ocr_par' dir='ltr' id='par_1_70' title="bbox 508 4881 2159 4962">
     <span class='ocr_line' id='line_1_70' title="bbox 508 4881 2159 4962; baseline 0.005 -26"><span class='ocrx_word' id='word_1_478' title='bbox 508 4881 1142 4954; x_wconf 89' lang='lat' dir='ltr'><strong>insaniamus:neque</strong></span> <span class='ocrx_word' id='word_1_479' title='bbox 1217 4884 1508 4939; x_wconf 90' lang='lat' dir='ltr'><strong>cessimus</strong></span> <span class='ocrx_word' id='word_1_480' title='bbox 1579 4887 1885 4955; x_wconf 73' lang='lat' dir='ltr'><strong>socordiae,</strong></span> <span class='ocrx_word' id='word_1_481' title='bbox 1964 4904 2159 4962; x_wconf 91' lang='lat' dir='ltr'><strong>neque</strong></span> 
     </span>
    </p>
   </div>
   <div class='ocr_carea' id='block_1_71' title="bbox 509 4970 2159 5041">
    <p class='ocr_par' dir='ltr' id='par_1_71' title="bbox 509 4970 2159 5041">
     <span class='ocr_line' id='line_1_71' title="bbox 509 4970 2159 5041; baseline 0.006 -18"><span class='ocrx_word' id='word_1_482' title='bbox 509 4985 726 5026; x_wconf 88' lang='lat' dir='ltr'><strong>manus</strong></span> <span class='ocrx_word' id='word_1_483' title='bbox 767 4976 987 5027; x_wconf 71' lang='lat' dir='ltr'><strong>nostras</strong></span> <span class='ocrx_word' id='word_1_484' title='bbox 1028 4986 1252 5041; x_wconf 89' lang='lat' dir='ltr'><strong>magno</strong></span> <span class='ocrx_word' id='word_1_485' title='bbox 1291 4970 1535 5029; x_wconf 74' lang='lat' dir='ltr'><strong>defessaa</strong></span> <span class='ocrx_word' id='word_1_486' title='bbox 1584 4980 1717 5030; x_wconf 92' lang='lat' dir='ltr'><strong>sunt</strong></span> <span class='ocrx_word' id='word_1_487' title='bbox 1758 4976 1962 5032; x_wconf 89' lang='lat' dir='ltr'><strong>labore</strong></span> <span class='ocrx_word' id='word_1_488' title='bbox 1999 4996 2012 5031; x_wconf 90' lang='lat'><strong>:</strong></span> <span class='ocrx_word' id='word_1_489' title='bbox 2054 4978 2159 5034; x_wconf 90' lang='lat' dir='ltr'><strong>sed</strong></span> 
     </span>
    </p>
   </div>
   <div class='ocr_carea' id='block_1_72' title="bbox 509 5058 2161 5137">
    <p class='ocr_par' dir='ltr' id='par_1_72' title="bbox 509 5058 2161 5137">
     <span class='ocr_line' id='line_1_72' title="bbox 509 5058 2161 5137; baseline 0.005 -24"><span class='ocrx_word' id='word_1_490' title='bbox 509 5058 779 5113; x_wconf 89' lang='lat' dir='ltr'><strong>terribilis</strong></span> <span class='ocrx_word' id='word_1_491' title='bbox 818 5060 1094 5132; x_wconf 65' lang='lat' dir='ltr'><strong>quaedam</strong></span> <span class='ocrx_word' id='word_1_492' title='bbox 1138 5060 1285 5115; x_wconf 88' lang='lat' dir='ltr'><strong>visio</strong></span> <span class='ocrx_word' id='word_1_493' title='bbox 1330 5076 1437 5117; x_wconf 92' lang='lat' dir='ltr'><strong>nos</strong></span> <span class='ocrx_word' id='word_1_494' title='bbox 1478 5061 1560 5117; x_wconf 93' lang='lat' dir='ltr'><strong>sic</strong></span> <span class='ocrx_word' id='word_1_495' title='bbox 1611 5063 1823 5130; x_wconf 77' lang='lat' dir='ltr'><strong>affecit,</strong></span> <span class='ocrx_word' id='word_1_496' title='bbox 1866 5081 1997 5137; x_wconf 78' lang='lat' dir='ltr'><strong>quae</strong></span> <span class='ocrx_word' id='word_1_497' title='bbox 2051 5082 2161 5121; x_wconf 90' lang='lat' dir='ltr'><strong>nos</strong></span> 
     </span>
    </p>
   </div>
   <div class='ocr_carea' id='block_1_73' title="bbox 506 5145 2160 5227">
    <p class='ocr_par' dir='ltr' id='par_1_73' title="bbox 506 5145 2160 5227">
     <span class='ocr_line' id='line_1_73' title="bbox 506 5145 2160 5227; baseline 0.006 -26"><span class='ocrx_word' id='word_1_498' title='bbox 506 5145 675 5201; x_wconf 91' lang='lat' dir='ltr'><strong>humi</strong></span> <span class='ocrx_word' id='word_1_499' title='bbox 716 5147 948 5218; x_wconf 91' lang='lat' dir='ltr'><strong>dejecit,</strong></span> <span class='ocrx_word' id='word_1_500' title='bbox 990 5152 1047 5203; x_wconf 89' lang='lat' dir='ltr'><strong>et</strong></span> <span class='ocrx_word' id='word_1_501' title='bbox 1086 5165 1299 5205; x_wconf 91' lang='lat' dir='ltr'><strong>manus</strong></span> <span class='ocrx_word' id='word_1_502' title='bbox 1333 5156 1564 5207; x_wconf 89' lang='lat' dir='ltr'><strong>nostras</strong></span> <span class='ocrx_word' id='word_1_503' title='bbox 1605 5152 1917 5210; x_wconf 89' lang='lat' dir='ltr'><strong>dissolvit:</strong></span> <span class='ocrx_word' id='word_1_504' title='bbox 1945 5160 1999 5209; x_wconf 90' lang='lat' dir='ltr'><strong>et</strong></span> <span class='ocrx_word' id='word_1_505' title='bbox 2030 5155 2160 5227; x_wconf 88' lang='lat' dir='ltr'><strong>jam</strong></span> 
     </span>
    </p>
   </div>
   <div class='ocr_carea' id='block_1_74' title="bbox 508 5238 2159 5305">
    <p class='ocr_par' dir='ltr' id='par_1_74' title="bbox 508 5238 2159 5305">
     <span class='ocr_line' id='line_1_74' title="bbox 508 5238 2159 5305; baseline 0.006 -16"><span class='ocrx_word' id='word_1_506' title='bbox 508 5250 716 5291; x_wconf 91' lang='lat' dir='ltr'><strong>sumus</strong></span> <span class='ocrx_word' id='word_1_507' title='bbox 730 5238 1014 5293; x_wconf 89' lang='lat' dir='ltr'><strong>membris</strong></span> <span class='ocrx_word' id='word_1_508' title='bbox 1028 5238 1386 5305; x_wconf 84' lang='lat' dir='ltr'><strong>dissoluti,et</strong></span> <span class='ocrx_word' id='word_1_509' title='bbox 1399 5241 1586 5296; x_wconf 81' lang='lat' dir='ltr'><strong>eﬂ‘ecti</strong></span> <span class='ocrx_word' id='word_1_510' title='bbox 1600 5243 1846 5298; x_wconf 88' lang='lat' dir='ltr'><strong>omnino</strong></span> <span class='ocrx_word' id='word_1_511' title='bbox 1860 5244 2159 5300; x_wconf 91' lang='lat' dir='ltr'><strong>imbecilli.</strong></span> 
     </span>
    </p>
   </div>
   <div class='ocr_carea' id='block_1_75' title="bbox 505 5323 2163 5401">
    <p class='ocr_par' dir='ltr' id='par_1_75' title="bbox 505 5323 2163 5401">
     <span class='ocr_line' id='line_1_75' title="bbox 505 5323 2163 5401; baseline 0.006 -22"><span class='ocrx_word' id='word_1_512' title='bbox 505 5325 642 5379; x_wconf 89' lang='lat' dir='ltr'><strong>Tres</strong></span> <span class='ocrx_word' id='word_1_513' title='bbox 672 5323 833 5380; x_wconf 91' lang='lat' dir='ltr'><strong>enim</strong></span> <span class='ocrx_word' id='word_1_514' title='bbox 854 5326 981 5389; x_wconf 91' lang='lat' dir='ltr'><strong>viri,</strong></span> <span class='ocrx_word' id='word_1_515' title='bbox 1006 5333 1247 5399; x_wconf 89' lang='lat' dir='ltr'><strong>aspectu</strong></span> <span class='ocrx_word' id='word_1_516' title='bbox 1264 5329 1513 5401; x_wconf 88' lang='lat' dir='ltr'><strong>quidem</strong></span> <span class='ocrx_word' id='word_1_517' title='bbox 1536 5331 1795 5395; x_wconf 88' lang='lat' dir='ltr'><strong>candidi,</strong></span> <span class='ocrx_word' id='word_1_518' title='bbox 1821 5338 1875 5387; x_wconf 89' lang='lat' dir='ltr'><strong>et</strong></span> <span class='ocrx_word' id='word_1_519' title='bbox 1895 5333 2163 5389; x_wconf 87' lang='lat' dir='ltr'><strong>candidis</strong></span> 
     </span>
    </p>
   </div>
   <div class='ocr_carea' id='block_1_76' title="bbox 2144 4490 2238 4547">
    <p class='ocr_par' dir='ltr' id='par_1_76' title="bbox 2144 4490 2238 4547">
     <span class='ocr_line' id='line_1_76' title="bbox 2144 4490 2238 4547; baseline 0 0"><span class='ocrx_word' id='word_1_520' title='bbox 2144 4490 2157 4515; x_wconf 88' lang='lat'><strong>’</strong></span> <span class='ocrx_word' id='word_1_521' title='bbox 2193 4492 2238 4547; x_wconf 92' lang='lat' dir='ltr'><strong>D</strong></span> 
     </span>
    </p>
   </div>
   <div class='ocr_carea' id='block_1_77' title="bbox 2275 1869 3879 1946">
    <p class='ocr_par' dir='ltr' id='par_1_77' title="bbox 2275 1869 3879 1946">
     <span class='ocr_line' id='line_1_77' title="bbox 2275 1869 3879 1946; baseline -0.001 -23"><span class='ocrx_word' id='word_1_522' title='bbox 2275 1870 2360 1943; x_wconf 76' lang='grc' dir='ltr'><strong>ἔμε</strong></span> <span class='ocrx_word' id='word_1_523' title='bbox 2390 1876 2565 1946; x_wconf 85' lang='grc' dir='ltr'>πείρας</span> <span class='ocrx_word' id='word_1_524' title='bbox 2591 1876 2681 1922; x_wconf 87' lang='grc' dir='ltr'>καὶ</span> <span class='ocrx_word' id='word_1_525' title='bbox 2721 1870 2847 1931; x_wconf 85' lang='grc' dir='ltr'>ὅλως</span> <span class='ocrx_word' id='word_1_526' title='bbox 2896 1872 2973 1923; x_wconf 87' lang='grc' dir='ltr'>ὅτι</span> <span class='ocrx_word' id='word_1_527' title='bbox 3020 1875 3091 1943; x_wconf 78' lang='grc' dir='ltr'>μὴ</span> <span class='ocrx_word' id='word_1_528' title='bbox 3141 1873 3323 1923; x_wconf 87' lang='grc' dir='ltr'>θᾶττον</span> <span class='ocrx_word' id='word_1_529' title='bbox 3354 1872 3499 1942; x_wconf 84' lang='grc' dir='ltr'>ἡμῶν</span> <span class='ocrx_word' id='word_1_530' title='bbox 3544 1869 3879 1942; x_wconf 85' lang='grc' dir='ltr'>ἀπηλλάγης,</span> 
     </span>
    </p>
   </div>
   <div class='ocr_carea' id='block_1_78' title="bbox 2276 1960 3207 2033">
    <p class='ocr_par' dir='ltr' id='par_1_78' title="bbox 2276 1960 3207 2033">
     <span class='ocr_line' id='line_1_78' title="bbox 2276 1960 3207 2033; baseline 0 -21"><span class='ocrx_word' id='word_1_531' title='bbox 2276 1960 2470 2031; x_wconf 78' lang='grc' dir='ltr'>ζημίαν</span> <span class='ocrx_word' id='word_1_532' title='bbox 2501 1960 2559 2011; x_wconf 84' lang='grc' dir='ltr'><strong>οῦ</strong></span> <span class='ocrx_word' id='word_1_533' title='bbox 2599 1964 2692 2018; x_wconf 77' lang='grc' dir='ltr'>τὴν</span> <span class='ocrx_word' id='word_1_534' title='bbox 2716 1967 2988 2031; x_wconf 83' lang='grc' dir='ltr'>τυχοῦσαν</span> <span class='ocrx_word' id='word_1_535' title='bbox 3013 1966 3207 2033; x_wconf 90' lang='grc' dir='ltr'>κρῖναι.</span> 
     </span>
    </p>
   </div>
   <div class='ocr_carea' id='block_1_79' title="bbox 2347 2047 3877 2121">
    <p class='ocr_par' dir='ltr' id='par_1_79' title="bbox 2347 2047 3877 2121">
     <span class='ocr_line' id='line_1_79' title="bbox 2347 2047 3877 2121; baseline 0 -19"><span class='ocrx_word' id='word_1_536' title='bbox 2347 2047 2421 2102; x_wconf 83' lang='grc' dir='ltr'><strong>Η’.</strong></span> <span class='ocrx_word' id='word_1_537' title='bbox 2480 2051 2690 2110; x_wconf 84' lang='grc' dir='ltr'>Τούτοις</span> <span class='ocrx_word' id='word_1_538' title='bbox 2753 2048 3071 2112; x_wconf 83' lang='grc' dir='ltr'>ὀξυκινηθεὶς</span> <span class='ocrx_word' id='word_1_539' title='bbox 3128 2048 3477 2121; x_wconf 79' lang='grc' dir='ltr'>Μαξιμιανός,</span> <span class='ocrx_word' id='word_1_540' title='bbox 3532 2048 3723 2101; x_wconf 77' lang='grc' dir='ltr'>κελεύει</span> <span class='ocrx_word' id='word_1_541' title='bbox 3787 2048 3877 2102; x_wconf 69' lang='grc' dir='ltr'><strong>ἐπὶ</strong></span> 
     </span>
    </p>
   </div>
   <div class='ocr_carea' id='block_1_80' title="bbox 2274 2134 3881 2212">
    <p class='ocr_par' dir='ltr' id='par_1_80' title="bbox 2274 2134 3881 2212">
     <span class='ocr_line' id='line_1_80' title="bbox 2274 2134 3881 2212; baseline -0.001 -23"><span class='ocrx_word' id='word_1_542' title='bbox 2274 2145 2475 2210; x_wconf 88' lang='grc' dir='ltr'>τροχοῦ</span> <span class='ocrx_word' id='word_1_543' title='bbox 2523 2141 2608 2189; x_wconf 89' lang='grc' dir='ltr'>τὸν</span> <span class='ocrx_word' id='word_1_544' title='bbox 2661 2140 2905 2212; x_wconf 88' lang='grc' dir='ltr'>μάρτυρα</span> <span class='ocrx_word' id='word_1_545' title='bbox 2956 2134 3287 2208; x_wconf 83' lang='grc' dir='ltr'>διαδεθέντα,</span> <span class='ocrx_word' id='word_1_546' title='bbox 3348 2140 3734 2210; x_wconf 75' lang='grc' dir='ltr'>συστρέφεσθαι</span> 
     </span>
    </p>
   </div>
   <div class='ocr_carea' id='block_1_81' title="bbox 2278 2226 3885 2301">
    <p class='ocr_par' dir='ltr' id='par_1_81' title="bbox 2278 2226 3885 2301">
     <span class='ocr_line' id='line_1_81' title="bbox 2278 2226 3885 2301; baseline -0.001 -22"><span class='ocrx_word' id='word_1_547' title='bbox 2278 2235 2514 2298; x_wconf 84' lang='grc' dir='ltr'>συνεχῶς</span> <span class='ocrx_word' id='word_1_548' title='bbox 2555 2234 2627 2297; x_wconf 85' lang='grc' dir='ltr'>τῷ</span> <span class='ocrx_word' id='word_1_549' title='bbox 2674 2235 2874 2301; x_wconf 82' lang='grc' dir='ltr'>τροχῷ,</span> <span class='ocrx_word' id='word_1_550' title='bbox 2906 2226 3146 2299; x_wconf 81' lang='grc' dir='ltr'>λαμπάσι</span> <span class='ocrx_word' id='word_1_551' title='bbox 3183 2230 3350 2300; x_wconf 87' lang='grc' dir='ltr'>πυρὸς</span> <span class='ocrx_word' id='word_1_552' title='bbox 3392 2230 3488 2289; x_wconf 84' lang='grc' dir='ltr'><strong>τὰς</strong></span> <span class='ocrx_word' id='word_1_553' title='bbox 3541 2229 3740 2301; x_wconf 88' lang='grc' dir='ltr'>σάρκας</span> <span class='ocrx_word' id='word_1_554' title='bbox 3784 2228 3885 2279; x_wconf 64' lang='grc' dir='ltr'><strong>αὖ-</strong></span> 
     </span>
    </p>
   </div>
   <div class='ocr_carea' id='block_1_82' title="bbox 2273 2312 3883 2389">
    <p class='ocr_par' dir='ltr' id='par_1_82' title="bbox 2273 2312 3883 2389">
     <span class='ocr_line' id='line_1_82' title="bbox 2273 2312 3883 2389; baseline 0.001 -22"><span class='ocrx_word' id='word_1_555' title='bbox 2273 2324 2363 2367; x_wconf 92' lang='grc' dir='ltr'><strong>τοῦ</strong></span> <span class='ocrx_word' id='word_1_556' title='bbox 2416 2312 2893 2369; x_wconf 82' lang='grc' dir='ltr'>καταδαπανᾶσθαι</span> <span class='ocrx_word' id='word_1_557' title='bbox 2954 2320 3045 2368; x_wconf 85' lang='grc' dir='ltr'>καὶ</span> <span class='ocrx_word' id='word_1_558' title='bbox 3126 2313 3494 2375; x_wconf 77' lang='grc' dir='ltr'>διατήκεσθαι.</span> <span class='ocrx_word' id='word_1_559' title='bbox 3562 2316 3883 2389; x_wconf 80' lang='grc' dir='ltr'>Μαξιμιανῷ</span> 
     </span>
    </p>
   </div>
   <div class='ocr_carea' id='block_1_83' title="bbox 2275 2400 3881 2479">
    <p class='ocr_par' dir='ltr' id='par_1_83' title="bbox 2275 2400 3881 2479">
     <span class='ocr_line' id='line_1_83' title="bbox 2275 2400 3881 2479; baseline 0.001 -23"><span class='ocrx_word' id='word_1_560' title='bbox 2275 2406 2363 2475; x_wconf 77' lang='grc' dir='ltr'><strong>μεν</strong></span> <span class='ocrx_word' id='word_1_561' title='bbox 2403 2400 2489 2456; x_wconf 81' lang='grc' dir='ltr'><strong>οὖν</strong></span> <span class='ocrx_word' id='word_1_562' title='bbox 2536 2407 2681 2477; x_wconf 82' lang='grc' dir='ltr'>ἔργον</span> <span class='ocrx_word' id='word_1_563' title='bbox 2734 2406 2763 2463; x_wconf 83' lang='grc' dir='ltr'><strong>ἠ</strong></span> <span class='ocrx_word' id='word_1_564' title='bbox 2817 2404 3101 2479; x_wconf 82' lang='grc' dir='ltr'>πρόσταξις</span> <span class='ocrx_word' id='word_1_565' title='bbox 3140 2401 3200 2463; x_wconf 80' lang='grc' dir='ltr'>ἧν</span> <span class='ocrx_word' id='word_1_566' title='bbox 3240 2410 3329 2457; x_wconf 84' lang='grc' dir='ltr'>καὶ</span> <span class='ocrx_word' id='word_1_567' title='bbox 3384 2401 3477 2458; x_wconf 84' lang='grc' dir='ltr'>διὰ</span> <span class='ocrx_word' id='word_1_568' title='bbox 3502 2409 3683 2477; x_wconf 87' lang='grc' dir='ltr'>χειρὸς</span> <span class='ocrx_word' id='word_1_569' title='bbox 3730 2408 3881 2477; x_wconf 82' lang='grc' dir='ltr'>ἔχον-</span> 
     </span>
    </p>
   </div>
   <div class='ocr_carea' id='block_1_84' title="bbox 2274 2491 3881 2570">
    <p class='ocr_par' dir='ltr' id='par_1_84' title="bbox 2274 2491 3881 2570">
     <span class='ocr_line' id='line_1_84' title="bbox 2274 2491 3881 2570; baseline 0.002 -25"><span class='ocrx_word' id='word_1_570' title='bbox 2274 2512 2356 2553; x_wconf 88' lang='grc' dir='ltr'><strong>τες</strong></span> <span class='ocrx_word' id='word_1_571' title='bbox 2381 2496 2430 2546; x_wconf 82' lang='grc' dir='ltr'><strong>οἱ</strong></span> <span class='ocrx_word' id='word_1_572' title='bbox 2461 2491 2647 2566; x_wconf 77' lang='grc' dir='ltr'>δήμιοι</span> <span class='ocrx_word' id='word_1_573' title='bbox 2696 2497 2786 2557; x_wconf 86' lang='grc' dir='ltr'><strong>τὰς</strong></span> <span class='ocrx_word' id='word_1_574' title='bbox 2821 2492 3125 2566; x_wconf 75' lang='grc' dir='ltr'>λαμπάδας,</span> <span class='ocrx_word' id='word_1_575' title='bbox 3152 2500 3453 2570; x_wconf 73' lang='grc' dir='ltr'>προσῄεσαν</span> <span class='ocrx_word' id='word_1_576' title='bbox 3482 2497 3616 2548; x_wconf 85' lang='grc' dir='ltr'>κατὰ</span> <span class='ocrx_word' id='word_1_577' title='bbox 3644 2502 3737 2547; x_wconf 91' lang='grc' dir='ltr'><strong>τοῦ</strong></span> <span class='ocrx_word' id='word_1_578' title='bbox 3764 2515 3881 2569; x_wconf 84' lang='grc' dir='ltr'>τρο-</span> 
     </span>
    </p>
   </div>
   <div class='ocr_carea' id='block_1_85' title="bbox 2273 2585 3879 2658">
    <p class='ocr_par' dir='ltr' id='par_1_85' title="bbox 2273 2585 3879 2658">
     <span class='ocr_line' id='line_1_85' title="bbox 2273 2585 3879 2658; baseline 0.002 -25"><span class='ocrx_word' id='word_1_579' title='bbox 2273 2589 2379 2653; x_wconf 87' lang='grc' dir='ltr'><strong>χοῦ</strong></span> <span class='ocrx_word' id='word_1_580' title='bbox 2428 2586 2678 2654; x_wconf 85' lang='grc' dir='ltr'>τεταμένῳ</span> <span class='ocrx_word' id='word_1_581' title='bbox 2732 2591 2804 2653; x_wconf 86' lang='grc' dir='ltr'>τῷ</span> <span class='ocrx_word' id='word_1_582' title='bbox 2861 2585 3108 2658; x_wconf 81' lang='grc' dir='ltr'>μάρτυρι,</span> <span class='ocrx_word' id='word_1_583' title='bbox 3144 2591 3247 2653; x_wconf 86' lang='grc' dir='ltr'><strong>πῦρ</strong></span> <span class='ocrx_word' id='word_1_584' title='bbox 3296 2588 3546 2649; x_wconf 83' lang='grc' dir='ltr'>πνέοντες,</span> <span class='ocrx_word' id='word_1_585' title='bbox 3588 2591 3691 2657; x_wconf 85' lang='grc' dir='ltr'><strong>πῦρ</strong></span> <span class='ocrx_word' id='word_1_586' title='bbox 3724 2585 3879 2658; x_wconf 61' lang='grc' dir='ltr'>ὁρῶν.</span> 
     </span>
    </p>
   </div>
   <div class='ocr_carea' id='block_1_86' title="bbox 2273 2672 3878 2745">
    <p class='ocr_par' dir='ltr' id='par_1_86' title="bbox 2273 2672 3878 2745">
     <span class='ocr_line' id='line_1_86' title="bbox 2273 2672 3878 2745; baseline 0.001 -22"><span class='ocrx_word' id='word_1_587' title='bbox 2273 2688 2372 2736; x_wconf 85' lang='grc' dir='ltr'>τες,</span> <span class='ocrx_word' id='word_1_588' title='bbox 2429 2678 2533 2743; x_wconf 87' lang='grc' dir='ltr'><strong>πῦρ</strong></span> <span class='ocrx_word' id='word_1_589' title='bbox 2587 2675 2835 2745; x_wconf 86' lang='grc' dir='ltr'>φέροντες,</span> <span class='ocrx_word' id='word_1_590' title='bbox 2880 2672 3050 2743; x_wconf 85' lang='grc' dir='ltr'>πολλῷ</span> <span class='ocrx_word' id='word_1_591' title='bbox 3095 2674 3192 2734; x_wconf 83' lang='grc' dir='ltr'><strong>τὰς</strong></span> <span class='ocrx_word' id='word_1_592' title='bbox 3232 2673 3419 2745; x_wconf 79' lang='grc' dir='ltr'>ψυχὰς</span> <span class='ocrx_word' id='word_1_593' title='bbox 3456 2672 3532 2725; x_wconf 80' lang='grc' dir='ltr'><strong>ἐπ’</strong></span> <span class='ocrx_word' id='word_1_594' title='bbox 3580 2673 3736 2725; x_wconf 75' lang='grc' dir='ltr'>αὐτόν</span> <span class='ocrx_word' id='word_1_595' title='bbox 3783 2682 3878 2726; x_wconf 87' lang='grc' dir='ltr'><strong>τοῦ</strong></span> 
     </span>
    </p>
   </div>
   <div class='ocr_carea' id='block_1_87' title="bbox 2273 2757 3877 2836">
    <p class='ocr_par' dir='ltr' id='par_1_87' title="bbox 2273 2757 3877 2836">
     <span class='ocr_line' id='line_1_87' title="bbox 2273 2757 3877 2836; baseline 0.001 -25"><span class='ocrx_word' id='word_1_596' title='bbox 2273 2757 2321 2810; x_wconf 78' lang='grc' dir='ltr'>ἓν</span> <span class='ocrx_word' id='word_1_597' title='bbox 2372 2765 2532 2832; x_wconf 82' lang='grc' dir='ltr'>χερσὶ</span> <span class='ocrx_word' id='word_1_598' title='bbox 2577 2764 2738 2835; x_wconf 87' lang='grc' dir='ltr'>πυρὸς</span> <span class='ocrx_word' id='word_1_599' title='bbox 2788 2763 3090 2836; x_wconf 88' lang='grc' dir='ltr'>θερμότερον</span> <span class='ocrx_word' id='word_1_600' title='bbox 3151 2765 3364 2828; x_wconf 86' lang='grc' dir='ltr'>ζέοντες,</span> <span class='ocrx_word' id='word_1_601' title='bbox 3432 2766 3649 2835; x_wconf 88' lang='grc' dir='ltr'>μονονοὺ</span> <span class='ocrx_word' id='word_1_602' title='bbox 3709 2761 3877 2834; x_wconf 81' lang='grc' dir='ltr'>φλόγα</span> 
     </span>
    </p>
   </div>
   <div class='ocr_carea' id='block_1_88' title="bbox 2271 2847 3876 2925">
    <p class='ocr_par' dir='ltr' id='par_1_88' title="bbox 2271 2847 3876 2925">
     <span class='ocr_line' id='line_1_88' title="bbox 2271 2847 3876 2925; baseline 0.002 -25"><span class='ocrx_word' id='word_1_603' title='bbox 2271 2852 2357 2901; x_wconf 88' lang='grc' dir='ltr'>τὸν</span> <span class='ocrx_word' id='word_1_604' title='bbox 2412 2847 2640 2909; x_wconf 80' lang='grc' dir='ltr'>ἀθλητὴν</span> <span class='ocrx_word' id='word_1_605' title='bbox 2667 2858 2885 2910; x_wconf 81' lang='grc' dir='ltr'>ποιῆσαι</span> <span class='ocrx_word' id='word_1_606' title='bbox 2919 2850 3160 2923; x_wconf 87' lang='grc' dir='ltr'>οἰόμενοι.</span> <span class='ocrx_word' id='word_1_607' title='bbox 3192 2851 3281 2914; x_wconf 80' lang='grc' dir='ltr'>Ὡς</span> <span class='ocrx_word' id='word_1_608' title='bbox 3312 2848 3371 2905; x_wconf 73' lang='grc' dir='ltr'>δὲ</span> <span class='ocrx_word' id='word_1_609' title='bbox 3400 2848 3506 2911; x_wconf 86' lang='grc' dir='ltr'><strong>ἤδη</strong></span> <span class='ocrx_word' id='word_1_610' title='bbox 3540 2859 3634 2904; x_wconf 90' lang='grc' dir='ltr'><strong>τοῦ</strong></span> <span class='ocrx_word' id='word_1_611' title='bbox 3664 2859 3876 2925; x_wconf 79' lang='grc' dir='ltr'>τροχοῦ</span> 
     </span>
    </p>
   </div>
   <div class='ocr_carea' id='block_1_89' title="bbox 2271 2935 3872 3014">
    <p class='ocr_par' dir='ltr' id='par_1_89' title="bbox 2271 2935 3872 3014">
     <span class='ocr_line' id='line_1_89' title="bbox 2271 2935 3872 3014; baseline 0.002 -26"><span class='ocrx_word' id='word_1_612' title='bbox 2271 2936 2490 2995; x_wconf 82' lang='grc' dir='ltr'>πλησίον</span> <span class='ocrx_word' id='word_1_613' title='bbox 2546 2935 2701 2997; x_wconf 78' lang='grc' dir='ltr'>ἦλθον</span> <span class='ocrx_word' id='word_1_614' title='bbox 2758 2943 2821 3005; x_wconf 86' lang='grc' dir='ltr'><strong>(ὦ</strong></span> <span class='ocrx_word' id='word_1_615' title='bbox 2882 2941 3192 3011; x_wconf 85' lang='grc' dir='ltr'>θαυμαστῆς</span> <span class='ocrx_word' id='word_1_616' title='bbox 3242 2959 3334 2992; x_wconf 91' lang='grc' dir='ltr'><strong>σου</strong></span> <span class='ocrx_word' id='word_1_617' title='bbox 3387 2944 3505 3014; x_wconf 84' lang='grc' dir='ltr'>περὶ</span> <span class='ocrx_word' id='word_1_618' title='bbox 3551 2944 3638 2992; x_wconf 80' lang='grc' dir='ltr'>τὸν</span> <span class='ocrx_word' id='word_1_619' title='bbox 3679 2936 3872 3013; x_wconf 76' lang='grc' dir='ltr'>ἄνδρα,</span> 
     </span>
    </p>
   </div>
   <div class='ocr_carea' id='block_1_90' title="bbox 2270 3024 3873 3101">
    <p class='ocr_par' dir='ltr' id='par_1_90' title="bbox 2270 3024 3873 3101">
     <span class='ocr_line' id='line_1_90' title="bbox 2270 3024 3873 3101; baseline 0 -21"><span class='ocrx_word' id='word_1_620' title='bbox 2270 3030 2486 3100; x_wconf 78' lang='grc' dir='ltr'>Χριστὲ,</span> <span class='ocrx_word' id='word_1_621' title='bbox 2533 3024 2802 3099; x_wconf 86' lang='grc' dir='ltr'>δυνάμεως</span> <span class='ocrx_word' id='word_1_622' title='bbox 2835 3028 3046 3099; x_wconf 76' lang='grc' dir='ltr'>Ῑ)ἔστη</span> <span class='ocrx_word' id='word_1_623' title='bbox 3092 3030 3183 3101; x_wconf 74' lang='grc' dir='ltr'><strong>μεν</strong></span> <span class='ocrx_word' id='word_1_624' title='bbox 3235 3029 3380 3090; x_wconf 76' lang='grc' dir='ltr'>εὐθὺς</span> <span class='ocrx_word' id='word_1_625' title='bbox 3428 3028 3620 3082; x_wconf 75' lang='grc' dir='ltr'>ἐκείνου</span> <span class='ocrx_word' id='word_1_626' title='bbox 3660 3037 3757 3091; x_wconf 80' lang='grc' dir='ltr'>τῆς</span> <span class='ocrx_word' id='word_1_627' title='bbox 3796 3049 3873 3080; x_wconf 88' lang='grc' dir='ltr'>κι-</span> 
     </span>
    </p>
   </div>
   <div class='ocr_carea' id='block_1_91' title="bbox 2194 3113 3871 3206">
    <p class='ocr_par' dir='ltr' id='par_1_91' title="bbox 2194 3113 3871 3206">
     <span class='ocr_line' id='line_1_91' title="bbox 2194 3113 3871 3206; baseline 0.002 -40"><span class='ocrx_word' id='word_1_628' title='bbox 2194 3150 2233 3206; x_wconf 79' lang='lat' dir='ltr'>C</span> <span class='ocrx_word' id='word_1_629' title='bbox 2267 3121 2483 3179; x_wconf 80' lang='grc' dir='ltr'>νὴσεως·</span> <span class='ocrx_word' id='word_1_630' title='bbox 2540 3119 2589 3169; x_wconf 84' lang='grc' dir='ltr'>οἱ</span> <span class='ocrx_word' id='word_1_631' title='bbox 2644 3113 2703 3170; x_wconf 70' lang='grc' dir='ltr'>δὲ</span> <span class='ocrx_word' id='word_1_632' title='bbox 2754 3119 2890 3169; x_wconf 85' lang='grc' dir='ltr'><strong>κατά</strong></span> <span class='ocrx_word' id='word_1_633' title='bbox 2941 3126 3042 3189; x_wconf 82' lang='grc' dir='ltr'>γῆς</span> <span class='ocrx_word' id='word_1_634' title='bbox 3093 3122 3349 3170; x_wconf 86' lang='grc' dir='ltr'>πίπτουσι</span> <span class='ocrx_word' id='word_1_635' title='bbox 3404 3122 3493 3170; x_wconf 85' lang='grc' dir='ltr'>καὶ</span> <span class='ocrx_word' id='word_1_636' title='bbox 3550 3116 3871 3193; x_wconf 74' lang='grc' dir='ltr'>ὑπορρέουσι</span> 
     </span>
    </p>
   </div>
   <div class='ocr_carea' id='block_1_92' title="bbox 2266 3203 3871 3280">
    <p class='ocr_par' dir='ltr' id='par_1_92' title="bbox 2266 3203 3871 3280">
     <span class='ocr_line' id='line_1_92' title="bbox 2266 3203 3871 3280; baseline 0.002 -25"><span class='ocrx_word' id='word_1_637' title='bbox 2266 3212 2362 3256; x_wconf 86' lang='grc' dir='ltr'>τῶν</span> <span class='ocrx_word' id='word_1_638' title='bbox 2412 3213 2607 3279; x_wconf 88' lang='grc' dir='ltr'>χειρῶν</span> <span class='ocrx_word' id='word_1_639' title='bbox 2652 3207 2705 3257; x_wconf 86' lang='grc' dir='ltr'>αἰ</span> <span class='ocrx_word' id='word_1_640' title='bbox 2752 3203 3044 3277; x_wconf 81' lang='grc' dir='ltr'>λαμπάδες·</span> <span class='ocrx_word' id='word_1_641' title='bbox 3103 3209 3157 3259; x_wconf 84' lang='grc' dir='ltr'>αἱ</span> <span class='ocrx_word' id='word_1_642' title='bbox 3228 3203 3286 3259; x_wconf 71' lang='grc' dir='ltr'>δὲ</span> <span class='ocrx_word' id='word_1_643' title='bbox 3357 3214 3528 3280; x_wconf 86' lang='grc' dir='ltr'>χεῖρες</span> <span class='ocrx_word' id='word_1_644' title='bbox 3590 3206 3871 3279; x_wconf 85' lang='grc' dir='ltr'>ἀμελοῦσιν</span> 
     </span>
    </p>
   </div>
   <div class='ocr_carea' id='block_1_93' title="bbox 2269 3291 3874 3368">
    <p class='ocr_par' dir='ltr' id='par_1_93' title="bbox 2269 3291 3874 3368">
     <span class='ocr_line' id='line_1_93' title="bbox 2269 3291 3874 3368; baseline 0.003 -26"><span class='ocrx_word' id='word_1_645' title='bbox 2269 3292 2434 3343; x_wconf 74' lang='grc' dir='ltr'>αὐτῶν</span> <span class='ocrx_word' id='word_1_646' title='bbox 2466 3297 2555 3344; x_wconf 84' lang='grc' dir='ltr'>καὶ</span> <span class='ocrx_word' id='word_1_647' title='bbox 2595 3295 2778 3365; x_wconf 84' lang='grc' dir='ltr'>ἔρημοι</span> <span class='ocrx_word' id='word_1_648' title='bbox 2834 3291 2941 3353; x_wconf 79' lang='grc' dir='ltr'><strong>ἤδη</strong></span> <span class='ocrx_word' id='word_1_649' title='bbox 2992 3294 3240 3368; x_wconf 77' lang='grc' dir='ltr'>ἀφεῖνται,</span> <span class='ocrx_word' id='word_1_650' title='bbox 3290 3294 3462 3368; x_wconf 82' lang='grc' dir='ltr'>ὥσπερ</span> <span class='ocrx_word' id='word_1_651' title='bbox 3512 3296 3673 3348; x_wconf 79' lang='grc' dir='ltr'>ὕπνον</span> <span class='ocrx_word' id='word_1_652' title='bbox 3734 3298 3874 3357; x_wconf 86' lang='grc' dir='ltr'>τινὸς</span> 
     </span>
    </p>
   </div>
   <div class='ocr_carea' id='block_1_94' title="bbox 2268 3379 3871 3456">
    <p class='ocr_par' dir='ltr' id='par_1_94' title="bbox 2268 3379 3871 3456">
     <span class='ocr_line' id='line_1_94' title="bbox 2268 3379 3871 3456; baseline 0.002 -25"><span class='ocrx_word' id='word_1_653' title='bbox 2268 3379 2432 3442; x_wconf 85' lang='grc' dir='ltr'>αῦτάς</span> <span class='ocrx_word' id='word_1_654' title='bbox 2473 3380 3017 3454; x_wconf 82' lang='grc' dir='ltr'>καταρῥαθυμοῦντος.</span> <span class='ocrx_word' id='word_1_655' title='bbox 3058 3382 3177 3435; x_wconf 88' lang='grc' dir='ltr'><strong>Ἐπὶ</strong></span> <span class='ocrx_word' id='word_1_656' title='bbox 3231 3386 3430 3445; x_wconf 79' lang='grc' dir='ltr'>τούτοις</span> <span class='ocrx_word' id='word_1_657' title='bbox 3487 3383 3613 3456; x_wconf 80' lang='grc' dir='ltr'>ὀργὴ</span> <span class='ocrx_word' id='word_1_658' title='bbox 3673 3383 3871 3455; x_wconf 64' lang='grc' dir='ltr'>λαμϐά-</span> 
     </span>
    </p>
   </div>
   <div class='ocr_carea' id='block_1_95' title="bbox 2267 3467 3867 3545">
    <p class='ocr_par' dir='ltr' id='par_1_95' title="bbox 2267 3467 3867 3545">
     <span class='ocr_line' id='line_1_95' title="bbox 2267 3467 3867 3545; baseline 0.002 -24"><span class='ocrx_word' id='word_1_659' title='bbox 2267 3489 2341 3523; x_wconf 85' lang='grc' dir='ltr'><strong>νει</strong></span> <span class='ocrx_word' id='word_1_660' title='bbox 2377 3473 2463 3521; x_wconf 90' lang='grc' dir='ltr'>τὸν</span> <span class='ocrx_word' id='word_1_661' title='bbox 2518 3467 2739 3541; x_wconf 84' lang='grc' dir='ltr'>βασιλέα</span> <span class='ocrx_word' id='word_1_662' title='bbox 2780 3476 2869 3523; x_wconf 84' lang='grc' dir='ltr'>καὶ</span> <span class='ocrx_word' id='word_1_663' title='bbox 2913 3480 3080 3532; x_wconf 82' lang='grc' dir='ltr'>κακῶς</span> <span class='ocrx_word' id='word_1_664' title='bbox 3122 3472 3261 3544; x_wconf 63' lang='grc' dir='ltr'>ᾓεγε</span> <span class='ocrx_word' id='word_1_665' title='bbox 3303 3476 3421 3534; x_wconf 83' lang='grc' dir='ltr'>τοὺς</span> <span class='ocrx_word' id='word_1_666' title='bbox 3467 3469 3715 3545; x_wconf 85' lang='grc' dir='ltr'>δημίους,</span> <span class='ocrx_word' id='word_1_667' title='bbox 3748 3473 3867 3525; x_wconf 82' lang='grc' dir='ltr'>ὀλι-</span> 
     </span>
    </p>
   </div>
   <div class='ocr_carea' id='block_1_96' title="bbox 2267 3559 3871 3633">
    <p class='ocr_par' dir='ltr' id='par_1_96' title="bbox 2267 3559 3871 3633">
     <span class='ocr_line' id='line_1_96' title="bbox 2267 3559 3871 3633; baseline 0.002 -22"><span class='ocrx_word' id='word_1_668' title='bbox 2267 3563 2461 3632; x_wconf 86' lang='grc' dir='ltr'>γωρίαν</span> <span class='ocrx_word' id='word_1_669' title='bbox 2493 3578 2546 3612; x_wconf 85' lang='grc' dir='ltr'><strong>τε</strong></span> <span class='ocrx_word' id='word_1_670' title='bbox 2590 3559 2762 3619; x_wconf 78' lang='grc' dir='ltr'>αὐτοῖς</span> <span class='ocrx_word' id='word_1_671' title='bbox 2812 3568 2911 3612; x_wconf 84' lang='grc' dir='ltr'>τῶν</span> <span class='ocrx_word' id='word_1_672' title='bbox 2962 3560 3294 3632; x_wconf 85' lang='grc' dir='ltr'>προστάξεων</span> <span class='ocrx_word' id='word_1_673' title='bbox 3343 3560 3561 3614; x_wconf 80' lang='grc' dir='ltr'>ἐνεκάλει</span> <span class='ocrx_word' id='word_1_674' title='bbox 3608 3568 3699 3614; x_wconf 83' lang='grc' dir='ltr'>καὶ</span> <span class='ocrx_word' id='word_1_675' title='bbox 3743 3560 3871 3633; x_wconf 81' lang='grc' dir='ltr'>ἀμέ-</span> 
     </span>
    </p>
   </div>
   <div class='ocr_carea' id='block_1_97' title="bbox 2267 3646 3872 3723">
    <p class='ocr_par' dir='ltr' id='par_1_97' title="bbox 2267 3646 3872 3723">
     <span class='ocr_line' id='line_1_97' title="bbox 2267 3646 3872 3723; baseline 0.002 -23"><span class='ocrx_word' id='word_1_676' title='bbox 2267 3648 2404 3701; x_wconf 90' lang='grc' dir='ltr'>λειαν</span> <span class='ocrx_word' id='word_1_677' title='bbox 2455 3656 2552 3699; x_wconf 87' lang='grc' dir='ltr'>τῶν</span> <span class='ocrx_word' id='word_1_678' title='bbox 2601 3649 2649 3699; x_wconf 86' lang='grc' dir='ltr'>ἐν</span> <span class='ocrx_word' id='word_1_679' title='bbox 2695 3654 2857 3723; x_wconf 88' lang='grc' dir='ltr'>χερσὶ</span> <span class='ocrx_word' id='word_1_680' title='bbox 2916 3646 3199 3722; x_wconf 84' lang='grc' dir='ltr'>φροντίδων</span> <span class='ocrx_word' id='word_1_681' title='bbox 3264 3654 3371 3703; x_wconf 73' lang='grc' dir='ltr'>καίο</span> <span class='ocrx_word' id='word_1_682' title='bbox 3427 3658 3546 3714; x_wconf 87' lang='grc' dir='ltr'><strong>Πῶς</strong></span> <span class='ocrx_word' id='word_1_683' title='bbox 3598 3650 3670 3712; x_wconf 84' lang='grc' dir='ltr'><strong>εἰς</strong></span> <span class='ocrx_word' id='word_1_684' title='bbox 3718 3658 3872 3703; x_wconf 89' lang='grc' dir='ltr'>τοῦτο</span> 
     </span>
    </p>
   </div>
   <div class='ocr_carea' id='block_1_98' title="bbox 2267 3736 3871 3810">
    <p class='ocr_par' dir='ltr' id='par_1_98' title="bbox 2267 3736 3871 3810">
     <span class='ocr_line' id='line_1_98' title="bbox 2267 3736 3871 3810; baseline 0.002 -21"><span class='ocrx_word' id='word_1_685' title='bbox 2267 3738 2478 3810; x_wconf 87' lang='grc' dir='ltr'>τόλμης,</span> <span class='ocrx_word' id='word_1_686' title='bbox 2534 3736 2718 3808; x_wconf 81' lang='grc' dir='ltr'>ἔλεγεν,</span> <span class='ocrx_word' id='word_1_687' title='bbox 2775 3738 2915 3810; x_wconf 82' lang='grc' dir='ltr'>ὑμεῖς</span> <span class='ocrx_word' id='word_1_688' title='bbox 2983 3739 3180 3803; x_wconf 76' lang='grc' dir='ltr'>ἤλθετε,</span> <span class='ocrx_word' id='word_1_689' title='bbox 3234 3741 3314 3793; x_wconf 86' lang='grc' dir='ltr'>ὅτι</span> <span class='ocrx_word' id='word_1_690' title='bbox 3374 3746 3463 3793; x_wconf 79' lang='grc' dir='ltr'>καὶ</span> <span class='ocrx_word' id='word_1_691' title='bbox 3529 3743 3669 3801; x_wconf 82' lang='grc' dir='ltr'>ὄκνος</span> <span class='ocrx_word' id='word_1_692' title='bbox 3744 3739 3871 3793; x_wconf 87' lang='grc' dir='ltr'>εἷλεν</span> 
     </span>
    </p>
   </div>
   <div class='ocr_carea' id='block_1_99' title="bbox 2268 3828 3872 3903">
    <p class='ocr_par' dir='ltr' id='par_1_99' title="bbox 2268 3828 3872 3903">
     <span class='ocr_line' id='line_1_99' title="bbox 2268 3828 3872 3903; baseline 0.002 -25"><span class='ocrx_word' id='word_1_693' title='bbox 2268 3828 2399 3897; x_wconf 88' lang='grc' dir='ltr'>ύμᾶς</span> <span class='ocrx_word' id='word_1_694' title='bbox 2446 3830 2533 3877; x_wconf 83' lang='grc' dir='ltr'>καὶ</span> <span class='ocrx_word' id='word_1_695' title='bbox 2576 3833 2757 3878; x_wconf 83' lang='grc' dir='ltr'>τοῦτον</span> <span class='ocrx_word' id='word_1_696' title='bbox 2802 3835 2892 3879; x_wconf 90' lang='grc' dir='ltr'><strong>τοῦ</strong></span> <span class='ocrx_word' id='word_1_697' title='bbox 2942 3830 3191 3903; x_wconf 80' lang='grc' dir='ltr'>ἡμετέρου</span> <span class='ocrx_word' id='word_1_698' title='bbox 3244 3831 3645 3903; x_wconf 85' lang='grc' dir='ltr'>προστάγματος</span> <span class='ocrx_word' id='word_1_699' title='bbox 3694 3831 3872 3882; x_wconf 81' lang='grc' dir='ltr'>ἔθεσθε</span> 
     </span>
    </p>
   </div>
   <div class='ocr_carea' id='block_1_100' title="bbox 2268 3915 3865 3990">
    <p class='ocr_par' dir='ltr' id='par_1_100' title="bbox 2268 3915 3865 3990">
     <span class='ocr_line' id='line_1_100' title="bbox 2268 3915 3865 3990; baseline 0.003 -23"><span class='ocrx_word' id='word_1_700' title='bbox 2268 3918 2658 3987; x_wconf 84' lang='grc' dir='ltr'>προτιμότερον,</span> <span class='ocrx_word' id='word_1_701' title='bbox 2701 3916 2769 3976; x_wconf 83' lang='grc' dir='ltr'>ὡς</span> <span class='ocrx_word' id='word_1_702' title='bbox 2830 3915 3046 3987; x_wconf 81' lang='grc' dir='ltr'>ἡμιτελῆ</span> <span class='ocrx_word' id='word_1_703' title='bbox 3108 3920 3197 3988; x_wconf 70' lang='grc' dir='ltr'>μὲν</span> <span class='ocrx_word' id='word_1_704' title='bbox 3252 3920 3318 3970; x_wconf 85' lang='grc' dir='ltr'><strong>τά</strong></span> <span class='ocrx_word' id='word_1_705' title='bbox 3374 3916 3724 3990; x_wconf 83' lang='grc' dir='ltr'>ἐπιταχθέντα</span> <span class='ocrx_word' id='word_1_706' title='bbox 3776 3938 3865 3971; x_wconf 82' lang='grc' dir='ltr'>κα-</span> 
     </span>
    </p>
   </div>
   <div class='ocr_carea' id='block_1_101' title="bbox 2268 4001 3870 4079">
    <p class='ocr_par' dir='ltr' id='par_1_101' title="bbox 2268 4001 3870 4079">
     <span class='ocr_line' id='line_1_101' title="bbox 2268 4001 3870 4079; baseline 0.003 -25"><span class='ocrx_word' id='word_1_707' title='bbox 2268 4002 2520 4067; x_wconf 87' lang='grc' dir='ltr'>ταλιπεῖν,</span> <span class='ocrx_word' id='word_1_708' title='bbox 2570 4003 2948 4062; x_wconf 81' lang='grc' dir='ltr'>κατακλιθῆναι</span> <span class='ocrx_word' id='word_1_709' title='bbox 3005 4001 3063 4057; x_wconf 67' lang='grc' dir='ltr'>δὲ</span> <span class='ocrx_word' id='word_1_710' title='bbox 3106 4013 3177 4076; x_wconf 84' lang='grc' dir='ltr'>τῷ</span> <span class='ocrx_word' id='word_1_711' title='bbox 3236 4003 3435 4079; x_wconf 81' lang='grc' dir='ltr'>ἐδάφει,</span> <span class='ocrx_word' id='word_1_712' title='bbox 3482 4009 3564 4060; x_wconf 89' lang='grc' dir='ltr'>ἳνα</span> <span class='ocrx_word' id='word_1_713' title='bbox 3613 4012 3703 4059; x_wconf 81' lang='grc' dir='ltr'>καὶ</span> <span class='ocrx_word' id='word_1_714' title='bbox 3748 4006 3870 4059; x_wconf 75' lang='grc' dir='ltr'>ἐαυ-</span> 
     </span>
    </p>
   </div>
   <div class='ocr_carea' id='block_1_102' title="bbox 2266 4095 3857 4167">
    <p class='ocr_par' dir='ltr' id='par_1_102' title="bbox 2266 4095 3857 4167">
     <span class='ocr_line' id='line_1_102' title="bbox 2266 4095 3857 4167; baseline 0.004 -24"><span class='ocrx_word' id='word_1_715' title='bbox 2266 4100 2377 4154; x_wconf 89' lang='grc' dir='ltr'>τοῐς</span> <span class='ocrx_word' id='word_1_716' title='bbox 2436 4112 2483 4144; x_wconf 89' lang='grc' dir='ltr'><strong>τι</strong></span> <span class='ocrx_word' id='word_1_717' title='bbox 2528 4095 2834 4167; x_wconf 84' lang='grc' dir='ltr'>χαρίσησθε</span> <span class='ocrx_word' id='word_1_718' title='bbox 2885 4098 2973 4146; x_wconf 84' lang='grc' dir='ltr'>καὶ</span> <span class='ocrx_word' id='word_1_719' title='bbox 3042 4100 3397 4157; x_wconf 87' lang='grc' dir='ltr'>πεπονηκότας</span> <span class='ocrx_word' id='word_1_720' title='bbox 3442 4095 3496 4147; x_wconf 84' lang='grc' dir='ltr'>ἐκ</span> <span class='ocrx_word' id='word_1_721' title='bbox 3545 4105 3636 4149; x_wconf 89' lang='grc' dir='ltr'><strong>τοῦ</strong></span> <span class='ocrx_word' id='word_1_722' title='bbox 3694 4103 3857 4149; x_wconf 85' lang='grc' dir='ltr'>κόπου</span> 
     </span>
    </p>
   </div>
   <div class='ocr_carea' id='block_1_103' title="bbox 2270 4177 3862 4256">
    <p class='ocr_par' dir='ltr' id='par_1_103' title="bbox 2270 4177 3862 4256">
     <span class='ocr_line' id='line_1_103' title="bbox 2270 4177 3862 4256; baseline 0.003 -23"><span class='ocrx_word' id='word_1_723' title='bbox 2270 4177 2715 4249; x_wconf 83' lang='grc' dir='ltr'>διαναπαύσητε;</span> <span class='ocrx_word' id='word_1_724' title='bbox 2771 4188 2928 4256; x_wconf 79' lang='grc' dir='ltr'>Ὁρᾷς</span> <span class='ocrx_word' id='word_1_725' title='bbox 2979 4186 3048 4244; x_wconf 82' lang='grc' dir='ltr'>ὡς</span> <span class='ocrx_word' id='word_1_726' title='bbox 3123 4181 3247 4237; x_wconf 76' lang='grc' dir='ltr'>οῦδὲ</span> <span class='ocrx_word' id='word_1_727' title='bbox 3324 4184 3590 4238; x_wconf 80' lang='grc' dir='ltr'>ἀναλαϐεῖν</span> <span class='ocrx_word' id='word_1_728' title='bbox 3650 4186 3862 4249; x_wconf 78' lang='grc' dir='ltr'>ἑαυτοὺς</span> 
     </span>
    </p>
   </div>
   <div class='ocr_carea' id='block_1_104' title="bbox 2269 4266 3864 4346">
    <p class='ocr_par' dir='ltr' id='par_1_104' title="bbox 2269 4266 3864 4346">
     <span class='ocr_line' id='line_1_104' title="bbox 2269 4266 3864 4346; baseline 0.003 -24"><span class='ocrx_word' id='word_1_729' title='bbox 2269 4266 2517 4323; x_wconf 87' lang='grc' dir='ltr'>δύνανται</span> <span class='ocrx_word' id='word_1_730' title='bbox 2579 4268 2702 4324; x_wconf 74' lang='grc' dir='ltr'>οῦδὲ</span> <span class='ocrx_word' id='word_1_731' title='bbox 2750 4274 3063 4345; x_wconf 79' lang='grc' dir='ltr'>χρήσασθαι</span> <span class='ocrx_word' id='word_1_732' title='bbox 3123 4280 3238 4335; x_wconf 83' lang='grc' dir='ltr'>ταῖς</span> <span class='ocrx_word' id='word_1_733' title='bbox 3302 4279 3491 4346; x_wconf 84' lang='grc' dir='ltr'>χερσὶν</span> <span class='ocrx_word' id='word_1_734' title='bbox 3566 4276 3632 4335; x_wconf 83' lang='grc' dir='ltr'><strong>εἰς</strong></span> <span class='ocrx_word' id='word_1_735' title='bbox 3703 4272 3864 4342; x_wconf 86' lang='grc' dir='ltr'>δέον;</span> 
     </span>
    </p>
   </div>
   <div class='ocr_carea' id='block_1_105' title="bbox 2269 4358 3865 4434">
    <p class='ocr_par' dir='ltr' id='par_1_105' title="bbox 2269 4358 3865 4434">
     <span class='ocr_line' id='line_1_105' title="bbox 2269 4358 3865 4434; baseline 0.004 -25"><span class='ocrx_word' id='word_1_736' title='bbox 2269 4358 2463 4430; x_wconf 81' lang='grc' dir='ltr'>ἀγνοῶν</span> <span class='ocrx_word' id='word_1_737' title='bbox 2516 4361 2541 4411; x_wconf 89' lang='grc' dir='ltr'><strong><em>ὁ</em></strong></span> <span class='ocrx_word' id='word_1_738' title='bbox 2594 4361 2834 4430; x_wconf 85' lang='grc' dir='ltr'>μάταιος,</span> <span class='ocrx_word' id='word_1_739' title='bbox 2891 4362 2973 4413; x_wconf 85' lang='grc' dir='ltr'>ὅτι</span> <span class='ocrx_word' id='word_1_740' title='bbox 3021 4364 3132 4413; x_wconf 86' lang='grc' dir='ltr'>θεία</span> <span class='ocrx_word' id='word_1_741' title='bbox 3178 4359 3401 4434; x_wconf 86' lang='grc' dir='ltr'>δύναμις</span> <span class='ocrx_word' id='word_1_742' title='bbox 3440 4362 3647 4417; x_wconf 80' lang='grc' dir='ltr'>ἔσϐεσεν</span> <span class='ocrx_word' id='word_1_743' title='bbox 3703 4364 3865 4416; x_wconf 75' lang='grc' dir='ltr'>αὐτῶν</span> 
     </span>
    </p>
   </div>
   <div class='ocr_carea' id='block_1_106' title="bbox 2268 4446 3862 4525">
    <p class='ocr_par' dir='ltr' id='par_1_106' title="bbox 2268 4446 3862 4525">
     <span class='ocr_line' id='line_1_106' title="bbox 2268 4446 3862 4525; baseline 0.004 -26"><span class='ocrx_word' id='word_1_744' title='bbox 2268 4452 2360 4506; x_wconf 80' lang='grc' dir='ltr'>τὴν</span> <span class='ocrx_word' id='word_1_745' title='bbox 2404 4447 2584 4519; x_wconf 82' lang='grc' dir='ltr'>ἰσχὺν,</span> <span class='ocrx_word' id='word_1_746' title='bbox 2616 4446 2723 4499; x_wconf 86' lang='grc' dir='ltr'>ἀλλ’</span> <span class='ocrx_word' id='word_1_747' title='bbox 2749 4448 2876 4519; x_wconf 78' lang='grc' dir='ltr'><strong>οὐχὶ</strong></span> <span class='ocrx_word' id='word_1_748' title='bbox 2906 4453 3069 4512; x_wconf 83' lang='grc' dir='ltr'>ὄκνος.</span> <span class='ocrx_word' id='word_1_749' title='bbox 3106 4452 3172 4503; x_wconf 85' lang='grc' dir='ltr'>Οἱ</span> <span class='ocrx_word' id='word_1_750' title='bbox 3204 4448 3281 4503; x_wconf 84' lang='grc' dir='ltr'>δέ·</span> <span class='ocrx_word' id='word_1_751' title='bbox 3314 4458 3511 4516; x_wconf 89' lang='grc' dir='ltr'>Ταῦτα,</span> <span class='ocrx_word' id='word_1_752' title='bbox 3553 4454 3591 4504; x_wconf 85' lang='grc' dir='ltr'><em>ὦ</em></span> <span class='ocrx_word' id='word_1_753' title='bbox 3624 4452 3862 4525; x_wconf 84' lang='grc' dir='ltr'>βασιλεῦ,</span> 
     </span>
    </p>
   </div>
   <div class='ocr_carea' id='block_1_107' title="bbox 2271 4532 3865 4615">
    <p class='ocr_par' dir='ltr' id='par_1_107' title="bbox 2271 4532 3865 4615">
     <span class='ocr_line' id='line_1_107' title="bbox 2271 4532 3865 4615; baseline 0.003 -29"><span class='ocrx_word' id='word_1_754' title='bbox 2271 4534 2600 4604; x_wconf 83' lang='grc' dir='ltr'>ἀπεκρίνατο,</span> <span class='ocrx_word' id='word_1_755' title='bbox 2653 4532 2776 4587; x_wconf 80' lang='grc' dir='ltr'><strong>οῦδέ</strong></span> <span class='ocrx_word' id='word_1_756' title='bbox 2824 4533 3039 4609; x_wconf 83' lang='grc' dir='ltr'>βραδεῖς</span> <span class='ocrx_word' id='word_1_757' title='bbox 3097 4543 3213 4611; x_wconf 82' lang='grc' dir='ltr'>περὶ</span> <span class='ocrx_word' id='word_1_758' title='bbox 3262 4540 3351 4599; x_wconf 82' lang='grc' dir='ltr'><strong>τὰς</strong></span> <span class='ocrx_word' id='word_1_759' title='bbox 3409 4542 3507 4601; x_wconf 84' lang='grc' dir='ltr'><strong>σὰς</strong></span> <span class='ocrx_word' id='word_1_760' title='bbox 3558 4540 3865 4615; x_wconf 83' lang='grc' dir='ltr'>προστάξεις</span> 
     </span>
    </p>
   </div>
   <div class='ocr_carea' id='block_1_108' title="bbox 2269 4621 3861 4704">
    <p class='ocr_par' dir='ltr' id='par_1_108' title="bbox 2269 4621 3861 4704">
     <span class='ocr_line' id='line_1_108' title="bbox 2269 4621 3861 4704; baseline 0.003 -28"><span class='ocrx_word' id='word_1_761' title='bbox 2269 4626 2437 4695; x_wconf 77' lang='grc' dir='ltr'>ἡμεῖς,</span> <span class='ocrx_word' id='word_1_762' title='bbox 2490 4621 2613 4677; x_wconf 67' lang='grc' dir='ltr'>οῦδὲ</span> <span class='ocrx_word' id='word_1_763' title='bbox 2662 4622 2761 4676; x_wconf 81' lang='grc' dir='ltr'>ἀπὸ</span> <span class='ocrx_word' id='word_1_764' title='bbox 2812 4633 2900 4677; x_wconf 86' lang='grc' dir='ltr'><strong>τοῦ</strong></span> <span class='ocrx_word' id='word_1_765' title='bbox 2949 4626 3135 4679; x_wconf 91' lang='grc' dir='ltr'>πολλοῦ</span> <span class='ocrx_word' id='word_1_766' title='bbox 3166 4632 3329 4680; x_wconf 90' lang='grc' dir='ltr'>κόπου</span> <span class='ocrx_word' id='word_1_767' title='bbox 3361 4631 3548 4701; x_wconf 83' lang='grc' dir='ltr'>ἔκαμον</span> <span class='ocrx_word' id='word_1_768' title='bbox 3582 4632 3636 4681; x_wconf 86' lang='grc' dir='ltr'>αἰ</span> <span class='ocrx_word' id='word_1_769' title='bbox 3688 4638 3861 4704; x_wconf 85' lang='grc' dir='ltr'>χεῖρες</span> 
     </span>
    </p>
   </div>
   <div class='ocr_carea' id='block_1_109' title="bbox 2270 4712 3858 4791">
    <p class='ocr_par' dir='ltr' id='par_1_109' title="bbox 2270 4712 3858 4791">
     <span class='ocr_line' id='line_1_109' title="bbox 2270 4712 3858 4791; baseline 0.004 -26"><span class='ocrx_word' id='word_1_770' title='bbox 2270 4715 2414 4785; x_wconf 81' lang='grc' dir='ltr'>ἡμῖν,</span> <span class='ocrx_word' id='word_1_771' title='bbox 2450 4712 2576 4765; x_wconf 85' lang='grc' dir='ltr'><strong>ἀλλά</strong></span> <span class='ocrx_word' id='word_1_772' title='bbox 2615 4712 2804 4786; x_wconf 76' lang='grc' dir='ltr'>φοϐερά</span> <span class='ocrx_word' id='word_1_773' title='bbox 2847 4734 2923 4775; x_wconf 90' lang='grc' dir='ltr'><strong>τις</strong></span> <span class='ocrx_word' id='word_1_774' title='bbox 2981 4716 3102 4787; x_wconf 75' lang='grc' dir='ltr'>ὄψις</span> <span class='ocrx_word' id='word_1_775' title='bbox 3150 4716 3282 4768; x_wconf 69' lang='grc' dir='ltr'>οὕτω</span> <span class='ocrx_word' id='word_1_776' title='bbox 3329 4714 3566 4776; x_wconf 80' lang='grc' dir='ltr'>διέθηκεν</span> <span class='ocrx_word' id='word_1_777' title='bbox 3616 4721 3751 4788; x_wconf 80' lang='grc' dir='ltr'>ἡμᾶς</span> <span class='ocrx_word' id='word_1_778' title='bbox 3799 4727 3858 4791; x_wconf 76' lang='grc' dir='ltr'>τῇ</span> 
     </span>
    </p>
   </div>
   <div class='ocr_carea' id='block_1_110' title="bbox 2268 4802 3863 4878">
    <p class='ocr_par' dir='ltr' id='par_1_110' title="bbox 2268 4802 3863 4878">
     <span class='ocr_line' id='line_1_110' title="bbox 2268 4802 3863 4878; baseline 0.004 -24"><span class='ocrx_word' id='word_1_779' title='bbox 2268 4810 2335 4875; x_wconf 78' lang='grc' dir='ltr'>γῇ</span> <span class='ocrx_word' id='word_1_780' title='bbox 2386 4802 2914 4876; x_wconf 77' lang='grc' dir='ltr'>προσκαταϐαλοῦσα,</span> <span class='ocrx_word' id='word_1_781' title='bbox 2972 4810 3060 4857; x_wconf 83' lang='grc' dir='ltr'>καὶ</span> <span class='ocrx_word' id='word_1_782' title='bbox 3090 4808 3379 4878; x_wconf 83' lang='grc' dir='ltr'>παρείμεθα</span> <span class='ocrx_word' id='word_1_783' title='bbox 3423 4810 3511 4867; x_wconf 84' lang='grc' dir='ltr'><strong>τὰς</strong></span> <span class='ocrx_word' id='word_1_784' title='bbox 3566 4804 3736 4871; x_wconf 80' lang='grc' dir='ltr'>δεξιὰς</span> <span class='ocrx_word' id='word_1_785' title='bbox 3776 4812 3863 4860; x_wconf 82' lang='grc' dir='ltr'>καὶ</span> 
     </span>
    </p>
   </div>
   <div class='ocr_carea' id='block_1_111' title="bbox 2270 4887 3859 4970">
    <p class='ocr_par' dir='ltr' id='par_1_111' title="bbox 2270 4887 3859 4970">
     <span class='ocr_line' id='line_1_111' title="bbox 2270 4887 3859 4970; baseline 0.005 -29"><span class='ocrx_word' id='word_1_786' title='bbox 2270 4887 2575 4963; x_wconf 79' lang='grc' dir='ltr'>ἐκλελύμεθα</span> <span class='ocrx_word' id='word_1_787' title='bbox 2632 4888 2738 4950; x_wconf 74' lang='grc' dir='ltr'><strong>ἤδη</strong></span> <span class='ocrx_word' id='word_1_788' title='bbox 2798 4897 2885 4944; x_wconf 89' lang='grc' dir='ltr'>καὶ</span> <span class='ocrx_word' id='word_1_789' title='bbox 2931 4897 2987 4945; x_wconf 84' lang='grc' dir='ltr'>τὸ</span> <span class='ocrx_word' id='word_1_790' title='bbox 3046 4892 3157 4945; x_wconf 60' lang='grc' dir='ltr'>ὢκον</span> <span class='ocrx_word' id='word_1_791' title='bbox 3219 4893 3393 4947; x_wconf 84' lang='grc' dir='ltr'>ἃτονοι</span> <span class='ocrx_word' id='word_1_792' title='bbox 3448 4898 3859 4970; x_wconf 78' lang='grc' dir='ltr'>καθεστήκαμεν·</span> 
     </span>
    </p>
   </div>
   <div class='ocr_carea' id='block_1_112' title="bbox 2270 4976 3864 5053">
    <p class='ocr_par' dir='ltr' id='par_1_112' title="bbox 2270 4976 3864 5053">
     <span class='ocr_line' id='line_1_112' title="bbox 2270 4976 3864 5053; baseline 0.005 -24"><span class='ocrx_word' id='word_1_793' title='bbox 2270 4986 2400 5049; x_wconf 88' lang='grc' dir='ltr'>τρεῖς</span> <span class='ocrx_word' id='word_1_794' title='bbox 2450 4981 2548 5051; x_wconf 81' lang='grc' dir='ltr'><strong>γὰρ</strong></span> <span class='ocrx_word' id='word_1_795' title='bbox 2614 4976 2813 5051; x_wconf 77' lang='grc' dir='ltr'>ἄνδρες,</span> <span class='ocrx_word' id='word_1_796' title='bbox 2868 4979 3039 5033; x_wconf 79' lang='grc' dir='ltr'>λευκοὶ</span> <span class='ocrx_word' id='word_1_797' title='bbox 3096 4985 3186 5053; x_wconf 70' lang='grc' dir='ltr'>μὲν</span> <span class='ocrx_word' id='word_1_798' title='bbox 3243 4987 3336 5041; x_wconf 83' lang='grc' dir='ltr'>τὴν</span> <span class='ocrx_word' id='word_1_799' title='bbox 3402 4986 3537 5049; x_wconf 81' lang='grc' dir='ltr'>θέαν,</span> <span class='ocrx_word' id='word_1_800' title='bbox 3582 4984 3755 5037; x_wconf 88' lang='grc' dir='ltr'>λευκοὶ</span> <span class='ocrx_word' id='word_1_801' title='bbox 3808 4982 3864 5038; x_wconf 73' lang='grc' dir='ltr'>δὲ</span> 
     </span>
    </p>
   </div>
   <div class='ocr_carea' id='block_1_113' title="bbox 2269 5066 3858 5145">
    <p class='ocr_par' dir='ltr' id='par_1_113' title="bbox 2269 5066 3858 5145">
     <span class='ocr_line' id='line_1_113' title="bbox 2269 5066 3858 5145; baseline 0.003 -25"><span class='ocrx_word' id='word_1_802' title='bbox 2269 5072 2362 5125; x_wconf 82' lang='grc' dir='ltr'>τὴν</span> <span class='ocrx_word' id='word_1_803' title='bbox 2419 5066 2691 5133; x_wconf 80' lang='grc' dir='ltr'>ἀναϐολὴν,</span> <span class='ocrx_word' id='word_1_804' title='bbox 2753 5069 2956 5143; x_wconf 86' lang='grc' dir='ltr'>φοϐεροὶ</span> <span class='ocrx_word' id='word_1_805' title='bbox 3007 5075 3062 5122; x_wconf 89' lang='grc' dir='ltr'>τὸ</span> <span class='ocrx_word' id='word_1_806' title='bbox 3118 5066 3271 5136; x_wconf 83' lang='grc' dir='ltr'>εἶδος,</span> <span class='ocrx_word' id='word_1_807' title='bbox 3325 5072 3647 5145; x_wconf 74' lang='grc' dir='ltr'>ἐπιφανέντες</span> <span class='ocrx_word' id='word_1_808' title='bbox 3717 5076 3858 5145; x_wconf 79' lang='grc' dir='ltr'>ἡμῖν,</span> 
     </span>
    </p>
   </div>
   <div class='ocr_carea' id='block_1_114' title="bbox 2270 5156 3862 5234">
    <p class='ocr_par' dir='ltr' id='par_1_114' title="bbox 2270 5156 3862 5234">
     <span class='ocr_line' id='line_1_114' title="bbox 2270 5156 3862 5234; baseline 0.003 -26"><span class='ocrx_word' id='word_1_809' title='bbox 2270 5162 2453 5228; x_wconf 90' lang='grc' dir='ltr'>πικρόν</span> <span class='ocrx_word' id='word_1_810' title='bbox 2492 5176 2545 5208; x_wconf 85' lang='grc' dir='ltr'><strong>τε</strong></span> <span class='ocrx_word' id='word_1_811' title='bbox 2595 5156 2661 5217; x_wconf 80' lang='grc' dir='ltr'><strong>εἰς</strong></span> <span class='ocrx_word' id='word_1_812' title='bbox 2704 5160 2844 5229; x_wconf 80' lang='grc' dir='ltr'>ἡμᾶς</span> <span class='ocrx_word' id='word_1_813' title='bbox 2884 5164 2976 5211; x_wconf 83' lang='grc' dir='ltr'>καὶ</span> <span class='ocrx_word' id='word_1_814' title='bbox 3025 5161 3205 5234; x_wconf 78' lang='grc' dir='ltr'>ἄγριον</span> <span class='ocrx_word' id='word_1_815' title='bbox 3237 5159 3376 5213; x_wconf 87' lang='grc' dir='ltr'>εἶδον</span> <span class='ocrx_word' id='word_1_816' title='bbox 3415 5166 3591 5213; x_wconf 86' lang='grc' dir='ltr'>καὶτὸ</span> <span class='ocrx_word' id='word_1_817' title='bbox 3637 5160 3720 5215; x_wconf 77' lang='grc' dir='ltr'><strong>ἐπὶ</strong></span> <span class='ocrx_word' id='word_1_818' title='bbox 3767 5172 3862 5215; x_wconf 85' lang='grc' dir='ltr'>τῶν</span> 
     </span>
    </p>
   </div>
   <div class='ocr_carea' id='block_1_115' title="bbox 2272 5248 3865 5323">
    <p class='ocr_par' dir='ltr' id='par_1_115' title="bbox 2272 5248 3865 5323">
     <span class='ocr_line' id='line_1_115' title="bbox 2272 5248 3865 5323; baseline 0.004 -26"><span class='ocrx_word' id='word_1_819' title='bbox 2272 5254 2461 5318; x_wconf 77' lang='grc' dir='ltr'>χειρῶν</span> <span class='ocrx_word' id='word_1_820' title='bbox 2518 5254 2619 5320; x_wconf 84' lang='grc' dir='ltr'><strong>πῦρ</strong></span> <span class='ocrx_word' id='word_1_821' title='bbox 2676 5248 2792 5299; x_wconf 88' lang='grc' dir='ltr'>καθ’</span> <span class='ocrx_word' id='word_1_822' title='bbox 2852 5250 2994 5318; x_wconf 77' lang='grc' dir='ltr'>ἡμῶν</span> <span class='ocrx_word' id='word_1_823' title='bbox 3050 5249 3196 5310; x_wconf 74' lang='grc' dir='ltr'>εὐθὺς</span> <span class='ocrx_word' id='word_1_824' title='bbox 3259 5249 3359 5301; x_wconf 85' lang='grc' dir='ltr'>ἀπὸ</span> <span class='ocrx_word' id='word_1_825' title='bbox 3431 5259 3530 5302; x_wconf 83' lang='grc' dir='ltr'>τῶν</span> <span class='ocrx_word' id='word_1_826' title='bbox 3579 5248 3865 5323; x_wconf 86' lang='grc' dir='ltr'>λαμπάδων</span> 
     </span>
    </p>
   </div>
   <div class='ocr_carea' id='block_1_116' title="bbox 2529 5336 3134 5400">
    <p class='ocr_par' dir='ltr' id='par_1_116' title="bbox 2529 5336 3134 5400">
     <span class='ocr_line' id='line_1_116' title="bbox 2529 5336 3134 5400; baseline 0.005 -14"><span class='ocrx_word' id='word_1_827' title='bbox 2529 5337 2703 5387; x_wconf 84' lang='grc' dir='ltr'>ἔπειτα</span> <span class='ocrx_word' id='word_1_828' title='bbox 2806 5336 3134 5400; x_wconf 85' lang='grc' dir='ltr'>κελεύσαντες</span> 
     </span>
    </p>
   </div>
   <div class='ocr_carea' id='block_1_117' title="bbox 2274 5337 3863 5413">
    <p class='ocr_par' dir='ltr' id='par_1_117' title="bbox 2274 5337 3863 5413">
     <span class='ocr_line' id='line_1_117' title="bbox 2274 5337 3863 5413; baseline 0.004 -27"><span class='ocrx_word' id='word_1_829' title='bbox 2274 5337 2428 5386; x_wconf 87' lang='grc' dir='ltr'>ἔπνει·</span> <span class='ocrx_word' id='word_1_830' title='bbox 2529 5337 2703 5387; x_wconf 87' lang='grc' dir='ltr'>ἔπειτα</span> <span class='ocrx_word' id='word_1_831' title='bbox 2806 5337 3134 5400; x_wconf 85' lang='grc' dir='ltr'>κελεύσαντες</span> <span class='ocrx_word' id='word_1_832' title='bbox 3234 5338 3527 5397; x_wconf 80' lang='grc' dir='ltr'>ἀποστῆναι</span> <span class='ocrx_word' id='word_1_833' title='bbox 3618 5342 3863 5413; x_wconf 82' lang='grc' dir='ltr'>Ἀνθίμου</span> 
     </span>
    </p>
   </div>
   <div class='ocr_carea' id='block_1_118' title="bbox 507 5411 2164 5488">
    <p class='ocr_par' dir='ltr' id='par_1_118' title="bbox 507 5411 2164 5488">
     <span class='ocr_line' id='line_1_118' title="bbox 507 5411 2164 5488; baseline 0.006 -21"><span class='ocrx_word' id='word_1_834' title='bbox 507 5411 695 5467; x_wconf 90' lang='lat' dir='ltr'><strong>induti</strong></span> <span class='ocrx_word' id='word_1_835' title='bbox 760 5413 1046 5481; x_wconf 88' lang='lat' dir='ltr'><strong>vestibus,</strong></span> <span class='ocrx_word' id='word_1_836' title='bbox 1112 5418 1300 5488; x_wconf 87' lang='lat' dir='ltr'><strong>specie</strong></span> <span class='ocrx_word' id='word_1_837' title='bbox 1365 5425 1563 5475; x_wconf 88' lang='lat' dir='ltr'><strong>autem</strong></span> <span class='ocrx_word' id='word_1_838' title='bbox 1625 5420 1930 5487; x_wconf 90' lang='lat' dir='ltr'><strong>terribiles,</strong></span> <span class='ocrx_word' id='word_1_839' title='bbox 1998 5422 2164 5477; x_wconf 92' lang='lat' dir='ltr'><strong>nobis</strong></span> 
     </span>
    </p>
   </div>
   <div class='ocr_carea' id='block_1_119' title="bbox 505 5504 2164 5580">
    <p class='ocr_par' dir='ltr' id='par_1_119' title="bbox 505 5504 2164 5580">
     <span class='ocr_line' id='line_1_119' title="bbox 505 5504 2164 5580; baseline 0.006 -24"><span class='ocrx_word' id='word_1_840' title='bbox 505 5505 883 5572; x_wconf 87' lang='lat' dir='ltr'><strong>apparentes,</strong></span> <span class='ocrx_word' id='word_1_841' title='bbox 917 5506 1077 5559; x_wconf 89' lang='lat' dir='ltr'><strong>torve</strong></span> <span class='ocrx_word' id='word_1_842' title='bbox 1102 5504 1160 5559; x_wconf 92' lang='lat' dir='ltr'><strong>in</strong></span> <span class='ocrx_word' id='word_1_843' title='bbox 1197 5521 1307 5560; x_wconf 90' lang='lat' dir='ltr'><strong>nos</strong></span> <span class='ocrx_word' id='word_1_844' title='bbox 1339 5509 1397 5561; x_wconf 89' lang='lat' dir='ltr'><strong>et</strong></span> <span class='ocrx_word' id='word_1_845' title='bbox 1445 5507 1715 5562; x_wconf 88' lang='lat' dir='ltr'><strong>ferociter</strong></span> <span class='ocrx_word' id='word_1_846' title='bbox 1761 5515 2164 5580; x_wconf 78' lang='lat' dir='ltr'><strong>aspexerunt;</strong></span> 
     </span>
    </p>
   </div>
   <div class='ocr_carea' id='block_1_120' title="bbox 504 5588 2164 5669">
    <p class='ocr_par' dir='ltr' id='par_1_120' title="bbox 504 5588 2164 5669">
     <span class='ocr_line' id='line_1_120' title="bbox 504 5588 2164 5669; baseline 0.007 -22"><span class='ocrx_word' id='word_1_847' title='bbox 504 5595 563 5647; x_wconf 83' lang='lat' dir='ltr'><strong>et</strong></span> <span class='ocrx_word' id='word_1_848' title='bbox 588 5588 742 5660; x_wconf 88' lang='lat' dir='ltr'><strong>ignis</strong></span> <span class='ocrx_word' id='word_1_849' title='bbox 762 5592 861 5663; x_wconf 93' lang='lat' dir='ltr'><strong>qui</strong></span> <span class='ocrx_word' id='word_1_850' title='bbox 888 5597 1015 5650; x_wconf 91' lang='lat' dir='ltr'><strong>erat</strong></span> <span class='ocrx_word' id='word_1_851' title='bbox 1051 5593 1111 5649; x_wconf 93' lang='lat' dir='ltr'><strong>in</strong></span> <span class='ocrx_word' id='word_1_852' title='bbox 1146 5593 1444 5665; x_wconf 90' lang='lat' dir='ltr'><strong>manibus,</strong></span> <span class='ocrx_word' id='word_1_853' title='bbox 1466 5611 1532 5651; x_wconf 82' lang='lat' dir='ltr'><strong>ex</strong></span> <span class='ocrx_word' id='word_1_854' title='bbox 1565 5594 1947 5669; x_wconf 88' lang='lat' dir='ltr'><strong>lampadibus</strong></span> <span class='ocrx_word' id='word_1_855' title='bbox 1965 5601 2164 5658; x_wconf 88' lang='lat' dir='ltr'><strong>statim</strong></span> 
     </span>
    </p>
   </div>
   <div class='ocr_carea' id='block_1_121' title="bbox 2278 5422 3865 5495">
    <p class='ocr_par' dir='ltr' id='par_1_121' title="bbox 2278 5422 3865 5495">
     <span class='ocr_line' id='line_1_121' title="bbox 2278 5422 3865 5495; baseline 0.003 -20"><span class='ocrx_word' id='word_1_856' title='bbox 2278 5424 2584 5495; x_wconf 86' lang='grc' dir='ltr'>(θεράποντα</span> <span class='ocrx_word' id='word_1_857' title='bbox 2646 5422 2705 5477; x_wconf 74' lang='grc' dir='ltr'>δὲ</span> <span class='ocrx_word' id='word_1_858' title='bbox 2748 5432 2879 5477; x_wconf 86' lang='grc' dir='ltr'>Θεοῦ</span> <span class='ocrx_word' id='word_1_859' title='bbox 2932 5434 3107 5479; x_wconf 86' lang='grc' dir='ltr'>τοῦτον</span> <span class='ocrx_word' id='word_1_860' title='bbox 3170 5426 3403 5494; x_wconf 80' lang='grc' dir='ltr'>ἐκάλουν)</span> <span class='ocrx_word' id='word_1_861' title='bbox 3453 5429 3865 5482; x_wconf 82' lang='grc' dir='ltr'>καταϐάλλουσιν</span> 
     </span>
    </p>
   </div>
   <div class='ocr_carea' id='block_1_122' title="bbox 2279 5514 3865 5591">
    <p class='ocr_par' dir='ltr' id='par_1_122' title="bbox 2279 5514 3865 5591">
     <span class='ocr_line' id='line_1_122' title="bbox 2279 5514 3865 5591; baseline 0.005 -27"><span class='ocrx_word' id='word_1_862' title='bbox 2279 5515 2413 5584; x_wconf 82' lang='grc' dir='ltr'>ἡμᾶς</span> <span class='ocrx_word' id='word_1_863' title='bbox 2441 5518 2529 5565; x_wconf 84' lang='grc' dir='ltr'>καὶ</span> <span class='ocrx_word' id='word_1_864' title='bbox 2579 5514 2739 5576; x_wconf 76' lang='grc' dir='ltr'>οὕτως</span> <span class='ocrx_word' id='word_1_865' title='bbox 2792 5514 3000 5579; x_wconf 77' lang='grc' dir='ltr'>αὐτίκα,</span> <span class='ocrx_word' id='word_1_866' title='bbox 3047 5518 3111 5575; x_wconf 86' lang='grc' dir='ltr'>ὡς</span> <span class='ocrx_word' id='word_1_867' title='bbox 3150 5517 3292 5591; x_wconf 79' lang='grc' dir='ltr'>ὁρᾷς,</span> <span class='ocrx_word' id='word_1_868' title='bbox 3335 5514 3668 5574; x_wconf 79' lang='grc' dir='ltr'>διατιθείσιν.</span> <span class='ocrx_word' id='word_1_869' title='bbox 3706 5520 3865 5572; x_wconf 74' lang='grc' dir='ltr'>Οὗτοι</span> 
     </span>
    </p>
   </div>
   <div class='ocr_carea' id='block_1_123' title="bbox 2278 5598 3294 5677">
    <p class='ocr_par' dir='ltr' id='par_1_123' title="bbox 2278 5598 3294 5677">
     <span class='ocr_line' id='line_1_123' title="bbox 2278 5598 3294 5677; baseline 0.009 -25"><span class='ocrx_word' id='word_1_870' title='bbox 2278 5604 2367 5675; x_wconf 69' lang='grc' dir='ltr'>μὲν</span> <span class='ocrx_word' id='word_1_871' title='bbox 2407 5598 2493 5655; x_wconf 82' lang='grc' dir='ltr'><strong>οὖν</strong></span> <span class='ocrx_word' id='word_1_872' title='bbox 2534 5600 2767 5667; x_wconf 78' lang='grc' dir='ltr'>ἀλλήλοις</span> <span class='ocrx_word' id='word_1_873' title='bbox 2795 5600 3078 5677; x_wconf 89' lang='grc' dir='ltr'>διελέγοντο</span> <span class='ocrx_word' id='word_1_874' title='bbox 3108 5613 3294 5662; x_wconf 82' lang='grc' dir='ltr'>ταῦτα.</span> 
     </span>
    </p>
   </div>
  </div>
