4114 6262
256 386 353 441 181

1630 362 1799 421 VITA
1837 360 1899 415 S.
1932 357 2262 413 ‘ANTHIMI.

3513 347 3615 404 182

255 509 318 566 in
370 520 482 563 nos
512 499 778 575 spiravit.
809 494 1032 553 Deinde
1062 510 1201 551 cum
1240 492 1568 565 jussissent
1595 485 1916 546 abscedere
1955 481 2306 538 Anthimum
2351 479 2514 552 (eum
2558 480 2760 535 autem
2793 475 3087 532 vocabant
3127 471 3228 528 Dei
3276 469 3616 543 famulum),

258 561 730 664 n—osﬁdejiciunt:
764 592 821 643 et
851 585 935 641 sic
966 584 1184 648 statim,
1218 561 1283 638 ut
1308 581 1494 644 vides,
1528 578 1812 635 afﬁciunt.
1855 574 2045 644 Atque
2066 572 2105 626 ii
2146 569 2392 641 quidem
2419 569 2545 624 hac
2570 568 2719 622 inter
2739 580 2800 621 se
2839 561 3223 620 disserebant.

335 686 417 740 8'.
446 662 529 737 Ἑν
559 683 665 750 ὅσῳ
711 674 771 731 δε
800 678 825 728 6
857 678 1055 750 τροχὸς
1105 681 1197 734 τῆς
1234 676 1511 744 περιφορᾶς
1560 669 1739 743 ἠρέμει
1769 669 1858 716 καὶ
1890 662 1936 716 Α

262 770 386 828 οὐδε
414 774 471 824 τὸ
513 770 759 843 παράπαν
789 762 901 837 εἶχε
956 768 1255 834 κινήματος,
1310 759 1357 812 ἐν
1415 761 1582 828 τούτῳ
1618 758 1861 829 θερμοτέ-

262 883 356 937 ραν
407 862 433 913 6
489 862 686 931 μάρτυς
747 862 817 925 τῷ
872 861 985 923 Θεῷ
1049 856 1328 925 προσέφερε
1378 853 1471 906 τὴν
1519 846 1859 919 εὐχαριστίαν

261 958 350 1003 καὶ
400 948 629 1005 πλείονος
661 944 849 997 ἐκεῖθεν
904 940 1123 994 ἀπελαυε
1174 948 1267 1000 τῆς
1304 941 1695 1010 χρηστότητος.
1752 939 1861 986 Mu-

263 1040 498 1112 ξιμιανὸς
548 1040 719 1088 τοίνυν
765 1041 859 1094 τῆς
908 1039 1008 1081 τῶν
1067 1026 1269 1100 δημίων
1329 1026 1581 1098 ἀφελείας,
1648 1020 1753 1072 ἀλλ’
1803 1018 1861 1071 ού

264 1110 355 1189 τής
409 1131 735 1199 μαρτυρικῆς
792 1120 986 1180 ἐκείνης
1057 1122 1182 1192 πρὸς
1249 1120 1332 1169 τὸν
1387 1118 1514 1167 Θεὸν
1566 1110 1864 1185 παρρησίας

267 1215 437 1280 δεῖξαι
479 1218 537 1267 τὸ
574 1219 793 1285 πρᾶγμα
822 1208 1020 1271 ἐθέλων,
1063 1212 1353 1276 κατήγαγεν
1395 1203 1548 1255 αὐτὸν
1606 1207 1696 1251 τοῦ
1750 1216 1869 1269 τρο-

267 1314 373 1379 χοῦ
436 1309 526 1356 καὶ
584 1306 668 1355 τὸν
721 1296 815 1353 διὰ
864 1298 1057 1370 ξίφους,
1112 1298 1215 1365 εἴγε
1275 1298 1345 1365 μὴ
1407 1294 1597 1353 θύσειε,
1656 1288 1869 1339 θάνατον

270 1375 409 1465 αὐτῷ
466 1391 682 1452 ἠπείλει.
732 1388 790 1441 Ὀ
843 1384 901 1439 δὲ
952 1385 1187 1457 μείζονος
1243 1387 1331 1440 τὴν
1387 1379 1599 1436 ἀπειλὴν
1658 1375 1872 1447 εὐχαρι-

270 1489 416 1544 στίας
476 1483 721 1534 ὑπόθεσιν
774 1476 1011 1541 ἐποιεῖτο,
1064 1478 1150 1525 καὶ
1207 1476 1294 1523 τὸν
1354 1472 1516 1541 χορὸν
1564 1462 1870 1517 καταλαϐεῖν

270 1582 367 1627 τῶν
420 1568 717 1643 δισμυρίων
759 1567 1056 1639 μαρτύρων,
1108 1561 1157 1614 ἐν
1198 1560 1284 1632 ὅλη
1337 1554 1539 1631 καρδίᾳ
1590 1560 1682 1605 τοῦ
1738 1557 1870 1603 Θεοῦ

273 1660 458 1725 ἰδεῖτο,
492 1663 562 1722 ὡς
607 1658 791 1720 ἐξεῖναι
818 1659 907 1706 καὶ
962 1652 1101 1721 αύτῷ
1156 1647 1497 1721 σεμνύνεσθαι
1545 1647 1634 1695 καὶ
1663 1641 1825 1710 λέγειν
1855 1655 1867 1668 ·

275 1772 304 1804 «
336 1747 477 1805 Ἰδοὺ
509 1748 608 1821 ἄογὼ
654 1750 745 1798 καὶ
774 1746 841 1797 τὰ
868 1738 1080 1804 παιδία,
1136 1738 1171 1790 ἅ
1225 1756 1315 1809 μοι
1344 1731 1531 1787 ἔδωκεν
1580 1732 1606 1783 6
1658 1732 1808 1790 Θεὸς.
1841 1746 1870 1779 ›)

276 1847 377 1895 Καὶ
432 1840 504 1902 ὃς,
561 1832 741 1893 ἐπειδὴ
801 1832 988 1905 μᾶλλον
1046 1828 1186 1898 αύτῷ
1238 1826 1349 1879 κατ’
1409 1822 1573 1893 εὐχὴν
1623 1822 1680 1872 τὸ
1732 1816 1873 1877 τέλος

275 1930 412 2004 ἑώρα
467 1947 477 1958 ·
545 1922 703 1995 Οἶδα,
761 1927 911 1996 φησὶ,
952 1922 1093 1993 ὑμῶν
1155 1925 1252 1969 τῶν
1294 1918 1615 1987 Χριστιανῶν
1665 1910 1723 1959 1'6
1762 1905 1874 1958 λίαν

276 2017 559 2091 δοξομανὶς
594 2020 684 2068 καὶ
734 2012 1021 2085 φιλότιμον,
1053 2009 1190 2067 ὅπως
1218 2011 1398 2076 τυχεῖν
1448 2003 1628 2053 ὁποίου
1680 1992 1876 2055 δήποτε
1904 2003 1947 2058 Β

278 2085 524 2180 ὀνόματος
581 2103 673 2157 διὰ
713 2106 771 2155 τὸ
829 2097 1120 2174 παράϐολον
1180 2101 1272 2147 τοῦ
1321 2091 1653 2163 τολμήματος
1704 2085 1878 2158 ὀρεγό-

275 2216 415 2271 μενοι
447 2199 505 2247 τὸ
542 2200 712 2246 κακῶν
757 2193 985 2261 ἔσχατον
1038 2186 1274 2238 ἁπάντων
1307 2180 1536 2254 αἱρεῖσθε
1586 2179 1671 2228 τὸν
1704 2172 1877 2246 βίαιον

278 2288 493 2340 θάνατον
522 2300 534 2312 ·
591 2280 698 2333 ἀλλ’
728 2278 834 2349 ούχ
887 2279 1134 2351 αἱρήσεις,
1176 2276 1326 2345 φησι,
1371 2271 1555 2321 τούτου
1593 2284 1650 2336 γε
1698 2264 1875 2315 ἕνεκενθ

278 2374 384 2427 ἀλλ’
586 2388 644 2422 σε
694 2366 907 2427 πολλαῖς
953 2368 1201 2438 πρότερον
1240 2356 1530 2430 περιϐαλὼν
1581 2354 1877 2424 τιμωρίαις,

280 2464 415 2516 οὕτω
443 2468 533 2515 τοῦ
572 2461 826 2531 παρόντος
879 2457 1118 2527 στερήσω
1164 2451 1350 2521 φωτὸς,
1386 2448 1470 2497 τὸν
1524 2446 1593 2514 μὴ
1622 2441 1881 2496 τοσαύτης

279 2551 476 2613 ἡδονῆς
522 2530 831 2607 τηλικούτου
889 2547 1169 2615 χρήματος
1202 2537 1365 2599 ἄξιον.
1421 2532 1576 2586 Καὶὸ
1625 2530 1821 2601 μάρτυς
1864 2542 1875 2553 ·

281 2638 422 2695 Ούδε
465 2641 567 2712 γὰρ
625 2635 685 2688 ἂν
736 2613 942 2698 ἄλλως,
984 2634 1136 2703 φησὶ,
1193 2621 1527 2698 λαμπρότερα
1575 2637 1664 2691 μοι
1712 2613 1880 2684 πολλῷ

281 2728 694 2805 παρασκευάσῃς
718 2727 784 2777 τὰ
812 2720 1026 2775 ἔπαθλα.

349 2820 402 2874 1’.
444 2822 507 2871 Τί
555 2819 613 2867 τὸ
666 2816 796 2886 μετὰ
824 2817 1039 2874 ταῦτας
1095 2800 1315 2878 Σίδηρος
1357 2800 1510 2852 αὐτὸν
1541 2800 1629 2848 καὶ
1670 2793 1880 2853 ἁλύσεις

278 2907 540 2979 δεσμοῦσι
578 2908 668 2955 καὶ
721 2904 845 2974 πρὸς
873 2901 930 2949 τὸ
974 2904 1073 2947 τῶν
1106 2894 1407 2962 κακούργων
1456 2888 1637 2956 ἄγεται
1678 2880 1881 2952 δεσμω-

277 3002 457 3068 τήριον
487 3011 499 3022 ’
531 2991 657 3043 ἀλλὰ
702 2991 768 3040 τὰ
817 2986 1013 3041 συνήθη
1060 2985 1148 3032 καὶ
1205 2979 1356 3030 πάλιν
1410 2974 1579 3042 ἐκείνῳ
1623 2972 1751 3043 πρὸς
1797 2971 1880 3019 τὸν

282 3088 413 3140 Θεὸν
471 3084 500 3140 ἡ
534 3081 739 3151 ’γλῶττα
784 3070 957 3147 ύπῇδε
993 3074 1083 3123 καὶ
1118 3071 1211 3128 τὰς
1264 3065 1472 3123 ἁλύσεις
1515 3062 1643 3130 ὁμοῦ
1680 3062 1768 3107 καὶ
1819 3057 1884 3107 τὰ

282 3171 457 3245 δεσμὰ
511 3167 802 3229 διαλύεται,
856 3157 979 3214 οὐδὲ
1037 3157 1225 3215 αύτούς
1260 3156 1382 3213 τοὺς
1425 3151 1644 3221 ἄγοντας
1702 3144 1885 3202 αύτούς

283 3259 510 3333 δημίους
560 3256 857 3329 ἀμετὸχους
882 3250 1068 3322 ἀφεῖσα
1114 3252 1206 3297 τοῦ
1237 3244 1500 3313 θαύματος
1533 3254 1546 3269 ⁸
1600 3234 1726 3287 ἀλλὰ
1754 3252 1886 3305 πρη-

282 3324 382 3413 νεῖς
422 3348 536 3420 εἶχε
580 3324 670 3397 καὶ
724 3324 937 3402 τούτους
984 3340 1014 3396 ἡ
1045 3344 1111 3406 γῆ
1168 3342 1238 3385 τῶ
1297 3325 1579 3402 παραδόξῳ
1628 3332 1724 3385 τῆς
1768 3324 1885 3382 θέας
1922 3351 1961 3405 C

284 3438 704 3507 καταπλαγέντας
751 3453 762 3465 ·
800 3433 906 3483 θεία
950 3428 1051 3500 ’γάρ
1083 3443 1163 3484 τις
1210 3421 1399 3473 ἄνωθεν
1429 3419 1591 3489 χάρις
1638 3416 1723 3465 τὸν
1754 3412 1887 3483 μάρ-

288 3548 419 3600 τυρα
487 3528 805 3598 περιπτᾱσα,
863 3525 968 3590 φῶς
1022 3532 1073 3566 τε
1135 3510 1274 3580 αὐτῷ
1352 3506 1715 3578 λαμπρότατον
1783 3499 1887 3550 οἷον

291 3617 523 3688 ἐπαφῆκε
592 3615 681 3663 καὶ
760 3612 883 3668 τοὺς
957 3598 1352 3674 παραλαϐόντας
1431 3593 1585 3645 αὐτὸν
1665 3586 1893 3661 δημίους

292 3707 424 3780 μετὰ
474 3711 573 3755 τῶν
630 3694 862 3769 σιδηρῶν
918 3694 1115 3746 ἐκείνων
1171 3684 1398 3758 δεσμῶν,
1456 3682 1522 3732 ὧν
1586 3681 1889 3753 περιέκειτο,

294 3794 479 3867 ἀθρόον
512 3786 706 3843 δίδωσι
738 3794 808 3857 τῷ
838 3781 1036 3855 ἐδάφει,
1087 3774 1225 3850 μηδὲ
1255 3778 1374 3827 ὅσον
1404 3772 1707 3842 καταμῦσαί
1738 3784 1895 3838 φησιν

295 3886 610 3954 ἐνεγκόντας.
679 3876 738 3928 Ὀ
791 3875 986 3947 μάρτυς
1062 3872 1230 3920 τοίνυν
1310 3862 1499 3921 αὐτοὺς
1568 3857 1893 3919 ἀναστήσας,

300 3973 518 4044 ἔχεσθαι
556 3975 649 4028 τῆς
702 3961 829 4017 ὁδοῦ
863 3961 1132 4034 ἀνατρέπει
1178 3958 1266 4006 καὶ
1307 3954 1366 4003 τὸ
1400 3946 1758 4020 δεσμωτήριον
1807 3962 1915 4019 καί

302 4058 627 4122 ταλαϐὁντες,
679 4056 703 4106 6
755 4056 863 4126 μὲν,
914 4052 1086 4119 ὥσπερ
1144 4044 1210 4104 εἰς
1261 4041 1507 4112 εὐωχίαν,
1555 4039 1742 4089 εἴσεισι
1772 4035 1894 4103 χαί-

303 4171 404 4227 ρων
464 4152 553 4200 καὶ
608 4152 709 4204 τοῖς
775 4141 877 4194 ἐκεῖ
922 4141 1010 4190 τὸν
1062 4142 1151 4195 τῆς
1197 4135 1416 4189 πίστεως
1468 4127 1675 4201 προθεὶς
1721 4123 1897 4194 ἄρτον,

1176 4224 1183 4227 λ
1374 4217 1400 4227 ..
1573 4219 1581 4227 .
1684 4216 1693 4227 .
1800 4210 1813 4227 ,
1870 4214 1878 4225 .

303 4210 312 4227 .

300 4245 392 4293 xui
447 4239 665 4294 τούτους
710 4228 1088 4299 δεξιωσάμενος
1134 4224 1200 4274 τὰ
1252 4217 1469 4291 μεγάλα,
1500 4219 1590 4266 καὶ
1640 4216 1732 4269 τήν
1764 4210 1903 4262 εύσέ-

306 4329 447 4382 ϐειαν
498 4324 674 4383 αὐτοῖς
721 4322 975 4393 προπιὼν,
1044 4313 1168 4373 ὅλως
1224 4316 1296 4378 τῷ
1354 4310 1568 4380 Χριστῷ
1623 4301 1905 4353 οἰκειοῦται

304 4422 396 4471 καὶ
442 4415 659 4467 υἱοθετεῖ
725 4406 818 4461 διὰ
876 4412 968 4457 τοῦ
1024 4401 1406 4474 βαπτίσματος.
1488 4389 1804 4460 Μαξιμιανός
1850 4382 1907 4437 δὲ

307 4506 453 4579 παρὰ
495 4510 594 4553 τῶν
646 4500 745 4549 ὑπὸ
799 4501 957 4566 χεῖρα
1005 4491 1182 4560 μαθὼν
1224 4488 1314 4535 καὶ
1367 4478 1544 4539 δείσας
1602 4482 1672 4548 μὴ
1706 4474 1909 4534 πολλοῖς

1254 4578 1259 4579 γ
1518 4567 1548 4579 ,ι
1677 4568 1685 4579 .
1762 4562 1839 4579 .M

386 4562 394 4579 .
799 4562 837 4566 ,ν
892 4562 897 4564 .

308 4599 402 4647 xui
429 4590 601 4650 ἄλλοις
627 4586 780 4639 αὐτὸν
823 4585 1091 4651 ζημίῶσῃ,
1132 4578 1429 4645 παρίστησι
1459 4567 1610 4621 πάλιν
1637 4568 1721 4617 τὸν
1754 4562 1910 4620 ἀθλη-

313 4686 410 4738 τὴν
450 4678 613 4747 ἐαυτῷ
668 4678 757 4726 καὶ
798 4670 951 4723 πάλιν
1005 4666 1088 4719 ἐπὶ
1141 4667 1201 4715 τὸ
1248 4663 1404 4713 θύσαι
1460 4654 1748 4730 παρακαλεῖ
1802 4659 1911 4711 τοῖς

317 4771 511 4822 ἑκείνου
566 4745 695 4824 θεοῖς
753 4778 765 4790 '
825 4760 957 4811 ἔνθεν
995 4774 1075 4808 τοι
1111 4756 1199 4805 καὶ
1257 4745 1409 4801 ἆθλον
1462 4752 1555 4797 τοῦ
1606 4745 1913 4815 πράγματος

317 4862 414 4916 τὴν
442 4855 721 4928 ἱερωσύνην
741 4849 882 4919 αύτῷ
918 4848 1272 4917 ὑπισχνεῖται.

401 5120 503 5175 1Α’.
534 5118 592 5171 '0
648 5113 706 5169 δε
757 5116 886 5186 μετὰ
936 5108 1230 5185 παρρησίας
1284 5122 1295 5133 ·
1362 5101 1496 5156 Ἀλλ’
1543 5101 1701 5173 ἱερεύς
1762 5097 1922 5166 ἔγωγε

329 5216 420 5263 καὶ
458 5212 558 5282 πρὸ
587 5214 687 5258 τῶν
740 5211 841 5255 σῶν
896 5200 1079 5269 λόγων,
1133 5199 1248 5267 ἔφη,
1291 5198 1378 5244 καὶ
1437 5192 1593 5262 ἱερεύς
1643 5193 1733 5237 ¹ιὀῦ
1785 5188 1921 5256 πρῶ-

328 5320 420 5353 του
468 5302 557 5349 καὶ
592 5294 751 5347 καλοῦ
805 5294 1037 5361 ποιμένος
1088 5292 1177 5336 καὶ
1230 5283 1511 5355 ἀρχιερέως
1568 5280 1817 5348 Χριστοῦ,
1874 5270 1928 5333 ὃς

334 5389 394 5442 ού
440 5394 533 5447 τῆς
583 5383 705 5456 ἐμῆς
752 5384 902 5453 μόνον
948 5370 1324 5449 μεταλαμϐάνει
1366 5370 1558 5440 σαρκὸς
1607 5369 1695 5415 καὶ
1744 5364 1930 5433 μέχρις

340 5480 464 5551 ἐμοῦ
510 5475 716 5526 κάτεισι
760 5467 831 5522 δι’
877 5466 980 5539 ἐμὲ,
1032 5467 1121 5516 καὶ
1161 5466 1329 5512 ταῦτα
1370 5460 1493 5516 Θεὸς
1538 5456 1622 5519 ὧν,
1682 5450 1837 5511 ἄῦλός
1878 5466 1932 5500 τε

420 5672 442 5709 ι
471 5669 645 5727 Hebr.
678 5682 738 5735 ιι,
780 5665 871 5721 13.

2036 662 2121 716 1X.
2166 659 2403 715 Interim
2429 662 2631 713 autem
2669 655 2817 710 dum
2846 657 2975 708 rota
3012 648 3359 723 quiescebat
3387 647 3465 703 ab
3498 662 3624 703 am-

1968 749 2113 813 bitu,
2142 754 2199 803 et
2225 746 2371 802 nihil
2403 744 2651 801 omnino
2690 742 3066 805 movebatur,
3101 742 3330 808 martyr
3358 738 3474 792 Deo
3512 734 3624 791 fer-

1972 838 2297 893 ventiorem
2335 833 2624 890 oﬁ‘erebat
2662 830 2991 902 gratiarum
3018 827 3333 890 actionem,
3374 829 3429 880 et
3466 823 3624 879 illinc

1970 926 2312 998 ampliorem
2335 921 2797 993 consequebatur
2810 912 3625 988 benignitatem.Maximianus

1970 1017 2173 1086 itaque
2211 1013 2417 1069 volens
2447 1009 2783 1075 ostendere,
2815 1023 2887 1062 ex
2915 1005 3191 1060 lictorum
3229 1001 3624 1074 simplicitate,

1973 1119 2095 1160 non
2134 1105 2336 1159 autem
2375 1116 2444 1155 ex
2491 1096 2812 1168 martyrica
2849 1094 2926 1150 ad
2970 1096 3153 1147 Deum
3190 1089 3429 1154 ﬁducia,
3471 1088 3628 1144 hanc

1976 1207 2101 1246 rem
2154 1205 2284 1246 esse
2324 1188 2674 1259 profectam,
2716 1200 2853 1240 eum
2893 1179 3169 1253 deposuit
3206 1194 3238 1234 e
3276 1182 3428 1247 rota,
3484 1181 3540 1232 et
3576 1174 3628 1231 ei

1978 1295 2118 1335 ense
2148 1284 2401 1333 mortem
2445 1276 2722 1338 minatur,
2757 1271 2877 1326 nisi
2917 1266 3281 1325 sacriﬁcarit.
3310 1264 3407 1320 llle
3433 1268 3631 1321 autem

1979 1385 2049 1425 ex
2090 1366 2270 1423 minis
2296 1365 2551 1434 sumpsit
2577 1363 3001 1430 argumentum
3032 1355 3271 1427 majoris
3309 1352 3631 1423 gratiarum

1982 1451 2264 1508 actionis:
2293 1452 2349 1503 et
2387 1451 2506 1502 toto
2537 1444 2711 1501 corde
2742 1446 2925 1498 Deum
2944 1440 3189 1511 rogavit,
3214 1443 3278 1492 ut
3298 1436 3633 1508 perveniret

1980 1541 2058 1597 ad
2106 1539 2356 1594 chorum
2396 1534 2605 1604 viginti
2655 1531 2907 1587 millium
2949 1532 3296 1598 martyrum,
3343 1527 3408 1580 ut
3449 1522 3633 1579 etiam

1978 1628 2179 1683 liceret
2217 1626 2269 1681 ei
2307 1623 2541 1678 dicere:
2585 1641 2609 1671 ε
2644 1621 2788 1675 Ecce
2828 1633 2962 1688 ego,
3004 1620 3061 1672 et
3096 1613 3266 1684 pueri
3303 1612 3439 1677 mei,
3480 1625 3634 1683 quos

1979 1715 2145 1773 dedit
2174 1712 2318 1770 mihi
2331 1714 2484 1767 Deus
2506 1711 2527 1746 ‘
2549 1730 2597 1763 .››
2622 1709 2955 1780 Imperator
2982 1720 3119 1760 vero
3131 1707 3452 1775 postquam
3494 1698 3636 1755 vidit

1981 1808 2165 1863 ﬁnem
2196 1805 2243 1859 ei
2277 1802 2538 1858 maxime
2576 1815 2703 1856 esse
2723 1797 2786 1853 in
2811 1796 2997 1854 votis:
3025 1794 3183 1859 Scio,
3206 1792 3418 1863 inquit,
3450 1803 3636 1862 quam

1983 1911 2089 1951 vos
2131 1888 2442 1948 Christiani
2468 1888 2599 1943 sitis
2626 1885 2826 1956 gloria;
2857 1882 3059 1954 cupidi
3088 1884 3146 1937 et
3172 1879 3415 1936 honoris
3453 1892 3638 1949 appe-

1986 1986 2194 2047 tentes,
2217 1979 2437 2052 etquod
2455 1977 2713 2049 projecta
2726 1978 2922 2029 vestra
2942 1970 3194 2027 audacia
3223 1967 3638 2040 qualecunque

1985 2085 2206 2128 nomen
2234 2066 2473 2138 assequi
2503 2064 2825 2135 cupientes,
2858 2063 3189 2116 extremum
3219 2053 3494 2113 omnium
3521 2068 3640 2109 ma-

1986 2162 2205 2225 lorum,
2234 2161 2483 2213 mortem
2510 2153 2833 2209 violentam
2853 2148 3086 2218 eligitis.
3113 2145 3228 2202 Sed
3256 2145 3367 2200 hac
3391 2141 3641 2215 quidem

1987 2251 2062 2306 de
2075 2264 2255 2305 causa
2282 2245 2522 2302 minime
2548 2240 2855 2298 laetaberis.
2886 2241 3036 2294 Nam
3066 2251 3203 2291 cum
3235 2248 3344 2303 ego
3386 2235 3442 2286 te
3471 2228 3638 2302 prius

1991 2338 2187 2394 multis
2213 2334 2465 2391 aﬂ‘ecero
2484 2329 2810 2402 suppliciis,
2827 2328 2953 2383 luce
2969 2322 3243 2396 prmsenti
3258 2321 3340 2377 sic
3366 2317 3639 2391 privabo,

1992 2430 2054 2482 ut
2090 2424 2196 2497 qui
2234 2423 2315 2478 sis
2352 2421 2635 2493 indignus
2682 2420 2861 2474 tantm
2916 2414 3000 2469 rei
3039 2411 3359 2483 voluptate.
3413 2407 3643 2477 Martyr

1990 2519 2212 2578 autem,
2244 2511 2371 2566 Non
2404 2490 2535 2575 alia,
2566 2506 2774 2578 inquit,
2793 2503 3024 2561 ratione
3037 2498 3279 2566 efﬁcies,
3303 2500 3366 2553 ut
3395 2490 3643 2568 praemia

1988 2615 2323 2672 consequar
2359 2595 2752 2671 praeclariora.

2060 2785 2121 2839 X.
2178 2779 2327 2846 Quid
2383 2780 2591 2849 postea
2656 2767 3074 2843 consequitur?
3133 2763 3351 2820 Ferreis
3420 2758 3640 2818 catenis

1990 2871 2263 2933 vincitur,
2307 2871 2363 2922 et
2386 2848 2488 2921 iad
2526 2860 2931 2918 maleﬁcorum
2971 2868 3270 2912 carcerem
3309 2848 3636 2906 deducitur.

1992 2956 2109 3013 Sed
2140 2972 2211 3011 ea
2261 2968 2396 3025 quae
2447 2952 2856 3017 consueverat,
2910 2946 3037 3016 ejus
3076 2942 3281 3012 lingua
3331 2937 3409 2994 ad
3458 2938 3641 2991 Deum

1992 3045 2248 3101 canebat
2276 3024 2299 3098 ί
2324 3044 2633 3097 etcatenas
2659 3034 2834 3091 simul
2863 3031 3131 3089 dissolvit
3162 3034 3217 3085 et
3251 3024 3502 3089 vincula,
3533 3036 3644 3078 nec

1992 3149 2093 3189 eos
2121 3131 2357 3203 quidem
2391 3128 2492 3198 qui
2521 3126 2717 3197 ipsum
2748 3118 3315 3181 ducebant,lictores
3346 3112 3645 3168 dimittens

1994 3225 2265 3291 expertes
2318 3196 2602 3271 miraculi.
2666 3213 2815 3267 Nam
2864 3210 2903 3264 ii
2950 3222 3191 3279 quoque
3245 3201 3411 3275 proni
3478 3196 3647 3255 humi

1989 3289 2282 3380 jacebant,
2313 3300 2701 3373 obstupefacti
2730 3295 3065 3354 admirabili
3092 3289 3449 3364 spectaculo.
3481 3289 3648 3352 Quae-

1996 3397 2139 3453 dam
2166 3396 2325 3451 enim
2350 3392 2555 3447 divina
2573 3387 2761 3459 gratia
2775 3386 3031 3454 desuper
3048 3384 3372 3451 martyrem
3395 3377 3647 3432 circum-

2000 3485 2226 3549 volans,
2268 3488 2323 3538 et
2352 3483 2409 3537 in
2444 3495 2584 3536 eum
2620 3477 2817 3533 lucem
2855 3471 3104 3528 immisit
3141 3467 3566 3531 clarissimam,
3598 3466 3652 3519 et

2000 3590 2100 3630 eos
2151 3570 2256 3644 qui
2295 3570 2486 3642 ipsum
2528 3566 2895 3637 acceperant,
2955 3560 3201 3623 lictores,
3260 3569 3399 3610 cum
3452 3552 3653 3609 ferreis

2002 3642 2225 3736 quibus
2279 3663 2402 3715 erat
2437 3653 2823 3717 cirumdatus,
2878 3642 3129 3706 vinealis
3201 3642 3371 3699 humi
3408 3646 3655 3713 repente

2003 3750 2221 3823 dejicit,
2263 3764 2402 3804 cum
2440 3762 2515 3801 ne
2546 3742 2862 3799 connivere
2912 3735 3159 3810 quidem
3211 3730 3651 3788 sustinuissent.

2006 3819 2153 3897 Gum
2212 3852 2351 3894 vero
2391 3839 2614 3905 martyr
2652 3846 2754 3886 eos
2794 3827 3033 3886 fecisset
3070 3836 3329 3894 surgere,
3367 3819 3536 3891 jubet
3594 3820 3658 3873 ut

2007 3934 2268 4002 coeptum
2297 3927 2404 3982 iter
2434 3924 2734 3994 peragant.
2769 3920 2917 3974 Cum
2947 3916 3144 3971 autem
3169 3908 3571 3983 pervenissent
3594 3905 3657 3961 in

2009 3995 2328 4085 carcerem,
2369 4011 2695 4083 ingreditur
2730 4007 2826 4062 ille
2854 4005 3040 4067 laetus,
3080 4005 3364 4070 tanquam
3402 3995 3480 4053 ad
3520 4009 3659 4050 con-

2011 4108 2231 4164 vivium
2266 4125 2278 4163 :
2332 4108 2387 4159 et
2423 4116 2559 4157 cum
2588 4098 2671 4154 eis
2711 4094 2815 4168 qui
2855 4092 2972 4148 illic
3012 4093 3199 4153 erant,
3240 4086 3381 4141 ﬁdei
3435 4097 3659 4156 panem

2011 4193 2443 4268 proposuisset,
2502 4193 2559 4243 et
2606 4202 2710 4242 eos
2764 4181 3023 4250 benigne
3071 4181 3133 4233 et
3204 4174 3450 4231 comiter
3505 4176 3663 4227 esset

2016 4266 2348 4354 amplexus,
2401 4281 2457 4332 et
2481 4274 2566 4331 eis
2595 4269 2974 4345 propinasset
3019 4266 3299 4337 pietatem
3331 4276 3401 4318 ac
3457 4273 3665 4315 veram

2016 4347 2383 4442 religionem,
2416 4381 2514 4421 eos
2537 4362 2762 4420 Christo
2790 4362 2944 4413 totos
2964 4353 3095 4424 conj
3108 4351 3276 4421 ungit
3295 4355 3353 4405 et
3364 4347 3663 4412 conciliat,

2018 4468 2074 4520 et
2100 4436 2567 4532 ejusadoptivos
2589 4450 2742 4506 ﬁlios
2777 4444 2953 4503 eﬂicit
2986 4457 3088 4515 per
3128 4440 3513 4512 baptismum.
3554 4436 3669 4491 Ma-

2018 4552 2320 4610 ximianus
2375 4549 2575 4600 autem
2615 4553 2751 4595 cum
2788 4536 2901 4591 hoc
2958 4531 3286 4602 accepisset
3324 4525 3403 4582 ab
3440 4525 3513 4580 iis
3566 4521 3670 4595 qui

2020 4643 2190 4698 erant
2204 4637 2256 4692 ei
2279 4631 2553 4705 subjecti,
2579 4636 2634 4685 et
2655 4624 2967 4689 timuisset,
2983 4636 3057 4676 ne
3076 4619 3402 4675 multorum
3416 4614 3672 4670 aliorum

2022 4732 2238 4788 faceret
2263 4703 2582 4797 jacturam,
2593 4717 2764 4789 jubet
2777 4726 2984 4770 rursus
3012 4709 3087 4764 ad
3103 4724 3166 4764 se
3198 4703 3420 4762 adduci
3454 4706 3673 4772 marty-

2023 4833 2172 4883 rem,
2204 4788 2488 4871 etvrursus
2525 4788 2890 4870 adhortatur,
2935 4805 2997 4855 ut
3023 4796 3136 4852 diis
3165 4795 3321 4850 illius
3359 4788 3671 4847 sacriﬁcet.

2027 4874 2450 4975 Quo'tempore
2473 4898 2651 4968 hujus
2687 4905 2929 4966 quoque
2955 4888 3037 4944 rei
3069 4883 3387 4958 praemium
3425 4879 3477 4936 ei
3508 4874 3676 4951 polli-

2029 5002 2188 5052 cetur
2229 4987 2645 5048 sacerdotium.

2100 5084 2194 5139 XI.
2239 5080 2334 5136 llle
2363 5082 2562 5134 autem
2598 5072 2774 5128 libere
2803 5085 2815 5124 :
2862 5068 2931 5122 At
2956 5078 3088 5134 ego.
3121 5058 3332 5131 inquit,
3393 5058 3530 5112 ante
3577 5059 3683 5111 tua

2032 5174 2217 5231 verba
2254 5184 2388 5224 sum
2432 5163 2710 5221 sacerdos
2750 5154 2929 5229 primi
2967 5157 3023 5207 et
3062 5147 3263 5218 magni
3315 5149 3371 5201 et
3413 5142 3683 5217 praclari

2040 5259 2297 5319 Pastoris
2335 5262 2392 5311 et
2420 5248 2718 5309 Pontiﬁcis
2739 5242 2968 5308 Christi,
3010 5239 3109 5311 qui
3140 5250 3262 5292 non
3293 5233 3492 5290 solum
3532 5242 3684 5287 mem

2039 5350 2234 5410 carnis
2272 5353 2357 5403 est
2394 5342 2702 5414 particeps,
2744 5340 2801 5389 et
2838 5332 2913 5388 ad
2950 5345 3045 5385 me
3082 5341 3273 5399 usque
3310 5328 3552 5396 propter
3589 5334 3687 5374 me

2043 5409 2347 5499 descendit
2376 5409 2593 5502 {idque
2623 5440 2761 5482 cum
2792 5422 2864 5478 sit
2899 5421 3051 5475 Deus
3080 5429 3291 5488 expers
3323 5409 3604 5474 materias,
3633 5412 3691 5463 et
