4114 6262
502 322 604 376 183
1914 309 2175 370 MENSIS

2266 308 2430 365 AIUS
3795 303 3891 357 184

501 445 606 517 qui
628 459 748 501 non
765 447 964 516 potest
982 444 1406 516 comprehendi
1425 462 1438 500 :
1471 444 1572 500 sed
1584 443 1760 500 etiam
1792 437 2149 497 sacriﬁcavit
2178 443 2196 490 Λ

2265 439 2343 487 καὶ
2381 432 2728 507 ἀπερίληπτος
2759 445 2773 459 '
2818 429 2946 481 ἀλλὰ
2974 433 3064 482 καὶ
3106 429 3287 483 ἑαυτὸν
3336 432 3544 483 τέθυκεν
3598 431 3758 502 ὑπὲρ
3792 437 3893 480 τῶν

501 534 765 605 seipsum
792 548 901 603 pro
932 533 1136 587 ovibus
1176 549 1189 599 ;
1221 538 1276 589 et
1313 534 1371 588 in
1403 549 1638 589 crucem
1679 535 1866 594 actus,
1895 532 2146 584 mortem

2265 522 2548 598 προϐάτων,
2580 525 2669 572 καὶ
2703 526 2932 591 σταυροῦ
2961 521 3164 589 γεύεται
3192 524 3282 571 καὶ
3307 521 3554 583 Θανάτου,
3587 523 3701 571 καὶ
3733 524 3895 589 τριή-

486 619 781 690 -suscepit,
804 624 861 674 et
880 618 974 674 die
992 620 1159 674 tertio
1180 621 1516 686 resurrexit,
1539 624 1595 676 et
1625 619 1683 674 in
1698 617 1914 672 coelum
1945 630 2148 671 rursus

2265 632 2404 685 ιιερος
2436 610 2730 674 ἀνίσταται,
2764 612 2853 660 καὶ
2903 607 2972 668 εἰς
3002 607 3253 682 οὐρανοὺς
3299 609 3464 660 ἄνεισι
3491 608 3688 676 πάλιν,
3732 626 3896 660 συνα-

503 707 787 771 ascendit,
817 722 912 762 me
933 723 1172 779 quoque
1204 708 1379 764 simul
1407 709 1683 771 evehens,
1710 706 1807 777 qui
1834 705 1988 759 illinc
2006 702 2149 758 ceci-

503 796 712 852 deram
771 802 1012 866 propter
1069 795 1552 852 inobedientiam.
1604 795 1789 866 Hujus
1852 807 1986 847 sum
2041 804 2149 860 ego

506 884 803 946 sacerdos,
830 889 886 937 et
915 883 965 938 ei
987 884 1281 955 meipsum
1312 884 1717 940 statuioﬂerre
1743 881 2016 938 hostiam.
2039 882 2150 934 Hes

505 979 705 1030 autem
737 976 960 1036 vestrae,
994 976 1050 1027 et
1101 980 1448 1037 vestrorum,
1496 978 1558 1028 ut
1606 971 1817 1036 dicitis,
1873 969 2147 1033 deorum,

504 1061 702 1131 digna:
750 1065 893 1115 sunt
944 1064 1110 1116 nocte
1152 1065 1209 1116 et
1238 1061 1495 1130 angulis,
1552 1067 1605 1117 et
1660 1076 1795 1132 quae
1837 1058 2152 1128 lugeantur

505 1149 697 1221 potius
710 1153 951 1220 propter
965 1149 1265 1205 interitum
1280 1150 1748 1206 etcalamitatem
1771 1163 1951 1220 quam
1973 1161 2149 1217 appe-

503 1237 706 1288 tantur
737 1232 1085 1288 maledictis.

573 1321 692 1375 XII.
725 1319 822 1375 His
850 1321 927 1376 ita
953 1321 1209 1392 percitus
1240 1323 1584 1393 imperator,
1609 1322 1776 1392 jubet
1801 1334 2150 1391 generosum

507 1409 851 1466 Anthimum
881 1409 1018 1464 duci
1047 1411 1125 1465 ad
1169 1417 1434 1466 mortem.
1468 1411 1709 1467 Ducitur
1737 1425 1879 1480 ergo
1909 1408 2148 1473 athleta,

506 1513 613 1570 spe
644 1496 976 1552 futurorum
1010 1498 1238 1554 habens
1268 1499 1562 1568 vigentem
1587 1499 1873 1554 laetitiam.
1924 1500 2150 1552 Etcum

505 1584 872 1658 pervenisset
923 1586 999 1642 ad
1053 1587 1270 1655 locum,
1303 1589 1363 1642 in
1393 1603 1514 1660 quo
1558 1592 1680 1642 erat
1743 1603 1849 1658 per
1901 1589 2153 1641 mortem

506 1678 897 1746 perventurus
923 1676 996 1729 ad
1040 1677 1223 1732 vitam
1257 1675 1356 1746 (2),
1388 1676 1465 1730 ad
1495 1675 1859 1747 precandum
1891 1679 2153 1743 tempore

2256 705 2481 773 ναφέρων
2512 719 2573 770 με
2601 702 2685 750 τὸν
2716 696 2902 749 ἐκεῖθεν
2944 692 3036 748 διὰ
3067 701 3160 754 τὴν
3199 703 3469 766 παρακοήν
3505 701 3850 749 πεπτωκότα
3879 713 3889 724 ⁸

2258 793 2444 842 τούτου
2512 790 2671 858 ἱερεὺς
2720 789 2819 857 ἐγὼ
2866 789 2953 836 καὶ
3004 787 3169 856 τούτῳ
3219 794 3575 858 προσαγαγεῖν
3645 784 3897 857 ἐμαυτὸν

2263 880 2446 930 θυσίαν
2475 881 2781 950 προῄρημαι
2824 891 2836 904 ’
2870 876 2936 925 τὰ
2970 870 3028 926 δὲ
3065 874 3286 946 ὑμέτερα
3316 880 3405 927 καὶ
3437 883 3536 925 τῶν
3578 876 3895 946 ὑμετέρων,

2261 969 2326 1028 ὡς
2360 985 2499 1038 φατε,
2536 967 2678 1029 θεῶν,
2711 966 2892 1022 νυκτὸς
2922 962 3044 1025 οῖξια
3075 967 3164 1014 καὶ
3193 968 3383 1034 γωνίας
3411 966 3767 1037 θρηνούμενα
3802 957 3899 1014 διὰ

2258 1060 2348 1113 τὴν
2404 1054 2655 1107 ἀπώλειαν
2701 1058 2790 1105 καὶ
2828 1056 2922 1110 τήν
2975 1054 3242 1124 συμφορὰν
3287 1051 3475 1124 μᾶλλον
3505 1053 3536 1112 ἦ
3589 1048 3901 1124 λοιδορού-

2260 1163 2405 1215 μενοι.

2332 1321 2429 1375 ΙΒ’.
2505 1322 2718 1380 Τούτοις
2801 1320 3087 1392 ὑπερζέσας
3159 1325 3230 1387 τῷ
3304 1319 3449 1388 θυμῷ
3505 1320 3896 1389 Μαξιμιανὸς,

2261 1411 2451 1464 κελεύει
2502 1413 2587 1460 τὸν
2619 1415 2848 1479 γενναῖον
2902 1405 3149 1468 ’Ἄνθιμον
3205 1411 3298 1464 τὴν
3351 1409 3434 1458 ἐπὶ
3482 1408 3716 1458 θάνατον
3761 1408 3896 1476 οἶγε-

2264 1502 2388 1552 σθαι
2421 1517 2432 1528 ’
2476 1500 2656 1568 ἄγεται
2707 1501 2870 1548 τοίνυν
2915 1497 2940 1546 ὁ
2989 1496 3211 1555 ἀθλητὴς
3268 1494 3671 1566 ἐνακμάζουσαν
3741 1496 3900 1565 αὐτῷ

2264 1595 2324 1658 τῇ
2376 1595 2474 1638 τῶν
2524 1585 2802 1657 μελλόντων
2854 1585 3135 1657 ἐπαγγελίᾳ
3185 1587 3321 1656 ἔχων
3355 1589 3449 1642 τὴν
3490 1582 3698 1643 ἡδονήν
3745 1605 3760 1616 ·
3801 1591 3898 1635 καὶ

2263 1680 2350 1727 τὸν
2398 1677 2551 1727 τόπον
2605 1674 2926 1740 καταλαϐὼν,
2989 1673 3037 1725 ἐν
3098 1673 3136 1746 ᾧ
3186 1671 3280 1726 διὰ
3325 1682 3416 1726 τοῦ
3465 1676 3699 1727 θανάτου
3756 1678 3899 1746 πρὸς

507 1764 684 1835 petito
722 1770 779 1821 et
806 1769 1067 1836 accepto,
1121 1780 1254 1819 cum
1301 1770 1606 1836 postremo
1650 1771 1803 1820 esset
1854 1766 2196 1836 precatus,]

2265 1770 2356 1822 τὴν
2411 1766 2548 1824 ζωὴν
2596 1763 2765 1836 ἔμελλε
2835 1760 3105 1831 διαϐῆναι,
3165 1767 3345 1837 καιρὸν
3406 1764 3475 1825 εἰς
3546 1769 3895 1839 προσευχὴν

496 1859 564 1909 et
589 1853 777 1911 Deum
809 1854 1118 1919 allocutus,
1138 1852 1189 1907 ei
1203 1852 1439 1907 beatum
1460 1852 1604 1907 illud
1618 1857 1798 1924 caput
1813 1857 2154 1923 amputatur

507 1945 680 2000 tertio
703 1943 922 2000 mensis
954 1942 1331 2012 Septembris.
1357 1944 1606 2012 Vespere
1632 1949 1833 1997 autem
1865 1941 2156 1996 acceden-

508 2034 593 2087 tes
645 2033 894 2104 quidam
919 2029 1146 2094 ﬁdeles,
1175 2045 1310 2084 cum
1339 2029 1661 2101 pretiosum
1719 2045 1938 2100 corpus
1996 2029 2154 2083 illius

509 2121 1239 2189 sustulissent,sancteque
1251 2123 1307 2173 et
1319 2117 1638 2174 honorifice
1655 2117 2154 2190 composuissent,

507 2209 566 2264 in
599 2209 734 2280 ipso
763 2209 914 2271 loco,
948 2209 1008 2263 in
1037 2222 1159 2279 quo
1224 2206 1334 2262 fuit
1383 2213 1856 2272 consummatus,
1915 2207 2156 2278 pulchre

505 2297 830 2368 deponunt,
851 2296 1159 2352 laudantes
1187 2296 1435 2362 Patrem,
1461 2305 1515 2352 et
1539 2297 1758 2362 Filium,
1789 2302 1846 2354 et
1871 2297 2155 2368 Spiritum

509 2390 803 2452 sanctum,
829 2401 1010 2442 unam
1043 2384 1412 2440 divinitatem
1436 2390 1492 2441 et
1521 2402 1770 2456 regnum
1803 2387 1930 2455 ;cui
1958 2386 2157 2442 omnis

509 2473 720 2546 gloria,
768 2473 960 2530 honor
1008 2477 1062 2530 et
1110 2474 1376 2531 adoratio
1419 2474 1481 2529 in
1538 2474 1753 2530 saecula
1807 2475 2157 2531 saeculorum

507 2561 716 2617 Amen.

2264 1855 2508 1918 αἰτήσας,
2556 1858 2644 1904 καὶ
2690 1851 2877 1913 λαϐὼν,
2923 1857 3013 1904 καὶ
3073 1855 3139 1904 τὰ
3187 1852 3456 1905 τελευταῖα
3501 1853 3898 1926 προσευξάμε-

2262 1963 2346 2004 νος
2402 1947 2491 1994 καὶ
2541 1939 2836 2012 διαλεχθεὶς
2879 1949 2951 2010 τῷ
3005 1949 3139 2010 Θεῷ,
3194 1946 3288 1999 τὴν
3346 1947 3606 2015 μακαρίαν
3661 1945 3894 1999 ἐκείνην

2263 2032 2482 2104 κεφαλὴν
2544 2030 2860 2103 ἀφαιρεῖται,
2915 2034 3063 2102 τρίτῃ
3116 2038 3210 2081 τοῦ
3272 2030 3616 2102 Σεπτεμϐρίου
3673 2037 3888 2102 μηνὸς.

2261 2120 2505 2193 Ἐσπέρας
2550 2116 2610 2171 δέ
2651 2137 2784 2178 τινες
2831 2121 3233 2191 παραγενόμενοι
3276 2127 3374 2170 τῶν
3419 2127 3637 2185 πιστῶν,
3681 2123 3791 2171 καὶ
3826 2124 3890 2171 τὸ

2264 2210 2455 2262 ἐκείνου
2490 2217 2642 2280 σῶμα
2670 2211 2728 2259 τὸ
2751 2211 2921 2278 τίμιον
2963 2205 3270 2278 ἀνελόμενοι,
3300 2212 3388 2259 καὶ
3428 2209 3584 2269 ὁσίως
3611 2213 3707 2260 καὶ
3742 2209 3888 2278 λαμ-

2263 2306 2406 2370 πρῶς
2452 2297 2879 2368 περιστείλαντες,
2929 2296 3050 2369 παρ’
3092 2295 3247 2347 αὐτὸν
3296 2299 3381 2348 τὸν
3430 2305 3524 2359 τῆς
3552 2297 3890 2358 τελειώσεως

2263 2393 2415 2440 τόπον
2475 2383 2772 2457 διαπρεπῶς
2823 2386 2956 2454 ἄγαν
3002 2387 3363 2450 κατατιθέασι,
3413 2381 3722 2448 δοξάζοντες
3765 2393 3889 2438 Πα-

2263 2479 2407 2548 τέρα,
2458 2479 2546 2525 καὶ
2599 2476 2737 2536 Υἱόν,
2787 2479 2875 2525 καὶ
2927 2480 3135 2545 Πνεῦμα
3181 2473 3350 2545 ἅγιον,
3402 2478 3496 2532 τὴν
3549 2479 3674 2546 μίαν
3739 2478 3876 2527 θειο-

2267 2582 2402 2620 τητα
2451 2567 2540 2614 καὶ
2589 2560 2883 2634 βασιλείαν,
2916 2563 3156 2636 ᾕπρέπει
3197 2568 3342 2614 πᾶσα
3392 2559 3541 2627 δόξα,
3591 2568 3724 2635 τιμή
3789 2569 3882 2615 καὶ

2267 2653 2626 2726 προσκύνησις
2677 2650 2743 2710 εἰς
2798 2653 2919 2713 τοὺς
2975 2650 3162 2711 αἰῶνας
3211 2659 3311 2703 τῶν
3387 2652 3603 2706 αἰώνων.
3675 2652 3878 2725 Ἀμην.

579 2770 656 2842 (2)
687 2769 833 2826 Vide
864 2769 1073 2826 Euseb.
1102 2769 1240 2825 Hist.
1265 2771 1488 2827 Eccles.
1528 2770 1628 2827 lib.
1655 2787 1771 2836 vui,
1805 2788 1854 2827 c.
1879 2777 1928 2838 6,
1965 2778 2020 2830 et
2047 2775 2264 2836 Baron.
2303 2792 2402 2832 an.
2445 2779 2569 2833 302.

1331 3069 2175 3239 MENSIS
2303 3073 3037 3239 MAIUS

965 3510 1158 3630 DE
1244 3509 1798 3634 SANCTO
1887 3512 2582 3639 PHILIPPO
2669 3515 3410 3642 APOSTOLO

1610 3772 1933 3828 MARTYRE
1991 3775 2363 3831 HIERAPOLI
2409 3777 2477 3831 IN

2537 3777 2867 3835 PHRYGIA.

792 3917 933 3979 (Maii
955 3916 1040 3966 die
1070 3917 1115 3966 1.
1147 3918 1268 3967 Acta
1294 3917 1594 3969 Sanctorum
1628 3920 1865 3970 Bolland.
1901 3922 2020 3972 Maii
2047 3926 2176 3973 tom.
2215 3925 2253 3982 Ι,
2289 3939 2340 3989 p.
2372 3927 2401 3977 7
2436 3926 2618 3977 Latine
2651 3943 2663 3986 ;
2701 3928 2875 3979 erce
2900 3945 2950 3994 p.
2982 3930 3091 3989 733,
3117 3945 3179 3983 ex
3209 3933 3328 3983 cod.
3365 3933 3505 3996 Vat.)

588 4231 641 4286 1.
670 4228 927 4285 Celebris
966 4233 1055 4286 est
1094 4229 1169 4286 ad
1201 4230 1496 4287 Kalendas
1536 4232 1670 4290 Maii
1732 4234 2016 4291 memoria
2071 4236 2124 4291 S.
2181 4233 2430 4306 Philippi
2478 4236 2731 4307 apostoli
2782 4238 2844 4292 in
2895 4239 3327 4312 antiquissimis
3379 4243 3561 4299 Fastis
3619 4245 3868 4301 Latinis.

516 4320 920 4374 Pervetustum
944 4319 1340 4391 Martyrologii
1365 4321 1807 4392 Hieronymiani
1860 4323 2304 4394 apographum,
2359 4340 2395 4380 a
2440 4324 2596 4380 mille
2629 4341 2812 4398 prope
2851 4329 3025 4383 annis
3057 4335 3385 4397 exaratum,
3420 4348 3540 4404 quo
3569 4332 3647 4389 ab
3703 4334 3871 4391 initio

511 4406 707 4476 operis
732 4411 796 4461 ut
827 4411 1030 4462 nostro
1060 4408 1150 4462 usi
1178 4425 1407 4472 sumus,
1432 4409 1714 4480 quodque
1738 4412 2270 4481 Epternacensibus
2297 4419 2355 4468 ut
2377 4430 2553 4469 suum
2579 4414 2949 4484 exigentibus
2967 4417 3868 4493 reddidimus,habetpraeﬁxum

511 4493 846 4584 Indiculum
870 4495 954 4584 de
971 4494 1129 4584 festis
1159 4495 1565 4584 apostolorum
1579 4497 1814 4565 diebus,
1833 4499 2207 4554 etreferenda
2229 4501 2305 4555 ad
2338 4501 2629 4557 Kalendas
2653 4504 2779 4559 Maii
2797 4504 2914 4559 ista
2938 4507 3201 4576 suggerit
3227 4524 3237 4560 :
3259 4528 3282 4558 α
3309 4510 3528 4565 Natalis
3547 4511 3870 4584 S.Philippi

513 4581 786 4652 apostoli,
818 4582 876 4635 in
907 4581 1136 4636 civitate
1169 4582 1473 4654 Hierapoli
1506 4586 1818 4655 provincia
1847 4588 2009 4642 Asia.
2049 4609 2072 4638 υ
2104 4588 2307 4643 Verum
2337 4589 2393 4643 in
2419 4595 2693 4646 contextu
2725 4593 3121 4664 Martyrologii
3153 4595 3231 4650 ad
3260 4596 3558 4655 Kalendas
3579 4599 3706 4656 Maii
3740 4581 3870 4656 haec

515 4669 705 4724 solum
737 4669 1011 4739 leguntur
1038 4686 1050 4724 :
1081 4691 1104 4720 α
1136 4670 1349 4726 Natalis
1372 4679 1714 4729 sanctorum
1742 4676 2150 4745 apostolorum
2176 4676 2497 4749 Philippiet
2521 4678 2785 4734 Jacobi.»
2813 4680 2877 4735 In
2893 4684 3245 4754 apographo
3260 4685 3602 4743 Corbeiensi
3629 4689 3868 4745 Parisiis

512 4772 734 4848 excuso
759 4757 1021 4848 ejusdem
1067 4759 1456 4848 Martyrologii
1504 4761 1944 4834 Hieronymiani
1971 4767 2051 4820 ita
2074 4765 2327 4820 habetur
2360 4785 2371 4821 :
2425 4789 2450 4818 α
2486 4771 2546 4822 In
2596 4769 2741 4825 Asia
2775 4769 3071 4843 Hierapoli
3104 4774 3202 4829 SS.
3238 4774 3490 4846 Philippi
3522 4777 3769 4848 apostoli
3807 4783 3871 4834 et

508 4846 729 4938 :lacobi.
783 4847 925 4938 {De
955 4847 1276 4938 S._Jacﬁobo,
1328 4850 1429 4920 qui
1462 4866 1581 4905 non
1609 4857 1835 4921 spectat
1879 4853 1952 4907 ad
2002 4853 2367 4924 Hierapolim,
2418 4871 2558 4911 mox
2591 4859 2843 4913 seorsim
2875 4874 3151 4929 agemus.
3195 4861 3422 4919 Similia
3479 4846 3574 4921 dei
3609 4871 3868 4938 utroque

511 4931 804 4989 habentur
829 4936 885 4989 in
919 4936 1352 5006 antiquioribus
1386 4938 1572 4993 Fastis
1595 4955 1735 4994 mss.
1766 4955 1917 5010 quos
1933 4957 2050 4996 non
2071 4946 2161 4996 est
2190 4958 2381 5014 operte
2410 4945 2659 5015 pretium
2676 4946 2954 5002 indicare.
2978 4949 3340 5006 Venerabilis
3358 4952 3520 5008 Beda
3537 4954 3592 5010 in
3614 4931 3867 5025 genuino

511 5037 620 5112 suo
651 5023 1083 5112 Martyrologio,
1111 5025 1273 5096 quod
1313 5030 1449 5081 ante
1483 5032 1711 5082 tornum
1732 5029 2063 5086 secundum
2107 5035 2384 5088 Actorum
2433 5034 2616 5088 Martii
2648 5050 2719 5089 ex
2741 5039 2874 5091 octo
2905 5037 3164 5110 antiquis
3203 5040 3504 5097 codicibus
3535 5023 3862 5112 edidimus,

513 5109 622 5164 ista
653 5110 853 5166 scribit
885 5128 895 5165 :
927 5133 954 5160 «
979 5113 1042 5166 In
1073 5112 1361 5185 Hierapoli
1393 5115 1642 5186 Philippi
1673 5117 1946 5185 apostoli,
1982 5125 2034 5174 et
2056 5120 2256 5175 Jacobi
2290 5121 2544 5192 apostoli
2572 5122 2768 5178 fratris
2801 5109 3065 5180 Domini.
3096 5149 3115 5175 ι
3149 5127 3326 5184 Addit
3359 5130 3562 5186 Florus
3593 5148 3604 5185 :
3641 5154 3670 5181 ‹‹
3712 5109 3865 5198 Quo;

513 5212 648 5295 rum
671 5198 896 5296 pilimus
929 5199 986 5254 in
1012 5201 1151 5256 Asia
1179 5200 1238 5256 in
1268 5203 1498 5258 civitate
1529 5203 1818 5274 Hierapoli
1844 5208 2154 5276 provinciae
2179 5210 2445 5282 Phrygiae
2477 5227 2686 5282 passus
2703 5218 2811 5280 est,
2847 5214 3047 5286 ibique
3066 5232 3203 5272 cum
3229 5218 3465 5274 ﬁliabus
3493 5221 3612 5276 suis
3638 5225 3867 5296 requie-

516 5285 690 5375 scit._»
717 5285 1011 5375 Habanus,
1037 5294 1205 5345 astate
1238 5293 1565 5362 proximus,
1586 5293 1669 5347 sic
1693 5293 1930 5349 scribit:
1957 5315 1979 5344 α
2002 5297 2063 5350 In
2106 5296 2397 5369 Hierapoli
2430 5300 2669 5372 Philippi
2702 5285 2971 5372 apostoli,
3015 5306 3116 5375 qui
3149 5305 3551 5365 Ebionitarum
3592 5285 3864 5369 haeresim

514 5372 810 5473 e-xs'tinxit',
851 5380 906 5429 et
956 5376 1176 5473 quievit
1202 5379 1451 5473 inpace.
1481 5402 1503 5431 υ
1540 5382 1839 5438 Usuardus
1869 5386 2087 5473 scripto
2118 5386 2427 5442 mandavit
2459 5388 2582 5443 haec
2616 5389 2794 5445 verba
2823 5410 2834 5445 :
2866 5408 2894 5440 «
2925 5372 3123 5447 Natale
3150 5395 3559 5466 apostolorum
3616 5400 3865 5473 Philippi

515 5464 569 5561 et
596 5459 822 5561 lacobi,
872 5477 949 5561 lex
976 5463 1194 5561 quibus
1229 5467 1531 5561 Philippus
1553 5475 1874 5561 postquam
1896 5472 2189 5544 Scythiam
2242 5475 2317 5529 ad
2347 5475 2527 5531 ﬁdem
2559 5477 2764 5532 Christi
2813 5459 3214 5550 convertisset,
3268 5485 3424 5555 apud
3481 5459 3863 5561 Hierapolim,

513 5548 661 5603 Asiae
685 5548 1006 5618 civitatem,
1041 5552 1303 5622 glorioso
1329 5556 1443 5613 ﬁne
1474 5558 1714 5629 quievit.
