4114 6262
245 378 350 433 185
551 400 559 406 '
1406 376 1573 432 VITA
1612 377 1671 434 S.
1716 378 1870 435 PHII.

1962 380 2029 435 PI
2072 378 2439 437 APOSTOLI.
3484 378 3587 433 186

306 504 358 557 2.
374 500 504 557 Ado
517 500 1004 573 archiepiscopus
1015 500 1383 567 Viennensis,
1400 500 1455 556 in
1468 501 1666 559 libello
1682 505 1764 561 De
1770 504 2195 574 festivitatibus
2206 512 2541 562 sanctorum
2553 505 2975 574 apostolorum,
2998 502 3112 558 hoc
3134 500 3389 572 elogium
3402 499 3585 558 edidit

237 613 262 642 ι
309 590 525 648 Natalis
556 590 872 646 beatorum
898 589 1307 662 apostolorum
1333 590 1583 663 Philippi
1605 596 1661 648 et
1688 593 1927 649 Jacobi:
1958 611 2030 651 ex
2055 595 2274 666 quibus
2293 595 2614 666 Philippus,
2649 610 2787 649 cum
2819 606 2968 665 pene
3001 591 3305 663 Scythiam
3347 605 3591 645 conver-

235 678 425 747 tisset,
452 678 825 748 diaconibus,
858 678 1218 751 presbyteris
1239 684 1295 734 et
1319 680 1618 750 episcopis
1638 680 1718 735 ibi
1744 682 2092 747 constitutis,
2121 697 2391 738 reversus
2422 689 2512 738 est
2529 683 2607 739 ad
2632 683 2852 747 Asiam,
2877 680 2979 737 ubi
3010 680 3292 736 continua
3308 678 3594 749 pradica-

240 768 397 825 tione
419 782 524 839 per
546 766 777 840 aliquot
802 782 996 824 annos
1020 767 1323 831 insistens,
1359 767 1797 825 multitudinem
1828 772 2188 843 populorum
2222 772 2470 837 Christo,
2498 771 2807 827 laboribus
2834 769 2944 841 piis
2977 783 3214 840 semper
3238 767 3586 837 inserviens,

234 855 499 912 lucratus
524 860 612 912 est
644 872 655 910 :
685 856 909 929 quique
935 855 1099 928 apud
1129 856 1481 927 Hierapolim
1499 858 1647 913 Asia
1668 859 1961 915 civitatem
1994 861 2270 916 dormivit
2294 876 2432 916 cum
2462 860 2729 931 patribus
2758 858 3093 924 suis,beato
3114 857 3232 911 ﬁne
3259 854 3543 926 sepultus.
3564 876 3586 905 ι

239 947 374 1000 Hac
403 944 532 1001 Ado
559 962 579 1011 ;
606 945 829 1017 quibus
851 943 1021 1000 addit
1044 944 1333 1000 Notkerus
1362 960 1375 999 :
1408 965 1432 996 α
1464 946 1758 1003 Exstincta
1782 947 1992 1004 haresi
2020 948 2447 1013 Ebionitarum,
2472 950 2574 1021 qui
2608 948 2901 1006 Christum
2930 949 3129 1002 Iesum
3156 948 3293 1000 ante
3316 944 3593 999 Incarna-

238 1031 420 1088 tionis
447 1037 685 1105 tempus
709 1031 890 1089 fuisse
914 1033 1235 1105 negabant.
1271 1037 1373 1089 »ιο
1397 1033 1687 1090 hodierno
1709 1037 2122 1109 Martyrologio
2147 1040 2416 1093 Romano
2428 1037 2730 1093 adduntur
2750 1034 3038 1091 nonnulla
3061 1034 3135 1089 de
3160 1032 3289 1102 ejus
3302 1031 3590 1103 martyrio

238 1120 334 1177 his
359 1121 555 1177 verbis
588 1138 600 1177 :
629 1141 657 1174 «
686 1122 905 1178 Natalis
932 1121 1244 1178 beatorum
1271 1123 1685 1193 apostolorum
1702 1125 1947 1197 Philippi
1973 1126 2265 1192 etJacobi,
2293 1141 2364 1181 ex
2395 1125 2613 1198 quibus
2646 1125 2967 1196 Philippus,
3002 1126 3320 1194 postquam
3346 1135 3585 1175 omnem

239 1208 360 1266 fere
389 1210 691 1283 Scythiam
722 1210 800 1265 ad
824 1210 1006 1267 ﬁdem
1033 1211 1237 1267 Christi
1260 1212 1664 1277 convertisset,
1693 1215 1855 1284 apud
1880 1215 2234 1286 Hierapolim
2265 1213 2414 1269 Asia
2444 1214 2756 1279 civitatem,
2790 1212 2948 1266 cruci
2970 1208 3590 1279 afﬁxus,etlapidibus

238 1297 511 1365 obrutus,
546 1298 803 1370 glorioso
836 1299 951 1356 ﬁne
980 1300 1225 1373 quievit.
1256 1320 1285 1353 »
1321 1302 1451 1356 Hac
1476 1300 1576 1370 ibi,
1597 1301 1815 1373 quibus
1828 1302 2043 1358 similia
2060 1304 2117 1357 in
2145 1318 2256 1357 suo
2284 1302 2702 1374 Martyrologio
2729 1299 2907 1356 tradit
2926 1297 3347 1355 Galesinius.At
3368 1299 3593 1353 Mauro-

236 1385 409 1458 lycus
435 1386 744 1459 aliquanto
770 1387 945 1460 plura
972 1388 1351 1454 interserens,
1378 1409 1407 1441 ‹‹
1434 1388 1656 1455 Natale,
1684 1389 2218 1462 inquit,beatorum
2247 1391 2657 1462 apostolorum
2690 1388 2938 1458 Philippi
2960 1385 3253 1451 etJucobi,
3283 1401 3355 1440 ex
3370 1384 3590 1457 quibus

236 1475 563 1548 Philippus,
585 1480 910 1549 postquam
943 1478 1245 1549 Scythiam
1275 1478 1351 1533 ad
1382 1476 1565 1533 ﬁdem
1580 1478 1789 1534 Christi
1807 1479 2113 1544 convertit,
2131 1478 2475 1549 ubidejecto
2500 1478 2692 1534 Martis
2706 1475 3025 1531 simulacro
3038 1478 3301 1529 erexerat
3331 1488 3588 1537 crucem,

233 1568 291 1619 et
317 1579 686 1620 venenosum
708 1567 1033 1621 draconem
1067 1564 1489 1621 exterminarat
1522 1582 1536 1631 ;
1573 1565 1735 1636 apud
1769 1566 2126 1636 Hierapolim
2156 1567 2455 1622 civitatem
2481 1568 2633 1620 Asia
2661 1564 2918 1634 glorioso
2941 1562 3061 1617 ﬁne
3082 1562 3336 1633 quievit:
3362 1562 3483 1616 sive
3512 1560 3590 1616 ab

233 1652 519 1709 Ebionitis
539 1654 696 1709 cruci
723 1653 936 1710 afﬁxus
967 1658 1023 1709 et
1050 1653 1346 1726 lapidatus
1370 1653 1650 1709 occubuit
1682 1669 1693 1706 :
1719 1653 1889 1723 juxta
1913 1669 2095 1725 quem
2122 1656 2255 1710 dua
2284 1655 2416 1710 ﬁlia
2444 1656 2573 1725 ejus
2600 1653 2861 1723 virgines
2890 1651 3195 1707 tumulata
3217 1654 3354 1704 sunt
3383 1648 3586 1719 ;tertia

233 1740 451 1813 Ephesi
468 1742 647 1813 jacet.
681 1764 708 1793 »
738 1745 868 1798 Hac
889 1742 1264 1815 Maurolycus
1296 1756 1309 1797 :
1338 1746 1553 1814 prater
1568 1758 1704 1815 qua
1728 1741 2148 1799 Constantinus
2179 1743 2425 1800 Felicius
2446 1741 2734 1799 nonnulla
2764 1741 2972 1797 miscet
3001 1755 3075 1795 ex
3098 1738 3253 1794 Actis
3266 1736 3589 1803 Gracis,de

232 1828 453 1901 quibus
485 1845 625 1885 mox
664 1845 936 1900 agemus.

304 1922 356 1974 3.
400 1917 640 1975 Vocatio
668 1918 920 1991 Philippi
947 1920 1022 1976 ad
1056 1918 1455 1991 apostolatum
1486 1918 1787 1975 nonnullis
1817 1919 1997 1975 etiam
2033 1920 2217 1976 Fastis
2255 1919 2333 1976 ad
2358 1919 2426 1975 28
2473 1917 2772 1975 Februarii
2812 1916 3125 1973 ascribitur
3152 1930 3166 1970 :
3197 1913 3300 1969 sed
3348 1912 3463 1968 ista
3518 1927 3591 1967 ex

232 2022 272 2060 ιι
289 2007 383 2063 die
396 2007 523 2064 Maii
547 2007 725 2065 latius
755 2008 1111 2065 deducenda
1136 2007 1319 2074 fuere,
1353 2012 1416 2063 ut
1441 2008 1535 2064 via
1560 2012 1915 2064 sterneretur
1943 2009 2021 2065 ad
2047 2015 2178 2065 acta
2202 2008 2423 2073 Latina,
2440 2007 2634 2079 primo
2651 2006 2781 2061 loco
2811 2004 3031 2075 danda,
3052 2004 3111 2058 in
3140 2002 3360 2075 quibus
3384 2000 3592 2058 omnia

232 2098 630 2161 continentur,
657 2114 792 2170 qua
819 2099 877 2154 in
891 2098 1084 2154 citatis
1097 2097 1525 2169 Martyrologiis
1540 2098 1830 2169 attingunt
1841 2115 1924 2155 ur.
1944 2098 2165 2154 Eadem
2185 2098 2329 2154 Acta
2341 2096 2556 2153 habem
2568 2113 2634 2151 us
2655 2095 2716 2150 in
2743 2094 2927 2150 tribus
2947 2092 3271 2148 illustribus
3283 2090 3589 2146 codicibus

228 2186 465 2251 nostris,
499 2201 758 2258 quorum
791 2186 1005 2259 aliquis
1017 2191 1152 2242 ante
1164 2187 1536 2256 octingentos
1553 2202 1745 2243 annos
1758 2189 1990 2244 videtur
2002 2192 2300 2245 exaratus.
2320 2189 2602 2242 Praeterea
2615 2183 2953 2255 accepimus
2966 2180 3177 2237 eadem
3208 2178 3506 2249 descripta
3518 2194 3590 2234 ex

226 2274 475 2330 vetustis
504 2274 811 2330 codicibus
848 2275 1180 2331 Trevirensi
1214 2277 1267 2331 S.
1299 2275 1546 2340 Martini,
1580 2275 1804 2348 duplici
1834 2276 2266 2332 Audomarensi
2296 2274 2564 2330 Ecclesiae
2590 2270 2969 2335 cathedralis,
3001 2267 3375 2338 Ultrajectino
3410 2265 3592 2323 eccle-

228 2361 332 2418 sia
365 2363 420 2419 S.
452 2361 787 2429 Salvatoris,
822 2366 1091 2419 Romano
1119 2362 1438 2419 cardinalis
1466 2365 1717 2421 Baronii.
1754 2365 2097 2421 Invenimus
2128 2364 2261 2435 ipsa
2285 2362 2464 2419 etiam
2494 2363 2554 2417 in
2600 2361 2789 2417 tribus
2828 2358 3047 2427 regina
3073 2356 3296 2412 Suecia
3339 2354 3588 2423 signatis

227 2466 483 2507 numero
519 2454 605 2517 81,
636 2454 741 2508 482
767 2456 823 2507 et
854 2452 1007 2520 1604,
1040 2452 1353 2507 Parisiensi
1382 2452 1701 2508 cardinalis
1742 2454 2036 2518 Mazarini,
2069 2451 2357 2508 Duacensi
2390 2448 2729 2505 monasterii
2772 2440 3588 2517 AquicinctiniBodecensi.in

229 2538 611 2611 Westphalia,
643 2544 701 2597 et
729 2540 788 2596 in
819 2540 1022 2596 codice
1048 2557 1160 2597 ms.
1192 2540 1503 2605 hospitalis
1525 2542 1581 2596 S.
1614 2541 1837 2597 Nicolai
1852 2557 2036 2613 prope
2061 2542 2276 2597 Cusam
2310 2554 2534 2611 :neque
2564 2538 2643 2593 ab
2668 2536 2760 2591 his
2785 2536 3017 2589 diversa
3037 2537 3194 2598 sunt,
3219 2547 3353 2603 qua
3377 2528 3590 2584 habuit

225 2634 428 2684 auctor
450 2627 713 2685 historia
739 2629 814 2685 de
843 2629 1251 2686 Translatione
1279 2629 1507 2687 brachii
1539 2631 1594 2686 S.
1634 2628 1885 2702 Philippi
1906 2630 2281 2686 Florentiam.
2312 2625 2677 2697 Legendaria
2704 2624 2753 2680 si
2778 2623 3046 2680 libuisset
3080 2627 3373 2683 excutere,
3413 2618 3587 2690 plura

216 2733 532 2790 possemus
552 2718 815 2775 indicare
829 2720 1123 2791 exempla.
1147 2717 1261 2776 Sed
1276 2718 1339 2774 in
1352 2719 1558 2791 primis
1576 2718 1981 2775 memorabilis
1996 2723 2087 2775 est
2098 2717 2271 2773 nobis
2283 2716 2495 2773 eadem
2508 2716 2650 2770 Acta
2662 2712 2972 2769 continens
2988 2709 3177 2765 codex
3192 2711 3586 2778 pervetustus,

216 2807 524 2880 quadratis
548 2807 874 2864 litterarum
894 2808 1173 2863 ductibus
1204 2807 1619 2863 etdiscrimine
1648 2808 2161 2879 diphthongorum
2192 2810 2370 2878 atque
2399 2804 2696 2859 vocalium
2724 2804 2996 2857 accurate
3027 2801 3258 2853 servato
3282 2800 3582 2859 exaratus,

217 2896 324 2969 qui
350 2896 494 2951 olim
525 2896 905 2967 pertinuitad
936 2901 1366 2951 monasterium
1396 2896 1493 2951 SS.
1528 2896 1677 2950 Petri
1730 2900 1785 2950 et
1836 2896 1997 2952 Pauli
2047 2898 2107 2951 in
2159 2893 2541 2963 Wissenburg
2590 2890 2861 2947 dicecesis
2922 2886 3234 2960 Spirensis,
3282 2900 3441 2940 nunc
3494 2888 3583 2939 est

222 2982 581 3056 amplissimi
602 2983 846 3039 baronis
871 2982 1113 3047 Blumii,
1143 2983 1361 3053 sapius
1394 2997 1431 3037 a
1458 2982 1631 3037 nobis
1659 2984 1991 3047 memorati,
2024 2982 2103 3039 ob
2128 2986 2430 3038 vetustum
2449 2978 2843 3052 Martyrologii
2867 2973 3309 3047 Hieronymiani
3330 2986 3580 3044 apogra-

221 3072 436 3146 phum,
462 3071 626 3145 quod
656 3072 787 3143 ipse
816 3086 887 3127 ex
917 3071 1132 3127 eodem
1164 3070 1523 3126 monasterio
1555 3075 1865 3141 acceptum
1896 3086 2005 3143 pro
2036 3087 2145 3127 sua
2174 3070 2543 3126 humanitate
2571 3065 3057 3124 communicavit.
3094 3066 3175 3119 Ex
3201 3064 3315 3118 hoc
3345 3066 3575 3116 vetusto

219 3160 430 3217 codice
459 3164 602 3217 Acta
613 3160 900 3216 virtutum
912 3166 965 3216 et
984 3159 1339 3232 passionum
1359 3163 1703 3215 sanctorum
1726 3157 2378 3231 Christiapostolorum,
2401 3156 2720 3212 Reinoldus
2738 3154 3015 3221 Dehnius,
3042 3150 3340 3208 societatis
3357 3153 3578 3205 nostra

221 3251 309 3307 vir
330 3249 624 3319 eruditus,
655 3248 960 3321 descripta
993 3249 1170 3305 nobis
1213 3246 1564 3303 transmisit.

290 3342 345 3397 4.
386 3337 714 3409 Praﬁgitur
762 3337 900 3395 huic
929 3336 1121 3394 codici
1160 3356 1189 3389 «
1228 3335 1478 3409 epistola
1513 3336 1821 3403 Melitonis,
1863 3357 1893 3387 ››
1932 3336 2060 3392 aliis
2099 3334 2310 3403 Molliti,
2349 3356 2377 3385 «
2417 3332 2679 3405 episcopi
2717 3330 3112 3395 Laodicensis,
3153 3327 3232 3383 ad
3276 3326 3581 3383 universos

220 3428 536 3501 episcopos
548 3432 601 3484 et
621 3426 907 3484 Ecclesias
921 3426 1379 3491 Catholicorum,
1396 3425 1470 3481 de
1483 3425 1750 3499 quodam
1771 3425 1999 3491 Leucio,
2020 3425 2123 3497 qui
2140 3422 2550 3497 quorumdam
2569 3422 2748 3477 Actus
2764 3417 3172 3491 apostolorum
3194 3415 3529 3486 scripserat.
3552 3432 3576 3464 ι

224 3517 575 3574 Notathunc
604 3516 791 3573 Melito
810 3516 1081 3573 falsitatis
1110 3515 1294 3581 titulo,
1330 3515 1707 3587 potissimum
1738 3514 1881 3587 quia
1911 3513 2072 3579 dixit,
2112 3534 2137 3565 α
2175 3528 2278 3568 eos
2306 3511 2585 3567 docuisse
2611 3510 2733 3565 duo
2764 3506 3058 3579 principia
3082 3504 3225 3560 boni
3250 3507 3305 3559 et
3335 3501 3496 3567 mali,
3529 3506 3585 3557 et

223 3606 388 3663 bona
417 3622 454 3662 a
482 3606 645 3662 bono
665 3610 723 3661 et
750 3605 910 3662 mala
940 3622 976 3661 a
1003 3604 1163 3661 malo
1196 3604 1531 3660 substitisse
1561 3604 1871 3676 principio.
1920 3623 1948 3655 »
1978 3602 2195 3658 Eadem
2247 3600 2496 3673 epistola
2538 3597 2864 3671 praﬁgitur
2910 3599 3045 3650 ante
3084 3599 3225 3648 Acta
3256 3593 3311 3647 S.
3343 3590 3584 3647 Joannis

222 3693 603 3765 evangelista
628 3694 791 3766 apud
812 3693 1213 3750 Florentinum
1238 3692 1316 3749 ad
1341 3691 1782 3762 Martyrolgium
1814 3691 2364 3762 Hieronymianum.
2398 3689 2607 3744 Mentio
2640 3684 2905 3759 pradicti
2940 3682 3151 3749 Leucii,
3175 3680 3306 3736 aliis
3340 3677 3579 3744 Leontii,

221 3783 454 3839 videtur
478 3782 605 3837 ﬁeri
631 3782 689 3838 in
716 3785 987 3839 Tractatu
1026 3784 1112 3839 De
1137 3783 1256 3850 ﬁde
1284 3782 1404 3838 sive
1445 3782 1518 3837 de
1554 3781 1792 3837 Unitate
1833 3780 2138 3836 Trinitatis
2183 3783 2394 3834 contra
2434 3775 2813 3838 Manichaos,
2846 3772 2951 3844 qui
3004 3776 3167 3826 tomo
3200 3769 3266 3823 VI
3320 3769 3579 3838 Operum

225 3873 283 3930 S.
325 3872 639 3944 Augustini
687 3872 1020 3928 continetur
1066 3891 1077 3931 :
1110 3886 1319 3927 verum
1361 3886 1477 3926 non
1504 3869 1756 3926 habetur
1785 3870 1846 3925 in
1896 3866 2427 3924 Retractationibus
2458 3866 2606 3935 ejus,
2639 3877 2833 3935 neque
2865 3861 2924 3916 in
2964 3857 3232 3914 Indiculo
3287 3853 3577 3921 Possidii;

226 3962 557 4034 asseritque
588 3960 894 4033 Philippus
930 3961 1127 4017 Labbe
1142 3959 2080 4029 DeScriptoribusecclesiasticis,
2108 3979 2129 4006 α
2156 3956 2402 4011 evicisse
2435 3952 2818 4010 Sirmondum
2844 3951 2903 4005 in
2924 3948 3172 4004 Historia
3197 3944 3576 4034 Pradestinaf

227 4050 392 4107 tiana
421 4030 492 4106 ex
526 4048 643 4106 ﬁde
658 4030 799 4105 mss:
832 4049 1131 4118 codicum,
1151 4049 1451 4122 pracipue
1482 4046 2145 4120 Corbeiensis,quodsit
2166 4044 2372 4101 Evodii
2398 4042 2663 4114 episcopi
2689 4037 3004 4102 Uzalensis,
3038 4058 3061 4088 υ
3087 4038 3146 4090 in
3170 4030 3583 4122 Proconsulari

224 4137 539 4214 provincia
568 4137 782 4203 Africa,
808 4138 886 4195 ad
905 4154 1087 4211 quem
1117 4118 1355 4194 exstant
1388 4138 1562 4194 varia
1596 4138 1649 4190 S.
1684 4118 1994 4207 Augustini
2020 4134 2284 4206 epistola
2311 4149 2323 4188 :
2355 4137 2415 4188 ut
2444 4130 2533 4187 vel
2572 4135 2712 4186 tunc
2739 4132 2874 4184 ante
2922 4125 3219 4180 indicatus
3249 4120 3438 4178 Melito
3462 4118 3584 4174 sive

228 4227 477 4285 Mellitus
507 4226 824 4301 episcopus
849 4227 1065 4284 vixisse
1094 4227 1385 4284 videatur.

300 4322 354 4373 ὅ.
398 4294 699 4375 Sunt-hac
711 4294 1131 4388 apostolorum
1152 4322 1283 4372 acta
1300 4314 1689 4387 postmodum
1703 4312 1864 4367 varie
1882 4314 2076 4379 aucta,
2106 4314 2160 4363 et
2189 4307 2304 4361 sub
2325 4305 2567 4361 nomine
2586 4303 2811 4371 Abdia,
2832 4298 3172 4372 Babylonia
3201 4296 3467 4388 episcopi
3497 4294 3584 4388 ab

226 4406 517 4478 apostolis
547 4383 819 4471 ordinati,
863 4406 1086 4477 sapius
1116 4383 1329 4460 recusa
1359 4421 1374 4469 ;
1405 4403 1578 4474 quasi
1604 4418 1676 4456 ea
1701 4417 1772 4455 ex
1798 4398 2083 4455 Hebraica
2112 4396 2173 4451 in
2203 4398 2466 4452 Gracam
2505 4392 2772 4462 linguam
2822 4387 3216 4446 transtulisset
3261 4383 3585 4478 discipulus

226 4471 433 4553 Abdia
462 4496 800 4567 Eutropius,
833 4498 887 4549 et
918 4471 1055 4548 hinc
1080 4493 1139 4548 in
1171 4471 1443 4548 Latinam
1459 4491 1701 4546 vertisse
1730 4506 1793 4544 se
1836 4488 1994 4543 dicat
2033 4485 2218 4542 Julius
2261 4483 2594 4548 Africanus,
2645 4480 2747 4553 qui
2788 4478 2965 4567 tertio
2995 4476 3213 4567 sacqu
3229 4473 3440 4567 Aﬂoruit

226 4560 690 4656 imperatoribus
718 4560 1103 4651 Heliogabalo
1123 4586 1179 4637 et
1204 4580 1538 4636 Alexandro
1569 4582 1890 4635 Mammaea
1915 4576 2054 4631 ﬁlio.
2074 4573 2359 4630 Baronius
2390 4572 2447 4626 in
2462 4570 2617 4627 notis
2645 4569 2893 4625 adhunc
2912 4566 3093 4656 diem,
3126 4586 3149 4615 α
3180 4560 3584 4656 Licet,inquit,

228 4651 582 4746 apocrypha
615 4676 969 4727 censeantur
989 4671 1116 4726 hac
1143 4670 1255 4726 sub
1289 4670 1528 4725 nomine
1558 4668 1785 4735 Abdia,
1814 4681 1954 4721 vera
1979 4670 2178 4720 tamen
2207 4661 2497 4717 nonnulla
2522 4659 2604 4715 ibi
2635 4673 2762 4714 esse
2786 4656 2931 4712 mihi
2963 4655 3131 4711 facile
3163 4651 3531 4726 persuadeo:
3558 4670 3583 4701 ››

226 4741 491 4819 maxime
516 4761 765 4834 quando
777 4760 1018 4817 aliunde
1032 4776 1100 4816 ea
1112 4760 1357 4829 Acta(ut
1373 4758 1469 4814 hic
1488 4759 1561 4813 de
1582 4758 1637 4813 S.
1657 4754 1966 4827 Philippo),
1982 4756 2120 4808 satis
2133 4751 2483 4823 probantur.
2503 4749 2750 4803 Exstant
2774 4748 2985 4802 eadem
3005 4759 3225 4834 excusa
3248 4755 3413 4834 anno
3430 4741 3583 4834 15in»

227 4851 381 4908 inter
406 4824 737 4922 Rapsodias
767 4850 1065 4922 Anonymi
1097 4824 1399 4905 Philalethi
1433 4846 1770 4911 Eusebiani,
1797 4824 1862 4899 in
1889 4843 2063 4909 Vitas,
2098 4839 2385 4896 miracula
2416 4836 2842 4908 passionesque
2876 4831 3345 4922 apostoloruma
3376 4824 3583 4922 Frede-

226 4941 352 4998 rico
373 4912 605 4998 Nausea
634 4939 906 4996 collectas
986 4946 1041 4995 et
1067 4940 1125 4994 in
1156 4938 1456 5011 plerisque
1509 4937 1727 4992 horum
1759 4949 1879 4990 non
1907 4929 2121 4999 legitur
2166 4927 2332 4999 quod
2364 4924 2665 4996 Philippus
2693 4945 2720 4973 ‹‹
2762 4922 2920 4977 cruci
2951 4919 3166 5011 afﬁxus
3195 4922 3250 5011 et
3283 4912 3588 5011 lapidibus

230 5030 483 5088 obrutus
506 5028 695 5085 fuerit.
724 5051 750 5077 ››
780 5031 989 5084 Verum
1019 5004 1239 5084 inserta
1262 5004 1399 5083 sunt
1420 5026 1520 5082 illa
1547 5024 1730 5081 verba
1749 5022 1911 5094 apud
1931 5018 2212 5074 Joninum
2227 5013 2642 5077 Mombritium,
2663 5011 2723 5067 in
2749 5008 3113 5080 Legendario
3141 5004 3586 5094 anteducentos

232 5134 425 5177 annos
455 5133 675 5173 excuso
707 5134 721 5172 :
751 5116 885 5173 item
910 5117 968 5171 in
993 5116 1285 5171 Breviario
1316 5118 1584 5171 Romano
1609 5112 1749 5169 anni
1778 5089 1909 5166 1-522
1924 5112 2099 5177 atque
2123 5119 2193 5159 eo
2210 5103 2372 5174 quod
2392 5101 2562 5171 jussu
2585 5098 2745 5154 Pauli
2766 5112 2938 5169 papa
2972 5098 3041 5149 lll
3069 5109 3105 5148 a
3127 5089 3424 5147 cardinale
3452 5089 3587 5155 Qui-

234 5207 457 5280 gnonio
487 5206 830 5262 ordinatum
869 5211 925 5261 et
959 5206 1039 5259 Pii
1087 5208 1128 5259 V
1161 5206 1335 5275 jussu
1367 5210 1578 5276 postea
1618 5201 1841 5257 editum
1872 5200 2161 5254 hactenus
2188 5195 2546 5253 asservatur,
2602 5186 2735 5242 licet
2758 5187 2817 5241 in
2843 5184 3003 5280 hisce
3036 5181 3586 5280 Act-ali-ntegraAnon

234 5269 469 5363 dentur,
500 5301 563 5351 ut
588 5295 648 5350 in
674 5295 990 5367 antiquiori
1024 5269 1335 5350 Breviario.
1367 5269 1525 5349 Prior
1550 5307 1688 5364 pars
1727 5294 2005 5345 Actorum
2037 5282 2268 5350 integra
2298 5279 2547 5333 habetur
2572 5276 2631 5330 in
2680 5273 2974 5367 Breviario
3006 5271 3145 5327 anni
3178 5269 3504 5367 1479,_1490
3531 5274 3587 5322 et

237 5359 615 5459 sequentium
647 5401 661 5439 :
686 5385 746 5440 in
768 5359 958 5456 eaque
986 5388 1153 5455 parte
1178 5359 1677 5438 continentur'illa
1698 5393 1833 5451 qua
1858 5374 1995 5431 inde
2010 5370 2382 5459 Maurolycu-s
2405 5382 2589 5459 supra
2605 5363 2928 5459 traciiditde
2958 5383 2983 5459 ς
3008 5376 3306 5459 veneno‘so
3323 5359 3585 5459 dracone

236 5446 648 5540 exterminata,
682 5494 703 5522 ι
738 5478 839 5528 aut
859 5446 1083 5527 .forsan
1113 5470 1354 5526 diabolo
1380 5470 1491 5525 sub
1519 5468 1648 5524 tetri
1676 5446 1920 5522 monstri
1950 5463 2165 5532 ﬁgura.
2204 5456 2425 5515 Similia
2464 5454 2687 5510 habent
2707 5452 2910 5508 Petrus
2940 5451 3014 5507 de
3042 5448 3345 5507 Natalibus
3374 5446 3476 5502 lib.
3528 5461 3584 5501 1v

239 5562 531 5635 Catalogi,
562 5577 696 5633 cap.
743 5565 861 5629 107,
884 5559 1191 5634 Philippus
1232 5558 1527 5617 Ferrarius
1551 5558 1634 5614 De
1671 5553 1889 5613 sanctis
1932 5550 2143 5619 Italia,
2184 5552 2239 5603 et
2277 5544 2477 5622 plures
2503 5542 2625 5600 alii.
