4114 6262
532 348 629 401 187
1927 328 2196 387 MENSIS
2239 328 2245 381 l

2322 324 2479 382 lIUS.
3811 316 3919 369 188

597 471 651 525 6.
683 468 835 524 Actis
850 467 1064 524 Latinis
1076 464 1501 536 subjungimus
1529 464 1754 518 Actaex
1766 462 1967 517 Graeco
1993 453 2305 512 translata:
2336 466 2471 523 quae
2490 448 2664 542 nobis
2678 445 2849 503 valde
2873 444 3130 542 antiqua
3150 441 3444 540 videntur,
3462 440 3915 542 etaSymeone

523 557 912 628 Metaphraste
950 558 1097 611 inter
1132 528 1288 609 Vitas
1306 528 1679 610 'Sanctorum
1713 549 1909 621 potius
1948 542 2303 613 transcripta
2331 536 2623 629 quam‘de
2654 550 2810 591 novo
2840 531 3217 629 composita:
3387 529 3479 585 vel
3523 528 3663 629 ideo
3705 530 3924 629 magis

523 619 1074 717 ascribuntur,quia
1094 643 1319 715 primus
1349 647 1405 696 et
1434 619 1726 711 antiquus
1747 642 1955 694 auctor
1983 648 2104 689 non
2131 636 2218 687 est
2248 644 2358 683 suo
2381 625 2622 717 nomine
2648 629 2844 679 notus.
2866 624 3112 717 Exstant
3132 636 3223 685 ea,
3257 619 3575 717 interprete
3600 619 3923 717 gentia‘no

527 735 791 799 Herveto,
824 706 986 789 tomo
1006 706 1214 803 quinto
1227 729 1487 786 Vitarum
1514 706 1857 783 sanctorum
1877 727 2114 779 Patrum
2132 720 2211 775 ab
2227 717 2466 788 Aloysio
2488 714 2814 782 Lipomano
2831 710 3217 803 Avulgatarum
3248 725 3262 763 ι
3295 713 3351 803 et
3366 706 3446 803 ad
3470 707 3583 763 has
3600 706 3924 803 Kalendas

530 822 659 878 Maii
689 837 725 877 a
757 795 1059 876 Laurentio
1086 819 1254 876 Surio
1283 817 1571 873 translata
1592 821 1751 879 sunt,
1776 813 1936 869 unde
1958 826 2096 866 cum
2119 810 2321 864 Grmco
2342 804 2555 861 collata
2572 806 2630 857 et
2661 800 2877 856 nostris
2902 798 3058 855 notis
3090 797 3381 853 illustrata
3406 795 3627 852 damus
3654 812 3669 860 ;
3702 796 3925 867 ipsum

532 915 731 966 autem
767 910 1034 965 Graecum
1070 909 1131 963 in
1163 923 1303 962 mss.
1325 905 1615 962 Vaticanis
1638 904 1989 973 Venetisque
2013 898 2371 955 invenimus.
2402 893 2549 948 Vixit
2578 890 2790 946 eodem
2818 903 2957 944 cum
2988 886 3383 957 Metaphraste
3414 884 3639 939 saeculo
3667 884 3923 939 Nioetas

531 998 851 1069 Paphlago,
884 998 984 1068 qui
1022 1002 1077 1052 et
1119 995 1319 1061 David,
1346 994 1545 1049 rhetor
1582 992 2013 1048 disertissimus
2048 1003 2117 1044 ac
2149 987 2235 1040 vir
2262 980 2747 1069 sapientissimus
2776 976 2995 1069 {cuius
3024 974 3327 1069 orationes
3346 973 3561 1069 plures
3593 974 3922 1069 transtulit

534 1061 878 1144 Francis'cus
903 1061 1216 1149 Dombeﬁs,
1250 1087 1308 1138 et
1326 1084 1385 1138 in
1399 1099 1507 1137 sua
1534 1081 1900 1137 Bibliotheca
1924 1079 2177 1134 Patrum
2190 1072 2634 1130 concionatoria
2658 1066 2862 1123 edidit.
2892 1067 3106 1121 Earum
3119 1064 3255 1119 dum
3276 1061 3611 1118 referuntur
3632 1062 3711 1116 ad
3726 1061 3927 1117 hasce

535 1174 829 1232 Kalendas
863 1174 1008 1239 Maii,
1037 1175 1223 1229 altera
1263 1171 1338 1228 de
1365 1173 1420 1228 S.
1461 1171 1685 1227 Iacobo
1733 1167 1958 1240 Alphaai
1986 1183 2015 1221 e
2044 1162 2416 1220 duodenario
2446 1157 2857 1231 apostolorum
2888 1168 3174 1219 numero;
3210 1154 3396 1209 altera
3432 1150 3507 1206 de
3538 1152 3599 1207 S.
3629 1150 3928 1223 Philippo

534 1262 979 1335 apostolo,quas
1009 1261 1203 1317 solum
1220 1265 1307 1316 est
1347 1259 1740 1332 metaphrasis
1766 1258 1894 1329 jam
1933 1255 2233 1311 dictorum
2274 1256 2579 1307 Actorum.

547 1426 3909 1461 _____________________________________

1872 1572 2295 1661 ΥΠΟΜΝ
2308 1570 2558 1657 ΗΜΛ

2173 1750 2275 1799 ΕΙΣ

1420 1914 1703 2028 ΤΟΝ
1763 1910 2211 2027 APION
2272 1901 3039 2023 ΦΙΛΙΠΠΟΝ

1714 2340 2744 2439 COMMENTARIUS

561 2718 578 2747 ,
1138 2608 1286 2727 ΙΝ
1376 2607 1485 2729 S.
1573 2606 2383 2730 PHILIPPUM
2488 2600 3335 2725 APOSTOLUM

1105 2877 1201 2939 (Ex
1235 2890 1336 2926 ms.
1373 2875 1550 2926 Graeco
1581 2875 1836 2925 Vaticano
1862 2874 2075 2940 signato
2115 2872 2254 2923 1798.
2291 2899 2351 2914 -
2381 2874 2672 2937 lnterprete
2706 2869 2922 2921 Daniele
2954 2870 3350 2936 Papebrochio.)

632 3168 680 3219 l.
723 3166 877 3222 Deus
923 3165 1023 3222 Dei
1070 3166 1348 3235 Verbum,
1391 3182 1626 3240 semper
1654 3168 2012 3225 coexsistens
2046 3168 2245 3224 Patri)

2383 3169 2459 3223 A'.
2514 3167 2573 3221 Ὀ
2615 3174 2705 3220 τοῦ
2759 3174 2891 3220 Θεοῦ
2949 3170 3079 3229 Θεὸς
3139 3171 3324 3238 Λόγος,
3380 3161 3566 3226 ἁίδίως
3625 3167 3795 3215 συνὼν
3850 3170 3925 3233 τῷ

557 3258 614 3309 et
643 3254 806 3311 nullo
840 3259 1105 3328 tempore
1147 3257 1645 3329 circumscriptus,
1691 3262 1931 3329 propter
1975 3263 2200 3313 naturae

557 3348 774 3400 nostrae
809 3343 1048 3416 lapsum
1088 3346 1268 3402 voluit
1304 3347 1478 3403 nobis
1509 3345 1828 3403 assimilari
1866 3350 1921 3400 et
1949 3348 2203 3416 tempori

558 3432 767 3503 subjici
800 3448 814 3486 :
843 3432 1040 3505 itaque
1062 3440 1117 3491 et
1137 3436 1389 3504 Virginis
1420 3439 1619 3490 ventre
1659 3433 1976 3489 conclusus
2007 3438 2113 3499 est,
2147 3437 2205 3487 et

560 3521 652 3576 sui
666 3522 1087 3579 communione
1107 3524 1400 3580 deiﬁcavit
1420 3523 1583 3595 quod
1601 3526 2027 3594 assumpserat.
2053 3523 2207 3587 Quo-

556 3609 722 3665 niam
752 3626 888 3665 vero
912 3611 1007 3666 hic
1037 3612 1163 3682 ejus
1194 3613 1251 3667 in
1281 3627 1461 3668 carne
1492 3611 1785 3668 adventus
1812 3611 2064 3667 salutem
2082 3614 2207 3666 erat

558 3703 913 3769 operaturus
944 3699 1246 3763 omnibus,
1270 3700 1525 3770 Oporluit
1554 3701 1731 3755 etiam
1763 3704 1827 3755 ut
1854 3700 2101 3755 haberet
2125 3699 2209 3754 di-

560 3785 715 3841 vinae
746 3787 910 3840 istius
936 3785 1321 3842 etineﬂ‘abilis
1351 3786 1814 3858 dispensationis
1846 3793 2209 3858 spectatores

561 3878 739 3945 atque
756 3874 1072 3945 participes
1100 3875 1539 3946 mysteriorum,
1570 3890 1673 3947 per
1697 3891 1851 3947 quos
1880 3891 2206 3946 supernam

558 3961 931 4018 vocationem
946 3962 1360 4033 generinostro
1382 3963 1618 4034 copiose
1643 3963 2021 4018 ministraret.
2053 3965 2212 4018 Post-

562 4065 744 4122 quam
785 4050 961 4119 igitur
998 4066 1237 4106 omnem
1278 4051 1519 4107 Jordani
1550 4050 1865 4108 ﬁnitimam
1906 4051 2211 4122 regionem

562 4138 921 4210 pervasisset
947 4140 1188 4195 Joannis
1226 4140 1590 4212 praedicatio,
1631 4146 1686 4196 et
1727 4140 1916 4210 gratia
1965 4141 2212 4213 Spiritus

564 4231 847 4298 operante
904 4228 1070 4283 multi
1102 4243 1206 4300 per
1260 4228 1426 4284 illum
1456 4228 1901 4301 baptizarentur
1941 4227 2212 4300 (quando

565 4314 741 4369 etiam
782 4314 1041 4371 Christus
1074 4332 1244 4373 meus
1276 4316 1647 4389 baptismum
1688 4316 1965 4388 suscepit)
2011 4316 2211 4387 ipsum

564 4400 1163 4472 incomprehensibile
1202 4406 1301 4461 Dei
1329 4405 1583 4461 Verbum
1614 4404 1909 4460 urbanam
1944 4403 2213 4476 frequen-

2313 3261 2500 3330 Πατρὶ,
2552 3261 2639 3308 καὶ
2686 3258 2908 3327 ἄχρονος
2952 3257 3040 3323 ὢν,
3099 3255 3255 3308 εἵλετο
3302 3262 3389 3307 καὶ
3438 3253 3558 3306 καθ’
3596 3255 3730 3325 ἡμᾶς
3782 3256 3923 3324 γενέ-

2314 3348 2438 3397 σθαι
2486 3349 2628 3410 ποτὲ,
2669 3350 2757 3397 καὶ
2802 3346 2900 3398 ὑπὸ
2938 3347 3130 3418 χρόνον
3175 3344 3354 3408 ἐλθεῖν,
3409 3340 3503 3397 διὰ
3546 3347 3602 3395 τὸ
3650 3350 3747 3403 τῆς
3794 3344 3926 3414 ἡμῖν

2314 3436 2459 3505 τέρας
2530 3432 2794 3504 ὀλίσθημα
2869 3437 3087 3506 φύσεως·
3177 3432 3400 3486 ἐντεῦθεν
3482 3437 3571 3484 καὶ
3657 3433 3923 3503 Παρθένου

2318 3527 2475 3595 σαρκὶ
2526 3524 2916 3596 περιγράφεται,
2966 3528 3051 3574 καὶ
3106 3524 3210 3574 θεοῖ
3259 3530 3319 3594 τῇ
3371 3526 3612 3594 κοινωνίᾳ
3654 3524 3711 3571 τό
3756 3524 3926 3591 πρόσ-

2317 3621 2514 3683 λημμα.
2564 3611 2702 3664 Ἐπεὶ
2745 3608 2801 3664 δὲ
2839 3620 2933 3672 τῆς
2972 3615 3101 3682 μετα
3142 3617 3387 3683 σώματος
3426 3606 3713 3681 ἐπιδημίας
3757 3608 3923 3660 αὐτοῦ

2316 3706 2448 3752 πᾶσι
2514 3703 2884 3773 περιποιούσης
2953 3706 3045 3759 τὴν
3122 3705 3402 3771 σωτηρίαν,
3487 3701 3665 3759 θεατὰς
3738 3705 3924 3749 τοῦτον

2318 3796 2407 3849 τῆς
2461 3787 2688 3864 ἀρρήτου
2732 3790 2869 3852 θείας
2909 3790 3202 3861 οἰκονομίας
3240 3792 3328 3840 καὶ
3367 3791 3639 3849 κοινωνοὺς
3678 3795 3776 3837 τῶν
3825 3807 3927 3856 μυ-

2322 3882 2547 3951 στηρίων
2590 3881 2729 3949 ἔχειν
2781 3878 2965 3950 ἐχρῆν,
3018 3881 3084 3941 ὡς
3124 3878 3182 3929 ἂν
3223 3882 3414 3948 καὶτῷ
3461 3881 3591 3950 ’γένει
3645 3882 3798 3928 παντὶ
3847 3872 3929 3927 δι’

2320 3966 2487 4018 αὐτῶν
2544 3964 2986 4038 ἐπιδαψιλεύσητε
3043 3972 3132 4024 τὴν
3192 3965 3493 4024 ἀνάκλησιν·
3545 3968 3671 4037 μετὰ
3719 3968 3775 4017 τὸ
3830 3960 3926 4017 διὰ

2320 4058 2496 4118 πάσης
2534 4064 2621 4117 τῆς
2660 4062 2922 4130 περιοίκου
2963 4076 3015 4109 τε
3055 4062 3143 4108 καὶ
3183 4058 3373 4131 ὁμόρου
3417 4064 3486 4127 τῷ
3522 4052 3765 4129 Ἰορδάνῃ
3808 4076 3926 4126 χω-

2321 4152 2485 4218 ρῆσαι
2521 4149 2577 4197 τό
2610 4146 2846 4199 Ἰωάννου
2878 4152 3145 4219 κήρυγμα,
3180 4150 3272 4203 τὴν
3305 4146 3466 4219 χάριν
3499 4141 3557 4197 δὲ
3606 4140 3925 4202 διαδοθῆναι

2320 4241 2410 4286 τοῦ
2460 4237 2749 4306 Πνεύματος
2793 4239 2876 4286 xui
2919 4234 3139 4297 πολλοὺς
3178 4234 3262 4286 ὑπ’
3304 4234 3497 4286 ἐκείνου
3539 4236 3596 4285 τό
3643 4231 3927 4306 βάπτισμα

2324 4319 2578 4384 δέξασθαι
2618 4325 2795 4393 (ἡνίκα
2845 4319 2911 4381 δὴ
2959 4328 3047 4375 καὶ
3092 4325 3117 4375 ό
3162 4321 3281 4395 ἐμὸς
3330 4321 3620 4379 ἐϐαπτίσθη
3676 4323 3925 4395 Χριστός)

2323 4417 2415 4473 τὰς
2468 4412 2514 4463 ἓν
2569 4412 2715 4464 ἆστει
2775 4410 3051 4483 διατριϐὰς
3111 4412 3136 4464 ὁ
3188 4413 3344 4474 αὐτὸς
3388 4408 3537 4473 οὗτος
3580 4411 3923 4483 ἀπερίληπτος

566 4489 710 4545 tiam
738 4490 1042 4545 dimittens
1070 4492 1337 4561 (eatenus
1368 4494 1523 4548 enim
1553 4492 1865 4547 videbatur
1887 4492 2216 4563 Hierosoly-

2325 4508 2415 4551 τοῦ
2466 4508 2596 4553 Θεοῦ
2654 4505 2818 4571 Λόγος
2870 4500 3011 4572 ἀφεὶς
3067 4505 3171 4565 (καὶ
3222 4503 3323 4573 γὰρ
3372 4501 3432 4559 ἧν
3488 4508 3597 4561 τοῖς
3647 4498 3924 4574 Ἰεροσολύ·

566 4577 1185 4649 mishabitasse)venit
1212 4579 1269 4633 in
1302 4579 1621 4643 Galilaeam,
1655 4580 1713 4635 in
1735 4596 1856 4651 qua
1887 4579 2064 4635 etiam
2086 4584 2213 4633 tum

568 4665 1055 4722 commorabatur
1093 4666 1461 4723 admirabilis
1500 4668 1824 4739 Philippus.

638 4757 701 4810 ll.
744 4755 877 4811 Erat
914 4755 1008 4811 hic
1057 4772 1129 4812 ex
1196 4756 1527 4824 Bethsaida,
1585 4757 1814 4811 civitate
1854 4754 2102 4811 Andreae
2164 4758 2220 4811 et

568 4843 735 4905 Petri,
771 4848 908 4899 tunc
938 4860 1078 4900 vero
1110 4846 1168 4900 in
1188 4843 1431 4900 Galilaea
1458 4859 1719 4915 praesens
1750 4860 1761 4898 :
1790 4844 1891 4916 qui
1926 4844 2121 4900 statim
2141 4842 2218 4899 ab

567 4932 804 4988 ineunte
818 4936 986 4988 astate
1000 4950 1033 4988 a
1049 4932 1395 5006 parentibus
1410 4932 1656 4988 traditus
1685 4931 2030 4987 liberalibus
2046 4930 2217 4987 disci-

571 5019 921 5091 plinis,cum
934 5027 1089 5077 esset
1112 5021 1287 5077 bonae
1304 5019 1539 5083 indolis,
1554 5020 1696 5076 etad
1719 5020 1996 5092 quamvis
2016 5019 2222 5076 lauda-

570 5108 749 5164 bilem
774 5110 1079 5166 scientiam
1110 5115 1285 5182 aptaa,
1330 5111 1528 5165 statim
1557 5109 1838 5165 Mosaicos
1869 5108 2053 5164 libros
2089 5124 2222 5179 per-

571 5197 766 5263 currit,
808 5203 863 5253 et
899 5215 1273 5271 quaecunque
1316 5199 1389 5253 de
1432 5199 1657 5254 Christo
1711 5203 1879 5253 erant
1934 5197 2223 5269 praedicta

573 5284 827 5350 imbibit,
869 5286 1175 5357 quomodo
1219 5288 1439 5343 scilicet
1494 5291 1776 5342 venturus
1802 5291 1955 5342 esset
2012 5286 2223 5342 diebus

577 5373 937 5439 novissimis,
955 5380 1007 5431 et
1029 5376 1279 5433 salutem
1316 5376 1598 5434 omnibus
1636 5377 2079 5449 impertiturus:
2115 5388 2223 5430 nec

651 5545 731 5617 (a)
763 5544 964 5602 Latine
983 5545 1236 5617 reddidi,
1266 5546 1586 5605 Videbatur
1604 5548 2030 5617 Hierosolymis
2062 5546 2227 5603 habi-

584 5616 753 5688 ιαεεε,
782 5622 1024 5691 prOpter
1040 5616 1351 5689 Templum
1372 5618 1608 5684 scilicet,
1623 5621 1718 5675 cui
1738 5616 2023 5691 peculiari
2045 5617 2231 5674 modo

2325 4610 2441 4662 μοις
2474 4592 2553 4662 (α)
2588 4587 2878 4663 ἐπιδημῶν)
2908 4589 3239 4664 ἑπιγωριάζει
3267 4599 3326 4664 τῇ
3366 4590 3627 4663 Γαλιλαίᾳ.

2402 4747 2465 4801 Β’.
2538 4743 2678 4820 Τῇδε
2735 4748 2760 4799 ὁ
2817 4749 3121 4820 θαυμαστός
3188 4744 3422 4818 ἔνεδὴμει
3480 4747 3754 4815 Φίλιππος,
3828 4746 3923 4799 ἀπὸ

2330 4832 2607 4895 Βηθσαῐδᾶ
2652 4839 2741 4909 μὲν
2781 4837 2868 4904 ὦν,
2909 4846 3002 4899 τῆς
3046 4836 3234 4898 πόλεως
3277 4833 3524 4909 Ἀνδρέου
3574 4841 3665 4888 καὶ
3712 4839 3921 4909 Πέτρου,

2328 4934 2389 4998 τῇ
2450 4926 2695 4998 Γαλιλαίᾳ
2749 4922 2808 4978 δὲ
2864 4929 2978 4978 τότε
3036 4930 3231 5001 παρών⁸
3290 4926 3435 4988 ὅστις
3491 4923 3544 4977 ix
3598 4931 3800 4998 πρώτης
3855 4928 3925 4977 ἔτι

2330 5015 2533 5075 ἡλικίας
2590 5014 2740 5076 εὐθὺς
2785 5018 3087 5088 μαθήμασιν
3135 5016 3235 5067 ὑπὸ
3280 5023 3379 5066 τῶν
3426 5019 3732 5086 γειναμένων
3780 5011 3926 5067 διδα-

2329 5111 2473 5165 κτοῖς
2542 5100 2773 5165 ἐξεδόθη·
2833 5102 3009 5167 δεξιᾶς
3062 5101 3119 5155 δὲ
3182 5108 3360 5176 τυχὼν
3420 5113 3514 5164 τῆς
3572 5102 3778 5175 ἀγωγῆς
3838 5109 3921 5155 καὶ

2330 5198 2503 5244 πᾶσαν
2546 5191 2805 5250 ἐπαινετὴν
2851 5189 3095 5245 παιδείαν
3136 5191 3379 5253 ἀσκήσας
3418 5212 3470 5245 τι
3516 5188 3622 5250 ἤδη
3674 5197 3762 5243 καὶ
3805 5211 3923 5243 παι-

2334 5276 2552 5344 δευθεὶς,
2604 5282 2696 5341 τὰς
2742 5283 3027 5342 Μωσαῑκὰς
3080 5279 3288 5352 βίϐλους
3328 5279 3494 5353 ἐπῄει,
3540 5286 3629 5333 καὶ
3673 5284 3772 5332 ὃσα
3817 5286 3928 5352 περὶ

2335 5376 2567 5440 Χριστοῦ
2644 5372 3018 5442 προηγορεύετο

3094 5367 3316 5441 ἐμυεῖτο,
3397 5372 3465 5431 ὡς
3540 5368 3617 5421 ἔπ’
3698 5368 3923 5440 ἐσχάτων

2341 5561 2514 5618 suam
2553 5546 2936 5617 praesentiam
2974 5545 3469 5618 indulgebatiDei
3508 5546 3783 5614 Verbum,
3824 5547 3924 5605 etsi

2340 5615 2486 5674 alias
2515 5615 2620 5691 per
2648 5617 2969 5675 essentiam
3004 5615 3270 5690 prtes'ens
3301 5617 3547 5693 ubique.
