4114 6262
202 355 306 413 189

1366 354 1528 411 VITA
1560 355 1624 412 S.
1673 355 1982 413 PHILIPPI
2020 358 2390 415 APOSTOLI.

3449 365 3555 421 190

198 480 463 535 ἐλεύσεται
509 484 600 533 καὶ
653 487 800 552 κοινῇ
870 485 1031 532 πᾶσιν
1087 480 1419 553 οἰκονομήσει
1466 484 1553 539 τὴν
1635 499 1789 538 σωτη-

1910 484 2067 538 enim
2099 483 2168 540 iis
2197 485 2298 557 qui
2316 485 2687 555 juventutem
2710 484 3028 554 docebant,
3060 485 3151 543 fas
3171 492 3298 545 erat
3327 488 3554 545 doctri-

196 577 335 647 ρίαν·
371 571 429 623 ού
460 572 561 644 γὰρ
594 568 756 641 ἐφεῖτο
790 577 899 631 τοῖς
929 574 1039 621 τότε
1079 567 1397 623 παιδεύουσι
1443 573 1573 641 πρὸς
1625 570 1797 640 ἑτέραν

198 663 432 733 μάθησιν
478 662 593 719 τοὺς
639 661 884 729 φοιτητὰς
931 661 1179 725 ἐκπονεῖν,
1239 658 1283 712 εἰ
1325 663 1397 731 μὴ
1452 661 1518 710 τὰ
1572 662 1799 719 Μωσέως

199 753 444 824 πρότερον
474 745 802 809 ἐπιλέξοιντο.

273 843 342 890 Γ“.
369 838 620 895 Ἐπιστὰς
664 832 753 887 οὖν
807 836 832 887 6
885 835 1087 897 Ἰησοῦς
1141 843 1201 907 τῇ
1244 835 1512 908 Γαλιλαίᾳ,
1566 839 1655 887 καὶ
1710 838 1795 887 τὸν

194 928 355 995 μέγαν
401 931 581 976 τοῦτον
661 923 910 977 Φίλιππον
980 926 1225 999 εὑρηκὼς,
1301 923 1595 977 ἁκολοῦθεῖν
1655 923 1794 995 αὐτῷ

193 1016 553 1086 προετρέπετο·
596 1018 686 1065 καὶ
735 1015 788 1075 ὃς
840 1012 1067 1074 ἀκούσας
1119 1014 1184 1074 εἰς
1230 1019 1437 1087 μνήμην
1471 1014 1590 1072 ἧκεν
1644 1012 1795 1074 εὐθὺς

195 1097 265 1152 ὧν
317 1101 372 1153 ἐκ
412 1100 605 1163 παιδὸς
649 1108 769 1174 περὶ
819 1110 1051 1176 Χριστοῦ
1100 1106 1307 1161 ἣσκησέ
1357 1123 1407 1156 τε
1462 1108 1552 1155 καὶ
1601 1102 1795 1155 συνελέ-

197 1189 341 1252 ξατο’
398 1195 487 1243 καὶ
548 1198 728 1243 τοῦτον
784 1190 968 1243 ἐκεῖνον
1027 1188 1155 1243 εἶναι
1208 1188 1411 1262 διέγνω,
1477 1194 1529 1243 ὃν
1589 1193 1643 1242 αἱ
1702 1198 1793 1242 τοῦ

195 1282 427 1341 Μωσέως
489 1278 665 1351 βίϐλοι
716 1279 1012 1333 ἐλεύσεσθαι
1064 1281 1277 1352 ὕστερον
1327 1277 1628 1351 διεσάφουν.
1678 1276 1791 1329 Ἐν-

193 1370 367 1421 τεῦθεν
412 1368 562 1431 οὗτος
603 1378 675 1439 τῷ
716 1368 993 1422 καλέσαντι
1034 1366 1343 1441 διδασκάλῳ
1385 1372 1441 1421 τὸ
1494 1367 1595 1420 ἀπὸ
1641 1362 1794 1418 τοῦδε

197 1465 378 1525 συνῆν,
415 1461 808 1531 συμπροῐοῦσάν
854 1477 907 1511 τε
936 1454 1048 1530 εἶχε
1098 1467 1168 1528 τῷ
1213 1464 1391 1530 χρόνῳ
1434 1461 1528 1515 τήν
1583 1456 1788 1529 ἀρετὴν,

194 1550 287 1598 καὶ
374 1552 480 1608 τοῖς
553 1555 654 1599 τῶν
724 1548 970 1618 μαθητῶν
1053 1551 1353 1621 κορυφαίοις
1397 1546 1785 1619 συνηριθμεῖτο.

194 1639 492 1705 Μετασχών
542 1632 601 1687 δε
634 1636 776 1687 οὕτω
818 1642 908 1688 τοῦ
954 1634 1170 1706 ἀγαθοῦ,
1202 1637 1477 1695 κοινωνούς
1518 1632 1787 1707 παραλαμ-

196 1722 337 1775 ϐάνει
384 1728 475 1776 καὶ
530 1723 714 1784 ἄλλους
743 1733 831 1785 τῆς
865 1723 1219 1796 μεταλήψεως,
1272 1727 1361 1775 καὶ
1419 1721 1514 1774 ούκ
1560 1720 1786 1794 ἀποκρύ-

1908 587 2048 627 nam
2067 572 2246 629 aliam
2257 574 2563 648 discipulis
2580 575 2829 647 tradere,
2844 578 2960 634 nisi
2982 577 3142 650 prius
3159 580 3399 649 Moysen
3410 577 3505 634 edi
3521 605 3542 622 -

1907 659 2207 719 dicissent.

1976 837 2067 891 III.
2088 837 2336 893 Veniens
2358 838 2610 909 igiturin
2634 838 2937 896 Galilaeam
2962 839 2990 893 J
2998 855 3152 904 esus,
3178 843 3234 896 et
3254 855 3545 910 magnum

1903 925 2065 981 hunc
2081 926 2421 999 Philippum
2454 928 2770 1000 reperiens,
2794 928 2966 1001 sequi
2993 944 3054 983 se
3068 928 3256 999 jubet.
3285 929 3385 983 Hic
3407 945 3546 985 vero

1904 1020 1964 1071 ut
2000 1021 2313 1072 vocantem
2370 1017 2576 1081 audiit,
2621 1017 2821 1072 statim
2873 1017 3032 1073 venit
3078 1018 3137 1072 in
3190 1017 3541 1075 memoriam

1904 1119 2112 1159 eorum
2169 1120 2301 1175 quae
2340 1120 2376 1161 a
2414 1121 2598 1176 puero
2628 1110 2971 1177 perceperat
3008 1104 3435 1176 collegeratque
3474 1106 3549 1163 de

1905 1190 2130 1246 Christo
2152 1192 2473 1264 ipsumque
2494 1210 2628 1249 esse
2645 1196 2942 1263 cognovit,
2960 1211 3140 1268 quem
3164 1194 3295 1250 libri
3316 1194 3550 1251 Mosaici

1901 1285 2216 1335 venturum
2246 1281 2754 1338 demonstrabant.
2782 1282 3000 1339 Exinde
3026 1283 3260 1339 vocanti
3286 1299 3347 1338 se
3376 1281 3551 1353 Magi-

1905 1371 2028 1423 stro
2047 1368 2315 1432 adhaesit,
2339 1371 2695 1441 etpaulatim
2717 1374 3102 1445 proﬁciensin
3121 1376 3351 1442 virtute,
3375 1372 3550 1427 disci-

1901 1456 2179 1527 pulorum
2204 1458 2519 1530 praecipuis
2539 1460 2645 1516 fuit
2666 1470 3117 1519 annumeratus.
3152 1464 3318 1530 Quod
3344 1466 3544 1518 autem

1900 1545 2144 1614 adeptus
2158 1551 2281 1602 erat
2297 1546 2523 1602 bonum
2538 1549 2714 1605 etiam
2732 1550 2862 1607 aliis
2879 1553 3323 1608 communicare
3334 1549 3544 1615 voluit;

1893 1628 2158 1704 illudque
2183 1633 2347 1689 haud
2373 1635 2775 1705 abscondens,
2806 1640 2999 1711 primo
3028 1641 3123 1697 cui
3154 1640 3407 1697 occurrit
3435 1639 3547 1694 Na-

1895 1722 2156 1777 thanaeli
2188 1724 2336 1793 (erat
2363 1723 2460 1779 hic
2489 1725 2539 1780 ei
2564 1727 2793 1783 amicus
2844 1733 2901 1783 et
2930 1729 3241 1786 familiaris
3295 1746 3331 1785 a
3358 1730 3540 1798 longo

194 1831 375 1865 πτεται
421 1814 632 1878 ταύτην,
694 1811 819 1865 ἀλλὰ
880 1820 1081 1887 πρῶτον
1136 1815 1431 1884 περιτυχὼν
1487 1816 1560 1879 τῷ
1612 1809 1785 1860 Ναθα-

1904 1816 2179 1882 tempore)
2200 1812 2576 1883 praesentiam
2592 1816 2894 1883 venientis,
2913 1834 3033 1874 non
3060 1825 3122 1874 ut
3139 1818 3421 1888 futuram,
3441 1819 3547 1873 sed

195 1900 345 1966 ναήλ,
395 1902 445 1963 ὃς
498 1900 554 1953 έκ
603 1901 792 1954 πολλοῦ
847 1902 987 1975 φίλος
1041 1902 1198 1953 αὐτοῦ
1245 1906 1334 1952 καὶ
1383 1901 1613 1960 συνήθης
1644 1896 1787 1969 ἐτύγ-

193 2008 346 2061 χανε,
380 1994 473 2049 τὴν
506 1998 597 2044 τοῦ
627 1989 910 2065 ἐρχομένου
958 1995 1267 2065 παρουσίαν,
1318 1991 1422 2061 οὐχ
1454 1992 1523 2050 ὡς
1551 1990 1624 2040 ἔτι
1673 1987 1788 2059 μέλ-

193 2076 408 2142 λουσαν,
458 2077 565 2131 ἀλλ’
613 2082 681 2141 ὡς
731 2077 839 2139 ἤδη
879 2088 1172 2156 παροῦσαν,
1232 2078 1620 2151 εὐηγγελίσατο·
1679 2075 1789 2127 Οὐκ

193 2167 291 2230 ἔτι,
336 2166 511 2237 λέγων,
561 2167 608 2219 ἓν
648 2168 849 2221 ἐλπίσιν
990 2175 1227 2243 σωτηρία
1276 2176 1348 2240 τῷ
1388 2166 1622 2243 Ἰσραὴλ,
1681 2163 1788 2216 ἀλλ’

191 2257 247 2305 ὅν
305 2256 359 2306 αἱ
410 2262 869 2328 προσημαίνουσαι
916 2257 1157 2329 γλῶσσαι
1232 2263 1322 2311 καὶ
1378 2253 1451 2327 τῷ
1531 2256 1792 2325 Πνεύματι

189 2349 409 2414 Σωτῆρα
458 2352 700 2418 προεῖπον
753 2344 834 2398 ἐπ’
884 2346 1130 2418 ἐσχάτων
1187 2355 1258 2418 τῷ
1309 2344 1523 2418 Ἰσραήλ
1562 2343 1791 2399 ἀναστή-

194 2433 404 2497 σεσθαι,
454 2434 695 2506 πάρεστι·
771 2442 950 2487 τοῦτον
1026 2437 1255 2509 εὑρόντες
1323 2437 1472 2505 ἡμεῖς
1530 2436 1617 2484 τόν
1691 2429 1791 2482 ἀπὸ

190 2520 435 2595 Ναζαρὲτ
466 2522 691 2592 Ἰησοῦν,
722 2529 811 2576 καὶ
840 2532 913 2595 τῷ
966 2533 1065 2576 τῶν
1110 2524 1271 2577 αὐτοῦ
1330 2524 1605 2595 θαυμάτων
1636 2521 1790 2592 ὑπερ-

1898 1901 2104 1971 utjam
2137 1901 2520 1957 exsistentem
2547 1906 2936 1973 annuntiavit,
2970 1908 3207 1965 dicens:
3245 1909 3376 1962 Non
3416 1906 3543 1978 jam

1898 1988 2157 2059 amplius
2188 1987 2251 2044 in
2282 2004 2385 2061 spe
2421 1992 2684 2048 consistit
2712 1994 2942 2051 Israelis
2971 1996 3132 2052 salus
3163 2012 3175 2050 :
3205 1995 3310 2051 sed
3365 2009 3545 2066 quem

1898 2077 2258 2149 propheticae
2281 2077 2496 2149 linguae
2524 2082 2583 2135 in
2610 2081 2828 2153 Spiritu
2857 2084 3261 2155 praedixerunt
3288 2082 3544 2139 Salvato-

1897 2180 2046 2231 rem,
2079 2171 2343 2222 extremo
2372 2167 2437 2224 in
2465 2174 2731 2241 tempore
2762 2172 3190 2239 suscitandum,
3224 2172 3353 2244 ipse
3384 2186 3545 2227 nunc

1901 2254 2090 2310 adest.
2123 2254 2289 2311 Hunc
2319 2272 2459 2327 ergo
2477 2274 2613 2314 cum
2644 2260 3046 2317 invenerimus
3075 2264 3274 2317 Jesum
3302 2277 3339 2316 a
3367 2263 3545 2316 Naza-

1899 2342 2047 2406 reth,
2073 2358 2266 2415 neque
2286 2346 2589 2417 possimus
2606 2362 2735 2404 esse
2756 2348 3043 2405 increduli
3059 2347 3416 2405 excellentiae
3440 2347 3547 2402 mi-

1902 2431 2551 2504 raculorumejus,aliis
2564 2436 2846 2493 omnibus
2875 2437 3331 2507 longumvalere
3360 2436 3545 2508 jussis

1885 2522 2400 2577 conversationem
2432 2523 2587 2579 illius
2620 2524 3038 2596 suscipiamus.

192 2616 311 2682 φυεῑ
384 2615 455 2683 μή
504 2614 711 2682 ἔχοντες
756 2612 1013 2678 ἀπιστεῖν,
1066 2616 1267 2689 μακρὰς
1323 2620 1433 2674 τοῖς
1478 2609 1656 2670 ἄλλοις
1706 2606 1875 2660 ἅπασι
1938 2612 2147 2681 χαίρειν
2218 2608 2459 2678 εἰπόντες,
2509 2616 2604 2671 τὴν
2661 2613 2772 2685 ἅμα
2822 2616 2989 2687 τούτῳ
3047 2611 3318 2686 διαγωγὴν
3370 2631 3542 2687 προει-

185 2697 415 2771 λώμεθα.

261 2788 334 2841 Δ¹.
366 2790 581 2851 Τούτοις
630 2792 896 2863 κατάκρας
943 2791 1062 2843 έλὼν
1115 2794 1201 2843 τὸν
1253 2788 1552 2853 Ναθαναήλ,
1607 2805 1782 2840 καιτοι

186 2873 695 2948 δυσανασχετοῦντα
746 2888 815 2949 τῷ
861 2883 1154 2954 πράγματι,
1187 2885 1276 2931 καὶ
1311 2884 1380 2951 μὴ
1415 2878 1474 2930 ἂν
1507 2878 1560 2930 ἐκ
1601 2878 1781 2938 Ναζα-

187 2968 278 3036 ρετ
328 2964 522 3035 ἀγαθόν
576 2964 703 3019 εἶναί
750 2987 802 3018 τι
846 2964 1244 3040 διατεινόμενον,
1294 2974 1386 3019 τοῦ
1448 2969 1536 3038 μεν
1586 2970 1652 3019 τὰ
1695 2973 1783 3017 τοῦ

187 3052 409 3124 Ἰσραὴλ
458 3053 755 3127 πρεσϐεύειν
802 3054 1079 3128 ἀφίστησι,
1133 3058 1395 3113 πειθήνιον
1442 3052 1500 3107 δε
1540 3062 1612 3123 τῷ
1661 3062 1788 3126 Χρι-

190 3150 301 3212 στῷ
349 3144 603 3215 προσάγει
645 3147 732 3196 τὸν
769 3141 958 3219 ἄνδρα,
1011 3146 1092 3217 (ὁ)
1138 3150 1227 3198 καὶ
1266 3152 1417 3197 τοῦτο
1464 3152 1665 3218 πρῶτον
1710 3142 1789 3194 εύ-

182 3234 331 3293 νοίας
377 3229 739 3304 ἀπαραμίλλου
795 3238 1090 3307 παρίστησι
1132 3238 1423 3307 γνώρισμα.
1479 3232 1537 3285 Ὀ
1611 3229 1671 3285 δὲ
1722 3240 1783 3304 τῇ

1964 2785 2053 2840 IV.
2087 2786 2182 2841 His
2204 2786 2375 2843 dictis
2404 2793 2535 2860 post
2562 2805 2624 2845 se
2655 2790 3082 2847 Nathanaelem
3114 2790 3372 2855 trahens,
3399 2790 3537 2846 licet

1894 2887 2051 2942 aagre
2081 2889 2456 2943 persuasum,
2488 2881 2543 2932 et
2563 2892 2711 2934 num
2741 2893 2813 2933 ex
2835 2880 3117 2935 Nazareth
3148 2878 3290 2935 boni
3313 2877 3543 2950 aliquid

1895 2977 2023 3017 esse
2048 2968 2247 3033 posset
2274 2970 2747 3036 percontantem,
2783 2984 2820 3024 a
2848 2984 2993 3024 cura
3012 2968 3235 3024 Israelis
3274 2966 3543 3034 abducit,

1897 3049 2245 3123 Christoque
2266 3053 2694 3111 obsecuturum
2725 3056 2883 3123 stitit,
2926 3061 3104 3129 atque
3131 3056 3246 3112 hoc
3276 3056 3541 3128 primum

1899 3137 2141 3193 sinceras
2168 3156 2289 3196 sua)
2333 3143 2545 3197 mentis
2568 3151 2989 3213 argumentum
3022 3144 3297 3218 praebuit.
3330 3145 3544 3201 Natha-
3633 3198 3641 3205 .

1898 3225 2030 3281 nael
2058 3243 2197 3283 vero
2222 3229 2451 3301 integra
2473 3247 2609 3286 cum
2633 3232 2749 3287 ﬁde
2780 3233 3086 3297 assistens,
3119 3233 3420 3288 liberrime
3447 3248 3545 3288 ex-

184 3320 324 3390 ύγιεί
377 3319 570 3371 αὐτίκα
620 3326 797 3374 πίστει
862 3324 1207 3394 προσθέμενος
1261 3320 1789 3396 παῤῥησιαστικωτε-

1904 3316 2179 3373 clamavit
2209 3332 2222 3373 :
2250 3318 2455 3384 Rabbi,
2487 3324 2548 3374 tu
2581 3336 2641 3375 es
2669 3322 2789 3375 Rex
2820 3321 3015 3376 Israel.
3050 3324 3237 3387 Quem
3268 3325 3330 3376 ut
3362 3321 3547 3376 sensit

186 3426 276 3481 ρον
330 3406 589 3473 έξεϐόησε,
641 3409 836 3478 Ῥαϐϐὶ,
883 3410 1059 3482 λέγων,
1120 3414 1185 3463 σῦ
1230 3407 1277 3463 εἷ
1324 3412 1348 3462 6
1408 3409 1652 3483 βασιλεὺς
1698 3418 1787 3461 τοῦ

191 3496 423 3569 Ἰσραήλ.
481 3498 586 3569 Ἐφ’
717 3501 860 3552 καὶὸ
904 3503 1137 3573 Χριστὸς
1186 3500 1338 3560 αὐτὸς
1382 3501 1558 3560 ἡσθεὶς
1588 3501 1658 3560 ὡς
1688 3497 1788 3551 ἀπὸ

186 3592 399 3657 γνώμης
454 3584 755 3640 ἐνδιαθέτου
802 3588 1063 3659 λεχθέντι,
1146 3587 1450 3641 ἐκκαλύπτει
1519 3588 1659 3658 αὐτῷ
1730 3591 1789 3639 τὸ

186 3674 398 3739 οἰκεῖον,
446 3677 582 3728 ὥστε
636 3681 727 3729 καὶ
782 3680 987 3749 μύστην
1036 3678 1284 3750 μειζόνων
1336 3680 1549 3730 ἔσεσθαι
1589 3696 1789 3748 μυστη-

186 3768 329 3839 ρίων,
382 3769 472 3816 καὶ
537 3763 807 3836 βασιλείας
859 3774 992 3819 Θεοῦ
1056 3769 1259 3824 θεατήν·
1308 3771 1359 3818 τί
1426 3770 1525 3839 γάρ
1609 3786 1786 3839 quam;

194 3875 215 3902 ι
271 3854 435 3924 Ἀμήν
486 3853 616 3925 λέγω
677 3856 817 3927 ὑμῖν,
860 3859 945 3907 τὸν
998 3856 1211 3929 οὐρανὸν
1274 3855 1530 3928 ἀνεωγότα
1577 3857 1786 3928 ὄψεσθε,

190 3945 282 3993 καὶ
333 3946 455 4004 τοὺς
512 3941 762 4014 ἀγγέλους
810 3952 902 3996 τοῦ
958 3952 1093 3999 Θεοῦ
1160 3944 1523 4007 ἀναϐαινοντάς
1592 3966 1646 3999 τε
1701 3952 1790 3999 καὶ

188 4029 593 4093 καταϐαίνοντας
641 4032 724 4086 ἐπὶ
776 4038 862 4086 τὸν
913 4037 1030 4087 Υὶὸν
1074 4043 1165 4087 τοῦ
1214 4034 1508 4108 ἀνθρώπου.
1539 4055 1567 4088 ››
1605 4040 1674 4089 Τὸ
1702 4036 1792 4088 ἀπ’

187 4119 383 4172 ἐκείνου
424 4130 700 4195 τοιγαροῦν
755 4124 782 4175 6
829 4126 1101 4198 ἱερώτατος
1155 4124 1401 4185 Φίλιππος
1439 4132 1551 4186 ταῖς
1633 4128 1791 4201 ἱεραῖς

183 4215 590 4281 μυσταγωγίαις
634 4212 844 4283 ὑπέχων
896 4217 954 4264 τό
1000 4209 1103 4277 οὖς,
1155 4214 1263 4273 ὅλος
1329 4212 1529 4266 ἐκείνων
1580 4212 1640 4272 ἦν
1699 4220 1792 4272 τὴν

184 4291 447 4361 διάνοιαν,
527 4295 795 4370 μηδεμιᾶς
893 4300 1049 4351 αὐτὸν
1112 4300 1447 4363 ἀντισπώσης
1520 4300 1793 4374 φροντίδος

183 4388 317 4458 πρὸς
364 4386 531 4459 ἕτερα,
575 4392 663 4439 καὶ
713 4396 785 4458 τῷ
833 4396 927 4450 τῆς
990 4390 1246 4461 θειοτέρας
1283 4395 1522 4458 γνώσεως
1548 4396 1677 4461 φωτὶ
1707 4394 1795 4447 τὸν

184 4474 442 4547 λογισμὸν
492 4474 814 4548 έκαθαίρετο,
876 4482 968 4533 τήν
1021 4495 1073 4528 τε
1114 4481 1365 4549 προτέραν
1436 4477 1798 4543 ἁποσκευαζό-

184 4582 341 4637 μενος
392 4565 625 4634 ἄγνοιαν,
676 4572 767 4616 και
830 4568 916 4615 τὸν
977 4564 1117 4625 ἐντός
1187 4564 1642 4639 ἁνακαινιζόμενος
1712 4572 1795 4621 οἷν-

1899 3404 2157 3461 Christus
2215 3422 2287 3461 ex
2335 3407 2521 3463 animi
2564 3408 3071 3464 incommutabilis
3117 3409 3409 3471 sententia
3461 3410 3546 3464 sic

1896 3493 2080 3565 loqui,
2104 3496 2435 3552 manifestat
2460 3497 2511 3551 ei
2537 3498 2697 3568 quod
2720 3513 3073 3569 magnorum
3097 3497 3370 3553 conscius
3392 3500 3547 3552 esset

1898 3582 2131 3639 futurus
2173 3590 2535 3641 secretorum
2565 3591 2622 3642 et
2650 3588 2817 3656 regni
2879 3586 2978 3641 Dei
3009 3586 3357 3657 speculator.
3392 3585 3545 3650 Quid

1899 3672 2056 3727 enim
2070 3673 2804 3746 ait?«Amen,inquit,dico
2816 3674 3006 3740 vobis,
3028 3673 3296 3730 videbitis
3328 3673 3545 3729 cmlum

1898 3767 2191 3834 apertum,
2206 3767 2262 3817 et
2276 3762 2520 3832 angelos
2538 3762 2636 3818 Dei
2652 3763 3037 3818 ascendentes
3052 3770 3107 3817 et
3118 3761 3547 3817 descendentes

1901 3867 2080 3922 super
2091 3850 2299 3905 Filium
2315 3849 2611 3905 hominis‘.
2624 3870 2648 3901 ν
2666 3853 2742 3905 Ex
2762 3850 2862 3905 illo
2874 3864 3014 3919 ergo
3031 3856 3285 3919 tempore
3304 3848 3549 3905 sanctis-

1899 3940 2087 3994 simus
2105 3939 2427 4010 Philippus,
2447 3938 2632 3995 sacris
2660 3940 2958 4010 mysteriis
2980 3954 3186 3994 aurem
3209 3953 3545 3993 accommo-

1899 4029 2072 4093 dans,
2106 4033 2227 4084 toto
2250 4027 2310 4082 in
2337 4027 2448 4083 illis
2479 4034 2603 4082 erat
2628 4028 2852 4091 animo,
2882 4027 3147 4099 nullique
3186 4027 3349 4082 alteri
3390 4041 3547 4081 curm

1900 4132 2027 4173 eum
2043 4116 2595 4187 advertens,lumine
2609 4116 2917 4171 divinioris
2928 4116 3278 4185 cognitionis
3292 4115 3353 4170 in
3367 4120 3548 4171 mente

1902 4206 2304 4277 purgabatur;
2329 4222 2397 4260 ac
2424 4208 2678 4275 primam
2696 4222 2921 4261 exuens
2942 4205 3357 4274 ignorantiam,
3379 4219 3550 4259 reno-

1903 4293 2154 4349 vabatur
2184 4293 2387 4364 quoad
2410 4292 2717 4347 hominem
2753 4292 3111 4348 interiorem.
3131 4292 3547 4360 Progrediente

1903 4397 2045 4438 vero
2074 4385 2239 4437 aelate
2264 4380 2671 4452 perfectiorem
2698 4396 2839 4449 erga
2870 4378 3163 4436 Christum
3204 4380 3548 4435 charitatem

1907 4487 2250 4541 assumens,
2262 4471 2388 4541 ejus
2402 4470 2657 4525 vicissim
2670 4468 2963 4540 aequalem
2979 4484 3121 4537 erga
3148 4483 3210 4523 se
3230 4466 3552 4539 recipiebat

1908 4576 2197 4625 amorem,
2232 4564 2295 4615 ut
2337 4564 2624 4630 tanquam
2680 4558 2837 4613 ﬁlius
2879 4561 3266 4628 reputaretur,
3299 4561 3355 4613 et
3418 4556 3550 4611 loco

188 4654 419 4725 θρωπον.
480 4652 569 4715 Εἰς
646 4650 842 4725 ἄνδρας
896 4658 1068 4705 τοίνυν
1121 4657 1280 4714 ἧκων,
1333 4655 1632 4730 τελεωτέραν
1708 4662 1789 4731 μὲν

1907 4649 2157 4707 ὴωτοάὶε
2205 4654 2379 4711 esset,
2419 4652 2599 4719 atque
2646 4648 2706 4702 in
2757 4646 3016 4703 adventu
3066 4645 3313 4716 Spiritus
3362 4644 3550 4700 sancti

183 4745 285 4799 τὴν
320 4738 527 4810 ἀγάπην
574 4746 667 4799 τήν
711 4742 780 4804 εἰς
825 4746 1055 4817 Χριστὸν
1085 4744 1493 4816 προσελάμϐανε⁸
1537 4752 1629 4804 τὴν
1674 4750 1796 4807 ἴσην

1909 4740 2187 4812 princeps
2228 4753 2407 4810 super
2442 4752 2683 4793 omnem
2724 4740 2937 4791 terram
2970 4734 3442 4789 constitueretur.

185 4826 223 4884 δ
226 4832 250 4883 ε
285 4833 400 4900 περὶ
430 4828 592 4881 αὐτοῦ
618 4829 1004 4903 ἀπελάμϐανεν,
1026 4835 1094 4893 ὡς
1118 4831 1165 4884 ἐν
1191 4836 1291 4903 ἴσῳ
1313 4839 1401 4886 καῖ
1433 4837 1548 4887 υἱοῦ
1573 4836 1880 4908 λογισθῆναι
1903 4839 1997 4893 τὴν
2028 4828 2347 4901 κληρονόμου
2378 4846 2431 4880 τε
2451 4827 2744 4884 πλουτῆσαι
2771 4823 2937 4889 τάξιν,
2965 4828 3054 4875 καὶ
3086 4829 3147 4894 τῇ
3173 4820 3430 4874 έπελεύσει
3455 4828 3543 4873 τοῦ

187 4919 497 4990 Πνεύματος
526 4920 708 4992 ἅρχων
737 4920 820 4972 ἐπί
848 4929 1175 4980 καταστῆναι
1202 4926 1295 4981 τὴν
1325 4930 1444 4992 γῆν.

258 5005 333 5061 Ε.
375 5008 514 5061 Ἐπεὶ
547 5004 606 5061 δὲ
634 5014 722 5061 καὶ
756 5011 781 5061 6
829 5018 918 5062 τοῦ
961 5008 1334 5083 σωτηριώδους
1370 5015 1564 5075 πάθους
1606 5020 1781 5089 καιρὸς

186 5100 493 5163 ἐνειστήκει,
552 5095 625 5150 δι’
692 5099 751 5150 οὗ
796 5107 866 5169 τῷ
914 5103 1126 5170 παθητῷ
1177 5106 1308 5171 γένει
1361 5108 1673 5176 περιεγένετο
1747 5108 1776 5165 ἡ

187 5186 437 5249 ἀπάθεια,
471 5192 559 5239 καὶ
604 5183 938 5250 ἁδιστάκτως
962 5189 1109 5250 οὗτος
1150 5198 1219 5260 τῷ
1260 5187 1567 5263 διδασκάλῳ
1601 5203 1777 5252 συνῆν.

189 5272 414 5331 Ἐδέησε
463 5272 520 5327 δὲ
567 5276 680 5328 κατ’
719 5275 876 5329 ἐκεῖνο
920 5285 1119 5351 καιροῦ,
1175 5288 1271 5331 τῶν
1332 5280 1576 5339 Ἐλλήνων
1629 5301 1783 5354 πρεσ-

275 5453 295 5488 ¹
336 5452 508 5508 Joan.
544 5468 581 5519 ι,
625 5457 713 5510 51.

1962 5012 2026 5068 V.
2064 5011 2208 5065 Cum
2236 5011 2435 5064 autem
2454 5005 2697 5060 instaret
2718 5008 2952 5073 tempus
2973 4997 3285 5055 salutiferae
3316 4997 3551 5053 Passio-

1890 5103 2128 5173 nis,qua
2148 5096 2412 5170 passibili
2430 5100 2658 5151 naturae
2671 5090 3078 5163 comparanda
3092 5085 3544 5158 impassibilitas

1892 5196 2034 5256 erat,
2072 5188 2279 5245 aderat
2306 5188 2432 5257 ipse
2481 5184 2759 5239 continue
2825 5180 3070 5235 Christo.
3108 5175 3361 5245 Contigit
3411 5191 3548 5231 vero

1896 5286 2035 5337 tunc
2061 5276 2368 5351 gentilium
2390 5275 2617 5345 legatos
2644 5270 2879 5341 aliquos
2900 5266 3047 5323 mitti
3070 5264 3549 5337 Hierosolymam

276 5631 357 5708 (ὁ)
396 5634 664 5709 Sequens
687 5632 844 5691 linea
873 5632 1037 5690 abest
1066 5647 1103 5690 a
1133 5632 1403 5692 versione
1422 5631 1691 5706 antiqua,
1716 5630 1985 5691 fortassis
2023 5635 2079 5688 et
2107 5630 2169 5688 in
2206 5630 2321 5688 MS.
2364 5629 2587 5685 Veneto
2612 5623 2815 5683 defuit.
