4114 6262
546 366 643 421 191

1953 364 2209 420 MENSIS
2249 363 2492 420 MAIUS.

3815 343 3916 399 192

546 489 624 545 ad
653 489 769 546 diei
794 490 920 547 festi
967 493 1373 564 spectaculum
1407 510 1418 548 :
1447 493 1549 566 qui
1598 493 1801 550 animo
1866 491 2196 564 stupefacti,

2331 489 2553 542 ῗευόντων
2610 487 2751 543 τινὰς
2798 485 2891 540 τὴν
2945 479 3027 532 ἐπὶ
3080 481 3147 530 τὰ
3207 475 3544 550 Ἱεροσόλυμα
3604 471 3917 524 στείλασθαι

550 585 792 651 propter
812 580 964 637 mira
982 581 1096 637 sibi
1125 582 1198 637 de
1222 583 1445 638 Christo
1474 582 1747 638 nuntiata
1767 581 2012 652 (magna
2042 580 2199 635 enim

550 669 823 740 quendam
872 674 1011 726 tunc
1058 670 1132 727 de
1183 687 1253 726 eo
1284 676 1340 727 et
1380 671 1557 727 ﬁdem
1585 686 1829 726 omnem
1861 668 2201 724 excedentia

550 757 913 823 dicebantur,
941 761 1082 831 quia
1108 760 1395 816 Lazarum
1432 760 1745 816 suscitarat
1769 775 1805 815 a
1840 757 2106 821 mortuis,
2145 761 2202 812 et

554 846 752 900 omnis
783 847 954 902 turba
983 863 1118 902 eum
1148 847 1429 903 laudibus
1484 847 1818 913 extollebat,
1854 852 1907 902 et
1962 846 2203 901 millena

557 933 675 989 alia
690 934 1041 1004 Operabatur
1059 937 1371 1007 miracula)
1387 937 1780 1008 cupiebantin
1797 935 1986 1007 ipsius
2001 934 2201 990 venire

557 1021 907 1093 alloquium.
954 1025 1096 1079 Huic
1127 1040 1305 1096 porro
1358 1031 1478 1081 tam
1506 1025 1769 1081 honestae
1803 1023 2203 1095 obsequentes

557 1110 839 1181 cupidini,
871 1113 1072 1167 Jesum
1111 1129 1310 1169 meum
1341 1120 1671 1186 sequuntur
1703 1131 1716 1179 ;
1745 1116 1803 1168 et
1848 1111 2201 1167 accedentes

557 1198 635 1253 ad
691 1198 1049 1270 Philippum,
1097 1217 1343 1257 causam
1391 1203 1479 1257 sui
1523 1201 1814 1258 adventus
1858 1203 2199 1272 exponunt:

555 1286 860 1359 Philippus
877 1304 1015 1344 vero
1032 1290 1325 1346 nuntiavit
1345 1291 1605 1362 primum
1628 1297 1837 1346 vocato
1862 1289 2126 1352 Andreae,
2150 1292 2206 1343 et

557 1376 733 1431 simul
762 1376 944 1432 ambo
974 1377 1310 1433 indicarunt
1335 1379 1470 1433 Jesu
1503 1379 1644 1450 :qui
1673 1378 1815 1449 ipsis
1858 1376 2203 1433 Passionem

556 1480 731 1520 suam
755 1471 811 1521 et
834 1472 1169 1521 secuturam
1203 1466 1453 1536 gloriam
1470 1467 1968 1539 explicuitdicens
2004 1483 2017 1521 :
2042 1465 2204 1520 «Nisi

558 1566 811 1624 granum
837 1555 1115 1613 frumenti
1135 1557 1430 1613 cadensin
1450 1563 1669 1613 terram
1689 1564 1989 1612 mortuum
2012 1555 2204 1618 fuerit,

561 1644 753 1699 solum
780 1649 981 1700 manet
1010 1664 1023 1711 ;
1052 1645 1100 1699 si
1137 1651 1339 1701 autem
1371 1652 1673 1703 mortuum
1714 1645 1907 1711 fuerit,
1953 1644 2209 1700 multum

561 1732 816 1788 fructum
850 1733 1020 1789 affert
1041 1737 1082 1788 ³.
1118 1754 1146 1787 ››

2308 580 2443 631 κατὰ
2498 578 2613 628 θέαν
2665 582 2756 633 τῆς
2800 572 3016 643 ἑορτῆς·
3059 565 3201 619 οὗτοι
3254 574 3363 625 τοῖς
3415 558 3743 637 παραδόξοις
3806 564 3920 628 περὶ

2309 675 2400 719 τοῦ
2470 666 2644 723 Ἰησοῦ
2723 658 3082 731 διαγγελθείσι
3154 654 3569 724 καταπλαγέντες
3642 654 3734 701 τόν
3802 656 3918 699 νοῦν

2311 755 2533 828 (μεγάλα
2560 756 2660 825 γὰρ
2694 747 2800 808 ἤδη
2834 752 2950 820 περὶ
2981 747 3141 799 αὐτοῦ
3186 750 3275 797 καὶ
3306 744 3478 803 αὐτοῖς
3523 746 3656 814 πέρα
3687 744 3919 796 πίστεως

2313 842 2698 915 διηγγελλοντο,
2750 842 2812 899 ὡς
2889 836 3199 892 ἀναστήσειέ
3250 838 3339 906 μὲν
3396 836 3482 884 τόν
3551 830 3803 900 Λάζαρον
3866 826 3919 877 ἐκ

2310 941 2517 1007 νεκρῶν,
2571 930 2815 1001 εὐφήμοις
2869 923 2927 978 δε
2985 926 3085 976 ὑπὸ
3145 931 3236 975 τοῦ
3292 921 3454 992 ὄχλου
3506 922 3704 977 παντὸς
3748 934 3919 987 παρα-

2312 1022 2563 1093 πεμφθείη
2616 1024 2819 1089 φωναῖς,
2856 1015 3002 1086 ἕτερά
3055 1032 3109 1065 τι
3160 1015 3325 1083 μυρία
3378 1010 3597 1062 τελέσειε
3647 1008 3923 1077 θαύματα)

2313 1110 2383 1170 εἰς
2440 1112 2605 1182 ἔρωτα
2654 1113 2746 1158 τοῦ
2794 1100 2888 1157 διὰ
2929 1103 3092 1173 λόγων
3141 1100 3298 1153 ἐλθεῖν
3349 1101 3511 1169 τούτῳ
3554 1100 3918 1151 κατέστησαν.

2309 1199 2593 1252 Ἡττῶνται
2648 1201 2922 1267 τοιγαροῦν
2979 1199 3071 1244 τοῦ
3122 1189 3280 1241 καλοῦ
3336 1190 3521 1241 τούτου
3579 1188 3795 1258 ἔρωτος,
3860 1184 3925 1240 ὡς

2312 1292 2397 1341 τὸν
2445 1286 2563 1359 ἐμόν
2614 1305 2667 1337 τε
2720 1287 2936 1343 ἣκουσιν
2988 1282 3197 1338 Ἰησοῦ·
3229 1283 3318 1330 καὶ
3363 1286 3432 1347 τῷ
3480 1274 3723 1343 Φιλίππῳ
3754 1291 3925 1344 προσ-

2313 1378 2554 1440 ελθόντες,
2616 1380 2707 1432 την
2751 1376 2937 1445 χρείαν
2990 1366 3363 1440 διαγγελλουσι
3415 1374 3511 1426 τῆς
3566 1363 3813 1435 ἀφίξεως.
3868 1361 3925 1411 Ὀ

2316 1463 2374 1519 δε
2419 1473 2489 1534 τῷ
2540 1462 2903 1538 πρωτωκλήτῷ
2952 1455 3173 1531 Ἀνδρέᾳ
3224 1459 3290 1509 τὰ
3342 1460 3459 1529 περὶ
3508 1454 3676 1505 αὐτῶν
3736 1471 3930 1503 κοινω-

2319 1556 2536 1625 σάμενος
2576 1560 2647 1622 τῷ
2679 1552 2854 1608 Ἰησοῦ
2901 1553 2994 1601 σὺν
3043 1547 3183 1616 αῦτῲ
3233 1542 3607 1617 προσαγγέλλει
3637 1545 3734 1598 τὴν
3780 1542 3927 1592 ἔλευ-

2322 1663 2424 1707 σιν,
2469 1648 2558 1694 καὶ
2607 1640 2754 1701 οὗτος
2800 1641 2867 1691 τὰ
2914 1642 3028 1710 περὶ
3076 1644 3167 1688 τοῦ
3212 1636 3413 1693 πάθους
3469 1632 3647 1692 αὐτοῖς
3691 1634 3781 1680 καὶ
3835 1636 3931 1686 τῆς

2320 1734 2504 1784 τούτου
2554 1727 2713 1792 δόξης
2770 1738 2839 1799 τῷ
2899 1728 3032 1798 λόγῳ
3090 1722 3433 1796 διασημαίνει
3466 1739 3477 1751 ·
3516 1741 3540 1770 ε
3594 1720 3713 1770 Ἐὰν
3772 1721 3849 1789 μὴ
3906 1718 3931 1766 ὁ

561 1825 768 1889 κόκκος,
816 1821 993 1893 λέγων,
1042 1830 1135 1875 τοῦ
1188 1827 1336 1877 σίτου
1392 1828 1562 1877 πεσὼν
1621 1824 1687 1885 εἰς
1744 1828 1837 1883 την
1890 1831 1988 1894 γῆν
2041 1822 2296 1893 ἀποθάνῃ,
2344 1821 2498 1882 αὐτὸς
2550 1825 2701 1892 μόνος
2758 1822 2935 1891 μένει·
2988 1816 3255 1869 ἀποθανὼν
3314 1810 3373 1866 δε
3426 1810 3581 1864 πολὺν
3640 1810 3783 1881 φέρει
3839 1809 3931 1857 τὸν

562 1914 779 1985 καρπόν.

633 2000 721 2053 Vl.
748 2001 813 2054 Et
834 1999 964 2055 haec
983 2001 1227 2073 quidem
1257 2002 1401 2073 ipsis
1421 2007 1561 2058 tunc
1584 2002 1725 2058 dixit
1747 2001 2010 2058 Christus
2034 2017 2048 2067 ;
2074 2014 2208 2055 cum
2248 1996 2291 2050 Β

562 2102 697 2142 vero
726 2103 940 2159 passus
966 2093 1022 2143 et
1048 2089 1366 2146 suscitatus
1389 2108 1422 2146 a
1450 2096 1659 2156 morte,
1697 2092 1962 2162 seipsum
1994 2088 2214 2161 pluries

562 2176 965 2233 manifestaret
994 2178 1299 2251 discipulis
1339 2196 1565 2253 eosque
1605 2180 1825 2236 faceret
1853 2184 2213 2250 spectatores

564 2280 763 2321 rerum
794 2265 1129 2322 humanum
1154 2274 1396 2338 captum
1428 2269 1836 2325 excedentium
1869 2287 1884 2333 ;
1913 2269 2088 2324 etiam
2122 2267 2215 2322 hic

569 2368 825 2422 magnus
866 2354 1198 2427 Philippus,
1242 2362 1529 2430 tanquam
1571 2357 1768 2413 socius
1807 2364 1861 2412 et
1919 2357 2217 2428 particeps

569 2440 960 2497 ineﬂ‘abilium
992 2446 1431 2515 mysteriorum,
1459 2446 1665 2502 aderat
1694 2447 1762 2501 iis
1792 2462 1927 2518 qua)
1972 2445 2216 2510 ﬁebant,

572 2545 901 2601 eorumque
933 2548 1085 2587 unus
1114 2534 1474 2590 censebatur.
1509 2537 1758 2601 Quando
1789 2541 1985 2591 autem
2030 2534 2219 2589 Domi-

577 2635 689 2674 nus
709 2618 1043 2676 etSalvator
1063 2627 1261 2677 noster
1279 2624 1447 2678 Jesus
1465 2625 1727 2680 Christus
1751 2640 1993 2679 omnem
2030 2636 2226 2677 susce-

582 2711 694 2780 ptae
723 2722 831 2778 pro
870 2708 1043 2763 nobis
1100 2709 1159 2764 in
1223 2726 1401 2766 carne
1453 2711 1915 2783 dispensationis
1953 2711 2225 2766 ordinem

582 2795 953 2867 impleverat,
978 2804 1030 2852 et
1049 2797 1386 2854 cmlestibus
1415 2804 1645 2856 terrena
1662 2799 2010 2855 mirabiliter
2031 2800 2225 2855 unive-

582 2888 690 2949 rat,
724 2890 905 2957 atque
927 2886 983 2940 in
1014 2886 1228 2943 caelum
1258 2894 1567 2961 susceptus
1600 2906 1737 2945 cum
1770 2889 1958 2959 gloria
1989 2889 2065 2943 ad
2096 2889 2228 2945 dex-

583 2976 768 3029 teram
789 2977 971 3029 Patris
988 2978 1357 3043 consederat,
1385 2979 1667 3051 Spiritum
1694 2995 1934 3052 quoque
1956 2978 2224 3034 consola-

580 3064 795 3129 torem,
818 3068 992 3133 prout
1021 3065 1314 3137 pollicitus
1331 3066 1542 3133 fuerat,
1567 3069 1624 3125 in
1653 3068 1846 3141 specie
1882 3068 2225 3137 linguarum

582 3150 895 3219 ignearum
926 3153 1166 3209 miserat
1196 3154 1269 3211 iis
1299 3172 1453 3228 quos
1480 3158 1770 3213 habuerat
1796 3158 1929 3213 vitae
1959 3156 2225 3212 mortalis

588 3240 778 3296 socios
800 3245 857 3295 et
878 3243 1142 3298 conscios
1161 3248 1520 3301 secretorum
1548 3264 1561 3313 ;
1583 3247 1788 3302 eodem
1813 3246 2021 3317 Spiritu
2045 3246 2223 3301 etiam

2396 1998 2466 2062 ς’.
2523 2001 2701 2053 Ταῦτα
2770 1998 2858 2068 μὲν
2932 1992 3018 2046 οὖν
3098 1996 3229 2063 πρὸς
3306 1993 3526 2049 ἐκείνους
3596 1989 3622 2038 ὁ
3691 1988 3935 2059 Χριστός

2326 2084 2538 2159 διεξῄει.
2569 2086 2749 2138 Ἠνίκα
2789 2080 2847 2137 δε
2896 2085 3026 2156 μετὰ
3066 2085 3121 2135 τὸ
3154 2083 3320 2141 πάθος
3347 2084 3435 2131 καὶ
3483 2082 3574 2134 τήν
3625 2074 3929 2127 ἀνάστασιν

2324 2160 2433 2237 τοῖς
2488 2178 2744 2248 μαθηταῖς
2797 2173 3038 2232 πολλάκις
3082 2172 3261 2223 ἑαυτὸν
3310 2163 3627 2243 παρεδήλου,
3677 2170 3771 2216 καὶ
3810 2166 3929 2214 θεα-

2323 2268 2411 2325 τὰς
2467 2267 2687 2322 καθίστη
2743 2271 2841 2315 τῶν
2893 2265 3018 2335 ὑπερ
3072 2263 3285 2325 ἔννοιαν,
3334 2262 3424 2309 καὶ
3481 2256 3638 2315 αύτός
3690 2254 3845 2312 οὗτος
3906 2254 3930 2302 ό

2328 2359 2484 2425 μέγας
2534 2353 2801 2415 Φίλιππος,
2849 2351 2934 2403 οἷα
2987 2352 3342 2421 συμφοιτητὴς
3392 2351 3481 2397 καὶ
3533 2346 3773 2403 κοινωνός
3824 2350 3931 2392 τῶν

2332 2442 2635 2516 ὰποῤῥήτων
2698 2448 2805 2501 τοῖς
2880 2442 3252 2513 πραττομένοις
3324 2444 3531 2507 παρῆν·
3587 2437 3678 2483 καὶ
3729 2434 3932 2483 τούτων

2334 2532 2402 2592 εἷς
2457 2529 2752 2602 ἐξητάζετο.
2788 2524 2928 2585 Ἤδη
2963 2531 3050 2599 μὲν
3100 2523 3185 2578 οὗν
3238 2532 3329 2577 τοῦ
3371 2528 3630 2577 Δεσπότου
3684 2525 3775 2572 καὶ
3828 2528 3932 2571 Σω-

2334 2627 2486 2690 τῆρος
2542 2620 2686 2689 ἡμῶν
2738 2617 2914 2675 Ἰησοῦ
2962 2623 3192 2689 Χριστοῦ
3240 2620 3332 2672 τὴν
3374 2610 3467 2665 διὰ
3516 2615 3710 2683 σαρκὸς
3753 2616 3933 2661 πᾶσαν

2337 2708 2461 2780 ὑπὲρ
2520 2710 2660 2778 ημῶν
2716 2706 3008 2778 οἰκονομίαν
3054 2704 3368 2767 τελέσαντος,
3414 2706 3503 2753 καὶ
3556 2707 3663 2761 τοῖς
3708 2702 3932 2771 ἐπουρα-

2334 2801 2463 2858 νίοις
2514 2792 2818 2864 παραδόξως
2860 2794 2932 2865 (c)
2986 2794 3377 2851 ἑνοποιήσαντος
3424 2792 3487 2842 τὰ
3544 2790 3766 2859 ἐπίγεια,
3802 2791 3933 2859 μετὰ

2338 2882 2492 2948 δόξης
2557 2904 2609 2936 τε
2658 2884 2728 2944 εἰς
2791 2884 3037 2955 οὐρανοὺς
3093 2880 3487 2952 ἀναληφθέντος,
3539 2882 3629 2929 καὶ
3682 2880 3730 2929 ἓν
3785 2874 3929 2946 δεξιᾷ

2335 2983 2424 3035 τῆς
2474 2982 2563 3026 τοῦ
2614 2977 2812 3048 Πατρός
2863 2972 3227 3045 μεγαλωσύνης
3278 2972 3608 3032 καθίσαντος,
3656 2970 3714 3018 τὸ
3765 2969 3929 3039 παρά-

2333 3063 2517 3121 κλητόν
2549 3082 2601 3115 τε
2650 3070 2857 3134 Πνεῦμα
2903 3069 3008 3122 τοίς
3039 3061 3321 3120 αύτόπταις
3364 3058 3523 3109 αὐτοῦ
3566 3062 3653 3108 καὶ
3703 3059 3935 3129 μύσταις

2332 3156 2468 3205 κατὰ
2519 3158 2605 3210 τὴν
2671 3151 2977 3223 ἐπαγγελίαν
3054 3149 3101 3201 έν
3178 3146 3306 3201 εἴδει
3378 3147 3631 3219 γλωσσῶν
3703 3150 3933 3220 πυρίνων

2334 3240 2784 3303 ἐξαποστείλαντος
2808 3257 2819 3268 ·
2850 3242 3034 3291 τούτου
3066 3242 3153 3290 καὶ
3185 3237 3438 3297 Φίλιππος
3465 3236 3772 3309 πληρωθεὶς,
3802 3238 3935 3309 πρὸς

584 3327 799 3400 plenus
838 3328 1160 3402 Philippus,
1189 3333 1440 3388 accinxit
1502 3350 1630 3390 sese
1680 3335 1757 3390 ad
1809 3333 2223 3403 evangelicum

2336 3334 2419 3382 τὸν
2451 3338 2542 3382 τοῦ
2568 3328 2883 3401 Εὐαγγελίου
2916 3325 3109 3403 δρόμον
3134 3326 3568 3403 παρεσκευάζετο.

583 3431 846 3473 cursum.

653 3506 766 3560 VII.
794 3508 938 3562 Tum
956 3522 1092 3563 vero
1103 3509 1465 3579 quibusdam
1491 3510 1643 3565 exiis
1662 3509 1984 3565 Orientales
2006 3513 2227 3580 partes,

587 3592 718 3649 aliis
740 3593 1022 3650 Occiduas
1055 3596 1556 3667 aggredientibus,
1586 3597 1888 3653 nonnullis
1919 3598 2098 3653 etiam
2131 3600 2235 3653 Bo-

585 3680 769 3737 realia
791 3687 845 3736 et
870 3683 1159 3738 Australia
1179 3685 1419 3741 climata
1440 3686 2005 3757 pervadentibus,’et
2024 3686 2237 3758 prandi-

587 3768 883 3824 cationem
900 3769 1012 3823 sibi
1026 3770 1453 3828 demandatam
1467 3774 2235 3845 implentibus,admirabilis

587 3856 684 3913 hic
707 3857 1033 3928 apostolus,
1060 3860 1297 3913 sortitus
1326 3861 1523 3915 Asiam
1545 3862 1622 3933 (1)
1645 3863 1961 3935 ipsamque
1988 3864 2237 3917 circum-

589 3945 800 4008 iens,et
815 3960 1027 4000 omnes
1050 3944 1109 4000 in
1138 3962 1209 4001 ea
1231 3947 1405 4003 urbes
1423 3950 1765 4022 oppidaque
1786 3950 2231 4022 pervadens(2),

589 4033 1087 4089 innumerabilem
1106 4034 1547 4093 multitudinem
1562 4038 1807 4094 adduxit
1822 4039 1898 4095 ad
1921 4040 2198 4110 pietatem
2219 4054 2232 4104 ;

587 4136 741 4194 quos
770 4121 1078 4178 universos
1104 4122 1328 4180 lumine
1353 4127 1814 4196 regenerationis
1843 4126 2232 4199 consignans,

589 4208 808 4265 caelesti
839 4210 1082 4267 adduxit
1112 4214 1285 4269 Patri.
1319 4216 1467 4281 Quin
1497 4221 1553 4271 et
1599 4216 2038 4273 inﬁrmitatibus
2080 4232 2235 4272 mor-

593 4298 807 4370 bisque
837 4297 1110 4367 aﬂlictos,
1138 4308 1193 4358 et
1223 4319 1259 4360 a
1287 4304 1559 4362 daemone
1605 4306 1759 4363 male
1808 4306 2087 4369 infessos,
2109 4304 2235 4361 solo

591 4388 772 4442 verbo
791 4394 1121 4461 sanctasque
1140 4408 1356 4448 manus
1371 4395 1749 4464 impositione
1768 4396 2015 4449 curabat
2041 4411 2054 4459 ;
2073 4394 2235 4465 ipsos

594 4474 835 4545 quidem
870 4477 1234 4533 adversarios
1258 4481 1626 4536 invisibiliter
1656 4481 1898 4551 pellens,
1932 4482 2237 4536 visibiliter

595 4566 793 4617 autem
824 4564 1067 4617 salvans
1090 4580 1190 4619 eos
1216 4567 1316 4637 qui
1349 4569 1735 4631 vexabantur,
1769 4570 1914 4624 dum
1945 4585 2048 4624 eos
2086 4585 2235 4639 prm-

596 4650 910 4705 dicationis
930 4652 1369 4724 magniﬁcentia
1386 4660 1441 4711 et
1452 4656 1797 4727 operatione
1814 4656 2236 4712 miraculorum

2412 3498 2486 3555 Z'.
2527 3499 2669 3551 Ἐπεὶ
2700 3495 2758 3550 δὲ
2804 3500 2852 3549 οἱ
2900 3501 2988 3570 μὲν
3040 3497 3206 3547 αὐτῶν
3254 3498 3343 3557 τὰς
3393 3494 3516 3566 ἑῴας
3561 3493 3752 3555 λήξεις,
3797 3494 3846 3544 οἱ
3878 3489 3941 3543 δε

2342 3591 2431 3649 τὰς
2487 3586 2755 3659 ἑσπερίους
2798 3587 3043 3657 λαχόντες
3088 3585 3330 3657 ἐπῄεσαν,
3365 3583 3548 3657 βόρειά
3586 3602 3639 3634 τε
3674 3588 3762 3634 καὶ
3792 3587 3947 3633 νότια

2344 3680 2598 3749 περιέθεον
2655 3675 2900 3747 κλίματα,
2960 3679 3017 3726 τό
3075 3677 3519 3748 προστεταγμένον
3581 3672 3754 3731 αὐτοῖς
3814 3670 3947 3727 πλη-

2343 3774 2549 3840 ροῦντες
2593 3762 2887 3835 διάγγελμα
2920 3782 2930 3792 ·
2966 3769 3053 3815 καὶ
3103 3766 3127 3815 ό
3175 3766 3471 3833 θαυμαστός
3521 3758 3669 3821 οὗτος
3715 3759 3947 3811 ἀπόστο-

2343 3855 2424 3914 λος
2480 3859 2565 3912 τὴν
2618 3856 2802 3906 Ἀσίαν
2863 3853 3172 3925 κεκλήρωτο.
3231 3855 3436 3908 Ταύτην
3503 3870 3556 3902 τε
3615 3850 3785 3919 κύκλῳ
3844 3868 3944 3901 πε-

2343 3948 2507 4015 ριιὼν,
2577 3948 2665 3994 καὶ
2722 3945 2919 4003 πάσαις
2982 3945 3071 4013 μὲν
3139 3941 3367 4000 πόλεσιν,
3419 3939 3556 3999 ὅλαις
3613 3936 3672 3990 δὲ
3732 3946 3946 4009 χώραις

2344 4028 2634 4102 ἐπιδημῶν,
2683 4037 2867 4103 μυρίον
2921 4050 2972 4082 τι
3023 4029 3209 4090 πλῆθος
3266 4035 3355 4080 καὶ
3413 4027 3631 4101 ἀριθμόν
3689 4026 3943 4099 ὑπερϐαῖ-

2343 4142 2444 4184 νον,
2508 4122 2786 4172 συνθέσθαι
2859 4128 2919 4192 τῇ
3000 4118 3233 4190 εὐσεϐείᾳ
3306 4122 3627 4175 πεποίηκεν·
3691 4116 3778 4177 οὓς
3851 4123 3945 4168 καὶ

2343 4209 2584 4272 καθάπαξ
2628 4216 2698 4279 τῷ
2750 4217 2837 4269 τῆς
2885 4209 3280 4279 παλιγγενεσίας
3342 4212 3471 4279 φωτὶ
3548 4209 3940 4277 σημειούμενος,

2343 4308 2415 4370 τῷ
2459 4298 2678 4371 οὐρανίῳ
2714 4306 2949 4372 προσῆγε
2994 4303 3178 4360 Πατρί.
3217 4302 3315 4349 Καὶ
3366 4292 3432 4353 δὴ
3478 4300 3717 4357 καὶτοὺς
3749 4297 3941 4346 πάθεσι

2345 4409 2451 4442 τισι
2506 4393 2591 4439 καὶ
2647 4392 2820 4447 νόσοις
2876 4387 3229 4455 πιεζομένους,
3286 4384 3344 4437 ού
3397 4389 3498 4456 μὴν
3548 4383 3676 4435 ἀλλὰ
3722 4388 3811 4435 καὶ
3865 4385 3945 4444 οἷς

2347 4479 2571 4530 ἐνοικοῦν
2608 4496 2652 4528 τι
2695 4474 2963 4547 δαιμόνιον
3009 4484 3181 4535 κακῶς
3230 4471 3466 4535 διετίθει,
3498 4474 3629 4545 λόγῳ
3676 4478 3812 4545 μόνῳ
3854 4479 3943 4523 καὶ

2345 4571 2524 4639 χειρὸς
2585 4568 2717 4639 ἱερᾶς
2796 4565 2961 4636 ἐπαφὴ
3025 4563 3331 4636 ἐθεράπευε·
3388 4572 3585 4623 νοητῶς
3653 4567 3743 4633 μεν
3826 4567 3945 4621 τούς

2347 4654 2740 4726 ἐπεμϐαίνοντάς
2822 4672 2875 4704 τε
2956 4658 3043 4705 καὶ
3122 4652 3498 4725 ἀντικειμένους
3572 4655 3938 4721 τροπούμενος,

598 4737 914 4808 stupenda,
944 4739 1095 4795 velut
1112 4742 1269 4797 retiis
1290 4743 1679 4815 quibusdam,
1696 4745 1775 4801 ad
1794 4745 2053 4801 veritatis
2071 4744 2223 4814 agni

2348 4745 2613 4803 αἰσθητῶς
2668 4739 2726 4795 δὲ
2783 4747 2899 4802 τοὺς
2950 4743 3036 4795 ὑπ’
3082 4742 3279 4794 ἐκείνων
3334 4742 3692 4802 ἀπατηθέντας
3745 4739 3944 4792 ἀνασω-

668 4863 691 4896 ²
720 4862 890 4919 Joan.
921 4879 994 4919 xu
1028 4865 1115 4921 24.

769 5013 853 5094 In_
873 5015 1074 5094 aliquo
1092 5018 1440 5094 MSLGraaco,
1456 5026 1666 5094 praeter
1689 5019 1914 5094 Asiam,
1941 5020 2239 5094 indicatur

597 5082 807 5162 Lydia,
842 5087 898 5162 in
923 5082 1151 5162 Ménaais
1182 5088 1401 5145 Graecis
1426 5082 1634 5162 'Mysia
1664 5096 1721 5162 et
1765 5082 1969 5162 Lydia,
1999 5093 2096 5146 sed
2146 5092 2237 5147 hie

598 5155 912 5232 provinciae
940 5160 1158 5232 suntin
1188 5162 1320 5232 ipsa
1348 5161 1483 5216 Asia
1504 5155 1747 5215 'Minori.

679 5226 989 5305 (A2)Nicetas
1028 5230 1153 5285 haec
1193 5226 1273 5305 ita
1304 5233 1587 5305 exponit:
1624 5252 1651 5283 ‹‹
1692 5232 1837 5305 Asiae
1881 5231 2087 5305 plagas
2113 5250 2238 5305 per-

599 5303 877 5363 lustrans,
910 5315 978 5353 ac
1011 5303 1237 5356 cunctis
1268 5303 1585 5373 provinciis
1611 5309 1666 5357 et
1691 5303 1936 5358 urbibus
1977 5303 2237 5360 vittedo-

600 5373 855 5450 ctrinam
885 5373 1519 5450 annuntiansnkeosque
1567 5374 1663 5445 qui
1719 5375 2026 5450 ad__vitam
2072 5380 2239 5431 erant

601 5444 879 5504 ordinati,
896 5456 1075 5517 _ve_ree_
1096 5459 1197 5517 per
1225 5444 1402 5500 ﬁdem
1426 5444 1568 5501 'vitae
1586 5444 2004 5511 reconcilians,
2034 5452 2239 5517 captos

598 5529 803 5570 omnes
826 5511 1137 5577 adiabolo,
1162 5514 1611 5589 innumerisque
1652 5517 1953 5573 erroribus
1973 5533 2038 5573 ac
2068 5511 2239 5572 sedu-

2342 5018 2638 5099 ctionibus
2656 5018 3241 5099 perditos,sapientiae
3255 5018 3471 5074 divinas
3490 5017 3860 5099 sermonibus
3876 5034 3945 5074 ac

2345 5091 2851 5146 exhortationibus
2872 5089 3101 5160 captiva
3114 5089 3758 5162 ns,acregenerationis
3780 5105 3944 5162 aqua

2343 5162 3020 5241 emundans,gratia3que
3038 5162 3246 5241 spiritu
3264 5161 3598 5241 illuminans
3614 5166 3788 5241 atque
3807 5161 3947 5241 con-

2345 5248 2676 5297 summans,
2707 5234 2765 5285 in
2784 5248 2917 5286 eum
2936 5232 3193 5287 modum
3215 5232 3364 5303 Patri
3382 5232 3484 5303 qui
3500 5234 3565 5303 in
3582 5232 3747 5286 caelis
3773 5238 3861 5286 est
3879 5232 3944 5286 ﬁ-

2344 5304 2453 5359 lios
2467 5303 3072 5374 asciscebat.Cunctos
3091 5302 3540 5374 vero,quivariis
3555 5302 3943 5373 languoribus

2345 5391 2412 5431 ac
2427 5374 2643 5429 morbis
2656 5373 3380 5438 tenebantur,autobsessi
3396 5390 3431 5428 a
3448 5375 3738 5429 daemonio
3755 5380 3941 5437 erant,

2346 5451 2447 5501 aut
2493 5445 2709 5517 quovis
2739 5444 2854 5499 alio
2883 5446 3115 5499 sinistro
3147 5461 3289 5500 casu
3321 5444 3784 5507 afﬂictabantur,
3820 5446 3943 5501 solo

2344 5532 2619 5572 sermone
2650 5532 2719 5572 ac
2752 5531 2936 5572 sacrae
2968 5521 3274 5572 contractu
3306 5531 3522 5573 manus
3561 5517 3846 5573 sanabat.
3883 5540 3911 5567 ››

679 5636 757 5709 (c)
788 5636 1185 5709 MS._Kmnon’z
1197 5654 1398 5709 σαντος,
1428 5644 1750 5709 oacuasset,
1771 5640 1933 5712 quod
1962 5655 2086 5697 non
2104 5640 2223 5697 hab

2331 5640 2700 5697 :ommodum
2722 5654 2989 5696 sensum.
