4114 6262
201 273 301 327 193
1366 262 1527 317 VITA
1567 261 1627 316 S.
1670 259 1826 315 ΡΗῙῙ.

1921 259 1978 314 ΡΙ
2015 259 2388 316 APOSTOLI.
3447 275 3546 328 194

199 396 436 469 ζόμενος·
502 394 586 453 ούς
643 399 736 444 τοῦ
791 409 845 444 τε
898 392 1225 463 κηρύγματος
1276 387 1649 461 μεγαληγορίᾳ,
1709 389 1798 437 καὶ

1919 385 2130 440 tionem
2156 384 2322 441 brevi
2344 389 2608 457 tempore
2626 384 2898 446 adduxit.
2921 389 3270 448 Sacerdotes
3295 394 3374 466 (3)
3407 411 3544 453 vero

199 492 318 548 ταῖς
373 479 690 552 παραδόξοις
745 483 1197 551 θαυματοποιίαις,
1262 475 1346 530 οἶά
1400 497 1515 529 τισι
1568 472 1798 534 δικτύοις

1921 477 1962 527 at
1989 471 2197 528 altaria
2218 487 2323 544 per
2342 475 2548 530 omnia
2586 473 2804 531 ibidem
2841 475 2975 533 loca
3019 479 3301 537 ordinans
3323 487 3378 538 et
3402 498 3546 540 con-

204 575 418 648 ζωγρῶν
475 580 569 634 τῆς
629 570 885 636 ἀληθείας,
942 566 1037 640 ἦγε
1085 570 1222 620 κατά
1273 566 1457 640 βραχύ
1513 568 1645 639 πρός
1693 562 1801 614 ἐπί-

1920 564 2159 626 ΞῐΓιιθΠΒ,
2192 576 2299 632 pro
2325 563 2582 618 cruentis
2647 563 2898 620 victimis
2941 565 3142 622 docuit
3172 568 3545 627 incruentam

202 683 417 736 γνωσιν.
479 662 648 733 Ἰερεῖς
707 655 765 711 δε
821 663 910 710 καὶ
969 659 1328 730 θυσιαστήρια
1376 660 1650 725 πανταχοᾶ
1702 659 1799 702 τῶν

1920 648 2118 704 afferre
2143 649 2420 716 hostiam,
2452 654 2510 706 et
2527 652 2821 722 Evangelii
2838 667 3113 712 normam
3133 658 3310 714 etiam
3330 659 3390 714 in
3421 659 3545 716 istis

207 751 310 806 ἐκεῖ
349 755 517 804 τόπων
567 747 824 810 ἀποτάξας
862 766 914 799 τε
951 750 1040 798 καὶ
1081 744 1406 817 δειμάμενος,
1452 741 1564 794 ἀντὶ
1609 743 1800 792 θυσιῶν

1922 737 2258 803 )bservare;
2286 743 2460 810 atque
2498 740 2579 794 ita
2607 739 2932 796 maximum
2965 743 3334 802 credentium
3357 763 3462 818 per
3485 763 3547 803 se

206 849 306 892 τῶν
357 837 648 910 ἐπιϐωμίων
698 841 792 895 τὴν
851 836 988 908 ἰεράν
1041 834 1089 886 ἐν
1141 837 1342 896 τούτοις
1395 832 1651 884 τελεῖσθαι
1707 848 1802 898 μυ-

1924 841 2226 882 lumerum
2264 827 2512 882 adduxit
2541 827 2790 886 Christo.
2825 831 2966 886 Cum
2995 831 3252 906 denique
3271 834 3333 890 in
3361 851 3432 892 eo
3456 851 3549 892 res

208 931 508 999 σταγωγίαν
583 928 729 1000 ἱερῶς
792 926 1196 996 παρεσκεύασεν,
1243 925 1306 983 ὡς
1371 921 1644 993 τηρεῖσθαι
1711 924 1800 971 καὶ

1924 920 2061 970 asset
2089 920 2268 971 statu.
2298 921 2360 972 ut
2383 932 2588 972 omnes
2617 917 2863 989 quidem
2889 919 3174 978 deberent
3195 924 3446 980 transire
3471 924 3549 981 ad

203 1017 284 1070 ἐπ’
328 1016 502 1076 αύτοῖς
539 1019 626 1067 τόν
667 1022 756 1067 τοῦ
797 1013 1106 1085 Εύαγγελίου
1148 1015 1354 1084 θεσμόν.
1396 1014 1548 1062 Οὕτω
1584 1011 1672 1080 μεν
1713 1007 1800 1058 οὖν

1925 1003 2110 1068 idem,
2135 1005 2260 1076 ipse
2290 1019 2429 1061 vero
2461 1006 2712 1062 transire
2739 1007 3172 1077 adDominum,
3202 1011 3316 1068 tale
3335 1011 3483 1084 quid
3497 1013 3550 1068 ei

204 1105 334 1158 πολύ
377 1125 429 1157 τι
467 1104 664 1164 πλῆθος
692 1111 791 1155 τῶν
831 1099 902 1156 δι’
935 1102 1096 1154 αὐτοῦ
1125 1102 1516 1154 πιστευσάντων
1560 1107 1632 1167 τῷ
1674 1104 1801 1168 Χρι-

1046 1109 1096 1154 ού
1125 1102 1516 1154 πιστευσάντων
1560 1107 1632 1167 τῷ
1674 1104 1801 1168 Χρι-
1908 1093 2065 1147 circa
2094 1091 2277 1147 ﬁnem
2306 1093 2671 1166 contigit

208 1203 316 1266 στῷ
387 1194 770 1268 προσηγάγετο.
849 1195 956 1244 ἐπεὶ
1029 1188 1087 1244 δὲ
1145 1195 1234 1242 καὶ
1290 1197 1388 1242 τῶν
1445 1183 1642 1240 ἐνθένδε
1695 1191 1872 1237 τοῦτον
1929 1179 2035 1233 ἔδει
2089 1182 2294 1243 πάντως
2348 1191 2745 1254 μεταφοιτῆσαι,
2805 1181 3062 1257 ἐκδημίαν
3130 1206 3184 1240 τε
3253 1193 3347 1248 τὴν
3420 1192 3554 1264 πρὸς

207 1287 294 1336 τόν
324 1285 510 1354 Κύριον
539 1281 862 1346 στείλασθαι,
890 1276 1090 1333 τοιόνδε
1115 1299 1167 1332 τι
1190 1284 1308 1354 περὶ
1332 1281 1389 1330 τό
1419 1277 1560 1338 τέλος
1586 1276 1725 1344 αὑτῷ
1753 1271 2072 1340 συνηνέχθη.

282 1379 346 1426 Π.
399 1370 554 1432 Πόλις
596 1370 710 1422 ἐστὶ
747 1372 882 1422 κατὰ
918 1375 1012 1427 τήν
1061 1374 1288 1443 Φρυγίαν
1332 1368 1603 1439 ἐπιφανὴς,
1654 1363 1804 1424 Πόλις

1977 1357 2120 1414 VIII.
2143 1357 2357 1414 Civitas
2370 1358 2652 1429 quaedam
2673 1359 2960 1431 Phrygiae,
2984 1362 3241 1430 illustris,
3265 1381 3400 1438 quae
3423 1381 3553 1422 san-

211 1463 323 1533 ἱερὰ
395 1460 702 1531 καλουμένη·
782 1462 913 1516 αὕτη
992 1458 1392 1531 πολυανθρωπία
1463 1463 1561 1507 τῶν
1641 1452 1802 1504 ἄλλων

1930 1450 2005 1501 sta
2035 1446 2381 1502 nominatur
2396 1446 2493 1517 (5),
2522 1447 2914 1505 ctincolarum
2936 1450 3262 1522 frequentia
3279 1453 3555 1524 prmcellit

210 1548 506 1615 ἀνθήσασαι,
567 1552 655 1600 καὶ
710 1547 902 1600 πόλεων
967 1547 1146 1620 ἑτέρων
1201 1550 1376 1619 μήτηρ
1432 1542 1801 1616 ὀνομασθεῖσα,

1929 1538 2170 1597 :aeteras,
2188 1536 2366 1604 atque
2381 1533 2632 1589 aliarum
2645 1539 2836 1590 mater
2855 1536 3088 1602 dicitur,
3109 1539 3554 1596 sanctissimum

209 1641 296 1690 τόν
369 1640 640 1712 ἱερώτατον
711 1636 958 1690 Φίλιππον
1014 1639 1144 1708 μετά
1203 1638 1288 1688 τόν
1359 1638 1544 1707 μυρίον
1617 1631 1804 1683 ἐκεῖνον

1926 1620 2053 1712 {bili
2058 1635 2180 1692 ppu
2190 1637 2243 1675 m
2253 1660 2269 1686 ,
2285 1625 2418 1712 post
2429 1623 2773 1712 innumeros
2786 1639 2894 1696 pro
2905 1625 3023 1681 ﬁde
3033 1626 3290 1694 labores,
3303 1629 3551 1702 excepit.

209 1728 336 1801 ὑπὲρ
393 1733 485 1779 τοῦ
543 1725 856 1798 Εύαγγελίου
910 1721 1128 1796 δέχεται
1179 1725 1428 1795 κάματόν.
1492 1718 1804 1792 Παραϐαλὼν

1930 1709 2056 1764 lum
2094 1714 2294 1765 autem
2332 1709 2449 1765 huc
2479 1710 2738 1768 venisset
2769 1713 3074 1784 apostolus
3105 1717 3370 1773 utetiam
3395 1719 3456 1773 in
3485 1733 3555 1774 ea

307 1781 316 1801 Ι
657 1781 706 1798 ΙΙ
971 1781 1014 1796 ιν
1247 1781 1257 1795 ι
1573 1781 1582 1792 ι

211 1814 298 1869 οὖν
346 1817 490 1876 οὗτος
539 1817 565 1866 ὁ
613 1819 776 1886 μέγας
817 1815 1117 1878 ἀπόστολος,
1167 1815 1301 1866 ὥστε
1350 1811 1444 1864 κάν
1497 1813 1658 1882 ταύτῃ
1713 1827 1805 1865 κη-

1930 1797 2263 1871 praedicaret
2278 1798 2681 1868 Evangelium,
2697 1781 2952 1874 eamque
2966 1803 3209 1860 vidisset
3225 1804 3555 1862 simulacris

209 1905 364 1978 ρύξαι
409 1907 469 1956 τό
525 1903 846 1975 Εὐαγγέλιον,
901 1903 1008 1956 ἐπεὶ
1059 1903 1252 1966 ξοάνοις
1300 1897 1406 1954 εἶδε
1449 1902 1662 1963 ταύτην,
1718 1901 1808 1948 καὶ

1932 1893 1970 1944 at
1993 1888 2144 1943 inter
2171 1885 2448 1958 pestifera
2474 1893 2762 1944 venenata
2782 1889 2994 1962 vipera:
3012 1892 3088 1963 (6)
3115 1893 3359 1949 cuidam
3383 1909 3557 1951 mon-

212 1974 312 2045 τῶν
481 1974 811 2064 ἐμπηστικῶν
849 2001 958 2055 τοῖς
998 1990 1234 2056 ἰοϐόλοις,
1286 1987 1472 2063 ἐχίδνῃ
1519 1991 1621 2040 τινὶ
1663 2005 1808 2061 τερα-

1927 1981 2120 2032 strosae
2143 1974 2368 2031 cultum
2400 1974 2645 2042 deferre,
2677 1976 2883 2034 divino
2908 1995 3230 2036 succensus
3261 1987 3348 2038 est
3373 1982 3500 2039 zelo
3536 2003 3552 2039 :

213 2077 372 2133 τώδει
411 2063 469 2132 τό
506 2063 686 2147 σέϐας,
729 2085 889 2154 οἶμοι,
923 2085 1338 2155 προσνέμουσαν,
1380 2079 1519 2151 ζήλῳ
1560 2080 1677 2150 θείῳ
1715 2078 1809 2132 τήν

1936 2070 1973 2122 :t
1995 2065 2361 2122 orationibus
2388 2063 2644 2120 assiduis
2669 2067 2896 2123 enixius
2922 2067 3294 2138 incumbens,
3326 2069 3561 2128 Christi-

211 2168 399 2239 ψυχὴν
468 2175 922 2244 καταπίμπραται,
983 2176 1072 2223 καὶ
1131 2174 1504 2242 συντονώτερον
1570 2171 1812 2241 προσκεί-

1934 2170 2036 2228 {ue
2050 2169 2271 2210 nomen
2288 2153 2927 2219 invocans,lethiferam
2944 2156 3107 2214 illam
3123 2158 3403 2226 belluam,
3422 2175 3559 2233 quas

210 2276 362 2330 μενος
417 2266 533 2320 ταῖς
585 2241 785 2330 εὐχαῖς,
845 2267 908 2331 τῇ
967 2267 1060 2311 τοῦ
1117 2266 1352 2332 Χριστοῦ
1409 2241 1674 2315 έπικλὴσει
1719 2260 1812 2314 τὴν

1570 2262 1674 2315 ᾐσει
1719 2260 1812 2314 τὴν
1923 2243 2122 2300 multis
2149 2242 2344 2299 fuerat
2364 2241 2572 2298 mortis
2612 2258 2811 2310 causa,
2844 2247 2974 2302 neci
3011 2246 3195 2304 dedit.

214 2345 446 2418 ὀλεθρίαν
521 2349 715 2404 ταύτην
787 2353 876 2400 καὶ
946 2347 1147 2408 πολλοῖς
1212 2347 1468 2408 ἀπωλείας
1538 2349 1813 2418 γενομένην

216 2434 408 2500 αἰτίαν,
440 2436 620 2510 νεκρὰν
646 2435 836 2488 αὐτίκα
861 2432 1102 2492 δεικνύει.

293 2522 369 2577 Θ’.
415 2525 552 2576 Ἐπεὶ
605 2521 664 2576 δὲ
705 2525 840 2577 οὕτω
877 2524 1044 2586 καλῶς
1083 2527 1113 2582 ἡ
1165 2526 1300 2576 κατά
1342 2530 1434 2576 τοῦ
1474 2529 1660 2595 πικροῦ
1698 2523 1814 2574 τού-

1993 2530 2078 2584 ΙΧ.
2097 2528 2421 2599 Postquam
2443 2541 2583 2581 vero
2599 2526 2890 2584 adversus
2939 2527 3198 2586 belluam
3237 2530 3414 2587 istam
3436 2546 3564 2588 cru-

219 2631 311 2664 του
357 2614 538 2688 θηρίου
585 2609 723 2684 εἶχεν
767 2613 905 2685 αύτῷ
948 2617 1071 2687 πρὸς
1110 2617 1214 2665 τόν·
1243 2615 1428 2687 Κύριον
1466 2612 1706 2676 ἔντευξις,
1755 2612 1812 2662 τὸ

1932 2617 2112 2674 :lelem
2163 2622 2293 2672 tam
2336 2615 2490 2671 bene
2546 2614 2601 2671 ei
2656 2615 2927 2672 cessisset
2978 2617 3210 2674 Domini
3263 2619 3557 2691 apellatio,

220 2701 321 2754 ἀπό
374 2699 528 2756 τοῦδε
581 2709 739 2755 πᾶσιν
790 2703 1020 2764 ἐπιεικῶς
1057 2709 1276 2777 παρῄνει
1325 2709 1414 2755 καὶ
1465 2701 1810 2767 συνεϐούλευε,

1939 2707 2147 2763 :unctis
2186 2705 2400 2761 exinde
2438 2703 2688 2760 suadere
2727 2706 2925 2776 cmpit,
2968 2712 3030 2763 ut
3075 2707 3136 2762 in
3173 2708 3334 2764 caelis
3372 2709 3564 2764 vivere

221 2795 308 2843 τόν
358 2793 408 2843 ἓν
442 2798 551 2854 τοῖς
582 2791 820 2865 ούρανοῖς
853 2793 1100 2863 ἡγεῖσθαι
1135 2792 1301 2852 ζῶντα
1329 2796 1470 2858 Θεόν,
1521 2790 1658 2865 μηδι
1706 2802 1816 2856 τοῖς

1940 2799 2109 2852 )eum
2148 2793 2492 2861 crederent;
2534 2807 2728 2864 neque
2772 2793 3144 2865 serpentibus
3199 2812 3301 2867 per
3347 2802 3565 2852 terram

220 2881 320 2932 ύπὸ
362 2887 462 2951 γῆν
514 2882 733 2953 ἑρπουσι
778 2884 1120 2954 προσανέχειν
1167 2880 1522 2952 βοσκήμασιν·
1575 2881 1682 2934 ἐπεὶ
1726 2887 1816 2934 καὶ

1939 2883 2328 2940 inimantibus
2353 2882 2724 2938 adhaererent
2743 2898 2754 2935 :
2774 2882 3021 2954 quando
3042 2899 3248 2940 revera
3280 2887 3431 2940 Deus
3457 2889 3564 2954 est,

223 2973 374 3032 Θεὸς,
430 2969 480 3028 ὃς
530 2971 597 3018 ὧν
657 2966 754 3032 ἀεὶ,
806 2972 927 3029 Θεὸς
970 2968 1156 3028 τελειός
1207 2987 1262 3020 τε
1311 2973 1402 3019 καὶ
1449 2967 1814 3040 ἀπερίληπτος,

1940 2973 2026 3044 [ui
2055 2986 2290 3042 semper
2313 2971 2600 3026 exsistens
2631 2970 2786 3026 Deus
2806 2971 3090 3041 perfectus
3137 2978 3193 3028 et
3238 2973 3565 3045 incompre-

220 3059 354 3129 μετά
397 3059 456 3108 τὸ
506 3064 825 3129 παραγαγεῖν
869 3052 1018 3108 τόνδε
1059 3060 1142 3108 τὸν
1191 3057 1373 3131 ὁρατόν
1417 3076 1472 3108 τε
1509 3065 1688 3110 τοῦτον
1730 3063 1816 3109 κό-

1946 3059 2253 3126 iensibilis,
2286 3063 2605 3131 postquam
2634 3058 2925 3116 visibilem
2958 3061 3118 3117 hunc
3165 3063 3458 3118 mundum
3516 3065 3571 3118 et

223 3164 353 3218 σμον
400 3149 491 3197 καὶ
528 3149 600 3216 μὴ
648 3143 920 3218 ὁρώμενον,
960 3145 1075 3196 κατ’
1116 3145 1284 3196 εἰκόνα
1325 3153 1419 3206 τῆς
1457 3145 1614 3198 αὐτοῦ
1661 3165 1820 3218 μεγα-

1947 3147 2286 3202 nvisibilem
2316 3147 2710 3219 produxisset,
2745 3149 2920 3204 etiam
2947 3149 3249 3205 hominem
3288 3149 3571 3207 formavit

218 3234 480 3295 λειότητος
520 3233 719 3293 πλάσας
761 3237 846 3285 τόν
898 3233 1184 3304 ἄνθρωπον,
1230 3238 1320 3286 καὶ
1360 3241 1536 3286 τοῦτον
1581 3243 1652 3304 τῷ
1697 3235 1816 3286 αύτ-

1944 3236 2004 3291 id
2016 3235 2322 3305 imaginem
2340 3235 2794 3305 magniﬁcentia;
2807 3251 2929 3290 sum
2949 3252 3234 3309 ;eumque
3248 3237 3569 3294 voluntatis

225 3323 441 3394 εξουσίῳ
483 3327 732 3395 τιμήσας,
784 3329 883 3373 τῶν
926 3320 973 3372 ἐν
1019 3318 1327 3394 παραδείσῳ
1369 3321 1537 3374 καλῶν
1583 3327 1819 3395 μετέχειν

1943 3341 2048 3380 suae
2071 3323 2260 3380 libero
2300 3338 2518 3380 ornans
2549 3323 2811 3391 arbitrio,
2851 3324 3119 3394 paradisi
3138 3326 3313 3381 bonis
3345 3325 3568 3398 perfrui

224 3416 517 3474 πεποίηκεν,
577 3409 873 3481 ἀπέχεσθαι
929 3411 1114 3461 τούτου
1170 3415 1327 3482 μόνου
1381 3410 1640 3475 κελεύσας,
1698 3413 1818 3486 ὅπερ

1942 3412 2131 3482 voluit,
2157 3412 2349 3469 solum
2365 3411 2585 3483 jubens
2607 3416 2670 3466 ut
2699 3426 2736 3467 a
2760 3410 3017 3466 scientiae
3037 3411 3200 3482 ligno
3232 3413 3567 3470 abstineret.

229 3497 290 3558 ἦν
353 3504 403 3552 τό
448 3499 593 3562 ξύλον
641 3507 738 3560 τῆς
787 3503 1043 3570 γνώσεως.
1088 3499 1226 3552 Ἐπεὶ
1275 3496 1334 3551 δὲ
1387 3501 1678 3558 ἡθετηκότα
1726 3505 1820 3559 τὴν

1942 3501 2204 3560 Mandata
2247 3515 2389 3557 vero
2433 3506 2919 3571 praetergressum
2976 3515 3203 3573 suaque
3271 3502 3567 3573 privatum

229 3588 454 3659 ἐντολήν,
498 3593 588 3641 καὶ
633 3597 730 3650 τῆς
758 3593 882 3662 πρὸς
913 3589 1064 3640 αὑτὸν
1107 3590 1420 3648 οἰκειότητος
1467 3588 1822 3648 ὀλισθῆσαντα

1949 3592 2116 3662 gratia
2155 3606 2293 3646 cum
2317 3588 2618 3660 despicere
2642 3587 2840 3652 nollet,
2873 3587 3136 3660 primum
3165 3588 3412 3661 quidem
3469 3605 3574 3662 per

228 3674 480 3750 περιιδεῖν
539 3674 599 3736 ἧν
650 3677 708 3729 ού
762 3685 915 3741 Θεοῦ,
985 3673 1080 3729 διὰ
1127 3681 1284 3749 νόμου
1344 3685 1522 3729 τοῦτον
1575 3683 1820 3752 πρότερον

1951 3696 2120 3750 egem
2166 3684 2345 3750 atque
2392 3677 2708 3749 prophetas
2759 3691 2898 3731 eum
2956 3677 3189 3744 erudiit,
3241 3678 3458 3734 deinde
3518 3683 3575 3734 et

228 3763 650 3838 παιδαγωγήσας
695 3770 786 3817 καὶ
835 3773 1128 3839 προφητῶν,
1183 3764 1259 3817 ἐπ’
1313 3764 1552 3837 ἐσχάτων
1600 3771 1689 3819 καὶ
1735 3771 1822 3819 τόν

1948 3765 2434 3826 :onsubstantiale
2460 3764 2568 3820 sibi
2585 3765 2838 3820 Verbum
2866 3780 2938 3820 ex
2962 3765 3312 3824 intemerata
3336 3766 3573 3838 Virgine

231 3857 434 3927 ὁμοφυᾶ
480 3857 644 3924 τούτῳ
688 3858 856 3924 Λόγον
909 3851 963 3904 ἐκ
1022 3855 1283 3927 Παρθένου
1328 3853 1489 3925 ἁγνῆς
1530 3855 1646 3907 καθ’
1685 3856 1824 3928 ἡμᾶς

1948 3858 2098 3916 ιθ.εοί
2115 3855 2320 3921 voluit,
2344 3855 2544 3926 itaque
2572 3853 2634 3908 in
2662 3852 2931 3909 humana
2955 3867 3254 3925 apparens
3298 3855 3573 3911 similitu—

233 3946 490 4015 τεχθῆναι
538 3938 819 4000 εὐδόκησεν
891 3943 916 3993 ὁ
957 3938 1016 3994 δε
1059 3947 1148 3994 καὶ
1186 3942 1302 3995 καθ’
1340 3943 1587 4014 ὁμοίωσιν
1627 3946 1825 4019 άνθρώ-

1951 3947 2087 4014 line,
2101 3943 2436 4016 nostrisque
2452 3941 2885 3999 communicans
2900 3941 3279 4013 passionibus
3300 3943 3378 3998 im
3386 3943 3576 4014 passi-

230 4052 339 4084 πων
382 4031 656 4104 ἐπιφανεὶς,
707 4036 796 4083 καὶ
834 4032 1053 4084 πάθεσιν
1092 4031 1351 4104 ὁμιλήσας
1389 4033 1414 4083 ό
1459 4031 1678 4099 ἀπαθὴς,
1731 4030 1825 4086 διά

1952 4035 2065 4091 )ilis
2087 4033 2212 4106 ipse
2236 4048 2330 4098 ,ac
2360 4030 2455 4087 die
2476 4029 2650 4087 tertia
2670 4044 2984 4100 resurgens
3003 4045 3040 4085 a
3068 4030 3338 4097 mortuis,
3369 4046 3577 4088 aman-

229 4128 411 4196 τρίτης
483 4140 537 4174 τε
594 4119 820 4182 ἀναστὰς
879 4119 932 4171 ἐκ
1006 4128 1214 4195 νεκρῶν,
1273 4121 1630 4196 φιλανθρωπίᾳ
1701 4124 1824 4194 ἡμῖν

1952 4140 2018 4180 er
2037 4139 2099 4178 se
2119 4121 2284 4178 nobis
2302 4117 2718 4185 manifestavit,
2742 4121 2920 4190 atque
2941 4117 3020 4174 ad
3036 4118 3215 4174 caelos
3235 4119 3383 4174 abiit
3417 4119 3577 4174 unde

232 4213 544 4284 ἐφανέρωσεν
637 4209 834 4273 ἑαυτὸν,
916 4214 1002 4262 καὶ
1073 4213 1204 4284 πρὸς
1285 4209 1531 4284 ούρανοὺς
1609 4209 1822 4283 ἀπῇρεν,

1954 4209 2354 4265 lescenderat:
2387 4205 2588 4277 ipsum
2610 4220 2751 4261 vero
2806 4220 3015 4260 rursus
3051 4211 3367 4262 venturum
3393 4206 3579 4263 credi-

230 4302 342 4353 ὅθεν
407 4299 662 4370 ἐτύγχανε
724 4296 1109 4358 καταϐεϐηκώς·
1168 4305 1348 4350 τοῦτον
1406 4295 1466 4350 δὲ
1526 4303 1616 4350 καί
1682 4295 1828 4359 αὖθις

1952 4313 2091 4362 nus,
2145 4300 2207 4352 ut
2268 4295 2622 4365 ﬁgmentum
2676 4309 2854 4348 suum
2884 4293 3215 4359 resuscitat,
3269 4299 3324 4350 et
3366 4294 3577 4351 reddat

232 4389 371 4452 ἥξειν
427 4391 813 4458 πιστευόμενος,
868 4387 919 4447 ὃς
972 4385 1192 4457 πλάσμα
1237 4387 1326 4456 μὲν
1371 4390 1431 4438 τὸ
1480 4387 1662 4438 ἑαυτοῦ
1711 4385 1830 4439 ἀνα-

1954 4384 2255 4456 1nicuique
2293 4381 2624 4438 secundum
2655 4395 2840 4454 opera
2868 4397 3015 4436 sua:
3051 4380 3309 4453 idipsum
3340 4398 3579 4456 quoque

230 4484 442 4544 στήσει,
499 4472 763 4527 ἀποδώσει
816 4471 876 4526 δὲ
927 4473 1125 4544 ἑκάστῳ
1175 4476 1308 4525 κατὰ
1354 4476 1419 4526 τά
1468 4477 1593 4547 ἔργα
1645 4475 1823 4536 αὐτοῦ,

1953 4473 2133 4531 scietis
2150 4449 2329 4528 etiam
2348 4486 2474 4535 vos,
2514 4469 2722 4525 divino
2759 4470 3220 4539 regenerationis
3244 4469 3468 4526 lumine
3481 4449 3578 4527 ’(11-

231 4567 450 4620 Εἶσεσθε
499 4567 590 4614 καὶ
640 4563 782 4633 ύμεῖς
837 4563 886 4613 οἱ
943 4558 993 4612 δ’
1050 4561 1130 4613 ὅτι
1188 4559 1487 4624 ἀξιωθέντες
1541 4571 1632 4616 τοῦ
1689 4565 1825 4617 θείου

1955 4562 2122 4635 gnati;
2135 4560 2388 4635 purgabi
2398 4565 2490 4616 tur
2504 4557 2658 4614 enim
2669 4574 2824 4614 mens
2835 4562 3032 4615 vestra
3043 4559 3122 4614 ab
3134 4559 3287 4615 omni
3300 4561 3580 4631 passione

231 4657 395 4728 φωτός
458 4661 548 4712 τῆς
605 4649 1003 4721 ἀναγεννήσεως,
1071 4654 1160 4702 καὶ
1214 4653 1488 4725 καθαρίσει
1541 4656 1642 4725 γὰρ
1708 4654 1827 4724 ὑμῖν

1956 4651 2112 4724 urpi,
2140 4651 2384 4722 ejusque
2409 4648 2584 4704 donis
2605 4645 2995 4718 implebimini
3025 4646 3105 4702 ad
3148 4648 3498 4717 satietatem,
3530 4647 3581 4704 si

229 4743 454 4814 εύαγοῦς
493 4741 687 4800 πάθους
732 4741 922 4801 παντὸς
960 4740 988 4797 ἡ
1037 4735 1262 4806 διάνοια,
1299 4744 1428 4816 πρὸς
1466 4746 1617 4816 κόρον
1665 4738 1741 4807 δὲ,
1785 4743 1828 4794 εἱ

1958 4757 2135 4798 amen
2167 4754 2376 4796 eorum
2401 4736 2638 4793 satietas
2667 4750 2798 4791 esse
2823 4734 3028 4806 possit,
3055 4739 3112 4791 et
3131 4737 3424 4793 bonorum
3447 4751 3583 4809 pro-

227 4837 322 4886 καὶ
370 4835 440 4904 μὴ
488 4833 634 4900 κόρος
679 4830 899 4902 ὥρισται
946 4830 1167 4895 τούτοις,
1214 4836 1314 4880 τῶν
1352 4830 1474 4902 παρ’
1519 4830 1677 4882 αὐτοῦ
1723 4851 1828 4902 χα-

1450 4830 1474 4878 ›’
1519 4830 1677 4882 αὐτοῦ
1723 4851 1828 4902 χα-
1939 4831 2261 4887 missorum
2288 4825 2697 4882 hmreditatem
2717 4822 3075 4879 obtinebitis.

228 4927 389 4997 ρίτων
419 4918 808 4983 πλησθήσεσθε,
839 4922 928 4970 καὶ
959 4915 1165 4989 ἀγαθῶν
1189 4926 1288 4970 τῶν
1319 4918 1706 4992 ἐπηγγελμένων
1733 4921 2164 4995 κληρονομήσετε.

304 5044 384 5117 (3)
411 5043 572 5119 Idem
590 5041 823 5119 N_icet_as
847 5057 914 5119 :_«
938 5041 1276 5119 Sacerdotes
1299 5047 1359 5119 et
1378 5043 1668 5119 praesules
1682 5044 1833 5119 _ﬁde-
1944 5057 2165 5119 magna
2181 5047 2357 5112 atque
2373 5038 2635 5119 illustris,
2655 5052 2840 5119 opum
2864 5034 3252 5119 abundantia,
3268 5034 3585 5119 gloriaque

231 5106 691 5186 lib‘uspraafecit,
710 5110 1179 5183 altariaperloca
1196 5106 1445 5169 Domino
1465 5115 1738 5185 praefixit,
1764 5131 1834 5172 ac
1941 5106 2176 5186 fastigio
2227 5106 2507 5182 superba,
2563 5106 2781 5164 civium
2820 5106 3165 5186 robore'ac‘
3208 5106 3587 5186 multitudine

229 5175 470 5244 sacram
510 5175 853 5240 sanctorum
893 5175 1400 5240 sacramentorum
1446 5175 1684 5242 tradidit
1720 5175 1836 5243 for-
1942 5175 2112 5242 nulli"
2117 5185 2264 5240 forte
2289 5175 2431 5237 tunc
2456 5175 2814 5250 magnarum
2839 5192 2945 5250 per
2974 5175 3269 5233 Orientem
3290 5184 3589 5251 metropo-

231 5259 488 5332 mulam.
521 5277 546 5308 ι
744 5325 756 5332 ,
808 5323 819 5332 _
875 5324 904 5332 ,_
1146 5325 1156 5332 _
1232 5327 1258 5332 _
1484 5326 1499 5332 _
1547 5327 1560 5332 _
1940 5257 2076 5332 10°.“
2107 5255 2328 5332 Brimas
2349 5253 2740 5332 σρβθεῗάθηεεῖ»
3090 5318 3124 5332 ..

310 5330 390 5401 (4)
415 5329 554 5401 Cum
579 5341 686 5401 per
699 5323 909 5401 viginti
934 5339 1124 5401 annos
1141 5325 1202 5381 in
1227 5325 1466 5398 Scythia
1483 5326 1834 5398 laborasset,
2017 5319 2342 5401 (6)_'Iterum
2372 5324 2602 5401 Nicetas
2631 5321 2730 5401 ait,
2776 5342 2804 5370 ιι
2838 5319 3192 5401 Hierapolim
3230 5323 3589 5401 portentoste

239 5389 713 5475 uttAtctaLa'tina
739 5389 988 5475 Habent.
1016 5467 1075 5475 ω
1450 5467 1465 5475 _
1571 5469 1624 5475 μ
1769 5471 1778 5475 _
1817 5389 1831 5398 ’
1967 5389 2207 5456 cuidam
2252 5395 2634 5475 infandteque
2662 5389 2880 5475 vipera:
2919 5389 3375 5475 tamquamﬁe‘o
3415 5389 3590 5446 addi-

314 5471 392 5544 (ὅ)
433 5470 593 5527 Idem
631 5469 900 5526 Nicetas:
948 5487 971 5518 σ
1015 5467 1339 5540 Hierapolis
1377 5467 1520 5526 urbs
1567 5469 1836 5544 Phrygias
1945 5461 3587 5540 ctam,eamquehostﬁsnon'absquedementiaplacare.»

316 5595 401 5668 (ἀ)
431 5595 800 5671 Ἐμπηστικός,
830 5591 1104 5663 pestifer,
1135 5607 1174 5650 a
1198 5591 1384 5652 latina
1411 5607 1557 5651 voce
1585 5593 1787 5652 Pestis.
