4114 6262
619 282 723 335 195

693 405 759 458 Χ.
788 402 919 457 Haec
938 404 993 456 et
1018 399 1110 455 his
1124 398 1301 470 plura
1317 394 1595 451 divinitus
1616 391 1915 463 apostolus
1940 387 2271 445 disserebat
2298 389 2341 439 A

621 492 857 564 publice
886 506 955 545 ac
985 487 1280 560 privatim.
1313 485 1368 541 Si
1392 499 1544 556 quos
1575 498 1715 538 vero
1743 496 1863 551 prae
1909 479 2134 534 caeteris
2182 476 2269 530 vi-

622 580 804 635 debat
833 579 1130 649 suscipere
1150 574 1397 629 verbum
1422 571 1580 636 tidei,
1605 586 1705 626 eos
1728 566 2089 625 admovebat
2107 579 2266 633 rege-

622 666 943 724 nerationis
992 664 1205 720 lumini
1259 662 1357 733 (7),
1410 668 1465 716 et
1513 660 1571 715 in
1625 658 1896 713 ordinem
1944 653 2266 726 recipiebat

621 754 1049 811 sacerdotalem
1081 753 1452 821 faciebatque
1484 748 1747 804 animata
1778 745 1991 802 Christi
2022 741 2264 813 templa.

620 846 705 901 lta
731 844 967 900 feliciter
985 840 1463 915 progredientem
1488 838 1795 893 veritatem
1840 834 2115 890 inimicus
2136 830 2266 901 ejus

621 934 852 1002 videns,
880 931 1159 987 cohibere
1190 945 1250 984 se
1280 943 1397 983 non
1420 927 1611 999 potuit
1631 926 1776 998 quin
1807 925 1858 980 ei
1887 922 2268 978 insidiaretur

622 1028 799 1094 atque
821 1017 1245 1076 oﬂ‘endiculum
1277 1016 1574 1087 objiceret.
1597 1015 1690 1069 Eis
1710 1014 1910 1085 itaque
1935 1011 2032 1083 qui
2054 1006 2263 1064 tuncin

621 1110 851 1165 civitate
882 1109 1106 1179 primas
1132 1107 1417 1161 tenebant
1444 1120 1571 1159 sese
1596 1103 1927 1165 insinuans,
1980 1100 2263 1169 ipsorum-

619 1215 737 1270 que
753 1197 1219 1267 indignationem
1236 1193 1396 1249 velut
1413 1194 1605 1262 ignem
1628 1190 1983 1255 accendens,
2002 1188 2262 1259 primum

617 1284 1040 1358 comprehendi
1071 1284 1148 1339 ab
1169 1283 1250 1337 eis
1283 1281 1616 1353 Philippum
1648 1280 1802 1344 fecit,
1824 1276 2261 1333 multitudinem

617 1376 677 1430 in
710 1390 844 1430 eum
874 1373 1068 1428 subito
1098 1386 1496 1431 commovens,
1531 1375 1656 1425 tum
1687 1368 1739 1423 ei
1759 1364 2051 1438 quidquid
2076 1363 2263 1435 potuit

618 1463 934 1519 molestum
966 1466 1144 1533 atque
1168 1458 1398 1515 exitiale
1425 1458 1641 1515 intulit.
1669 1460 1817 1512 Nam
1833 1455 1933 1525 qui
1952 1468 2258 1509 eumcom-

620 1551 1056 1624 prebenderant
1082 1550 1228 1603 duro
1260 1546 1624 1602 incluserunt
1647 1545 1887 1608 carceri,
1941 1541 2262 1611 duriusque

618 1639 958 1695 ceciderunt
977 1654 1045 1693 ac
1066 1636 1438 1707 ﬂagellarunt
1457 1651 1471 1700 ;
1493 1633 1710 1689 deinde
1736 1631 1977 1687 funibus
1995 1645 2101 1702 per
2115 1628 2262 1685 talos

618 1727 875 1800 trajectis
904 1726 983 1799 (8)
1024 1724 1459 1797 suspenderunt
1496 1723 1556 1778 in
1583 1722 1792 1779 altum.

608 2034 611 2035 ν
694 1995 779 2049 XI.
814 1995 879 2049 Et
903 1992 1015 2048 hoc
1053 1991 1302 2064 quidem
1347 1989 1684 2062 signiﬁcare
1742 1992 1977 2060 poterat
2039 1990 2261 2043 statum

596 2082 828 2148 ~animi,
856 2086 1074 2137 rectam
1108 2079 1186 2135 ad
1217 2095 1474 2151 superna
1489 2079 1647 2133 viam
1676 2078 1928 2132 tenentis
1960 2091 1973 2131 :
2028 2090 2148 2130 non
2181 2075 2261 2130 ita

617 2176 818 2227 tamen
848 2186 986 2225 eum
1018 2168 1241 2223 dimisit
1269 2167 1557 2222 Dominus
1590 2185 1602 2233 ;
1634 2165 1740 2221 sed
1786 2164 2074 2237 quoniam
2123 2169 2261 2219 tunc

617 2258 908 2330 temporis
940 2257 1178 2312 divinus
1208 2256 1516 2327 apostolus
1559 2253 2028 2310 Bartholomseus
2079 2254 2259 2308 etiam

618 2345 914 2417 Hierapoli
941 2350 1086 2405 erat,
1120 2360 1241 2399 una
1270 2360 1408 2399 cum
1434 2343 1562 2413 ipso
1594 2341 1980 2411 Evangelium
2029 2356 2260 2397 annun-

614 2435 790 2499 tians,
813 2433 1106 2505 passionis
1122 2447 1258 2486 eum
1278 2436 1603 2487 consortem
1624 2446 1757 2485 esse
1777 2430 1959 2485 voluit
1978 2433 2043 2484 ut
2073 2428 2263 2485 fuerat

615 2522 1080 2593 praadicationis.
1102 2520 1202 2575 lllo
1219 2535 1380 2589 ergo,
1397 2519 1751 2584 utdiximus,
1774 2532 2069 2589 suspenso
2086 2534 2116 2572 e
2128 2517 2261 2573 talis

615 2611 775 2666 cruci
825 2609 1115 2665 addicitur
1171 2608 1632 2664 Bartholomaaus
1694 2607 1794 2677 (9).
1845 2606 2027 2662 Soror
2081 2606 2259 2661 etiam

616 2699 942 2754 Mariamne
970 2698 1107 2768 (10),
1139 2711 1385 2765 corpore
1411 2702 1462 2750 et
1482 2695 1684 2750 animo
1713 2695 1901 2763 virgo,
1927 2710 2120 2767 neque
2138 2711 2262 2750 ma-

615 2787 706 2857 gis
726 2790 943 2841 natura
971 2785 1141 2841 fratri
1169 2784 1487 2855 conjuncta
1529 2799 1712 2855 quam
1775 2782 2000 2852 animo,
2056 2783 2261 2839 aderat

613 2874 858 2947 patienti
889 2874 1176 2945 Philippo,
1208 2890 1345 2928 cum
1372 2887 1609 2945 quoque
1630 2872 1965 2943 patiebatur
1989 2888 2058 2928 ac
2085 2872 2259 2928 susti-

612 2964 791 3019 nebat
819 2963 1165 3018 cruciatum.
1198 2962 1349 3017 Dum
1375 2966 1571 3017 autem
1600 2961 1728 3017 haec
1756 2963 1979 3025 ﬁerent,
2012 2961 2257 3031 contigit

2026 261 2279 322 MENSIS
2320 259 2560 317 MAIUS.

3888 260 4002 315 196

2453 385 2504 437 1’.
2545 393 2723 439 Ταῦτα
2751 390 2839 437 καὶ
2880 384 3035 437 πλείω
3074 386 3267 436 τούτων
3302 381 3415 456 ἰδίᾳ
3457 390 3545 439 καὶ
3576 394 3725 460 κοινῇ
3766 395 3997 459 συνειρῶ

2378 474 2403 524 ό
2439 476 2565 534 θεῖος
2611 474 2922 535 ἀπόστολος·
2952 473 3037 536 οὓς
3070 471 3129 526 δὲ
3160 471 3266 531 ἤδη
3313 483 3412 525 τῶν
3442 474 3604 527 ἄλλων
3650 476 3849 546 μᾶλλον
3898 474 3995 528 δερ

2353 567 2611 633 ,χομένων
2656 567 2740 615 τόν
2792 564 2941 635 λόγον
2985 572 3078 625 τῆς
3130 567 3370 634 πίστεως,
3423 571 3495 634 τῷ
3538 573 3631 624 τῆς
3682 564 3993 635 παλιγγενε-

2380 657 2493 712 σίας
2534 656 2748 714 τούτους
2794 661 3029 725 προσῆσγε
3083 657 3228 723 φωτὶ,
3278 658 3367 704 καὶ
3415 661 3487 722 τῷ
3540 662 3640 705 τῶν
3693 653 3989 728 ἀρχιερέων

2375 741 2612 812 κατέλεγε
2659 744 2911 813 τάγματι,
2964 746 3054 793 καὶ
3120 746 3273 802 ναοὺς
3325 740 3703 813 ἔψυχωμὲνους
3766 750 3987 816 Χριστῷ

2375 835 2462 882 καὶ
2525 830 2705 902 ἁγίους
2762 829 3037 904 ἀνήγειρεν.
3098 830 3249 881 Οὕτω
3299 831 3409 882 κατ’
3487 831 3608 883 εὐθὺ
3692 840 3986 902 χωροῦσαν

2377 922 2505 993 ὁρῶν
2553 925 2645 978 τὴν
2698 919 2937 979 ἀληθειαν
2988 921 3012 970 ό
3062 922 3225 991 ταύτῃ
3275 918 3575 991 βασκαίνων
3624 919 3849 994 ἐχθρὸς,
3892 921 3985 972 οὐκ

2379 1008 2563 1060 ἀνεκτά
2614 1007 2851 1071 ἐποιεῖτο,
2908 1008 2951 1060 εἰ
3004 1013 3074 1078 μὴ
3151 1007 3337 1079 σφάλοι
3394 1026 3447 1060 τε
3499 1012 3670 1059 αὐτῶν
3741 1014 3841 1061 καὶ
3893 1017 3983 1060 τοῦ

2375 1104 2556 1171 πρόσω
2607 1095 2945 1150 διακωλύσοι.
2997 1097 3254 1149 Ἐντεῦθεν
3302 1100 3423 1158 τοὺς
3474 1101 3590 1149 τότε
3636 1106 3837 1170 καιροῦ
3891 1105 3983 1159 τας

2371 1196 2460 1248 τῆς
2510 1187 2701 1248 πόλεως
2758 1192 3025 1258 μετιόντας
3083 1184 3253 1257 ἀρχὰς
3305 1186 3551 1251 ὑπελθὼν,
3589 1191 3682 1238 καὶ
3731 1188 3826 1239 οἶα
3878 1196 3979 1257 πῦρ

2373 1276 2648 1349 ἀναφλέξας
2704 1276 2881 1337 αὐτοῖς
2955 1279 3012 1327 τὸ
3086 1274 3399 1343 ζηλότυπον,
3454 1275 3824 1347 συλληφθῆναι

2371 1367 2457 1418 ὑπ’
2515 1366 2683 1417 αὐτων
2738 1364 3129 1436 παρασκευάζει
3179 1367 3266 1415 τὸν
3323 1363 3592 1429 Φίλιππον,
3649 1370 3870 1436 συχνὴν
3926 1366 3978 1417 ἐκ

2370 1462 2461 1505 του
2516 1449 2779 1525 αἰφνιδίου
2835 1452 2950 1504 κατ’
2998 1452 3157 1503 αὐτοῦ
3208 1459 3367 1525 χεῖρα
3404 1458 3645 1515 κινήσας,
3680 1452 3875 1524 ἐπάγει
3923 1451 3977 1507 δὲ

2370 1550 2522 1594 τοῦτο
2560 1548 2661 1593 πᾶν
2706 1545 2749 1594 εἶ
2789 1561 2838 1593 τι
2885 1541 3114 1615 λυπηρὸν
3166 1546 3255 1593 καὶ
3307 1540 3551 1615 ὀλέθριον.
3590 1545 3979 1595 Κατατίθενται

2370 1634 2459 1702 μεν
2509 1632 2609 1703 γὰρ
2662 1632 2709 1682 οἱ
2765 1629 3097 1690 συλλαϐόντες
3153 1630 3308 1681 αὐτὸν
3365 1638 3565 1703 πικρῶς
3635 1628 3685 1682 ἐν
3767 1634 3975 1705 εἱρκτῇ,

2294 1738 2337 1792 Β
2371 1724 2667 1793 πικρότερον
2727 1715 2786 1770 δὲ
2838 1727 3161 1791 μαστιγοῦσι
3214 1724 3303 1770 καὶ
3348 1724 3614 1783 παίουσιν,
3653 1717 3769 1771 εἶτα
3822 1740 3981 1792 σχοι-

2369 1814 2500 1870 νίοις
2546 1817 2644 1860 τῶν
2691 1806 3033 1881 ἀστραγάλων
3084 1806 3378 1878 ἐξάψαντες,
3410 1806 3493 1861 ἐπὶ
3542 1814 3810 1882 μετεώρου
3842 1815 3980 1863 κατὰ

2369 1898 2560 1969 κεφαλῆ
2574 1918 2595 1958 ς
2622 1896 2907 1970 ἀναρτῶσι.

2440 1986 2540 2040 ΙΑ’.
2575 1990 2644 2040 Τὸ
2677 1983 2735 2039 δι
2763 1987 2866 2061 ἄρα
2911 1989 3003 2044 την
3035 1984 3115 2037 ἐπ’
3146 1986 3267 2038 εὐθὺ
3311 1989 3437 2058 πρὸς
3481 1989 3547 2037 τὰ
3575 1987 3678 2039 οἰνω
3726 1995 3823 2039 τοῦ
3858 1997 3973 2039 νοοῦ

2368 2081 2576 2148 πορείαν
2619 2079 2683 2136 ὡς
2728 2079 2786 2127 τό
2820 2076 2957 2136 εἰκὸς
2998 2077 3351 2147 ὑπεσήμαινε·
3384 2074 3478 2127 κᾶν
3526 2076 3619 2127 οὐκ
3670 2076 3745 2139 εἰς
3797 2080 3977 2150 ἔσχα-

2370 2185 2454 2217 τον
2510 2163 2700 2236 ἀφῆκεν
2747 2165 2901 2217 αὐτόν
2949 2166 2975 2216 ό
3031 2167 3215 2239 Κύριος
3264 2165 3627 2239 ἀπαράκλητον
3652 2183 3663 2195 ·
3699 2164 3812 2218 ἀλλ’
3866 2166 3975 2220 ἐπεὶ

2369 2253 2482 2305 κατ’
2543 2253 2700 2306 ἐκεῖνο
2758 2262 2849 2306 τοῦ
2905 2258 3102 2327 χρόνου
3158 2258 3247 2306 καὶ
3317 2254 3700 2329 Βαρθολομαῖος
3748 2257 3773 2307 ό
3839 2259 3975 2319 θεῖος

2371 2341 2653 2404 ἀπόστολος
2700 2339 3066 2414 συνεπιδημῶν
3116 2338 3175 2400 ἧν
3222 2345 3384 2415 τούτῳ
3433 2351 3494 2415 τῇ
3544 2343 3849 2417 Ἱεραπόλει,
3885 2352 3975 2398 καὶ

2373 2432 2835 2502 συγκαταγγέλλων
2884 2435 2942 2483 τὸ
3002 2431 3329 2503 Εὐαγγέλιον,
3378 2434 3550 2505 ὥσπερ
3602 2430 3670 2491 δὴ
3726 2442 3823 2485 τοῦ
3874 2456 3972 2493 κη-

2369 2522 2650 2591 ρύγματος,
2700 2520 2833 2571 οὕτω
2875 2525 2964 2572 καὶ
3009 2528 3100 2572 τοῦ
3142 2523 3336 2582 πάθους
3383 2521 3520 2592 αὐτῷ
3567 2531 3798 2575 κοινωνεῖ
3828 2541 3843 2554 ο
3878 2524 3969 2575 κά-

2369 2613 2536 2659 κείνου
2594 2617 2692 2660 τῶν
2762 2608 3126 2682 ἀστραγάλων,
3180 2611 3244 2670 ὡς
3322 2612 3527 2682 ἔφημεν,
3597 2610 3970 2683 ἀναρτηθέντος

2373 2700 2596 2771 σταυρὸν
2649 2698 2804 2758 αὐτὸς
2852 2704 3234 2770 κατακρίνεται.
3291 2700 3458 2756 Κοιὶή
3516 2696 3712 2772 ἀδελφὴ
3768 2698 3829 2754 δὲ
3857 2710 3967 2756 Μα-

2367 2789 2578 2860 ριάμνη,
2613 2790 2643 2846 ἡ
2675 2784 2840 2859 μηδὲν
2886 2788 3039 2845 ἧττον
3088 2793 3185 2860 μία
3226 2792 3319 2847 τὴν
3352 2790 3503 2859 φύσιν
3549 2790 3578 2847 ἢ
3612 2794 3707 2848 τὴν
3750 2798 3962 2863 γνώμην

2368 2876 2528 2947 αὐτῷ,
2581 2878 2610 2935 ἡ
2674 2881 2763 2928 καὶ
2817 2880 2874 2929 τό
2934 2886 3084 2948 σῶμα
3149 2879 3393 2949 παρθένος
3448 2882 3537 2930 καὶ
3588 2883 3682 2936 τὴν
3751 2880 3949 2952 ψυχὴν,

2364 2973 2534 3040 παρῆν
2577 2968 2665 3037 μὲν
2709 2967 2975 3037 πάσχοντι
3019 2965 3253 3037 Φιλίππῳ
3295 2974 3366 3036 τῷ
3413 2962 3636 3038 ἀδελφῷ,
3668 2972 3725 3020 τὸ
3774 2966 3835 3022 δὲ
3866 2973 3953 3022 πά-

612 3067 708 3107 res
736 3052 985 3107 omnino
1014 3065 1173 3105 nova
1193 3066 1206 3104 :
1226 3065 1518 3106 concussa
1533 3050 1690 3105 enim
1705 3054 1857 3105 terra
1873 3054 2252 3106 ettremorem

2366 3058 2450 3115 θος
2479 3057 2548 3115 ὡς
2590 3056 2696 3107 οἶόν
2739 3073 2792 3106 τε
2837 3062 2899 3126 τῇ
2949 3059 3249 3127 προαιρέσει
3306 3056 3655 3127 συνεφεί).κετο
3702 3062 3795 3109 καὶ
3840 3078 3961 3110 συν-

612 3139 917 3196 insolitum
940 3140 1216 3211 patiente,
1236 3144 1585 3195 cunctorum
1608 3138 1823 3195 animis
1852 3138 2120 3195 incubuit
2141 3140 2253 3196 for-

613 3228 786 3296 mido,
799 3228 904 3299 qui
915 3227 1321 3283 oblectationis
1335 3243 1517 3283 causa
1534 3227 1612 3283 ad
1625 3228 2029 3299 spectaculum
2044 3245 2253 3284 conve-

610 3321 839 3373 nerant.
870 3317 1233 3373 Subvertitur
1257 3316 1706 3372 fundituslocus
1745 3317 1961 3384 omnis,
1993 3324 2170 3387 atque
2192 3317 2253 3371 in

608 3405 973 3478 profundum
1012 3406 1073 3460 in
1105 3406 1492 3476 conspicuum
1527 3405 1814 3460 dehiscit:
1848 3404 2021 3459 simul
2052 3410 2251 3460 autem

609 3494 1047 3551 absorbebatur
1068 3493 1345 3565 populus,
1380 3498 1625 3565 eratque
1654 3494 1715 3548 in
1751 3493 2012 3565 periculo
2050 3493 2253 3549 miser-

608 3583 774 3640 rimae
799 3582 1168 3654 perditionis.

682 3855 798 3909 XII.
831 3856 978 3909 Cum
1029 3853 1207 3923 igitur
1264 3868 1475 3909 omnes
1515 3853 2011 3926 obstupescerent,
2054 3872 2249 3930 neque

609 3941 925 3999 consilium
943 3942 1129 3997 ullum
1146 3942 1283 3997 utile
1295 3941 1634 4013 expedirent
1648 3958 1663 4009 ;
1678 3944 1940 4008 tandem,
1951 3945 2084 4000 licet
2096 3961 2246 4010 sero.

610 4035 985 4101 agnoverunt
1004 4030 1331 4086 vindictam
1344 4046 1407 4086 se
1427 4031 1710 4086 sustinere
1729 4031 2005 4103 supplicii
2025 4037 2084 4089 et
2098 4033 2251 4104 inju-

607 4119 707 4175 rias
739 4118 1007 4191 Philippo
1036 4118 1235 4190 illataa,
1283 4135 1537 4191 eumque
1586 4119 2033 4177 circumstantes
2072 4139 2246 4179 suum

608 4207 994 4280 appellabant
1009 4208 1387 4275 salvatorem,
1408 4214 1587 4281 atque
1611 4209 1907 4280 rogabant
1938 4210 2248 4269 dexteram

609 4295 693 4351 eis
709 4312 879 4352 suam
902 4298 1244 4368 porrigeret,
1266 4314 1461 4371 neque
1479 4298 1808 4371 despiceret
1824 4300 2047 4357 animas
2063 4301 2247 4373 ipsius

608 4384 790 4440 solius
820 4400 1001 4440 causa
1029 4387 1449 4457 periclitantes.
1493 4391 1772 4443 Narratur
1835 4391 2036 4444 autem
2088 4391 2247 4461 quod

609 4486 745 4527 cum
767 4473 849 4527 ita
868 4473 1211 4528 insisterent
1225 4475 1523 4545 precibus,
1545 4474 1849 4546 multaque
1880 4476 2247 4535 miserationi

609 4561 1062 4615 commovendae
1105 4560 1323 4617 idonea
1346 4562 1627 4630 dicerent,
1649 4578 1843 4634 neque
1899 4564 1978 4619 ab
2015 4566 2245 4624 orando

608 4653 932 4715 cessarent,
987 4648 1266 4704 misertus
1334 4665 1538 4706 eorum
1588 4665 1720 4722 quae
1762 4650 1990 4709 ﬁebant
2052 4655 2239 4722 Jesus,

680 4753 761 4827 (7)
790 4755 856 4811 In
886 4754 1125 4827 Menaeis
1149 4754 1364 4811 Graecis
1395 4756 1641 4827 dicitur:
1672 4778 1694 4808 ε
1742 4759 2035 4814 Conversa
2077 4760 2247 4817 Nica-

607 4826 770 4902 noris
791 4826 1156 4902 proconsulis
1178 4842 1345 4893 uxor,
1367 4832 1425 4902 et
1444 4826 1694 4902 Stacbys
1713 4828 1929 4884 domus
1946 4846 1981 4886 a
1996 4847 2243 4902 procon-

610 4895 735 4950 sule
749 4895 809 4950 et
818 4896 1041 4968 populo
1056 4898 1300 4953 incensa
1324 4921 1348 4947 »ι
1360 4901 1441 4953 .In
1456 4899 1593 4954 Aliis
1610 4895 1817 4955 Graecis
1835 4902 1984 4957 MSS.
1999 4895 2212 4959 dicitur
2226 4921 2238 4960 :

680 4968 965 5045 «Stachys
998 4968 1167 5045 valde
1224 4969 1384 5025 dives
1411 4975 1467 5024 et
1532 4970 1693 5025 urbis
1748 4972 2088 5045 primarius,
2144 4975 2242 5045 qui

610 5035 799 5115 fuerat
829 5035 999 5115 annis
1029 5043 1314 5115 @Qcazcus,
1347 5044 1411 5115 et
1428 5057 1464 5097 a
1488 5048 1693 5115 sancto
1726 5035 1992 5115 Philippo
2032 5035 2244 5101 illumi-

611 5112 807 5187 natus.
840 5112 984 5187 »Ai_1
1035 5110 1192 5187 idem
1261 5111 1510 5185 Stachys
1562 5110 1975 5187 factus_fuerit
2037 5123 2245 5187 postea

610 5182 928 5258 episcopus
947 5182 1322 5258 Bizantinus,
1351 5182 1646 5258 utMenaza
1674 5184 1925 5249 addunt,
1946 5182 2245 5245 examina-

609 5247 767 5327 bit‘ur
792 5247 880 5327 ad
896 5250 961 5327 r317
992 5247 1285 5327 Octobris,
1304 5247 1425 5327 quo
1450 5254 1679 5311 colitur.

682 5318 761 5390 (8)
826 5320 1044 5376 Citatus
1105 5318 1343 5383 Nicetes.
1387 5342 1400 5382 :
1472 5346 1503 5381 ‹
1544 5327 1835 5384 Funiculis
1877 5343 1909 5385 θ
1954 5329 2245 5386 calcaneis

2363 3148 2640 3217 εμερίζετο.
2697 3145 2779 3196 Ἐν
2837 3145 2941 3214 ὅσῳ
2998 3140 3055 3195 δὲ
3102 3151 3269 3195 ταῦτα
3316 3142 3612 3217 ἐπράττετο,
3661 3150 3865 3217 γίνεταί
3910 3168 3960 3199 τι

2361 3240 2579 3306 πρᾶγμα
2652 3234 2846 3293 καινὸν,
2900 3236 3091 3284 σείεται
3159 3236 3247 3303 μὲν
3317 3231 3555 3305 ἐξαίφνης
3627 3237 3657 3293 ἡ
3727 3244 3799 3307 ’νῆ
3870 3242 3961 3289 καὶ

2362 3320 2597 3378 ἀσυνήθη
2664 3319 2839 3371 κλόνον
2905 3322 3205 3392 ὑφίσταται,
3266 3321 3418 3393 φόϐος
3472 3320 3531 3375 δε
3584 3330 3698 3386 ταῖς
3753 3324 3958 3378 ἐνείνων

2363 3405 2620 3469 διανοίαις
2666 3408 2965 3479 ἐνέσκηψεν,
2998 3412 3113 3462 ὅσοι
3160 3409 3337 3481 τέρψιν
3387 3409 3655 3464 ἐποιοῦντο
3699 3419 3790 3466 καὶ
3838 3416 3959 3467 θέα-

2360 3517 2477 3570 τρον
2527 3500 2592 3549 τὰ
2657 3499 2907 3571 ὁρώμενα,
2971 3500 3047 3569 (ε)
3103 3495 3440 3571 ὃιαδομείται
3491 3502 3628 3563 ἄπας
3683 3503 3710 3554 ό
3776 3512 3961 3576 χῶρος

2360 3588 2565 3655 ἐκεῖνος,
2623 3592 2712 3639 καὶ
2760 3587 2831 3648 εἰς
2880 3586 3039 3659 βάθος
3096 3593 3279 3660 κατῄει
3345 3587 3661 3661 ἀσυμφανες,
3720 3611 3956 3663 συγκατ-

2359 3683 2551 3730 εσπᾶτο
2603 3673 2661 3729 δι
2709 3685 2779 3747 τῷ
2827 3672 3021 3748 ἐδάφει,
3058 3681 3145 3729 καὶ
3192 3683 3291 3738 πᾶς
3334 3679 3359 3728 ό
3401 3677 3544 3743 λαὸς,
3575 3684 3665 3732 καὶ
3708 3684 3958 3735 οἴκτιστα

2356 3766 2748 3840 παραπολέσθαι
2779 3762 3209 3818 διεκινδύνευσεν.

2428 3855 2524 3910 ΙΒ’.
2573 3857 2879 3927 Ἀμηχανία
2918 3859 3089 3906 τοίνυν
3133 3853 3216 3906 ἐπὶ
3262 3862 3334 3925 τῷ
3378 3863 3519 3925 κακῷ
3570 3858 3767 3919 πάντας
3810 3857 3950 3930 εἶχε,

2355 3948 2445 3996 καὶ
2475 3943 2545 4005 εἰς
2574 3945 2766 4017 ἄπορον
2797 3944 2969 4003 αὐτοῖς
3016 3948 3317 4015 περιίστατο
3359 3949 3425 3997 τα
3451 3943 3781 4018 βουλεύματα
3804 3968 3816 3980 ο
3850 3947 3952 4019 ὀψὲ

2354 4040 2475 4104 γοῦν
2505 4037 2593 4084 καὶ
2637 4036 2728 4083 σὺν
2776 4036 2951 4103 χρόνῳ
2982 4031 3299 4103 αἰσθόμενοι,
3340 4035 3408 4094 ὡς
3452 4040 3540 4093 τῆς
3584 4035 3651 4094 εἰς
3694 4034 3948 4090 Φίλιππον

2355 4125 2608 4192 τιμωρίας
2658 4124 2746 4171 καὶ
2797 4119 2991 4194 ὕϐρεως
3035 4124 3129 4177 τὴν
3174 4116 3328 4179 δίκην
3383 4119 3605 4174 ἐντεῦθεν
3654 4125 3943 4196 ὑπέχουσι,

2356 4212 2684 4283 περιστάντες
2739 4217 2916 4261 τοῦτον
2976 4216 3188 4282 σωτῆρα
3260 4208 3562 4279 ἐπεϐοῶντο,
3620 4219 3708 4265 καὶ
3765 4211 3942 4277 δεξιὰν

2357 4301 2634 4351 ὑποτείνειν
2685 4301 2813 4371 πρὸς
2857 4296 3119 4349 ἀνάσωσιν
3163 4301 3337 4370 ᾔτουν,
3371 4296 3509 4371 μηδὲ
3550 4306 3943 4377 καταπροέσθαι

2354 4387 2557 4459 ψυχὰς,
2590 4386 2673 4439 ἐπὶ
2719 4392 2857 4458 μόνῳ
2912 4385 3226 4446 σαλευούσας
3256 4387 3415 4457 αὐτῷ.
3450 4391 3669 4460 Λέγεται
3716 4388 3775 4443 δὲ
3827 4395 3942 4443 τού-

2353 4496 2452 4529 των
2499 4477 2632 4528 οὗτω
2680 4483 2790 4536 ταῖς
2834 4472 3050 4533 δεήσεσι
3100 4480 3505 4547 προσκειμένων,
3536 4483 3626 4529 καὶ
3664 4478 3827 4531 πολλὰ
3859 4479 3941 4533 ἐπὶ

2352 4565 2469 4638 ἐλέῳ
2509 4565 2771 4637 λεγόντων,
2816 4569 2905 4616 καὶ
2943 4564 3037 4615 οὐκ
3085 4565 3341 4633 ἀνιέντων,
3382 4569 3468 4616 τὸν
3522 4565 3745 4632 Ἰησοῦν,
3806 4571 3936 4621 ἄνω-

2355 4658 2434 4708 θεν
2487 4652 2576 4715 οὖς
2627 4653 2979 4726 φιλάνθρωπον
3028 4653 3369 4706 ὑποκλίναντα
3422 4660 3511 4707 καὶ
3566 4658 3625 4707 τὸ
3673 4662 3938 4729 ⁶γινόμενον

2347 4762 2633 4887 νὶηοᾶιιηῖ,
2661 4760 2720 4814 in
2751 4758 2989 4815 sublimi
3031 4774 3198 4815 verso
3228 4759 3289 4815 in
3330 4764 3544 4817 terram
3585 4763 3780 4834 capite
3811 4780 3940 4821 sus-

2348 4848 2462 4887 nen
2511 4847 2589 4887 un
2622 4870 2635 4883 .
2667 4850 2695 4884 »

2392 4836 2635 4887 endunt.
2667 4850 2695 4884 »

2348 4849 2756 4972 Ρϐὣῗυὲείᾶἔω
2786 4902 2859 4958 de
2888 4905 3093 4957 sancto
3116 4900 3549 4958 Bartholomaao
3572 4903 3748 4960 habet
3775 4905 3937 4962 Nice-

2348 4978 2476 5041 tas;
2509 4978 2565 5029 et
2593 4974 2650 5028 in
2680 4973 2805 5045 Vita
2837 4972 3339 5045 S._7Bartholomaei
3381 4974 3699 5045 Iosephus,
3728 4976 3936 5034 forsan

2350 5043 3244 5125 Hymnogrepbus,‘illustrauda
3268 5044 3345 5099 ad
3364 5048 3440 5125 _2_§
3468 5043 3737 5125 Augusti.

2449 5120 2530 5184 10)
2590 5115 2804 5170 Colitur
2856 5116 2914 5169 S.
2969 5115 3307 5181 Mariamna,
3361 5116 3569 5172 Nicetaa
3618 5118 3817 5184 Maria,
3875 5124 3936 5174 l7

2349 5186 2747 5313 gegruariiﬁd
2768 5201 2945 5256 quem
2960 5186 3118 5241 diem
3139 5186 3269 5257 ejus
3290 5190 3471 5243 Actae
3490 5188 3668 5244 variis
3688 5189 3939 5249 collecta

2394 5273 2423 5313 e
2475 5273 2645 5312 imus.

2394 5273 2645 5313 edimus.

3022 5370 3065 5390 ιο

678 5457 748 5542 (e)
802 5454 1155 5542 Διαδονεῖται,
1186 5462 1427 5542 corrigo
1454 5460 1806 5538 διαδομεῖται,
1840 5469 1908 5523 ut
1958 5465 2005 5521 si
2053 5480 2256 5537 compa

2364 5479 2447 5520 1m
2495 5478 2533 5520 a
2583 5458 2773 5536 δομίω,
2831 5466 2890 5520 et
2935 5462 3307 5522 tantumdem
3351 5464 3547 5524 valeat
3584 5471 3763 5542 atque
3785 5471 3926 5528 sub-

606 5536 768 5583 verto
798 5528 1276 5588 afundamentis.
