4114 6262
176 245 277 299 197

1329 242 1496 298 VITA
1537 242 1597 297 S.
1637 237 1951 296 PHILIPPI
1988 242 2367 301 APOSTOLI.

3428 249 3531 305 198

163 369 558 442 οἰκτηρήσαντα
596 365 907 439 ἐπιφανῆναι
937 365 1121 439 ἁθρόον
1165 367 1361 434 αὐτοῖς,
1406 373 1497 420 καὶ
1535 375 1596 439 τῇ
1655 365 1764 417 ἐπι-

1891 366 2200 438 aenignam
2212 369 2354 441 ipsis
2366 384 2571 427 aurem
2586 372 3001 437 commodarit,
3018 371 3334 444 subitoque
3348 388 3531 444 appa-

165 463 347 531 φανείᾳ
382 457 625 529 λωφῆσαι
668 458 756 526 μεν
803 454 955 516 εύθὺς
985 458 1050 508 τὰ
1097 453 1257 518 δεινὰ,
1312 458 1677 531 στηριχθῆναι,
1709 451 1767 506 δὲ

168 552 227 600 τό
278 550 401 607 τέως
453 545 781 616 κλονούμενον
833 540 1043 615 ἔδαφος,
1098 550 1187 596 καὶ
1243 553 1348 605 τοῖς
1399 544 1622 596 ἐντεῦθεν
1681 545 1771 595 θά-

168 655 318 688 νατον
371 634 592 693 ἐλεεινῶς
638 628 1005 684 κινδυνεύουσι
1063 634 1319 707 θειοτέραν
1376 635 1492 685 τινὰ
1553 632 1770 703 ὀφθῆναι

173 729 269 783 τὴν
320 719 561 793 δύναμιν,
631 720 883 792 κλίμακος
944 721 1046 783 ἕξιν
1118 721 1433 793 ἐπέχουσαν,
1520 728 1608 774 καὶ
1677 726 1770 778 τὴν

178 809 360 865 ἄνοδον
404 807 597 885 ῥᾳδίαν
652 814 1012 884 παρέχουσαν.
1045 818 1207 864 Τοῦτο
1244 815 1465 871 πίστεως
1498 814 1625 884 πρὸς
1672 830 1770 862 σω-

176 906 358 976 τηρίαν
415 896 539 961 ὁδὸς
616 906 725 959 τοῖς
780 897 1028 960 ἀπίστοις
1076 898 1288 970 έγένετο,
1348 904 1437 952 καὶ
1486 904 1621 972 μέγα
1680 902 1768 971 μεν

174 990 285 1062 ἅμα
321 992 407 1041 τὸν
456 988 724 1052 Φίλιππον,
782 988 996 1059 μείζονα
1042 985 1101 1041 δὲ
1146 994 1236 1040 καὶ
1281 990 1334 1041 ὃν
1390 988 1578 1050 ἐκεῖνος
1628 987 1770 1063 ἐπρέ-

178 1078 354 1131 σϐευεν
394 1076 608 1150 ἐκήρυξε
640 1079 847 1149 Κύριον.

250 1166 352 1221 ΙΓ’.
384 1170 454 1218 Τὸ
490 1165 591 1218 ἀπὸ
634 1162 789 1217 τοῦδε
827 1161 914 1217 οὖν
968 1164 1168 1237 ἀφεῖναι
1211 1170 1300 1238 μεν
1353 1168 1401 1219 οἱ
1449 1170 1772 1237 σεσωσμένοι

180 1260 296 1316 τοὺς
347 1256 581 1327 μαθητὰς
633 1262 732 1306 τῶν
782 1250 988 1325 δεσμῶν
1038 1251 1130 1307 διὰ
1185 1252 1420 1316 σπουδῆς
1485 1254 1769 1315 ἐποιοῦντο,

181 1346 411 1397 καθεῖναι
464 1340 521 1395 δὲ
568 1346 783 1404 τούτους
812 1350 904 1394 τοῦ
935 1342 1086 1405 ξύλου
1116 1347 1243 1417 πρὸς
1272 1345 1439 1415 τσὶχος
1477 1344 1771 1413 ἠπείγοντο.

186 1437 285 1485 Καὶ
338 1431 522 1483 λύουσι
579 1434 669 1502 μὶν
718 1434 805 1483 τὸν
861 1431 1270 1504 Βαρθολομαῖον,
1326 1434 1350 1483 ὁ
1407 1432 1656 1493 (barum;
1716 1427 1775 1483 δε

181 1523 398 1581 τούτους
457 1518 649 1591 ἐπέσχε
696 1527 792 1581 τῆς
840 1523 968 1592 πρὸς
1028 1520 1182 1573 αὐτὸν
1231 1520 1602 1592 ἐγχειρήσεως·
1655 1516 1773 1592 ᾔδει

179 1613 280 1682 γὰρ
338 1611 458 1662 ὅσον
528 1611 670 1661 οὔπω
726 1604 1042 1680 έκδημήσων
1107 1612 1237 1680 πρὸς
1288 1613 1373 1660 τὸν
1438 1610 1772 1680 ποθούμενον,

1876 457 2054 512 ruerit
2107 474 2120 513 :
2165 458 2450 531 quodque
2494 461 2863 531 apparitione
2892 461 2990 517 illa
3033 462 3233 517 statim
3286 462 3529 518 cessarit

1876 545 2226 614 periculum,
2258 547 2573 620 solumque
2590 553 2834 605 eatenus
2863 548 3185 605 tremulum
3210 550 3536 606 constiterit

1874 630 2121 701 ﬁrmum,
2140 634 2275 689 etiis
2291 636 2391 706 qui
2413 642 2670 692 mortem
2689 637 3531 709 exspectabantmiserabilem

1878 719 2133 777 divinior
2160 724 2443 794 quaedam
2469 724 2819 797 apparuerit
2848 726 3051 791 virtus,
3081 725 3376 782 scalarum
3404 724 3533 782 vice

1879 810 2156 874 serviens.
2190 811 2491 868 etfacilem
2511 830 2755 869 sursum
2773 814 3047 885 praebens
3072 829 3414 870 ascensum.
3437 814 3535 871 At-

1878 912 1995 968 que
2025 913 2097 954 ea
2125 914 2219 954 res
2249 899 2597 957 inﬁdelibus
2632 900 2790 958 facta
2828 903 2923 958 via
2952 901 3093 957 ﬁdei
3137 902 3215 958 ad
3255 901 3532 968 salutem,

1881 1001 2168 1058 magnum
2195 988 2439 1060 quidem
2476 1005 2607 1045 esse
2637 990 2991 1046 monstravit
3025 990 3381 1063 Philippum,
3405 1006 3536 1048 ma-

1874 1072 2069 1143 jorem
2086 1091 2225 1131 vero
2248 1093 2382 1134 eum
2400 1093 2581 1149 quem
2595 1080 2722 1150 ipse
2737 1078 3168 1150 praedicaverat
3191 1078 3534 1135 Dominum.

1952 1165 2092 1218 Xlll.
2131 1165 2238 1229 Qui
2257 1170 2454 1221 autem
2478 1166 2688 1223 salvati
2716 1171 2885 1223 erant
2899 1166 3259 1223 festinabant
3288 1167 3536 1239 quidem

1883 1249 2211 1322 discipulos
2229 1255 2488 1310 eximere
2512 1271 2543 1310 e
2569 1255 2848 1323 vinculis,
2871 1271 3096 1327 eosque
3121 1271 3153 1311 e
3176 1255 3338 1326 ligno
3349 1271 3537 1328 quan—

1884 1339 2075 1394 tocius
2092 1340 2417 1412 deponere:
2436 1343 2539 1399 sed
2553 1359 2690 1399 cum
2701 1343 3187 1400 Bartholomasum
3201 1343 3534 1408 solvissent,

1884 1428 2189 1498 prohibuit
2228 1431 2529 1505 Philippus
2568 1448 2642 1487 ne
2683 1432 2845 1488 idem
2873 1432 2984 1488 sibi
3010 1432 3288 1498 facerent,
3316 1431 3539 1487 sciebat

1881 1515 2039 1571 enim
2088 1533 2216 1572 sese
2238 1521 2493 1591 jamjam
2524 1520 2953 1589 emigraturum
3010 1521 3089 1577 ad
3137 1520 3304 1576 illum
3355 1535 3538 1591 quem

1884 1608 2266 1665 desiderabat
2322 1625 2336 1664 :
2378 1608 2633 1681 ideoque
2675 1625 2706 1665 e
2744 1610 2905 1681 ligno
2945 1609 3232 1681 pendens,
3270 1609 3366 1664 die
3416 1612 3538 1664 tota

183 1700 293 1750 ὅθεν
323 1703 412 1751 καὶ
449 1705 541 1749 τοῦ
590 1696 741 1760 ξύλου
770 1696 1159 1771 ἀπηωρημένος,
1206 1704 1310 1757 τοῖς
1352 1695 1448 1748 ἀνὰ
1492 1701 1586 1754 τὴν
1630 1695 1774 1748 πόλιν

1891 1696 2242 1769 loquebatur
2281 1714 2419 1754 cum
2442 1698 2675 1754 civibus
2703 1698 2777 1754 de
2804 1698 2991 1755 salute
3012 1699 3299 1771 ipsorum,
3321 1696 3541 1753 conﬁr-

184 1792 302 1860 περὶ
349 1795 446 1839 τῶν
490 1790 861 1839 συνοικούντων
912 1786 1029 1848 ὅλης
1061 1788 1256 1861 ἡμέρας
1286 1785 1464 1857 ὡμίλει
1492 1791 1582 1839 καὶ
1613 1782 1645 1838 δ
1653 1785 1776 1839 ιελέ-

184 1895 321 1947 γετο,
374 1884 436 1948 τῇ
509 1880 639 1949 πρὸς
694 1878 781 1928 τὸν
849 1878 1037 1949 Κύριον
1099 1877 1409 1933 πεποιθήσει
1465 1877 1558 1937 τὰς
1612 1875 1778 1927 αύτῶν

189 1964 440 2038 στηρίξας
487 1964 691 2037 ψυχὰς,
749 1969 838 2017 καὶ
894 1966 1154 2039 ἱκετηρίαν
1198 1965 1323 2037 ὑπὲρ
1371 1967 1564 2017 τούτων
1606 1966 1780 2017 ποιούο

187 2073 356 2126 μενος,
408 2061 511 2115 τοῖς
565 2057 718 2128 ἱεροῖς
753 2056 897 2128 ἱερῶς
945 2053 1239 2112 συναπῆλθε
1266 2054 1473 2125 λογίοις,
1517 2058 1605 2106 καὶ
1650 2056 1779 2127 πρὸς

188 2144 242 2194 ὄν
288 2143 466 2213 ὴγςὶπα
502 2147 837 2215 μετεφοίτησε
894 2145 1101 2216 Κύριον,
1147 2141 1196 2194 ἄν
1255 2148 1399 2216 χειρὶ
1455 2145 1639 2195 τούτου
1685 2147 1779 2201 την

189 2231 375 2284 ἑαυτοῦ
403 2230 589 2302 ψυχὴν
617 2233 986 2303 παραθέμενος.

261 2325 341 2374 ΙΔ.
406 2323 474 2371 Τὸ
531 2316 591 2371 δέ
646 2338 704 2390 γε
753 2324 924 2391 τίμιον
968 2319 1129 2371 αὐτοῦ
1181 2328 1333 2392 σῶμα
1363 2322 1506 2393 παρὰ
1536 2319 1785 2393 Βαρθολο-

191 2414 348 2481 μαίου
396 2414 484 2460 καὶ
528 2410 838 2481 Μαριάμνης
890 2410 1049 2469 ὁσίως
1132 2410 1458 2480 κατενεχθεν,
1538 2408 1783 2483 λαμπρῶς

192 2517 247 2549 τε
297 2506 394 2549 τῶν
447 2497 521 2568 (Γ)
571 2497 653 2549 ἐπὶ
699 2505 833 2569 ταφῇ
905 2501 1276 2568 νενομισμένων
1358 2501 1544 2568 τυχὸν,
1605 2498 1786 2567 ὕμνοις

196 2589 351 2658 ἱεροῖς
378 2592 465 2638 καὶ
493 2593 665 2658 τιμαῖς
695 2585 743 2637 ἐν
774 2586 1014 2657 ἐπισήμῳ
1042 2590 1183 2657 τόπῳ
1208 2587 1463 2643 κατετύθη
1506 2591 1593 2638 καὶ
1644 2587 1781 2658 ἱερῷ,

191 2672 769 2748 τεσσαρεσκαιδεκάτην
846 2675 1058 2745 ἄγοντος
1126 2678 1241 2726 τότε
1310 2682 1399 2726 τοῦ
1470 2673 1779 2747 Νοεμϐρίου.

190 2764 576 2837 Βαρθολομαῖος
624 2761 682 2816 δὲ
734 2765 837 2838 ἄρα
884 2768 975 2815 καὶ
1026 2765 1305 2836 Μαριάμνη
1362 2762 1446 2815 ἐπὶ
1490 2762 1672 2838 βραχύ
1714 2771 1783 2834 τῷ

188 2858 333 2924 τόπῳ
412 2857 828 2926 προσμείναντες,
896 2855 986 2902 καὶ
1038 2858 1110 2919 τῷ
1159 2856 1314 2920 τιμίῳ
1371 2848 1507 2920 τῷδε
1562 2850 1785 2922 λειψάνῳ

186 2945 257 2993 τὰ
313 2950 409 2993 τῶν
462 2941 632 3013 ὕμνων
674 2959 763 2991 και
792 2947 950 3010 τιμῶν
992 2934 1291 3003 ἀποδόντες,
1332 2944 1423 2990 καὶ
1466 2939 1617 2999 αὖθις
1660 2938 1784 3011 λαμ-

187 3034 438 3102 πρότερον
501 3028 826 3101 βεϐαιότερόν
900 3046 955 3079 τε
1020 3030 1141 3088 τούς
1203 3032 1457 3099 παρόντας
1522 3031 1639 3099 περὶ
1694 3030 1787 3083 την

188 3123 372 3171 πίστιν
402 3115 731 3192 ἐδράσαντες,
780 3123 873 3177 τῆς
902 3114 984 3167 ἐπὶ
1025 3117 1089 3167 τὰ
1113 3114 1277 3167 οἰκεῖα
1323 3118 1546 3187 εἴχοντο,
1588 3118 1646 3167 τό
1698 3122 1787 3166 τού

188 3214 429 3281 Χριστοῦ
480 3209 821 3279 κηρύττοντες
880 3203 1209 3275 Εύαγγέλιον.
1278 3209 1395 3255 Ὀτι
1469 3204 1608 3274 αὐτῷ
1665 3207 1788 3276 πρέ-

197 3314 286 3349 πει
337 3302 484 3348 πᾶσα
532 3292 681 3358 δόξα,
724 3298 870 3366 τιμὴ,
901 3298 991 3345 καὶ
1020 3294 1394 3366 προσκύνησις,
1446 3300 1532 3344 νῦν
1562 3298 1650 3345 καὶ
1690 3291 1789 3361 ἀεὶ,

194 3388 286 3436 καὶ
316 3384 385 3446 εἰς
415 3386 534 3445 τοὺς
561 3382 749 3445 αἰῶνας
779 3390 876 3434 τῶν
908 3382 1123 3436 αἰώνων.
1153 3380 1338 3454 Ἀμήν.

1888 1802 2182 1860 mansque
2211 1803 2420 1843 eorum
2450 1786 2687 1844 animos
2715 1786 3083 1843 exhortando
3104 1792 3162 1843 et
3187 1801 3394 1858 preces
3420 1800 3529 1857 pro

1886 1874 1955 1930 iis
1993 1874 2271 1944 fundens,
2305 1881 2506 1933 sancte
2544 1877 2697 1932 inter
2734 1880 2938 1933 sancta
2969 1876 3217 1932 excessit
3249 1874 3487 1947 eloquia
3518 1890 3533 1941 ;

1888 1968 2065 2037 atque
2077 1965 2154 2021 ad
2169 1964 2486 2020 Dominum
2498 1979 2679 2037 quem
2693 1968 2997 2020 amaverat
3011 1962 3258 2030 transiit,
3274 1963 3538 2019 animam

1889 2068 2061 2109 suam
2099 2053 2161 2109 in
2189 2069 2406 2110 manus
2424 2052 2580 2109 illius
2621 2051 3075 2109 commendans.

1964 2320 2095 2375 XIV.
2136 2316 2552 2373 Venerandum
2590 2330 2770 2387 porro
2793 2315 2948 2370 illius
2986 2329 3201 2386 corpus
3235 2329 3273 2370 a
3302 2313 3542 2370 Bartho-

1892 2408 2105 2464 lommo
2126 2412 2181 2463 et
2202 2408 2682 2471 Mariamne,cum
2700 2420 2769 2461 ea
2792 2404 3103 2476 splendide
3116 2403 3536 2476 persolvissent

1890 2513 2024 2569 quas
2053 2497 2252 2552 ﬁeriin
2281 2495 2602 2567 sepulturis
2624 2497 3079 2562 consueverunt,
3094 2492 3435 2564 depositum
3448 2497 3538 2549 est

1891 2601 2028 2641 cum
2053 2585 2298 2656 hymnis
2330 2591 2506 2657 atque
2537 2582 2844 2655 obsequiis
2874 2582 3057 2638 sacris
3086 2582 3149 2637 in
3174 2582 3305 2638 loco
3331 2586 3536 2639 sancto

1891 2691 1960 2732 ac
1989 2674 2238 2737 decenti,
2271 2673 2506 2728 decima
2524 2676 2739 2744 quarta
2761 2672 2857 2727 die
2889 2670 3257 2727 Novembris.
3289 2671 3533 2727 Bartho—

1890 2764 2141 2821 lomaaus
2171 2768 2372 2820 autem
2402 2767 2460 2818 et
2489 2762 2827 2827 Mai-iamne,
2860 2760 3097 2816 modico
3125 2759 3350 2816 ibidem
3380 2775 3539 2816 com-

1893 2854 2106 2908 morati
2130 2858 2414 2923 tempore,
2445 2866 2582 2906 cum
2602 2849 2815 2905 iterum
2831 2848 3174 2905 venerando
3203 2848 3287 2903 illi
3305 2847 3539 2919 corpori

1892 2942 2259 3014 hymnorum
2290 2945 2466 3012 atque
2522 2938 2940 3009 exsequiarum
2978 2938 3141 3007 justa
3170 2935 3541 3008 splendidius

1826 3017 1867 3072 C
1898 3028 2343 3100 persolvissent,
2372 3032 2428 3083 et
2448 3032 2766 3098 praesentes
2794 3026 3055 3098 amplius
3087 3024 3543 3081 conﬁrmassent

1896 3118 1959 3173 in
1980 3116 2117 3181 ﬁde,
2146 3116 2222 3170 ad
2238 3116 2479 3187 propria
2502 3115 2714 3170 reversi
2739 3119 2895 3180 sunt.
2920 3113 3301 3186 praedicando
3323 3112 3545 3184 ubique

1901 3204 2289 3275 Evangelium
2348 3202 2552 3258 Christi
2607 3219 2619 3257 :
2669 3204 2813 3274 quia
2862 3204 2973 3275 ipsi
3018 3203 3297 3259 convenit
3348 3200 3545 3255 omnis

1903 3292 2108 3364 gloria,
2134 3292 2325 3347 honor
2348 3296 2403 3346 et
2420 3290 2706 3355 adoratio,
2730 3306 2891 3345 nunc
2907 3295 2963 3346 et
2983 3305 3218 3361 semper
3237 3289 3298 3344 in
3327 3286 3547 3344 saacula

1902 3380 2279 3438 saeculorum.
2318 3379 2529 3435 Amen.

274 3671 347 3742 (Γ)
393 3673 476 3744 Ita
529 3673 781 3743 corrigo,
837 3685 945 3740 pro
992 3668 1258 3741 ἔπιφανῆε
1305 3684 1483 3744 nam,
1521 3667 1604 3722 ἐπὶ
1659 3678 1778 3744 ταφῇ

1891 3668 2204 3741 legendum
2257 3666 2471 3725 suadet
2522 3681 2757 3732 sensus,
2788 3671 2845 3724 et
2893 3667 2974 3723 ita
3032 3666 3268 3724 videtur
3317 3663 3381 3722 in
3432 3658 3549 3715 MS-

197 3739 420 3799 Veneto
450 3739 747 3801 invenisse
774 3739 1063 3815 interpres
1088 3739 1212 3813 quo
1253 3756 1397 3797 usus
1428 3739 1814 3813 Lipomanus.
