4114 6262
649 224 748 280 199
2061 219 2320 277 MENSIS
2350 219 2593 275 MAIUS.
3916 227 4015 280 200

1954 469 2637 557 ΥΠΟΜΝΗΜΑ

1340 655 1587 769 ΕΙΣ
1654 650 1968 768 ΤΟΝ
2033 648 2499 765 ΑΓΙΟΝ
2565 647 3279 768 ΙΑΚΩΒΟΝ

1793 854 2203 902 ΔΠΟΣΤΟΛΟΝ
2244 852 2356 901 ΚΑΙ
2397 851 2844 902 ΔΔΕΛΦΟΘΕΟΝ

1805 1211 2827 1306 COMMENTARIUS

1014 1435 1916 1559 lN'SANCTUM
2005 1432 2663 1556 JACOBUM
2760 1434 3613 1560 APOSTOLUM

1946 1665 2028 1719 ET
2065 1664 2389 1720 FRATREM
2431 1665 2675 1721 DOMlNl

1377 1818 1529 1879 (Acta
1556 1815 1865 1867 Sanctorum
1901 1811 2138 1865 Bolland.
2179 1812 2248 1862 ad
2280 1812 2422 1862 diem
2458 1813 2480 1861 1
2547 1814 2683 1872 Maii,
2721 1815 2896 1866 Graece
2932 1820 2985 1867 et
3012 1817 3236 1880 Latine.)

2111 2070 2498 2128 PROLOGUS.

709 2225 749 2278 Ι.
793 2220 939 2277 Nihil
968 2223 1055 2275 est
1085 2219 1209 2274 viro
1255 2216 1409 2273 bono
1448 2220 1503 2271 et
1555 2215 1781 2270 virtutis
1810 2214 2062 2270 amatori
2109 2228 2279 2285 aeque

2460 2214 2534 2267 A'.
2592 2217 2712 2289 Οὐχ
2745 2218 2905 2281 οὕτως
2936 2215 3041 2277 ἡδύ
3091 2238 3140 2271 τι
3189 2226 3262 2289 τῷ
3294 2218 3545 2292 φιλαρέτῳ
3575 2224 3664 2271 καὶ
3704 2224 3853 2293 κόρῳ
3898 2240 3996 2291 με·

630 2309 986 2381 jucundum,
1007 2312 1061 2363 et
1074 2306 1238 2380 quod
1257 2305 1418 2361 nulla
1432 2305 1629 2360 minus
1641 2304 1903 2360 satietate
1919 2302 2274 2368 offendatur,

2388 2301 2496 2358 δενὶ
2528 2304 2894 2377 λυμαινόμενον
2944 2310 3007 2367 ὡς
3036 2312 3213 2380 μνήμη
3266 2304 3497 2361 δικαίου’
3555 2313 3643 2360 καὶ
3699 2308 3904 2379 μᾶλλον
3958 2309 3995 2361 εἰ

634 2404 812 2472 atque
862 2398 1005 2469 justi
1043 2396 1352 2458 memoria,
1393 2399 1448 2450 et
1500 2394 1779 2457 maxime,
1836 2393 1883 2447 si
1936 2408 2151 2464 passus
2206 2390 2278 2446 sit

2388 2390 2479 2445 διὰ
2534 2400 2763 2467 Χριστὸν
2830 2399 3084 2458 παθόντος
3157 2402 3461 2456 κατέστηκε.
3526 2404 3625 2451 Καὶ
3681 2401 3785 2472 γὰρ
3860 2398 3990 2455 αὕτη

635 2493 875 2559 propter
898 2485 1215 2555 Christum:
1251 2482 1330 2539 Ea
1354 2482 1511 2537 enim
1538 2481 1703 2537 illum
1734 2481 1923 2549 magis
1960 2480 2173 2535 excitat
2198 2478 2275 2533 ad

2385 2483 2564 2535 πλείων
2618 2484 2789 2557 ἐκείνῳ
2848 2490 2878 2544 ἤ
2948 2490 3153 2561 χρυσὸς
3229 2495 3339 2549 τοῖς
3393 2487 3834 2562 φιλοχρημάτοις,
3902 2493 3989 2539 καὶ

632 2575 913 2641 laetitiam,
933 2590 1117 2646 quam
1143 2588 1357 2628 aurum
1374 2571 1641 2643 pecunia:
1675 2575 1997 2632 amatores,
2026 2573 2083 2623 et
2115 2583 2278 2638 quae-

2386 2574 2485 2624 ὃσα
2530 2578 2622 2630 τὴν
2666 2576 2801 2648 ὤραν
2853 2573 2986 2633 ἡδέα
3031 2580 3152 2638 τοὺς
3195 2576 3276 2647 (α)
3322 2575 3645 2648 φιλοκαίνους
3685 2577 3761 2637 εἰς
3804 2577 3988 2649 clype-

634 2679 871 2736 cunque
901 2668 1039 2717 sunt
1065 2662 1195 2716 visu
1234 2658 1602 2714 delectabilia
1628 2672 1922 2712 novarum
1954 2671 2151 2710 rerum
2178 2671 2276 2709 cu-

2388 2663 2545 2718 σύνην
2590 2663 2890 2734 παρακαλεῖ.
2954 2666 3091 2718 Ἐπεὶ
3135 2662 3221 2717 οὖν
3251 2666 3356 2737 οὐχ
3400 2661 3554 2717 ἡδεῖα
3595 2670 3751 2737 μόνον
3804 2669 3836 2723 ἡ
3892 2674 3981 2719 τοῦ

634 2752 825 2823 pidos.
851 2750 1014 2807 Adde
1030 2749 1194 2822 quod
1214 2749 1347 2819 ipsa
1363 2747 1505 2818 justi
1532 2745 1821 2802 memoria
1841 2760 1961 2799 non
1982 2742 2177 2799 solum
2190 2746 2277 2798 est

2385 2746 2594 2802 δικαίου
2638 2757 2838 2824 μνήμη,
2899 2753 3025 2805 ἀλλὰ
3070 2760 3157 2806 καὶ
3212 2754 3325 2806 λίαν
3378 2753 3648 2826 ὠφέλιμος,
3702 2754 3868 2814 ζήλου
3933 2775 3981 2806 τι

627 2841 918 2912 jucunda,
942 2838 1046 2894 sed
1075 2839 1251 2894 etiam
1277 2836 1449 2893 valde
1482 2834 1636 2890 utilis
1669 2851 1683 2901 ;
1717 2850 1853 2889 cum
1884 2832 2143 2905 aliquem
2170 2828 2275 2887 zeli

2382 2843 2585 2912 κέντρον
2624 2848 2738 2903 ταῖς
2782 2841 2989 2913 ψυχαῖς
3035 2842 3243 2908 ὸιείσα,
3285 2848 3373 2895 καὶ
3412 2851 3512 2895 τῶν
3552 2846 3677 2895 ἰσων
3719 2844 3971 2896 ἅπτεσθαι

632 2935 688 2985 et
717 2928 1107 2984 aemulationis
1136 2924 1443 2982 stimulum
1491 2923 1769 2979 immittat
1810 2921 2047 2991 animis,
2097 2926 2152 2976 et
2196 2920 2274 2977 ad

2386 2927 2736 3005 διεγείρουσαο
2791 2936 2905 3004 φέρε
2950 2929 3016 2991 δὴ
3084 2938 3171 2984 καὶ
3237 2934 3381 3004 ἡμεῖς
3438 2936 3522 2984 τὸν
3579 2937 3744 3003 μέγαν
3804 2941 3967 2984 τοῦτον

2384 3020 2626 3073 Ἰάκωϐον
2695 3021 2762 3083 εἰς
2816 3026 2972 3093 μέσον
3028 3024 3313 3094 προθέντες,
3371 3024 3455 3073 τὸν
3510 3020 3714 3082 ἀληθῶς
3772 3018 3974 3074 δίκαιον

2384 3115 2503 3162 ὄντα
2550 3131 2601 3164 τε
2648 3116 2738 3163 καὶ
2791 3110 3183 3182 ὀνομαζόμενον·
3227 3112 3277 3170 ὃς
3313 3115 3403 3162 καὶ
3439 3114 3497 3162 τὸ
3540 3106 3767 3182 ἀδελφός
3804 3112 3977 3163 καλεί-

2385 3202 2507 3251 σθαι
2564 3208 2798 3273 Χριστοῦ
2840 3196 3179 3272 διαφερόντως
3228 3199 3568 3264 πεπλούτηκα,
3624 3204 3808 3258 κοινήν
3857 3201 3977 3272 ὠφέ-

2378 3287 2515 3340 λειαν
2587 3291 2652 3339 τὰ
2716 3288 2905 3340 ἐκείνου
2950 3295 3038 3340 καὶ
3095 3285 3288 3345 ἡδονὴν
3338 3289 3697 3359 ποιησώμεθα.
3761 3288 3978 3351 Πολλοῖς

2376 3380 2464 3448 μὲν
2507 3380 2605 3452 ’γὰρ
2655 3383 2742 3429 καὶ
2786 3378 2957 3440 ἄλλοις
3008 3377 3202 3450 ὑπῆρξε
3245 3387 3343 3429 τῶν
3391 3382 3510 3451 περὶ
3559 3382 3651 3435 τὴν
3691 3376 3976 3436 ἕκκλησια-

630 3019 846 3074 similia
874 3016 1278 3088 aggredienda
1299 3015 1525 3070 excitet.
1538 3012 1805 3085 Agedum
1832 3026 1971 3081 ergo
1988 3026 2098 3066 nos
2128 3025 2275 3081 quo-

628 3123 745 3180 que
768 3121 1057 3176 magnum
1077 3104 1366 3161 Iacobum
1386 3103 1445 3158 in
1471 3102 1733 3158 medium
1767 3100 2124 3156 adducentes
2145 3098 2273 3171 (qui

625 3211 762 3251 vere
804 3201 891 3251 est
917 3196 1119 3250 Justus
1173 3198 1227 3249 et
1256 3192 1616 3259 nominatur,
1650 3196 1705 3245 et
1738 3195 1803 3245 ut
1840 3189 2045 3245 Christi
2092 3188 2268 3243 frater

614 3290 924 3341 vocaretur
942 3284 1155 3339 eximie
1175 3280 1581 3351 estassecuus)
1600 3293 1983 3335 communem
2000 3294 2071 3331 ex
2087 3276 2267 3331 rebus

614 3372 771 3429 illius
825 3373 1130 3428 utilitatem
1188 3370 1500 3441 capiamus
1548 3372 1604 3423 et
1659 3366 2049 3436 voluptatem.
2118 3366 2264 3418 Nam

610 3462 746 3518 licet
767 3462 939 3517 multi
965 3461 1085 3529 alii,
1114 3460 1216 3532 qui
1242 3458 1304 3513 in
1323 3456 1721 3513 ecclesiastica
1748 3452 2065 3508 scribenda
2082 3452 2261 3506 histo-
2296 3521 2301 3541 Ὗ

2375 3472 2556 3525 στικὴν
2617 3468 2850 3541 ἱστορίαν
2901 3463 3301 3519 ἐσπουδακότων
3384 3471 3501 3539 περὶ
3590 3474 3681 3518 τοῦ
3753 3464 3973 3520 δικαίου

610 3550 699 3605 ria
729 3550 990 3605 studium
1012 3521 1356 3620 posuerunt.
1387 3546 1461 3601 de
1478 3544 1591 3599 hoc
1607 3545 1771 3615 justo
1794 3540 2179 3605 narraverint,
2205 3546 2260 3596 et
2294 3521 2301 3575 Ῑ

2513 3521 2522 3525 ν
2734 3523 2742 3541 ⁸
3448 3521 3456 3539 Ι

2371 3558 2550 3608 τούτου
2606 3552 2895 3620 διεξελθεῖν,
2964 3560 3051 3606 καὶ
3114 3561 3214 3629 πρό
3275 3574 3334 3626 γε
3396 3557 3599 3607 πάντων
3645 3554 3970 3627 Ἠγησίππῳ

611 3642 747 3693 ante
777 3652 986 3692 omnes
1013 3614 1390 3705 -Hegesippus
1420 3639 1476 3688 et
1516 3614 1785 3690 Clemens
1819 3650 1831 3689 :
1867 3645 2123 3703 quorum
2163 3629 2257 3685 ille

2367 3650 2455 3697 καὶ
2506 3645 2777 3717 Κλήμεντι,
2832 3645 2897 3695 ὧν
2955 3646 2979 3695 ό
3038 3648 3126 3716 μέν
3183 3646 3230 3695 ἓν
3281 3663 3338 3715 γε
3392 3652 3463 3715 τῷ
3520 3648 3736 3716 πέμπτῳ
3797 3645 3966 3698 αὐτοῦ

608 3724 853 3797 quidem
878 3725 936 3779 in
966 3724 1175 3795 quinto
1198 3738 1308 3776 suo
1332 3722 1501 3783 libro,
1534 3722 1629 3775 hic
1658 3726 1855 3775 autem
1884 3718 1943 3772 in
1976 3724 2141 3774 sexta
2162 3734 2256 3774 ea-

607 3828 765 3879 rum,
794 3828 930 3885 qua:
968 3816 1256 3866 vocantur
1287 3812 1721 3881 Hypotyposes,
1752 3806 2039 3861 nonnulla
2073 3820 2145 3860 ex
2184 3807 2254 3861 iis

608 3918 744 3975 quas
762 3902 839 3957 ab
860 3901 989 3971 ipso
1011 3905 1176 3972 gesta
1197 3903 1353 3963 sunt,
1381 3901 1768 3962 assumentes,
1796 3895 2047 3966 posteris
2069 3895 2253 3949 tradi-

608 3990 802 4047 derint
833 4009 845 4046 :
874 4005 1051 4046 nemo
1082 3994 1281 4045 tamen
1314 4003 1373 4042 se
1404 3985 1663 4041 extendit
1686 3985 1760 4040 ad
1793 3983 2020 4049 omnia,
2060 3998 2253 4055 neque

606 4081 911 4138 contendit
932 4081 1006 4136 de
1021 4096 1092 4135 eo
1107 4079 1301 4134 dicere
1328 4075 1689 4147 singulatim.
1723 4075 1913 4130 Causa
1937 4077 2134 4128 autem
2165 4077 2252 4129 est

606 4171 769 4243 quod
795 4186 916 4225 non
935 4169 1044 4225 fuit
1071 4183 1281 4224 eorum
1309 4166 1641 4222 institutum
1670 4163 1743 4219 de
1780 4163 1912 4234 ipso
1943 4162 2200 4218 scribere
2228 4178 2242 4227 ;

606 4258 713 4315 sed
740 4263 866 4315 erat
901 4258 1143 4332 quidem
1176 4256 1260 4312 eis
1308 4254 1466 4311 aliud
1500 4253 1875 4327 propositum
1930 4266 2248 4321 argumen'

500 4332 501 4335 η
604 4352 730 4403 tum
763 4364 777 4402 :
806 4347 867 4403 in
923 4352 1088 4419 parte
1137 4350 1353 4411 autem,
1404 4360 1543 4399 cum
1590 4342 1671 4398 ita
1722 4340 2054 4402 accidisset,
2088 4339 2246 4395 illius

606 4435 1028 4491 meminerunt.

2365 3736 2717 3807 ὑπομνήματι,
2768 3735 2793 3785 ό
2849 3730 2906 3785 δὲ
2950 3731 2997 3783 ἐν
3042 3740 3101 3804 τῇ
3161 3733 3283 3805 ἕκτη
3332 3740 3430 3785 τῶν
3462 3732 3785 3805 καλόυμένων
3834 3735 3967 3785 ὐπο-

2364 3830 2659 3886 τυπὼσεων,
2720 3826 2826 3874 ἔνια
2882 3830 2980 3873 τῶν
3047 3821 3186 3891 αὐτῷ
3241 3826 3607 3895 πεπραγμένων
3669 3821 3963 3875 ἀπολαϐόν-

2363 3931 2441 3972 τες
2509 3910 2807 3985 παρέδοσαν
2870 3918 2977 3970 τοῐς
3042 3910 3108 3970 εἰς
3163 3910 3396 3983 ὕστερον·
3462 3908 3569 3961 ἀλλ’
3634 3907 3811 3972 οὐδεὶς
3897 3912 3966 3973 εἰς

2362 4000 2564 4052 ἅπαντα
2601 4003 2821 4059 καθῆκεν
2876 4000 3077 4064 ἑαυτὸν,
3137 3996 3259 4051 οὐδὲ
3314 4002 3380 4051 τὰ
3435 4001 3569 4051 κατὰ
3603 4004 3756 4072 μέρος
3796 4000 3962 4053 εἰπεῖν

2362 4088 2779 4162 ἐφιλοτιμήσατο.
2827 4092 2896 4141 Τὸ
2947 4085 3005 4140 δὲ
3053 4090 3237 4153 αἴτιον,
3288 4090 3367 4140 ὃτι
3405 4092 3476 4159 μὴ
3534 4084 3593 4141 δε
3651 4092 3737 4140 τὸν
3785 4086 3964 4161 ἄνδρα

2364 4182 2553 4230 σκοπὸν
2584 4181 2769 4230 ἔθεντο·
2825 4176 2930 4228 ἀλλ’
2962 4176 3107 4248 ἑτέρα
3153 4180 3241 4249 μεν
3274 4186 3344 4246 τῷ
3390 4177 3525 4247 λόγῳ
3573 4178 3821 4241 ὑπόθεσις
3872 4174 3959 4246 ἦν,

2360 4270 2408 4319 οἱ
2438 4264 2495 4320 δὲ
2526 4266 2571 4319 ἐν
2602 4276 2672 4337 τῷ
2703 4271 2842 4340 μέρει
2871 4272 2960 4317 τοῦ
2993 4262 3180 4337 ἀνδρὸς
3215 4263 3511 4338 ἐμέμνηντο,
3553 4270 3643 4318 καὶ
3676 4275 3842 4319 ταῦτα
3888 4264 3959 4325 δή

2364 4357 2465 4410 ἀπὸ
2496 4364 2586 4409 τοῦ
2617 4362 2959 4432 παρήκοντος.

2154 4568 2394 4625 CAPUT.

1454 4718 1689 4784 Patria,
1708 4717 1953 4787 epistola
1976 4716 2194 4789 scripta
2214 4725 2267 4775 et
2296 4717 2612 4776 elucidata.
2646 4716 2801 4772 Atiae
2828 4714 3092 4772 virtutes.

673 4875 741 4927 Il.
781 4868 1005 4924 Jacobo
1054 4880 1195 4935 ergo
1223 4861 1426 4917 divino
1455 4861 1646 4933 patria
1684 4861 1791 4916 fuit
1819 4859 2049 4923 Judaea,
2074 4864 2244 4932 pater
2278 4865 2301 4921 ί

2422 4860 2499 4915 Β’.
2551 4858 2778 4931 Ἰακώϐῳ
2829 4863 2996 4911 τοίνυν
3048 4866 3121 4929 τῷ
3158 4860 3297 4929 θείῳ,
3338 4864 3527 4931 πατρὶς
3558 4856 3816 4929 Ἰουδαία,
3850 4883 3958 4917 πα-

598 4960 815 5032 Joseph
847 4958 944 5030 (t),
987 4955 1087 5027 qui
1116 4956 1355 5026 propter
1384 4950 1680 5019 insignem
1718 4949 1995 5005 virtutem
2034 4954 2089 5005 et
2119 4965 2243 5006 mo-

596 5062 731 5103 rum
743 5041 1203 5109 bonitatem,fuit
1220 5054 1479 5112 sponsus
1497 5038 1767 5107 Virginis,
1784 5054 1919 5109 quas
1938 5037 2238 5094 Dominum

662 5222 765 5304 g1).
782 5224 943 5278 Hanc
962 5222 1304 5304 aliquorum
1333 5219 1669 5304 Graecorum
1701 5215 2051 5304 sententiam
2070 5228 2253 5304 supra

592 5285 929 5363 rejecimus,
975 5285 1474 5361 osfendimusque
1503 5287 1686 5363 fuisse
1702 5285 1912 5363 _ﬁli_um
1955 5285 2248 5363 Cleophis,

592 5355 693 5433 qui
730 5355 1062 5418 secundum
1100 5363 1333 5435 aliquos
1372 5355 1498 5416 erat
1526 5358 1665 5415 dicti
1696 5358 1752 5413 S.
1784 5355 2021 5429 Josephi
2051 5355 2248 5426 frater,

2350 4954 2445 5023 τὴρ
2480 4953 2692 5020 Ἰωσὴφ,
2746 4949 2797 5009 ὃς
2844 4944 2936 4999 διά
2968 4966 3020 4999 τε
3050 4950 3107 4998 τὸ
3146 4955 3243 5009 τῆς
3283 4945 3464 5021 ἀρετῆς
3503 4954 3699 5022 περιόν,
3731 4957 3823 5005 καὶ
3858 4949 3959 5007 διὰ

2350 5042 2441 5095 τὴν
2474 5046 2570 5089 τῶν
2626 5042 2825 5105 τρόπων
2874 5041 3234 5108 χρηστότητα,
3292 5043 3353 5099 τῇ
3404 5041 3490 5089 τόν
3532 5044 3763 5112 Χριστὸν
3804 5043 3963 5116 ἡμῶν

2365 5211 2451 5267 vel
2494 5210 2699 5267 saltem
2755 5211 3003 5268 maritus
3037 5212 3250 5278 Marias,
3305 5219 3462 5270 natae
3519 5231 3593 5273 ex
3642 5222 3830 5278 amita
3870 5225 3972 5283 vel

2362 5286 2677 5339 matertera
2702 5284 2987 5355 Deiparas,
3021 5284 3273 5357 ideoque
3312 5284 3485 5343 dictas
3516 5288 3698 5347 Soror
3725 5292 3968 5354 Maria.

669 5486 752 5559 (a)
786 5484 1091 5545 Φιλοκάλους
1123 5486 1351 5541 videtur
1373 5485 1584 5555 legisse
1605 5484 1891 5556 interpres
1910 5498 2031 5556 quo
2073 5482 2435 5554 Lipomanus
2460 5493 2605 5535 usus
2633 5478 2694 5535 in
2722 5494 2838 5534 ms.
2868 5478 3109 5536 Veneto.
