4114 6262
217 265 326 342 201

1296 267 1459 338 Vm
1499 283 1559 338 s.
1598 277 1841 341 JACOBI
1881 284 2193 345 FRATRIS
2233 287 2510 347 DOMINI.

3466 295 3584 378 202.

217 412 580 484 γεννησαμένη
632 411 868 484 παρθένῳ
920 409 991 472 εἰς
1043 407 1577 482 μνηστῆραέτέλευε.
1630 411 1810 483 Πρᾶξις

1930 416 2201 468 nostrum
2224 415 2254 469 J
2258 429 2426 471 esum
2441 417 2732 474 Christum
2752 417 3004 490 peperit.
3032 419 3210 475 Erant
3225 422 3427 476 autem
3443 421 3573 492 ejus

215 508 288 572 τῇ
350 499 528 558 κλήσει
579 498 962 572 συμϐαίνουσα.
1021 497 1227 550 Ὠϐλίαν
1275 499 1375 570 γὰρ
1449 497 1602 549 αὐτόν
1642 498 1822 558 κεκλῆ-

223 591 356 640 σθαί
408 607 582 661 φασιν,
616 589 737 663 ὅπερ
789 584 857 646 δὴ
908 591 998 639 καὶ
1042 583 1233 644 δηλοῦν
1271 589 1358 636 τόν
1391 582 1598 638 δίκαιον
1646 585 1822 658 βούλε-

222 696 316 730 ται
363 695 375 708 ’
427 677 686 748 ὀφθαλμός
739 677 853 728 λίαν
894 674 1118 749 βλέπων,
1170 680 1258 726 καὶ
1310 673 1477 736 ἐλέους
1529 679 1686 736 ὅντως
1731 683 1822 727 τοῦ

226 770 372 841 παρὰ
419 773 551 818 Θεοῦ
586 765 730 828 ἄξιος
773 784 785 797 ·
835 764 963 823 ἀκοὴ
1009 765 1214 838 ῥήμασι
1271 764 1424 824 θείοις
1473 767 1530 814 τὸ
1577 766 1822 838 παράπαν

229 854 541 927 ἀνεῳγμένη,
598 859 769 926 στόμα
811 856 876 916 ὥς
925 873 976 906 τι
1023 852 1322 926 ἐντρόφημα
1362 849 1454 904 διὰ
1482 856 1669 913 παντὸς
1699 855 1821 924 ἔχον

225 947 316 995 τόν
381 948 554 1016 νόμον,
622 947 743 1016 χεὶρ
806 945 937 1017 πρὸς
1000 945 1057 994 τό
1127 941 1345 994 εὐποιείν
1395 939 1472 994 ἀεὶ
1523 946 1816 1014 κινουμένη,

225 1037 434 1105 γαστὴρ
493 1036 621 1106 πρός
673 1034 767 1093 τὰς
815 1031 997 1091 εαυτῆς
1045 1031 1208 1104 ὁρμὰς
1257 1030 1385 1092 ὅλως
1427 1035 1817 1104 κατηργημένη.

223 1120 514 1194 Ἐμψύχων
558 1125 647 1194 μὲν
694 1124 794 1197 γὰρ
843 1125 932 1173 καὶ
963 1123 1100 1172 οἶνον
1153 1127 1372 1172 τοσοῦτο
1431 1121 1552 1193 παρ’
1583 1120 1694 1172 ὅλον
1733 1123 1819 1172 τὸν

230 1209 348 1282 βίον
379 1209 660 1282 ἀπέσχετο,
691 1213 761 1270 ὡς
805 1208 947 1282 ὕδωρ
988 1213 1078 1282 μέν
1108 1209 1355 1280 ἡγεῖσθαι
1380 1213 1534 1260 ποτὸν
1575 1205 1817 1274 ἣδιστον,

226 1304 421 1373 τροφὴν
453 1296 513 1353 δὲ
557 1301 729 1374 ἄρτον,
767 1303 854 1352 καὶ
902 1305 1010 1360 τοῖς
1053 1306 1153 1350 τῶν
1200 1296 1441 1369 δακρύων
1493 1302 1718 1367 σταγόσι
1762 1300 1819 1348 τό

222 1392 407 1462 μέτρον
460 1387 793 1461 ὑπερϐάλλειν
838 1395 932 1449 τῆς
979 1392 1180 1447 πόσεως
1228 1387 1379 1439 ἱσασι
1426 1388 1491 1438 τὰ
1534 1385 1818 1442 κατεσκλη-

219 1483 348 1530 κότα
375 1483 572 1548 γόνατα
613 1485 704 1528 τοῦ
746 1475 979 1538 δικαίου,
1020 1482 1109 1528 καὶ
1161 1477 1192 1533 ἡ
1239 1478 1436 1535 τούτοις
1485 1476 1588 1526 οἷον
1644 1475 1821 1526 ἐναπο-

220 1569 454 1620 θανοῡσα
485 1563 620 1639 δορὰ
661 1571 752 1618 καὶ
781 1573 876 1625 τῆς
922 1564 1111 1636 ψυχῆς
1159 1573 1480 1638 παρεστῶσα
1519 1567 1576 1614 τό
1621 1565 1815 1636 πρόθυ-

220 1675 314 1728 μον
359 1673 371 1684 '
421 1655 579 1728 ῥάκος
639 1654 778 1725 αὐτῷ
832 1654 973 1726 φίλον
1025 1652 1241 1724 ἔνδυμα,
1290 1656 1379 1704 καὶ
1425 1647 1616 1704 σινδὼν
1663 1653 1819 1708 ἡνίκα

226 1753 326 1796 τῶν
387 1747 531 1819 ἱερων
583 1741 860 1796 ἐπιϐαίνειν
913 1741 1080 1815 ἔμελλε

227 1823 286 1886 οὗ
335 1830 639 1908 διεκρίνετο,
686 1831 813 1884 ἀλλὰ
861 1836 951 1884 καὶ
1002 1830 1094 1893 νὺξ
1147 1829 1345 1905 ἐνεργὸς
1415 1828 1462 1881 ἐν
1533 1836 1644 1890 τοῖς
1725 1835 1815 1880 τοῦ

227 1925 388 1995 φωτὸς
435 1925 624 1996 ἔργοις,
665 1926 754 1973 καὶ
801 1921 970 1994 ἡμέρα
1004 1925 1095 1978 τὴν
1141 1922 1435 1990 νυκτερινὴν
1475 1920 1710 1990 ἡσυχίαν
1747 1925 1816 1969 τῶ

227 2011 481 2085 ἀταράχῳ
510 2019 600 2071 τῆς
632 2011 771 2070 ζωῆς
797 2011 1092 2082 ὑπεκρίνετο
1133 2023 1146 2035 ⁸
1194 2010 1426 2068 ποθεινός
1457 2014 1560 2067 τοῖς
1589 2007 1811 2077 οἰκείοις,

226 2107 336 2162 τοῖς
364 2099 644 2173 ἀλλοτρίοις
676 2095 965 2170 αἰδέσιμος,
1009 2106 1082 2168 τῷ
1129 2100 1226 2171 γὰρ
1267 2096 1514 2168 φιλοτίμῳ
1566 2105 1658 2157 τῆς
1701 2095 1816 2168 ἀρε-

222 2196 320 2249 τῆς
355 2196 572 2240 τοσοῦτο
603 2192 673 2258 μὴ
709 2190 788 2239 ὅτι
839 2187 1020 2258 φίλοις,
1069 2185 1197 2238 ἀλλὰ
1242 2191 1329 2238 καὶ
1386 2193 1490 2245 τοῖς
1537 2193 1627 2245 τῆς
1675 2185 1816 2238 εὗσε-

221 2276 364 2336 ϐείας
395 2275 651 2347 ἀμυήτοις
678 2277 702 2326 6
736 2273 864 2348 ἀνὴρ
907 2274 1195 2346 ἐτετίμητο,
1225 2278 1288 2335 ὡς
1318 2274 1470 2336 ἐνίοις
1517 2273 1683 2326 αὐτῶν
1727 2279 1815 2326 καὶ

215 2369 274 2417 τό
310 2368 492 2417 τούτου
527 2363 838 2437 συγγράψαι
881 2366 1189 2436 μαρτύριον,
1241 2367 1330 2414 καὶ
1361 2367 1433 2434 μὴ
1476 2367 1627 2434 μόνον
1661 2358 1816 2423 δίκας

216 2453 418 2507 ἐκτίσαι
474 2456 630 2526 φάναι
673 2457 790 2513 τοὺς
837 2451 1104 2513 ἀνελόντας
1144 2455 1230 2503 τὸν
1281 2455 1507 2518 Δίκαιον,
1560 2450 1684 2502 ἀλλὰ
1728 2456 1814 2504 καὶ

214 2543 374 2614 πο).λῇ
405 2547 498 2601 τὴν
523 2542 668 2594 πόλιν
693 2541 1013 2615 χρήσασθαι
1040 2545 1301 2613 συμφορᾷ,
1325 2540 1444 2590 καθ’
1475 2540 1537 2598 ἦν
1567 2543 1624 2591 τό
1647 2542 1813 2611 μύσος

215 2634 373 2686 ἐκεῖνο
407 2631 721 2704 συμϐέϐηκε,
754 2637 1007 2705 μαρτυρεῖ
1037 2638 1108 2700 τῷ
1137 2628 1272 2700 λόγῳ
1303 2629 1555 2688 Ἰώσηπος
1580 2631 1627 2680 ἔν
1653 2647 1712 2698 γε
1741 2638 1812 2699 τῷ

213 2719 433 2790 εἰκοστῷ
463 2728 558 2781 τῆς
595 2718 1005 2795 Ἀρχαιολογίας
1051 2721 1425 2791 συγγράμματι
1455 2720 1521 2771 τὰ
1548 2719 1684 2770 κατὰ
1725 2721 1810 2770 τὸν

211 2805 383 2882 ἄνδρα
416 2805 639 2871 διεξιών.

294 2985 362 3039 Γ’.
399 2989 500 3037 Καὶ
534 2990 685 3036 τοῦτο
717 2986 805 3056 μὲν
832 2979 899 3041 δὴ
930 2989 1177 3034 τοσοῦτον
1212 2997 1224 3010 ·
1255 2982 1393 3042 ὅπως
1426 2977 1484 3033 δὲ
1522 2986 1612 3033 καὶ
1652 2982 1814 3034 τοῖλλα

1930 502 2194 558 actiones
2240 505 2468 560 nomini
2521 508 2982 564 convenientes:
3013 507 3177 563 aiunt
3217 508 3376 564 enim
3433 526 3573 566 eum

1929 588 2112 645 fuisse
2141 598 2420 648 vocatum
2441 594 2671 650 Obliam
2699 596 2775 667 (2)
2798 595 2963 668 quod
2985 595 3225 667 quidem
3253 597 3376 652 vult
3397 597 3570 669 signi-

1930 677 2374 751 ﬁcarejustum.
2401 683 2617 739 Oculus
2633 685 2760 754 ejus
2791 684 2937 739 lenis
2968 689 3024 740 et
3052 684 3342 756 placidus,
3367 691 3423 742 et
3447 702 3575 742 vere

1930 764 2148 837 dignus
2179 769 2281 840 qui
2323 777 2784 843 consequeretur
2826 789 2860 828 a
2895 775 3010 827 Deo
3055 773 3522 828 misericordiam
3557 791 3572 843 ;

1930 869 2104 910 aures
2133 856 2350 912 divinis
2383 859 2574 914 verbis
2612 859 2859 915 omnino
2889 865 3104 931 aperta;
3138 874 3150 907 :
3191 876 3278 925 os,
3321 861 3380 918 in
3405 861 3571 932 quo,

1931 947 2220 1014 tanquam
2251 944 2465 1018 aliquae
2487 947 2730 1013 deliciae,
2750 947 2843 1003 lex
2859 954 3310 1020 eratperpetuo:
3334 964 3570 1014 manus,

1927 1046 2059 1102 quae
2085 1048 2320 1105 semper
2339 1035 2736 1092 movebantur
2755 1035 2834 1091 ad
2849 1035 3346 1092 benefaciendum
3381 1053 3394 1093 :
3435 1053 3575 1093 ven-

1929 1124 2032 1186 ter,
2065 1122 2312 1178 omnino
2365 1123 2484 1178 suis
2530 1124 2840 1180 resistebat
2888 1124 3350 1196 appetitionibus
3385 1143 3397 1181 :
3431 1142 3573 1182 nam

1929 1209 2005 1264 ab
2022 1210 2300 1266 animatis
2327 1216 2382 1266 et
2407 1211 2542 1267 vino
2575 1217 2694 1268 tota
2724 1214 2843 1268 vita
2868 1228 3056 1284 usque
3095 1213 3242 1268 adeo
3269 1213 3571 1281 abstinuit,

1929 1302 1993 1352 ut
2031 1313 2253 1368 aquam
2292 1298 2533 1369 quidem
2572 1301 2935 1356 existimaret
2973 1305 3182 1371 potum
3213 1302 3570 1367 suavissum,

1927 1385 2444 1458 quemadmodum
2461 1392 2516 1442 et
2533 1387 2882 1443 alimentum
2903 1403 3143 1458 panem,
3170 1387 3573 1460 lacrymarum

1928 1478 2124 1543 guttas
2163 1475 2535 1531 abundanter
2571 1475 2827 1531 miscens
2865 1493 3004 1531 cum
3053 1478 3310 1548 potione.
3352 1481 3574 1534 Norunt

1925 1562 2226 1618 obdurata
2251 1564 2397 1633 justi
2435 1569 2723 1633 genua,et
2754 1580 2958 1620 eorum
2975 1565 3131 1620 velut
3147 1558 3418 1621 emortua
3433 1581 3571 1622 caro

1925 1651 2110 1706 animi
2133 1653 2680 1723 promptitudinem.
2702 1654 2936 1709 Pannus
2954 1654 3139 1709 eratei
3156 1651 3574 1723 gratumindu-

1125 1759 1137 1772 '
1180 1741 1271 1804 νὺξ
1316 1741 1456 1811 αὐτῷ
1508 1745 1598 1792 καὶ
1650 1741 1810 1813 ἡμέρα

1927 1744 2262 1808 mentum,et
2274 1740 2768 1814 sindon,quando
2781 1746 2902 1798 erat
2915 1741 2988 1799 ad
3003 1758 3172 1798 sacra
3193 1757 3570 1798 ascensurus.

1925 1831 2076 1884 Inter
2099 1834 2336 1885 noctem
2367 1829 2602 1886 etdiem
2652 1829 2882 1886 nullum
2933 1836 3056 1887 erat
3108 1830 3161 1886 ei
3213 1831 3567 1886 discrimen:

1927 1917 2034 1972 sed
2060 1922 2241 1973 noctu
2269 1933 2505 1989 quoque
2535 1918 2682 1973 lucis
2721 1919 3036 1974 exercebat
3073 1933 3258 1990 opera
3291 1935 3305 1985 ;
3337 1928 3394 1975 et
3421 1919 3567 1989 dies,

1927 2007 2057 2061 vitae
2076 2006 2493 2078 tranquillitate
2507 2006 2884 2062 etturbarutn
2899 2006 3572 2070 vacuitate,imitabatur

1922 2094 2100 2167 plane
2131 2096 2313 2150 noctis
2335 2094 2650 2152 silentium.
2694 2095 2826 2151 Suis
2857 2101 2980 2152 erat
3003 2095 3330 2166 jucundus,
3363 2096 3570 2152 alienis

1920 2185 2335 2240 venerandus:
2371 2187 2597 2240 tantam
2640 2183 2801 2240 enim
2847 2185 3088 2240 laudem
3139 2185 3384 2250 virtutis,
3447 2202 3570 2242 non

1923 2273 2116 2328 solum
2148 2273 2311 2344 apud
2369 2273 2617 2339 amicos,
2645 2275 2749 2329 sed
2800 2275 2978 2330 etiam
3031 2274 3192 2345 apud
3224 2274 3459 2345 pietatis
3493 2276 3569 2347 (3)

1925 2361 2133 2430 ignaro
2182 2361 2288 2417 fuit
2327 2361 2592 2424 affectus,
2625 2368 2688 2418 ut
2738 2361 3010 2417 nonnulli
3061 2379 3300 2434 quoque
3365 2379 3568 2419 eorum

1924 2450 2052 2520 ejus
2073 2450 2532 2522 conscripserint
2551 2451 2926 2522 martyrium,
2950 2454 3007 2505 et
3023 2446 3293 2516 dixerint,
3322 2465 3444 2507 non
3467 2467 3570 2507 eos

1925 2537 2122 2592 solum
2147 2537 2326 2592 fuisse
2349 2554 2580 2609 poenas,
2599 2538 2701 2609 qui
2721 2538 2952 2593 Justum
2970 2538 3396 2594 interemerunt
3424 2555 3436 2604 ;
3461 2537 3567 2594 sed

1922 2626 2218 2682 civitatem
2243 2643 2485 2698 quoque
2512 2643 2797 2698 magnam
2818 2626 3112 2698 accepisse
3143 2626 3564 2694 calamitatem,

1921 2715 1980 2771 in
2007 2731 2130 2787 qua
2159 2715 2594 2771 exsecrandum
2610 2714 2757 2770 illud
2779 2714 3287 2784 contigitfacinus.
3313 2715 3378 2770 Ei
3411 2713 3568 2787 quod

1920 2804 2076 2873 dico,
2106 2803 2217 2859 fert
2237 2803 2642 2860 testimonium
2665 2803 2980 2876 Josephus,
3015 2803 3075 2858 in
3101 2802 3386 2860 vicesimo
3413 2803 3566 2860 libro

1919 2892 2350 2962 Antiquitatum
2379 2892 2440 2947 id
2471 2891 2750 2946 referens.

1993 2980 2088 3033 ΙΙΙ.
2149 2980 2464 3045 Quomodo
2522 2984 2722 3035 autem
2767 2984 2827 3037 et
2863 2978 2996 3045 alia,
3047 2997 3178 3051 quae
3209 2979 3288 3036 ad
3333 2980 3565 3050 justum

222 3081 317 3127 τοῦ
351 3070 561 3126 δικαίου
611 3069 704 3124 διὰ
757 3075 961 3144 μνήμης
999 3075 1105 3130 τοῖς
1149 3069 1434 3144 φιλαρέτοις
1490 3070 1610 3140 ὑμῖν
1654 3089 1810 3128 ποιη-

1924 3067 2232 3140 pertinent,
2257 3069 2427 3124 vobis
2456 3067 2681 3123 virtutis
2729 3068 3066 3124 amantibus
3119 3083 3228 3139 pro
3282 3068 3566 3138 dignitate

217 3163 417 3234 σόμεθα
466 3177 480 3227 ;
529 3157 687 3234 Ἀρτι
726 3163 815 3230 μὲν
856 3160 881 3211 ό
929 3161 1118 3230 Κύριος
1167 3159 1287 3228 ὑμῖν
1331 3165 1421 3210 τοῦ
1469 3158 1605 3210 κατὰ
1644 3160 1815 3232 σάρκα

210 3255 552 3307 κεκοινώνηκε
615 3251 932 3319 μυστηρίου,
992 3251 1078 3298 καὶ
1133 3247 1158 3297 6
1211 3250 1374 3317 μέγας
1431 3245 1576 3306 οὗτος
1635 3247 1809 3298 Ἰάκω·

208 3337 293 3400 ϐος
317 3336 401 3390 ἰπὶ
455 3345 554 3389 τῶν
598 3335 786 3388 οἰάκων
837 3344 932 3398 τῆς
982 3343 1081 3386 τῶν
1105 3332 1472 3406 Ἱεροσολύμων
1503 3333 1810 3394 Ἐκκλησίας

208 3427 482 3487 καθέζεται
528 3443 540 3454 ·
577 3422 674 3477 δύο
719 3421 958 3477 δεόντων
999 3431 1098 3474 τῶν
1139 3421 1373 3493 ἀγόντων
1425 3423 1693 3497 ἄνθρωπον
1741 3422 1808 3482 είς

207 3515 486 3579 τελείωσιν,
551 3517 767 3586 θεωρίας
845 3517 979 3585 φημὶ
1062 3516 1153 3563 καὶ
1215 3511 1468 3584 πράξεως,
1527 3510 1579 3573 ἐξ
1639 3510 1705 3561 ὧν
1754 3513 1807 3562 αί

212 3603 390 3678 ἀρεταὶ
440 3606 497 3656 τό
545 3604 736 3678 κράτος
793 3601 1082 3673 εἰλήφασιν,
1143 3601 1438 3662 ἐξεταστέον
1488 3598 1536 3651 ἐν
1586 3599 1806 3672 ἑκατέρῳ

207 3697 299 3747 τοὺ
334 3689 521 3766 ἀνδρὸς
565 3695 622 3743 τὸ
677 3687 972 3762 εὐδόκιμον.
1014 3688 1148 3741 Ἀλλ’
1189 3687 1391 3758 ἐπείπερ
1443 3684 1538 3740 διὰ
1597 3690 1806 3762 θεωρίας

210 3781 442 3856 μάλιστα
483 3783 608 3853 πρὸς
662 3783 789 3832 Θεὸν
820 3781 848 3837 ἡ
897 3776 1173 3843 ἀνάϐασις,
1223 3785 1426 3852 πρῶτον
1466 3780 1523 3829 τὸ
1558 3778 1802 3852 θεωρητι-

211 3875 301 3924 κόν
341 3869 531 3922 ἐκείνου
575 3868 692 3920 καθ’
723 3870 843 3920 ὅσον
874 3869 979 3920 οἷον
1009 3886 1063 3919 τε
1091 3863 1448 3938 διεξέλθωμεν,
1482 3863 1593 3918 εἶτα
1621 3871 1707 3918 καὶ
1748 3869 1804 3918 τό

213 3961 499 4035 πρακτικόν
522 3957 587 4018 εἰς
631 3953 851 4029 δύναμιν
896 3955 1211 4028 ἐξετάσωμεν
1243 3971 1256 3984 ⁸
1289 3962 1487 4029 χρῆναι
1515 3956 1612 4029 γὰρ
1660 3961 1806 4027 οἶμαι

214 4052 302 4102 τόν
332 4047 666 4100 ἑπισκοπικόν
726 4044 985 4118 ὀφθαλμόν
1040 4051 1112 4114 τῷ
1164 4045 1461 4117 θεωρητικῷ
1496 4043 1806 4115 εὐμνύεσθαι

213 4141 344 4212 πρός
374 4145 472 4189 τῶν
503 4135 687 4204 ἄλλων,
720 4134 763 4186 εἰ
793 4137 958 4186 καὶτὸ
989 4136 1274 4206 πρακτικὸν
1297 4131 1534 4184 ἐπίϐασιν
1565 4128 1694 4184 εἶναι
1714 4140 1804 4184 τοῦ

215 4229 529 4300 θεωρητικοῦ
550 4242 676 4284 τινες
701 4223 1065 4294 ὑπειλήφασιν.
1100 4222 1352 4274 Ἐνταῦθα
1373 4225 1541 4272 τοίνυν
1566 4217 1806 4272 δεδόσθω

210 4318 348 4368 κατὰ
376 4318 722 4386 συγχώρησιν
747 4315 803 4363 τὸ
834 4312 1146 4376 θεωρητικόν
1165 4310 1409 4376 ἡγεῖσθαι
1437 4317 1530 4369 τῆς
1552 4307 1803 4380 πράξεως,

213 4403 418 4478 ἕπείπερ
449 4410 521 4473 τῷ
551 4408 822 4475 πρακτικῷ
843 4408 932 4452 τοῦ
965 4396 1176 4451 δικαίου
1202 4402 1461 4454 συνῆπται
1481 4400 1570 4448 καὶ
1596 4399 1652 4448 τό
1677 4415 1807 4470 μαρ-

211 4495 306 4566 τύρ
316 4511 388 4544 ιον
399 4531 412 4544 .

283 4579 355 4633 Δ’.
390 4578 533 4629 Ἀλλ’
590 4579 702 4629 ἔστι
751 4579 1078 4632 κατανοῆσαι
1131 4579 1330 4646 τρανῶς
1372 4569 1648 4623 ἐπίσκοπον
1686 4583 1803 4624 ποι-

215 4673 464 4741 μαίνοντα
512 4665 619 4736 μετ’
675 4663 973 4735 ἐπιστήμης
1009 4665 1068 4714 τό
1100 4666 1358 4733 ποίμνιον,
1389 4663 1476 4712 τόν
1530 4666 1592 4732 τῇ
1642 4664 1804 4714 καθο-

212 4756 329 4828 λικῇ
365 4762 455 4806 τοῦ
485 4750 672 4826 ἀνδρός
702 4749 980 4822 Ἐπιστολῇ
1037 4748 1440 4821 ἐντυγχάνοντα.
1475 4753 1576 4801 Καὶ
1605 4754 1804 4822 πρῶτόν

212 4863 272 4917 γε
315 4846 372 4896 τὸ
414 4843 464 4895 ἐν
509 4850 569 4915 τῇ
613 4840 869 4914 ἐπιγραφῇ
920 4837 1074 4891 καλὸν
1113 4842 1184 4910 μὴ
1231 4842 1516 4911 παροπτέον
1551 4855 1562 4866 ·
1616 4835 1803 4896 δηλοῡ-

289 5019 366 5091 (2)
401 5019 626 5076 Obliam
654 5017 833 5072 etiam
852 5015 1061 5091 legitur
1091 5013 1253 5086 apud
1284 5013 1623 5091 Eusebium,
1646 5013 1804 5069 unde

213 5084 314 5147 hic
336 5084 504 5146 locus
538 5084 1300 5159 acceptus,et'exhoc_apud
1325 5084 1596 5159 Rufinum
1627 5091 1805 5159 atque

214 5155 836 5242 Nicephorumzverum
861 5158 1014 5242 male
1030 5159 1124 5242 hic
1144 5155 1385 5242 poni-tur
1408 5155 1803 5242 leius,q_u'asi

213 5227 505 5303 signiﬁcet
532 5233 924 5303 Justuyn.cum
942 5227 1223 5303 Eusebius
1255 5230 1335 5281 sic
1348 5227 1802 5282 habeate‘mlszro

212 5299 418 5366 Δίκαιος
476 5308 566 5355 καὶ
619 5300 829 5360 Ὠϐλίας
867 5301 892 5351 6
941 5301 1080 5351 ἐστιν
1130 5299 1387 5356 ἑλληνιστὶ
1435 5303 1658 5370 περιοχὴ
1713 5308 1803 5351 τοῦ

209 5375 334 5428 λαοῦ
365 5380 454 5427 καὶ
479 5371 993 5436 δικαιοσύνηΩυοιί
1026 5371 1410 5424 commodum
1434 5385 1672 5424 sensum
1705 5370 1803 5424 11a-

209 5447 472 5517 bet;cum
489 5461 694 5517 revera
717 5441 968 5513 Ophlias,
981 5441 1485 5517 juxtallenricum
1504 5439 1800 5517 Vale_si_u_m

215 5511 498 5574 Hebraice
517 5516 746 5571 dicatur
757 5511 874 5571 ara:
885 5511 1392 5582 populi.Nicolaus
1405 5514 1604 5582 tamen
1624 5511 1800 5582 Felie-

213 5605 310 5648 rus
330 5589 499 5647 lib.’1u
515 5585 830 5648 Hiscellan.
847 5581 1085 5642 sacrum
1099 5582 1302 5642 mallet
1317 5581 1403 5639 sic
1418 5581 1555 5655 legi,
1573 5581 1801 5638 ἕκαλιῖτο

608 5690 849 5750 ΡΑτιειοι.
890 5687 989 5746 Ca.
1028 5687 1196 5749 CXV.

1922 3156 2363 3212 recensebimus
2377 3156 2404 3210 ‘I
2416 3158 2743 3228 Postquam
2760 3157 3038 3213 Dominus
3050 3172 3284 3212 carnem
3305 3162 3565 3212 nostram

1921 3261 2224 3302 assumere
2249 3244 2530 3314 dignatus
2548 3243 2676 3310 fuit,
2705 3260 2962 3314 magnus
2989 3246 3082 3300 hic
3101 3245 3357 3301 Jacobus
3383 3242 3567 3300 tenuit

1919 3335 2153 3391 clavum
2188 3332 2456 3388 Ecclesiae
2489 3332 3036 3404 Hierosolymitanae
3061 3334 3154 3404 (4).
3189 3332 3335 3387 Cum
3365 3339 3565 3389 autem

1917 3422 2040 3478 duo
2071 3423 2205 3486 sint,
2234 3437 2368 3493 quae
2407 3420 2714 3476 hominem
2753 3421 2980 3475 ducunt
3011 3420 3087 3476 ad
3118 3420 3560 3492 perfectionem,

1916 3511 2358 3583 contemplatio,
2379 3510 2649 3582 inquam,
2669 3509 2911 3572 etactio,
2937 3525 3008 3564 ex
3029 3509 3250 3580 quibus
3273 3509 3393 3564 vim
3416 3507 3565 3564 acci-

1917 3601 2081 3671 piunt
2109 3600 2350 3654 virtutes
2377 3614 2391 3664 ;
2420 3597 2885 3653 examinandum
2911 3602 3020 3660 est,
3048 3613 3232 3668 quam
3288 3595 3384 3651 hic
3413 3600 3566 3652 esset

1915 3689 1975 3744 in
2029 3693 2278 3758 utroque
2327 3686 2591 3742 eximius.
2638 3685 2752 3740 Sed
2798 3685 3082 3756 quoniam
3139 3684 3402 3740 maxime
3458 3701 3565 3757 per

1916 3775 2476 3847 contemplationem
2529 3772 2605 3828 ad
2648 3774 2830 3828 Deum
2881 3778 2972 3829 est
3021 3789 3327 3837 ascensus,
3358 3773 3564 3845 quoad

1915 3867 2042 3937 ejus
2070 3864 2196 3919 fieri
2228 3867 2439 3936 potest,
2471 3863 2637 3934 prius
2663 3877 2974 3917 narremus
3002 3861 3076 3916 de
3102 3861 3258 3918 illius
3298 3866 3563 3917 contem-

1915 3953 2192 4027 platione,
2225 3952 2439 4008 deinde
2469 3951 2649 4007 etiam
2680 3950 2807 4021 ejus
2837 3951 3133 4007 actionem
3160 3949 3562 4020 ponderemus

1914 4059 2022 4114 pro
2051 4040 2293 4098 viribus.
2324 4039 2606 4094 Existimo
2636 4038 2796 4093 enim
2827 4042 3096 4108 oportere
3129 4038 3394 4109 episcopi
3426 4054 3562 4093 ocu-

1914 4130 2037 4185 lum
2078 4135 2212 4186 ante
2251 4129 2366 4183 alia
2403 4126 2684 4182 delectari
2720 4126 2779 4180 vi
2817 4124 3286 4196 contemplandi,
3327 4126 3561 4182 etiamsi

1914 4218 2208 4273 actionem
2234 4214 2475 4285 quidam
2507 4217 2790 4284 putarunt
2819 4228 2950 4267 esse
2979 4228 3293 4268 ascensum
3327 4212 3400 4267 ad
3422 4229 3562 4269 con-

1916 4303 2384 4375 templationem.
2399 4300 2769 4356 Concedatur
2780 4316 2942 4371 ergo,
2957 4300 3116 4371 quod
3133 4301 3559 4371 contemplatio

1915 4391 2212 4465 praecedat
2250 4388 2568 4453 actionem,
2609 4387 3104 4460 quandoquidem
3148 4389 3291 4459 justi
3344 4389 3563 4445 actioni

1914 4481 2304 4552 conjunctum
2334 4483 2421 4534 est
2445 4478 2623 4532 etiam
2655 4475 3028 4548 martyrium.

1987 4571 2077 4626 1V.
2097 4567 2407 4635 Quomodo
2426 4567 2737 4639 episcopus
2759 4580 2997 4635 gregem
3022 4581 3160 4620 cum
3183 4564 3428 4621 scientia
3454 4581 3565 4638 pa-

1913 4676 2068 4716 scere
2125 4657 2355 4722 debeat,
2410 4656 2459 4711 is
2523 4659 2719 4726 aperte
2787 4659 2980 4724 potest
3038 4653 3379 4723 intelligere,
3458 4655 3563 4724 qui

1914 4748 2276 4807 Catholicam
2293 4747 2341 4817 ej
2353 4762 2420 4800 us
2436 4742 2924 4814 legitEpistolam.
2947 4745 3009 4796 Et
3025 4742 3288 4813 primum
3317 4742 3561 4812 quidem

1913 4840 1994 4908 id,
2017 4837 2178 4911 quod
2233 4840 2321 4892 est
2365 4835 2426 4890 in
2488 4831 2870 4904 inscriptione
2931 4830 3256 4900 egregium,
3299 4845 3420 4884 non
3477 4836 3563 4886 est

1913 5007 2115 5066 Σαδδὶκ
2168 5015 2256 5062 καὶ
2303 5007 2460 5079 Ὠἁμ,
2513 5008 2539 5058 ὅ
2586 5005 2735 5079 ἐστιν.
2788 5002 3012 5079 δίκαιος.
3045 5009 3134 5056 καὶ
3187 5009 3412 5079 περιοχὴ
3467 5013 3560 5079 τοῦ

1912 5084 2036 5138 λαοῦ
2067 5101 2078 5138 :
2104 5076 2525 5137 nominabatur
2557 5077 2775 5134 Saddic
2815 5081 2871 5132 et
2902 5077 3117 5132 Osliam
3151 5076 3316 5147 quoa
3356 5082 3441 5131 est
3465 5076 3560 5146 ju-

1914 5163 2037 5212 stus
2064 5161 2118 5208 et
2155 5152 2406 5208 munitio
2447 5149 2672 5274 populi.
2752 5217 2764 5228 .
2830 5216 2840 5228 .
3367 5217 3377 5228 .

1984 5226 2060 5274 (3t
2089 5225 2330 5274 Jndmos
2361 5223 2438 5274 sci
2471 5223 2596 5274 icet.
2639 5219 3104 5274 Christianorum
3135 5222 3377 5274 mvsteri

1984 5226 2060 5298 (3)
2089 5225 2330 5280 Judaaos
2361 5219 2596 5284 scilicet,
2639 5219 3104 5274 Christianorum
3135 5219 3559 5289 mysteriorum

1912 5303 2305 5440 “gingiuam
2320 5361 2676 5440 ad_verbum
2703 5377 2715 5415 :
2739 5379 2767 5412 (ι
2789 5363 2983 5440 Nuper
3000 5359 3244 5440 quidem
3274 5361 3562 5417 Dominus

1911 5431 2199 5511 particeps
2212 5435 2382 5511 nobis
2396 5434 2584 5511 factus
2597 5438 2682 5511 e_s_t
2697 5431 3530 5511 mysterisecundumcarnein
3543 5471 3557 5496 ,

1910 5501 1966 5567 ct
1979 5501 2233 5582 magnus
2245 5506 2376 5564 hicJ
2387 5501 2896 5582 acobusEcclesiae
2908 5501 3458 5582 Hierosolymita‘nae
3478 5507 3562 5556 te-

1909 5573 2234 5640 netclavum
2250 5596 2264 5648 ;
2280 5601 2310 5630 »
2325 5594 2450 5651 quae
2466 5575 2628 5634 malui
2641 5574 2865 5634 clariori
2877 5575 3224 5648 paraphrasi
3237 5573 3559 5647 explicare.

3241 5677 3276 5746 7
