  <div class='ocr_page' id='page_1' title='image "/cluster/home/n/w/nwhite01/storage/ocr_20150623/115/mdp.39015028574336/109.png"; bbox 0 0 4114 6262; ppageno 0'>
   <div class='ocr_carea' id='block_1_1' title="bbox 519 307 628 365">
    <p class='ocr_par' dir='ltr' id='par_1_1' title="bbox 519 307 628 365">
     <span class='ocr_line' id='line_1_1' title="bbox 519 307 628 365; baseline 0 0"><span class='ocrx_word' id='word_1_1' title='bbox 519 307 628 365; x_wconf 87' lang='lat'>203</span> 
     </span>
    </p>
   </div>
   <div class='ocr_carea' id='block_1_2' title="bbox 1926 284 2477 353">
    <p class='ocr_par' dir='ltr' id='par_1_2' title="bbox 1926 284 2477 353">
     <span class='ocr_line' id='line_1_2' title="bbox 1926 284 2477 353; baseline -0.011 1"><span class='ocrx_word' id='word_1_2' title='bbox 1926 288 2189 353; x_wconf 87' lang='lat' dir='ltr'>MENSIS</span> <span class='ocrx_word' id='word_1_3' title='bbox 2230 284 2477 350; x_wconf 87' lang='lat' dir='ltr'>MAlUS.</span> 
     </span>
    </p>
   </div>
   <div class='ocr_carea' id='block_1_3' title="bbox 3789 283 3913 342">
    <p class='ocr_par' dir='ltr' id='par_1_3' title="bbox 3789 283 3913 342">
     <span class='ocr_line' id='line_1_3' title="bbox 3789 283 3913 342; baseline 0 0"><span class='ocrx_word' id='word_1_4' title='bbox 3789 283 3913 342; x_wconf 70' lang='grc'>204</span> 
     </span>
    </p>
   </div>
   <div class='ocr_carea' id='block_1_4' title="bbox 519 411 2178 507">
    <p class='ocr_par' dir='ltr' id='par_1_4' title="bbox 519 423 2169 507">
     <span class='ocr_line' id='line_1_4' title="bbox 519 423 2169 507; baseline -0.008 -18"><span class='ocrx_word' id='word_1_5' title='bbox 519 429 1094 507; x_wconf 67' lang='lat' dir='ltr'>praetermittendum</span> <span class='ocrx_word' id='word_1_6' title='bbox 1124 428 1429 500; x_wconf 85' lang='lat' dir='ltr'>;protinus</span> <span class='ocrx_word' id='word_1_7' title='bbox 1460 442 1642 492; x_wconf 78' lang='lat' dir='ltr'>enim,</span> <span class='ocrx_word' id='word_1_8' title='bbox 1675 428 1751 490; x_wconf 90' lang='lat' dir='ltr'>et,</span> <span class='ocrx_word' id='word_1_9' title='bbox 1780 427 1844 478; x_wconf 90' lang='lat' dir='ltr'>ut</span> <span class='ocrx_word' id='word_1_10' title='bbox 1868 423 2098 485; x_wconf 88' lang='lat' dir='ltr'>dicitur,</span> <span class='ocrx_word' id='word_1_11' title='bbox 2133 437 2169 475; x_wconf 91' lang='lat' dir='ltr'>a</span> 
     </span>
    </p>
   </div>
   <div class='ocr_carea' id='block_1_5' title="bbox 2293 411 3909 507">
    <p class='ocr_par' dir='ltr' id='par_1_5' title="bbox 2293 411 3909 492">
     <span class='ocr_line' id='line_1_5' title="bbox 2293 411 3909 492; baseline -0.005 -22"><span class='ocrx_word' id='word_1_12' title='bbox 2293 439 2357 470; x_wconf 68' lang='grc' dir='ltr'>παι</span> <span class='ocrx_word' id='word_1_13' title='bbox 2388 420 2488 492; x_wconf 80' lang='grc' dir='ltr'><em>γὰρ</em></span> <span class='ocrx_word' id='word_1_14' title='bbox 2544 417 2691 477; x_wconf 69' lang='grc' dir='ltr'><em>εὐθὺς</em></span> <span class='ocrx_word' id='word_1_15' title='bbox 2743 414 2843 467; x_wconf 85' lang='grc' dir='ltr'><em>ἀπὸ</em></span> <span class='ocrx_word' id='word_1_16' title='bbox 2896 418 3147 488; x_wconf 81' lang='grc' dir='ltr'><em>γραμμῆς</em></span> <span class='ocrx_word' id='word_1_17' title='bbox 3190 418 3281 463; x_wconf 81' lang='grc' dir='ltr'>τοῦ</span> <span class='ocrx_word' id='word_1_18' title='bbox 3333 411 3485 483; x_wconf 88' lang='grc' dir='ltr'><em>ἀγίου</em></span> <span class='ocrx_word' id='word_1_19' title='bbox 3532 414 3591 464; x_wconf 84' lang='grc' dir='ltr'>τό</span> <span class='ocrx_word' id='word_1_20' title='bbox 3624 416 3847 485; x_wconf 83' lang='grc' dir='ltr'><em>μέτριον</em></span> <span class='ocrx_word' id='word_1_21' title='bbox 3893 451 3909 463; x_wconf 93' lang='grc'><strong>.</strong></span> 
     </span>
    </p>
   </div>
   <div class='ocr_carea' id='block_1_6' title="bbox 522 512 2169 589">
    <p class='ocr_par' dir='ltr' id='par_1_6' title="bbox 522 512 2169 589">
     <span class='ocr_line' id='line_1_6' title="bbox 522 512 2169 589; baseline -0.009 -12"><span class='ocrx_word' id='word_1_22' title='bbox 522 520 879 589; x_wconf 84' lang='lat' dir='ltr'>carceribus,</span> <span class='ocrx_word' id='word_1_23' title='bbox 910 516 1277 586; x_wconf 88' lang='lat' dir='ltr'>signiﬁcatur</span> <span class='ocrx_word' id='word_1_24' title='bbox 1304 516 1488 571; x_wconf 87' lang='lat' dir='ltr'>sancti</span> <span class='ocrx_word' id='word_1_25' title='bbox 1512 513 1822 569; x_wconf 76' lang='lat' dir='ltr'>modestia.</span> <span class='ocrx_word' id='word_1_26' title='bbox 1852 512 1944 565; x_wconf 91' lang='lat' dir='ltr'>Sic</span> <span class='ocrx_word' id='word_1_27' title='bbox 1970 515 2169 565; x_wconf 86' lang='lat' dir='ltr'>autem</span> 
     </span>
    </p>
   </div>
   <div class='ocr_carea' id='block_1_7' title="bbox 522 596 2169 666">
    <p class='ocr_par' dir='ltr' id='par_1_7' title="bbox 522 596 2169 666">
     <span class='ocr_line' id='line_1_7' title="bbox 522 596 2169 666; baseline -0.01 0"><span class='ocrx_word' id='word_1_28' title='bbox 522 610 704 666; x_wconf 84' lang='lat' dir='ltr'>habet</span> <span class='ocrx_word' id='word_1_29' title='bbox 735 609 753 644; x_wconf 82' lang='grc'>¹</span> <span class='ocrx_word' id='word_1_30' title='bbox 787 626 801 660; x_wconf 89' lang='lat'><strong>:</strong></span> <span class='ocrx_word' id='word_1_31' title='bbox 858 626 886 658; x_wconf 89' lang='lat'>«</span> <span class='ocrx_word' id='word_1_32' title='bbox 924 605 1176 661; x_wconf 87' lang='lat' dir='ltr'>Jacobus</span> <span class='ocrx_word' id='word_1_33' title='bbox 1245 605 1345 660; x_wconf 86' lang='lat' dir='ltr'>Dei</span> <span class='ocrx_word' id='word_1_34' title='bbox 1404 609 1459 659; x_wconf 90' lang='lat' dir='ltr'>et</span> <span class='ocrx_word' id='word_1_35' title='bbox 1491 601 1727 659; x_wconf 88' lang='lat' dir='ltr'>Domini</span> <span class='ocrx_word' id='word_1_36' title='bbox 1764 604 1894 656; x_wconf 83' lang='lat' dir='ltr'>Jesu</span> <span class='ocrx_word' id='word_1_37' title='bbox 1962 596 2169 654; x_wconf 81' lang='lat' dir='ltr'>Christi</span> 
     </span>
    </p>
   </div>
   <div class='ocr_carea' id='block_1_8' title="bbox 520 689 2171 765">
    <p class='ocr_par' dir='ltr' id='par_1_8' title="bbox 520 689 2171 765">
     <span class='ocr_line' id='line_1_8' title="bbox 520 689 2171 765; baseline -0.008 -12"><span class='ocrx_word' id='word_1_38' title='bbox 520 714 747 761; x_wconf 82' lang='lat' dir='ltr'>servus,</span> <span class='ocrx_word' id='word_1_39' title='bbox 775 694 1093 752; x_wconf 88' lang='lat' dir='ltr'>duodecim</span> <span class='ocrx_word' id='word_1_40' title='bbox 1122 693 1414 757; x_wconf 90' lang='lat' dir='ltr'>tribubus,</span> <span class='ocrx_word' id='word_1_41' title='bbox 1442 708 1577 765; x_wconf 61' lang='lat' dir='ltr'>qua;</span> <span class='ocrx_word' id='word_1_42' title='bbox 1628 696 1765 746; x_wconf 92' lang='lat' dir='ltr'>sunt</span> <span class='ocrx_word' id='word_1_43' title='bbox 1818 690 1878 743; x_wconf 92' lang='lat' dir='ltr'>in</span> <span class='ocrx_word' id='word_1_44' title='bbox 1940 689 2171 758; x_wconf 88' lang='lat' dir='ltr'>disper-</span> 
     </span>
    </p>
   </div>
   <div class='ocr_carea' id='block_1_9' title="bbox 521 776 2171 857">
    <p class='ocr_par' dir='ltr' id='par_1_9' title="bbox 521 776 2171 857">
     <span class='ocr_line' id='line_1_9' title="bbox 521 776 2171 857; baseline -0.008 -15"><span class='ocrx_word' id='word_1_45' title='bbox 521 786 711 857; x_wconf 88' lang='lat' dir='ltr'>sione,</span> <span class='ocrx_word' id='word_1_46' title='bbox 754 783 1028 840; x_wconf 78' lang='lat' dir='ltr'>salutem.</span> <span class='ocrx_word' id='word_1_47' title='bbox 1072 803 1101 831; x_wconf 60' lang='grc' dir='ltr'>δ)</span> <span class='ocrx_word' id='word_1_48' title='bbox 1152 785 1297 837; x_wconf 87' lang='lat' dir='ltr'>Nam</span> <span class='ocrx_word' id='word_1_49' title='bbox 1361 798 1499 836; x_wconf 91' lang='lat' dir='ltr'>cum</span> <span class='ocrx_word' id='word_1_50' title='bbox 1552 781 1603 835; x_wconf 89' lang='lat' dir='ltr'>ei</span> <span class='ocrx_word' id='word_1_51' title='bbox 1654 780 1850 835; x_wconf 81' lang='lat' dir='ltr'>liceret</span> <span class='ocrx_word' id='word_1_52' title='bbox 1906 776 2171 847; x_wconf 80' lang='lat' dir='ltr'>seipsuin</span> 
     </span>
    </p>
   </div>
   <div class='ocr_carea' id='block_1_10' title="bbox 521 864 2170 944">
    <p class='ocr_par' dir='ltr' id='par_1_10' title="bbox 521 864 2170 944">
     <span class='ocr_line' id='line_1_10' title="bbox 521 864 2170 944; baseline -0.01 -13"><span class='ocrx_word' id='word_1_53' title='bbox 521 890 737 931; x_wconf 85' lang='lat' dir='ltr'>vocare</span> <span class='ocrx_word' id='word_1_54' title='bbox 764 871 1124 944; x_wconf 86' lang='lat' dir='ltr'>apostolum,</span> <span class='ocrx_word' id='word_1_55' title='bbox 1150 875 1251 926; x_wconf 89' lang='lat' dir='ltr'>aut</span> <span class='ocrx_word' id='word_1_56' title='bbox 1269 870 1640 942; x_wconf 89' lang='lat' dir='ltr'>episcopum,</span> <span class='ocrx_word' id='word_1_57' title='bbox 1661 873 1761 923; x_wconf 90' lang='lat' dir='ltr'>aut</span> <span class='ocrx_word' id='word_1_58' title='bbox 1782 865 1938 938; x_wconf 92' lang='lat' dir='ltr'>quod</span> <span class='ocrx_word' id='word_1_59' title='bbox 1971 864 2170 934; x_wconf 89' lang='lat' dir='ltr'>majus</span> 
     </span>
    </p>
   </div>
   <div class='ocr_carea' id='block_1_11' title="bbox 523 956 2174 1030">
    <p class='ocr_par' dir='ltr' id='par_1_11' title="bbox 523 956 2174 1030">
     <span class='ocr_line' id='line_1_11' title="bbox 523 956 2174 1030; baseline -0.008 -10"><span class='ocrx_word' id='word_1_60' title='bbox 523 968 612 1020; x_wconf 89' lang='lat' dir='ltr'>est</span> <span class='ocrx_word' id='word_1_61' title='bbox 640 963 885 1018; x_wconf 82' lang='lat' dir='ltr'>fratrem</span> <span class='ocrx_word' id='word_1_62' title='bbox 902 959 1153 1024; x_wconf 91' lang='lat' dir='ltr'>Domini,</span> <span class='ocrx_word' id='word_1_63' title='bbox 1180 959 1401 1030; x_wconf 88' lang='lat' dir='ltr'>quibus</span> <span class='ocrx_word' id='word_1_64' title='bbox 1435 957 1778 1013; x_wconf 89' lang='lat' dir='ltr'>nominibus</span> <span class='ocrx_word' id='word_1_65' title='bbox 1797 956 1996 1026; x_wconf 91' lang='lat' dir='ltr'>ipsum</span> <span class='ocrx_word' id='word_1_66' title='bbox 2028 967 2174 1024; x_wconf 90' lang='lat' dir='ltr'>quo-</span> 
     </span>
    </p>
   </div>
   <div class='ocr_carea' id='block_1_12' title="bbox 523 1042 2176 1126">
    <p class='ocr_par' dir='ltr' id='par_1_12' title="bbox 523 1042 2176 1126">
     <span class='ocr_line' id='line_1_12' title="bbox 523 1042 2176 1126; baseline -0.008 -18"><span class='ocrx_word' id='word_1_67' title='bbox 523 1068 640 1126; x_wconf 93' lang='lat' dir='ltr'>que</span> <span class='ocrx_word' id='word_1_68' title='bbox 671 1051 890 1107; x_wconf 88' lang='lat' dir='ltr'>Paulus</span> <span class='ocrx_word' id='word_1_69' title='bbox 922 1048 1279 1120; x_wconf 86' lang='lat' dir='ltr'>signiﬁcavit</span> <span class='ocrx_word' id='word_1_70' title='bbox 1310 1048 1572 1104; x_wconf 88' lang='lat' dir='ltr'>scribens</span> <span class='ocrx_word' id='word_1_71' title='bbox 1590 1047 1660 1102; x_wconf 89' lang='lat' dir='ltr'>ad</span> <span class='ocrx_word' id='word_1_72' title='bbox 1702 1045 1982 1108; x_wconf 55' lang='lat' dir='ltr'>Galatass,</span> <span class='ocrx_word' id='word_1_73' title='bbox 2013 1042 2176 1096; x_wconf 86' lang='lat' dir='ltr'>vide—</span> 
     </span>
    </p>
   </div>
   <div class='ocr_carea' id='block_1_13' title="bbox 523 1127 2173 1205">
    <p class='ocr_par' dir='ltr' id='par_1_13' title="bbox 523 1127 2173 1205">
     <span class='ocr_line' id='line_1_13' title="bbox 523 1127 2173 1205; baseline -0.009 -8"><span class='ocrx_word' id='word_1_74' title='bbox 523 1147 619 1197; x_wconf 88' lang='lat' dir='ltr'>tur</span> <span class='ocrx_word' id='word_1_75' title='bbox 640 1137 916 1195; x_wconf 90' lang='lat' dir='ltr'>delectari</span> <span class='ocrx_word' id='word_1_76' title='bbox 944 1136 1365 1192; x_wconf 89' lang='lat' dir='ltr'>humilioribus</span> <span class='ocrx_word' id='word_1_77' title='bbox 1396 1154 1412 1205; x_wconf 82' lang='grc'>;</span> <span class='ocrx_word' id='word_1_78' title='bbox 1449 1152 1509 1190; x_wconf 92' lang='lat' dir='ltr'>se</span> <span class='ocrx_word' id='word_1_79' title='bbox 1545 1151 1670 1189; x_wconf 89' lang='lat' dir='ltr'>esse</span> <span class='ocrx_word' id='word_1_80' title='bbox 1702 1150 1934 1187; x_wconf 86' lang='lat' dir='ltr'>servum</span> <span class='ocrx_word' id='word_1_81' title='bbox 1968 1127 2173 1185; x_wconf 88' lang='lat' dir='ltr'>Christi</span> 
     </span>
    </p>
   </div>
   <div class='ocr_carea' id='block_1_14' title="bbox 524 1219 2174 1297">
    <p class='ocr_par' dir='ltr' id='par_1_14' title="bbox 524 1219 2174 1297">
     <span class='ocr_line' id='line_1_14' title="bbox 524 1219 2174 1297; baseline -0.008 -12"><span class='ocrx_word' id='word_1_82' title='bbox 524 1227 929 1297; x_wconf 84' lang='lat' dir='ltr'>Deisigniﬁcat</span> <span class='ocrx_word' id='word_1_83' title='bbox 960 1223 1483 1287; x_wconf 90' lang='lat' dir='ltr'>tribubuslsraelis,</span> <span class='ocrx_word' id='word_1_84' title='bbox 1506 1222 1865 1277; x_wconf 82' lang='lat' dir='ltr'>velmaxime</span> <span class='ocrx_word' id='word_1_85' title='bbox 1881 1219 2174 1291; x_wconf 90' lang='lat' dir='ltr'>proprium</span> 
     </span>
    </p>
   </div>
   <div class='ocr_carea' id='block_1_15' title="bbox 523 1305 2173 1385">
    <p class='ocr_par' dir='ltr' id='par_1_15' title="bbox 523 1305 2173 1385">
     <span class='ocr_line' id='line_1_15' title="bbox 523 1305 2173 1385; baseline -0.009 -12"><span class='ocrx_word' id='word_1_86' title='bbox 523 1316 794 1385; x_wconf 81' lang='lat' dir='ltr'>magistri</span> <span class='ocrx_word' id='word_1_87' title='bbox 828 1314 1060 1384; x_wconf 81' lang='lat' dir='ltr'>insigne</span> <span class='ocrx_word' id='word_1_88' title='bbox 1090 1312 1320 1367; x_wconf 90' lang='lat' dir='ltr'>habens</span> <span class='ocrx_word' id='word_1_89' title='bbox 1356 1311 1853 1379; x_wconf 85' lang='lat' dir='ltr'>moderationem,</span> <span class='ocrx_word' id='word_1_90' title='bbox 1882 1315 1937 1364; x_wconf 92' lang='lat' dir='ltr'>et</span> <span class='ocrx_word' id='word_1_91' title='bbox 1967 1324 2037 1363; x_wconf 89' lang='lat' dir='ltr'>ea</span> <span class='ocrx_word' id='word_1_92' title='bbox 2068 1305 2173 1359; x_wconf 90' lang='lat' dir='ltr'>sibi</span> 
     </span>
    </p>
   </div>
   <div class='ocr_carea' id='block_1_16' title="bbox 522 1394 2176 1475">
    <p class='ocr_par' dir='ltr' id='par_1_16' title="bbox 522 1394 2176 1475">
     <span class='ocr_line' id='line_1_16' title="bbox 522 1394 2176 1475; baseline -0.007 -14"><span class='ocrx_word' id='word_1_93' title='bbox 522 1404 718 1474; x_wconf 90' lang='lat' dir='ltr'>magis</span> <span class='ocrx_word' id='word_1_94' title='bbox 729 1403 993 1475; x_wconf 90' lang='lat' dir='ltr'>placens,</span> <span class='ocrx_word' id='word_1_95' title='bbox 1008 1417 1193 1474; x_wconf 89' lang='lat' dir='ltr'>quam</span> <span class='ocrx_word' id='word_1_96' title='bbox 1208 1402 1587 1473; x_wconf 88' lang='lat' dir='ltr'>episcopatus</span> <span class='ocrx_word' id='word_1_97' title='bbox 1603 1404 1781 1471; x_wconf 90' lang='lat' dir='ltr'>atque</span> <span class='ocrx_word' id='word_1_98' title='bbox 1798 1394 2176 1453; x_wconf 86' lang='lat' dir='ltr'>fraternitatis</span> 
     </span>
    </p>
   </div>
   <div class='ocr_carea' id='block_1_17' title="bbox 525 1492 832 1563">
    <p class='ocr_par' dir='ltr' id='par_1_17' title="bbox 525 1492 832 1563">
     <span class='ocr_line' id='line_1_17' title="bbox 525 1492 832 1563; baseline -0.01 -15"><span class='ocrx_word' id='word_1_99' title='bbox 525 1492 832 1563; x_wconf 86' lang='lat' dir='ltr'>dignitate.</span> 
     </span>
    </p>
   </div>
   <div class='ocr_carea' id='block_1_18' title="bbox 596 1571 2173 1649">
    <p class='ocr_par' dir='ltr' id='par_1_18' title="bbox 596 1571 2173 1649">
     <span class='ocr_line' id='line_1_18' title="bbox 596 1571 2173 1649; baseline -0.007 -14"><span class='ocrx_word' id='word_1_100' title='bbox 596 1584 660 1635; x_wconf 90' lang='lat' dir='ltr'>V.</span> <span class='ocrx_word' id='word_1_101' title='bbox 690 1579 804 1636; x_wconf 93' lang='lat' dir='ltr'>Sed</span> <span class='ocrx_word' id='word_1_102' title='bbox 834 1593 962 1649; x_wconf 87' lang='lat' dir='ltr'>age.</span> <span class='ocrx_word' id='word_1_103' title='bbox 993 1577 1302 1645; x_wconf 92' lang='lat' dir='ltr'>nonnulla,</span> <span class='ocrx_word' id='word_1_104' title='bbox 1336 1593 1471 1649; x_wconf 76' lang='lat' dir='ltr'>quae</span> <span class='ocrx_word' id='word_1_105' title='bbox 1499 1576 1777 1646; x_wconf 89' lang='lat' dir='ltr'>leguntur</span> <span class='ocrx_word' id='word_1_106' title='bbox 1808 1575 1866 1629; x_wconf 91' lang='lat' dir='ltr'>in</span> <span class='ocrx_word' id='word_1_107' title='bbox 1898 1571 2173 1643; x_wconf 89' lang='lat' dir='ltr'>Epistola,</span> 
     </span>
    </p>
   </div>
   <div class='ocr_carea' id='block_1_19' title="bbox 527 1660 2179 1742">
    <p class='ocr_par' dir='ltr' id='par_1_19' title="bbox 527 1660 2179 1742">
     <span class='ocr_line' id='line_1_19' title="bbox 527 1660 2179 1742; baseline -0.006 -19"><span class='ocrx_word' id='word_1_108' title='bbox 527 1674 815 1742; x_wconf 90' lang='lat' dir='ltr'>quantum</span> <span class='ocrx_word' id='word_1_109' title='bbox 861 1666 1703 1738; x_wconf 88' lang='lat' dir='ltr'>conceditur,persequamur,</span> <span class='ocrx_word' id='word_1_110' title='bbox 1734 1680 1834 1734; x_wconf 88' lang='lat' dir='ltr'>per</span> <span class='ocrx_word' id='word_1_111' title='bbox 1882 1677 2017 1733; x_wconf 86' lang='lat' dir='ltr'>quae</span> <span class='ocrx_word' id='word_1_112' title='bbox 2071 1660 2179 1714; x_wconf 89' lang='lat' dir='ltr'>erit</span> 
     </span>
    </p>
   </div>
   <div class='ocr_carea' id='block_1_20' title="bbox 2279 502 3907 579">
    <p class='ocr_par' dir='ltr' id='par_1_20' title="bbox 2279 502 3907 579">
     <span class='ocr_line' id='line_1_20' title="bbox 2279 502 3907 579; baseline -0.004 -19"><span class='ocrx_word' id='word_1_113' title='bbox 2279 512 2391 579; x_wconf 82' lang='grc' dir='ltr'>ἔχει</span> <span class='ocrx_word' id='word_1_114' title='bbox 2431 506 2489 560; x_wconf 78' lang='grc' dir='ltr'><em>δὲ</em></span> <span class='ocrx_word' id='word_1_115' title='bbox 2529 507 2693 568; x_wconf 77' lang='grc' dir='ltr'><em>οὕτως</em></span> <span class='ocrx_word' id='word_1_116' title='bbox 2731 524 2741 533; x_wconf 90' lang='grc'>·</span> <span class='ocrx_word' id='word_1_117' title='bbox 2776 528 2802 554; x_wconf 88' lang='grc'><em>‹‹</em></span> <span class='ocrx_word' id='word_1_118' title='bbox 2837 502 3081 564; x_wconf 79' lang='grc' dir='ltr'><em>Ἰάκωϐος</em></span> <span class='ocrx_word' id='word_1_119' title='bbox 3123 510 3256 555; x_wconf 90' lang='grc' dir='ltr'><em>Θεοῦ</em></span> <span class='ocrx_word' id='word_1_120' title='bbox 3310 509 3398 554; x_wconf 83' lang='grc' dir='ltr'><em>καὶ</em></span> <span class='ocrx_word' id='word_1_121' title='bbox 3450 509 3649 578; x_wconf 82' lang='grc' dir='ltr'>Κυρίου</span> <span class='ocrx_word' id='word_1_122' title='bbox 3711 506 3907 560; x_wconf 71' lang='grc' dir='ltr'><em>Ἰησοῦ</em></span> 
     </span>
    </p>
   </div>
   <div class='ocr_carea' id='block_1_21' title="bbox 2280 590 3907 671">
    <p class='ocr_par' dir='ltr' id='par_1_21' title="bbox 2280 590 3907 671">
     <span class='ocr_line' id='line_1_21' title="bbox 2280 590 3907 671; baseline -0.004 -21"><span class='ocrx_word' id='word_1_123' title='bbox 2280 605 2513 671; x_wconf 77' lang='grc' dir='ltr'>Χριστοῦ</span> <span class='ocrx_word' id='word_1_124' title='bbox 2547 593 2750 660; x_wconf 85' lang='grc' dir='ltr'><em>δοῦλος,</em></span> <span class='ocrx_word' id='word_1_125' title='bbox 2785 603 2902 655; x_wconf 89' lang='grc' dir='ltr'><em>ταῖς</em></span> <span class='ocrx_word' id='word_1_126' title='bbox 2934 590 3144 646; x_wconf 82' lang='grc' dir='ltr'><em>δώδεκα</em></span> <span class='ocrx_word' id='word_1_127' title='bbox 3176 593 3359 664; x_wconf 75' lang='grc' dir='ltr'><em>φυλαῖς</em></span> <span class='ocrx_word' id='word_1_128' title='bbox 3401 602 3516 653; x_wconf 89' lang='grc' dir='ltr'><em>ταῖς</em></span> <span class='ocrx_word' id='word_1_129' title='bbox 3571 592 3620 644; x_wconf 88' lang='grc' dir='ltr'>ἐν</span> <span class='ocrx_word' id='word_1_130' title='bbox 3653 602 3719 666; x_wconf 71' lang='grc' dir='ltr'><em>τῇ</em></span> <span class='ocrx_word' id='word_1_131' title='bbox 3767 591 3907 645; x_wconf 79' lang='grc' dir='ltr'><em>δια-</em></span> 
     </span>
    </p>
   </div>
   <div class='ocr_carea' id='block_1_22' title="bbox 2283 680 3903 756">
    <p class='ocr_par' dir='ltr' id='par_1_22' title="bbox 2283 680 3903 756">
     <span class='ocr_line' id='line_1_22' title="bbox 2283 680 3903 756; baseline -0.002 -21"><span class='ocrx_word' id='word_1_132' title='bbox 2283 690 2454 756; x_wconf 74' lang='grc' dir='ltr'><em>σπορᾷ</em></span> <span class='ocrx_word' id='word_1_133' title='bbox 2491 690 2781 756; x_wconf 85' lang='grc' dir='ltr'><em>χαίρειν.»</em></span> <span class='ocrx_word' id='word_1_134' title='bbox 2834 683 2975 745; x_wconf 83' lang='grc' dir='ltr'><em>Ἐξόν</em></span> <span class='ocrx_word' id='word_1_135' title='bbox 3024 685 3124 755; x_wconf 82' lang='grc' dir='ltr'><em>γὰρ</em></span> <span class='ocrx_word' id='word_1_136' title='bbox 3177 684 3317 751; x_wconf 69' lang='grc' dir='ltr'><em>αὐτῷ</em></span> <span class='ocrx_word' id='word_1_137' title='bbox 3365 680 3654 734; x_wconf 75' lang='grc' dir='ltr'>ἀπόστολον</span> <span class='ocrx_word' id='word_1_138' title='bbox 3719 683 3903 733; x_wconf 79' lang='grc' dir='ltr'><em>καλεῖν</em></span> 
     </span>
    </p>
   </div>
   <div class='ocr_carea' id='block_1_23' title="bbox 2283 767 3906 841">
    <p class='ocr_par' dir='ltr' id='par_1_23' title="bbox 2283 767 3906 841">
     <span class='ocr_line' id='line_1_23' title="bbox 2283 767 3906 841; baseline -0.002 -17"><span class='ocrx_word' id='word_1_139' title='bbox 2283 772 2481 838; x_wconf 82' lang='grc' dir='ltr'><em>ἑαυτὸν,</em></span> <span class='ocrx_word' id='word_1_140' title='bbox 2511 775 2539 831; x_wconf 76' lang='grc' dir='ltr'>η</span> <span class='ocrx_word' id='word_1_141' title='bbox 2575 773 2877 838; x_wconf 86' lang='grc' dir='ltr'><em>ἐπίσκοπον,</em></span> <span class='ocrx_word' id='word_1_142' title='bbox 2935 773 2963 830; x_wconf 71' lang='grc' dir='ltr'>ἢ</span> <span class='ocrx_word' id='word_1_143' title='bbox 3017 776 3074 823; x_wconf 88' lang='grc' dir='ltr'>τό</span> <span class='ocrx_word' id='word_1_144' title='bbox 3124 790 3183 841; x_wconf 92' lang='grc' dir='ltr'>γε</span> <span class='ocrx_word' id='word_1_145' title='bbox 3232 771 3409 841; x_wconf 79' lang='grc' dir='ltr'><em>μεῖζον</em></span> <span class='ocrx_word' id='word_1_146' title='bbox 3452 771 3610 823; x_wconf 84' lang='grc' dir='ltr'><em>εἰπεῖν</em></span> <span class='ocrx_word' id='word_1_147' title='bbox 3662 767 3906 841; x_wconf 57' lang='grc' dir='ltr'><em>ἀδελφόν</em></span> 
     </span>
    </p>
   </div>
   <div class='ocr_carea' id='block_1_24' title="bbox 2283 860 3904 937">
    <p class='ocr_par' dir='ltr' id='par_1_24' title="bbox 2283 860 3904 937">
     <span class='ocr_line' id='line_1_24' title="bbox 2283 860 3904 937; baseline -0.003 -23"><span class='ocrx_word' id='word_1_148' title='bbox 2283 870 2372 913; x_wconf 88' lang='grc' dir='ltr'>τοῦ</span> <span class='ocrx_word' id='word_1_149' title='bbox 2416 867 2628 937; x_wconf 80' lang='grc' dir='ltr'>Κυρίου,</span> <span class='ocrx_word' id='word_1_150' title='bbox 2669 864 2744 923; x_wconf 83' lang='grc' dir='ltr'><em>οἷς</em></span> <span class='ocrx_word' id='word_1_151' title='bbox 2794 861 3040 933; x_wconf 84' lang='grc' dir='ltr'><em>ὀνόμασιν</em></span> <span class='ocrx_word' id='word_1_152' title='bbox 3081 860 3235 912; x_wconf 69' lang='grc' dir='ltr'><em>αὑτὸν</em></span> <span class='ocrx_word' id='word_1_153' title='bbox 3271 864 3359 911; x_wconf 86' lang='grc' dir='ltr'>καὶ</span> <span class='ocrx_word' id='word_1_154' title='bbox 3406 860 3615 921; x_wconf 78' lang='grc' dir='ltr'><em>Παῦλος</em></span> <span class='ocrx_word' id='word_1_155' title='bbox 3673 863 3904 933; x_wconf 72' lang='grc' dir='ltr'><em>γράφων</em></span> 
     </span>
    </p>
   </div>
   <div class='ocr_carea' id='block_1_25' title="bbox 2285 945 3910 1022">
    <p class='ocr_par' dir='ltr' id='par_1_25' title="bbox 2285 945 3910 1022">
     <span class='ocr_line' id='line_1_25' title="bbox 2285 945 3910 1022; baseline -0.001 -21"><span class='ocrx_word' id='word_1_156' title='bbox 2285 950 2537 1011; x_wconf 85' lang='grc' dir='ltr'><em>Γαλάταις</em></span> <span class='ocrx_word' id='word_1_157' title='bbox 2586 948 2844 1009; x_wconf 79' lang='grc' dir='ltr'><em>ἐδήλωσεν</em></span> <span class='ocrx_word' id='word_1_158' title='bbox 2882 966 2894 980; x_wconf 91' lang='grc'><strong>·</strong></span> <span class='ocrx_word' id='word_1_159' title='bbox 2946 951 2971 1001; x_wconf 97' lang='lat'>6</span> <span class='ocrx_word' id='word_1_160' title='bbox 3027 945 3087 1001; x_wconf 69' lang='grc' dir='ltr'><em>δὲ</em></span> <span class='ocrx_word' id='word_1_161' title='bbox 3142 955 3246 1008; x_wconf 87' lang='grc' dir='ltr'><em>τοῖς</em></span> <span class='ocrx_word' id='word_1_162' title='bbox 3294 952 3674 1022; x_wconf 68' lang='grc' dir='ltr'>ταπεινοτέροις</span> <span class='ocrx_word' id='word_1_163' title='bbox 3726 952 3910 1019; x_wconf 72' lang='grc' dir='ltr'><em>φαίνε-</em></span> 
     </span>
    </p>
   </div>
   <div class='ocr_carea' id='block_1_26' title="bbox 2285 1036 3907 1113">
    <p class='ocr_par' dir='ltr' id='par_1_26' title="bbox 2285 1036 3907 1113">
     <span class='ocr_line' id='line_1_26' title="bbox 2285 1036 3907 1113; baseline -0.002 -23"><span class='ocrx_word' id='word_1_164' title='bbox 2285 1060 2370 1091; x_wconf 92' lang='grc' dir='ltr'>ται</span> <span class='ocrx_word' id='word_1_165' title='bbox 2391 1045 2612 1113; x_wconf 88' lang='grc' dir='ltr'><em>χαίρων,</em></span> <span class='ocrx_word' id='word_1_166' title='bbox 2644 1044 2728 1091; x_wconf 84' lang='grc' dir='ltr'><em>καὶ</em></span> <span class='ocrx_word' id='word_1_167' title='bbox 2772 1036 2955 1090; x_wconf 86' lang='grc' dir='ltr'><em>δοῦλον</em></span> <span class='ocrx_word' id='word_1_168' title='bbox 2999 1038 3175 1090; x_wconf 86' lang='grc' dir='ltr'><em>ἑαυτὸν</em></span> <span class='ocrx_word' id='word_1_169' title='bbox 3223 1045 3454 1110; x_wconf 76' lang='grc' dir='ltr'><em>Χριστοῦ</em></span> <span class='ocrx_word' id='word_1_170' title='bbox 3479 1045 3568 1089; x_wconf 76' lang='grc' dir='ltr'>τοῦ</span> <span class='ocrx_word' id='word_1_171' title='bbox 3602 1044 3747 1090; x_wconf 77' lang='grc' dir='ltr'><em>Θεοῦ</em></span> <span class='ocrx_word' id='word_1_172' title='bbox 3784 1044 3907 1097; x_wconf 87' lang='grc' dir='ltr'><em>ταῖς</em></span> 
     </span>
    </p>
   </div>
   <div class='ocr_carea' id='block_1_27' title="bbox 2286 1122 3909 1201">
    <p class='ocr_par' dir='ltr' id='par_1_27' title="bbox 2286 1122 3909 1201">
     <span class='ocr_line' id='line_1_27' title="bbox 2286 1122 3909 1201; baseline -0.001 -22"><span class='ocrx_word' id='word_1_173' title='bbox 2286 1128 2468 1200; x_wconf 78' lang='grc' dir='ltr'><em>φυλαῖς</em></span> <span class='ocrx_word' id='word_1_174' title='bbox 2515 1135 2605 1180; x_wconf 81' lang='grc' dir='ltr'>τοῦ</span> <span class='ocrx_word' id='word_1_175' title='bbox 2638 1127 2848 1201; x_wconf 77' lang='grc' dir='ltr'><em>Ἰσραὴλ</em></span> <span class='ocrx_word' id='word_1_176' title='bbox 2889 1124 3015 1179; x_wconf 85' lang='grc' dir='ltr'><em>εἶναι</em></span> <span class='ocrx_word' id='word_1_177' title='bbox 3062 1127 3303 1199; x_wconf 77' lang='grc' dir='ltr'>γνωρίζει</span> <span class='ocrx_word' id='word_1_178' title='bbox 3337 1147 3348 1157; x_wconf 91' lang='grc'><strong>·</strong></span> <span class='ocrx_word' id='word_1_179' title='bbox 3379 1131 3439 1177; x_wconf 81' lang='grc' dir='ltr'>τῦ</span> <span class='ocrx_word' id='word_1_180' title='bbox 3475 1122 3774 1177; x_wconf 82' lang='grc' dir='ltr'><em>ὶδιαίτατον</em></span> <span class='ocrx_word' id='word_1_181' title='bbox 3809 1134 3909 1177; x_wconf 78' lang='grc' dir='ltr'>τοῦ</span> 
     </span>
    </p>
   </div>
   <div class='ocr_carea' id='block_1_28' title="bbox 2287 1215 3907 1291">
    <p class='ocr_par' dir='ltr' id='par_1_28' title="bbox 2287 1215 3907 1291">
     <span class='ocr_line' id='line_1_28' title="bbox 2287 1215 3907 1291; baseline -0.003 -21"><span class='ocrx_word' id='word_1_182' title='bbox 2287 1215 2615 1270; x_wconf 76' lang='grc' dir='ltr'>διδασκάλου</span> <span class='ocrx_word' id='word_1_183' title='bbox 2644 1219 2958 1291; x_wconf 76' lang='grc' dir='ltr'><em>παράσημον</em></span> <span class='ocrx_word' id='word_1_184' title='bbox 2999 1221 3090 1273; x_wconf 71' lang='grc' dir='ltr'>τὴν</span> <span class='ocrx_word' id='word_1_185' title='bbox 3121 1218 3560 1290; x_wconf 70' lang='grc' dir='ltr'><em>μετριοφροσύνην</em></span> <span class='ocrx_word' id='word_1_186' title='bbox 3590 1218 3761 1286; x_wconf 76' lang='grc' dir='ltr'><em>ἔχων,</em></span> <span class='ocrx_word' id='word_1_187' title='bbox 3813 1222 3907 1266; x_wconf 86' lang='grc' dir='ltr'><em>καὶ</em></span> 
     </span>
    </p>
   </div>
   <div class='ocr_carea' id='block_1_29' title="bbox 2286 1304 3903 1380">
    <p class='ocr_par' dir='ltr' id='par_1_29' title="bbox 2286 1304 3903 1380">
     <span class='ocr_line' id='line_1_29' title="bbox 2286 1304 3903 1380; baseline -0.002 -21"><span class='ocrx_word' id='word_1_188' title='bbox 2286 1311 2448 1380; x_wconf 74' lang='grc' dir='ltr'><em>ταύτῃ</em></span> <span class='ocrx_word' id='word_1_189' title='bbox 2483 1312 2850 1379; x_wconf 79' lang='grc' dir='ltr'><em>σεμνυνόμενος</em></span> <span class='ocrx_word' id='word_1_190' title='bbox 2874 1306 3062 1378; x_wconf 82' lang='grc' dir='ltr'><em>μᾶλλον</em></span> <span class='ocrx_word' id='word_1_191' title='bbox 3094 1306 3123 1363; x_wconf 76' lang='grc' dir='ltr'><em>ἡ</em></span> <span class='ocrx_word' id='word_1_192' title='bbox 3157 1314 3228 1376; x_wconf 81' lang='grc' dir='ltr'><em>τῷ</em></span> <span class='ocrx_word' id='word_1_193' title='bbox 3255 1313 3349 1366; x_wconf 78' lang='grc' dir='ltr'>τῆς</span> <span class='ocrx_word' id='word_1_194' title='bbox 3380 1304 3672 1365; x_wconf 79' lang='grc' dir='ltr'><em>ἐπισκοπῆς</em></span> <span class='ocrx_word' id='word_1_195' title='bbox 3702 1309 3803 1356; x_wconf 82' lang='grc' dir='ltr'><em>καὶ</em></span> <span class='ocrx_word' id='word_1_196' title='bbox 3830 1315 3903 1374; x_wconf 73' lang='grc' dir='ltr'><em>τῷ</em></span> 
     </span>
    </p>
   </div>
   <div class='ocr_carea' id='block_1_30' title="bbox 2283 1392 3064 1467">
    <p class='ocr_par' dir='ltr' id='par_1_30' title="bbox 2283 1392 3064 1467">
     <span class='ocr_line' id='line_1_30' title="bbox 2283 1392 3064 1467; baseline -0.003 -18"><span class='ocrx_word' id='word_1_197' title='bbox 2283 1405 2375 1458; x_wconf 82' lang='grc' dir='ltr'>τῆς</span> <span class='ocrx_word' id='word_1_198' title='bbox 2401 1392 2745 1467; x_wconf 76' lang='grc' dir='ltr'><em>ἀδελφότητος</em></span> <span class='ocrx_word' id='word_1_199' title='bbox 2787 1396 3064 1467; x_wconf 81' lang='grc' dir='ltr'><em>ἀξιώματι.</em></span> 
     </span>
    </p>
   </div>
   <div class='ocr_carea' id='block_1_31' title="bbox 2358 1571 3907 1645">
    <p class='ocr_par' dir='ltr' id='par_1_31' title="bbox 2358 1571 3907 1645">
     <span class='ocr_line' id='line_1_31' title="bbox 2358 1571 3907 1645; baseline -0.001 -20"><span class='ocrx_word' id='word_1_200' title='bbox 2358 1572 2430 1627; x_wconf 84' lang='grc' dir='ltr'>Ε’.</span> <span class='ocrx_word' id='word_1_201' title='bbox 2461 1572 2599 1626; x_wconf 85' lang='grc' dir='ltr'><em>Ἀλλ’</em></span> <span class='ocrx_word' id='word_1_202' title='bbox 2652 1575 2789 1634; x_wconf 86' lang='grc' dir='ltr'><em>ὅπως</em></span> <span class='ocrx_word' id='word_1_203' title='bbox 2819 1575 2927 1625; x_wconf 85' lang='grc' dir='ltr'><em>ἔνια</em></span> <span class='ocrx_word' id='word_1_204' title='bbox 2955 1576 3044 1625; x_wconf 85' lang='grc' dir='ltr'><em>καὶ</em></span> <span class='ocrx_word' id='word_1_205' title='bbox 3075 1581 3173 1625; x_wconf 88' lang='grc' dir='ltr'>τῶν</span> <span class='ocrx_word' id='word_1_206' title='bbox 3221 1580 3283 1644; x_wconf 75' lang='grc' dir='ltr'><em>τῇ</em></span> <span class='ocrx_word' id='word_1_207' title='bbox 3334 1571 3613 1645; x_wconf 81' lang='grc' dir='ltr'><em>Ἐπιστολῇ</em></span> <span class='ocrx_word' id='word_1_208' title='bbox 3668 1576 3907 1645; x_wconf 74' lang='grc' dir='ltr'><em>φερομέ-</em></span> 
     </span>
    </p>
   </div>
   <div class='ocr_carea' id='block_1_32' title="bbox 2288 1658 3908 1735">
    <p class='ocr_par' dir='ltr' id='par_1_32' title="bbox 2288 1658 3908 1735">
     <span class='ocr_line' id='line_1_32' title="bbox 2288 1658 3908 1735; baseline -0.001 -22"><span class='ocrx_word' id='word_1_209' title='bbox 2288 1683 2383 1713; x_wconf 85' lang='grc' dir='ltr'><em>νων</em></span> <span class='ocrx_word' id='word_1_210' title='bbox 2423 1664 2558 1713; x_wconf 88' lang='grc' dir='ltr'>κατά</span> <span class='ocrx_word' id='word_1_211' title='bbox 2587 1665 2643 1713; x_wconf 91' lang='grc' dir='ltr'>τό</span> <span class='ocrx_word' id='word_1_212' title='bbox 2675 1660 2942 1735; x_wconf 78' lang='grc' dir='ltr'><em>ἐγχωροῦν</em></span> <span class='ocrx_word' id='word_1_213' title='bbox 2989 1659 3343 1733; x_wconf 76' lang='grc' dir='ltr'><em>διεξέλθωμεν,</em></span> <span class='ocrx_word' id='word_1_214' title='bbox 3402 1658 3477 1713; x_wconf 85' lang='grc' dir='ltr'><em>δι’</em></span> <span class='ocrx_word' id='word_1_215' title='bbox 3523 1662 3588 1711; x_wconf 87' lang='grc' dir='ltr'><em>ὧν</em></span> <span class='ocrx_word' id='word_1_216' title='bbox 3640 1662 3908 1718; x_wconf 72' lang='grc' dir='ltr'><em>εὔληπτον</em></span> 
     </span>
    </p>
   </div>
   <div class='ocr_carea' id='block_1_33' title="bbox 528 1747 2178 1827">
    <p class='ocr_par' dir='ltr' id='par_1_33' title="bbox 528 1747 2177 1827">
     <span class='ocr_line' id='line_1_33' title="bbox 528 1747 2177 1827; baseline -0.008 -13"><span class='ocrx_word' id='word_1_217' title='bbox 528 1757 848 1814; x_wconf 86' lang='lat' dir='ltr'>manifesta</span> <span class='ocrx_word' id='word_1_218' title='bbox 876 1755 1029 1811; x_wconf 88' lang='lat' dir='ltr'>illius</span> <span class='ocrx_word' id='word_1_219' title='bbox 1079 1756 1296 1811; x_wconf 89' lang='lat' dir='ltr'>mentis</span> <span class='ocrx_word' id='word_1_220' title='bbox 1345 1755 1591 1827; x_wconf 89' lang='lat' dir='ltr'>puritas,</span> <span class='ocrx_word' id='word_1_221' title='bbox 1633 1759 1688 1809; x_wconf 92' lang='lat' dir='ltr'>et</span> <span class='ocrx_word' id='word_1_222' title='bbox 1736 1755 2015 1807; x_wconf 88' lang='lat' dir='ltr'>accurata</span> <span class='ocrx_word' id='word_1_223' title='bbox 2077 1747 2177 1801; x_wconf 91' lang='lat' dir='ltr'>do-</span> 
     </span>
    </p>
   </div>
   <div class='ocr_carea' id='block_1_34' title="bbox 2293 1747 3909 1827">
    <p class='ocr_par' dir='ltr' id='par_1_34' title="bbox 2293 1749 3909 1822">
     <span class='ocr_line' id='line_1_34' title="bbox 2293 1749 3909 1822; baseline -0.002 -18"><span class='ocrx_word' id='word_1_224' title='bbox 2293 1755 2437 1804; x_wconf 83' lang='grc' dir='ltr'><em>ἔσται</em></span> <span class='ocrx_word' id='word_1_225' title='bbox 2467 1756 2555 1803; x_wconf 83' lang='grc' dir='ltr'><em>καὶ</em></span> <span class='ocrx_word' id='word_1_226' title='bbox 2586 1760 2675 1811; x_wconf 80' lang='grc' dir='ltr'>τῆς</span> <span class='ocrx_word' id='word_1_227' title='bbox 2704 1749 2939 1812; x_wconf 77' lang='grc' dir='ltr'>διανοίας</span> <span class='ocrx_word' id='word_1_228' title='bbox 2970 1753 3162 1803; x_wconf 87' lang='grc' dir='ltr'><em>ἐκείνου</em></span> <span class='ocrx_word' id='word_1_229' title='bbox 3213 1756 3270 1802; x_wconf 88' lang='grc' dir='ltr'>τό</span> <span class='ocrx_word' id='word_1_230' title='bbox 3319 1753 3543 1822; x_wconf 80' lang='grc' dir='ltr'><em>καθαρὸν</em></span> <span class='ocrx_word' id='word_1_231' title='bbox 3585 1756 3677 1802; x_wconf 86' lang='grc' dir='ltr'>καὶ</span> <span class='ocrx_word' id='word_1_232' title='bbox 3728 1754 3762 1808; x_wconf 71' lang='grc' dir='ltr'><strong>ἡ</strong></span> <span class='ocrx_word' id='word_1_233' title='bbox 3818 1760 3909 1810; x_wconf 76' lang='grc' dir='ltr'>τῆς</span> 
     </span>
    </p>
   </div>
   <div class='ocr_carea' id='block_1_35' title="bbox 528 1838 2176 1914">
    <p class='ocr_par' dir='ltr' id='par_1_35' title="bbox 528 1838 2176 1914">
     <span class='ocr_line' id='line_1_35' title="bbox 528 1838 2176 1914; baseline -0.007 -13"><span class='ocrx_word' id='word_1_234' title='bbox 528 1848 732 1902; x_wconf 88' lang='lat' dir='ltr'>ctrina.</span> <span class='ocrx_word' id='word_1_235' title='bbox 763 1848 911 1901; x_wconf 88' lang='lat' dir='ltr'>Nam</span> <span class='ocrx_word' id='word_1_236' title='bbox 941 1860 1079 1900; x_wconf 93' lang='lat' dir='ltr'>cum</span> <span class='ocrx_word' id='word_1_237' title='bbox 1108 1844 1319 1899; x_wconf 90' lang='lat' dir='ltr'>fuisset</span> <span class='ocrx_word' id='word_1_238' title='bbox 1348 1842 1409 1897; x_wconf 90' lang='lat' dir='ltr'>in</span> <span class='ocrx_word' id='word_1_239' title='bbox 1457 1842 1749 1914; x_wconf 87' lang='lat' dir='ltr'>principio</span> <span class='ocrx_word' id='word_1_240' title='bbox 1800 1838 2093 1911; x_wconf 67' lang='lat' dir='ltr'>Epistolm,</span> <span class='ocrx_word' id='word_1_241' title='bbox 2122 1842 2176 1891; x_wconf 89' lang='lat' dir='ltr'>et</span> 
     </span>
    </p>
   </div>
   <div class='ocr_carea' id='block_1_36' title="bbox 530 1930 2177 2006">
    <p class='ocr_par' dir='ltr' id='par_1_36' title="bbox 530 1930 2177 2006">
     <span class='ocr_line' id='line_1_36' title="bbox 530 1930 2177 2006; baseline -0.007 -14"><span class='ocrx_word' id='word_1_242' title='bbox 530 1934 966 2006; x_wconf 89' lang='lat' dir='ltr'>contemplante</span> <span class='ocrx_word' id='word_1_243' title='bbox 1010 1933 1193 1989; x_wconf 90' lang='lat' dir='ltr'>animi</span> <span class='ocrx_word' id='word_1_244' title='bbox 1250 1933 1422 1987; x_wconf 91' lang='lat' dir='ltr'>oculo</span> <span class='ocrx_word' id='word_1_245' title='bbox 1472 1932 1925 1993; x_wconf 84' lang='lat' dir='ltr'>considerasset,</span> <span class='ocrx_word' id='word_1_246' title='bbox 1971 1932 2032 1982; x_wconf 88' lang='lat' dir='ltr'>ut</span> <span class='ocrx_word' id='word_1_247' title='bbox 2091 1930 2177 1981; x_wconf 91' lang='lat' dir='ltr'>est</span> 
     </span>
    </p>
   </div>
   <div class='ocr_carea' id='block_1_37' title="bbox 527 2015 2178 2095">
    <p class='ocr_par' dir='ltr' id='par_1_37' title="bbox 527 2015 2178 2095">
     <span class='ocr_line' id='line_1_37' title="bbox 527 2015 2178 2095; baseline -0.008 -14"><span class='ocrx_word' id='word_1_248' title='bbox 527 2039 921 2095; x_wconf 88' lang='lat' dir='ltr'>consequens,</span> <span class='ocrx_word' id='word_1_249' title='bbox 940 2022 1103 2094; x_wconf 92' lang='lat' dir='ltr'>quod</span> <span class='ocrx_word' id='word_1_250' title='bbox 1117 2022 1387 2093; x_wconf 88' lang='lat' dir='ltr'>quisquis</span> <span class='ocrx_word' id='word_1_251' title='bbox 1406 2020 1484 2076; x_wconf 91' lang='lat' dir='ltr'>ad</span> <span class='ocrx_word' id='word_1_252' title='bbox 1506 2024 1686 2075; x_wconf 93' lang='lat' dir='ltr'>Deum</span> <span class='ocrx_word' id='word_1_253' title='bbox 1702 2018 1947 2080; x_wconf 79' lang='lat' dir='ltr'>accedit,</span> <span class='ocrx_word' id='word_1_254' title='bbox 1972 2015 2178 2069; x_wconf 86' lang='lat' dir='ltr'>incidit</span> 
     </span>
    </p>
   </div>
   <div class='ocr_carea' id='block_1_38' title="bbox 529 2105 2179 2181">
    <p class='ocr_par' dir='ltr' id='par_1_38' title="bbox 529 2105 2179 2181">
     <span class='ocr_line' id='line_1_38' title="bbox 529 2105 2179 2181; baseline -0.007 -12"><span class='ocrx_word' id='word_1_255' title='bbox 529 2115 591 2169; x_wconf 91' lang='lat' dir='ltr'>in</span> <span class='ocrx_word' id='word_1_256' title='bbox 622 2111 971 2168; x_wconf 89' lang='lat' dir='ltr'>tentationes</span> <span class='ocrx_word' id='word_1_257' title='bbox 997 2110 1158 2181; x_wconf 90' lang='lat' dir='ltr'>(Boni</span> <span class='ocrx_word' id='word_1_258' title='bbox 1188 2110 1347 2164; x_wconf 90' lang='lat' dir='ltr'>enim</span> <span class='ocrx_word' id='word_1_259' title='bbox 1381 2108 1739 2179; x_wconf 88' lang='lat' dir='ltr'>principium</span> <span class='ocrx_word' id='word_1_260' title='bbox 1774 2113 1830 2162; x_wconf 88' lang='lat' dir='ltr'>et</span> <span class='ocrx_word' id='word_1_261' title='bbox 1859 2105 2051 2171; x_wconf 79' lang='lat' dir='ltr'>radix,</span> <span class='ocrx_word' id='word_1_262' title='bbox 2092 2107 2179 2158; x_wconf 89' lang='lat' dir='ltr'>est</span> 
     </span>
    </p>
   </div>
   <div class='ocr_carea' id='block_1_39' title="bbox 532 2196 2177 2266">
    <p class='ocr_par' dir='ltr' id='par_1_39' title="bbox 532 2196 2177 2266">
     <span class='ocr_line' id='line_1_39' title="bbox 532 2196 2177 2266; baseline -0.005 -13"><span class='ocrx_word' id='word_1_263' title='bbox 532 2199 686 2256; x_wconf 92' lang='lat' dir='ltr'>Deus</span> <span class='ocrx_word' id='word_1_264' title='bbox 719 2216 732 2255; x_wconf 91' lang='lat'><strong>:</strong></span> <span class='ocrx_word' id='word_1_265' title='bbox 764 2199 992 2255; x_wconf 92' lang='lat' dir='ltr'>bonum</span> <span class='ocrx_word' id='word_1_266' title='bbox 1024 2202 1248 2266; x_wconf 89' lang='lat' dir='ltr'>autem,</span> <span class='ocrx_word' id='word_1_267' title='bbox 1275 2202 1360 2252; x_wconf 86' lang='lat' dir='ltr'>est</span> <span class='ocrx_word' id='word_1_268' title='bbox 1389 2198 1572 2251; x_wconf 91' lang='lat' dir='ltr'>virtus</span> <span class='ocrx_word' id='word_1_269' title='bbox 1616 2213 1627 2249; x_wconf 91' lang='lat'>:</span> <span class='ocrx_word' id='word_1_270' title='bbox 1662 2196 1760 2250; x_wconf 85' lang='lat' dir='ltr'>via</span> <span class='ocrx_word' id='word_1_271' title='bbox 1794 2199 2015 2258; x_wconf 91' lang='lat' dir='ltr'>autem,</span> <span class='ocrx_word' id='word_1_272' title='bbox 2041 2207 2177 2263; x_wconf 65' lang='lat' dir='ltr'>quas</span> 
     </span>
    </p>
   </div>
   <div class='ocr_carea' id='block_1_40' title="bbox 532 2280 2178 2357">
    <p class='ocr_par' dir='ltr' id='par_1_40' title="bbox 532 2280 2178 2357">
     <span class='ocr_line' id='line_1_40' title="bbox 532 2280 2178 2357; baseline -0.007 -12"><span class='ocrx_word' id='word_1_273' title='bbox 532 2291 643 2345; x_wconf 88' lang='lat' dir='ltr'>fert</span> <span class='ocrx_word' id='word_1_274' title='bbox 670 2289 745 2343; x_wconf 90' lang='lat' dir='ltr'>ad</span> <span class='ocrx_word' id='word_1_275' title='bbox 776 2286 1073 2349; x_wconf 87' lang='lat' dir='ltr'>virtutem,</span> <span class='ocrx_word' id='word_1_276' title='bbox 1108 2290 1194 2340; x_wconf 88' lang='lat' dir='ltr'>est</span> <span class='ocrx_word' id='word_1_277' title='bbox 1221 2301 1429 2357; x_wconf 85' lang='lat' dir='ltr'>aspera</span> <span class='ocrx_word' id='word_1_278' title='bbox 1488 2291 1543 2341; x_wconf 91' lang='lat' dir='ltr'>et</span> <span class='ocrx_word' id='word_1_279' title='bbox 1596 2284 1871 2349; x_wconf 81' lang='lat' dir='ltr'>difﬁcilis,</span> <span class='ocrx_word' id='word_1_280' title='bbox 1896 2289 1951 2337; x_wconf 88' lang='lat' dir='ltr'>et</span> <span class='ocrx_word' id='word_1_281' title='bbox 1991 2280 2178 2336; x_wconf 88' lang='lat' dir='ltr'>multa</span> 
     </span>
    </p>
   </div>
   <div class='ocr_carea' id='block_1_41' title="bbox 532 2370 2177 2444">
    <p class='ocr_par' dir='ltr' id='par_1_41' title="bbox 532 2370 2177 2444">
     <span class='ocr_line' id='line_1_41' title="bbox 532 2370 2177 2444; baseline -0.003 -12"><span class='ocrx_word' id='word_1_282' title='bbox 532 2377 711 2432; x_wconf 89' lang='lat' dir='ltr'>habet</span> <span class='ocrx_word' id='word_1_283' title='bbox 740 2375 987 2431; x_wconf 89' lang='lat' dir='ltr'>adversa</span> <span class='ocrx_word' id='word_1_284' title='bbox 1020 2389 1031 2428; x_wconf 93' lang='lat'>:</span> <span class='ocrx_word' id='word_1_285' title='bbox 1068 2378 1124 2428; x_wconf 90' lang='lat' dir='ltr'>et</span> <span class='ocrx_word' id='word_1_286' title='bbox 1147 2372 1281 2428; x_wconf 88' lang='lat' dir='ltr'>ideo</span> <span class='ocrx_word' id='word_1_287' title='bbox 1308 2373 1500 2428; x_wconf 89' lang='lat' dir='ltr'>evenit</span> <span class='ocrx_word' id='word_1_288' title='bbox 1538 2372 1804 2437; x_wconf 89' lang='lat' dir='ltr'>omnino,</span> <span class='ocrx_word' id='word_1_289' title='bbox 1841 2376 1899 2426; x_wconf 91' lang='lat' dir='ltr'>ut</span> <span class='ocrx_word' id='word_1_290' title='bbox 1949 2370 2051 2444; x_wconf 92' lang='lat' dir='ltr'>qui</span> <span class='ocrx_word' id='word_1_291' title='bbox 2100 2373 2177 2427; x_wconf 86' lang='lat' dir='ltr'>ad</span> 
     </span>
    </p>
   </div>
   <div class='ocr_carea' id='block_1_42' title="bbox 535 2460 2179 2532">
    <p class='ocr_par' dir='ltr' id='par_1_42' title="bbox 535 2460 2179 2532">
     <span class='ocr_line' id='line_1_42' title="bbox 535 2460 2179 2532; baseline -0.001 -12"><span class='ocrx_word' id='word_1_292' title='bbox 535 2467 722 2520; x_wconf 92' lang='lat' dir='ltr'>Deum</span> <span class='ocrx_word' id='word_1_293' title='bbox 739 2463 1046 2530; x_wconf 88' lang='lat' dir='ltr'>accedunt,</span> <span class='ocrx_word' id='word_1_294' title='bbox 1070 2463 1131 2517; x_wconf 93' lang='lat' dir='ltr'>in</span> <span class='ocrx_word' id='word_1_295' title='bbox 1151 2478 1245 2517; x_wconf 88' lang='lat' dir='ltr'>res</span> <span class='ocrx_word' id='word_1_296' title='bbox 1268 2461 1534 2517; x_wconf 89' lang='lat' dir='ltr'>incidant</span> <span class='ocrx_word' id='word_1_297' title='bbox 1563 2460 1904 2532; x_wconf 66' lang='lat' dir='ltr'>intequales)</span> <span class='ocrx_word' id='word_1_298' title='bbox 1938 2479 1949 2517; x_wconf 87' lang='lat'><strong>:</strong></span> <span class='ocrx_word' id='word_1_299' title='bbox 1972 2464 2179 2519; x_wconf 82' lang='lat' dir='ltr'>exhor-</span> 
     </span>
    </p>
   </div>
   <div class='ocr_carea' id='block_1_43' title="bbox 533 2550 2178 2621">
    <p class='ocr_par' dir='ltr' id='par_1_43' title="bbox 533 2550 2178 2621">
     <span class='ocr_line' id='line_1_43' title="bbox 533 2550 2178 2621; baseline -0.002 -12"><span class='ocrx_word' id='word_1_300' title='bbox 533 2558 686 2609; x_wconf 84' lang='lat' dir='ltr'>tatur</span> <span class='ocrx_word' id='word_1_301' title='bbox 712 2556 951 2610; x_wconf 89' lang='lat' dir='ltr'>sanctos</span> <span class='ocrx_word' id='word_1_302' title='bbox 980 2550 1055 2607; x_wconf 88' lang='lat' dir='ltr'>ad</span> <span class='ocrx_word' id='word_1_303' title='bbox 1087 2551 1369 2605; x_wconf 89' lang='lat' dir='ltr'>invictam</span> <span class='ocrx_word' id='word_1_304' title='bbox 1405 2550 1750 2621; x_wconf 88' lang='lat' dir='ltr'>patientiam</span> <span class='ocrx_word' id='word_1_305' title='bbox 1779 2554 1834 2603; x_wconf 89' lang='lat' dir='ltr'>et</span> <span class='ocrx_word' id='word_1_306' title='bbox 1866 2566 2178 2621; x_wconf 90' lang='lat' dir='ltr'>nunquam</span> 
     </span>
    </p>
   </div>
   <div class='ocr_carea' id='block_1_44' title="bbox 536 2640 2180 2709">
    <p class='ocr_par' dir='ltr' id='par_1_44' title="bbox 536 2640 2180 2709">
     <span class='ocr_line' id='line_1_44' title="bbox 536 2640 2180 2709; baseline -0.003 -12"><span class='ocrx_word' id='word_1_307' title='bbox 536 2642 866 2705; x_wconf 90' lang='lat' dir='ltr'>cedentem,</span> <span class='ocrx_word' id='word_1_308' title='bbox 884 2640 1072 2695; x_wconf 94' lang='lat' dir='ltr'>bonos</span> <span class='ocrx_word' id='word_1_309' title='bbox 1106 2640 1343 2693; x_wconf 87' lang='lat' dir='ltr'>imitans</span> <span class='ocrx_word' id='word_1_310' title='bbox 1361 2654 1677 2709; x_wconf 88' lang='lat' dir='ltr'>puerorum</span> <span class='ocrx_word' id='word_1_311' title='bbox 1699 2643 2110 2708; x_wconf 82' lang='lat' dir='ltr'>praeceptores,</span> <span class='ocrx_word' id='word_1_312' title='bbox 2127 2646 2180 2693; x_wconf 92' lang='lat' dir='ltr'>et</span> 
     </span>
    </p>
   </div>
   <div class='ocr_carea' id='block_1_45' title="bbox 537 2726 2176 2803">
    <p class='ocr_par' dir='ltr' id='par_1_45' title="bbox 537 2726 2176 2803">
     <span class='ocr_line' id='line_1_45' title="bbox 537 2726 2176 2803; baseline -0.001 -19"><span class='ocrx_word' id='word_1_313' title='bbox 537 2729 639 2803; x_wconf 94' lang='lat' dir='ltr'>qui</span> <span class='ocrx_word' id='word_1_314' title='bbox 659 2728 1073 2785; x_wconf 91' lang='lat' dir='ltr'>convenienter</span> <span class='ocrx_word' id='word_1_315' title='bbox 1089 2726 1319 2796; x_wconf 86' lang='lat' dir='ltr'>legibus</span> <span class='ocrx_word' id='word_1_316' title='bbox 1337 2726 1751 2780; x_wconf 89' lang='lat' dir='ltr'>decertationis</span> <span class='ocrx_word' id='word_1_317' title='bbox 1770 2726 1961 2781; x_wconf 89' lang='lat' dir='ltr'>sciunt</span> <span class='ocrx_word' id='word_1_318' title='bbox 1984 2727 2176 2782; x_wconf 91' lang='lat' dir='ltr'>decer-</span> 
     </span>
    </p>
   </div>
   <div class='ocr_carea' id='block_1_46' title="bbox 539 2813 2183 2883">
    <p class='ocr_par' dir='ltr' id='par_1_46' title="bbox 539 2813 2183 2883">
     <span class='ocr_line' id='line_1_46' title="bbox 539 2813 2183 2883; baseline -0.002 -10"><span class='ocrx_word' id='word_1_319' title='bbox 539 2822 685 2873; x_wconf 89' lang='lat' dir='ltr'>tare.</span> <span class='ocrx_word' id='word_1_320' title='bbox 708 2818 854 2873; x_wconf 88' lang='lat' dir='ltr'>Dicit</span> <span class='ocrx_word' id='word_1_321' title='bbox 873 2816 1031 2871; x_wconf 92' lang='lat' dir='ltr'>enim</span> <span class='ocrx_word' id='word_1_322' title='bbox 1060 2835 1071 2874; x_wconf 92' lang='lat'>:</span> <span class='ocrx_word' id='word_1_323' title='bbox 1106 2836 1129 2865; x_wconf 74' lang='grc' dir='ltr'><strong>α</strong></span> <span class='ocrx_word' id='word_1_324' title='bbox 1156 2816 1341 2871; x_wconf 93' lang='lat' dir='ltr'>Omne</span> <span class='ocrx_word' id='word_1_325' title='bbox 1365 2814 1651 2883; x_wconf 89' lang='lat' dir='ltr'>gaudium</span> <span class='ocrx_word' id='word_1_326' title='bbox 1684 2813 2034 2879; x_wconf 80' lang='lat' dir='ltr'>existimate,</span> <span class='ocrx_word' id='word_1_327' title='bbox 2065 2816 2183 2871; x_wconf 86' lang='lat' dir='ltr'>fra-</span> 
     </span>
    </p>
   </div>
   <div class='ocr_carea' id='block_1_47' title="bbox 540 2902 2177 2976">
    <p class='ocr_par' dir='ltr' id='par_1_47' title="bbox 540 2902 2177 2976">
     <span class='ocr_line' id='line_1_47' title="bbox 540 2902 2177 2976; baseline -0.004 -12"><span class='ocrx_word' id='word_1_328' title='bbox 540 2912 657 2964; x_wconf 83' lang='lat' dir='ltr'>tres</span> <span class='ocrx_word' id='word_1_329' title='bbox 696 2906 831 2966; x_wconf 92' lang='lat' dir='ltr'>mei.</span> <span class='ocrx_word' id='word_1_330' title='bbox 863 2905 1110 2976; x_wconf 88' lang='lat' dir='ltr'>quando</span> <span class='ocrx_word' id='word_1_331' title='bbox 1139 2904 1199 2958; x_wconf 93' lang='lat' dir='ltr'>in</span> <span class='ocrx_word' id='word_1_332' title='bbox 1233 2904 1579 2958; x_wconf 89' lang='lat' dir='ltr'>tentationes</span> <span class='ocrx_word' id='word_1_333' title='bbox 1611 2903 1799 2958; x_wconf 83' lang='lat' dir='ltr'>varias</span> <span class='ocrx_word' id='word_1_334' title='bbox 1838 2902 2177 2975; x_wconf 87' lang='lat' dir='ltr'>iucideritis,</span> 
     </span>
    </p>
   </div>
   <div class='ocr_carea' id='block_1_48' title="bbox 544 2992 2184 3066">
    <p class='ocr_par' dir='ltr' id='par_1_48' title="bbox 544 2992 2184 3066">
     <span class='ocr_line' id='line_1_48' title="bbox 544 2992 2184 3066; baseline -0.001 -15"><span class='ocrx_word' id='word_1_335' title='bbox 544 2997 794 3051; x_wconf 90' lang='lat' dir='ltr'>scientes</span> <span class='ocrx_word' id='word_1_336' title='bbox 811 2995 969 3066; x_wconf 91' lang='lat' dir='ltr'>quod</span> <span class='ocrx_word' id='word_1_337' title='bbox 995 2993 1266 3065; x_wconf 92' lang='lat' dir='ltr'>probatio</span> <span class='ocrx_word' id='word_1_338' title='bbox 1284 2992 1420 3047; x_wconf 87' lang='lat' dir='ltr'>ﬁdei</span> <span class='ocrx_word' id='word_1_339' title='bbox 1452 2997 1654 3047; x_wconf 73' lang='lat' dir='ltr'>vestrae</span> <span class='ocrx_word' id='word_1_340' title='bbox 1678 2994 2019 3063; x_wconf 90' lang='lat' dir='ltr'>patientiam</span> <span class='ocrx_word' id='word_1_341' title='bbox 2046 3010 2184 3066; x_wconf 93' lang='lat' dir='ltr'>ope-</span> 
     </span>
    </p>
   </div>
   <div class='ocr_carea' id='block_1_49' title="bbox 541 3080 2183 3155">
    <p class='ocr_par' dir='ltr' id='par_1_49' title="bbox 541 3080 2183 3155">
     <span class='ocr_line' id='line_1_49' title="bbox 541 3080 2183 3155; baseline -0.001 -15"><span class='ocrx_word' id='word_1_342' title='bbox 541 3084 814 3155; x_wconf 79' lang='lat' dir='ltr'>ratur(5):</span> <span class='ocrx_word' id='word_1_343' title='bbox 835 3081 1139 3154; x_wconf 88' lang='lat' dir='ltr'>[patientia</span> <span class='ocrx_word' id='word_1_344' title='bbox 1151 3088 1349 3136; x_wconf 90' lang='lat' dir='ltr'>autem</span> <span class='ocrx_word' id='word_1_345' title='bbox 1370 3080 1690 3152; x_wconf 84' lang='lat' dir='ltr'>perfectum</span> <span class='ocrx_word' id='word_1_346' title='bbox 1707 3098 1857 3151; x_wconf 92' lang='lat' dir='ltr'>opus</span> <span class='ocrx_word' id='word_1_347' title='bbox 1876 3082 2183 3148; x_wconf 88' lang='lat' dir='ltr'>habeat,ut</span> 
     </span>
    </p>
   </div>
   <div class='ocr_carea' id='block_1_50' title="bbox 542 3170 2184 3229">
    <p class='ocr_par' dir='ltr' id='par_1_50' title="bbox 542 3170 2184 3229">
     <span class='ocr_line' id='line_1_50' title="bbox 542 3170 2184 3229; baseline -0.001 0"><span class='ocrx_word' id='word_1_348' title='bbox 542 3173 603 3229; x_wconf 92' lang='lat' dir='ltr'>in</span> <span class='ocrx_word' id='word_1_349' title='bbox 634 3171 797 3229; x_wconf 89' lang='lat' dir='ltr'>nullo</span> <span class='ocrx_word' id='word_1_350' title='bbox 841 3170 1149 3226; x_wconf 81' lang='lat' dir='ltr'>deficiatis.</span> <span class='ocrx_word' id='word_1_351' title='bbox 1186 3170 1242 3225; x_wconf 91' lang='lat' dir='ltr'>Si</span> <span class='ocrx_word' id='word_1_352' title='bbox 1285 3171 1375 3224; x_wconf 91' lang='lat' dir='ltr'>cui</span> <span class='ocrx_word' id='word_1_353' title='bbox 1432 3174 1630 3224; x_wconf 92' lang='lat' dir='ltr'>autem</span> <span class='ocrx_word' id='word_1_354' title='bbox 1702 3176 1960 3225; x_wconf 89' lang='lat' dir='ltr'>vestrum</span> <span class='ocrx_word' id='word_1_355' title='bbox 2020 3173 2184 3228; x_wconf 89' lang='lat' dir='ltr'>deest</span> 
     </span>
    </p>
   </div>
   <div class='ocr_carea' id='block_1_51' title="bbox 544 3258 2179 3333">
    <p class='ocr_par' dir='ltr' id='par_1_51' title="bbox 544 3258 2179 3333">
     <span class='ocr_line' id='line_1_51' title="bbox 544 3258 2179 3333; baseline 0 -17"><span class='ocrx_word' id='word_1_356' title='bbox 544 3261 852 3333; x_wconf 87' lang='lat' dir='ltr'>sapientia,</span> <span class='ocrx_word' id='word_1_357' title='bbox 885 3264 1043 3332; x_wconf 88' lang='lat' dir='ltr'>petat</span> <span class='ocrx_word' id='word_1_358' title='bbox 1064 3275 1100 3315; x_wconf 91' lang='lat' dir='ltr'>a</span> <span class='ocrx_word' id='word_1_359' title='bbox 1122 3260 1260 3326; x_wconf 92' lang='lat' dir='ltr'>Deo,</span> <span class='ocrx_word' id='word_1_360' title='bbox 1289 3258 1389 3330; x_wconf 92' lang='lat' dir='ltr'>qui</span> <span class='ocrx_word' id='word_1_361' title='bbox 1421 3259 1522 3313; x_wconf 90' lang='lat' dir='ltr'>dat</span> <span class='ocrx_word' id='word_1_362' title='bbox 1552 3259 1834 3313; x_wconf 91' lang='lat' dir='ltr'>omnibus</span> <span class='ocrx_word' id='word_1_363' title='bbox 1887 3260 2179 3325; x_wconf 90' lang='lat' dir='ltr'>absolute,</span> 
     </span>
    </p>
   </div>
   <div class='ocr_carea' id='block_1_52' title="bbox 542 3349 2184 3422">
    <p class='ocr_par' dir='ltr' id='par_1_52' title="bbox 542 3349 2184 3422">
     <span class='ocr_line' id='line_1_52' title="bbox 542 3349 2184 3422; baseline -0.001 -16"><span class='ocrx_word' id='word_1_364' title='bbox 542 3356 599 3407; x_wconf 93' lang='lat' dir='ltr'>et</span> <span class='ocrx_word' id='word_1_365' title='bbox 628 3366 749 3406; x_wconf 91' lang='lat' dir='ltr'>non</span> <span class='ocrx_word' id='word_1_366' title='bbox 775 3349 1090 3422; x_wconf 82' lang='lat' dir='ltr'>exprobra.</span> <span class='ocrx_word' id='word_1_367' title='bbox 1124 3369 1147 3399; x_wconf 72' lang='grc' dir='ltr'><strong>υ</strong></span> <span class='ocrx_word' id='word_1_368' title='bbox 1179 3349 1495 3403; x_wconf 86' lang='lat' dir='ltr'>Considera</span> <span class='ocrx_word' id='word_1_369' title='bbox 1526 3353 1746 3411; x_wconf 90' lang='lat' dir='ltr'>autem,</span> <span class='ocrx_word' id='word_1_370' title='bbox 1776 3366 1913 3403; x_wconf 89' lang='lat' dir='ltr'>cum</span> <span class='ocrx_word' id='word_1_371' title='bbox 1968 3356 2184 3419; x_wconf 88' lang='lat' dir='ltr'>quanta</span> 
     </span>
    </p>
   </div>
   <div class='ocr_carea' id='block_1_53' title="bbox 540 3435 2180 3511">
    <p class='ocr_par' dir='ltr' id='par_1_53' title="bbox 540 3435 2180 3511">
     <span class='ocr_line' id='line_1_53' title="bbox 540 3435 2180 3511; baseline -0.002 -17"><span class='ocrx_word' id='word_1_372' title='bbox 540 3439 809 3495; x_wconf 89' lang='lat' dir='ltr'>hortatur</span> <span class='ocrx_word' id='word_1_373' title='bbox 831 3437 1134 3511; x_wconf 90' lang='lat' dir='ltr'>sapientia.</span> <span class='ocrx_word' id='word_1_374' title='bbox 1152 3440 1275 3492; x_wconf 90' lang='lat' dir='ltr'>Non</span> <span class='ocrx_word' id='word_1_375' title='bbox 1294 3437 1451 3491; x_wconf 95' lang='lat' dir='ltr'>enim</span> <span class='ocrx_word' id='word_1_376' title='bbox 1478 3435 1860 3490; x_wconf 90' lang='lat' dir='ltr'>solummodo</span> <span class='ocrx_word' id='word_1_377' title='bbox 1879 3436 2180 3501; x_wconf 86' lang='lat' dir='ltr'>sustinere,</span> 
     </span>
    </p>
   </div>
   <div class='ocr_carea' id='block_1_54' title="bbox 2294 1838 3907 1915">
    <p class='ocr_par' dir='ltr' id='par_1_54' title="bbox 2294 1838 3907 1915">
     <span class='ocr_line' id='line_1_54' title="bbox 2294 1838 3907 1915; baseline -0.001 -23"><span class='ocrx_word' id='word_1_378' title='bbox 2294 1838 2649 1902; x_wconf 79' lang='grc' dir='ltr'>διδασκαλίας</span> <span class='ocrx_word' id='word_1_379' title='bbox 2682 1840 2937 1915; x_wconf 79' lang='grc' dir='ltr'><em>ἀκρίϐεια.</em></span> <span class='ocrx_word' id='word_1_380' title='bbox 2985 1845 3082 1893; x_wconf 85' lang='grc' dir='ltr'>Καὶ</span> <span class='ocrx_word' id='word_1_381' title='bbox 3108 1843 3208 1914; x_wconf 88' lang='grc' dir='ltr'>γάρ</span> <span class='ocrx_word' id='word_1_382' title='bbox 3256 1839 3303 1891; x_wconf 84' lang='grc' dir='ltr'><em>ἐν</em></span> <span class='ocrx_word' id='word_1_383' title='bbox 3331 1848 3391 1912; x_wconf 77' lang='grc' dir='ltr'><em>τῇ</em></span> <span class='ocrx_word' id='word_1_384' title='bbox 3435 1839 3576 1914; x_wconf 78' lang='grc' dir='ltr'><em>ἀρχῇ</em></span> <span class='ocrx_word' id='word_1_385' title='bbox 3612 1848 3709 1900; x_wconf 79' lang='grc' dir='ltr'>τῆς</span> <span class='ocrx_word' id='word_1_386' title='bbox 3756 1842 3907 1893; x_wconf 79' lang='grc' dir='ltr'><em>Ἐπι-</em></span> 
     </span>
    </p>
   </div>
   <div class='ocr_carea' id='block_1_55' title="bbox 2296 1930 3901 2004">
    <p class='ocr_par' dir='ltr' id='par_1_55' title="bbox 2296 1930 3901 2004">
     <span class='ocr_line' id='line_1_55' title="bbox 2296 1930 3901 2004; baseline 0 -23"><span class='ocrx_word' id='word_1_387' title='bbox 2296 1930 2478 1988; x_wconf 77' lang='grc' dir='ltr'><em>στολῆς</em></span> <span class='ocrx_word' id='word_1_388' title='bbox 2534 1935 2800 2001; x_wconf 86' lang='grc' dir='ltr'><em>γενόμενος</em></span> <span class='ocrx_word' id='word_1_389' title='bbox 2862 1934 2948 2003; x_wconf 90' lang='grc' dir='ltr'><em>κρὶ</em></span> <span class='ocrx_word' id='word_1_390' title='bbox 3013 1935 3281 1989; x_wconf 81' lang='grc' dir='ltr'><em>σκοπήσας</em></span> <span class='ocrx_word' id='word_1_391' title='bbox 3324 1938 3395 2000; x_wconf 84' lang='grc' dir='ltr'>τῷ</span> <span class='ocrx_word' id='word_1_392' title='bbox 3447 1932 3753 2004; x_wconf 75' lang='grc' dir='ltr'>θεωρητικῷ</span> <span class='ocrx_word' id='word_1_393' title='bbox 3812 1939 3901 1991; x_wconf 73' lang='grc' dir='ltr'><em>τῆς</em></span> 
     </span>
    </p>
   </div>
   <div class='ocr_carea' id='block_1_56' title="bbox 2292 2016 3909 2092">
    <p class='ocr_par' dir='ltr' id='par_1_56' title="bbox 2292 2016 3909 2092">
     <span class='ocr_line' id='line_1_56' title="bbox 2292 2016 3909 2092; baseline 0.012 -41"><span class='ocrx_word' id='word_1_394' title='bbox 2292 2018 2478 2089; x_wconf 63' lang='grc' dir='ltr'>ψυχῆς</span> <span class='ocrx_word' id='word_1_395' title='bbox 2511 2018 2777 2091; x_wconf 58' lang='grc' dir='ltr'><em>ὀφθαλμῷ,</em></span> <span class='ocrx_word' id='word_1_396' title='bbox 2829 2022 2907 2071; x_wconf 88' lang='grc' dir='ltr'><em>ὅτι</em></span> <span class='ocrx_word' id='word_1_397' title='bbox 2954 2022 3122 2071; x_wconf 84' lang='grc' dir='ltr'><em>πάντα</em></span> <span class='ocrx_word' id='word_1_398' title='bbox 3172 2016 3238 2077; x_wconf 75' lang='grc' dir='ltr'><em>δὴ</em></span> <span class='ocrx_word' id='word_1_399' title='bbox 3281 2022 3365 2070; x_wconf 85' lang='grc' dir='ltr'>τόν</span> <span class='ocrx_word' id='word_1_400' title='bbox 3416 2026 3485 2087; x_wconf 78' lang='grc' dir='ltr'><em>τῷ</em></span> <span class='ocrx_word' id='word_1_401' title='bbox 3518 2027 3632 2088; x_wconf 77' lang='grc' dir='ltr'>Θεῷ</span> <span class='ocrx_word' id='word_1_402' title='bbox 3664 2038 3909 2092; x_wconf 73' lang='grc' dir='ltr'><em>προσερ-</em></span> 
     </span>
    </p>
   </div>
   <div class='ocr_carea' id='block_1_57' title="bbox 2295 2107 3903 2182">
    <p class='ocr_par' dir='ltr' id='par_1_57' title="bbox 2295 2107 3903 2182">
     <span class='ocr_line' id='line_1_57' title="bbox 2295 2107 3903 2182; baseline 0.001 -24"><span class='ocrx_word' id='word_1_403' title='bbox 2295 2112 2516 2179; x_wconf 84' lang='grc' dir='ltr'><em>χόμενον</em></span> <span class='ocrx_word' id='word_1_404' title='bbox 2573 2107 2852 2160; x_wconf 87' lang='grc' dir='ltr'><em>ἀκόλουθον</em></span> <span class='ocrx_word' id='word_1_405' title='bbox 2929 2115 3239 2182; x_wconf 79' lang='grc' dir='ltr'><em>πειρασμοῖς</em></span> <span class='ocrx_word' id='word_1_406' title='bbox 3321 2112 3645 2181; x_wconf 76' lang='grc' dir='ltr'><em>περιπίπτειν</em></span> <span class='ocrx_word' id='word_1_407' title='bbox 3720 2107 3903 2182; x_wconf 69' lang='grc' dir='ltr'><em>(ἀρχή</em></span> 
     </span>
    </p>
   </div>
   <div class='ocr_carea' id='block_1_58' title="bbox 2293 2194 3905 2271">
    <p class='ocr_par' dir='ltr' id='par_1_58' title="bbox 2293 2194 3905 2271">
     <span class='ocr_line' id='line_1_58' title="bbox 2293 2194 3905 2271; baseline 0.001 -23"><span class='ocrx_word' id='word_1_408' title='bbox 2293 2200 2382 2269; x_wconf 77' lang='grc' dir='ltr'><em>μὲν</em></span> <span class='ocrx_word' id='word_1_409' title='bbox 2412 2200 2512 2271; x_wconf 82' lang='grc' dir='ltr'><em>γὰρ</em></span> <span class='ocrx_word' id='word_1_410' title='bbox 2569 2203 2657 2249; x_wconf 86' lang='grc' dir='ltr'><em>καὶ</em></span> <span class='ocrx_word' id='word_1_411' title='bbox 2702 2198 2829 2271; x_wconf 79' lang='grc' dir='ltr'>ῥίζα</span> <span class='ocrx_word' id='word_1_412' title='bbox 2878 2205 2967 2249; x_wconf 86' lang='grc' dir='ltr'>τοῦ</span> <span class='ocrx_word' id='word_1_413' title='bbox 3016 2198 3272 2267; x_wconf 82' lang='grc' dir='ltr'><em>ἀγαθοῦό</em></span> <span class='ocrx_word' id='word_1_414' title='bbox 3312 2200 3449 2261; x_wconf 82' lang='grc' dir='ltr'><em>Θεὸς,</em></span> <span class='ocrx_word' id='word_1_415' title='bbox 3504 2195 3702 2266; x_wconf 82' lang='grc' dir='ltr'><em>ἀγαθόν</em></span> <span class='ocrx_word' id='word_1_416' title='bbox 3756 2194 3823 2249; x_wconf 76' lang='grc' dir='ltr'>δὲ</span> <span class='ocrx_word' id='word_1_417' title='bbox 3875 2201 3905 2256; x_wconf 70' lang='grc' dir='ltr'>ἡ</span> 
     </span>
    </p>
   </div>
   <div class='ocr_carea' id='block_1_59' title="bbox 2295 2283 3910 2360">
    <p class='ocr_par' dir='ltr' id='par_1_59' title="bbox 2295 2283 3910 2360">
     <span class='ocr_line' id='line_1_59' title="bbox 2295 2283 3910 2360; baseline 0.001 -23"><span class='ocrx_word' id='word_1_418' title='bbox 2295 2284 2467 2359; x_wconf 70' lang='grc' dir='ltr'><em>ἀρετὴ,</em></span> <span class='ocrx_word' id='word_1_419' title='bbox 2520 2289 2548 2344; x_wconf 79' lang='grc' dir='ltr'>ἡ</span> <span class='ocrx_word' id='word_1_420' title='bbox 2599 2283 2658 2338; x_wconf 82' lang='grc' dir='ltr'>δέ</span> <span class='ocrx_word' id='word_1_421' title='bbox 2694 2306 2749 2358; x_wconf 87' lang='grc' dir='ltr'>γε</span> <span class='ocrx_word' id='word_1_422' title='bbox 2798 2290 2922 2360; x_wconf 81' lang='grc' dir='ltr'><em>πρὸς</em></span> <span class='ocrx_word' id='word_1_423' title='bbox 2962 2285 3145 2358; x_wconf 71' lang='grc' dir='ltr'><em>ἀρετὴν</em></span> <span class='ocrx_word' id='word_1_424' title='bbox 3192 2291 3416 2359; x_wconf 72' lang='grc' dir='ltr'><em>φέρουσα</em></span> <span class='ocrx_word' id='word_1_425' title='bbox 3458 2285 3685 2358; x_wconf 79' lang='grc' dir='ltr'><em>τραχεῖά</em></span> <span class='ocrx_word' id='word_1_426' title='bbox 3715 2306 3771 2338; x_wconf 84' lang='grc' dir='ltr'>τε</span> <span class='ocrx_word' id='word_1_427' title='bbox 3814 2294 3910 2339; x_wconf 77' lang='grc' dir='ltr'><em>καὶ</em></span> 
     </span>
    </p>
   </div>
   <div class='ocr_carea' id='block_1_60' title="bbox 2294 2373 3910 2448">
    <p class='ocr_par' dir='ltr' id='par_1_60' title="bbox 2294 2373 3910 2448">
     <span class='ocr_line' id='line_1_60' title="bbox 2294 2373 3910 2448; baseline 0.001 -22"><span class='ocrx_word' id='word_1_428' title='bbox 2294 2378 2554 2448; x_wconf 85' lang='grc' dir='ltr'><em>προάντης</em></span> <span class='ocrx_word' id='word_1_429' title='bbox 2578 2375 2857 2427; x_wconf 81' lang='grc' dir='ltr'><em>καὶπολλὰ</em></span> <span class='ocrx_word' id='word_1_430' title='bbox 2886 2379 2950 2427; x_wconf 91' lang='grc' dir='ltr'>τά</span> <span class='ocrx_word' id='word_1_431' title='bbox 3003 2374 3324 2446; x_wconf 77' lang='grc' dir='ltr'><em>ἀντικείμενα</em></span> <span class='ocrx_word' id='word_1_432' title='bbox 3372 2377 3575 2445; x_wconf 80' lang='grc' dir='ltr'><em>ἔχουσα</em></span> <span class='ocrx_word' id='word_1_433' title='bbox 3626 2390 3639 2400; x_wconf 83' lang='grc'><em>’</em></span> <span class='ocrx_word' id='word_1_434' title='bbox 3681 2381 3775 2427; x_wconf 88' lang='grc' dir='ltr'><em>καὶ</em></span> <span class='ocrx_word' id='word_1_435' title='bbox 3812 2373 3910 2427; x_wconf 70' lang='grc' dir='ltr'>δ’ιά</span> 
     </span>
    </p>
   </div>
   <div class='ocr_carea' id='block_1_61' title="bbox 2295 2463 3908 2537">
    <p class='ocr_par' dir='ltr' id='par_1_61' title="bbox 2295 2463 3908 2537">
     <span class='ocr_line' id='line_1_61' title="bbox 2295 2463 3908 2537; baseline 0.001 -23"><span class='ocrx_word' id='word_1_436' title='bbox 2295 2471 2446 2514; x_wconf 82' lang='grc' dir='ltr'><em>τοῦτο</em></span> <span class='ocrx_word' id='word_1_437' title='bbox 2501 2464 2772 2535; x_wconf 75' lang='grc' dir='ltr'><em>συμϐαίνει</em></span> <span class='ocrx_word' id='word_1_438' title='bbox 2820 2467 3019 2524; x_wconf 87' lang='grc' dir='ltr'><em>πάντως</em></span> <span class='ocrx_word' id='word_1_439' title='bbox 3067 2471 3178 2524; x_wconf 89' lang='grc' dir='ltr'><em>τοῖς</em></span> <span class='ocrx_word' id='word_1_440' title='bbox 3232 2467 3361 2535; x_wconf 82' lang='grc' dir='ltr'><em>πρὸς</em></span> <span class='ocrx_word' id='word_1_441' title='bbox 3411 2466 3537 2517; x_wconf 82' lang='grc' dir='ltr'><em>Θεὸν</em></span> <span class='ocrx_word' id='word_1_442' title='bbox 3590 2463 3908 2537; x_wconf 72' lang='grc' dir='ltr'><em>ἐρχομένοις</em></span> 
     </span>
    </p>
   </div>
   <div class='ocr_carea' id='block_1_62' title="bbox 3342 2549 3903 2612">
    <p class='ocr_par' dir='ltr' id='par_1_62' title="bbox 3342 2549 3903 2612">
     <span class='ocr_line' id='line_1_62' title="bbox 3342 2549 3903 2612; baseline 0.002 -8"><span class='ocrx_word' id='word_1_443' title='bbox 3342 2570 3354 2582; x_wconf 87' lang='grc'><strong>·</strong></span> <span class='ocrx_word' id='word_1_444' title='bbox 3392 2560 3548 2604; x_wconf 86' lang='grc' dir='ltr'><em>τοῦτο</em></span> <span class='ocrx_word' id='word_1_445' title='bbox 3582 2549 3649 2610; x_wconf 82' lang='grc' dir='ltr'>δὴ</span> <span class='ocrx_word' id='word_1_446' title='bbox 3698 2559 3903 2612; x_wconf 69' lang='grc' dir='ltr'><em>σκοπή-</em></span> 
     </span>
    </p>
   </div>
   <div class='ocr_carea' id='block_1_63' title="bbox 2301 2637 3897 2711">
    <p class='ocr_par' dir='ltr' id='par_1_63' title="bbox 2301 2637 3897 2711">
     <span class='ocr_line' id='line_1_63' title="bbox 2301 2637 3897 2711; baseline 0.002 -22"><span class='ocrx_word' id='word_1_447' title='bbox 2301 2658 2397 2699; x_wconf 92' lang='grc' dir='ltr'>σας</span> <span class='ocrx_word' id='word_1_448' title='bbox 2442 2638 2630 2710; x_wconf 70' lang='grc' dir='ltr'><em>ἀλείφει</em></span> <span class='ocrx_word' id='word_1_449' title='bbox 2672 2643 2787 2700; x_wconf 81' lang='grc' dir='ltr'><em>τους</em></span> <span class='ocrx_word' id='word_1_450' title='bbox 2838 2644 3056 2701; x_wconf 78' lang='grc' dir='ltr'><em>πιστοὺς</em></span> <span class='ocrx_word' id='word_1_451' title='bbox 3103 2643 3232 2711; x_wconf 87' lang='grc' dir='ltr'><em>πρὸς</em></span> <span class='ocrx_word' id='word_1_452' title='bbox 3288 2640 3547 2711; x_wconf 74' lang='grc' dir='ltr'><em>ὑπομονὴν</em></span> <span class='ocrx_word' id='word_1_453' title='bbox 3601 2637 3897 2711; x_wconf 72' lang='grc' dir='ltr'><em>ἀνένδοτον,</em></span> 
     </span>
    </p>
   </div>
   <div class='ocr_carea' id='block_1_64' title="bbox 2298 2551 3296 2625">
    <p class='ocr_par' dir='ltr' id='par_1_64' title="bbox 2298 2551 3296 2625">
     <span class='ocr_line' id='line_1_64' title="bbox 2298 2551 3296 2625; baseline 0.002 -24"><span class='ocrx_word' id='word_1_454' title='bbox 2298 2551 2586 2623; x_wconf 70' lang='grc' dir='ltr'><em>ἀνωμάλοις</em></span> <span class='ocrx_word' id='word_1_455' title='bbox 2615 2555 2893 2624; x_wconf 84' lang='grc' dir='ltr'><em>πράγμασι</em></span> <span class='ocrx_word' id='word_1_456' title='bbox 2946 2552 3296 2625; x_wconf 82' lang='grc' dir='ltr'><em>περιπίπτειν)</em></span> 
     </span>
    </p>
   </div>
   <div class='ocr_carea' id='block_1_65' title="bbox 2298 2725 3897 2801">
    <p class='ocr_par' dir='ltr' id='par_1_65' title="bbox 2298 2725 3897 2801">
     <span class='ocr_line' id='line_1_65' title="bbox 2298 2725 3897 2801; baseline 0.003 -23"><span class='ocrx_word' id='word_1_457' title='bbox 2298 2732 2417 2789; x_wconf 77' lang='grc' dir='ltr'><em>τοὺς</em></span> <span class='ocrx_word' id='word_1_458' title='bbox 2474 2732 2659 2799; x_wconf 76' lang='grc' dir='ltr'><em>σοφοὺς</em></span> <span class='ocrx_word' id='word_1_459' title='bbox 2707 2732 3017 2800; x_wconf 79' lang='grc' dir='ltr'><em>μιμούμενος</em></span> <span class='ocrx_word' id='word_1_460' title='bbox 3080 2725 3446 2801; x_wconf 84' lang='grc' dir='ltr'><em>παιδοτρίϐας,</em></span> <span class='ocrx_word' id='word_1_461' title='bbox 3496 2734 3585 2780; x_wconf 81' lang='grc' dir='ltr'><em>καὶ</em></span> <span class='ocrx_word' id='word_1_462' title='bbox 3630 2733 3769 2781; x_wconf 82' lang='grc' dir='ltr'>κατά</span> <span class='ocrx_word' id='word_1_463' title='bbox 3814 2738 3897 2782; x_wconf 86' lang='grc' dir='ltr'><em>νό-</em></span> 
     </span>
    </p>
   </div>
   <div class='ocr_carea' id='block_1_66' title="bbox 2299 2836 2425 2888">
    <p class='ocr_par' dir='ltr' id='par_1_66' title="bbox 2299 2836 2425 2888">
     <span class='ocr_line' id='line_1_66' title="bbox 2299 2836 2425 2888; baseline -0.008 -21"><span class='ocrx_word' id='word_1_464' title='bbox 2299 2836 2425 2888; x_wconf 84' lang='grc' dir='ltr'><em>μους</em></span> 
     </span>
    </p>
   </div>
   <div class='ocr_carea' id='block_1_67' title="bbox 2302 2904 3885 2980">
    <p class='ocr_par' dir='ltr' id='par_1_67' title="bbox 2302 2904 3885 2980">
     <span class='ocr_line' id='line_1_67' title="bbox 2302 2904 3885 2980; baseline 0.001 -23"><span class='ocrx_word' id='word_1_465' title='bbox 2302 2911 2429 2977; x_wconf 72' lang='grc' dir='ltr'><em>φησὶ</em></span> <span class='ocrx_word' id='word_1_466' title='bbox 2457 2908 2555 2980; x_wconf 88' lang='grc' dir='ltr'>γάρ</span> <span class='ocrx_word' id='word_1_467' title='bbox 2590 2926 2601 2937; x_wconf 86' lang='grc'><strong>·</strong></span> <span class='ocrx_word' id='word_1_468' title='bbox 2632 2928 2657 2957; x_wconf 81' lang='grc' dir='ltr'>ι(</span> <span class='ocrx_word' id='word_1_469' title='bbox 2684 2914 2864 2958; x_wconf 78' lang='grc' dir='ltr'><em>Πᾶσαν</em></span> <span class='ocrx_word' id='word_1_470' title='bbox 2892 2910 3067 2977; x_wconf 80' lang='grc' dir='ltr'><em>χαρὰν</em></span> <span class='ocrx_word' id='word_1_471' title='bbox 3098 2908 3393 2977; x_wconf 72' lang='grc' dir='ltr'><em>ἡγήσασθε,</em></span> <span class='ocrx_word' id='word_1_472' title='bbox 3426 2904 3641 2979; x_wconf 74' lang='grc' dir='ltr'><em>ἀδελφοί</em></span> <span class='ocrx_word' id='word_1_473' title='bbox 3666 2928 3793 2980; x_wconf 79' lang='grc' dir='ltr'><em>μου,</em></span> <span class='ocrx_word' id='word_1_474' title='bbox 3824 2909 3885 2960; x_wconf 76' lang='grc' dir='ltr'>ὅτ’</span> 
     </span>
    </p>
   </div>
   <div class='ocr_carea' id='block_1_68' title="bbox 2501 2817 3886 2890">
    <p class='ocr_par' dir='ltr' id='par_1_68' title="bbox 2501 2817 3886 2890">
     <span class='ocr_line' id='line_1_68' title="bbox 2501 2817 3886 2890; baseline 0.002 -22"><span class='ocrx_word' id='word_1_475' title='bbox 2501 2817 2765 2879; x_wconf 75' lang='grc' dir='ltr'><em>ἀθλήσεως</em></span> <span class='ocrx_word' id='word_1_476' title='bbox 2844 2818 3008 2878; x_wconf 75' lang='grc' dir='ltr'><em>καλῶς</em></span> <span class='ocrx_word' id='word_1_477' title='bbox 3085 2821 3367 2889; x_wconf 74' lang='grc' dir='ltr'><em>γυμνάζειν</em></span> <span class='ocrx_word' id='word_1_478' title='bbox 3445 2818 3825 2890; x_wconf 80' lang='grc' dir='ltr'><em>ἐπισταμένους</em></span> <span class='ocrx_word' id='word_1_479' title='bbox 3875 2838 3886 2848; x_wconf 74' lang='grc'><strong>⁸</strong></span> 
     </span>
    </p>
   </div>
   <div class='ocr_carea' id='block_1_69' title="bbox 2300 2994 3895 3069">
    <p class='ocr_par' dir='ltr' id='par_1_69' title="bbox 2300 2994 3895 3069">
     <span class='ocr_line' id='line_1_69' title="bbox 2300 2994 3895 3069; baseline 0.002 -23"><span class='ocrx_word' id='word_1_480' title='bbox 2300 2994 2358 3045; x_wconf 84' lang='grc' dir='ltr'>ἀν</span> <span class='ocrx_word' id='word_1_481' title='bbox 2407 3002 2715 3069; x_wconf 87' lang='grc' dir='ltr'><em>πειρασμοῖς</em></span> <span class='ocrx_word' id='word_1_482' title='bbox 2758 3000 3069 3069; x_wconf 83' lang='grc' dir='ltr'><em>περιπέσητε</em></span> <span class='ocrx_word' id='word_1_483' title='bbox 3116 2996 3413 3057; x_wconf 87' lang='grc' dir='ltr'><em>ποικίλοις·</em></span> <span class='ocrx_word' id='word_1_484' title='bbox 3447 3017 3473 3049; x_wconf 90' lang='grc'><strong>‹</strong></span> <span class='ocrx_word' id='word_1_485' title='bbox 3520 3017 3610 3049; x_wconf 87' lang='grc' dir='ltr'><em>και</em></span> <span class='ocrx_word' id='word_1_486' title='bbox 3651 2999 3681 3054; x_wconf 79' lang='grc' dir='ltr'>ἡ</span> <span class='ocrx_word' id='word_1_487' title='bbox 3734 2998 3895 3063; x_wconf 75' lang='grc' dir='ltr'><em>αἰτία,</em></span> 
     </span>
    </p>
   </div>
   <div class='ocr_carea' id='block_1_70' title="bbox 2299 3081 3902 3156">
    <p class='ocr_par' dir='ltr' id='par_1_70' title="bbox 2299 3081 3902 3156">
     <span class='ocr_line' id='line_1_70' title="bbox 2299 3081 3902 3156; baseline 0.002 -21"><span class='ocrx_word' id='word_1_488' title='bbox 2299 3107 2325 3135; x_wconf 88' lang='grc'>‹‹</span> <span class='ocrx_word' id='word_1_489' title='bbox 2362 3082 2593 3147; x_wconf 79' lang='grc' dir='ltr'><em>Εἰδότες,</em></span> <span class='ocrx_word' id='word_1_490' title='bbox 2641 3090 2793 3156; x_wconf 80' lang='grc' dir='ltr'><em>φησὶ,</em></span> <span class='ocrx_word' id='word_1_491' title='bbox 2844 3087 2922 3136; x_wconf 83' lang='grc' dir='ltr'><em>ὅτι</em></span> <span class='ocrx_word' id='word_1_492' title='bbox 2970 3088 3027 3135; x_wconf 88' lang='grc' dir='ltr'>τό</span> <span class='ocrx_word' id='word_1_493' title='bbox 3078 3081 3315 3155; x_wconf 86' lang='grc' dir='ltr'><em>δοκίμιον</em></span> <span class='ocrx_word' id='word_1_494' title='bbox 3365 3086 3506 3156; x_wconf 78' lang='grc' dir='ltr'><em>ὑμῶν</em></span> <span class='ocrx_word' id='word_1_495' title='bbox 3546 3094 3642 3147; x_wconf 79' lang='grc' dir='ltr'>τῆς</span> <span class='ocrx_word' id='word_1_496' title='bbox 3671 3091 3902 3148; x_wconf 84' lang='grc' dir='ltr'><em>πίστεως</em></span> 
     </span>
    </p>
   </div>
   <div class='ocr_carea' id='block_1_71' title="bbox 2297 3173 3903 3247">
    <p class='ocr_par' dir='ltr' id='par_1_71' title="bbox 2297 3173 3903 3247">
     <span class='ocr_line' id='line_1_71' title="bbox 2297 3173 3903 3247; baseline 0.002 -23"><span class='ocrx_word' id='word_1_497' title='bbox 2297 3174 2557 3243; x_wconf 73' lang='grc' dir='ltr'><em>ὑπομονὴν</em></span> <span class='ocrx_word' id='word_1_498' title='bbox 2590 3174 2966 3245; x_wconf 75' lang='grc' dir='ltr'><em>κατεργάζεται</em></span> <span class='ocrx_word' id='word_1_499' title='bbox 3124 3193 3151 3223; x_wconf 88' lang='grc'><strong>››</strong></span> <span class='ocrx_word' id='word_1_500' title='bbox 3199 3176 3325 3225; x_wconf 78' lang='grc' dir='ltr'><em>Εἶτα</em></span> <span class='ocrx_word' id='word_1_501' title='bbox 3355 3178 3411 3225; x_wconf 89' lang='grc' dir='ltr'>τό</span> <span class='ocrx_word' id='word_1_502' title='bbox 3443 3180 3559 3247; x_wconf 86' lang='grc' dir='ltr'><em>περὶ</em></span> <span class='ocrx_word' id='word_1_503' title='bbox 3590 3180 3684 3232; x_wconf 80' lang='grc' dir='ltr'>τὴν</span> <span class='ocrx_word' id='word_1_504' title='bbox 3716 3180 3903 3227; x_wconf 79' lang='grc' dir='ltr'><em>πίστιν</em></span> 
     </span>
    </p>
   </div>
   <div class='ocr_carea' id='block_1_72' title="bbox 2299 3261 3903 3339">
    <p class='ocr_par' dir='ltr' id='par_1_72' title="bbox 2299 3261 3903 3339">
     <span class='ocr_line' id='line_1_72' title="bbox 2299 3261 3903 3339; baseline 0.003 -29"><span class='ocrx_word' id='word_1_505' title='bbox 2299 3261 2643 3331; x_wconf 72' lang='grc' dir='ltr'><em>ἀναμφίλογον</em></span> <span class='ocrx_word' id='word_1_506' title='bbox 2700 3281 2753 3312; x_wconf 87' lang='grc' dir='ltr'>τε</span> <span class='ocrx_word' id='word_1_507' title='bbox 2814 3266 2900 3312; x_wconf 85' lang='grc' dir='ltr'><em>καὶ</em></span> <span class='ocrx_word' id='word_1_508' title='bbox 2942 3264 3188 3334; x_wconf 82' lang='grc' dir='ltr'><em>σταθερὸν</em></span> <span class='ocrx_word' id='word_1_509' title='bbox 3241 3263 3553 3319; x_wconf 78' lang='grc' dir='ltr'><em>ὑποτίθησιν</em></span> <span class='ocrx_word' id='word_1_510' title='bbox 3605 3282 3618 3295; x_wconf 87' lang='grc'><strong>·</strong></span> <span class='ocrx_word' id='word_1_511' title='bbox 3672 3285 3701 3315; x_wconf 75' lang='grc' dir='ltr'>(ι</span> <span class='ocrx_word' id='word_1_512' title='bbox 3764 3271 3903 3339; x_wconf 68' lang='grc' dir='ltr'>Ανὴρ</span> 
     </span>
    </p>
   </div>
   <div class='ocr_carea' id='block_1_73' title="bbox 2299 3347 3905 3419">
    <p class='ocr_par' dir='ltr' id='par_1_73' title="bbox 2299 3347 3905 3419">
     <span class='ocr_line' id='line_1_73' title="bbox 2299 3347 3905 3419; baseline 0.004 -19"><span class='ocrx_word' id='word_1_513' title='bbox 2299 3347 2556 3419; x_wconf 67' lang='grc' dir='ltr'><em>δίψυχος,</em></span> <span class='ocrx_word' id='word_1_514' title='bbox 2596 3349 2775 3419; x_wconf 85' lang='grc' dir='ltr'><em>λέγων,</em></span> <span class='ocrx_word' id='word_1_515' title='bbox 2840 3349 3201 3410; x_wconf 79' lang='grc' dir='ltr'><em>ἀκατάστατος</em></span> <span class='ocrx_word' id='word_1_516' title='bbox 3250 3350 3297 3402; x_wconf 85' lang='grc' dir='ltr'>ἐν</span> <span class='ocrx_word' id='word_1_517' title='bbox 3350 3354 3547 3414; x_wconf 88' lang='grc' dir='ltr'><em>πάσαις</em></span> <span class='ocrx_word' id='word_1_518' title='bbox 3602 3361 3716 3415; x_wconf 88' lang='grc' dir='ltr'><em>ταῖς</em></span> <span class='ocrx_word' id='word_1_519' title='bbox 3756 3351 3905 3416; x_wconf 76' lang='grc' dir='ltr'><em>ὁδοῖς</em></span> 
     </span>
    </p>
   </div>
   <div class='ocr_carea' id='block_1_74' title="bbox 2300 3437 2546 3498">
    <p class='ocr_par' dir='ltr' id='par_1_74' title="bbox 2300 3437 2546 3498">
     <span class='ocr_line' id='line_1_74' title="bbox 2300 3437 2546 3498; baseline 0.012 -11"><span class='ocrx_word' id='word_1_520' title='bbox 2300 3437 2477 3498; x_wconf 71' lang='grc' dir='ltr'><em>αὐτοῦ,</em></span> <span class='ocrx_word' id='word_1_521' title='bbox 2518 3459 2546 3490; x_wconf 87' lang='grc'>›)</span> 
     </span>
    </p>
   </div>
   <div class='ocr_carea' id='block_1_75' title="bbox 541 3524 3903 3600">
    <p class='ocr_par' dir='ltr' id='par_1_75' title="bbox 541 3524 3903 3600">
     <span class='ocr_line' id='line_1_75' title="bbox 541 3524 3903 3600; baseline 0.001 -17"><span class='ocrx_word' id='word_1_522' title='bbox 541 3528 647 3583; x_wconf 90' lang='lat' dir='ltr'>sed</span> <span class='ocrx_word' id='word_1_523' title='bbox 675 3528 852 3583; x_wconf 93' lang='lat' dir='ltr'>etiam</span> <span class='ocrx_word' id='word_1_524' title='bbox 876 3526 1133 3596; x_wconf 89' lang='lat' dir='ltr'>gaudere</span> <span class='ocrx_word' id='word_1_525' title='bbox 1158 3525 1564 3598; x_wconf 87' lang='lat' dir='ltr'>ingruentibus</span> <span class='ocrx_word' id='word_1_526' title='bbox 1586 3524 1750 3595; x_wconf 92' lang='lat' dir='ltr'>jubet</span> <span class='ocrx_word' id='word_1_527' title='bbox 1783 3526 2210 3582; x_wconf 74' lang='lat' dir='ltr'>tentationibus</span> <span class='ocrx_word' id='word_1_528' title='bbox 2238 3544 2251 3593; x_wconf 92' lang='lat'>;</span> <span class='ocrx_word' id='word_1_529' title='bbox 2282 3544 2384 3581; x_wconf 90' lang='lat' dir='ltr'>nec</span> <span class='ocrx_word' id='word_1_530' title='bbox 2422 3526 2618 3581; x_wconf 93' lang='lat' dir='ltr'>solum</span> <span class='ocrx_word' id='word_1_531' title='bbox 2650 3526 2933 3595; x_wconf 88' lang='lat' dir='ltr'>gaudere,</span> <span class='ocrx_word' id='word_1_532' title='bbox 2969 3529 3070 3583; x_wconf 91' lang='lat' dir='ltr'>sed</span> <span class='ocrx_word' id='word_1_533' title='bbox 3104 3529 3159 3583; x_wconf 89' lang='lat' dir='ltr'>id</span> <span class='ocrx_word' id='word_1_534' title='bbox 3190 3529 3365 3584; x_wconf 90' lang='lat' dir='ltr'>etiam</span> <span class='ocrx_word' id='word_1_535' title='bbox 3399 3545 3574 3585; x_wconf 93' lang='lat' dir='ltr'>omne</span> <span class='ocrx_word' id='word_1_536' title='bbox 3606 3531 3903 3600; x_wconf 88' lang='lat' dir='ltr'>gaudium</span> 
     </span>
    </p>
   </div>
   <div class='ocr_carea' id='block_1_76' title="bbox 540 3614 3908 3689">
    <p class='ocr_par' dir='ltr' id='par_1_76' title="bbox 540 3614 3908 3689">
     <span class='ocr_line' id='line_1_76' title="bbox 540 3614 3908 3689; baseline 0.001 -18"><span class='ocrx_word' id='word_1_537' title='bbox 540 3616 775 3671; x_wconf 89' lang='lat' dir='ltr'>ducere.</span> <span class='ocrx_word' id='word_1_538' title='bbox 801 3615 998 3686; x_wconf 91' lang='lat' dir='ltr'>Neque</span> <span class='ocrx_word' id='word_1_539' title='bbox 1032 3632 1167 3669; x_wconf 90' lang='lat' dir='ltr'>vero</span> <span class='ocrx_word' id='word_1_540' title='bbox 1199 3615 1334 3669; x_wconf 86' lang='lat' dir='ltr'>dicit</span> <span class='ocrx_word' id='word_1_541' title='bbox 1354 3614 1645 3686; x_wconf 89' lang='lat' dir='ltr'>quaslibet</span> <span class='ocrx_word' id='word_1_542' title='bbox 1671 3615 2019 3670; x_wconf 88' lang='lat' dir='ltr'>tentationes</span> <span class='ocrx_word' id='word_1_543' title='bbox 2045 3635 2057 3683; x_wconf 89' lang='lat'><strong>;</strong></span> <span class='ocrx_word' id='word_1_544' title='bbox 2084 3617 2188 3672; x_wconf 89' lang='lat' dir='ltr'>sed</span> <span class='ocrx_word' id='word_1_545' title='bbox 2224 3637 2247 3667; x_wconf 78' lang='grc' dir='ltr'><strong><em>α</em></strong></span> <span class='ocrx_word' id='word_1_546' title='bbox 2275 3614 2527 3682; x_wconf 87' lang='lat' dir='ltr'>Quando</span> <span class='ocrx_word' id='word_1_547' title='bbox 2559 3616 2617 3669; x_wconf 91' lang='lat' dir='ltr'>in</span> <span class='ocrx_word' id='word_1_548' title='bbox 2651 3616 2847 3671; x_wconf 88' lang='lat' dir='ltr'>varias</span> <span class='ocrx_word' id='word_1_549' title='bbox 2878 3616 3203 3672; x_wconf 90' lang='lat' dir='ltr'>incideritis</span> <span class='ocrx_word' id='word_1_550' title='bbox 3228 3618 3624 3689; x_wconf 86' lang='lat' dir='ltr'>tentationes].</span> <span class='ocrx_word' id='word_1_551' title='bbox 3652 3641 3674 3668; x_wconf 74' lang='grc' dir='ltr'><strong>υ</strong></span> <span class='ocrx_word' id='word_1_552' title='bbox 3700 3622 3908 3677; x_wconf 90' lang='lat' dir='ltr'>Causa</span> 
     </span>
    </p>
   </div>
   <div class='ocr_carea' id='block_1_77' title="bbox 541 3703 3900 3778">
    <p class='ocr_par' dir='ltr' id='par_1_77' title="bbox 541 3703 3900 3778">
     <span class='ocr_line' id='line_1_77' title="bbox 541 3703 3900 3778; baseline 0.001 -18"><span class='ocrx_word' id='word_1_553' title='bbox 541 3709 743 3760; x_wconf 91' lang='lat' dir='ltr'>autem</span> <span class='ocrx_word' id='word_1_554' title='bbox 776 3708 901 3758; x_wconf 91' lang='lat' dir='ltr'>est:</span> <span class='ocrx_word' id='word_1_555' title='bbox 933 3722 959 3753; x_wconf 83' lang='lat'>&lt;&lt;</span> <span class='ocrx_word' id='word_1_556' title='bbox 986 3704 1263 3766; x_wconf 92' lang='lat' dir='ltr'>Scientes,</span> <span class='ocrx_word' id='word_1_557' title='bbox 1294 3704 1504 3774; x_wconf 91' lang='lat' dir='ltr'>inquit,</span> <span class='ocrx_word' id='word_1_558' title='bbox 1538 3703 1701 3773; x_wconf 88' lang='lat' dir='ltr'>quod</span> <span class='ocrx_word' id='word_1_559' title='bbox 1726 3703 1996 3773; x_wconf 91' lang='lat' dir='ltr'>probatio</span> <span class='ocrx_word' id='word_1_560' title='bbox 2050 3704 2187 3761; x_wconf 87' lang='lat' dir='ltr'>ﬁdei</span> <span class='ocrx_word' id='word_1_561' title='bbox 2228 3710 2436 3761; x_wconf 75' lang='lat' dir='ltr'>vestrae</span> <span class='ocrx_word' id='word_1_562' title='bbox 2498 3704 2843 3776; x_wconf 87' lang='lat' dir='ltr'>patientiam</span> <span class='ocrx_word' id='word_1_563' title='bbox 2894 3712 3194 3776; x_wconf 86' lang='lat' dir='ltr'>operatur.</span> <span class='ocrx_word' id='word_1_564' title='bbox 3234 3727 3260 3755; x_wconf 86' lang='lat'>»</span> <span class='ocrx_word' id='word_1_565' title='bbox 3298 3707 3513 3762; x_wconf 91' lang='lat' dir='ltr'>Deinde</span> <span class='ocrx_word' id='word_1_566' title='bbox 3558 3707 3900 3778; x_wconf 88' lang='lat' dir='ltr'>subjungit,</span> 
     </span>
    </p>
   </div>
   <div class='ocr_carea' id='block_1_78' title="bbox 539 3789 3899 3867">
    <p class='ocr_par' dir='ltr' id='par_1_78' title="bbox 539 3789 3899 3867">
     <span class='ocr_line' id='line_1_78' title="bbox 539 3789 3899 3867; baseline 0.002 -20"><span class='ocrx_word' id='word_1_567' title='bbox 539 3793 602 3848; x_wconf 93' lang='lat' dir='ltr'>in</span> <span class='ocrx_word' id='word_1_568' title='bbox 633 3792 751 3847; x_wconf 83' lang='lat' dir='ltr'>ﬁde</span> <span class='ocrx_word' id='word_1_569' title='bbox 784 3790 995 3846; x_wconf 90' lang='lat' dir='ltr'>debere</span> <span class='ocrx_word' id='word_1_570' title='bbox 1026 3806 1156 3845; x_wconf 91' lang='lat' dir='ltr'>esse</span> <span class='ocrx_word' id='word_1_571' title='bbox 1187 3789 1544 3854; x_wconf 79' lang='lat' dir='ltr'>firmitatem,</span> <span class='ocrx_word' id='word_1_572' title='bbox 1575 3794 1629 3843; x_wconf 91' lang='lat' dir='ltr'>et</span> <span class='ocrx_word' id='word_1_573' title='bbox 1651 3791 2070 3857; x_wconf 84' lang='lat' dir='ltr'>constantiam,</span> <span class='ocrx_word' id='word_1_574' title='bbox 2104 3801 2159 3848; x_wconf 90' lang='lat' dir='ltr'>et</span> <span class='ocrx_word' id='word_1_575' title='bbox 2189 3794 2413 3849; x_wconf 92' lang='lat' dir='ltr'>nullam</span> <span class='ocrx_word' id='word_1_576' title='bbox 2446 3794 2900 3863; x_wconf 89' lang='lat' dir='ltr'>dubitationem,</span> <span class='ocrx_word' id='word_1_577' title='bbox 2928 3793 3133 3849; x_wconf 88' lang='lat' dir='ltr'>dicens</span> <span class='ocrx_word' id='word_1_578' title='bbox 3165 3811 3176 3849; x_wconf 91' lang='lat'><strong>:</strong></span> <span class='ocrx_word' id='word_1_579' title='bbox 3212 3817 3240 3846; x_wconf 91' lang='grc'>‹‹</span> <span class='ocrx_word' id='word_1_580' title='bbox 3272 3794 3368 3850; x_wconf 88' lang='lat' dir='ltr'>Vir</span> <span class='ocrx_word' id='word_1_581' title='bbox 3406 3796 3604 3851; x_wconf 87' lang='lat' dir='ltr'>animo</span> <span class='ocrx_word' id='word_1_582' title='bbox 3644 3795 3899 3867; x_wconf 83' lang='lat' dir='ltr'>duplex,</span> 
     </span>
    </p>
   </div>
   <div class='ocr_carea' id='block_1_79' title="bbox 541 3876 1703 3937">
    <p class='ocr_par' dir='ltr' id='par_1_79' title="bbox 541 3876 1703 3937">
     <span class='ocr_line' id='line_1_79' title="bbox 541 3876 1703 3937; baseline -0.007 -1"><span class='ocrx_word' id='word_1_583' title='bbox 541 3886 598 3937; x_wconf 89' lang='lat' dir='ltr'>et</span> <span class='ocrx_word' id='word_1_584' title='bbox 625 3879 918 3935; x_wconf 88' lang='lat' dir='ltr'>instabilis</span> <span class='ocrx_word' id='word_1_585' title='bbox 949 3880 1008 3933; x_wconf 92' lang='lat' dir='ltr'>in</span> <span class='ocrx_word' id='word_1_586' title='bbox 1034 3877 1314 3933; x_wconf 91' lang='lat' dir='ltr'>omnibus</span> <span class='ocrx_word' id='word_1_587' title='bbox 1348 3878 1454 3931; x_wconf 87' lang='lat' dir='ltr'>viis</span> <span class='ocrx_word' id='word_1_588' title='bbox 1488 3876 1634 3934; x_wconf 92' lang='lat' dir='ltr'>suis.</span> <span class='ocrx_word' id='word_1_589' title='bbox 1676 3897 1703 3929; x_wconf 86' lang='lat'><strong>»</strong></span> 
     </span>
    </p>
   </div>
   <div class='ocr_carea' id='block_1_80' title="bbox 612 3965 2186 4038">
    <p class='ocr_par' dir='ltr' id='par_1_80' title="bbox 612 3965 2186 4038">
     <span class='ocr_line' id='line_1_80' title="bbox 612 3965 2186 4038; baseline 0 -15"><span class='ocrx_word' id='word_1_590' title='bbox 612 3970 704 4023; x_wconf 87' lang='lat' dir='ltr'>Vl.</span> <span class='ocrx_word' id='word_1_591' title='bbox 765 3967 933 4034; x_wconf 90' lang='lat' dir='ltr'>Quod</span> <span class='ocrx_word' id='word_1_592' title='bbox 983 3970 1178 4021; x_wconf 90' lang='lat' dir='ltr'>autem</span> <span class='ocrx_word' id='word_1_593' title='bbox 1234 3969 1440 4036; x_wconf 90' lang='lat' dir='ltr'>postea</span> <span class='ocrx_word' id='word_1_594' title='bbox 1490 3965 1653 4026; x_wconf 89' lang='lat' dir='ltr'>dicit.</span> <span class='ocrx_word' id='word_1_595' title='bbox 1712 3973 1998 4038; x_wconf 85' lang='lat' dir='ltr'>quantam</span> <span class='ocrx_word' id='word_1_596' title='bbox 2050 3985 2186 4024; x_wconf 91' lang='lat' dir='ltr'>cum</span> 
     </span>
    </p>
   </div>
   <div class='ocr_carea' id='block_1_81' title="bbox 540 4053 2187 4124">
    <p class='ocr_par' dir='ltr' id='par_1_81' title="bbox 540 4053 2187 4124">
     <span class='ocr_line' id='line_1_81' title="bbox 540 4053 2187 4124; baseline 0 -11"><span class='ocrx_word' id='word_1_597' title='bbox 540 4062 850 4113; x_wconf 90' lang='lat' dir='ltr'>venustate</span> <span class='ocrx_word' id='word_1_598' title='bbox 886 4054 1071 4110; x_wconf 89' lang='lat' dir='ltr'>habet</span> <span class='ocrx_word' id='word_1_599' title='bbox 1100 4055 1275 4109; x_wconf 89' lang='lat' dir='ltr'>etiam</span> <span class='ocrx_word' id='word_1_600' title='bbox 1308 4053 1765 4124; x_wconf 85' lang='lat' dir='ltr'>profunditatem</span> <span class='ocrx_word' id='word_1_601' title='bbox 1792 4056 1819 4110; x_wconf 84' lang='lat'><strong><em>?</em></strong></span> <span class='ocrx_word' id='word_1_602' title='bbox 1850 4078 1873 4105; x_wconf 86' lang='lat'>«</span> <span class='ocrx_word' id='word_1_603' title='bbox 1900 4056 2187 4113; x_wconf 90' lang='lat' dir='ltr'>Glorietur</span> 
     </span>
    </p>
   </div>
   <div class='ocr_carea' id='block_1_82' title="bbox 542 4142 2181 4217">
    <p class='ocr_par' dir='ltr' id='par_1_82' title="bbox 542 4142 2181 4217">
     <span class='ocr_line' id='line_1_82' title="bbox 542 4142 2181 4217; baseline -0.002 -15"><span class='ocrx_word' id='word_1_604' title='bbox 542 4147 721 4215; x_wconf 89' lang='lat' dir='ltr'>enim,</span> <span class='ocrx_word' id='word_1_605' title='bbox 753 4146 956 4217; x_wconf 86' lang='lat' dir='ltr'>inquit,</span> <span class='ocrx_word' id='word_1_606' title='bbox 1002 4143 1240 4199; x_wconf 89' lang='lat' dir='ltr'>humilis</span> <span class='ocrx_word' id='word_1_607' title='bbox 1298 4142 1537 4215; x_wconf 90' lang='lat' dir='ltr'>quidem</span> <span class='ocrx_word' id='word_1_608' title='bbox 1592 4144 1646 4198; x_wconf 90' lang='lat' dir='ltr'>in</span> <span class='ocrx_word' id='word_1_609' title='bbox 1696 4162 1804 4200; x_wconf 89' lang='lat' dir='ltr'>sua</span> <span class='ocrx_word' id='word_1_610' title='bbox 1838 4145 2181 4201; x_wconf 89' lang='lat' dir='ltr'>altitudine:</span> 
     </span>
    </p>
   </div>
   <div class='ocr_carea' id='block_1_83' title="bbox 541 4232 2186 4291">
    <p class='ocr_par' dir='ltr' id='par_1_83' title="bbox 541 4232 2186 4291">
     <span class='ocr_line' id='line_1_83' title="bbox 541 4232 2186 4291; baseline 0.001 -2"><span class='ocrx_word' id='word_1_611' title='bbox 541 4235 703 4291; x_wconf 91' lang='lat' dir='ltr'>dives</span> <span class='ocrx_word' id='word_1_612' title='bbox 738 4241 936 4291; x_wconf 90' lang='lat' dir='ltr'>autem</span> <span class='ocrx_word' id='word_1_613' title='bbox 966 4234 1025 4288; x_wconf 90' lang='lat' dir='ltr'>in</span> <span class='ocrx_word' id='word_1_614' title='bbox 1056 4249 1166 4287; x_wconf 89' lang='lat' dir='ltr'>sua</span> <span class='ocrx_word' id='word_1_615' title='bbox 1188 4232 1594 4289; x_wconf 86' lang='lat' dir='ltr'>humilitate.»</span> <span class='ocrx_word' id='word_1_616' title='bbox 1627 4237 1772 4289; x_wconf 88' lang='lat' dir='ltr'>Nam</span> <span class='ocrx_word' id='word_1_617' title='bbox 1800 4251 1937 4290; x_wconf 92' lang='lat' dir='ltr'>cum</span> <span class='ocrx_word' id='word_1_618' title='bbox 1965 4235 2186 4290; x_wconf 69' lang='lat' dir='ltr'>divitiae</span> 
     </span>
    </p>
   </div>
   <div class='ocr_carea' id='block_1_84' title="bbox 539 4321 2183 4397">
    <p class='ocr_par' dir='ltr' id='par_1_84' title="bbox 539 4321 2183 4397">
     <span class='ocr_line' id='line_1_84' title="bbox 539 4321 2183 4397; baseline 0 -17"><span class='ocrx_word' id='word_1_619' title='bbox 539 4325 783 4397; x_wconf 91' lang='lat' dir='ltr'>quidem</span> <span class='ocrx_word' id='word_1_620' title='bbox 810 4323 1072 4380; x_wconf 89' lang='lat' dir='ltr'>alliciant</span> <span class='ocrx_word' id='word_1_621' title='bbox 1110 4321 1186 4377; x_wconf 90' lang='lat' dir='ltr'>ad</span> <span class='ocrx_word' id='word_1_622' title='bbox 1218 4322 1581 4393; x_wconf 89' lang='lat' dir='ltr'>superbiam,</span> <span class='ocrx_word' id='word_1_623' title='bbox 1623 4330 1944 4394; x_wconf 86' lang='lat' dir='ltr'>paupertas</span> <span class='ocrx_word' id='word_1_624' title='bbox 1984 4331 2183 4380; x_wconf 89' lang='lat' dir='ltr'>autem</span> 
     </span>
    </p>
   </div>
   <div class='ocr_carea' id='block_1_85' title="bbox 540 4410 2184 4479">
    <p class='ocr_par' dir='ltr' id='par_1_85' title="bbox 540 4410 2184 4479">
     <span class='ocr_line' id='line_1_85' title="bbox 540 4410 2184 4479; baseline 0.001 -12"><span class='ocrx_word' id='word_1_625' title='bbox 540 4413 615 4467; x_wconf 92' lang='lat' dir='ltr'>ad</span> <span class='ocrx_word' id='word_1_626' title='bbox 648 4412 1038 4467; x_wconf 88' lang='lat' dir='ltr'>humilitatem</span> <span class='ocrx_word' id='word_1_627' title='bbox 1071 4415 1127 4464; x_wconf 91' lang='lat' dir='ltr'>et</span> <span class='ocrx_word' id='word_1_628' title='bbox 1164 4410 1343 4465; x_wconf 89' lang='lat' dir='ltr'>animi</span> <span class='ocrx_word' id='word_1_629' title='bbox 1375 4410 1799 4479; x_wconf 84' lang='lat' dir='ltr'>dejectionem;</span> <span class='ocrx_word' id='word_1_630' title='bbox 1835 4412 1927 4466; x_wconf 89' lang='lat' dir='ltr'>ille</span> <span class='ocrx_word' id='word_1_631' title='bbox 1980 4420 2184 4468; x_wconf 91' lang='lat' dir='ltr'>contra</span> 
     </span>
    </p>
   </div>
   <div class='ocr_carea' id='block_1_86' title="bbox 2373 3967 3900 4045">
    <p class='ocr_par' dir='ltr' id='par_1_86' title="bbox 2373 3967 3900 4045">
     <span class='ocr_line' id='line_1_86' title="bbox 2373 3967 3900 4045; baseline 0.003 -23"><span class='ocrx_word' id='word_1_632' title='bbox 2373 3969 2443 4034; x_wconf 75' lang='grc' dir='ltr'>ς’.</span> <span class='ocrx_word' id='word_1_633' title='bbox 2492 3968 2557 4022; x_wconf 71' lang='grc' dir='ltr'>Ὀ</span> <span class='ocrx_word' id='word_1_634' title='bbox 2604 3967 2662 4022; x_wconf 76' lang='grc' dir='ltr'><em>δὲ</em></span> <span class='ocrx_word' id='word_1_635' title='bbox 2706 3972 2835 4042; x_wconf 87' lang='grc' dir='ltr'>μετά</span> <span class='ocrx_word' id='word_1_636' title='bbox 2870 3979 3035 4023; x_wconf 82' lang='grc' dir='ltr'><em>ταῦτα</em></span> <span class='ocrx_word' id='word_1_637' title='bbox 3079 3971 3233 4044; x_wconf 88' lang='grc' dir='ltr'><em>λέγει,</em></span> <span class='ocrx_word' id='word_1_638' title='bbox 3285 3978 3446 4025; x_wconf 85' lang='grc' dir='ltr'><em>πόσον</em></span> <span class='ocrx_word' id='word_1_639' title='bbox 3494 3976 3605 4043; x_wconf 79' lang='grc' dir='ltr'><em>ἔχει</em></span> <span class='ocrx_word' id='word_1_640' title='bbox 3634 3976 3762 4044; x_wconf 87' lang='grc' dir='ltr'>μετά</span> <span class='ocrx_word' id='word_1_641' title='bbox 3788 3977 3900 4045; x_wconf 79' lang='grc' dir='ltr'>χά-</span> 
     </span>
    </p>
   </div>
   <div class='ocr_carea' id='block_1_87' title="bbox 2296 4058 3897 4134">
    <p class='ocr_par' dir='ltr' id='par_1_87' title="bbox 2296 4058 3897 4134">
     <span class='ocr_line' id='line_1_87' title="bbox 2296 4058 3897 4134; baseline 0.004 -25"><span class='ocrx_word' id='word_1_642' title='bbox 2296 4078 2435 4130; x_wconf 89' lang='grc' dir='ltr'><em>ριτος</em></span> <span class='ocrx_word' id='word_1_643' title='bbox 2465 4064 2552 4111; x_wconf 88' lang='grc' dir='ltr'><em>καὶ</em></span> <span class='ocrx_word' id='word_1_644' title='bbox 2591 4063 2647 4111; x_wconf 88' lang='grc' dir='ltr'><em>τὸ</em></span> <span class='ocrx_word' id='word_1_645' title='bbox 2690 4058 2851 4131; x_wconf 81' lang='grc' dir='ltr'><em>βάθος</em></span> <span class='ocrx_word' id='word_1_646' title='bbox 2883 4083 2893 4125; x_wconf 87' lang='grc'>;</span> <span class='ocrx_word' id='word_1_647' title='bbox 2934 4082 2960 4111; x_wconf 83' lang='grc' dir='ltr'>(ι</span> <span class='ocrx_word' id='word_1_648' title='bbox 2990 4064 3296 4132; x_wconf 76' lang='grc' dir='ltr'><em>Καυχάσθω</em></span> <span class='ocrx_word' id='word_1_649' title='bbox 3312 4065 3434 4134; x_wconf 75' lang='grc' dir='ltr'><em>γὰρ,</em></span> <span class='ocrx_word' id='word_1_650' title='bbox 3467 4065 3581 4133; x_wconf 67' lang='grc' dir='ltr'><em>ἔφη,</em></span> <span class='ocrx_word' id='word_1_651' title='bbox 3616 4064 3640 4113; x_wconf 89' lang='lat'>6</span> <span class='ocrx_word' id='word_1_652' title='bbox 3670 4068 3759 4134; x_wconf 75' lang='grc' dir='ltr'><em>μὲν</em></span> <span class='ocrx_word' id='word_1_653' title='bbox 3793 4084 3897 4115; x_wconf 86' lang='grc' dir='ltr'><em>τα-</em></span> 
     </span>
    </p>
   </div>
   <div class='ocr_carea' id='block_1_88' title="bbox 2298 4146 3897 4223">
    <p class='ocr_par' dir='ltr' id='par_1_88' title="bbox 2298 4146 3897 4223">
     <span class='ocr_line' id='line_1_88' title="bbox 2298 4146 3897 4223; baseline 0.003 -24"><span class='ocrx_word' id='word_1_654' title='bbox 2298 4151 2462 4207; x_wconf 78' lang='grc' dir='ltr'><em>πεινὸς</em></span> <span class='ocrx_word' id='word_1_655' title='bbox 2508 4146 2556 4198; x_wconf 82' lang='grc' dir='ltr'>ἐν</span> <span class='ocrx_word' id='word_1_656' title='bbox 2600 4156 2671 4217; x_wconf 77' lang='grc' dir='ltr'>τῷ</span> <span class='ocrx_word' id='word_1_657' title='bbox 2716 4149 2837 4219; x_wconf 59' lang='grc' dir='ltr'><em>ὕψει</em></span> <span class='ocrx_word' id='word_1_658' title='bbox 2868 4149 3047 4213; x_wconf 69' lang='grc' dir='ltr'><em>αὐτοῦ,</em></span> <span class='ocrx_word' id='word_1_659' title='bbox 3086 4148 3195 4202; x_wconf 79' lang='grc' dir='ltr'><em>όδὲ</em></span> <span class='ocrx_word' id='word_1_660' title='bbox 3225 4150 3473 4212; x_wconf 79' lang='grc' dir='ltr'><em>πλούσιος</em></span> <span class='ocrx_word' id='word_1_661' title='bbox 3521 4149 3569 4202; x_wconf 78' lang='grc' dir='ltr'>ἐν</span> <span class='ocrx_word' id='word_1_662' title='bbox 3610 4159 3669 4223; x_wconf 74' lang='grc' dir='ltr'><em>τῇ</em></span> <span class='ocrx_word' id='word_1_663' title='bbox 3713 4172 3897 4204; x_wconf 85' lang='grc' dir='ltr'><em>ταπει-</em></span> 
     </span>
    </p>
   </div>
   <div class='ocr_carea' id='block_1_89' title="bbox 2295 4236 3898 4312">
    <p class='ocr_par' dir='ltr' id='par_1_89' title="bbox 2295 4236 3898 4312">
     <span class='ocr_line' id='line_1_89' title="bbox 2295 4236 3898 4312; baseline 0.003 -25"><span class='ocrx_word' id='word_1_664' title='bbox 2295 4242 2447 4288; x_wconf 84' lang='grc' dir='ltr'><em>νώσει</em></span> <span class='ocrx_word' id='word_1_665' title='bbox 2479 4236 2657 4290; x_wconf 72' lang='grc' dir='ltr'><em>αὐτοῦ.</em></span> <span class='ocrx_word' id='word_1_666' title='bbox 2693 4262 2712 4285; x_wconf 77' lang='grc' dir='ltr'>ι</span> <span class='ocrx_word' id='word_1_667' title='bbox 2754 4242 2876 4290; x_wconf 83' lang='grc' dir='ltr'><em>Επεὶ</em></span> <span class='ocrx_word' id='word_1_668' title='bbox 2907 4240 3007 4311; x_wconf 85' lang='grc' dir='ltr'>γάρ</span> <span class='ocrx_word' id='word_1_669' title='bbox 3041 4239 3065 4289; x_wconf 89' lang='grc' dir='ltr'>ὁ</span> <span class='ocrx_word' id='word_1_670' title='bbox 3104 4241 3193 4309; x_wconf 74' lang='grc' dir='ltr'>μὲν</span> <span class='ocrx_word' id='word_1_671' title='bbox 3244 4240 3466 4302; x_wconf 84' lang='grc' dir='ltr'><em>πλοῦτος</em></span> <span class='ocrx_word' id='word_1_672' title='bbox 3513 4242 3779 4312; x_wconf 82' lang='grc' dir='ltr'><em>ἐπαγωγόν</em></span> <span class='ocrx_word' id='word_1_673' title='bbox 3824 4242 3898 4303; x_wconf 82' lang='grc' dir='ltr'><em>εἰς</em></span> 
     </span>
    </p>
   </div>
   <div class='ocr_carea' id='block_1_90' title="bbox 2299 4322 3890 4402">
    <p class='ocr_par' dir='ltr' id='par_1_90' title="bbox 2299 4322 3890 4402">
     <span class='ocr_line' id='line_1_90' title="bbox 2299 4322 3890 4402; baseline 0.002 -25"><span class='ocrx_word' id='word_1_674' title='bbox 2299 4324 2613 4394; x_wconf 75' lang='grc' dir='ltr'><em>ἀλαζονείαν,</em></span> <span class='ocrx_word' id='word_1_675' title='bbox 2681 4327 2710 4383; x_wconf 74' lang='grc' dir='ltr'>ἡ</span> <span class='ocrx_word' id='word_1_676' title='bbox 2767 4330 2913 4378; x_wconf 87' lang='grc' dir='ltr'><em>πενία</em></span> <span class='ocrx_word' id='word_1_677' title='bbox 2973 4322 3031 4377; x_wconf 78' lang='grc' dir='ltr'><em>δὲ</em></span> <span class='ocrx_word' id='word_1_678' title='bbox 3079 4330 3314 4379; x_wconf 90' lang='grc' dir='ltr'><em>ταπεινόν</em></span> <span class='ocrx_word' id='word_1_679' title='bbox 3364 4330 3453 4379; x_wconf 84' lang='grc' dir='ltr'><em>καὶ</em></span> <span class='ocrx_word' id='word_1_680' title='bbox 3509 4328 3845 4402; x_wconf 72' lang='grc' dir='ltr'><em>μικρόψυχον</em></span> <span class='ocrx_word' id='word_1_681' title='bbox 3878 4348 3890 4360; x_wconf 90' lang='grc'><strong>·</strong></span> 
     </span>
    </p>
   </div>
   <div class='ocr_carea' id='block_1_91' title="bbox 2297 4413 3894 4487">
    <p class='ocr_par' dir='ltr' id='par_1_91' title="bbox 2297 4413 3894 4487">
     <span class='ocr_line' id='line_1_91' title="bbox 2297 4413 3894 4487; baseline 0.003 -22"><span class='ocrx_word' id='word_1_682' title='bbox 2297 4416 2475 4475; x_wconf 76' lang='grc' dir='ltr'><em>ἐκεῖνος</em></span> <span class='ocrx_word' id='word_1_683' title='bbox 2523 4414 2813 4466; x_wconf 72' lang='grc' dir='ltr'><em>τούναντίον</em></span> <span class='ocrx_word' id='word_1_684' title='bbox 2868 4413 3057 4466; x_wconf 77' lang='grc' dir='ltr'><em>κελεύει</em></span> <span class='ocrx_word' id='word_1_685' title='bbox 3110 4423 3271 4467; x_wconf 85' lang='grc' dir='ltr'><em>ποιεῖν</em></span> <span class='ocrx_word' id='word_1_686' title='bbox 3325 4415 3458 4487; x_wconf 63' lang='grc' dir='ltr'><em>ὕφος</em></span> <span class='ocrx_word' id='word_1_687' title='bbox 3498 4415 3683 4468; x_wconf 83' lang='grc' dir='ltr'><em>ἑαυτοῦ</em></span> <span class='ocrx_word' id='word_1_688' title='bbox 3730 4426 3894 4470; x_wconf 81' lang='grc' dir='ltr'><em>ποιεῖ-</em></span> 
     </span>
    </p>
   </div>
   <div class='ocr_carea' id='block_1_92' title="bbox 534 4485 2178 4574">
    <p class='ocr_par' dir='ltr' id='par_1_92' title="bbox 534 4497 2178 4571">
     <span class='ocr_line' id='line_1_92' title="bbox 534 4497 2178 4571; baseline 0.001 -16"><span class='ocrx_word' id='word_1_689' title='bbox 534 4500 700 4571; x_wconf 89' lang='lat' dir='ltr'>jubet</span> <span class='ocrx_word' id='word_1_690' title='bbox 752 4499 964 4567; x_wconf 88' lang='lat' dir='ltr'>facere,</span> <span class='ocrx_word' id='word_1_691' title='bbox 1004 4497 1247 4551; x_wconf 87' lang='lat' dir='ltr'>divitem</span> <span class='ocrx_word' id='word_1_692' title='bbox 1314 4497 1559 4566; x_wconf 89' lang='lat' dir='ltr'>quidem</span> <span class='ocrx_word' id='word_1_693' title='bbox 1624 4514 1797 4552; x_wconf 88' lang='lat' dir='ltr'>suam</span> <span class='ocrx_word' id='word_1_694' title='bbox 1830 4502 2178 4556; x_wconf 86' lang='lat' dir='ltr'>constituere</span> 
     </span>
    </p>
   </div>
   <div class='ocr_carea' id='block_1_93' title="bbox 2293 4485 3894 4574">
    <p class='ocr_par' dir='ltr' id='par_1_93' title="bbox 2297 4501 3894 4574">
     <span class='ocr_line' id='line_1_93' title="bbox 2297 4501 3894 4574; baseline 0.003 -21"><span class='ocrx_word' id='word_1_695' title='bbox 2297 4504 2420 4553; x_wconf 91' lang='grc' dir='ltr'><em>σθαι</em></span> <span class='ocrx_word' id='word_1_696' title='bbox 2466 4506 2523 4554; x_wconf 87' lang='grc' dir='ltr'>τό</span> <span class='ocrx_word' id='word_1_697' title='bbox 2569 4504 2883 4574; x_wconf 84' lang='grc' dir='ltr'><em>μετριάζειν,</em></span> <span class='ocrx_word' id='word_1_698' title='bbox 2916 4506 3002 4553; x_wconf 87' lang='grc' dir='ltr'><em>τὸν</em></span> <span class='ocrx_word' id='word_1_699' title='bbox 3046 4507 3243 4561; x_wconf 86' lang='grc' dir='ltr'><em>πένητα</em></span> <span class='ocrx_word' id='word_1_700' title='bbox 3282 4501 3340 4556; x_wconf 79' lang='grc' dir='ltr'><em>δὲ</em></span> <span class='ocrx_word' id='word_1_701' title='bbox 3386 4504 3511 4556; x_wconf 69' lang='grc' dir='ltr'><em>αὐτὸ</em></span> <span class='ocrx_word' id='word_1_702' title='bbox 3544 4512 3694 4557; x_wconf 84' lang='grc' dir='ltr'><em>τοῦτο</em></span> <span class='ocrx_word' id='word_1_703' title='bbox 3733 4504 3894 4568; x_wconf 81' lang='grc' dir='ltr'><em>ἀξιω-</em></span> 
     </span>
    </p>
   </div>
   <div class='ocr_carea' id='block_1_94' title="bbox 538 4584 2183 4658">
    <p class='ocr_par' dir='ltr' id='par_1_94' title="bbox 538 4584 2183 4658">
     <span class='ocr_line' id='line_1_94' title="bbox 538 4584 2183 4658; baseline 0.001 -15"><span class='ocrx_word' id='word_1_704' title='bbox 538 4586 978 4644; x_wconf 90' lang='lat' dir='ltr'>altitudinemin</span> <span class='ocrx_word' id='word_1_705' title='bbox 1000 4584 1279 4639; x_wconf 85' lang='lat' dir='ltr'>modestis</span> <span class='ocrx_word' id='word_1_706' title='bbox 1299 4585 1628 4639; x_wconf 88' lang='lat' dir='ltr'>actionibus</span> <span class='ocrx_word' id='word_1_707' title='bbox 1654 4605 1665 4651; x_wconf 92' lang='grc'>;</span> <span class='ocrx_word' id='word_1_708' title='bbox 1685 4602 2011 4658; x_wconf 86' lang='lat' dir='ltr'>pauperem</span> <span class='ocrx_word' id='word_1_709' title='bbox 2048 4606 2183 4645; x_wconf 89' lang='lat' dir='ltr'>vero</span> 
     </span>
    </p>
   </div>
   <div class='ocr_carea' id='block_1_95' title="bbox 536 4673 2179 4748">
    <p class='ocr_par' dir='ltr' id='par_1_95' title="bbox 536 4673 2179 4748">
     <span class='ocr_line' id='line_1_95' title="bbox 536 4673 2179 4748; baseline -0.001 -15"><span class='ocrx_word' id='word_1_710' title='bbox 536 4679 651 4733; x_wconf 92' lang='lat' dir='ltr'>hoc</span> <span class='ocrx_word' id='word_1_711' title='bbox 668 4676 844 4747; x_wconf 85' lang='lat' dir='ltr'>ipsum</span> <span class='ocrx_word' id='word_1_712' title='bbox 859 4673 1524 4741; x_wconf 77' lang='lat' dir='ltr'>existimaredignitatem</span> <span class='ocrx_word' id='word_1_713' title='bbox 1544 4690 1661 4728; x_wconf 92' lang='lat' dir='ltr'>non</span> <span class='ocrx_word' id='word_1_714' title='bbox 1677 4678 2179 4748; x_wconf 89' lang='lat' dir='ltr'>contemnendam,</span> 
     </span>
    </p>
   </div>
   <div class='ocr_carea' id='block_1_96' title="bbox 540 4760 2184 4835">
    <p class='ocr_par' dir='ltr' id='par_1_96' title="bbox 540 4760 2184 4835">
     <span class='ocr_line' id='line_1_96' title="bbox 540 4760 2184 4835; baseline 0.001 -14"><span class='ocrx_word' id='word_1_715' title='bbox 540 4766 586 4821; x_wconf 91' lang='lat' dir='ltr'>si</span> <span class='ocrx_word' id='word_1_716' title='bbox 614 4780 827 4835; x_wconf 87' lang='lat' dir='ltr'>magno</span> <span class='ocrx_word' id='word_1_717' title='bbox 855 4769 909 4818; x_wconf 86' lang='lat' dir='ltr'>et</span> <span class='ocrx_word' id='word_1_718' title='bbox 933 4761 1163 4817; x_wconf 79' lang='lat' dir='ltr'>excelso</span> <span class='ocrx_word' id='word_1_719' title='bbox 1204 4760 1406 4815; x_wconf 91' lang='lat' dir='ltr'>animo</span> <span class='ocrx_word' id='word_1_720' title='bbox 1439 4760 1585 4817; x_wconf 87' lang='lat' dir='ltr'>ferat</span> <span class='ocrx_word' id='word_1_721' title='bbox 1624 4771 2053 4833; x_wconf 83' lang='lat' dir='ltr'>paupertatem.</span> <span class='ocrx_word' id='word_1_722' title='bbox 2098 4770 2184 4824; x_wconf 89' lang='lat' dir='ltr'>lta</span> 
     </span>
    </p>
   </div>
   <div class='ocr_carea' id='block_1_97' title="bbox 536 4850 2183 4926">
    <p class='ocr_par' dir='ltr' id='par_1_97' title="bbox 536 4850 2183 4926">
     <span class='ocr_line' id='line_1_97' title="bbox 536 4850 2183 4926; baseline 0 -16"><span class='ocrx_word' id='word_1_723' title='bbox 536 4858 950 4926; x_wconf 85' lang='lat' dir='ltr'>paupertatem</span> <span class='ocrx_word' id='word_1_724' title='bbox 981 4856 1036 4905; x_wconf 88' lang='lat' dir='ltr'>et</span> <span class='ocrx_word' id='word_1_725' title='bbox 1057 4850 1308 4912; x_wconf 88' lang='lat' dir='ltr'>divitias,</span> <span class='ocrx_word' id='word_1_726' title='bbox 1331 4865 1464 4920; x_wconf 78' lang='lat' dir='ltr'>quae</span> <span class='ocrx_word' id='word_1_727' title='bbox 1488 4855 1625 4905; x_wconf 90' lang='lat' dir='ltr'>sunt</span> <span class='ocrx_word' id='word_1_728' title='bbox 1645 4868 1800 4923; x_wconf 72' lang='lat' dir='ltr'>saepe</span> <span class='ocrx_word' id='word_1_729' title='bbox 1825 4854 2023 4908; x_wconf 92' lang='lat' dir='ltr'>multis</span> <span class='ocrx_word' id='word_1_730' title='bbox 2053 4872 2183 4911; x_wconf 90' lang='lat' dir='ltr'>ma-</span> 
     </span>
    </p>
   </div>
   <div class='ocr_carea' id='block_1_98' title="bbox 536 4938 2176 5013">
    <p class='ocr_par' dir='ltr' id='par_1_98' title="bbox 536 4938 2176 5013">
     <span class='ocr_line' id='line_1_98' title="bbox 536 4938 2176 5013; baseline 0.002 -17"><span class='ocrx_word' id='word_1_731' title='bbox 536 4943 681 4997; x_wconf 92' lang='lat' dir='ltr'>teria</span> <span class='ocrx_word' id='word_1_732' title='bbox 698 4940 775 4997; x_wconf 93' lang='lat' dir='ltr'>ad</span> <span class='ocrx_word' id='word_1_733' title='bbox 788 4938 1177 5013; x_wconf 82' lang='lat' dir='ltr'>peccandum,</span> <span class='ocrx_word' id='word_1_734' title='bbox 1200 4939 1507 4993; x_wconf 87' lang='lat' dir='ltr'>materiam</span> <span class='ocrx_word' id='word_1_735' title='bbox 1522 4938 1698 4995; x_wconf 74' lang='lat' dir='ltr'>efﬁcit</span> <span class='ocrx_word' id='word_1_736' title='bbox 1718 4942 1793 4995; x_wconf 88' lang='lat' dir='ltr'>ad</span> <span class='ocrx_word' id='word_1_737' title='bbox 1815 4944 1910 4997; x_wconf 90' lang='lat' dir='ltr'>Dei</span> <span class='ocrx_word' id='word_1_738' title='bbox 1932 4944 2176 4999; x_wconf 91' lang='lat' dir='ltr'>cultum.</span> 
     </span>
    </p>
   </div>
   <div class='ocr_carea' id='block_1_99' title="bbox 540 5027 2179 5104">
    <p class='ocr_par' dir='ltr' id='par_1_99' title="bbox 540 5027 2179 5104">
     <span class='ocr_line' id='line_1_99' title="bbox 540 5027 2179 5104; baseline 0.002 -19"><span class='ocrx_word' id='word_1_739' title='bbox 540 5030 759 5085; x_wconf 89' lang='lat' dir='ltr'>Deinde</span> <span class='ocrx_word' id='word_1_740' title='bbox 788 5046 996 5085; x_wconf 89' lang='lat' dir='ltr'>rursus</span> <span class='ocrx_word' id='word_1_741' title='bbox 1046 5044 1183 5083; x_wconf 91' lang='lat' dir='ltr'>cum</span> <span class='ocrx_word' id='word_1_742' title='bbox 1218 5027 1407 5089; x_wconf 87' lang='lat' dir='ltr'>sciret,</span> <span class='ocrx_word' id='word_1_743' title='bbox 1442 5028 1614 5096; x_wconf 88' lang='lat' dir='ltr'>cujus</span> <span class='ocrx_word' id='word_1_744' title='bbox 1646 5028 1868 5097; x_wconf 75' lang='lat' dir='ltr'>gloriae,</span> <span class='ocrx_word' id='word_1_745' title='bbox 1911 5036 1965 5086; x_wconf 92' lang='lat' dir='ltr'>et</span> <span class='ocrx_word' id='word_1_746' title='bbox 1994 5049 2179 5104; x_wconf 90' lang='lat' dir='ltr'>quam</span> 
     </span>
    </p>
   </div>
   <div class='ocr_carea' id='block_1_100' title="bbox 538 5117 2178 5177">
    <p class='ocr_par' dir='ltr' id='par_1_100' title="bbox 538 5117 2178 5177">
     <span class='ocr_line' id='line_1_100' title="bbox 538 5117 2178 5177; baseline 0.002 -4"><span class='ocrx_word' id='word_1_747' title='bbox 538 5119 861 5173; x_wconf 90' lang='lat' dir='ltr'>multorum</span> <span class='ocrx_word' id='word_1_748' title='bbox 889 5120 1186 5173; x_wconf 90' lang='lat' dir='ltr'>bonorum</span> <span class='ocrx_word' id='word_1_749' title='bbox 1220 5117 1336 5170; x_wconf 90' lang='lat' dir='ltr'>sint</span> <span class='ocrx_word' id='word_1_750' title='bbox 1375 5117 1722 5171; x_wconf 89' lang='lat' dir='ltr'>tentationes</span> <span class='ocrx_word' id='word_1_751' title='bbox 1755 5120 2178 5177; x_wconf 89' lang='lat' dir='ltr'>conciliatrices</span> 
     </span>
    </p>
   </div>
   <div class='ocr_carea' id='block_1_101' title="bbox 539 5206 2176 5278">
    <p class='ocr_par' dir='ltr' id='par_1_101' title="bbox 539 5206 2176 5278">
     <span class='ocr_line' id='line_1_101' title="bbox 539 5206 2176 5278; baseline 0.002 -16"><span class='ocrx_word' id='word_1_752' title='bbox 539 5208 608 5263; x_wconf 93' lang='lat' dir='ltr'>iis</span> <span class='ocrx_word' id='word_1_753' title='bbox 638 5206 741 5278; x_wconf 86' lang='lat' dir='ltr'>qui</span> <span class='ocrx_word' id='word_1_754' title='bbox 773 5223 833 5261; x_wconf 91' lang='lat' dir='ltr'>se</span> <span class='ocrx_word' id='word_1_755' title='bbox 873 5207 1093 5262; x_wconf 85' lang='lat' dir='ltr'>fortiter</span> <span class='ocrx_word' id='word_1_756' title='bbox 1126 5211 1355 5275; x_wconf 88' lang='lat' dir='ltr'>gerunt,</span> <span class='ocrx_word' id='word_1_757' title='bbox 1389 5214 1654 5277; x_wconf 88' lang='lat' dir='ltr'>repetens</span> <span class='ocrx_word' id='word_1_758' title='bbox 1685 5206 1825 5263; x_wconf 90' lang='lat' dir='ltr'>dicit</span> <span class='ocrx_word' id='word_1_759' title='bbox 1859 5225 1872 5263; x_wconf 87' lang='lat'><strong>:</strong></span> <span class='ocrx_word' id='word_1_760' title='bbox 1911 5231 1932 5257; x_wconf 88' lang='grc'><em>‹</em></span> <span class='ocrx_word' id='word_1_761' title='bbox 1964 5210 2176 5266; x_wconf 85' lang='lat' dir='ltr'>Beatus</span> 
     </span>
    </p>
   </div>
   <div class='ocr_carea' id='block_1_102' title="bbox 611 5330 1642 5402">
    <p class='ocr_par' dir='ltr' id='par_1_102' title="bbox 611 5330 1642 5402">
     <span class='ocr_line' id='line_1_102' title="bbox 611 5330 1642 5402; baseline -0.001 -17"><span class='ocrx_word' id='word_1_762' title='bbox 611 5332 629 5369; x_wconf 85' lang='grc'>¹</span> <span class='ocrx_word' id='word_1_763' title='bbox 661 5331 781 5386; x_wconf 83' lang='lat' dir='ltr'>Jac.</span> <span class='ocrx_word' id='word_1_764' title='bbox 815 5345 851 5395; x_wconf 80' lang='grc' dir='ltr'>ι,</span> <span class='ocrx_word' id='word_1_765' title='bbox 886 5334 915 5387; x_wconf 91' lang='grc'><strong>1</strong></span> <span class='ocrx_word' id='word_1_766' title='bbox 959 5346 1125 5402; x_wconf 92' lang='lat' dir='ltr'>seqq.</span> <span class='ocrx_word' id='word_1_767' title='bbox 1203 5333 1223 5366; x_wconf 87' lang='grc'>²</span> <span class='ocrx_word' id='word_1_768' title='bbox 1254 5330 1441 5386; x_wconf 89' lang='lat' dir='ltr'>Galat.</span> <span class='ocrx_word' id='word_1_769' title='bbox 1476 5336 1520 5401; x_wconf 86' lang='grc' dir='ltr'><em>Ι,</em></span> <span class='ocrx_word' id='word_1_770' title='bbox 1560 5334 1642 5387; x_wconf 87' lang='grc'><strong>19.</strong></span> 
     </span>
    </p>
   </div>
   <div class='ocr_carea' id='block_1_103' title="bbox 2295 4592 3893 4667">
    <p class='ocr_par' dir='ltr' id='par_1_103' title="bbox 2295 4592 3893 4667">
     <span class='ocr_line' id='line_1_103' title="bbox 2295 4592 3893 4667; baseline 0.003 -25"><span class='ocrx_word' id='word_1_771' title='bbox 2295 4612 2367 4663; x_wconf 89' lang='grc' dir='ltr'>μα</span> <span class='ocrx_word' id='word_1_772' title='bbox 2408 4595 2634 4662; x_wconf 81' lang='grc' dir='ltr'><em>νομίζειν</em></span> <span class='ocrx_word' id='word_1_773' title='bbox 2686 4592 2742 4642; x_wconf 75' lang='grc' dir='ltr'>οῦ</span> <span class='ocrx_word' id='word_1_774' title='bbox 2787 4595 2844 4642; x_wconf 88' lang='grc' dir='ltr'><em>τὸ</em></span> <span class='ocrx_word' id='word_1_775' title='bbox 2897 4595 3081 4663; x_wconf 80' lang='grc' dir='ltr'><em>τυχὸν,</em></span> <span class='ocrx_word' id='word_1_776' title='bbox 3135 4596 3192 4644; x_wconf 88' lang='grc' dir='ltr'><em>τὸ</em></span> <span class='ocrx_word' id='word_1_777' title='bbox 3233 4596 3325 4651; x_wconf 79' lang='grc' dir='ltr'>τὴν</span> <span class='ocrx_word' id='word_1_778' title='bbox 3375 4598 3548 4645; x_wconf 89' lang='grc' dir='ltr'><em>πενίαν</em></span> <span class='ocrx_word' id='word_1_779' title='bbox 3595 4598 3756 4667; x_wconf 79' lang='grc' dir='ltr'><em>φέρειν</em></span> <span class='ocrx_word' id='word_1_780' title='bbox 3804 4615 3893 4666; x_wconf 89' lang='grc' dir='ltr'><em>με-</em></span> 
     </span>
    </p>
   </div>
   <div class='ocr_carea' id='block_1_104' title="bbox 2292 4681 2659 4752">
    <p class='ocr_par' dir='ltr' id='par_1_104' title="bbox 2292 4681 2659 4752">
     <span class='ocr_line' id='line_1_104' title="bbox 2292 4681 2659 4752; baseline -0.003 -20"><span class='ocrx_word' id='word_1_781' title='bbox 2292 4681 2609 4752; x_wconf 62' lang='grc' dir='ltr'><em>γαλοψῦχως</em></span> <span class='ocrx_word' id='word_1_782' title='bbox 2645 4696 2659 4710; x_wconf 87' lang='grc'><strong><em>⁸</em></strong></span> 
     </span>
    </p>
   </div>
   <div class='ocr_carea' id='block_1_105' title="bbox 2292 4769 3891 4842">
    <p class='ocr_par' dir='ltr' id='par_1_105' title="bbox 2292 4769 3891 4842">
     <span class='ocr_line' id='line_1_105' title="bbox 2292 4769 3891 4842; baseline 0.003 -21"><span class='ocrx_word' id='word_1_783' title='bbox 2292 4770 2496 4831; x_wconf 80' lang='grc' dir='ltr'><em>πολλοῖς</em></span> <span class='ocrx_word' id='word_1_784' title='bbox 2554 4769 2790 4829; x_wconf 84' lang='grc' dir='ltr'><em>πολλάκις</em></span> <span class='ocrx_word' id='word_1_785' title='bbox 2857 4770 2922 4830; x_wconf 83' lang='grc' dir='ltr'><em>εἰς</em></span> <span class='ocrx_word' id='word_1_786' title='bbox 2976 4770 3254 4842; x_wconf 78' lang='grc' dir='ltr'><em>ἁμαρτίαν,</em></span> <span class='ocrx_word' id='word_1_787' title='bbox 3310 4770 3434 4828; x_wconf 80' lang='grc' dir='ltr'><em>ὕλην</em></span> <span class='ocrx_word' id='word_1_788' title='bbox 3495 4772 3560 4832; x_wconf 85' lang='grc' dir='ltr'><em>εἰς</em></span> <span class='ocrx_word' id='word_1_789' title='bbox 3611 4780 3741 4824; x_wconf 88' lang='grc' dir='ltr'><em>Θεοῦ</em></span> <span class='ocrx_word' id='word_1_790' title='bbox 3814 4775 3891 4825; x_wconf 82' lang='grc' dir='ltr'><em>θε-</em></span> 
     </span>
    </p>
   </div>
   <div class='ocr_carea' id='block_1_106' title="bbox 2695 4679 3893 4751">
    <p class='ocr_par' dir='ltr' id='par_1_106' title="bbox 2695 4679 3893 4751">
     <span class='ocr_line' id='line_1_106' title="bbox 2695 4679 3893 4751; baseline 0.003 -19"><span class='ocrx_word' id='word_1_791' title='bbox 2695 4679 2828 4732; x_wconf 73' lang='grc' dir='ltr'><em>οὖτω</em></span> <span class='ocrx_word' id='word_1_792' title='bbox 2866 4686 2955 4733; x_wconf 87' lang='grc' dir='ltr'><em>καὶ</em></span> <span class='ocrx_word' id='word_1_793' title='bbox 2999 4686 3172 4733; x_wconf 88' lang='grc' dir='ltr'><em>πενίαν</em></span> <span class='ocrx_word' id='word_1_794' title='bbox 3221 4687 3309 4733; x_wconf 85' lang='grc' dir='ltr'><em>καὶ</em></span> <span class='ocrx_word' id='word_1_795' title='bbox 3361 4681 3599 4751; x_wconf 83' lang='grc' dir='ltr'><em>πλοῦτον,</em></span> <span class='ocrx_word' id='word_1_796' title='bbox 3633 4687 3753 4734; x_wconf 80' lang='grc' dir='ltr'><em>ὄντα</em></span> <span class='ocrx_word' id='word_1_797' title='bbox 3784 4693 3893 4745; x_wconf 89' lang='grc' dir='ltr'><em>τοῖς</em></span> 
     </span>
    </p>
   </div>
   <div class='ocr_carea' id='block_1_107' title="bbox 2290 4857 3889 4933">
    <p class='ocr_par' dir='ltr' id='par_1_107' title="bbox 2290 4857 3889 4933">
     <span class='ocr_line' id='line_1_107' title="bbox 2290 4857 3889 4933; baseline 0.001 -23"><span class='ocrx_word' id='word_1_798' title='bbox 2290 4864 2503 4933; x_wconf 89' lang='grc' dir='ltr'><em>ραπείαν</em></span> <span class='ocrx_word' id='word_1_799' title='bbox 2555 4860 2733 4915; x_wconf 86' lang='grc' dir='ltr'><em>τίθησι</em></span> <span class='ocrx_word' id='word_1_800' title='bbox 2775 4864 2863 4910; x_wconf 86' lang='grc' dir='ltr'><em>καὶ</em></span> <span class='ocrx_word' id='word_1_801' title='bbox 2920 4858 3202 4931; x_wconf 79' lang='grc' dir='ltr'><em>ἀμφότερα.</em></span> <span class='ocrx_word' id='word_1_802' title='bbox 3263 4858 3481 4912; x_wconf 79' lang='grc' dir='ltr'><em>Ἔπειτα</em></span> <span class='ocrx_word' id='word_1_803' title='bbox 3534 4860 3687 4912; x_wconf 86' lang='grc' dir='ltr'><em>πάλιν</em></span> <span class='ocrx_word' id='word_1_804' title='bbox 3738 4857 3889 4921; x_wconf 78' lang='grc' dir='ltr'><em>εἰδὼς</em></span> 
     </span>
    </p>
   </div>
   <div class='ocr_carea' id='block_1_108' title="bbox 2290 4945 3887 5023">
    <p class='ocr_par' dir='ltr' id='par_1_108' title="bbox 2290 4945 3887 5023">
     <span class='ocr_line' id='line_1_108' title="bbox 2290 4945 3887 5023; baseline 0.001 -23"><span class='ocrx_word' id='word_1_805' title='bbox 2290 4950 2397 5008; x_wconf 82' lang='grc' dir='ltr'><em>οἵας</em></span> <span class='ocrx_word' id='word_1_806' title='bbox 2444 4945 2625 5011; x_wconf 86' lang='grc' dir='ltr'><em>δόξης,</em></span> <span class='ocrx_word' id='word_1_807' title='bbox 2659 4949 2791 5000; x_wconf 88' lang='grc' dir='ltr'><em>ὅσων</em></span> <span class='ocrx_word' id='word_1_808' title='bbox 2832 4947 3037 5019; x_wconf 86' lang='grc' dir='ltr'><em>ἀγαθῶν</em></span> <span class='ocrx_word' id='word_1_809' title='bbox 3072 4948 3305 5022; x_wconf 86' lang='grc' dir='ltr'><em>πρόξενοι</em></span> <span class='ocrx_word' id='word_1_810' title='bbox 3337 4955 3439 5008; x_wconf 89' lang='grc' dir='ltr'><em>τοῖς</em></span> <span class='ocrx_word' id='word_1_811' title='bbox 3469 4956 3812 5023; x_wconf 87' lang='grc' dir='ltr'><em>καρτεροῦσιν</em></span> <span class='ocrx_word' id='word_1_812' title='bbox 3839 4953 3887 5001; x_wconf 81' lang='grc' dir='ltr'><em>οἱ</em></span> 
     </span>
    </p>
   </div>
   <div class='ocr_carea' id='block_1_109' title="bbox 2288 5036 3891 5110">
    <p class='ocr_par' dir='ltr' id='par_1_109' title="bbox 2288 5036 3891 5110">
     <span class='ocr_line' id='line_1_109' title="bbox 2288 5036 3891 5110; baseline 0.002 -22"><span class='ocrx_word' id='word_1_813' title='bbox 2288 5041 2590 5109; x_wconf 84' lang='grc' dir='ltr'><em>πειρασμοὶ,</em></span> <span class='ocrx_word' id='word_1_814' title='bbox 2656 5036 3107 5109; x_wconf 74' lang='grc' dir='ltr'><em>ἐπαναλαμϐάνων,</em></span> <span class='ocrx_word' id='word_1_815' title='bbox 3163 5058 3190 5087; x_wconf 75' lang='grc' dir='ltr'>(ι</span> <span class='ocrx_word' id='word_1_816' title='bbox 3240 5040 3527 5110; x_wconf 84' lang='grc' dir='ltr'><em>Μακάριος,</em></span> <span class='ocrx_word' id='word_1_817' title='bbox 3578 5043 3758 5109; x_wconf 78' lang='grc' dir='ltr'><em>φησὶν,</em></span> <span class='ocrx_word' id='word_1_818' title='bbox 3802 5042 3891 5091; x_wconf 83' lang='grc' dir='ltr'><em>άν-</em></span> 
     </span>
    </p>
   </div>
   <div class='ocr_carea' id='block_1_110' title="bbox 2292 5124 3890 5199">
    <p class='ocr_par' dir='ltr' id='par_1_110' title="bbox 2292 5124 3890 5199">
     <span class='ocr_line' id='line_1_110' title="bbox 2292 5124 3890 5199; baseline 0.002 -22"><span class='ocrx_word' id='word_1_819' title='bbox 2292 5128 2489 5199; x_wconf 88' lang='grc' dir='ltr'><em>θρωπος</em></span> <span class='ocrx_word' id='word_1_820' title='bbox 2540 5125 2594 5182; x_wconf 84' lang='grc' dir='ltr'><em>ὃς</em></span> <span class='ocrx_word' id='word_1_821' title='bbox 2641 5126 2879 5197; x_wconf 77' lang='grc' dir='ltr'><em>ὑπομένει</em></span> <span class='ocrx_word' id='word_1_822' title='bbox 2932 5128 3242 5198; x_wconf 76' lang='grc' dir='ltr'><em>πειρασμὸν,</em></span> <span class='ocrx_word' id='word_1_823' title='bbox 3277 5126 3358 5177; x_wconf 86' lang='grc' dir='ltr'><em>ὃτι</em></span> <span class='ocrx_word' id='word_1_824' title='bbox 3414 5124 3633 5198; x_wconf 84' lang='grc' dir='ltr'><em>δόκιμος</em></span> <span class='ocrx_word' id='word_1_825' title='bbox 3676 5132 3890 5198; x_wconf 85' lang='grc' dir='ltr'><em>γενόμε-</em></span> 
     </span>
    </p>
   </div>
   <div class='ocr_carea' id='block_1_111' title="bbox 2287 5212 3883 5290">
    <p class='ocr_par' dir='ltr' id='par_1_111' title="bbox 2287 5212 3883 5290">
     <span class='ocr_line' id='line_1_111' title="bbox 2287 5212 3883 5290; baseline 0.004 -28"><span class='ocrx_word' id='word_1_826' title='bbox 2287 5231 2390 5277; x_wconf 88' lang='grc' dir='ltr'><em>νος,</em></span> <span class='ocrx_word' id='word_1_827' title='bbox 2423 5212 2644 5283; x_wconf 67' lang='grc' dir='ltr'><em>λήψεται</em></span> <span class='ocrx_word' id='word_1_828' title='bbox 2674 5217 2757 5266; x_wconf 86' lang='grc' dir='ltr'><em>τὸν</em></span> <span class='ocrx_word' id='word_1_829' title='bbox 2792 5219 3034 5286; x_wconf 81' lang='grc' dir='ltr'><em>στέφανον</em></span> <span class='ocrx_word' id='word_1_830' title='bbox 3064 5223 3154 5275; x_wconf 82' lang='grc' dir='ltr'>τῆς</span> <span class='ocrx_word' id='word_1_831' title='bbox 3186 5215 3327 5275; x_wconf 79' lang='grc' dir='ltr'><em>ζωῆς</em></span> <span class='ocrx_word' id='word_1_832' title='bbox 3374 5231 3385 5245; x_wconf 86' lang='lat'><strong><em>&#39;</em></strong></span> <span class='ocrx_word' id='word_1_833' title='bbox 3442 5236 3466 5264; x_wconf 77' lang='grc' dir='ltr'>(ι</span> <span class='ocrx_word' id='word_1_834' title='bbox 3518 5224 3590 5287; x_wconf 82' lang='grc' dir='ltr'><em>τῷ</em></span> <span class='ocrx_word' id='word_1_835' title='bbox 3644 5236 3883 5290; x_wconf 80' lang='grc' dir='ltr'><em>μακαρι-</em></span> 
     </span>
    </p>
   </div>
   <div class='ocr_carea' id='block_1_112' title="bbox 609 5447 2828 5521">
    <p class='ocr_par' dir='ltr' id='par_1_112' title="bbox 609 5447 2828 5521">
     <span class='ocr_line' id='line_1_112' title="bbox 609 5447 2828 5521; baseline 0.002 -17"><span class='ocrx_word' id='word_1_836' title='bbox 609 5450 692 5521; x_wconf 87' lang='lat'>(5)</span> <span class='ocrx_word' id='word_1_837' title='bbox 721 5447 858 5516; x_wconf 66' lang='lat' dir='ltr'>Quae</span> <span class='ocrx_word' id='word_1_838' title='bbox 886 5447 980 5502; x_wconf 90' lang='lat' dir='ltr'>hic</span> <span class='ocrx_word' id='word_1_839' title='bbox 1012 5451 1359 5518; x_wconf 89' lang='lat' dir='ltr'>sequuntur,</span> <span class='ocrx_word' id='word_1_840' title='bbox 1394 5448 1566 5504; x_wconf 88' lang='lat' dir='ltr'>uncis</span> <span class='ocrx_word' id='word_1_841' title='bbox 1598 5447 1846 5521; x_wconf 90' lang='lat' dir='ltr'>inclusa,</span> <span class='ocrx_word' id='word_1_842' title='bbox 1881 5448 2098 5506; x_wconf 85' lang='lat' dir='ltr'>desunt</span> <span class='ocrx_word' id='word_1_843' title='bbox 2126 5450 2187 5506; x_wconf 92' lang='lat' dir='ltr'>in</span> <span class='ocrx_word' id='word_1_844' title='bbox 2226 5453 2429 5509; x_wconf 89' lang='lat' dir='ltr'>nostro</span> <span class='ocrx_word' id='word_1_845' title='bbox 2457 5468 2565 5507; x_wconf 89' lang='lat' dir='ltr'>ms.</span> <span class='ocrx_word' id='word_1_846' title='bbox 2605 5452 2828 5509; x_wconf 71' lang='lat' dir='ltr'>Grzeco.</span> 
     </span>
    </p>
   </div>
   <div class='ocr_carea' id='block_1_113' title="bbox 612 5558 3603 5640">
    <p class='ocr_par' dir='ltr' id='par_1_113' title="bbox 612 5558 3603 5640">
     <span class='ocr_line' id='line_1_113' title="bbox 612 5558 3603 5640; baseline 0.001 -21"><span class='ocrx_word' id='word_1_847' title='bbox 612 5562 669 5639; x_wconf 84' lang='grc' dir='ltr'><em>ο)</em></span> <span class='ocrx_word' id='word_1_848' title='bbox 706 5559 880 5619; x_wconf 89' lang='lat' dir='ltr'>Plura</span> <span class='ocrx_word' id='word_1_849' title='bbox 909 5560 1212 5634; x_wconf 86' lang='lat' dir='ltr'>aliquanto</span> <span class='ocrx_word' id='word_1_850' title='bbox 1240 5558 1536 5617; x_wconf 89' lang='lat' dir='ltr'>habentur</span> <span class='ocrx_word' id='word_1_851' title='bbox 1563 5560 1626 5617; x_wconf 89' lang='lat' dir='ltr'>in</span> <span class='ocrx_word' id='word_1_852' title='bbox 1664 5577 1777 5619; x_wconf 90' lang='lat' dir='ltr'>ms.</span> <span class='ocrx_word' id='word_1_853' title='bbox 1809 5564 2046 5629; x_wconf 88' lang='lat' dir='ltr'>Veneto,</span> <span class='ocrx_word' id='word_1_854' title='bbox 2078 5577 2214 5636; x_wconf 70' lang='lat' dir='ltr'>qum</span> <span class='ocrx_word' id='word_1_855' title='bbox 2241 5562 2378 5620; x_wconf 87' lang='lat' dir='ltr'>vide</span> <span class='ocrx_word' id='word_1_856' title='bbox 2400 5563 2461 5621; x_wconf 90' lang='lat' dir='ltr'>in</span> <span class='ocrx_word' id='word_1_857' title='bbox 2490 5564 2764 5622; x_wconf 86' lang='lat' dir='ltr'>versione</span> <span class='ocrx_word' id='word_1_858' title='bbox 2795 5564 3019 5631; x_wconf 83' lang='lat' dir='ltr'>Latina,</span> <span class='ocrx_word' id='word_1_859' title='bbox 3050 5564 3069 5639; x_wconf 94' lang='lat'>[</span> <span class='ocrx_word' id='word_1_860' title='bbox 3104 5563 3304 5640; x_wconf 89' lang='lat' dir='ltr'>]uncis</span> <span class='ocrx_word' id='word_1_861' title='bbox 3342 5563 3603 5623; x_wconf 87' lang='lat' dir='ltr'>inclusa.</span> 
     </span>
    </p>
   </div>
   <div class='ocr_carea' id='block_1_114' title="bbox 865 5688 876 5713">
    <p class='ocr_par' dir='ltr' id='par_1_114' title="bbox 865 5688 876 5713">
     <span class='ocr_line' id='line_1_114' title="bbox 865 5688 876 5713; baseline 0 0"><span class='ocrx_word' id='word_1_862' title='bbox 865 5688 876 5713; x_wconf 63' lang='grc'><em>³</em></span> 
     </span>
    </p>
   </div>
  </div>
