  <div class='ocr_page' id='page_1' title='image "/cluster/home/n/w/nwhite01/storage/ocr_20150623/115/mdp.39015028574336/110.png"; bbox 0 0 4114 6262; ppageno 0'>
   <div class='ocr_carea' id='block_1_1' title="bbox 172 347 292 407">
    <p class='ocr_par' dir='ltr' id='par_1_1' title="bbox 172 347 292 407">
     <span class='ocr_line' id='line_1_1' title="bbox 172 347 292 407; baseline 0.017 -1"><span class='ocrx_word' id='word_1_1' title='bbox 172 347 292 407; x_wconf 81' lang='lat'>205</span> 
     </span>
    </p>
   </div>
   <div class='ocr_carea' id='block_1_2' title="bbox 1245 344 2485 446">
    <p class='ocr_par' dir='ltr' id='par_1_2' title="bbox 1245 344 2485 446">
     <span class='ocr_line' id='line_1_2' title="bbox 1245 344 2485 446; baseline 0.019 -26"><span class='ocrx_word' id='word_1_2' title='bbox 1245 355 1411 423; x_wconf 79' lang='lat' dir='ltr'>VITA</span> <span class='ocrx_word' id='word_1_3' title='bbox 1449 368 1511 425; x_wconf 90' lang='lat' dir='ltr'>s.</span> <span class='ocrx_word' id='word_1_4' title='bbox 1553 366 1800 428; x_wconf 87' lang='lat' dir='ltr'>JACOBI</span> <span class='ocrx_word' id='word_1_5' title='bbox 1838 344 2154 432; x_wconf 83' lang='lat' dir='ltr'>FRATRIS</span> <span class='ocrx_word' id='word_1_6' title='bbox 2195 377 2485 446; x_wconf 89' lang='lat' dir='ltr'>DOMINI.</span> 
     </span>
    </p>
   </div>
   <div class='ocr_carea' id='block_1_3' title="bbox 3436 376 3544 453">
    <p class='ocr_par' dir='ltr' id='par_1_3' title="bbox 3436 376 3544 453">
     <span class='ocr_line' id='line_1_3' title="bbox 3436 376 3544 453; baseline 0 0"><span class='ocrx_word' id='word_1_7' title='bbox 3436 376 3544 453; x_wconf 62' lang='grc' dir='ltr'>ξοδ</span> 
     </span>
    </p>
   </div>
   <div class='ocr_carea' id='block_1_4' title="bbox 182 483 1783 588">
    <p class='ocr_par' dir='ltr' id='par_1_4' title="bbox 182 483 1783 570">
     <span class='ocr_line' id='line_1_4' title="bbox 182 483 1783 570; baseline 0.014 -41"><span class='ocrx_word' id='word_1_8' title='bbox 182 484 310 549; x_wconf 87' lang='grc' dir='ltr'>σμῶ</span> <span class='ocrx_word' id='word_1_9' title='bbox 365 483 457 532; x_wconf 82' lang='grc' dir='ltr'>καὶ</span> <span class='ocrx_word' id='word_1_10' title='bbox 534 485 597 552; x_wconf 75' lang='grc' dir='ltr'>τῇ</span> <span class='ocrx_word' id='word_1_11' title='bbox 648 486 750 533; x_wconf 87' lang='grc' dir='ltr'>τῶν</span> <span class='ocrx_word' id='word_1_12' title='bbox 803 484 1060 556; x_wconf 87' lang='grc' dir='ltr'>στεφάνων</span> <span class='ocrx_word' id='word_1_13' title='bbox 1130 486 1306 543; x_wconf 78' lang='grc' dir='ltr'>ἐλπίδι</span> <span class='ocrx_word' id='word_1_14' title='bbox 1372 493 1783 570; x_wconf 76' lang='grc' dir='ltr'>εῦπαραδέκτους</span> 
     </span>
    </p>
   </div>
   <div class='ocr_carea' id='block_1_5' title="bbox 1899 483 3546 588">
    <p class='ocr_par' dir='ltr' id='par_1_5' title="bbox 1899 495 3546 588">
     <span class='ocr_line' id='line_1_5' title="bbox 1899 495 3546 588; baseline 0.015 -36"><span class='ocrx_word' id='word_1_15' title='bbox 1899 495 2081 555; x_wconf 93' lang='lat' dir='ltr'>homo</span> <span class='ocrx_word' id='word_1_16' title='bbox 2093 503 2193 574; x_wconf 90' lang='lat' dir='ltr'>qui</span> <span class='ocrx_word' id='word_1_17' title='bbox 2214 509 2462 565; x_wconf 89' lang='lat' dir='ltr'>sustinet</span> <span class='ocrx_word' id='word_1_18' title='bbox 2477 511 2852 572; x_wconf 88' lang='lat' dir='ltr'>tentationem</span> <span class='ocrx_word' id='word_1_19' title='bbox 2876 532 2889 570; x_wconf 93' lang='lat'>:</span> <span class='ocrx_word' id='word_1_20' title='bbox 2905 516 3191 588; x_wconf 88' lang='lat' dir='ltr'>quoniam</span> <span class='ocrx_word' id='word_1_21' title='bbox 3206 533 3343 576; x_wconf 93' lang='lat' dir='ltr'>cum</span> <span class='ocrx_word' id='word_1_22' title='bbox 3371 511 3546 578; x_wconf 86' lang='lat' dir='ltr'>fuerit</span> 
     </span>
    </p>
   </div>
   <div class='ocr_carea' id='block_1_6' title="bbox 180 571 1792 657">
    <p class='ocr_par' dir='ltr' id='par_1_6' title="bbox 180 571 1792 657">
     <span class='ocr_line' id='line_1_6' title="bbox 180 571 1792 657; baseline 0.014 -40"><span class='ocrx_word' id='word_1_23' title='bbox 180 571 316 628; x_wconf 83' lang='grc' dir='ltr'>τοὺς</span> <span class='ocrx_word' id='word_1_24' title='bbox 376 574 696 642; x_wconf 85' lang='grc' dir='ltr'>πειρασμούς</span> <span class='ocrx_word' id='word_1_25' title='bbox 752 579 859 634; x_wconf 90' lang='grc' dir='ltr'>τοῖς</span> <span class='ocrx_word' id='word_1_26' title='bbox 915 573 1200 651; x_wconf 85' lang='grc' dir='ltr'>φιλαρέτοις</span> <span class='ocrx_word' id='word_1_27' title='bbox 1270 576 1399 633; x_wconf 83' lang='grc' dir='ltr'>εἶναι</span> <span class='ocrx_word' id='word_1_28' title='bbox 1463 588 1792 657; x_wconf 77' lang='grc' dir='ltr'>παρασκευά-</span> 
     </span>
    </p>
   </div>
   <div class='ocr_carea' id='block_1_7' title="bbox 188 656 1790 744">
    <p class='ocr_par' dir='ltr' id='par_1_7' title="bbox 188 656 1790 744">
     <span class='ocr_line' id='line_1_7' title="bbox 188 656 1790 744; baseline 0.014 -37"><span class='ocrx_word' id='word_1_29' title='bbox 188 658 321 724; x_wconf 83' lang='grc' dir='ltr'>ζων,</span> <span class='ocrx_word' id='word_1_30' title='bbox 355 666 545 732; x_wconf 80' lang='grc' dir='ltr'>μικροῦ</span> <span class='ocrx_word' id='word_1_31' title='bbox 575 656 635 713; x_wconf 71' lang='grc' dir='ltr'>δὲ</span> <span class='ocrx_word' id='word_1_32' title='bbox 682 666 770 714; x_wconf 84' lang='grc' dir='ltr'>καὶ</span> <span class='ocrx_word' id='word_1_33' title='bbox 815 665 885 726; x_wconf 86' lang='grc' dir='ltr'>ὡς</span> <span class='ocrx_word' id='word_1_34' title='bbox 926 665 1136 739; x_wconf 79' lang='grc' dir='ltr'>ἕρμαιον</span> <span class='ocrx_word' id='word_1_35' title='bbox 1187 669 1365 733; x_wconf 77' lang='grc' dir='ltr'>αὐτοῖς</span> <span class='ocrx_word' id='word_1_36' title='bbox 1411 673 1673 744; x_wconf 80' lang='grc' dir='ltr'>ἡγεῖσθαι,</span> <span class='ocrx_word' id='word_1_37' title='bbox 1704 681 1790 728; x_wconf 81' lang='grc' dir='ltr'>καὶ</span> 
     </span>
    </p>
   </div>
   <div class='ocr_carea' id='block_1_8' title="bbox 184 744 938 823">
    <p class='ocr_par' dir='ltr' id='par_1_8' title="bbox 184 744 938 823">
     <span class='ocr_line' id='line_1_8' title="bbox 184 744 938 823; baseline 0.013 -25"><span class='ocrx_word' id='word_1_38' title='bbox 184 748 311 818; x_wconf 86' lang='grc' dir='ltr'>μεθ’</span> <span class='ocrx_word' id='word_1_39' title='bbox 337 744 533 810; x_wconf 76' lang='grc' dir='ltr'>ἡδονῆς</span> <span class='ocrx_word' id='word_1_40' title='bbox 556 746 938 823; x_wconf 79' lang='grc' dir='ltr'>ὑποδέχεσθαι.</span> 
     </span>
    </p>
   </div>
   <div class='ocr_carea' id='block_1_9' title="bbox 264 923 1792 1011">
    <p class='ocr_par' dir='ltr' id='par_1_9' title="bbox 264 923 1792 1011">
     <span class='ocr_line' id='line_1_9' title="bbox 264 923 1792 1011; baseline 0.014 -35"><span class='ocrx_word' id='word_1_41' title='bbox 264 923 342 977; x_wconf 91' lang='grc' dir='ltr'>Ζ’.</span> <span class='ocrx_word' id='word_1_42' title='bbox 385 925 459 978; x_wconf 81' lang='grc' dir='ltr'>Οῦ</span> <span class='ocrx_word' id='word_1_43' title='bbox 490 931 593 999; x_wconf 78' lang='grc' dir='ltr'>μὴν</span> <span class='ocrx_word' id='word_1_44' title='bbox 626 924 684 982; x_wconf 72' lang='grc' dir='ltr'>δὲ</span> <span class='ocrx_word' id='word_1_45' title='bbox 731 931 788 982; x_wconf 80' lang='grc' dir='ltr'>τὸ</span> <span class='ocrx_word' id='word_1_46' title='bbox 827 940 926 983; x_wconf 90' lang='grc' dir='ltr'>τῶν</span> <span class='ocrx_word' id='word_1_47' title='bbox 956 933 1154 988; x_wconf 88' lang='grc' dir='ltr'>πολλῶν</span> <span class='ocrx_word' id='word_1_48' title='bbox 1195 941 1422 1011; x_wconf 88' lang='grc' dir='ltr'>νόσημα,</span> <span class='ocrx_word' id='word_1_49' title='bbox 1453 941 1504 992; x_wconf 80' lang='grc' dir='ltr'>οἵ</span> <span class='ocrx_word' id='word_1_50' title='bbox 1530 947 1619 995; x_wconf 86' lang='grc' dir='ltr'>καὶ</span> <span class='ocrx_word' id='word_1_51' title='bbox 1659 945 1792 1005; x_wconf 88' lang='grc' dir='ltr'>ὅπως</span> 
     </span>
    </p>
   </div>
   <div class='ocr_carea' id='block_1_10' title="bbox 185 1006 1790 1099">
    <p class='ocr_par' dir='ltr' id='par_1_10' title="bbox 185 1006 1790 1099">
     <span class='ocr_line' id='line_1_10' title="bbox 185 1006 1790 1099; baseline 0.014 -36"><span class='ocrx_word' id='word_1_52' title='bbox 185 1006 343 1076; x_wconf 82' lang='grc' dir='ltr'>ιδίας</span> <span class='ocrx_word' id='word_1_53' title='bbox 408 1012 738 1080; x_wconf 80' lang='grc' dir='ltr'>ἐκδικοῦντες</span> <span class='ocrx_word' id='word_1_54' title='bbox 814 1022 1110 1094; x_wconf 74' lang='grc' dir='ltr'>ἐπιθυμίας,</span> <span class='ocrx_word' id='word_1_55' title='bbox 1165 1024 1218 1077; x_wconf 86' lang='grc' dir='ltr'>ἐκ</span> <span class='ocrx_word' id='word_1_56' title='bbox 1290 1031 1487 1099; x_wconf 81' lang='grc' dir='ltr'>φύσεως</span> <span class='ocrx_word' id='word_1_57' title='bbox 1545 1028 1674 1084; x_wconf 80' lang='grc' dir='ltr'>εἶναι</span> <span class='ocrx_word' id='word_1_58' title='bbox 1733 1037 1790 1086; x_wconf 90' lang='grc' dir='ltr'>τὸ</span> 
     </span>
    </p>
   </div>
   <div class='ocr_carea' id='block_1_11' title="bbox 185 1099 1792 1178">
    <p class='ocr_par' dir='ltr' id='par_1_11' title="bbox 185 1099 1792 1178">
     <span class='ocr_line' id='line_1_11' title="bbox 185 1099 1792 1178; baseline 0.014 -27"><span class='ocrx_word' id='word_1_59' title='bbox 185 1099 509 1177; x_wconf 79' lang='grc' dir='ltr'>ἁμαρτάνειν</span> <span class='ocrx_word' id='word_1_60' title='bbox 561 1105 793 1178; x_wconf 83' lang='grc' dir='ltr'>λέγουσι,</span> <span class='ocrx_word' id='word_1_61' title='bbox 836 1115 927 1162; x_wconf 85' lang='grc' dir='ltr'>καὶ</span> <span class='ocrx_word' id='word_1_62' title='bbox 979 1109 1102 1165; x_wconf 75' lang='grc' dir='ltr'>οὐδὲ</span> <span class='ocrx_word' id='word_1_63' title='bbox 1152 1117 1238 1166; x_wconf 88' lang='grc' dir='ltr'>τὸν</span> <span class='ocrx_word' id='word_1_64' title='bbox 1297 1120 1424 1169; x_wconf 82' lang='grc' dir='ltr'>Θεὸν</span> <span class='ocrx_word' id='word_1_65' title='bbox 1477 1122 1646 1172; x_wconf 85' lang='grc' dir='ltr'>αἴτιον</span> <span class='ocrx_word' id='word_1_66' title='bbox 1693 1130 1792 1174; x_wconf 82' lang='grc' dir='ltr'>τῶν</span> 
     </span>
    </p>
   </div>
   <div class='ocr_carea' id='block_1_12' title="bbox 184 1192 1790 1281">
    <p class='ocr_par' dir='ltr' id='par_1_12' title="bbox 184 1192 1790 1281">
     <span class='ocr_line' id='line_1_12' title="bbox 184 1192 1790 1281; baseline 0.014 -42"><span class='ocrx_word' id='word_1_67' title='bbox 184 1199 367 1242; x_wconf 88' lang='grc' dir='ltr'>κακῶν</span> <span class='ocrx_word' id='word_1_68' title='bbox 447 1192 660 1246; x_wconf 81' lang='grc' dir='ltr'>ὀκνοῦσι</span> <span class='ocrx_word' id='word_1_69' title='bbox 741 1199 990 1268; x_wconf 76' lang='grc' dir='ltr'>νομίζειν,</span> <span class='ocrx_word' id='word_1_70' title='bbox 1061 1203 1327 1256; x_wconf 78' lang='grc' dir='ltr'>κατέλιπεν</span> <span class='ocrx_word' id='word_1_71' title='bbox 1403 1205 1790 1281; x_wconf 75' lang='grc' dir='ltr'>ἀθεράπευτονο</span> 
     </span>
    </p>
   </div>
   <div class='ocr_carea' id='block_1_13' title="bbox 185 1275 1794 1369">
    <p class='ocr_par' dir='ltr' id='par_1_13' title="bbox 185 1275 1794 1369">
     <span class='ocr_line' id='line_1_13' title="bbox 185 1275 1794 1369; baseline 0.014 -40"><span class='ocrx_word' id='word_1_72' title='bbox 185 1275 304 1330; x_wconf 83' lang='grc' dir='ltr'>ἀλλ’</span> <span class='ocrx_word' id='word_1_73' title='bbox 357 1282 530 1355; x_wconf 81' lang='grc' dir='ltr'>ὥσπερ</span> <span class='ocrx_word' id='word_1_74' title='bbox 610 1304 688 1347; x_wconf 92' lang='grc' dir='ltr'>τις</span> <span class='ocrx_word' id='word_1_75' title='bbox 749 1288 966 1360; x_wconf 86' lang='grc' dir='ltr'>οἰριστος</span> <span class='ocrx_word' id='word_1_76' title='bbox 1048 1290 1244 1363; x_wconf 73' lang='grc' dir='ltr'>ἰατρὸς,</span> <span class='ocrx_word' id='word_1_77' title='bbox 1291 1302 1397 1354; x_wconf 91' lang='grc' dir='ltr'>τοῖς</span> <span class='ocrx_word' id='word_1_78' title='bbox 1463 1298 1794 1369; x_wconf 82' lang='grc' dir='ltr'>φυλακτικοίς</span> 
     </span>
    </p>
   </div>
   <div class='ocr_carea' id='block_1_14' title="bbox 182 1369 1790 1453">
    <p class='ocr_par' dir='ltr' id='par_1_14' title="bbox 182 1369 1790 1453">
     <span class='ocr_line' id='line_1_14' title="bbox 182 1369 1790 1453; baseline 0.014 -36"><span class='ocrx_word' id='word_1_79' title='bbox 182 1372 460 1440; x_wconf 84' lang='grc' dir='ltr'>χρώμενος</span> <span class='ocrx_word' id='word_1_80' title='bbox 491 1369 823 1445; x_wconf 71' lang='grc' dir='ltr'>βοηθήμασι,</span> <span class='ocrx_word' id='word_1_81' title='bbox 851 1381 980 1450; x_wconf 86' lang='grc' dir='ltr'>πρὸς</span> <span class='ocrx_word' id='word_1_82' title='bbox 1014 1386 1106 1437; x_wconf 73' lang='grc' dir='ltr'>τὴν</span> <span class='ocrx_word' id='word_1_83' title='bbox 1147 1386 1296 1434; x_wconf 85' lang='grc' dir='ltr'>νόσον</span> <span class='ocrx_word' id='word_1_84' title='bbox 1334 1386 1550 1437; x_wconf 82' lang='grc' dir='ltr'>ἵσταται</span> <span class='ocrx_word' id='word_1_85' title='bbox 1579 1390 1790 1453; x_wconf 84' lang='grc' dir='ltr'>ταύτην,</span> 
     </span>
    </p>
   </div>
   <div class='ocr_carea' id='block_1_15' title="bbox 187 1455 1791 1542">
    <p class='ocr_par' dir='ltr' id='par_1_15' title="bbox 187 1455 1791 1542">
     <span class='ocr_line' id='line_1_15' title="bbox 187 1455 1791 1542; baseline 0.014 -36"><span class='ocrx_word' id='word_1_86' title='bbox 187 1476 217 1507; x_wconf 91' lang='grc'><em>‹‹</em></span> <span class='ocrx_word' id='word_1_87' title='bbox 255 1455 477 1525; x_wconf 71' lang='grc' dir='ltr'>Μηδεὶς,</span> <span class='ocrx_word' id='word_1_88' title='bbox 509 1461 686 1531; x_wconf 83' lang='grc' dir='ltr'>λέγων,</span> <span class='ocrx_word' id='word_1_89' title='bbox 722 1467 1094 1539; x_wconf 76' lang='grc' dir='ltr'>πειραζόμενος</span> <span class='ocrx_word' id='word_1_90' title='bbox 1135 1469 1338 1542; x_wconf 84' lang='grc' dir='ltr'>λεγέτω,</span> <span class='ocrx_word' id='word_1_91' title='bbox 1377 1474 1458 1525; x_wconf 85' lang='grc' dir='ltr'>ὅτι</span> <span class='ocrx_word' id='word_1_92' title='bbox 1487 1476 1618 1528; x_wconf 86' lang='grc' dir='ltr'>Ἀπὸ</span> <span class='ocrx_word' id='word_1_93' title='bbox 1659 1483 1791 1528; x_wconf 82' lang='grc' dir='ltr'>Θεοῦ</span> 
     </span>
    </p>
   </div>
   <div class='ocr_carea' id='block_1_16' title="bbox 182 1547 1786 1633">
    <p class='ocr_par' dir='ltr' id='par_1_16' title="bbox 182 1547 1786 1633">
     <span class='ocr_line' id='line_1_16' title="bbox 182 1547 1786 1633; baseline 0.012 -37"><span class='ocrx_word' id='word_1_94' title='bbox 182 1547 511 1620; x_wconf 76' lang='grc' dir='ltr'>πειράζομαι</span> <span class='ocrx_word' id='word_1_95' title='bbox 545 1571 556 1582; x_wconf 93' lang='grc'>·</span> <span class='ocrx_word' id='word_1_96' title='bbox 615 1553 640 1602; x_wconf 89' lang='grc' dir='ltr'>ό</span> <span class='ocrx_word' id='word_1_97' title='bbox 691 1555 792 1626; x_wconf 80' lang='grc' dir='ltr'>γὰρ</span> <span class='ocrx_word' id='word_1_98' title='bbox 847 1559 977 1618; x_wconf 85' lang='grc' dir='ltr'>Θεὸς</span> <span class='ocrx_word' id='word_1_99' title='bbox 1045 1556 1358 1633; x_wconf 82' lang='grc' dir='ltr'>ἀπείραστός</span> <span class='ocrx_word' id='word_1_100' title='bbox 1419 1560 1532 1613; x_wconf 90' lang='grc' dir='ltr'>ἐστι</span> <span class='ocrx_word' id='word_1_101' title='bbox 1596 1573 1786 1630; x_wconf 82' lang='grc' dir='ltr'>κακῶν,</span> 
     </span>
    </p>
   </div>
   <div class='ocr_carea' id='block_1_17' title="bbox 184 1635 1790 1724">
    <p class='ocr_par' dir='ltr' id='par_1_17' title="bbox 184 1635 1790 1724">
     <span class='ocr_line' id='line_1_17' title="bbox 184 1635 1790 1724; baseline 0.012 -39"><span class='ocrx_word' id='word_1_102' title='bbox 184 1637 428 1710; x_wconf 82' lang='grc' dir='ltr'>πειράζει</span> <span class='ocrx_word' id='word_1_103' title='bbox 491 1635 549 1690; x_wconf 75' lang='grc' dir='ltr'>δὲ</span> <span class='ocrx_word' id='word_1_104' title='bbox 610 1639 767 1704; x_wconf 73' lang='grc' dir='ltr'>αὐτὸς</span> <span class='ocrx_word' id='word_1_105' title='bbox 835 1640 1040 1715; x_wconf 75' lang='grc' dir='ltr'>οὐδένα,</span> <span class='ocrx_word' id='word_1_106' title='bbox 1090 1647 1303 1708; x_wconf 81' lang='grc' dir='ltr'>ἕκαστος</span> <span class='ocrx_word' id='word_1_107' title='bbox 1360 1645 1419 1702; x_wconf 75' lang='grc' dir='ltr'>δὲ</span> <span class='ocrx_word' id='word_1_108' title='bbox 1484 1653 1790 1724; x_wconf 76' lang='grc' dir='ltr'>πειράζεται</span> 
     </span>
    </p>
   </div>
   <div class='ocr_carea' id='block_1_18' title="bbox 183 1723 1787 1808">
    <p class='ocr_par' dir='ltr' id='par_1_18' title="bbox 183 1723 1787 1808">
     <span class='ocr_line' id='line_1_18' title="bbox 183 1723 1787 1808; baseline 0.014 -35"><span class='ocrx_word' id='word_1_109' title='bbox 183 1723 292 1775; x_wconf 76' lang='grc' dir='ltr'>ὑπὸ</span> <span class='ocrx_word' id='word_1_110' title='bbox 340 1734 435 1788; x_wconf 84' lang='grc' dir='ltr'>τῆς</span> <span class='ocrx_word' id='word_1_111' title='bbox 492 1724 634 1791; x_wconf 74' lang='grc' dir='ltr'>ἰδίας</span> <span class='ocrx_word' id='word_1_112' title='bbox 692 1729 968 1804; x_wconf 73' lang='grc' dir='ltr'>ἐπιθυμίας</span> <span class='ocrx_word' id='word_1_113' title='bbox 1021 1733 1339 1808; x_wconf 76' lang='grc' dir='ltr'>ἐξελκόμενος</span> <span class='ocrx_word' id='word_1_114' title='bbox 1411 1743 1501 1792; x_wconf 84' lang='grc' dir='ltr'>καὶ</span> <span class='ocrx_word' id='word_1_115' title='bbox 1554 1738 1787 1802; x_wconf 78' lang='grc' dir='ltr'>δελεαζό-</span> 
     </span>
    </p>
   </div>
   <div class='ocr_carea' id='block_1_19' title="bbox 1899 588 3546 672">
    <p class='ocr_par' dir='ltr' id='par_1_19' title="bbox 1899 588 3546 672">
     <span class='ocr_line' id='line_1_19' title="bbox 1899 588 3546 672; baseline 0.016 -31"><span class='ocrx_word' id='word_1_116' title='bbox 1899 588 2204 663; x_wconf 89' lang='lat' dir='ltr'>probatus,</span> <span class='ocrx_word' id='word_1_117' title='bbox 2239 597 2482 668; x_wconf 86' lang='lat' dir='ltr'>accipiet</span> <span class='ocrx_word' id='word_1_118' title='bbox 2511 615 2795 658; x_wconf 87' lang='lat' dir='ltr'>coronam</span> <span class='ocrx_word' id='word_1_119' title='bbox 2824 604 2959 660; x_wconf 66' lang='lat' dir='ltr'>vitae</span> <span class='ocrx_word' id='word_1_120' title='bbox 2993 623 3006 672; x_wconf 91' lang='lat'>;</span> <span class='ocrx_word' id='word_1_121' title='bbox 3040 625 3067 658; x_wconf 85' lang='lat'><strong>»</strong></span> <span class='ocrx_word' id='word_1_122' title='bbox 3096 606 3466 666; x_wconf 85' lang='lat' dir='ltr'>beatitudine</span> <span class='ocrx_word' id='word_1_123' title='bbox 3489 614 3546 667; x_wconf 91' lang='lat' dir='ltr'>et</span> 
     </span>
    </p>
   </div>
   <div class='ocr_carea' id='block_1_20' title="bbox 1902 689 3545 771">
    <p class='ocr_par' dir='ltr' id='par_1_20' title="bbox 1902 689 3545 771">
     <span class='ocr_line' id='line_1_20' title="bbox 1902 689 3545 771; baseline 0.015 -41"><span class='ocrx_word' id='word_1_124' title='bbox 1902 691 2008 746; x_wconf 87' lang='lat' dir='ltr'>spe</span> <span class='ocrx_word' id='word_1_125' title='bbox 2039 695 2395 741; x_wconf 91' lang='lat' dir='ltr'>coronarum</span> <span class='ocrx_word' id='word_1_126' title='bbox 2417 689 2695 756; x_wconf 82' lang='lat' dir='ltr'>efﬁciens,</span> <span class='ocrx_word' id='word_1_127' title='bbox 2721 697 2783 747; x_wconf 92' lang='lat' dir='ltr'>ut</span> <span class='ocrx_word' id='word_1_128' title='bbox 2803 693 2918 749; x_wconf 92' lang='lat' dir='ltr'>sint</span> <span class='ocrx_word' id='word_1_129' title='bbox 2938 694 3266 760; x_wconf 75' lang='lat' dir='ltr'>virisbonis</span> <span class='ocrx_word' id='word_1_130' title='bbox 3287 703 3545 771; x_wconf 67' lang='lat' dir='ltr'>acceptas</span> 
     </span>
    </p>
   </div>
   <div class='ocr_carea' id='block_1_21' title="bbox 1901 769 3543 856">
    <p class='ocr_par' dir='ltr' id='par_1_21' title="bbox 1901 769 3543 856">
     <span class='ocr_line' id='line_1_21' title="bbox 1901 769 3543 856; baseline 0.015 -36"><span class='ocrx_word' id='word_1_131' title='bbox 1901 769 2270 856; x_wconf 90' lang='lat' dir='ltr'>tentationes,</span> <span class='ocrx_word' id='word_1_132' title='bbox 2304 780 2359 830; x_wconf 91' lang='lat' dir='ltr'>et</span> <span class='ocrx_word' id='word_1_133' title='bbox 2387 792 2487 832; x_wconf 89' lang='lat' dir='ltr'>eas</span> <span class='ocrx_word' id='word_1_134' title='bbox 2519 781 2956 851; x_wconf 83' lang='lat' dir='ltr'>propemodum</span> <span class='ocrx_word' id='word_1_135' title='bbox 2998 788 3285 856; x_wconf 89' lang='lat' dir='ltr'>tanquam</span> <span class='ocrx_word' id='word_1_136' title='bbox 3309 769 3543 844; x_wconf 79' lang='lat' dir='ltr'>lucrum</span> 
     </span>
    </p>
   </div>
   <div class='ocr_carea' id='block_1_22' title="bbox 1900 855 3221 944">
    <p class='ocr_par' dir='ltr' id='par_1_22' title="bbox 1900 855 3221 944">
     <span class='ocr_line' id='line_1_22' title="bbox 1900 855 3221 944; baseline 0.014 -36"><span class='ocrx_word' id='word_1_137' title='bbox 1900 855 2252 932; x_wconf 80' lang='lat' dir='ltr'>existiment,</span> <span class='ocrx_word' id='word_1_138' title='bbox 2297 868 2352 918; x_wconf 89' lang='lat' dir='ltr'>et</span> <span class='ocrx_word' id='word_1_139' title='bbox 2390 880 2526 922; x_wconf 93' lang='lat' dir='ltr'>cum</span> <span class='ocrx_word' id='word_1_140' title='bbox 2566 868 2864 940; x_wconf 86' lang='lat' dir='ltr'>voluptate</span> <span class='ocrx_word' id='word_1_141' title='bbox 2905 855 3221 944; x_wconf 82' lang='lat' dir='ltr'>excipiant.</span> 
     </span>
    </p>
   </div>
   <div class='ocr_carea' id='block_1_23' title="bbox 1973 944 3548 1034">
    <p class='ocr_par' dir='ltr' id='par_1_23' title="bbox 1973 944 3548 1034">
     <span class='ocr_line' id='line_1_23' title="bbox 1973 944 3548 1034; baseline 0.016 -38"><span class='ocrx_word' id='word_1_142' title='bbox 1973 944 2105 1003; x_wconf 85' lang='lat' dir='ltr'>V11.</span> <span class='ocrx_word' id='word_1_143' title='bbox 2135 951 2334 1021; x_wconf 90' lang='lat' dir='ltr'>Neque</span> <span class='ocrx_word' id='word_1_144' title='bbox 2365 954 2684 1012; x_wconf 91' lang='lat' dir='ltr'>multorum</span> <span class='ocrx_word' id='word_1_145' title='bbox 2713 959 3011 1030; x_wconf 85' lang='lat' dir='ltr'>morbum,</span> <span class='ocrx_word' id='word_1_146' title='bbox 3043 961 3143 1034; x_wconf 90' lang='lat' dir='ltr'>qui</span> <span class='ocrx_word' id='word_1_147' title='bbox 3177 978 3317 1018; x_wconf 89' lang='lat' dir='ltr'>suas</span> <span class='ocrx_word' id='word_1_148' title='bbox 3348 963 3548 1020; x_wconf 88' lang='lat' dir='ltr'>defen-</span> 
     </span>
    </p>
   </div>
   <div class='ocr_carea' id='block_1_24' title="bbox 1899 1033 3543 1123">
    <p class='ocr_par' dir='ltr' id='par_1_24' title="bbox 1899 1033 3543 1123">
     <span class='ocr_line' id='line_1_24' title="bbox 1899 1033 3543 1123; baseline 0.014 -36"><span class='ocrx_word' id='word_1_149' title='bbox 1899 1033 2107 1090; x_wconf 89' lang='lat' dir='ltr'>dentes</span> <span class='ocrx_word' id='word_1_150' title='bbox 2140 1039 2846 1116; x_wconf 86' lang='lat' dir='ltr'>eupiditates,peccatum</span> <span class='ocrx_word' id='word_1_151' title='bbox 2869 1033 3074 1105; x_wconf 86' lang='lat' dir='ltr'>dicunt</span> <span class='ocrx_word' id='word_1_152' title='bbox 3099 1066 3226 1107; x_wconf 92' lang='lat' dir='ltr'>esse</span> <span class='ocrx_word' id='word_1_153' title='bbox 3253 1067 3287 1108; x_wconf 89' lang='lat' dir='ltr'>a</span> <span class='ocrx_word' id='word_1_154' title='bbox 3310 1058 3543 1123; x_wconf 89' lang='lat' dir='ltr'>natura,</span> 
     </span>
    </p>
   </div>
   <div class='ocr_carea' id='block_1_25' title="bbox 1900 1125 3547 1198">
    <p class='ocr_par' dir='ltr' id='par_1_25' title="bbox 1900 1125 3547 1198">
     <span class='ocr_line' id='line_1_25' title="bbox 1900 1125 3547 1198; baseline 0.014 -23"><span class='ocrx_word' id='word_1_155' title='bbox 1900 1125 1958 1176; x_wconf 87' lang='lat' dir='ltr'>et</span> <span class='ocrx_word' id='word_1_156' title='bbox 1995 1139 2186 1197; x_wconf 89' lang='lat' dir='ltr'>neque</span> <span class='ocrx_word' id='word_1_157' title='bbox 2229 1136 2500 1186; x_wconf 86' lang='lat' dir='ltr'>verentur</span> <span class='ocrx_word' id='word_1_158' title='bbox 2538 1134 2878 1191; x_wconf 84' lang='lat' dir='ltr'>existimare</span> <span class='ocrx_word' id='word_1_159' title='bbox 2913 1139 3096 1194; x_wconf 92' lang='lat' dir='ltr'>Deum</span> <span class='ocrx_word' id='word_1_160' title='bbox 3133 1155 3258 1195; x_wconf 88' lang='lat' dir='ltr'>esse</span> <span class='ocrx_word' id='word_1_161' title='bbox 3297 1157 3547 1198; x_wconf 84' lang='lat' dir='ltr'>causam</span> 
     </span>
    </p>
   </div>
   <div class='ocr_carea' id='block_1_26' title="bbox 1903 1211 3547 1298">
    <p class='ocr_par' dir='ltr' id='par_1_26' title="bbox 1903 1211 3547 1298">
     <span class='ocr_line' id='line_1_26' title="bbox 1903 1211 3547 1298; baseline 0.013 -34"><span class='ocrx_word' id='word_1_162' title='bbox 1903 1211 2459 1290; x_wconf 87' lang='lat' dir='ltr'>malorum,reliquit</span> <span class='ocrx_word' id='word_1_163' title='bbox 2473 1221 2836 1279; x_wconf 88' lang='lat' dir='ltr'>incuratum:</span> <span class='ocrx_word' id='word_1_164' title='bbox 2862 1225 2961 1280; x_wconf 91' lang='lat' dir='ltr'>sed</span> <span class='ocrx_word' id='word_1_165' title='bbox 2980 1231 3263 1298; x_wconf 83' lang='lat' dir='ltr'>tanquam</span> <span class='ocrx_word' id='word_1_166' title='bbox 3279 1230 3547 1286; x_wconf 91' lang='lat' dir='ltr'>medicus</span> 
     </span>
    </p>
   </div>
   <div class='ocr_carea' id='block_1_27' title="bbox 1902 1304 3548 1385">
    <p class='ocr_par' dir='ltr' id='par_1_27' title="bbox 1902 1304 3548 1385">
     <span class='ocr_line' id='line_1_27' title="bbox 1902 1304 3548 1385; baseline 0.013 -33"><span class='ocrx_word' id='word_1_167' title='bbox 1902 1304 2428 1368; x_wconf 60' lang='lat' dir='ltr'>praestantissimus</span> <span class='ocrx_word' id='word_1_168' title='bbox 2460 1309 2692 1364; x_wconf 83' lang='lat' dir='ltr'>auxiliis</span> <span class='ocrx_word' id='word_1_169' title='bbox 2726 1315 3152 1382; x_wconf 80' lang='lat' dir='ltr'>praeservativis</span> <span class='ocrx_word' id='word_1_170' title='bbox 3182 1321 3372 1385; x_wconf 89' lang='lat' dir='ltr'>utens,</span> <span class='ocrx_word' id='word_1_171' title='bbox 3407 1317 3548 1373; x_wconf 79' lang='lat' dir='ltr'>huic</span> 
     </span>
    </p>
   </div>
   <div class='ocr_carea' id='block_1_28' title="bbox 1904 1385 3549 1472">
    <p class='ocr_par' dir='ltr' id='par_1_28' title="bbox 1904 1385 3549 1472">
     <span class='ocr_line' id='line_1_28' title="bbox 1904 1385 3549 1472; baseline 0.013 -33"><span class='ocrx_word' id='word_1_172' title='bbox 1904 1385 2116 1442; x_wconf 89' lang='lat' dir='ltr'>morbo</span> <span class='ocrx_word' id='word_1_173' title='bbox 2139 1390 2612 1455; x_wconf 86' lang='lat' dir='ltr'>resistit,dicens:</span> <span class='ocrx_word' id='word_1_174' title='bbox 2641 1416 2668 1446; x_wconf 84' lang='lat'>«</span> <span class='ocrx_word' id='word_1_175' title='bbox 2701 1401 2882 1454; x_wconf 92' lang='lat' dir='ltr'>Nemo</span> <span class='ocrx_word' id='word_1_176' title='bbox 2903 1402 3004 1472; x_wconf 89' lang='lat' dir='ltr'>qui</span> <span class='ocrx_word' id='word_1_177' title='bbox 3028 1407 3282 1458; x_wconf 90' lang='lat' dir='ltr'>tentatur</span> <span class='ocrx_word' id='word_1_178' title='bbox 3297 1405 3457 1460; x_wconf 89' lang='lat' dir='ltr'>dicat</span> <span class='ocrx_word' id='word_1_179' title='bbox 3483 1409 3549 1460; x_wconf 84' lang='lat' dir='ltr'><strong>:A</strong></span> 
     </span>
    </p>
   </div>
   <div class='ocr_carea' id='block_1_29' title="bbox 1902 1473 3546 1564">
    <p class='ocr_par' dir='ltr' id='par_1_29' title="bbox 1902 1473 3546 1564">
     <span class='ocr_line' id='line_1_29' title="bbox 1902 1473 3546 1564; baseline 0.012 -38"><span class='ocrx_word' id='word_1_180' title='bbox 1902 1473 2022 1529; x_wconf 93' lang='lat' dir='ltr'>Deo</span> <span class='ocrx_word' id='word_1_181' title='bbox 2047 1480 2250 1533; x_wconf 91' lang='lat' dir='ltr'>tentor.</span> <span class='ocrx_word' id='word_1_182' title='bbox 2277 1479 2427 1535; x_wconf 92' lang='lat' dir='ltr'>Deus</span> <span class='ocrx_word' id='word_1_183' title='bbox 2450 1485 2609 1539; x_wconf 91' lang='lat' dir='ltr'>enim</span> <span class='ocrx_word' id='word_1_184' title='bbox 2630 1501 2751 1540; x_wconf 91' lang='lat' dir='ltr'>non</span> <span class='ocrx_word' id='word_1_185' title='bbox 2775 1487 2850 1558; x_wconf 90' lang='lat'>(6)</span> <span class='ocrx_word' id='word_1_186' title='bbox 2870 1493 3124 1545; x_wconf 81' lang='lat' dir='ltr'>tentatur</span> <span class='ocrx_word' id='word_1_187' title='bbox 3139 1507 3174 1546; x_wconf 90' lang='lat' dir='ltr'>a</span> <span class='ocrx_word' id='word_1_188' title='bbox 3189 1491 3361 1546; x_wconf 89' lang='lat' dir='ltr'>malis</span> <span class='ocrx_word' id='word_1_189' title='bbox 3387 1509 3400 1557; x_wconf 89' lang='lat'><strong>;</strong></span> <span class='ocrx_word' id='word_1_190' title='bbox 3419 1492 3546 1564; x_wconf 89' lang='lat' dir='ltr'>ipse</span> 
     </span>
    </p>
   </div>
   <div class='ocr_carea' id='block_1_30' title="bbox 1899 1565 3549 1648">
    <p class='ocr_par' dir='ltr' id='par_1_30' title="bbox 1899 1565 3549 1648">
     <span class='ocr_line' id='line_1_30' title="bbox 1899 1565 3549 1648; baseline 0.012 -32"><span class='ocrx_word' id='word_1_191' title='bbox 1899 1565 2098 1618; x_wconf 90' lang='lat' dir='ltr'>autem</span> <span class='ocrx_word' id='word_1_192' title='bbox 2122 1569 2303 1622; x_wconf 87' lang='lat' dir='ltr'>tentat</span> <span class='ocrx_word' id='word_1_193' title='bbox 2328 1569 2661 1627; x_wconf 89' lang='lat' dir='ltr'>neminem:</span> <span class='ocrx_word' id='word_1_194' title='bbox 2685 1577 3065 1648; x_wconf 90' lang='lat' dir='ltr'>unusquique</span> <span class='ocrx_word' id='word_1_195' title='bbox 3094 1594 3230 1634; x_wconf 90' lang='lat' dir='ltr'>vero</span> <span class='ocrx_word' id='word_1_196' title='bbox 3252 1583 3549 1636; x_wconf 83' lang='lat' dir='ltr'>tentatura</span> 
     </span>
    </p>
   </div>
   <div class='ocr_carea' id='block_1_31' title="bbox 1896 1653 3547 1729">
    <p class='ocr_par' dir='ltr' id='par_1_31' title="bbox 1896 1653 3547 1729">
     <span class='ocr_line' id='line_1_31' title="bbox 1896 1653 3547 1729; baseline 0.011 -25"><span class='ocrx_word' id='word_1_197' title='bbox 1896 1653 2139 1722; x_wconf 88' lang='lat' dir='ltr'>propria</span> <span class='ocrx_word' id='word_1_198' title='bbox 2154 1657 2631 1729; x_wconf 90' lang='lat' dir='ltr'>concupiscentia</span> <span class='ocrx_word' id='word_1_199' title='bbox 2643 1668 2925 1719; x_wconf 87' lang='lat' dir='ltr'>attractus</span> <span class='ocrx_word' id='word_1_200' title='bbox 2941 1666 3322 1722; x_wconf 89' lang='lat' dir='ltr'>etinescatus.</span> <span class='ocrx_word' id='word_1_201' title='bbox 3336 1667 3547 1722; x_wconf 90' lang='lat' dir='ltr'>Deinde</span> 
     </span>
    </p>
   </div>
   <div class='ocr_carea' id='block_1_32' title="bbox 1896 1742 3549 1828">
    <p class='ocr_par' dir='ltr' id='par_1_32' title="bbox 1896 1742 3549 1828">
     <span class='ocr_line' id='line_1_32' title="bbox 1896 1742 3549 1828; baseline 0.011 -35"><span class='ocrx_word' id='word_1_202' title='bbox 1896 1742 2380 1813; x_wconf 86' lang='lat' dir='ltr'>concupiscentia</span> <span class='ocrx_word' id='word_1_203' title='bbox 2401 1763 2538 1804; x_wconf 91' lang='lat' dir='ltr'>cum</span> <span class='ocrx_word' id='word_1_204' title='bbox 2571 1752 2859 1823; x_wconf 89' lang='lat' dir='ltr'>concepit,</span> <span class='ocrx_word' id='word_1_205' title='bbox 2880 1755 3033 1825; x_wconf 87' lang='lat' dir='ltr'>parit</span> <span class='ocrx_word' id='word_1_206' title='bbox 3053 1760 3358 1826; x_wconf 91' lang='lat' dir='ltr'>peccatum</span> <span class='ocrx_word' id='word_1_207' title='bbox 3385 1771 3549 1828; x_wconf 90' lang='lat' dir='ltr'>:pec-</span> 
     </span>
    </p>
   </div>
   <div class='ocr_carea' id='block_1_33' title="bbox 182 1812 1783 1912">
    <p class='ocr_par' dir='ltr' id='par_1_33' title="bbox 182 1812 1783 1906">
     <span class='ocr_line' id='line_1_33' title="bbox 182 1812 1783 1906; baseline 0.012 -43"><span class='ocrx_word' id='word_1_208' title='bbox 182 1831 357 1882; x_wconf 86' lang='grc' dir='ltr'>μενος·</span> <span class='ocrx_word' id='word_1_209' title='bbox 394 1812 504 1868; x_wconf 85' lang='grc' dir='ltr'>εἶτα</span> <span class='ocrx_word' id='word_1_210' title='bbox 546 1819 576 1875; x_wconf 74' lang='grc' dir='ltr'>ἡ</span> <span class='ocrx_word' id='word_1_211' title='bbox 631 1817 884 1893; x_wconf 82' lang='grc' dir='ltr'>ἐπιθυμία</span> <span class='ocrx_word' id='word_1_212' title='bbox 935 1822 1266 1878; x_wconf 81' lang='grc' dir='ltr'>συλλαϐοῦσα</span> <span class='ocrx_word' id='word_1_213' title='bbox 1294 1831 1460 1880; x_wconf 83' lang='grc' dir='ltr'>τίκτει</span> <span class='ocrx_word' id='word_1_214' title='bbox 1507 1829 1783 1906; x_wconf 74' lang='grc' dir='ltr'>ἁμαρτίαν,</span> 
     </span>
    </p>
   </div>
   <div class='ocr_carea' id='block_1_34' title="bbox 1899 1812 3549 1912">
    <p class='ocr_par' dir='ltr' id='par_1_34' title="bbox 1899 1831 3549 1912">
     <span class='ocr_line' id='line_1_34' title="bbox 1899 1831 3549 1912; baseline 0.012 -30"><span class='ocrx_word' id='word_1_215' title='bbox 1899 1831 2099 1885; x_wconf 88' lang='lat' dir='ltr'>catum</span> <span class='ocrx_word' id='word_1_216' title='bbox 2156 1838 2355 1889; x_wconf 89' lang='lat' dir='ltr'>autem</span> <span class='ocrx_word' id='word_1_217' title='bbox 2387 1837 2730 1907; x_wconf 85' lang='lat' dir='ltr'>perfectum,</span> <span class='ocrx_word' id='word_1_218' title='bbox 2763 1842 2917 1912; x_wconf 86' lang='lat' dir='ltr'>parit</span> <span class='ocrx_word' id='word_1_219' title='bbox 2943 1847 3212 1899; x_wconf 90' lang='lat' dir='ltr'>mortem.</span> <span class='ocrx_word' id='word_1_220' title='bbox 3248 1865 3276 1896; x_wconf 86' lang='lat'><strong>»</strong></span> <span class='ocrx_word' id='word_1_221' title='bbox 3319 1844 3409 1900; x_wconf 92' lang='lat' dir='ltr'>Sic</span> <span class='ocrx_word' id='word_1_222' title='bbox 3460 1845 3549 1902; x_wconf 89' lang='lat' dir='ltr'>vir</span> 
     </span>
    </p>
   </div>
   <div class='ocr_carea' id='block_1_35' title="bbox 183 1899 1787 1979">
    <p class='ocr_par' dir='ltr' id='par_1_35' title="bbox 183 1899 1787 1979">
     <span class='ocr_line' id='line_1_35' title="bbox 183 1899 1787 1979; baseline 0.009 -21"><span class='ocrx_word' id='word_1_223' title='bbox 183 1902 216 1958; x_wconf 75' lang='grc' dir='ltr'>ἡ</span> <span class='ocrx_word' id='word_1_224' title='bbox 257 1899 317 1955; x_wconf 66' lang='grc' dir='ltr'>δὲ</span> <span class='ocrx_word' id='word_1_225' title='bbox 362 1903 593 1979; x_wconf 83' lang='grc' dir='ltr'>ἁμαρτία</span> <span class='ocrx_word' id='word_1_226' title='bbox 639 1906 1042 1965; x_wconf 74' lang='grc' dir='ltr'>ἀποτελεσθεῖσα</span> <span class='ocrx_word' id='word_1_227' title='bbox 1087 1912 1301 1968; x_wconf 80' lang='grc' dir='ltr'>ἀποκύει</span> <span class='ocrx_word' id='word_1_228' title='bbox 1350 1919 1580 1973; x_wconf 87' lang='grc' dir='ltr'>θάνατον.</span> <span class='ocrx_word' id='word_1_229' title='bbox 1619 1942 1640 1968; x_wconf 70' lang='grc' dir='ltr'><strong><em>α</em></strong></span> <span class='ocrx_word' id='word_1_230' title='bbox 1678 1921 1787 1972; x_wconf 77' lang='grc' dir='ltr'>Οὖ-</span> 
     </span>
    </p>
   </div>
   <div class='ocr_carea' id='block_1_36' title="bbox 185 1992 1788 2079">
    <p class='ocr_par' dir='ltr' id='par_1_36' title="bbox 185 1992 1788 2079">
     <span class='ocr_line' id='line_1_36' title="bbox 185 1992 1788 2079; baseline 0.012 -36"><span class='ocrx_word' id='word_1_231' title='bbox 185 2011 293 2053; x_wconf 90' lang='grc' dir='ltr'>τως</span> <span class='ocrx_word' id='word_1_232' title='bbox 337 1995 363 2046; x_wconf 87' lang='grc' dir='ltr'>ό</span> <span class='ocrx_word' id='word_1_233' title='bbox 395 1992 600 2060; x_wconf 81' lang='grc' dir='ltr'>δίκαιος</span> <span class='ocrx_word' id='word_1_234' title='bbox 647 1995 867 2063; x_wconf 77' lang='grc' dir='ltr'>δικαίως</span> <span class='ocrx_word' id='word_1_235' title='bbox 907 2003 1098 2075; x_wconf 80' lang='grc' dir='ltr'>μεταξὺ</span> <span class='ocrx_word' id='word_1_236' title='bbox 1147 2004 1426 2079; x_wconf 87' lang='grc' dir='ltr'>ἀνθρώπων</span> <span class='ocrx_word' id='word_1_237' title='bbox 1457 2005 1670 2062; x_wconf 79' lang='grc' dir='ltr'>ἐδίκασε</span> <span class='ocrx_word' id='word_1_238' title='bbox 1698 2017 1788 2064; x_wconf 84' lang='grc' dir='ltr'>καὶ</span> 
     </span>
    </p>
   </div>
   <div class='ocr_carea' id='block_1_37' title="bbox 182 2083 1784 2172">
    <p class='ocr_par' dir='ltr' id='par_1_37' title="bbox 182 2083 1784 2172">
     <span class='ocr_line' id='line_1_37' title="bbox 182 2083 1784 2172; baseline 0.012 -40"><span class='ocrx_word' id='word_1_239' title='bbox 182 2088 346 2149; x_wconf 81' lang='grc' dir='ltr'>Θεοῦ,</span> <span class='ocrx_word' id='word_1_240' title='bbox 402 2083 572 2158; x_wconf 73' lang='grc' dir='ltr'>ἐκείνῳ</span> <span class='ocrx_word' id='word_1_241' title='bbox 615 2091 705 2158; x_wconf 75' lang='grc' dir='ltr'>μὲν</span> <span class='ocrx_word' id='word_1_242' title='bbox 752 2089 809 2141; x_wconf 84' lang='grc' dir='ltr'>τό</span> <span class='ocrx_word' id='word_1_243' title='bbox 869 2090 1095 2145; x_wconf 87' lang='grc' dir='ltr'>ἀναίτιον</span> <span class='ocrx_word' id='word_1_244' title='bbox 1153 2102 1250 2146; x_wconf 89' lang='grc' dir='ltr'>τῶν</span> <span class='ocrx_word' id='word_1_245' title='bbox 1309 2106 1478 2148; x_wconf 85' lang='grc' dir='ltr'>κακῶν</span> <span class='ocrx_word' id='word_1_246' title='bbox 1519 2105 1784 2172; x_wconf 71' lang='grc' dir='ltr'>μαρτυρήο</span> 
     </span>
    </p>
   </div>
   <div class='ocr_carea' id='block_1_38' title="bbox 184 2175 1782 2261">
    <p class='ocr_par' dir='ltr' id='par_1_38' title="bbox 184 2175 1782 2261">
     <span class='ocr_line' id='line_1_38' title="bbox 184 2175 1782 2261; baseline 0.013 -41"><span class='ocrx_word' id='word_1_247' title='bbox 184 2189 283 2230; x_wconf 91' lang='grc' dir='ltr'>σας</span> <span class='ocrx_word' id='word_1_248' title='bbox 339 2175 426 2223; x_wconf 85' lang='grc' dir='ltr'>καὶ</span> <span class='ocrx_word' id='word_1_249' title='bbox 479 2181 681 2245; x_wconf 80' lang='grc' dir='ltr'>σιωπᾷν</span> <span class='ocrx_word' id='word_1_250' title='bbox 756 2183 945 2242; x_wconf 86' lang='grc' dir='ltr'>πείσας</span> <span class='ocrx_word' id='word_1_251' title='bbox 993 2181 1234 2251; x_wconf 90' lang='grc' dir='ltr'>γλώσσας</span> <span class='ocrx_word' id='word_1_252' title='bbox 1311 2185 1782 2261; x_wconf 78' lang='grc' dir='ltr'>μεγαλορῥὴμονκς,</span> 
     </span>
    </p>
   </div>
   <div class='ocr_carea' id='block_1_39' title="bbox 177 2257 1785 2341">
    <p class='ocr_par' dir='ltr' id='par_1_39' title="bbox 177 2257 1785 2341">
     <span class='ocr_line' id='line_1_39' title="bbox 177 2257 1785 2341; baseline 0.014 -33"><span class='ocrx_word' id='word_1_253' title='bbox 177 2264 290 2318; x_wconf 86' lang='grc' dir='ltr'>τοῖς</span> <span class='ocrx_word' id='word_1_254' title='bbox 347 2257 640 2333; x_wconf 85' lang='grc' dir='ltr'>ἀνθρώποις</span> <span class='ocrx_word' id='word_1_255' title='bbox 694 2261 755 2317; x_wconf 72' lang='grc' dir='ltr'>δὲ</span> <span class='ocrx_word' id='word_1_256' title='bbox 812 2265 1164 2341; x_wconf 80' lang='grc' dir='ltr'>ἐπιγνώμονας</span> <span class='ocrx_word' id='word_1_257' title='bbox 1220 2280 1311 2333; x_wconf 86' lang='grc' dir='ltr'>τῆς</span> <span class='ocrx_word' id='word_1_258' title='bbox 1376 2274 1567 2326; x_wconf 82' lang='grc' dir='ltr'>ἑαυτῶν</span> <span class='ocrx_word' id='word_1_259' title='bbox 1635 2275 1785 2329; x_wconf 85' lang='grc' dir='ltr'>ἀσθε-</span> 
     </span>
    </p>
   </div>
   <div class='ocr_carea' id='block_1_40' title="bbox 176 2350 1784 2436">
    <p class='ocr_par' dir='ltr' id='par_1_40' title="bbox 176 2350 1784 2436">
     <span class='ocr_line' id='line_1_40' title="bbox 176 2350 1784 2436; baseline 0.013 -39"><span class='ocrx_word' id='word_1_260' title='bbox 176 2350 322 2408; x_wconf 87' lang='grc' dir='ltr'>νείας</span> <span class='ocrx_word' id='word_1_261' title='bbox 363 2354 453 2401; x_wconf 85' lang='grc' dir='ltr'>καὶ</span> <span class='ocrx_word' id='word_1_262' title='bbox 505 2359 604 2403; x_wconf 85' lang='grc' dir='ltr'>τῶν</span> <span class='ocrx_word' id='word_1_263' title='bbox 658 2353 1044 2428; x_wconf 78' lang='grc' dir='ltr'>ἁμαρτημάτων</span> <span class='ocrx_word' id='word_1_264' title='bbox 1092 2356 1221 2412; x_wconf 83' lang='grc' dir='ltr'>εἶναι</span> <span class='ocrx_word' id='word_1_265' title='bbox 1263 2368 1509 2432; x_wconf 79' lang='grc' dir='ltr'>ποιήσας,</span> <span class='ocrx_word' id='word_1_266' title='bbox 1568 2364 1784 2436; x_wconf 70' lang='grc' dir='ltr'>εὐλόγως</span> 
     </span>
    </p>
   </div>
   <div class='ocr_carea' id='block_1_41' title="bbox 178 2442 1781 2522">
    <p class='ocr_par' dir='ltr' id='par_1_41' title="bbox 178 2442 1781 2522">
     <span class='ocr_line' id='line_1_41' title="bbox 178 2442 1781 2522; baseline 0.012 -36"><span class='ocrx_word' id='word_1_267' title='bbox 178 2453 237 2488; x_wconf 88' lang='grc' dir='ltr'>τε</span> <span class='ocrx_word' id='word_1_268' title='bbox 284 2443 713 2511; x_wconf 81' lang='grc' dir='ltr'>παρασκευάσας,</span> <span class='ocrx_word' id='word_1_269' title='bbox 743 2442 948 2505; x_wconf 84' lang='grc' dir='ltr'>ἑαυτοῖς</span> <span class='ocrx_word' id='word_1_270' title='bbox 992 2446 1182 2518; x_wconf 79' lang='grc' dir='ltr'>μᾶλλον</span> <span class='ocrx_word' id='word_1_271' title='bbox 1231 2455 1319 2502; x_wconf 86' lang='grc' dir='ltr'>καὶ</span> <span class='ocrx_word' id='word_1_272' title='bbox 1367 2451 1426 2503; x_wconf 76' lang='grc' dir='ltr'>οὗ</span> <span class='ocrx_word' id='word_1_273' title='bbox 1476 2460 1588 2522; x_wconf 80' lang='grc' dir='ltr'>Θεῷ</span> <span class='ocrx_word' id='word_1_274' title='bbox 1631 2456 1697 2505; x_wconf 83' lang='grc' dir='ltr'>τὰ</span> <span class='ocrx_word' id='word_1_275' title='bbox 1727 2453 1781 2505; x_wconf 85' lang='grc' dir='ltr'>ἐκ</span> 
     </span>
    </p>
   </div>
   <div class='ocr_carea' id='block_1_42' title="bbox 178 2531 1774 2615">
    <p class='ocr_par' dir='ltr' id='par_1_42' title="bbox 178 2531 1774 2615">
     <span class='ocr_line' id='line_1_42' title="bbox 178 2531 1774 2615; baseline 0.013 -40"><span class='ocrx_word' id='word_1_276' title='bbox 178 2531 411 2596; x_wconf 83' lang='grc' dir='ltr'>πονηρᾶς</span> <span class='ocrx_word' id='word_1_277' title='bbox 443 2531 718 2592; x_wconf 86' lang='grc' dir='ltr'>συνηθείας</span> <span class='ocrx_word' id='word_1_278' title='bbox 743 2537 832 2584; x_wconf 86' lang='grc' dir='ltr'>καὶ</span> <span class='ocrx_word' id='word_1_279' title='bbox 856 2533 1122 2608; x_wconf 83' lang='grc' dir='ltr'>ῥᾳθυμίας</span> <span class='ocrx_word' id='word_1_280' title='bbox 1151 2535 1446 2613; x_wconf 77' lang='grc' dir='ltr'>ἐπιγράφειν</span> <span class='ocrx_word' id='word_1_281' title='bbox 1479 2542 1774 2615; x_wconf 78' lang='grc' dir='ltr'>σφάλματα,</span> 
     </span>
    </p>
   </div>
   <div class='ocr_carea' id='block_1_43' title="bbox 178 2615 1775 2706">
    <p class='ocr_par' dir='ltr' id='par_1_43' title="bbox 178 2615 1775 2706">
     <span class='ocr_line' id='line_1_43' title="bbox 178 2615 1775 2706; baseline 0.013 -42"><span class='ocrx_word' id='word_1_282' title='bbox 178 2618 274 2666; x_wconf 83' lang='grc' dir='ltr'>καὶ</span> <span class='ocrx_word' id='word_1_283' title='bbox 305 2615 439 2667; x_wconf 75' lang='grc' dir='ltr'>οὕτω</span> <span class='ocrx_word' id='word_1_284' title='bbox 481 2621 539 2670; x_wconf 88' lang='grc' dir='ltr'>τὸ</span> <span class='ocrx_word' id='word_1_285' title='bbox 569 2629 979 2697; x_wconf 88' lang='grc' dir='ltr'>ταπεινοφρονεῖν</span> <span class='ocrx_word' id='word_1_286' title='bbox 1024 2627 1296 2696; x_wconf 86' lang='grc' dir='ltr'>μανθάνειν</span> <span class='ocrx_word' id='word_1_287' title='bbox 1327 2633 1416 2681; x_wconf 84' lang='grc' dir='ltr'>καὶ</span> <span class='ocrx_word' id='word_1_288' title='bbox 1461 2637 1775 2706; x_wconf 83' lang='grc' dir='ltr'>συγγνώμην</span> 
     </span>
    </p>
   </div>
   <div class='ocr_carea' id='block_1_44' title="bbox 178 2722 364 2757">
    <p class='ocr_par' dir='ltr' id='par_1_44' title="bbox 178 2722 364 2757">
     <span class='ocr_line' id='line_1_44' title="bbox 178 2722 364 2757; baseline 0.016 -3"><span class='ocrx_word' id='word_1_289' title='bbox 178 2722 364 2757; x_wconf 86' lang='grc' dir='ltr'>αιτειν.</span> 
     </span>
    </p>
   </div>
   <div class='ocr_carea' id='block_1_45' title="bbox 253 2792 1773 2882">
    <p class='ocr_par' dir='ltr' id='par_1_45' title="bbox 253 2792 1773 2882">
     <span class='ocr_line' id='line_1_45' title="bbox 253 2792 1773 2882; baseline 0.013 -38"><span class='ocrx_word' id='word_1_290' title='bbox 253 2792 331 2848; x_wconf 84' lang='grc' dir='ltr'>Η’,</span> <span class='ocrx_word' id='word_1_291' title='bbox 373 2793 592 2848; x_wconf 87' lang='grc' dir='ltr'>Ἐκεῖθεν</span> <span class='ocrx_word' id='word_1_292' title='bbox 636 2799 719 2850; x_wconf 81' lang='grc' dir='ltr'>ὅτε</span> <span class='ocrx_word' id='word_1_293' title='bbox 760 2803 846 2852; x_wconf 82' lang='grc' dir='ltr'>τὸν</span> <span class='ocrx_word' id='word_1_294' title='bbox 897 2797 1100 2854; x_wconf 73' lang='grc' dir='ltr'>δίκαιον</span> <span class='ocrx_word' id='word_1_295' title='bbox 1147 2813 1312 2877; x_wconf 89' lang='grc' dir='ltr'>σοφῶς</span> <span class='ocrx_word' id='word_1_296' title='bbox 1352 2804 1661 2882; x_wconf 83' lang='grc' dir='ltr'>ἀναιροῦντα</span> <span class='ocrx_word' id='word_1_297' title='bbox 1687 2815 1773 2863; x_wconf 82' lang='grc' dir='ltr'>τὸν</span> 
     </span>
    </p>
   </div>
   <div class='ocr_carea' id='block_1_46' title="bbox 177 2880 1774 2968">
    <p class='ocr_par' dir='ltr' id='par_1_46' title="bbox 177 2880 1774 2968">
     <span class='ocr_line' id='line_1_46' title="bbox 177 2880 1774 2968; baseline 0.011 -34"><span class='ocrx_word' id='word_1_298' title='bbox 177 2880 424 2953; x_wconf 83' lang='grc' dir='ltr'>ἑπόμενον</span> <span class='ocrx_word' id='word_1_299' title='bbox 468 2883 552 2936; x_wconf 79' lang='grc' dir='ltr'>ἐπὶ</span> <span class='ocrx_word' id='word_1_300' title='bbox 595 2894 656 2958; x_wconf 78' lang='grc' dir='ltr'>τῇ</span> <span class='ocrx_word' id='word_1_301' title='bbox 707 2891 1027 2962; x_wconf 79' lang='grc' dir='ltr'>κατορθώσει</span> <span class='ocrx_word' id='word_1_302' title='bbox 1068 2899 1157 2942; x_wconf 87' lang='grc' dir='ltr'>τοῦ</span> <span class='ocrx_word' id='word_1_303' title='bbox 1209 2891 1407 2962; x_wconf 77' lang='grc' dir='ltr'>ἀγαθοῦ</span> <span class='ocrx_word' id='word_1_304' title='bbox 1460 2904 1637 2968; x_wconf 78' lang='grc' dir='ltr'>τῦφον,</span> <span class='ocrx_word' id='word_1_305' title='bbox 1686 2906 1774 2952; x_wconf 82' lang='grc' dir='ltr'>καὶ</span> 
     </span>
    </p>
   </div>
   <div class='ocr_carea' id='block_1_47' title="bbox 175 2972 1776 3054">
    <p class='ocr_par' dir='ltr' id='par_1_47' title="bbox 175 2972 1776 3054">
     <span class='ocr_line' id='line_1_47' title="bbox 175 2972 1776 3054; baseline 0.011 -33"><span class='ocrx_word' id='word_1_306' title='bbox 175 2972 428 3022; x_wconf 86' lang='grc' dir='ltr'>πείθοντα</span> <span class='ocrx_word' id='word_1_307' title='bbox 482 2981 553 3042; x_wconf 84' lang='grc' dir='ltr'>τῷ</span> <span class='ocrx_word' id='word_1_308' title='bbox 611 2981 724 3045; x_wconf 80' lang='grc' dir='ltr'>Θεῴ</span> <span class='ocrx_word' id='word_1_309' title='bbox 773 2976 961 3046; x_wconf 81' lang='grc' dir='ltr'>μᾶλλον</span> <span class='ocrx_word' id='word_1_310' title='bbox 1013 2979 1041 3035; x_wconf 80' lang='grc' dir='ltr'><em>ἡ</em></span> <span class='ocrx_word' id='word_1_311' title='bbox 1102 2979 1300 3042; x_wconf 78' lang='grc' dir='ltr'>ἑαυτοῖς</span> <span class='ocrx_word' id='word_1_312' title='bbox 1364 2981 1667 3054; x_wconf 83' lang='grc' dir='ltr'>λογίζεσθαι</span> <span class='ocrx_word' id='word_1_313' title='bbox 1717 2992 1776 3039; x_wconf 88' lang='grc' dir='ltr'>τὸ</span> 
     </span>
    </p>
   </div>
   <div class='ocr_carea' id='block_1_48' title="bbox 177 3061 1776 3147">
    <p class='ocr_par' dir='ltr' id='par_1_48' title="bbox 177 3061 1776 3147">
     <span class='ocr_line' id='line_1_48' title="bbox 177 3061 1776 3147; baseline 0.013 -39"><span class='ocrx_word' id='word_1_314' title='bbox 177 3061 507 3130; x_wconf 81' lang='grc' dir='ltr'>κατορθωθέν</span> <span class='ocrx_word' id='word_1_315' title='bbox 542 3079 553 3090; x_wconf 87' lang='grc'><strong>”</strong></span> <span class='ocrx_word' id='word_1_316' title='bbox 588 3084 615 3110; x_wconf 88' lang='grc'>‹‹</span> <span class='ocrx_word' id='word_1_317' title='bbox 657 3068 741 3120; x_wconf 78' lang='grc' dir='ltr'>Μὴ</span> <span class='ocrx_word' id='word_1_318' title='bbox 773 3064 1035 3118; x_wconf 86' lang='grc' dir='ltr'>πλανᾶσθε</span> <span class='ocrx_word' id='word_1_319' title='bbox 1066 3069 1186 3140; x_wconf 79' lang='grc' dir='ltr'>γὰρ,</span> <span class='ocrx_word' id='word_1_320' title='bbox 1224 3075 1401 3140; x_wconf 87' lang='grc' dir='ltr'>φησὶν,</span> <span class='ocrx_word' id='word_1_321' title='bbox 1434 3068 1647 3144; x_wconf 76' lang='grc' dir='ltr'>ἀδελφοί</span> <span class='ocrx_word' id='word_1_322' title='bbox 1679 3096 1776 3147; x_wconf 89' lang='grc' dir='ltr'>μου</span> 
     </span>
    </p>
   </div>
   <div class='ocr_carea' id='block_1_49' title="bbox 1893 1916 3547 1993">
    <p class='ocr_par' dir='ltr' id='par_1_49' title="bbox 1893 1916 3547 1993">
     <span class='ocr_line' id='line_1_49' title="bbox 1893 1916 3547 1993; baseline 0.011 -23"><span class='ocrx_word' id='word_1_323' title='bbox 1893 1916 2090 1986; x_wconf 90' lang='lat' dir='ltr'>justus</span> <span class='ocrx_word' id='word_1_324' title='bbox 2117 1920 2276 1990; x_wconf 90' lang='lat' dir='ltr'>juste</span> <span class='ocrx_word' id='word_1_325' title='bbox 2295 1923 2583 1993; x_wconf 89' lang='lat' dir='ltr'>judicavit</span> <span class='ocrx_word' id='word_1_326' title='bbox 2610 1928 2757 1982; x_wconf 90' lang='lat' dir='ltr'>inter</span> <span class='ocrx_word' id='word_1_327' title='bbox 2786 1929 3061 1985; x_wconf 91' lang='lat' dir='ltr'>homines</span> <span class='ocrx_word' id='word_1_328' title='bbox 3100 1937 3155 1986; x_wconf 90' lang='lat' dir='ltr'>et</span> <span class='ocrx_word' id='word_1_329' title='bbox 3195 1935 3378 1987; x_wconf 93' lang='lat' dir='ltr'>Deum</span> <span class='ocrx_word' id='word_1_330' title='bbox 3409 1950 3420 1988; x_wconf 91' lang='lat'><strong>:</strong></span> <span class='ocrx_word' id='word_1_331' title='bbox 3462 1932 3547 1988; x_wconf 89' lang='lat' dir='ltr'>illi</span> 
     </span>
    </p>
   </div>
   <div class='ocr_carea' id='block_1_50' title="bbox 1896 2007 3548 2090">
    <p class='ocr_par' dir='ltr' id='par_1_50' title="bbox 1896 2007 3548 2090">
     <span class='ocr_line' id='line_1_50' title="bbox 1896 2007 3548 2090; baseline 0.011 -31"><span class='ocrx_word' id='word_1_332' title='bbox 1896 2007 2142 2076; x_wconf 88' lang='lat' dir='ltr'>quidem</span> <span class='ocrx_word' id='word_1_333' title='bbox 2193 2027 2301 2066; x_wconf 92' lang='lat' dir='ltr'>suo</span> <span class='ocrx_word' id='word_1_334' title='bbox 2333 2013 2667 2070; x_wconf 90' lang='lat' dir='ltr'>testimonio</span> <span class='ocrx_word' id='word_1_335' title='bbox 2717 2018 3004 2084; x_wconf 85' lang='lat' dir='ltr'>tribuens,</span> <span class='ocrx_word' id='word_1_336' title='bbox 3029 2020 3193 2090; x_wconf 93' lang='lat' dir='ltr'>quod</span> <span class='ocrx_word' id='word_1_337' title='bbox 3219 2036 3342 2076; x_wconf 93' lang='lat' dir='ltr'>non</span> <span class='ocrx_word' id='word_1_338' title='bbox 3391 2026 3548 2077; x_wconf 91' lang='lat' dir='ltr'>esset</span> 
     </span>
    </p>
   </div>
   <div class='ocr_carea' id='block_1_51' title="bbox 1895 2098 3544 2180">
    <p class='ocr_par' dir='ltr' id='par_1_51' title="bbox 1895 2098 3544 2180">
     <span class='ocr_line' id='line_1_51' title="bbox 1895 2098 3544 2180; baseline 0.011 -33"><span class='ocrx_word' id='word_1_339' title='bbox 1895 2101 2097 2151; x_wconf 82' lang='lat' dir='ltr'>auctor</span> <span class='ocrx_word' id='word_1_340' title='bbox 2145 2098 2464 2165; x_wconf 91' lang='lat' dir='ltr'>malorum,</span> <span class='ocrx_word' id='word_1_341' title='bbox 2492 2107 2547 2158; x_wconf 91' lang='lat' dir='ltr'>et</span> <span class='ocrx_word' id='word_1_342' title='bbox 2599 2103 2817 2173; x_wconf 83' lang='lat' dir='ltr'>linguis</span> <span class='ocrx_word' id='word_1_343' title='bbox 2870 2105 3224 2177; x_wconf 88' lang='lat' dir='ltr'>loquacibus</span> <span class='ocrx_word' id='word_1_344' title='bbox 3305 2125 3544 2180; x_wconf 88' lang='lat' dir='ltr'>persua-</span> 
     </span>
    </p>
   </div>
   <div class='ocr_carea' id='block_1_52' title="bbox 1894 2182 3544 2261">
    <p class='ocr_par' dir='ltr' id='par_1_52' title="bbox 1894 2182 3544 2261">
     <span class='ocr_line' id='line_1_52' title="bbox 1894 2182 3544 2261; baseline 0.01 -24"><span class='ocrx_word' id='word_1_345' title='bbox 1894 2182 2062 2247; x_wconf 90' lang='lat' dir='ltr'>dens,</span> <span class='ocrx_word' id='word_1_346' title='bbox 2117 2191 2181 2240; x_wconf 92' lang='lat' dir='ltr'>ut</span> <span class='ocrx_word' id='word_1_347' title='bbox 2211 2192 2503 2257; x_wconf 89' lang='lat' dir='ltr'>tacerent;</span> <span class='ocrx_word' id='word_1_348' title='bbox 2561 2190 2823 2248; x_wconf 80' lang='lat' dir='ltr'>efﬁciens</span> <span class='ocrx_word' id='word_1_349' title='bbox 2877 2201 3097 2261; x_wconf 89' lang='lat' dir='ltr'>autem,</span> <span class='ocrx_word' id='word_1_350' title='bbox 3151 2200 3215 2252; x_wconf 91' lang='lat' dir='ltr'>ut</span> <span class='ocrx_word' id='word_1_351' title='bbox 3269 2197 3544 2253; x_wconf 89' lang='lat' dir='ltr'>homines</span> 
     </span>
    </p>
   </div>
   <div class='ocr_carea' id='block_1_53' title="bbox 1895 2279 3541 2356">
    <p class='ocr_par' dir='ltr' id='par_1_53' title="bbox 1895 2279 3541 2356">
     <span class='ocr_line' id='line_1_53' title="bbox 1895 2279 3541 2356; baseline 0.01 -31"><span class='ocrx_word' id='word_1_352' title='bbox 1895 2287 2066 2328; x_wconf 91' lang='lat' dir='ltr'>suam</span> <span class='ocrx_word' id='word_1_353' title='bbox 2099 2284 2486 2344; x_wconf 83' lang='lat' dir='ltr'>agnoscerent</span> <span class='ocrx_word' id='word_1_354' title='bbox 2525 2279 2990 2338; x_wconf 86' lang='lat' dir='ltr'>imbecillitatem</span> <span class='ocrx_word' id='word_1_355' title='bbox 3023 2289 3075 2340; x_wconf 94' lang='lat' dir='ltr'>et</span> <span class='ocrx_word' id='word_1_356' title='bbox 3109 2301 3219 2341; x_wconf 91' lang='lat' dir='ltr'>sua</span> <span class='ocrx_word' id='word_1_357' title='bbox 3250 2291 3495 2356; x_wconf 87' lang='lat' dir='ltr'>peccata</span> <span class='ocrx_word' id='word_1_358' title='bbox 3528 2305 3541 2355; x_wconf 91' lang='lat'><strong>;</strong></span> 
     </span>
    </p>
   </div>
   <div class='ocr_carea' id='block_1_54' title="bbox 1893 2364 3540 2445">
    <p class='ocr_par' dir='ltr' id='par_1_54' title="bbox 1893 2364 3540 2445">
     <span class='ocr_line' id='line_1_54' title="bbox 1893 2364 3540 2445; baseline 0.009 -29"><span class='ocrx_word' id='word_1_359' title='bbox 1893 2366 1950 2417; x_wconf 90' lang='lat' dir='ltr'>et</span> <span class='ocrx_word' id='word_1_360' title='bbox 1979 2366 2044 2417; x_wconf 88' lang='lat' dir='ltr'>ut</span> <span class='ocrx_word' id='word_1_361' title='bbox 2065 2364 2198 2429; x_wconf 88' lang='lat' dir='ltr'>sibi,</span> <span class='ocrx_word' id='word_1_362' title='bbox 2223 2370 2278 2420; x_wconf 91' lang='lat' dir='ltr'>et</span> <span class='ocrx_word' id='word_1_363' title='bbox 2303 2382 2425 2422; x_wconf 95' lang='lat' dir='ltr'>non</span> <span class='ocrx_word' id='word_1_364' title='bbox 2459 2371 2596 2435; x_wconf 93' lang='lat' dir='ltr'>Deo,</span> <span class='ocrx_word' id='word_1_365' title='bbox 2630 2370 2992 2427; x_wconf 86' lang='lat' dir='ltr'>ascriberent</span> <span class='ocrx_word' id='word_1_366' title='bbox 3019 2371 3253 2439; x_wconf 91' lang='lat' dir='ltr'>delicta,</span> <span class='ocrx_word' id='word_1_367' title='bbox 3284 2390 3418 2445; x_wconf 68' lang='lat' dir='ltr'>qua:</span> <span class='ocrx_word' id='word_1_368' title='bbox 3471 2391 3540 2430; x_wconf 79' lang='lat' dir='ltr'>ex</span> 
     </span>
    </p>
   </div>
   <div class='ocr_carea' id='block_1_55' title="bbox 1891 2451 3544 2529">
    <p class='ocr_par' dir='ltr' id='par_1_55' title="bbox 1891 2451 3544 2529">
     <span class='ocr_line' id='line_1_55' title="bbox 1891 2451 3544 2529; baseline 0.008 -23"><span class='ocrx_word' id='word_1_369' title='bbox 1891 2451 2052 2508; x_wconf 91' lang='lat' dir='ltr'>mala</span> <span class='ocrx_word' id='word_1_370' title='bbox 2094 2456 2522 2512; x_wconf 85' lang='lat' dir='ltr'>consuetudine</span> <span class='ocrx_word' id='word_1_371' title='bbox 2611 2459 2968 2529; x_wconf 90' lang='lat' dir='ltr'>proveniunt</span> <span class='ocrx_word' id='word_1_372' title='bbox 3039 2465 3094 2516; x_wconf 92' lang='lat' dir='ltr'>et</span> <span class='ocrx_word' id='word_1_373' title='bbox 3143 2463 3435 2529; x_wconf 82' lang='lat' dir='ltr'>socordia,</span> <span class='ocrx_word' id='word_1_374' title='bbox 3487 2469 3544 2519; x_wconf 91' lang='lat' dir='ltr'>et</span> 
     </span>
    </p>
   </div>
   <div class='ocr_carea' id='block_1_56' title="bbox 1890 2539 3546 2621">
    <p class='ocr_par' dir='ltr' id='par_1_56' title="bbox 1890 2539 3546 2621">
     <span class='ocr_line' id='line_1_56' title="bbox 1890 2539 3546 2621; baseline 0.01 -27"><span class='ocrx_word' id='word_1_375' title='bbox 1890 2540 1978 2595; x_wconf 92' lang='lat' dir='ltr'>sic</span> <span class='ocrx_word' id='word_1_376' title='bbox 2002 2539 2297 2601; x_wconf 89' lang='lat' dir='ltr'>discerent</span> <span class='ocrx_word' id='word_1_377' title='bbox 2330 2560 2393 2600; x_wconf 93' lang='lat' dir='ltr'>se</span> <span class='ocrx_word' id='word_1_378' title='bbox 2417 2546 2718 2603; x_wconf 87' lang='lat' dir='ltr'>humiliter</span> <span class='ocrx_word' id='word_1_379' title='bbox 2731 2562 2954 2617; x_wconf 84' lang='lat' dir='ltr'>gerere,</span> <span class='ocrx_word' id='word_1_380' title='bbox 2977 2554 3032 2605; x_wconf 91' lang='lat' dir='ltr'>et</span> <span class='ocrx_word' id='word_1_381' title='bbox 3060 2554 3260 2621; x_wconf 88' lang='lat' dir='ltr'>petere</span> <span class='ocrx_word' id='word_1_382' title='bbox 3280 2553 3546 2612; x_wconf 83' lang='lat' dir='ltr'>veniam.</span> 
     </span>
    </p>
   </div>
   <div class='ocr_carea' id='block_1_57' title="bbox 1954 2808 3544 2890">
    <p class='ocr_par' dir='ltr' id='par_1_57' title="bbox 1954 2808 3544 2890">
     <span class='ocr_line' id='line_1_57' title="bbox 1954 2808 3544 2890; baseline 0.011 -32"><span class='ocrx_word' id='word_1_383' title='bbox 1954 2808 2023 2863; x_wconf 88' lang='lat' dir='ltr'>Vl</span> <span class='ocrx_word' id='word_1_384' title='bbox 2036 2809 2102 2864; x_wconf 91' lang='lat' dir='ltr'>II.</span> <span class='ocrx_word' id='word_1_385' title='bbox 2128 2810 2416 2869; x_wconf 65' lang='lat' dir='ltr'>Praeterea</span> <span class='ocrx_word' id='word_1_386' title='bbox 2434 2813 2666 2870; x_wconf 85' lang='lat' dir='ltr'>videbis</span> <span class='ocrx_word' id='word_1_387' title='bbox 2683 2815 2914 2885; x_wconf 91' lang='lat' dir='ltr'>justum</span> <span class='ocrx_word' id='word_1_388' title='bbox 2937 2817 3233 2889; x_wconf 90' lang='lat' dir='ltr'>sapienter</span> <span class='ocrx_word' id='word_1_389' title='bbox 3245 2819 3544 2890; x_wconf 89' lang='lat' dir='ltr'>perimen-</span> 
     </span>
    </p>
   </div>
   <div class='ocr_carea' id='block_1_58' title="bbox 1881 2885 3538 2974">
    <p class='ocr_par' dir='ltr' id='par_1_58' title="bbox 1881 2885 3538 2974">
     <span class='ocr_line' id='line_1_58' title="bbox 1881 2885 3538 2974; baseline 0.009 -29"><span class='ocrx_word' id='word_1_390' title='bbox 1881 2885 2006 2946; x_wconf 73' lang='lat' dir='ltr'>tem</span> <span class='ocrx_word' id='word_1_391' title='bbox 2021 2897 2426 2962; x_wconf 84' lang='lat' dir='ltr'>arrogantiam</span> <span class='ocrx_word' id='word_1_392' title='bbox 2445 2903 2498 2952; x_wconf 90' lang='lat' dir='ltr'>et</span> <span class='ocrx_word' id='word_1_393' title='bbox 2512 2898 2852 2970; x_wconf 88' lang='lat' dir='ltr'>superbiam</span> <span class='ocrx_word' id='word_1_394' title='bbox 2864 2885 3294 2974; x_wconf 53' lang='lat' dir='ltr'>,quw—sequitur</span> <span class='ocrx_word' id='word_1_395' title='bbox 3307 2903 3538 2960; x_wconf 89' lang='lat' dir='ltr'>bonum</span> 
     </span>
    </p>
   </div>
   <div class='ocr_carea' id='block_1_59' title="bbox 1887 2981 3538 3058">
    <p class='ocr_par' dir='ltr' id='par_1_59' title="bbox 1887 2981 3538 3058">
     <span class='ocr_line' id='line_1_59' title="bbox 1887 2981 3538 3058; baseline 0.01 -30"><span class='ocrx_word' id='word_1_396' title='bbox 1887 2981 2040 3029; x_wconf 92' lang='lat' dir='ltr'>recte</span> <span class='ocrx_word' id='word_1_397' title='bbox 2071 2983 2330 3046; x_wconf 89' lang='lat' dir='ltr'>gestum,</span> <span class='ocrx_word' id='word_1_398' title='bbox 2363 2986 2419 3035; x_wconf 90' lang='lat' dir='ltr'>et</span> <span class='ocrx_word' id='word_1_399' title='bbox 2447 2983 2899 3052; x_wconf 86' lang='lat' dir='ltr'>persuadentem</span> <span class='ocrx_word' id='word_1_400' title='bbox 2957 2987 3073 3040; x_wconf 91' lang='lat' dir='ltr'>Deo</span> <span class='ocrx_word' id='word_1_401' title='bbox 3107 2987 3302 3056; x_wconf 87' lang='lat' dir='ltr'>potius</span> <span class='ocrx_word' id='word_1_402' title='bbox 3351 3003 3538 3058; x_wconf 88' lang='lat' dir='ltr'>quam</span> 
     </span>
    </p>
   </div>
   <div class='ocr_carea' id='block_1_60' title="bbox 1890 3059 3538 3137">
    <p class='ocr_par' dir='ltr' id='par_1_60' title="bbox 1890 3059 3538 3137">
     <span class='ocr_line' id='line_1_60' title="bbox 1890 3059 3538 3137; baseline 0.01 -25"><span class='ocrx_word' id='word_1_403' title='bbox 1890 3059 2002 3114; x_wconf 88' lang='lat' dir='ltr'>sibi</span> <span class='ocrx_word' id='word_1_404' title='bbox 2033 3060 2172 3130; x_wconf 86' lang='lat' dir='ltr'>ipsis</span> <span class='ocrx_word' id='word_1_405' title='bbox 2202 3065 2517 3136; x_wconf 89' lang='lat' dir='ltr'>ascribere,</span> <span class='ocrx_word' id='word_1_406' title='bbox 2544 3067 2709 3137; x_wconf 92' lang='lat' dir='ltr'>quod</span> <span class='ocrx_word' id='word_1_407' title='bbox 2739 3067 2915 3122; x_wconf 87' lang='lat' dir='ltr'>fuerit</span> <span class='ocrx_word' id='word_1_408' title='bbox 2935 3072 3091 3124; x_wconf 91' lang='lat' dir='ltr'>recte</span> <span class='ocrx_word' id='word_1_409' title='bbox 3122 3069 3365 3126; x_wconf 87' lang='lat' dir='ltr'>factum.</span> <span class='ocrx_word' id='word_1_410' title='bbox 3396 3090 3424 3122; x_wconf 87' lang='lat'>«</span> <span class='ocrx_word' id='word_1_411' title='bbox 3455 3074 3538 3128; x_wconf 92' lang='lat' dir='ltr'>Ne</span> 
     </span>
    </p>
   </div>
   <div class='ocr_carea' id='block_1_61' title="bbox 179 3145 1783 3238">
    <p class='ocr_par' dir='ltr' id='par_1_61' title="bbox 179 3145 1781 3235">
     <span class='ocr_line' id='line_1_61' title="bbox 179 3145 1781 3235; baseline 0.012 -38"><span class='ocrx_word' id='word_1_412' title='bbox 179 3145 472 3218; x_wconf 83' lang='grc' dir='ltr'>ἀγαπητοὶ,</span> <span class='ocrx_word' id='word_1_413' title='bbox 530 3156 678 3202; x_wconf 86' lang='grc' dir='ltr'>πᾶσα</span> <span class='ocrx_word' id='word_1_414' title='bbox 729 3148 884 3213; x_wconf 76' lang='grc' dir='ltr'>δόσις</span> <span class='ocrx_word' id='word_1_415' title='bbox 931 3153 1098 3226; x_wconf 84' lang='grc' dir='ltr'>ἀγαθὴ</span> <span class='ocrx_word' id='word_1_416' title='bbox 1153 3162 1242 3210; x_wconf 86' lang='grc' dir='ltr'>καῖ</span> <span class='ocrx_word' id='word_1_417' title='bbox 1289 3165 1389 3210; x_wconf 87' lang='grc' dir='ltr'>πᾶν</span> <span class='ocrx_word' id='word_1_418' title='bbox 1437 3157 1662 3235; x_wconf 79' lang='grc' dir='ltr'>δώρημα</span> <span class='ocrx_word' id='word_1_419' title='bbox 1706 3168 1781 3216; x_wconf 82' lang='grc' dir='ltr'>τέ-</span> 
     </span>
    </p>
   </div>
   <div class='ocr_carea' id='block_1_62' title="bbox 1899 3145 3537 3238">
    <p class='ocr_par' dir='ltr' id='par_1_62' title="bbox 1899 3145 3537 3238">
     <span class='ocr_line' id='line_1_62' title="bbox 1899 3145 3537 3238; baseline 0.009 -41"><span class='ocrx_word' id='word_1_420' title='bbox 1899 3145 2093 3198; x_wconf 86' lang='lat' dir='ltr'>erretis</span> <span class='ocrx_word' id='word_1_421' title='bbox 2145 3146 2344 3215; x_wconf 88' lang='lat' dir='ltr'>igitur,</span> <span class='ocrx_word' id='word_1_422' title='bbox 2399 3149 2610 3220; x_wconf 78' lang='lat' dir='ltr'>inquit.</span> <span class='ocrx_word' id='word_1_423' title='bbox 2665 3149 2880 3206; x_wconf 90' lang='lat' dir='ltr'>fratres</span> <span class='ocrx_word' id='word_1_424' title='bbox 2913 3153 3028 3207; x_wconf 90' lang='lat' dir='ltr'>mei</span> <span class='ocrx_word' id='word_1_425' title='bbox 3059 3153 3304 3238; x_wconf 85' lang='lat' dir='ltr'>dilecti:</span> <span class='ocrx_word' id='word_1_426' title='bbox 3358 3171 3537 3212; x_wconf 89' lang='lat' dir='ltr'>omne</span> 
     </span>
    </p>
   </div>
   <div class='ocr_carea' id='block_1_63' title="bbox 176 3234 1780 3325">
    <p class='ocr_par' dir='ltr' id='par_1_63' title="bbox 176 3234 1780 3325">
     <span class='ocr_line' id='line_1_63' title="bbox 176 3234 1780 3325; baseline 0.012 -39"><span class='ocrx_word' id='word_1_427' title='bbox 176 3234 313 3287; x_wconf 89' lang='grc' dir='ltr'>λειον</span> <span class='ocrx_word' id='word_1_428' title='bbox 369 3237 558 3290; x_wconf 82' lang='grc' dir='ltr'>ἄνωθέν</span> <span class='ocrx_word' id='word_1_429' title='bbox 613 3237 722 3292; x_wconf 78' lang='grc' dir='ltr'>ἔστι</span> <span class='ocrx_word' id='word_1_430' title='bbox 775 3241 1084 3296; x_wconf 64' lang='grc' dir='ltr'>καταϐαῖνον</span> <span class='ocrx_word' id='word_1_431' title='bbox 1140 3244 1239 3297; x_wconf 88' lang='grc' dir='ltr'>ἀπὸ</span> <span class='ocrx_word' id='word_1_432' title='bbox 1289 3255 1380 3299; x_wconf 90' lang='grc' dir='ltr'>τοῦ</span> <span class='ocrx_word' id='word_1_433' title='bbox 1430 3255 1631 3325; x_wconf 84' lang='grc' dir='ltr'>Πατρός</span> <span class='ocrx_word' id='word_1_434' title='bbox 1681 3262 1780 3304; x_wconf 82' lang='grc' dir='ltr'>τῶν</span> 
     </span>
    </p>
   </div>
   <div class='ocr_carea' id='block_1_64' title="bbox 184 3325 1781 3411">
    <p class='ocr_par' dir='ltr' id='par_1_64' title="bbox 184 3325 1781 3411">
     <span class='ocr_line' id='line_1_64' title="bbox 184 3325 1781 3411; baseline 0.013 -37"><span class='ocrx_word' id='word_1_435' title='bbox 184 3329 386 3396; x_wconf 90' lang='grc' dir='ltr'>φώτων,</span> <span class='ocrx_word' id='word_1_436' title='bbox 420 3331 542 3400; x_wconf 83' lang='grc' dir='ltr'>παρ’</span> <span class='ocrx_word' id='word_1_437' title='bbox 678 3327 772 3380; x_wconf 80' lang='grc' dir='ltr'>οῦκ</span> <span class='ocrx_word' id='word_1_438' title='bbox 825 3331 938 3382; x_wconf 86' lang='grc' dir='ltr'>ἔστι</span> <span class='ocrx_word' id='word_1_439' title='bbox 984 3333 1289 3406; x_wconf 86' lang='grc' dir='ltr'>παραλλαγὴ</span> <span class='ocrx_word' id='word_1_440' title='bbox 1338 3337 1366 3394; x_wconf 78' lang='grc' dir='ltr'><em>ἣ</em></span> <span class='ocrx_word' id='word_1_441' title='bbox 1413 3349 1606 3411; x_wconf 78' lang='grc' dir='ltr'>τροπῆς</span> <span class='ocrx_word' id='word_1_442' title='bbox 1653 3340 1781 3393; x_wconf 84' lang='grc' dir='ltr'>ἀπο-</span> 
     </span>
    </p>
   </div>
   <div class='ocr_carea' id='block_1_65' title="bbox 188 3415 1780 3499">
    <p class='ocr_par' dir='ltr' id='par_1_65' title="bbox 188 3415 1780 3499">
     <span class='ocr_line' id='line_1_65' title="bbox 188 3415 1780 3499; baseline 0.012 -35"><span class='ocrx_word' id='word_1_443' title='bbox 188 3419 467 3487; x_wconf 77' lang='grc' dir='ltr'>σκίασμαο</span> <span class='ocrx_word' id='word_1_444' title='bbox 499 3415 775 3488; x_wconf 83' lang='grc' dir='ltr'>βουληθεὶς</span> <span class='ocrx_word' id='word_1_445' title='bbox 829 3418 1118 3479; x_wconf 80' lang='grc' dir='ltr'>ἀπεκύησεν</span> <span class='ocrx_word' id='word_1_446' title='bbox 1173 3425 1311 3495; x_wconf 80' lang='grc' dir='ltr'>ἡμᾶς</span> <span class='ocrx_word' id='word_1_447' title='bbox 1357 3425 1488 3499; x_wconf 86' lang='grc' dir='ltr'>λόγῳ</span> <span class='ocrx_word' id='word_1_448' title='bbox 1539 3428 1780 3493; x_wconf 84' lang='grc' dir='ltr'>ἀληθείας</span> 
     </span>
    </p>
   </div>
   <div class='ocr_carea' id='block_1_66' title="bbox 189 3501 1778 3593">
    <p class='ocr_par' dir='ltr' id='par_1_66' title="bbox 189 3501 1778 3593">
     <span class='ocr_line' id='line_1_66' title="bbox 189 3501 1778 3593; baseline 0.013 -40"><span class='ocrx_word' id='word_1_449' title='bbox 189 3502 257 3563; x_wconf 85' lang='grc' dir='ltr'>εἰς</span> <span class='ocrx_word' id='word_1_450' title='bbox 303 3507 358 3555; x_wconf 84' lang='grc' dir='ltr'>τὸ</span> <span class='ocrx_word' id='word_1_451' title='bbox 401 3501 531 3557; x_wconf 80' lang='grc' dir='ltr'>εἶναι</span> <span class='ocrx_word' id='word_1_452' title='bbox 577 3507 711 3579; x_wconf 75' lang='grc' dir='ltr'>ἡμᾶς</span> <span class='ocrx_word' id='word_1_453' title='bbox 749 3507 1000 3581; x_wconf 83' lang='grc' dir='ltr'>ἀπαρχήν</span> <span class='ocrx_word' id='word_1_454' title='bbox 1051 3531 1166 3564; x_wconf 92' lang='grc' dir='ltr'>τινα</span> <span class='ocrx_word' id='word_1_455' title='bbox 1204 3522 1302 3564; x_wconf 88' lang='grc' dir='ltr'>τῶν</span> <span class='ocrx_word' id='word_1_456' title='bbox 1353 3517 1512 3569; x_wconf 64' lang='grc' dir='ltr'>αὐτοῦ</span> <span class='ocrx_word' id='word_1_457' title='bbox 1558 3525 1778 3593; x_wconf 84' lang='grc' dir='ltr'>κτισμά-</span> 
     </span>
    </p>
   </div>
   <div class='ocr_carea' id='block_1_67' title="bbox 188 3599 1780 3678">
    <p class='ocr_par' dir='ltr' id='par_1_67' title="bbox 188 3599 1780 3678">
     <span class='ocr_line' id='line_1_67' title="bbox 188 3599 1780 3678; baseline 0.014 -36"><span class='ocrx_word' id='word_1_458' title='bbox 188 3609 309 3647; x_wconf 91' lang='grc' dir='ltr'>των.</span> <span class='ocrx_word' id='word_1_459' title='bbox 344 3614 364 3642; x_wconf 76' lang='grc' dir='ltr'>ν</span> <span class='ocrx_word' id='word_1_460' title='bbox 393 3600 572 3647; x_wconf 87' lang='grc' dir='ltr'>Ταῦτα</span> <span class='ocrx_word' id='word_1_461' title='bbox 618 3601 708 3648; x_wconf 85' lang='grc' dir='ltr'>καὶ</span> <span class='ocrx_word' id='word_1_462' title='bbox 751 3602 1078 3670; x_wconf 80' lang='grc' dir='ltr'>φρονήματος</span> <span class='ocrx_word' id='word_1_463' title='bbox 1120 3599 1358 3655; x_wconf 86' lang='grc' dir='ltr'>ἀποκενοῖ</span> <span class='ocrx_word' id='word_1_464' title='bbox 1391 3613 1572 3678; x_wconf 88' lang='grc' dir='ltr'>τῦφον,</span> <span class='ocrx_word' id='word_1_465' title='bbox 1603 3615 1692 3662; x_wconf 88' lang='grc' dir='ltr'>καὶ</span> <span class='ocrx_word' id='word_1_466' title='bbox 1723 3617 1780 3664; x_wconf 87' lang='grc' dir='ltr'>τὸ</span> 
     </span>
    </p>
   </div>
   <div class='ocr_carea' id='block_1_68' title="bbox 190 3685 1783 3768">
    <p class='ocr_par' dir='ltr' id='par_1_68' title="bbox 190 3685 1783 3768">
     <span class='ocr_line' id='line_1_68' title="bbox 190 3685 1783 3768; baseline 0.011 -35"><span class='ocrx_word' id='word_1_467' title='bbox 190 3687 341 3734; x_wconf 86' lang='grc' dir='ltr'>Θείον</span> <span class='ocrx_word' id='word_1_468' title='bbox 370 3687 678 3756; x_wconf 85' lang='grc' dir='ltr'>παρεκτικόν</span> <span class='ocrx_word' id='word_1_469' title='bbox 722 3685 832 3758; x_wconf 76' lang='grc' dir='ltr'>ἅμα</span> <span class='ocrx_word' id='word_1_470' title='bbox 861 3694 952 3738; x_wconf 89' lang='grc' dir='ltr'>τοῦ</span> <span class='ocrx_word' id='word_1_471' title='bbox 997 3686 1196 3758; x_wconf 89' lang='grc' dir='ltr'>ἀγαθοῦ</span> <span class='ocrx_word' id='word_1_472' title='bbox 1239 3697 1327 3744; x_wconf 87' lang='grc' dir='ltr'>καὶ</span> <span class='ocrx_word' id='word_1_473' title='bbox 1376 3695 1624 3768; x_wconf 78' lang='grc' dir='ltr'>ἄτρεπτον</span> <span class='ocrx_word' id='word_1_474' title='bbox 1656 3697 1783 3750; x_wconf 85' lang='grc' dir='ltr'>εἶναι</span> 
     </span>
    </p>
   </div>
   <div class='ocr_carea' id='block_1_69' title="bbox 187 3769 1783 3862">
    <p class='ocr_par' dir='ltr' id='par_1_69' title="bbox 187 3769 1783 3862">
     <span class='ocr_line' id='line_1_69' title="bbox 187 3769 1783 3862; baseline 0.012 -40"><span class='ocrx_word' id='word_1_475' title='bbox 187 3775 279 3823; x_wconf 86' lang='grc' dir='ltr'>καὶ</span> <span class='ocrx_word' id='word_1_476' title='bbox 307 3769 645 3824; x_wconf 86' lang='grc' dir='ltr'>ἀναλλοίωτον</span> <span class='ocrx_word' id='word_1_477' title='bbox 690 3770 944 3842; x_wconf 76' lang='grc' dir='ltr'>δείκνυσι,</span> <span class='ocrx_word' id='word_1_478' title='bbox 977 3783 1066 3829; x_wconf 86' lang='grc' dir='ltr'>καὶ</span> <span class='ocrx_word' id='word_1_479' title='bbox 1115 3780 1249 3842; x_wconf 88' lang='grc' dir='ltr'>ὃπως</span> <span class='ocrx_word' id='word_1_480' title='bbox 1295 3780 1551 3856; x_wconf 76' lang='grc' dir='ltr'>ἐξαίρετον</span> <span class='ocrx_word' id='word_1_481' title='bbox 1593 3788 1623 3846; x_wconf 73' lang='grc' dir='ltr'><em>ἡ</em></span> <span class='ocrx_word' id='word_1_482' title='bbox 1658 3793 1783 3862; x_wconf 82' lang='grc' dir='ltr'>πρὸς</span> 
     </span>
    </p>
   </div>
   <div class='ocr_carea' id='block_1_70' title="bbox 190 3859 1780 3945">
    <p class='ocr_par' dir='ltr' id='par_1_70' title="bbox 190 3859 1780 3945">
     <span class='ocr_line' id='line_1_70' title="bbox 190 3859 1780 3945; baseline 0.013 -35"><span class='ocrx_word' id='word_1_483' title='bbox 190 3861 258 3911; x_wconf 84' lang='grc' dir='ltr'>τὰ</span> <span class='ocrx_word' id='word_1_484' title='bbox 310 3859 440 3911; x_wconf 80' lang='grc' dir='ltr'>ἄλλα</span> <span class='ocrx_word' id='word_1_485' title='bbox 490 3865 755 3933; x_wconf 89' lang='grc' dir='ltr'>κτίσματα</span> <span class='ocrx_word' id='word_1_486' title='bbox 811 3870 922 3938; x_wconf 85' lang='grc' dir='ltr'>περὶ</span> <span class='ocrx_word' id='word_1_487' title='bbox 981 3869 1064 3918; x_wconf 88' lang='grc' dir='ltr'>τὸν</span> <span class='ocrx_word' id='word_1_488' title='bbox 1121 3868 1382 3942; x_wconf 61' lang='grc' dir='ltr'>ἄνθρωπον</span> <span class='ocrx_word' id='word_1_489' title='bbox 1437 3879 1666 3945; x_wconf 82' lang='grc' dir='ltr'>φαίνεται</span> <span class='ocrx_word' id='word_1_490' title='bbox 1724 3883 1780 3930; x_wconf 88' lang='grc' dir='ltr'>τό</span> 
     </span>
    </p>
   </div>
   <div class='ocr_carea' id='block_1_71' title="bbox 191 3944 701 4020">
    <p class='ocr_par' dir='ltr' id='par_1_71' title="bbox 191 3944 701 4020">
     <span class='ocr_line' id='line_1_71' title="bbox 191 3944 701 4020; baseline 0.002 -20"><span class='ocrx_word' id='word_1_491' title='bbox 191 3944 532 4019; x_wconf 77' lang='grc' dir='ltr'>κηδεμονικὸν</span> <span class='ocrx_word' id='word_1_492' title='bbox 559 3951 701 4020; x_wconf 83' lang='grc' dir='ltr'>ἔχον.</span> 
     </span>
    </p>
   </div>
   <div class='ocr_carea' id='block_1_72' title="bbox 266 4036 1779 4128">
    <p class='ocr_par' dir='ltr' id='par_1_72' title="bbox 266 4036 1779 4128">
     <span class='ocr_line' id='line_1_72' title="bbox 266 4036 1779 4128; baseline 0.012 -37"><span class='ocrx_word' id='word_1_493' title='bbox 266 4036 347 4091; x_wconf 90' lang='grc' dir='ltr'>Θ’.</span> <span class='ocrx_word' id='word_1_494' title='bbox 389 4041 531 4090; x_wconf 85' lang='grc' dir='ltr'>Μετὰ</span> <span class='ocrx_word' id='word_1_495' title='bbox 581 4047 746 4091; x_wconf 86' lang='grc' dir='ltr'>ταῦτα</span> <span class='ocrx_word' id='word_1_496' title='bbox 798 4045 886 4094; x_wconf 86' lang='grc' dir='ltr'>καὶ</span> <span class='ocrx_word' id='word_1_497' title='bbox 943 4043 1267 4121; x_wconf 82' lang='grc' dir='ltr'>ὴθικωτέρων</span> <span class='ocrx_word' id='word_1_498' title='bbox 1322 4048 1539 4104; x_wconf 78' lang='grc' dir='ltr'>ἅπτεται</span> <span class='ocrx_word' id='word_1_499' title='bbox 1595 4075 1779 4128; x_wconf 83' lang='grc' dir='ltr'>παραι-</span> 
     </span>
    </p>
   </div>
   <div class='ocr_carea' id='block_1_73' title="bbox 191 4125 1780 4211">
    <p class='ocr_par' dir='ltr' id='par_1_73' title="bbox 191 4125 1780 4211">
     <span class='ocr_line' id='line_1_73' title="bbox 191 4125 1780 4211; baseline 0.013 -35"><span class='ocrx_word' id='word_1_500' title='bbox 191 4130 394 4182; x_wconf 81' lang='grc' dir='ltr'>νέσεων.</span> <span class='ocrx_word' id='word_1_501' title='bbox 446 4147 473 4176; x_wconf 78' lang='grc' dir='ltr'>ι(</span> <span class='ocrx_word' id='word_1_502' title='bbox 505 4125 697 4193; x_wconf 84' lang='grc' dir='ltr'>”Εστω,</span> <span class='ocrx_word' id='word_1_503' title='bbox 729 4126 909 4199; x_wconf 80' lang='grc' dir='ltr'>λέγων,</span> <span class='ocrx_word' id='word_1_504' title='bbox 956 4138 1056 4194; x_wconf 86' lang='grc' dir='ltr'>πᾶς</span> <span class='ocrx_word' id='word_1_505' title='bbox 1099 4135 1365 4210; x_wconf 77' lang='grc' dir='ltr'>ἄνθρωπος</span> <span class='ocrx_word' id='word_1_506' title='bbox 1392 4145 1561 4211; x_wconf 85' lang='grc' dir='ltr'>ταχὺς</span> <span class='ocrx_word' id='word_1_507' title='bbox 1609 4143 1679 4204; x_wconf 88' lang='grc' dir='ltr'>εἰς</span> <span class='ocrx_word' id='word_1_508' title='bbox 1721 4147 1780 4196; x_wconf 86' lang='grc' dir='ltr'>τό</span> 
     </span>
    </p>
   </div>
   <div class='ocr_carea' id='block_1_74' title="bbox 192 4211 1777 4303">
    <p class='ocr_par' dir='ltr' id='par_1_74' title="bbox 192 4211 1777 4303">
     <span class='ocr_line' id='line_1_74' title="bbox 192 4211 1777 4303; baseline 0.007 -37"><span class='ocrx_word' id='word_1_509' title='bbox 192 4212 434 4285; x_wconf 77' lang='grc' dir='ltr'>ἀκοῦσαι,</span> <span class='ocrx_word' id='word_1_510' title='bbox 472 4211 675 4288; x_wconf 75' lang='grc' dir='ltr'>βραδὺς</span> <span class='ocrx_word' id='word_1_511' title='bbox 705 4215 776 4279; x_wconf 84' lang='grc' dir='ltr'>εἰς</span> <span class='ocrx_word' id='word_1_512' title='bbox 805 4220 862 4269; x_wconf 85' lang='grc' dir='ltr'>τὸ</span> <span class='ocrx_word' id='word_1_513' title='bbox 903 4217 1147 4291; x_wconf 83' lang='grc' dir='ltr'>λαλῆσαι,</span> <span class='ocrx_word' id='word_1_514' title='bbox 1181 4221 1388 4298; x_wconf 74' lang='grc' dir='ltr'>βραδὺς</span> <span class='ocrx_word' id='word_1_515' title='bbox 1421 4227 1490 4290; x_wconf 86' lang='grc' dir='ltr'>εἰς</span> <span class='ocrx_word' id='word_1_516' title='bbox 1539 4227 1716 4303; x_wconf 83' lang='grc' dir='ltr'>ὀργήν,</span> <span class='ocrx_word' id='word_1_517' title='bbox 1753 4252 1777 4280; x_wconf 78' lang='grc' dir='ltr'>ι)</span> 
     </span>
    </p>
   </div>
   <div class='ocr_carea' id='block_1_75' title="bbox 191 4303 1784 4388">
    <p class='ocr_par' dir='ltr' id='par_1_75' title="bbox 191 4303 1784 4388">
     <span class='ocr_line' id='line_1_75' title="bbox 191 4303 1784 4388; baseline 0.011 -35"><span class='ocrx_word' id='word_1_518' title='bbox 191 4303 255 4356; x_wconf 86' lang='grc' dir='ltr'>Εἰ</span> <span class='ocrx_word' id='word_1_519' title='bbox 301 4306 402 4376; x_wconf 83' lang='grc' dir='ltr'>γὰρ</span> <span class='ocrx_word' id='word_1_520' title='bbox 453 4307 510 4355; x_wconf 88' lang='grc' dir='ltr'>τὸ</span> <span class='ocrx_word' id='word_1_521' title='bbox 550 4303 711 4375; x_wconf 80' lang='grc' dir='ltr'>λέγειν</span> <span class='ocrx_word' id='word_1_522' title='bbox 758 4310 964 4377; x_wconf 80' lang='grc' dir='ltr'>ταχέως</span> <span class='ocrx_word' id='word_1_523' title='bbox 1003 4309 1232 4380; x_wconf 76' lang='grc' dir='ltr'>φυλακῆς</span> <span class='ocrx_word' id='word_1_524' title='bbox 1282 4313 1445 4381; x_wconf 80' lang='grc' dir='ltr'>ἄξιον,</span> <span class='ocrx_word' id='word_1_525' title='bbox 1479 4319 1535 4367; x_wconf 87' lang='grc' dir='ltr'>τὸ</span> <span class='ocrx_word' id='word_1_526' title='bbox 1580 4322 1784 4388; x_wconf 77' lang='grc' dir='ltr'>ταχέως</span> 
     </span>
    </p>
   </div>
   <div class='ocr_carea' id='block_1_76' title="bbox 193 4391 1783 4476">
    <p class='ocr_par' dir='ltr' id='par_1_76' title="bbox 193 4391 1783 4476">
     <span class='ocr_line' id='line_1_76' title="bbox 193 4391 1783 4476; baseline 0.009 -32"><span class='ocrx_word' id='word_1_527' title='bbox 193 4391 504 4468; x_wconf 76' lang='grc' dir='ltr'>ὀργίζεσθαι</span> <span class='ocrx_word' id='word_1_528' title='bbox 549 4401 716 4452; x_wconf 81' lang='grc' dir='ltr'>πόσης</span> <span class='ocrx_word' id='word_1_529' title='bbox 793 4394 985 4465; x_wconf 87' lang='grc' dir='ltr'>μᾶλλον</span> <span class='ocrx_word' id='word_1_530' title='bbox 1057 4393 1226 4450; x_wconf 72' lang='grc' dir='ltr'>δεῖται</span> <span class='ocrx_word' id='word_1_531' title='bbox 1303 4409 1393 4462; x_wconf 78' lang='grc' dir='ltr'>τῆς</span> <span class='ocrx_word' id='word_1_532' title='bbox 1461 4402 1783 4476; x_wconf 85' lang='grc' dir='ltr'>ἀσφαλείας;</span> 
     </span>
    </p>
   </div>
   <div class='ocr_carea' id='block_1_77' title="bbox 1890 3228 3536 3307">
    <p class='ocr_par' dir='ltr' id='par_1_77' title="bbox 1890 3228 3536 3307">
     <span class='ocr_line' id='line_1_77' title="bbox 1890 3228 3536 3307; baseline 0.007 -25"><span class='ocrx_word' id='word_1_533' title='bbox 1890 3228 2120 3283; x_wconf 92' lang='lat' dir='ltr'>donum</span> <span class='ocrx_word' id='word_1_534' title='bbox 2175 3233 2424 3299; x_wconf 88' lang='lat' dir='ltr'>bonum,</span> <span class='ocrx_word' id='word_1_535' title='bbox 2454 3237 2509 3287; x_wconf 91' lang='lat' dir='ltr'>et</span> <span class='ocrx_word' id='word_1_536' title='bbox 2558 3249 2737 3288; x_wconf 89' lang='lat' dir='ltr'>omne</span> <span class='ocrx_word' id='word_1_537' title='bbox 2782 3235 2992 3290; x_wconf 89' lang='lat' dir='ltr'>datum</span> <span class='ocrx_word' id='word_1_538' title='bbox 3032 3237 3376 3307; x_wconf 87' lang='lat' dir='ltr'>perfectum,</span> <span class='ocrx_word' id='word_1_539' title='bbox 3431 3240 3536 3295; x_wconf 92' lang='lat' dir='ltr'>de-</span> 
     </span>
    </p>
   </div>
   <div class='ocr_carea' id='block_1_78' title="bbox 1890 3312 3535 3394">
    <p class='ocr_par' dir='ltr' id='par_1_78' title="bbox 1890 3312 3535 3394">
     <span class='ocr_line' id='line_1_78' title="bbox 1890 3312 3535 3394; baseline 0.008 -28"><span class='ocrx_word' id='word_1_540' title='bbox 1890 3327 2067 3383; x_wconf 89' lang='lat' dir='ltr'>super</span> <span class='ocrx_word' id='word_1_541' title='bbox 2108 3312 2415 3369; x_wconf 88' lang='lat' dir='ltr'>descendlt</span> <span class='ocrx_word' id='word_1_542' title='bbox 2461 3331 2496 3371; x_wconf 88' lang='lat' dir='ltr'>a</span> <span class='ocrx_word' id='word_1_543' title='bbox 2556 3319 2719 3372; x_wconf 86' lang='lat' dir='ltr'>Patre</span> <span class='ocrx_word' id='word_1_544' title='bbox 2765 3317 3084 3384; x_wconf 90' lang='lat' dir='ltr'>luminum,</span> <span class='ocrx_word' id='word_1_545' title='bbox 3142 3323 3300 3392; x_wconf 89' lang='lat' dir='ltr'>apud</span> <span class='ocrx_word' id='word_1_546' title='bbox 3353 3339 3535 3394; x_wconf 90' lang='lat' dir='ltr'>quem</span> 
     </span>
    </p>
   </div>
   <div class='ocr_carea' id='block_1_79' title="bbox 1890 3397 3528 3470">
    <p class='ocr_par' dir='ltr' id='par_1_79' title="bbox 1890 3397 3528 3470">
     <span class='ocr_line' id='line_1_79' title="bbox 1890 3397 3528 3470; baseline 0.008 -19"><span class='ocrx_word' id='word_1_547' title='bbox 1890 3411 2010 3451; x_wconf 93' lang='lat' dir='ltr'>non</span> <span class='ocrx_word' id='word_1_548' title='bbox 2037 3401 2123 3451; x_wconf 89' lang='lat' dir='ltr'>est</span> <span class='ocrx_word' id='word_1_549' title='bbox 2153 3397 2545 3456; x_wconf 84' lang='lat' dir='ltr'>vicissituddo</span> <span class='ocrx_word' id='word_1_550' title='bbox 2576 3416 2684 3456; x_wconf 89' lang='lat' dir='ltr'>nec</span> <span class='ocrx_word' id='word_1_551' title='bbox 2717 3402 3079 3470; x_wconf 87' lang='lat' dir='ltr'>mutationis,</span> <span class='ocrx_word' id='word_1_552' title='bbox 3110 3406 3528 3463; x_wconf 87' lang='lat' dir='ltr'>obumbratio:</span> 
     </span>
    </p>
   </div>
   <div class='ocr_carea' id='block_1_80' title="bbox 1889 3480 3532 3551">
    <p class='ocr_par' dir='ltr' id='par_1_80' title="bbox 1889 3480 3532 3551">
     <span class='ocr_line' id='line_1_80' title="bbox 1889 3480 3532 3551; baseline 0.007 -17"><span class='ocrx_word' id='word_1_553' title='bbox 1889 3480 2097 3535; x_wconf 87' lang='lat' dir='ltr'>volens</span> <span class='ocrx_word' id='word_1_554' title='bbox 2123 3481 2278 3536; x_wconf 93' lang='lat' dir='ltr'>enim</span> <span class='ocrx_word' id='word_1_555' title='bbox 2302 3484 2624 3551; x_wconf 91' lang='lat' dir='ltr'>genuitnos</span> <span class='ocrx_word' id='word_1_556' title='bbox 2647 3485 2822 3540; x_wconf 91' lang='lat' dir='ltr'>verbo</span> <span class='ocrx_word' id='word_1_557' title='bbox 2839 3487 3189 3551; x_wconf 88' lang='lat' dir='ltr'>veritatis,ut</span> <span class='ocrx_word' id='word_1_558' title='bbox 3214 3489 3399 3544; x_wconf 89' lang='lat' dir='ltr'>simus</span> <span class='ocrx_word' id='word_1_559' title='bbox 3425 3507 3532 3546; x_wconf 89' lang='lat' dir='ltr'>nos</span> 
     </span>
    </p>
   </div>
   <div class='ocr_carea' id='block_1_81' title="bbox 1892 3565 3532 3639">
    <p class='ocr_par' dir='ltr' id='par_1_81' title="bbox 1892 3565 3532 3639">
     <span class='ocr_line' id='line_1_81' title="bbox 1892 3565 3532 3639; baseline 0.008 -22"><span class='ocrx_word' id='word_1_560' title='bbox 1892 3565 2162 3636; x_wconf 65' lang='lat' dir='ltr'>primitiae</span> <span class='ocrx_word' id='word_1_561' title='bbox 2232 3567 2513 3637; x_wconf 77' lang='lat' dir='ltr'>quaedam</span> <span class='ocrx_word' id='word_1_562' title='bbox 2560 3569 2685 3639; x_wconf 89' lang='lat' dir='ltr'>ejus</span> <span class='ocrx_word' id='word_1_563' title='bbox 2741 3576 3162 3626; x_wconf 88' lang='lat' dir='ltr'>creaturarum.</span> <span class='ocrx_word' id='word_1_564' title='bbox 3217 3594 3244 3623; x_wconf 86' lang='lat'><strong>»</strong></span> <span class='ocrx_word' id='word_1_565' title='bbox 3293 3575 3426 3630; x_wconf 69' lang='lat' dir='ltr'>[Itec</span> <span class='ocrx_word' id='word_1_566' title='bbox 3473 3579 3532 3630; x_wconf 90' lang='lat' dir='ltr'>et</span> 
     </span>
    </p>
   </div>
   <div class='ocr_carea' id='block_1_82' title="bbox 1891 3649 3530 3721">
    <p class='ocr_par' dir='ltr' id='par_1_82' title="bbox 1891 3649 3530 3721">
     <span class='ocr_line' id='line_1_82' title="bbox 1891 3649 3530 3721; baseline 0.006 -18"><span class='ocrx_word' id='word_1_567' title='bbox 1891 3649 2236 3704; x_wconf 88' lang='lat' dir='ltr'>exinaniunt</span> <span class='ocrx_word' id='word_1_568' title='bbox 2283 3653 2706 3721; x_wconf 85' lang='lat' dir='ltr'>arrogantiam,</span> <span class='ocrx_word' id='word_1_569' title='bbox 2748 3659 2804 3708; x_wconf 91' lang='lat' dir='ltr'>et</span> <span class='ocrx_word' id='word_1_570' title='bbox 2829 3655 3151 3710; x_wconf 91' lang='lat' dir='ltr'>ostendunt</span> <span class='ocrx_word' id='word_1_571' title='bbox 3173 3659 3354 3712; x_wconf 91' lang='lat' dir='ltr'>Deum</span> <span class='ocrx_word' id='word_1_572' title='bbox 3398 3675 3530 3714; x_wconf 88' lang='lat' dir='ltr'>esse</span> 
     </span>
    </p>
   </div>
   <div class='ocr_carea' id='block_1_83' title="bbox 1890 3734 3531 3808">
    <p class='ocr_par' dir='ltr' id='par_1_83' title="bbox 1890 3734 3531 3808">
     <span class='ocr_line' id='line_1_83' title="bbox 1890 3734 3531 3808; baseline 0.006 -20"><span class='ocrx_word' id='word_1_573' title='bbox 1890 3734 2158 3788; x_wconf 87' lang='lat' dir='ltr'>datorem</span> <span class='ocrx_word' id='word_1_574' title='bbox 2198 3734 2518 3801; x_wconf 90' lang='lat' dir='ltr'>bonorum,</span> <span class='ocrx_word' id='word_1_575' title='bbox 2561 3742 2617 3792; x_wconf 90' lang='lat' dir='ltr'>et</span> <span class='ocrx_word' id='word_1_576' title='bbox 2665 3753 2792 3792; x_wconf 88' lang='lat' dir='ltr'>esse</span> <span class='ocrx_word' id='word_1_577' title='bbox 2835 3737 3288 3808; x_wconf 87' lang='lat' dir='ltr'>immutabilem,</span> <span class='ocrx_word' id='word_1_578' title='bbox 3317 3758 3426 3797; x_wconf 89' lang='lat' dir='ltr'>nec</span> <span class='ocrx_word' id='word_1_579' title='bbox 3469 3744 3531 3799; x_wconf 90' lang='lat' dir='ltr'>in</span> 
     </span>
    </p>
   </div>
   <div class='ocr_carea' id='block_1_84' title="bbox 1890 3817 3532 3892">
    <p class='ocr_par' dir='ltr' id='par_1_84' title="bbox 1890 3817 3532 3892">
     <span class='ocr_line' id='line_1_84' title="bbox 1890 3817 3532 3892; baseline 0.005 -20"><span class='ocrx_word' id='word_1_580' title='bbox 1890 3833 2025 3872; x_wconf 88' lang='lat' dir='ltr'>eum</span> <span class='ocrx_word' id='word_1_581' title='bbox 2057 3817 2264 3872; x_wconf 86' lang='lat' dir='ltr'>cadere</span> <span class='ocrx_word' id='word_1_582' title='bbox 2285 3817 2696 3874; x_wconf 88' lang='lat' dir='ltr'>alterationem</span> <span class='ocrx_word' id='word_1_583' title='bbox 2729 3835 2742 3872; x_wconf 91' lang='lat'>:</span> <span class='ocrx_word' id='word_1_584' title='bbox 2770 3821 3053 3892; x_wconf 92' lang='lat' dir='ltr'>quodque</span> <span class='ocrx_word' id='word_1_585' title='bbox 3074 3823 3122 3876; x_wconf 90' lang='lat' dir='ltr'>is</span> <span class='ocrx_word' id='word_1_586' title='bbox 3143 3830 3231 3878; x_wconf 93' lang='lat' dir='ltr'>est</span> <span class='ocrx_word' id='word_1_587' title='bbox 3259 3825 3532 3891; x_wconf 81' lang='lat' dir='ltr'>eximius,</span> 
     </span>
    </p>
   </div>
   <div class='ocr_carea' id='block_1_85' title="bbox 1891 3900 3536 3973">
    <p class='ocr_par' dir='ltr' id='par_1_85' title="bbox 1891 3900 3536 3973">
     <span class='ocr_line' id='line_1_85' title="bbox 1891 3900 3536 3973; baseline 0.007 -19"><span class='ocrx_word' id='word_1_588' title='bbox 1891 3900 1940 3954; x_wconf 92' lang='lat' dir='ltr'>si</span> <span class='ocrx_word' id='word_1_589' title='bbox 1971 3900 2309 3956; x_wconf 80' lang='lat' dir='ltr'>conferatur</span> <span class='ocrx_word' id='word_1_590' title='bbox 2337 3918 2472 3958; x_wconf 92' lang='lat' dir='ltr'>cum</span> <span class='ocrx_word' id='word_1_591' title='bbox 2516 3903 2689 3959; x_wconf 86' lang='lat' dir='ltr'>rebus</span> <span class='ocrx_word' id='word_1_592' title='bbox 2719 3905 2949 3973; x_wconf 89' lang='lat' dir='ltr'>creatis,</span> <span class='ocrx_word' id='word_1_593' title='bbox 2983 3909 3041 3960; x_wconf 93' lang='lat' dir='ltr'>et</span> <span class='ocrx_word' id='word_1_594' title='bbox 3072 3907 3403 3964; x_wconf 85' lang='lat' dir='ltr'>maximam</span> <span class='ocrx_word' id='word_1_595' title='bbox 3455 3910 3536 3966; x_wconf 76' lang='lat' dir='ltr'>vi-</span> 
     </span>
    </p>
   </div>
   <div class='ocr_carea' id='block_1_86' title="bbox 1889 3985 2841 4054">
    <p class='ocr_par' dir='ltr' id='par_1_86' title="bbox 1889 3985 2841 4054">
     <span class='ocr_line' id='line_1_86' title="bbox 1889 3985 2841 4054; baseline 0.002 -14"><span class='ocrx_word' id='word_1_596' title='bbox 1889 3985 2060 4041; x_wconf 90' lang='lat' dir='ltr'>detur</span> <span class='ocrx_word' id='word_1_597' title='bbox 2086 4001 2286 4054; x_wconf 89' lang='lat' dir='ltr'>gerere</span> <span class='ocrx_word' id='word_1_598' title='bbox 2326 4002 2532 4042; x_wconf 90' lang='lat' dir='ltr'>curam</span> <span class='ocrx_word' id='word_1_599' title='bbox 2563 3988 2841 4043; x_wconf 89' lang='lat' dir='ltr'>hominis.</span> 
     </span>
    </p>
   </div>
   <div class='ocr_carea' id='block_1_87' title="bbox 1963 4070 3537 4146">
    <p class='ocr_par' dir='ltr' id='par_1_87' title="bbox 1963 4070 3537 4146">
     <span class='ocr_line' id='line_1_87' title="bbox 1963 4070 3537 4146; baseline 0.006 -23"><span class='ocrx_word' id='word_1_600' title='bbox 1963 4071 2043 4124; x_wconf 84' lang='lat' dir='ltr'>IX.</span> <span class='ocrx_word' id='word_1_601' title='bbox 2074 4070 2352 4126; x_wconf 74' lang='lat' dir='ltr'>Posthtec</span> <span class='ocrx_word' id='word_1_602' title='bbox 2386 4071 2613 4126; x_wconf 88' lang='lat' dir='ltr'>accedit</span> <span class='ocrx_word' id='word_1_603' title='bbox 2637 4073 2711 4127; x_wconf 94' lang='lat' dir='ltr'>ad</span> <span class='ocrx_word' id='word_1_604' title='bbox 2771 4072 3236 4140; x_wconf 85' lang='lat' dir='ltr'>admonitiones,</span> <span class='ocrx_word' id='word_1_605' title='bbox 3269 4092 3402 4146; x_wconf 71' lang='lat' dir='ltr'>quae</span> <span class='ocrx_word' id='word_1_606' title='bbox 3457 4077 3537 4132; x_wconf 88' lang='lat' dir='ltr'>ad</span> 
     </span>
    </p>
   </div>
   <div class='ocr_carea' id='block_1_88' title="bbox 1893 4155 3535 4225">
    <p class='ocr_par' dir='ltr' id='par_1_88' title="bbox 1893 4155 3535 4225">
     <span class='ocr_line' id='line_1_88' title="bbox 1893 4155 3535 4225; baseline 0.005 -19"><span class='ocrx_word' id='word_1_607' title='bbox 1893 4169 2087 4207; x_wconf 88' lang='lat' dir='ltr'>mores</span> <span class='ocrx_word' id='word_1_608' title='bbox 2115 4155 2306 4221; x_wconf 87' lang='lat' dir='ltr'>magis</span> <span class='ocrx_word' id='word_1_609' title='bbox 2337 4155 2629 4224; x_wconf 89' lang='lat' dir='ltr'>pertinent</span> <span class='ocrx_word' id='word_1_610' title='bbox 2659 4171 2670 4208; x_wconf 74' lang='grc' dir='ltr'>ε</span> <span class='ocrx_word' id='word_1_611' title='bbox 2702 4176 2729 4206; x_wconf 88' lang='grc'>‹‹</span> <span class='ocrx_word' id='word_1_612' title='bbox 2755 4157 2853 4220; x_wconf 91' lang='lat' dir='ltr'>Sit,</span> <span class='ocrx_word' id='word_1_613' title='bbox 2880 4156 3104 4225; x_wconf 90' lang='lat' dir='ltr'>dicens,</span> <span class='ocrx_word' id='word_1_614' title='bbox 3133 4159 3332 4213; x_wconf 89' lang='lat' dir='ltr'>omnis</span> <span class='ocrx_word' id='word_1_615' title='bbox 3352 4160 3535 4215; x_wconf 88' lang='lat' dir='ltr'>homo</span> 
     </span>
    </p>
   </div>
   <div class='ocr_carea' id='block_1_89' title="bbox 1892 4235 3536 4312">
    <p class='ocr_par' dir='ltr' id='par_1_89' title="bbox 1892 4235 3536 4312">
     <span class='ocr_line' id='line_1_89' title="bbox 1892 4235 3536 4312; baseline 0.007 -22"><span class='ocrx_word' id='word_1_616' title='bbox 1892 4235 2064 4290; x_wconf 80' lang='lat' dir='ltr'>velox</span> <span class='ocrx_word' id='word_1_617' title='bbox 2085 4235 2163 4289; x_wconf 91' lang='lat' dir='ltr'>ad</span> <span class='ocrx_word' id='word_1_618' title='bbox 2184 4235 2575 4301; x_wconf 89' lang='lat' dir='ltr'>audiendum,</span> <span class='ocrx_word' id='word_1_619' title='bbox 2597 4239 2799 4293; x_wconf 89' lang='lat' dir='ltr'>tardus</span> <span class='ocrx_word' id='word_1_620' title='bbox 2824 4239 2900 4294; x_wconf 89' lang='lat' dir='ltr'>ad</span> <span class='ocrx_word' id='word_1_621' title='bbox 2933 4241 3325 4312; x_wconf 86' lang='lat' dir='ltr'>loquendum,</span> <span class='ocrx_word' id='word_1_622' title='bbox 3344 4248 3402 4298; x_wconf 91' lang='lat' dir='ltr'>et</span> <span class='ocrx_word' id='word_1_623' title='bbox 3423 4247 3536 4300; x_wconf 84' lang='lat' dir='ltr'>tar-</span> 
     </span>
    </p>
   </div>
   <div class='ocr_carea' id='block_1_90' title="bbox 1892 4318 3533 4392">
    <p class='ocr_par' dir='ltr' id='par_1_90' title="bbox 1892 4318 3533 4392">
     <span class='ocr_line' id='line_1_90' title="bbox 1892 4318 3533 4392; baseline 0.005 -19"><span class='ocrx_word' id='word_1_624' title='bbox 1892 4319 2004 4374; x_wconf 89' lang='lat' dir='ltr'>dus</span> <span class='ocrx_word' id='word_1_625' title='bbox 2035 4319 2104 4373; x_wconf 85' lang='lat' dir='ltr'>ad</span> <span class='ocrx_word' id='word_1_626' title='bbox 2134 4318 2306 4374; x_wconf 90' lang='lat' dir='ltr'>iram.</span> <span class='ocrx_word' id='word_1_627' title='bbox 2345 4341 2365 4368; x_wconf 77' lang='grc' dir='ltr'><strong>ι</strong></span> <span class='ocrx_word' id='word_1_628' title='bbox 2402 4319 2456 4374; x_wconf 89' lang='lat' dir='ltr'>Si</span> <span class='ocrx_word' id='word_1_629' title='bbox 2479 4321 2637 4375; x_wconf 89' lang='lat' dir='ltr'>enim</span> <span class='ocrx_word' id='word_1_630' title='bbox 2667 4321 2836 4376; x_wconf 88' lang='lat' dir='ltr'>velox</span> <span class='ocrx_word' id='word_1_631' title='bbox 2870 4337 3068 4378; x_wconf 91' lang='lat' dir='ltr'>sermo</span> <span class='ocrx_word' id='word_1_632' title='bbox 3099 4331 3189 4379; x_wconf 91' lang='lat' dir='ltr'>est</span> <span class='ocrx_word' id='word_1_633' title='bbox 3219 4327 3533 4392; x_wconf 86' lang='lat' dir='ltr'>cavendus,</span> 
     </span>
    </p>
   </div>
   <div class='ocr_carea' id='block_1_91' title="bbox 1895 4403 3538 4478">
    <p class='ocr_par' dir='ltr' id='par_1_91' title="bbox 1895 4403 3538 4478">
     <span class='ocr_line' id='line_1_91' title="bbox 1895 4403 3538 4478; baseline 0.006 -21"><span class='ocrx_word' id='word_1_634' title='bbox 1895 4408 2121 4478; x_wconf 90' lang='lat' dir='ltr'>quanto</span> <span class='ocrx_word' id='word_1_635' title='bbox 2151 4403 2341 4473; x_wconf 91' lang='lat' dir='ltr'>magis</span> <span class='ocrx_word' id='word_1_636' title='bbox 2363 4403 2708 4459; x_wconf 88' lang='lat' dir='ltr'>adhibenda</span> <span class='ocrx_word' id='word_1_637' title='bbox 2737 4411 2827 4460; x_wconf 89' lang='lat' dir='ltr'>est</span> <span class='ocrx_word' id='word_1_638' title='bbox 2852 4408 3148 4477; x_wconf 90' lang='lat' dir='ltr'>cautio,ne</span> <span class='ocrx_word' id='word_1_639' title='bbox 3175 4409 3289 4464; x_wconf 89' lang='lat' dir='ltr'>cito</span> <span class='ocrx_word' id='word_1_640' title='bbox 3320 4411 3538 4467; x_wconf 81' lang='lat' dir='ltr'>irasca-</span> 
     </span>
    </p>
   </div>
   <div class='ocr_carea' id='block_1_92' title="bbox 193 4476 1783 4578">
    <p class='ocr_par' dir='ltr' id='par_1_92' title="bbox 193 4476 1783 4563">
     <span class='ocr_line' id='line_1_92' title="bbox 193 4476 1783 4563; baseline 0.01 -31"><span class='ocrx_word' id='word_1_641' title='bbox 193 4479 337 4554; x_wconf 83' lang='grc' dir='ltr'>Ὀρα</span> <span class='ocrx_word' id='word_1_642' title='bbox 385 4476 444 4532; x_wconf 61' lang='grc' dir='ltr'>δὲ</span> <span class='ocrx_word' id='word_1_643' title='bbox 485 4483 574 4532; x_wconf 87' lang='grc' dir='ltr'>καὶ</span> <span class='ocrx_word' id='word_1_644' title='bbox 640 4488 734 4533; x_wconf 89' lang='grc' dir='ltr'>τοῦ</span> <span class='ocrx_word' id='word_1_645' title='bbox 789 4485 925 4534; x_wconf 85' lang='grc' dir='ltr'>κατὰ</span> <span class='ocrx_word' id='word_1_646' title='bbox 979 4482 1214 4543; x_wconf 79' lang='grc' dir='ltr'>ἀλήθειαν</span> <span class='ocrx_word' id='word_1_647' title='bbox 1262 4495 1600 4563; x_wconf 85' lang='grc' dir='ltr'>Χριστιανοῦ,</span> <span class='ocrx_word' id='word_1_648' title='bbox 1649 4497 1783 4558; x_wconf 82' lang='grc' dir='ltr'>οἵους</span> 
     </span>
    </p>
   </div>
   <div class='ocr_carea' id='block_1_93' title="bbox 1899 4476 3540 4578">
    <p class='ocr_par' dir='ltr' id='par_1_93' title="bbox 1899 4476 3540 4570">
     <span class='ocr_line' id='line_1_93' title="bbox 1899 4476 3540 4570; baseline 0.003 -21"><span class='ocrx_word' id='word_1_649' title='bbox 1899 4476 1976 4549; x_wconf 77' lang='lat' dir='ltr'>ris</span> <span class='ocrx_word' id='word_1_650' title='bbox 1999 4492 2026 4549; x_wconf 85' lang='lat'><strong>?</strong></span> <span class='ocrx_word' id='word_1_651' title='bbox 2050 4492 2195 4547; x_wconf 90' lang='lat' dir='ltr'>Vide</span> <span class='ocrx_word' id='word_1_652' title='bbox 2226 4496 2446 4556; x_wconf 89' lang='lat' dir='ltr'>autem,</span> <span class='ocrx_word' id='word_1_653' title='bbox 2478 4493 2788 4564; x_wconf 92' lang='lat' dir='ltr'>quomodo</span> <span class='ocrx_word' id='word_1_654' title='bbox 2820 4494 3075 4564; x_wconf 77' lang='lat' dir='ltr'>figuram</span> <span class='ocrx_word' id='word_1_655' title='bbox 3114 4497 3236 4552; x_wconf 87' lang='lat' dir='ltr'>veri</span> <span class='ocrx_word' id='word_1_656' title='bbox 3264 4499 3540 4570; x_wconf 83' lang='lat' dir='ltr'>exprimit</span> 
     </span>
    </p>
   </div>
   <div class='ocr_carea' id='block_1_94' title="bbox 197 4565 1789 4654">
    <p class='ocr_par' dir='ltr' id='par_1_94' title="bbox 197 4565 1789 4654">
     <span class='ocr_line' id='line_1_94' title="bbox 197 4565 1789 4654; baseline 0.012 -38"><span class='ocrx_word' id='word_1_657' title='bbox 197 4565 330 4621; x_wconf 75' lang='grc' dir='ltr'>εἶναι</span> <span class='ocrx_word' id='word_1_658' title='bbox 358 4565 492 4638; x_wconf 83' lang='grc' dir='ltr'>λέγει</span> <span class='ocrx_word' id='word_1_659' title='bbox 532 4571 648 4628; x_wconf 80' lang='grc' dir='ltr'>τοὺς</span> <span class='ocrx_word' id='word_1_660' title='bbox 689 4577 1050 4644; x_wconf 83' lang='grc' dir='ltr'>χαρακτῆρας.</span> <span class='ocrx_word' id='word_1_661' title='bbox 1086 4592 1114 4624; x_wconf 94' lang='grc'>‹‹</span> <span class='ocrx_word' id='word_1_662' title='bbox 1156 4581 1425 4647; x_wconf 86' lang='grc' dir='ltr'>Θρησκεία</span> <span class='ocrx_word' id='word_1_663' title='bbox 1469 4581 1673 4654; x_wconf 82' lang='grc' dir='ltr'>καθαρά</span> <span class='ocrx_word' id='word_1_664' title='bbox 1701 4587 1789 4636; x_wconf 85' lang='grc' dir='ltr'>καὶ</span> 
     </span>
    </p>
   </div>
   <div class='ocr_carea' id='block_1_95' title="bbox 200 4653 1789 4736">
    <p class='ocr_par' dir='ltr' id='par_1_95' title="bbox 200 4653 1789 4736">
     <span class='ocr_line' id='line_1_95' title="bbox 200 4653 1789 4736; baseline 0.011 -29"><span class='ocrx_word' id='word_1_665' title='bbox 200 4655 452 4728; x_wconf 81' lang='grc' dir='ltr'>ἀμίαντος</span> <span class='ocrx_word' id='word_1_666' title='bbox 498 4663 570 4726; x_wconf 86' lang='grc' dir='ltr'>τῷ</span> <span class='ocrx_word' id='word_1_667' title='bbox 624 4663 736 4727; x_wconf 83' lang='grc' dir='ltr'>Θεῷ</span> <span class='ocrx_word' id='word_1_668' title='bbox 790 4662 878 4710; x_wconf 88' lang='grc' dir='ltr'>καὶ</span> <span class='ocrx_word' id='word_1_669' title='bbox 947 4665 1113 4736; x_wconf 82' lang='grc' dir='ltr'>Πατρὶ</span> <span class='ocrx_word' id='word_1_670' title='bbox 1167 4663 1298 4722; x_wconf 79' lang='grc' dir='ltr'>αὕτη</span> <span class='ocrx_word' id='word_1_671' title='bbox 1349 4653 1485 4718; x_wconf 70' lang='grc' dir='ltr'>ἐστίν</span> <span class='ocrx_word' id='word_1_672' title='bbox 1519 4686 1531 4698; x_wconf 91' lang='grc'>·</span> <span class='ocrx_word' id='word_1_673' title='bbox 1585 4670 1789 4724; x_wconf 76' lang='grc' dir='ltr'>ἐπισκέ-</span> 
     </span>
    </p>
   </div>
   <div class='ocr_carea' id='block_1_96' title="bbox 201 4743 1784 4828">
    <p class='ocr_par' dir='ltr' id='par_1_96' title="bbox 201 4743 1784 4828">
     <span class='ocr_line' id='line_1_96' title="bbox 201 4743 1784 4828; baseline 0.009 -30"><span class='ocrx_word' id='word_1_674' title='bbox 201 4745 428 4798; x_wconf 88' lang='grc' dir='ltr'>πτεσθαι</span> <span class='ocrx_word' id='word_1_675' title='bbox 479 4743 729 4818; x_wconf 83' lang='grc' dir='ltr'>ὀρφανοὺς</span> <span class='ocrx_word' id='word_1_676' title='bbox 786 4751 874 4800; x_wconf 87' lang='grc' dir='ltr'>καὶ</span> <span class='ocrx_word' id='word_1_677' title='bbox 924 4755 1098 4824; x_wconf 79' lang='grc' dir='ltr'>χήρας</span> <span class='ocrx_word' id='word_1_678' title='bbox 1153 4750 1200 4804; x_wconf 84' lang='grc' dir='ltr'>ἐν</span> <span class='ocrx_word' id='word_1_679' title='bbox 1256 4762 1319 4827; x_wconf 73' lang='grc' dir='ltr'>τῇ</span> <span class='ocrx_word' id='word_1_680' title='bbox 1376 4755 1546 4828; x_wconf 68' lang='grc' dir='ltr'>θλίψει</span> <span class='ocrx_word' id='word_1_681' title='bbox 1599 4759 1784 4828; x_wconf 78' lang='grc' dir='ltr'>αὐτῶν,</span> 
     </span>
    </p>
   </div>
   <div class='ocr_carea' id='block_1_97' title="bbox 194 4833 1786 4917">
    <p class='ocr_par' dir='ltr' id='par_1_97' title="bbox 194 4833 1786 4917">
     <span class='ocr_line' id='line_1_97' title="bbox 194 4833 1786 4917; baseline 0.01 -30"><span class='ocrx_word' id='word_1_682' title='bbox 194 4833 419 4887; x_wconf 82' lang='grc' dir='ltr'>ἄσπιλον</span> <span class='ocrx_word' id='word_1_683' title='bbox 467 4833 644 4886; x_wconf 77' lang='grc' dir='ltr'>ἑαυτὸν</span> <span class='ocrx_word' id='word_1_684' title='bbox 688 4844 858 4909; x_wconf 85' lang='grc' dir='ltr'>τηρεῖν</span> <span class='ocrx_word' id='word_1_685' title='bbox 889 4837 988 4891; x_wconf 84' lang='grc' dir='ltr'>ἀπὸ</span> <span class='ocrx_word' id='word_1_686' title='bbox 1018 4849 1109 4893; x_wconf 89' lang='grc' dir='ltr'>τοῦ</span> <span class='ocrx_word' id='word_1_687' title='bbox 1153 4847 1374 4917; x_wconf 85' lang='grc' dir='ltr'>κόσμου.</span> <span class='ocrx_word' id='word_1_688' title='bbox 1404 4864 1433 4896; x_wconf 80' lang='grc' dir='ltr'>(ι</span> <span class='ocrx_word' id='word_1_689' title='bbox 1468 4848 1680 4910; x_wconf 84' lang='grc' dir='ltr'>Ἐπίσης</span> <span class='ocrx_word' id='word_1_690' title='bbox 1709 4870 1786 4903; x_wconf 87' lang='grc' dir='ltr'>κε-</span> 
     </span>
    </p>
   </div>
   <div class='ocr_carea' id='block_1_98' title="bbox 190 4922 1785 5006">
    <p class='ocr_par' dir='ltr' id='par_1_98' title="bbox 190 4922 1785 5006">
     <span class='ocr_line' id='line_1_98' title="bbox 190 4922 1785 5006; baseline 0.01 -30"><span class='ocrx_word' id='word_1_691' title='bbox 190 4922 328 4976; x_wconf 81' lang='grc' dir='ltr'>λεύει</span> <span class='ocrx_word' id='word_1_692' title='bbox 382 4928 468 4976; x_wconf 82' lang='grc' dir='ltr'>καὶ</span> <span class='ocrx_word' id='word_1_693' title='bbox 524 4931 614 4976; x_wconf 92' lang='grc' dir='ltr'>τοῦ</span> <span class='ocrx_word' id='word_1_694' title='bbox 668 4929 868 4998; x_wconf 87' lang='grc' dir='ltr'>κόσμου</span> <span class='ocrx_word' id='word_1_695' title='bbox 922 4926 1266 5003; x_wconf 80' lang='grc' dir='ltr'>ἀφίστασθαι,</span> <span class='ocrx_word' id='word_1_696' title='bbox 1310 4939 1400 4986; x_wconf 86' lang='grc' dir='ltr'>καὶ</span> <span class='ocrx_word' id='word_1_697' title='bbox 1443 4944 1512 5006; x_wconf 85' lang='grc' dir='ltr'>τῷ</span> <span class='ocrx_word' id='word_1_698' title='bbox 1565 4937 1785 4997; x_wconf 86' lang='grc' dir='ltr'>πλησίον</span> 
     </span>
    </p>
   </div>
   <div class='ocr_carea' id='block_1_99' title="bbox 190 5015 1785 5098">
    <p class='ocr_par' dir='ltr' id='par_1_99' title="bbox 190 5015 1785 5098">
     <span class='ocr_line' id='line_1_99' title="bbox 190 5015 1785 5098; baseline 0.01 -33"><span class='ocrx_word' id='word_1_699' title='bbox 190 5015 617 5085; x_wconf 85' lang='grc' dir='ltr'>προστίθεσθαι·</span> <span class='ocrx_word' id='word_1_700' title='bbox 678 5021 794 5075; x_wconf 89' lang='grc' dir='ltr'>ταῖς</span> <span class='ocrx_word' id='word_1_701' title='bbox 859 5019 959 5090; x_wconf 79' lang='grc' dir='ltr'>γὰρ</span> <span class='ocrx_word' id='word_1_702' title='bbox 1035 5018 1294 5088; x_wconf 82' lang='grc' dir='ltr'>ἀληθείας,</span> <span class='ocrx_word' id='word_1_703' title='bbox 1367 5029 1482 5077; x_wconf 86' lang='grc' dir='ltr'>τότε</span> <span class='ocrx_word' id='word_1_704' title='bbox 1563 5033 1785 5098; x_wconf 79' lang='grc' dir='ltr'>γνησίως</span> 
     </span>
    </p>
   </div>
   <div class='ocr_carea' id='block_1_100' title="bbox 190 5097 1783 5188">
    <p class='ocr_par' dir='ltr' id='par_1_100' title="bbox 190 5097 1783 5188">
     <span class='ocr_line' id='line_1_100' title="bbox 190 5097 1783 5188; baseline 0.009 -35"><span class='ocrx_word' id='word_1_705' title='bbox 190 5108 300 5160; x_wconf 87' lang='grc' dir='ltr'>τοῖς</span> <span class='ocrx_word' id='word_1_706' title='bbox 355 5097 596 5174; x_wconf 81' lang='grc' dir='ltr'>ἀδελφοῖς</span> <span class='ocrx_word' id='word_1_707' title='bbox 646 5105 1078 5178; x_wconf 78' lang='grc' dir='ltr'>συμπαθήσομεν,</span> <span class='ocrx_word' id='word_1_708' title='bbox 1133 5111 1211 5162; x_wconf 83' lang='grc' dir='ltr'>ὅτε</span> <span class='ocrx_word' id='word_1_709' title='bbox 1274 5119 1364 5172; x_wconf 88' lang='grc' dir='ltr'>τῆς</span> <span class='ocrx_word' id='word_1_710' title='bbox 1420 5121 1510 5165; x_wconf 89' lang='grc' dir='ltr'>τοῦ</span> <span class='ocrx_word' id='word_1_711' title='bbox 1581 5121 1783 5188; x_wconf 88' lang='grc' dir='ltr'>κόσμου</span> 
     </span>
    </p>
   </div>
   <div class='ocr_carea' id='block_1_101' title="bbox 189 5190 1781 5274">
    <p class='ocr_par' dir='ltr' id='par_1_101' title="bbox 189 5190 1781 5274">
     <span class='ocr_line' id='line_1_101' title="bbox 189 5190 1781 5274; baseline 0.011 -34"><span class='ocrx_word' id='word_1_712' title='bbox 189 5191 546 5264; x_wconf 84' lang='grc' dir='ltr'>προσπαθείας</span> <span class='ocrx_word' id='word_1_713' title='bbox 603 5190 807 5254; x_wconf 82' lang='grc' dir='ltr'>ἑαυτοῖς</span> <span class='ocrx_word' id='word_1_714' title='bbox 895 5192 1266 5269; x_wconf 79' lang='grc' dir='ltr'>ἀπορῥήξομεν.</span> <span class='ocrx_word' id='word_1_715' title='bbox 1339 5208 1421 5272; x_wconf 82' lang='grc' dir='ltr'>Τῷ</span> <span class='ocrx_word' id='word_1_716' title='bbox 1480 5199 1539 5256; x_wconf 74' lang='grc' dir='ltr'>δὲ</span> <span class='ocrx_word' id='word_1_717' title='bbox 1604 5205 1781 5274; x_wconf 88' lang='grc' dir='ltr'>εἰπεῖν,</span> 
     </span>
    </p>
   </div>
   <div class='ocr_carea' id='block_1_102' title="bbox 191 5277 1782 5362">
    <p class='ocr_par' dir='ltr' id='par_1_102' title="bbox 191 5277 1782 5362">
     <span class='ocr_line' id='line_1_102' title="bbox 191 5277 1782 5362; baseline 0.011 -33"><span class='ocrx_word' id='word_1_718' title='bbox 191 5301 220 5332; x_wconf 81' lang='grc' dir='ltr'>ι(</span> <span class='ocrx_word' id='word_1_719' title='bbox 254 5283 341 5337; x_wconf 81' lang='grc' dir='ltr'>Μὴ</span> <span class='ocrx_word' id='word_1_720' title='bbox 393 5277 440 5330; x_wconf 76' lang='grc' dir='ltr'>ἓν</span> <span class='ocrx_word' id='word_1_721' title='bbox 477 5280 950 5356; x_wconf 71' lang='grc' dir='ltr'>προσωποληψίαις</span> <span class='ocrx_word' id='word_1_722' title='bbox 993 5287 1159 5356; x_wconf 80' lang='grc' dir='ltr'>ἔχετε,</span> <span class='ocrx_word' id='word_1_723' title='bbox 1192 5285 1426 5362; x_wconf 77' lang='grc' dir='ltr'>ἀδελφοὶ,</span> <span class='ocrx_word' id='word_1_724' title='bbox 1457 5296 1551 5351; x_wconf 78' lang='grc' dir='ltr'>τὴν</span> <span class='ocrx_word' id='word_1_725' title='bbox 1602 5299 1782 5348; x_wconf 84' lang='grc' dir='ltr'>πίστιν</span> 
     </span>
    </p>
   </div>
   <div class='ocr_carea' id='block_1_103' title="bbox 190 5370 1785 5448">
    <p class='ocr_par' dir='ltr' id='par_1_103' title="bbox 190 5370 1785 5448">
     <span class='ocr_line' id='line_1_103' title="bbox 190 5370 1785 5448; baseline 0.011 -27"><span class='ocrx_word' id='word_1_726' title='bbox 190 5374 286 5421; x_wconf 87' lang='grc' dir='ltr'>τοῦ</span> <span class='ocrx_word' id='word_1_727' title='bbox 312 5371 503 5442; x_wconf 79' lang='grc' dir='ltr'>Κυρίου</span> <span class='ocrx_word' id='word_1_728' title='bbox 533 5371 677 5442; x_wconf 81' lang='grc' dir='ltr'>ἡμῶν</span> <span class='ocrx_word' id='word_1_729' title='bbox 708 5370 885 5428; x_wconf 89' lang='grc' dir='ltr'>Ἰησοῦ</span> <span class='ocrx_word' id='word_1_730' title='bbox 911 5379 1148 5446; x_wconf 86' lang='grc' dir='ltr'>Χριστοῦ</span> <span class='ocrx_word' id='word_1_731' title='bbox 1187 5386 1280 5441; x_wconf 80' lang='grc' dir='ltr'>τῆς</span> <span class='ocrx_word' id='word_1_732' title='bbox 1311 5375 1485 5448; x_wconf 78' lang='grc' dir='ltr'>δόξης,</span> <span class='ocrx_word' id='word_1_733' title='bbox 1521 5403 1549 5436; x_wconf 84' lang='grc'>››</span> <span class='ocrx_word' id='word_1_734' title='bbox 1577 5387 1635 5436; x_wconf 88' lang='grc' dir='ltr'>τὸ</span> <span class='ocrx_word' id='word_1_735' title='bbox 1667 5384 1785 5437; x_wconf 88' lang='grc' dir='ltr'>κατ’</span> 
     </span>
    </p>
   </div>
   <div class='ocr_carea' id='block_1_104' title="bbox 272 5509 807 5587">
    <p class='ocr_par' dir='ltr' id='par_1_104' title="bbox 272 5509 807 5587">
     <span class='ocr_line' id='line_1_104' title="bbox 272 5509 807 5587; baseline 0.004 -23"><span class='ocrx_word' id='word_1_736' title='bbox 272 5510 295 5545; x_wconf 80' lang='grc'>³</span> <span class='ocrx_word' id='word_1_737' title='bbox 317 5509 442 5572; x_wconf 82' lang='lat' dir='ltr'>Jac.</span> <span class='ocrx_word' id='word_1_738' title='bbox 482 5525 545 5585; x_wconf 79' lang='grc' dir='ltr'>ιι,</span> <span class='ocrx_word' id='word_1_739' title='bbox 575 5511 602 5566; x_wconf 80' lang='grc'>1</span> <span class='ocrx_word' id='word_1_740' title='bbox 639 5527 807 5587; x_wconf 89' lang='lat' dir='ltr'>seqq.</span> 
     </span>
    </p>
   </div>
   <div class='ocr_carea' id='block_1_105' title="bbox 1898 4581 3541 4653">
    <p class='ocr_par' dir='ltr' id='par_1_105' title="bbox 1898 4581 3541 4653">
     <span class='ocr_line' id='line_1_105' title="bbox 1898 4581 3541 4653; baseline 0.003 -15"><span class='ocrx_word' id='word_1_741' title='bbox 1898 4581 2229 4638; x_wconf 86' lang='lat' dir='ltr'>Christiani.</span> <span class='ocrx_word' id='word_1_742' title='bbox 2261 4603 2288 4631; x_wconf 86' lang='lat'>«</span> <span class='ocrx_word' id='word_1_743' title='bbox 2317 4581 2536 4651; x_wconf 83' lang='lat' dir='ltr'>Religio</span> <span class='ocrx_word' id='word_1_744' title='bbox 2567 4598 2720 4653; x_wconf 86' lang='lat' dir='ltr'>pura</span> <span class='ocrx_word' id='word_1_745' title='bbox 2759 4586 2814 4638; x_wconf 91' lang='lat' dir='ltr'>et</span> <span class='ocrx_word' id='word_1_746' title='bbox 2857 4584 3243 4642; x_wconf 88' lang='lat' dir='ltr'>immaculata</span> <span class='ocrx_word' id='word_1_747' title='bbox 3281 4587 3435 4642; x_wconf 87' lang='lat' dir='ltr'>Patri</span> <span class='ocrx_word' id='word_1_748' title='bbox 3483 4593 3541 4643; x_wconf 93' lang='lat' dir='ltr'>et</span> 
     </span>
    </p>
   </div>
   <div class='ocr_carea' id='block_1_106' title="bbox 1899 4669 3540 4742">
    <p class='ocr_par' dir='ltr' id='par_1_106' title="bbox 1899 4669 3540 4742">
     <span class='ocr_line' id='line_1_106' title="bbox 1899 4669 3540 4742; baseline 0.004 -18"><span class='ocrx_word' id='word_1_749' title='bbox 1899 4671 2015 4725; x_wconf 93' lang='lat' dir='ltr'>Deo</span> <span class='ocrx_word' id='word_1_750' title='bbox 2041 4669 2167 4724; x_wconf 63' lang='lat' dir='ltr'>haec</span> <span class='ocrx_word' id='word_1_751' title='bbox 2197 4672 2286 4724; x_wconf 90' lang='lat' dir='ltr'>est</span> <span class='ocrx_word' id='word_1_752' title='bbox 2316 4687 2329 4724; x_wconf 89' lang='lat'>:</span> <span class='ocrx_word' id='word_1_753' title='bbox 2373 4669 2605 4724; x_wconf 88' lang='lat' dir='ltr'>visitare</span> <span class='ocrx_word' id='word_1_754' title='bbox 2630 4670 2931 4742; x_wconf 89' lang='lat' dir='ltr'>orphanos</span> <span class='ocrx_word' id='word_1_755' title='bbox 2956 4675 3014 4726; x_wconf 90' lang='lat' dir='ltr'>et</span> <span class='ocrx_word' id='word_1_756' title='bbox 3039 4672 3252 4728; x_wconf 90' lang='lat' dir='ltr'>viduas</span> <span class='ocrx_word' id='word_1_757' title='bbox 3276 4675 3335 4728; x_wconf 90' lang='lat' dir='ltr'>in</span> <span class='ocrx_word' id='word_1_758' title='bbox 3359 4674 3540 4730; x_wconf 49' lang='lat' dir='ltr'>afflic.</span> 
     </span>
    </p>
   </div>
   <div class='ocr_carea' id='block_1_107' title="bbox 1897 4757 3540 4831">
    <p class='ocr_par' dir='ltr' id='par_1_107' title="bbox 1897 4757 3540 4831">
     <span class='ocr_line' id='line_1_107' title="bbox 1897 4757 3540 4831; baseline 0.002 -17"><span class='ocrx_word' id='word_1_759' title='bbox 1897 4757 2055 4814; x_wconf 88' lang='lat' dir='ltr'>tione</span> <span class='ocrx_word' id='word_1_760' title='bbox 2091 4773 2320 4823; x_wconf 92' lang='lat' dir='ltr'>eorum,</span> <span class='ocrx_word' id='word_1_761' title='bbox 2355 4757 2808 4814; x_wconf 88' lang='lat' dir='ltr'>immaculatum</span> <span class='ocrx_word' id='word_1_762' title='bbox 2870 4759 3136 4831; x_wconf 88' lang='lat' dir='ltr'>seipsum</span> <span class='ocrx_word' id='word_1_763' title='bbox 3184 4778 3540 4818; x_wconf 88' lang='lat' dir='ltr'>conservare</span> 
     </span>
    </p>
   </div>
   <div class='ocr_carea' id='block_1_108' title="bbox 1896 4847 3535 4918">
    <p class='ocr_par' dir='ltr' id='par_1_108' title="bbox 1896 4847 3535 4918">
     <span class='ocr_line' id='line_1_108' title="bbox 1896 4847 3535 4918; baseline 0.001 -15"><span class='ocrx_word' id='word_1_764' title='bbox 1896 4863 1932 4903; x_wconf 91' lang='lat' dir='ltr'>a</span> <span class='ocrx_word' id='word_1_765' title='bbox 1958 4847 2204 4902; x_wconf 92' lang='lat' dir='ltr'>mundo.</span> <span class='ocrx_word' id='word_1_766' title='bbox 2238 4868 2266 4896; x_wconf 85' lang='lat'><strong>»</strong></span> <span class='ocrx_word' id='word_1_767' title='bbox 2296 4849 2376 4901; x_wconf 82' lang='lat' dir='ltr'>Ex</span> <span class='ocrx_word' id='word_1_768' title='bbox 2406 4863 2580 4918; x_wconf 63' lang='lat' dir='ltr'>aequo</span> <span class='ocrx_word' id='word_1_769' title='bbox 2605 4849 2778 4918; x_wconf 92' lang='lat' dir='ltr'>jubet</span> <span class='ocrx_word' id='word_1_770' title='bbox 2814 4852 2870 4903; x_wconf 90' lang='lat' dir='ltr'>et</span> <span class='ocrx_word' id='word_1_771' title='bbox 2901 4865 2936 4903; x_wconf 90' lang='lat' dir='ltr'>a</span> <span class='ocrx_word' id='word_1_772' title='bbox 2975 4849 3203 4904; x_wconf 89' lang='lat' dir='ltr'>mundo</span> <span class='ocrx_word' id='word_1_773' title='bbox 3242 4851 3535 4916; x_wconf 90' lang='lat' dir='ltr'>recedere,</span> 
     </span>
    </p>
   </div>
   <div class='ocr_carea' id='block_1_109' title="bbox 1897 4936 3540 5008">
    <p class='ocr_par' dir='ltr' id='par_1_109' title="bbox 1897 4936 3540 5008">
     <span class='ocr_line' id='line_1_109' title="bbox 1897 4936 3540 5008; baseline 0.002 -18"><span class='ocrx_word' id='word_1_774' title='bbox 1897 4940 1954 4990; x_wconf 85' lang='lat' dir='ltr'>et</span> <span class='ocrx_word' id='word_1_775' title='bbox 1981 4936 2055 4990; x_wconf 89' lang='lat' dir='ltr'>ad</span> <span class='ocrx_word' id='word_1_776' title='bbox 2102 4937 2507 5008; x_wconf 87' lang='lat' dir='ltr'>propinquum</span> <span class='ocrx_word' id='word_1_777' title='bbox 2539 4936 2862 4991; x_wconf 89' lang='lat' dir='ltr'>accedere:</span> <span class='ocrx_word' id='word_1_778' title='bbox 2899 4941 3037 4990; x_wconf 88' lang='lat' dir='ltr'>tunc</span> <span class='ocrx_word' id='word_1_779' title='bbox 3086 4937 3241 4992; x_wconf 88' lang='lat' dir='ltr'>enim</span> <span class='ocrx_word' id='word_1_780' title='bbox 3291 4955 3424 4993; x_wconf 87' lang='lat' dir='ltr'>vere</span> <span class='ocrx_word' id='word_1_781' title='bbox 3471 4955 3540 4995; x_wconf 86' lang='lat' dir='ltr'>ac</span> 
     </span>
    </p>
   </div>
   <div class='ocr_carea' id='block_1_110' title="bbox 1897 5025 3541 5098">
    <p class='ocr_par' dir='ltr' id='par_1_110' title="bbox 1897 5025 3541 5098">
     <span class='ocr_line' id='line_1_110' title="bbox 1897 5025 3541 5098; baseline 0.002 -19"><span class='ocrx_word' id='word_1_782' title='bbox 1897 5025 2119 5080; x_wconf 90' lang='lat' dir='ltr'>sincere</span> <span class='ocrx_word' id='word_1_783' title='bbox 2157 5025 2404 5080; x_wconf 86' lang='lat' dir='ltr'>fratrum</span> <span class='ocrx_word' id='word_1_784' title='bbox 2439 5025 2866 5089; x_wconf 86' lang='lat' dir='ltr'>miserebimur,</span> <span class='ocrx_word' id='word_1_785' title='bbox 2901 5025 3142 5095; x_wconf 85' lang='lat' dir='ltr'>quando</span> <span class='ocrx_word' id='word_1_786' title='bbox 3169 5042 3278 5080; x_wconf 90' lang='lat' dir='ltr'>nos</span> <span class='ocrx_word' id='word_1_787' title='bbox 3301 5043 3541 5098; x_wconf 85' lang='lat' dir='ltr'>separa-</span> 
     </span>
    </p>
   </div>
   <div class='ocr_carea' id='block_1_111' title="bbox 1894 5113 3538 5186">
    <p class='ocr_par' dir='ltr' id='par_1_111' title="bbox 1894 5113 3538 5186">
     <span class='ocr_line' id='line_1_111' title="bbox 1894 5113 3538 5186; baseline 0.001 -17"><span class='ocrx_word' id='word_1_788' title='bbox 1894 5113 2091 5169; x_wconf 86' lang='lat' dir='ltr'>bimus</span> <span class='ocrx_word' id='word_1_789' title='bbox 2122 5113 2198 5169; x_wconf 91' lang='lat' dir='ltr'>ab</span> <span class='ocrx_word' id='word_1_790' title='bbox 2222 5113 2525 5168; x_wconf 77' lang='lat' dir='ltr'>affectione</span> <span class='ocrx_word' id='word_1_791' title='bbox 2556 5114 2616 5167; x_wconf 90' lang='lat' dir='ltr'>in</span> <span class='ocrx_word' id='word_1_792' title='bbox 2641 5114 2956 5167; x_wconf 85' lang='lat' dir='ltr'>mundum.</span> <span class='ocrx_word' id='word_1_793' title='bbox 2989 5115 3244 5168; x_wconf 83' lang='lat' dir='ltr'>Dicendo</span> <span class='ocrx_word' id='word_1_794' title='bbox 3278 5122 3475 5171; x_wconf 87' lang='lat' dir='ltr'>autem</span> <span class='ocrx_word' id='word_1_795' title='bbox 3494 5119 3538 5186; x_wconf 89' lang='grc'>³,</span> 
     </span>
    </p>
   </div>
   <div class='ocr_carea' id='block_1_112' title="bbox 1899 5201 3539 5275">
    <p class='ocr_par' dir='ltr' id='par_1_112' title="bbox 1899 5201 3539 5275">
     <span class='ocr_line' id='line_1_112' title="bbox 1899 5201 3539 5275; baseline 0.003 -20"><span class='ocrx_word' id='word_1_796' title='bbox 1899 5224 1923 5255; x_wconf 79' lang='grc' dir='ltr'>‹ι</span> <span class='ocrx_word' id='word_1_797' title='bbox 1958 5206 2034 5258; x_wconf 88' lang='lat' dir='ltr'>Ne</span> <span class='ocrx_word' id='word_1_798' title='bbox 2065 5204 2122 5257; x_wconf 89' lang='lat' dir='ltr'>in</span> <span class='ocrx_word' id='word_1_799' title='bbox 2138 5218 2529 5275; x_wconf 89' lang='lat' dir='ltr'>personarum</span> <span class='ocrx_word' id='word_1_800' title='bbox 2544 5201 2992 5272; x_wconf 86' lang='lat' dir='ltr'>acceptionibus</span> <span class='ocrx_word' id='word_1_801' title='bbox 3011 5201 3305 5269; x_wconf 88' lang='lat' dir='ltr'>habeatis,</span> <span class='ocrx_word' id='word_1_802' title='bbox 3328 5203 3539 5260; x_wconf 88' lang='lat' dir='ltr'>fratres</span> 
     </span>
    </p>
   </div>
   <div class='ocr_carea' id='block_1_113' title="bbox 1897 5287 3539 5358">
    <p class='ocr_par' dir='ltr' id='par_1_113' title="bbox 1897 5287 3539 5358">
     <span class='ocr_line' id='line_1_113' title="bbox 1897 5287 3539 5358; baseline 0.002 -13"><span class='ocrx_word' id='word_1_803' title='bbox 1897 5293 2076 5348; x_wconf 85' lang='lat' dir='ltr'>ﬁdem</span> <span class='ocrx_word' id='word_1_804' title='bbox 2123 5290 2352 5348; x_wconf 88' lang='lat' dir='ltr'>Domini</span> <span class='ocrx_word' id='word_1_805' title='bbox 2382 5291 2563 5345; x_wconf 88' lang='lat' dir='ltr'>nostri</span> <span class='ocrx_word' id='word_1_806' title='bbox 2591 5290 2728 5344; x_wconf 85' lang='lat' dir='ltr'>Jesu</span> <span class='ocrx_word' id='word_1_807' title='bbox 2761 5287 2968 5344; x_wconf 81' lang='lat' dir='ltr'>Christi</span> <span class='ocrx_word' id='word_1_808' title='bbox 2992 5288 3212 5358; x_wconf 79' lang='lat' dir='ltr'>glorise,</span> <span class='ocrx_word' id='word_1_809' title='bbox 3248 5311 3276 5340; x_wconf 88' lang='lat'>»</span> <span class='ocrx_word' id='word_1_810' title='bbox 3308 5292 3456 5347; x_wconf 86' lang='lat' dir='ltr'>tollit</span> <span class='ocrx_word' id='word_1_811' title='bbox 3477 5293 3539 5348; x_wconf 90' lang='lat' dir='ltr'>id</span> 
     </span>
    </p>
   </div>
   <div class='ocr_carea' id='block_1_114' title="bbox 1897 5378 3544 5455">
    <p class='ocr_par' dir='ltr' id='par_1_114' title="bbox 1897 5378 3544 5455">
     <span class='ocr_line' id='line_1_114' title="bbox 1897 5378 3544 5455; baseline 0.001 -18"><span class='ocrx_word' id='word_1_812' title='bbox 1897 5381 2056 5455; x_wconf 90' lang='lat' dir='ltr'>quod</span> <span class='ocrx_word' id='word_1_813' title='bbox 2086 5381 2153 5436; x_wconf 87' lang='lat' dir='ltr'>ﬁt</span> <span class='ocrx_word' id='word_1_814' title='bbox 2181 5381 2258 5438; x_wconf 90' lang='lat' dir='ltr'>ad</span> <span class='ocrx_word' id='word_1_815' title='bbox 2281 5379 2754 5443; x_wconf 84' lang='lat' dir='ltr'>ostentationem,</span> <span class='ocrx_word' id='word_1_816' title='bbox 2790 5378 3012 5434; x_wconf 92' lang='lat' dir='ltr'>docens</span> <span class='ocrx_word' id='word_1_817' title='bbox 3042 5395 3117 5436; x_wconf 89' lang='lat' dir='ltr'>ne</span> <span class='ocrx_word' id='word_1_818' title='bbox 3165 5381 3440 5438; x_wconf 87' lang='lat' dir='ltr'>vivamus</span> <span class='ocrx_word' id='word_1_819' title='bbox 3479 5389 3544 5440; x_wconf 90' lang='lat' dir='ltr'>ut</span> 
     </span>
    </p>
   </div>
   <div class='ocr_carea' id='block_1_115' title="bbox 272 5630 3539 5712">
    <p class='ocr_par' dir='ltr' id='par_1_115' title="bbox 272 5630 3539 5712">
     <span class='ocr_line' id='line_1_115' title="bbox 272 5630 3539 5712; baseline 0.002 -24"><span class='ocrx_word' id='word_1_820' title='bbox 272 5631 353 5706; x_wconf 84' lang='grc'>(6)</span> <span class='ocrx_word' id='word_1_821' title='bbox 393 5631 620 5691; x_wconf 85' lang='lat' dir='ltr'>Clarius</span> <span class='ocrx_word' id='word_1_822' title='bbox 645 5630 762 5689; x_wconf 87' lang='lat' dir='ltr'>hoc</span> <span class='ocrx_word' id='word_1_823' title='bbox 790 5645 862 5689; x_wconf 81' lang='lat' dir='ltr'>ex</span> <span class='ocrx_word' id='word_1_824' title='bbox 890 5632 1089 5692; x_wconf 69' lang='lat' dir='ltr'>Graeco</span> <span class='ocrx_word' id='word_1_825' title='bbox 1113 5651 1296 5711; x_wconf 84' lang='lat' dir='ltr'>quam</span> <span class='ocrx_word' id='word_1_826' title='bbox 1321 5637 1487 5712; x_wconf 88' lang='lat' dir='ltr'>quod</span> <span class='ocrx_word' id='word_1_827' title='bbox 1521 5639 1730 5701; x_wconf 85' lang='lat' dir='ltr'>Latina</span> <span class='ocrx_word' id='word_1_828' title='bbox 1756 5641 1953 5702; x_wconf 87' lang='lat' dir='ltr'>versio</span> <span class='ocrx_word' id='word_1_829' title='bbox 1980 5639 2156 5699; x_wconf 87' lang='lat' dir='ltr'>habet</span> <span class='ocrx_word' id='word_1_830' title='bbox 2186 5655 2199 5698; x_wconf 90' lang='lat'>:</span> <span class='ocrx_word' id='word_1_831' title='bbox 2234 5659 2263 5695; x_wconf 75' lang='grc' dir='ltr'>(ι</span> <span class='ocrx_word' id='word_1_832' title='bbox 2282 5639 2437 5698; x_wconf 88' lang='lat' dir='ltr'>Deus</span> <span class='ocrx_word' id='word_1_833' title='bbox 2459 5639 2618 5697; x_wconf 87' lang='lat' dir='ltr'>enim</span> <span class='ocrx_word' id='word_1_834' title='bbox 2641 5638 2960 5698; x_wconf 87' lang='lat' dir='ltr'>intentator</span> <span class='ocrx_word' id='word_1_835' title='bbox 2998 5637 3295 5696; x_wconf 84' lang='lat' dir='ltr'>malorum</span> <span class='ocrx_word' id='word_1_836' title='bbox 3369 5642 3480 5698; x_wconf 85' lang='lat' dir='ltr'>est.</span> <span class='ocrx_word' id='word_1_837' title='bbox 3508 5661 3539 5694; x_wconf 71' lang='grc' dir='ltr'>ν</span> 
     </span>
    </p>
   </div>
  </div>
