4114 6262
231 313 340 385 209

1311 309 1482 370 VITA
1519 308 1579 364 s.
1611 304 1854 364 JACOBI
1883 269 2204 363 multis
2232 299 2500 359 norum.

3478 259 3587 345 sic

226 446 299 517 ὥς
349 450 404 504 ἐκ
442 454 620 518 πηγῆς
659 442 932 517 ἀρύεσθαι,
981 444 1069 493 καὶ
1126 439 1440 514 γευσάμενον
1479 435 1826 498 πιστοῦσθαι,

1961 433 2027 487 ist
2074 429 2279 486 omnia
2306 423 2598 499 persequi,
2647 437 2784 496 quas
2839 419 2969 476 haec
3006 417 3266 474 continet
3306 412 3584 486 Epistola,

228 547 320 596 καὶ
356 540 511 598 οὕτως
545 534 829 606 ἀξιόχρεων
878 531 1121 606 μάρτυρα
1166 528 1406 601 γίνεσθαι
1447 533 1546 577 τῶν
1579 521 1827 577 Ἰακώϐου

231 631 403 686 καλῶν
439 645 452 695 ;

1938 535 2076 576 cum
2125 533 2259 575 eam
2309 514 2500 588 possit
2547 512 2649 585 qui
2678 510 2816 567 velit
2841 508 3054 578 legere,
3083 509 3141 561 et
3164 505 3321 561 illinc
3350 501 3587 559 haurire

1938 611 2230 680 tanquam
2262 621 2334 662 ex
2383 603 2559 674 fonte,
2594 604 2650 657 et
2698 596 2997 670 gustando
3027 594 3195 652 factis
3225 592 3500 665 probare,
3531 591 3590 645 et

1936 696 2021 752 ita
2049 677 2167 751 fide
2196 694 2416 763 dignus
2449 706 2580 748 esse
2612 688 2770 747 testis
2802 700 3028 752 eorum,
3060 698 3195 760 quas
3225 679 3470 758 pulchre
3500 677 3592 734 di-

1939 787 2152 839 cuntur
2183 799 2217 838 u
2250 780 2477 839 Jacobo
2505 779 2533 835 ?

1749 909 1973 969 CAPUT
2013 908 2076 963 II.

410 1038 687 1110 Synodus
709 1030 1135 1101 Hierosolywis
1163 1027 1387 1085 habita.
1419 1019 1770 1080 zEstimatio
1809 1014 2139 1085 singularis
2177 1012 2342 1080 apud
2363 1010 2658 1081 apostolos
2686 1012 2740 1065 et
2759 1001 3412 1073 Judwos.Martyrium.

309 1150 406 1204 IB'.
444 1147 600 1198 ’Ἐστι
639 1141 697 1196 δε
749 1141 1019 1194 κάντεῦθεν
1058 1141 1115 1189 τὸ
1169 1135 1455 1207 ἀξιόχρεων
1507 1129 1695 1182 ἐκείνου
1744 1128 1832 1176 καὶ

240 1237 462 1293 δυνατὸν
504 1236 551 1288 ἐν
599 1235 732 1304 λόγῳ
781 1233 982 1304 μαθεῖν.
1037 1231 1267 1285 Ζήτησις
1305 1224 1436 1275 κατά
1483 1224 1575 1277 τήν
1629 1217 1834 1271 Ἀντιό-

237 1348 391 1402 χειαν
429 1329 658 1380 κατέστη
699 1323 841 1383 ποτε,
874 1318 916 1371 εἰ
948 1314 1031 1369 δεῖ
1059 1319 1182 1376 τοὺς
1230 1312 1282 1375 ἐξ
1328 1310 1480 1362 ἐθνῶν
1521 1308 1836 1379 προσιόντας

236 1425 310 1487 τῷ
365 1417 503 1487 λόγῳ
535 1421 631 1473 τῆς
677 1412 895 1483 χάριτος
941 1409 1076 1458 κατά
1121 1408 1179 1456 τὸ
1235 1403 1346 1461 ἔθος
1393 1400 1620 1457 Μωσέως
1657 1394 1835 1446 λοιπὸν

237 1505 650 1580 περιτέμνεσθαι.
696 1501 760 1552 Οἱ
807 1497 890 1550 ἐπὶ
940 1505 1035 1557 τῆς
1080 1496 1357 1562 Ἀντιόχου
1398 1492 1572 1540 τοίνυν
1621 1479 1835 1552 ἀδελφοὶ

2018 1123 2128 1176 XII.
2199 1121 2381 1176 Porro
2438 1122 2638 1174 autem
2685 1115 2825 1171 hinc
2880 1127 3122 1184 quoque
3180 1109 3314 1165 sciri
3372 1109 3590 1180 potest,

1943 1213 2168 1281 quanta
2211 1211 2364 1264 esset
2395 1206 2523 1276 ejus
2554 1200 2923 1260 auctoritatis
2958 1204 3012 1254 et
3039 1195 3276 1252 dicendi
3317 1194 3590 1253 facultas.

1945 1297 2071 1353 Fuit
2127 1295 2454 1367 aliquando
2503 1290 2756 1364 quaestio
2813 1287 3159 1354 Antiochiae,
3192 1299 3270 1340 an
3299 1283 3596 1355 oporteret

1944 1401 2048 1441 eos
2061 1385 2164 1458 qui
2181 1400 2250 1439 ex
2269 1383 2542 1453 gentibus
2559 1381 2637 1438 ad
2657 1378 2908 1435 verbum
2927 1375 3187 1432 veritatis
3208 1371 3592 1434 accedebant,

1945 1490 2111 1530 more
2140 1474 2397 1530 Mosaico
2427 1471 2706 1542 deinceps
2723 1464 3405 1524 circumcidere.Fratres
3431 1473 3594 1529 ergo,

241 1547 650 1580 "'r"'r"-'-'"--
703 1547 760 1552 νν
1253 1547 1295 1562 η
1758 1547 1767 1552 .

237 1604 348 1657 τοῖς
405 1595 536 1646 κατά
608 1593 674 1642 τά
751 1585 1083 1660 Ἰεροσόλυμα
1140 1579 1444 1636 ἀποστόλοις
1508 1578 1600 1632 τὴν
1661 1575 1833 1644 κρίσιν

1961 1563 2044 1634 {ui
2074 1568 2242 1618 erant
2259 1561 2599 1624 Antiochiae,
2631 1557 2914 1630 apostolis
2932 1551 3445 1610 commorantibus
3471 1547 3597 1604 Hie-

2086 1653 2096 1660 .
2216 1651 2226 1660 .
2462 1649 2472 1660 ι
2667 1653 2674 1660 .
2712 1648 2722 1658 ι
2794 1645 2831 1660 ιο
2877 1645 2887 1654 ο
3049 1641 3217 1660 “,ηι-
3263 1636 3592 1660 -ιη-....,.1....

240 1683 544 1758 επέτρεψαν,
600 1678 803 1732 Παύλου
860 1679 949 1728 καὶ
1001 1669 1240 1744 Βαρνάϐα
1282 1665 1657 1720 διακονοῦντων
1707 1661 1835 1730 πρὸς

239 1779 297 1828 τὸ
357 1749 687 1844 ζητούμενον.
733 1773 835 1826 Τῆς
884 1760 943 1817 δε
994 1763 1044 1814 ἐν
1095 1756 1472 1835 Ἰεροσολύμοις
1521 1749 1834 1807 Ἐκκλησίας

242 1864 312 1927 εἰς
340 1870 493 1916 τοῦτο
526 1857 1016 1931 συναθροισθείσης.
1048 1855 1137 1902 καὶ
1184 1851 1377 1920 Πέτρου
1428 1849 1520 1895 τοῦ
1568 1847 1666 1892 τῶν
1712 1836 1836 1889 ἀπο·

247 1953 440 2007 στόλων
491 1956 700 2024 πρώτου
749 1946 1130 2021 προεστηκότος
1186 1947 1282 1998 τῆς
1336 1938 1581 1995 πίστεως,
1628 1932 1714 1980 καὶ
1775 1927 1841 1977 τά

247 2052 343 2105 τῆς
400 2039 662 2100 εὐσεϐείας
711 2013 986 2108 σπέρματα
1043 2025 1464 2085 καταϐάλλοντος
1522 2039 1550 2071 (‹
1623 2013 1844 2090 Ἀνδρες

247 2130 482 2204 ἀδελφοὶ,
517 2134 674 2202 φησὶν
702 2129 726 2178 ό
773 2107 1032 2185 Ἰάκωϐος,
1081 2121 1283 2190 Συμεων
1330 2114 1623 2184 ἐξηγήσατο
1670 2107 1844 2165 καθὼς

244 2231 446 2296 πρῶτον
504 2220 528 2270 6
581 2221 709 2277 Θεὸς
741 2211 1061 2282 ἐπεσκέψατο
1108 2206 1279 2259 λαϐεῖν
1332 2203 1386 2266 ἐξ
1419 2201 1572 2254 ἐθνῶν
1603 2198 1722 2249 λαὸν
1771 2200 1842 2263 τῷ

245 2311 460 2383 ὀνόματι
514 2307 692 2367 αὐτοῦ,
743 2306 834 2354 καὶ
879 2302 1060 2369 τούτῷ.
1093 2299 1458 2366 συμφωνοῦσιν
1483 2291 1533 2340 οἱ
1560 2286 1706 2356 λόγοι
1743 2290 1842 2334 τῶν

243 2405 540 2476 προφητῶν,
599 2393 785 2447 »Εἶτα
839 2389 1032 2448 ἐπιθεὶς
1058 2389 1122 2437 τὰ
1173 2390 1264 2436 τοῦ
1304 2384 1571 2454 προφήτου
1609 2377 1839 2449 ῥήματα,

284 2460 292 2476 .
355 2460 365 2472 .

245 2495 350 2548 τοῖς
407 2487 741 2556 ζητουμένοις
787 2483 938 2538 ὄντως
988 2472 1351 2545 ἐπεψηφίζετο·
1409 2489 1436 2517 ι(
1498 2468 1669 2538 Κρίνω
1721 2460 1840 2531 ἐγὼ,

247 2576 425 2647 λέγων,
475 2579 544 2646 μή
598 2568 937 2644 παρενοχλεῖν
984 2571 1093 2624 τοῖς
1136 2560 1236 2614 ἀπὸ
1276 2567 1376 2610 τῶν
1426 2554 1578 2607 ἐθνῶν
1610 2551 1843 2622 ἐπιστρέ-

249 2684 432 2738 φουσιν
473 2663 557 2716 ἐπὶ
596 2664 683 2713 τὸν
724 2661 866 2721 Θεὸν,
911 2653 1040 2706 ἀλλά
1096 2648 1382 2704 ἐπιστεῖλαι
1421 2644 1594 2702 αὐτοῖς
1641 2637 1844 2708 ἀπέχε-

248 2757 374 2809 σθαι
433 2752 532 2806 ἀπὸ
575 2759 672 2804 τῶν
714 2746 1084 2818 ἀλισγημάτων
1139 2747 1238 2792 τῶν
1287 2732 1533 2796 εἰδώλων,
1579 2736 1671 2789 τῆς
1710 2745 1844 2798 πορ-

239 2849 401 2908 νείας,
462 2845 552 2893 καὶ
601 2846 693 2891 τοῦ
735 2838 970 2908 αἵματος,
1019 2834 1109 2883 καὶ
1164 2833 1254 2879 τοῦ
1304 2827 1538 2876 πνικτοῦ.
1580 2839 1608 2870 »
1667 2817 1846 2874 Ούτως

243 2935 363 3004 ἔφη,
432 2935 521 2982 καὶ
586 2930 610 2979 ὁ
658 2927 806 2996 λόγος
859 2925 1003 2993 ἔργον
1061 2918 1277 2987 ἐγένετο,
1322 2915 1411 2962 καὶ
1467 2911 1524 2959 τὸ
1572 2907 1714 2977 παρά
1759 2909 1848 2954 τοῦ

247 3017 497 3074 Ἰακώϐου
554 3015 816 3087 ψηφισθὲν
874 3009 946 3070 εἰς
997 3008 1156 3058 τύπον
1204 3006 1309 3060 τοῖς
1352 2994 1664 3053 ἀποστόλοις
1703 2990 1852 3064 ἐγρά-

250 3128 390 3182 φετο,
447 3111 536 3158 καὶ
575 3111 636 3176 τῇ
691 3100 978 3168 Ἐκκλησία
1035 3087 1375 3167 παρεδίδοτο·
1430 3085 1563 3137 οὕτω
1602 3085 1691 3132 καὶ
1728 3078 1849 3150 παρ’

251 3197 430 3256 αὐτοῖς
459 3191 572 3266 εἶχε
602 3199 712 3252 τοῖς
751 3185 1057 3241 ἀποστόλοις
1093 3184 1118 3233 6
1151 3179 1278 3250 ἀνὴρ
1311 3181 1369 3229 τὸ
1401 3171 1700 3244 αἰδέσιμόν.

321 3285 420 3341 ΙΓ’.
474 3283 612 3337 Ἀλλ’
652 3283 792 3333 ἔστιν
850 3276 1075 3328 ἀκοῦσαι
1127 3274 1216 3322 καὶ
1247 3265 1453 3320 Παύλου
1485 3262 1570 3314 οἵα
1597 3264 1714 3333 περὶ
1763 3255 1852 3308 αύ-

252 3383 342 3430 τοῦ
382 3373 637 3433 Γαλάταις
679 3367 1004 3420 ἐπέσταλκεν.
1060 3382 1084 3412 «
1128 3357 1394 3419 Ἀνῆλθον,
1438 3355 1589 3424 φησὶ,
1646 3347 1718 3408 εἰς
1765 3345 1851 3398 Ἱε-

253 3464 517 3541 ροσόλυμα
561 3464 844 3532 ἱστορῆσαι
896 3456 1109 3524 Πέτρον,
1162 3449 1328 3519 ἕτερον
1378 3439 1436 3494 δὲ
1487 3448 1587 3492 τῶν
1628 3436 1852 3488 ἀποστό-

252 3553 348 3607 λων
392 3551 485 3604 ούκ
535 3545 691 3610 εἶδον,
745 3544 789 3597 εἰ
835 3546 904 3615 μή
938 3539 1198 3599 Ἰάκωϐεν,
1232 3538 1318 3586 τὸν
1365 3527 1586 3600 ἀδελφὸν
1617 3532 1708 3578 τοῦ
1743 3530 1850 3576 Κυ-

251 3647 386 3717 ρίου,
432 3660 459 3688 ››
491 3640 558 3698 ὡς
588 3633 810 3709 μεγάλου
858 3633 994 3690 τινὸς
1027 3631 1166 3686 ὄντος
1202 3627 1291 3674 καὶ
1331 3618 1476 3681 ἀξίου
1507 3620 1715 3688 μνήμης
1759 3617 1850 3662 τοῦ

256 3730 550 3784 θεάσασθαι
603 3729 690 3775 τὸν
742 3718 1012 3776 Ἰάκωϐον.
1062 3716 1184 3775 Οἷος
1233 3708 1292 3764 δέ
1324 3710 1434 3762 ἐστι
1471 3709 1562 3758 καὶ
1605 3703 1746 3772 αύτῷ
1783 3707 1852 3770 τῷ

258 3818 444 3888 Παύλῳ
511 3819 771 3888 παραινῶν
836 3811 860 3860 6
909 3803 1176 3863 Ἰάκωϐος,
1237 3801 1262 3851 6
1310 3801 1373 3850 τὰ
1447 3803 1546 3846 τῶν
1617 3789 1853 3864 Πράξεων

260 3908 416 3961 ἐπιὼν
467 3911 637 3975 σαφῶς
689 3904 905 3953 εἵσεται.
951 3915 978 3946 (ι
1031 3894 1312 3962 Γενομένων
1349 3890 1450 3958 γὰρ
1503 3886 1669 3955 ἡμῶν,
1724 3881 1854 3950 φησὶ

264 3999 287 4048 ό
343 3996 568 4056 Λουκάς,
623 3991 689 4051 εἰς
740 3985 1093 4060 Ἰεροσόλυμα,
1145 3976 1458 4040 ἀπεδέξαντο
1497 3975 1636 4040 ἡμᾶς
1673 3969 1856 4026 πάντες

264 4088 312 4138 οἱ
370 4081 600 4155 ἀδελφοίο
663 4087 724 4151 τῇ
784 4059 840 4130 δὲ
884 4074 1099 4144 ἐπιούσῃ
1153 4067 1383 4127 εἰσῆλθεν
1439 4065 1463 4116 ὁ
1517 4060 1720 4120 Παῦλος
1761 4059 1854 4108 σὺν

262 4179 385 4248 ἡμῖν
441 4177 569 4247 πρὸς
627 4165 888 4230 Ἰάκωϐον,
958 4164 1144 4221 πάντες
1213 4177 1266 4209 τε
1326 4155 1662 4228 παρεγένοντο
1727 4148 1856 4218 πρὸς

261 4265 417 4317 αὐτόν
491 4263 540 4313 οἱ
613 4255 972 4332 πρεσϐύτεροι·

262 4353 557 4423 ἐξηγήσατο
605 4347 721 4399 καθ’
776 4345 823 4396 ἐν
867 4343 1084 4394 ἕκαστον
1122 4337 1188 4386 ὧν
1238 4335 1263 4384 ό
1291 4334 1446 4400 ιΘεὸς
1500 4330 1711 4382 ἐποίησε
1752 4326 1861 4378 τοῖς

263 4445 459 4496 ἔθνεσιν
520 4435 615 4489 διὰ
660 4442 755 4494 τῆς
801 4429 1072 4487 διακονίας
1111 4423 1289 4475 αὐτοῦ.
1335 4420 1400 4470 Oi
1449 4413 1507 4468 δε
1551 4413 1861 4468 ἀκούσαντες

267 4528 518 4592 ἐδόξαζον
593 4527 680 4576 τὸν
737 4523 886 4582 Θεὸν,
949 4515 1168 4570 εἷπόντες
1213 4517 1286 4579 τῷ
1348 4503 1552 4574 Παύλῳ·
1621 4504 1860 4570 Θεωρεῖς,

270 4616 480 4689 ἀδελφε,
529 4618 691 4667 πόσαι
734 4602 988 4683 μυριάδες
1031 4603 1160 4656 εἰσὶν
1204 4597 1251 4651 ἐν
1294 4602 1402 4656 τοῖς
1437 4588 1719 4651 Ἰουδαίοις
1765 4595 1864 4640 τῶν

267 4706 702 4768 πεπιστευκότων,
786 4700 871 4749 καὶ
964 4693 1145 4751 πάντες
1227 4686 1458 4748 ζηλωταὶ
1533 4688 1625 4734 τοῦ
1708 4681 1865 4750 νόμου

267 4798 628 4870 ὑπάρχουσιν·
683 4787 1069 4858 κατηχήθησαν
1118 4775 1177 4831 δὲ
1225 4780 1342 4849 περὶ
1383 4780 1498 4836 σοῦ,
1532 4771 1612 4822 ὅτι
1643 4768 1867 4820 ἀποστα-

271 4891 391 4941 σίαν
441 4878 717 4942 διδάσκεις
748 4876 846 4930 ἀπὸ
878 4874 1104 4931 Μωσέως
1152 4869 1272 4927 τοὺς
1322 4864 1453 4915 κατά
1494 4863 1558 4913 τὰ
1601 4860 1716 4915 ἔθνη
1745 4857 1868 4908 πάν-

268 4995 368 5036 τας
419 4967 730 5030 Ἰουδαίους.
781 4964 938 5020 ’Δλλά
974 4967 1124 5014 τοῦτο
1176 4960 1397 5013 ποίησον
1449 4952 1474 5003 ὅ
1525 4968 1608 5002 σοι
1636 4947 1866 5018 λέγομεν·

272 5064 558 5138 ἁγνίσθητι
604 5062 696 5112 σὺν
739 5055 810 5128 (c)
850 5060 955 5113 τοῖς
1004 5046 1148 5102 οὖσιν
1199 5042 1456 5115 ἀδελφοῖς,
1499 5043 1589 5091 καὶ
1638 5032 1870 5091 δαπάνη-

275 5175 391 5220 σον,
443 5155 533 5204 καὶ
561 5153 850 5220 γνώσονται
879 5144 958 5195 ὅτι
998 5141 1116 5212 περὶ
1159 5136 1224 5187 ὧν
1263 5136 1598 5203 κατήχηνται
1626 5129 1744 5198 περὶ
1777 5129 1870 5175 σοῦ

276 5239 432 5298 οὐδέν
485 5238 614 5292 ἐστι.
668 5255 697 5288 ))
742 5235 946 5291 Πάντως
977 5225 1036 5281 δὲ
1059 5222 1306 5281 Ἰακώϐου
1342 5217 1457 5274 δέον
1491 5213 1867 5288 ὑπολαμϐάνειν

345 5419 368 5453 ⁵
409 5419 531 5474 Act.
570 5429 663 5484 xv,
710 5413 794 5476 14,
843 5411 924 5465 15.
1005 5405 1025 5440 ⁸
1063 5399 1214 5459 Ibid.
1261 5402 1341 5456 19.
1412 5397 1431 5431 τ
1475 5392 1662 5451 Galat.
1706 5407 1742 5460 ι,
1790 5389 1873 5444 l9.

1940 1651 2263 1724 rosolymis
2287 1649 2682 1722 permiserunt
2703 1645 3019 1718 judicium,
3049 1641 3226 1698 Paulo
3256 1646 3310 1695 et
3328 1636 3600 1694 Barnaba

1946 1743 2037 1797 usi
2064 1741 2348 1796 ministris
2379 1739 2457 1796 ad
2487 1735 2949 1811 proponendum
2974 1733 3036 1788 id
3056 1731 3129 1786 de
3150 1744 3272 1802 quo
3292 1726 3598 1802 quasreba—

1946 1835 2060 1888 tur.
2089 1832 2238 1886 Cum
2265 1845 2404 1885 vero
2434 1845 2571 1902 quas
2621 1822 3050 1896 Hierosolymis
3075 1824 3201 1876 erat
3229 1816 3484 1874 Ecclesia
3519 1812 3600 1870 ad

1947 1919 2064 1977 hoc
2081 1924 2232 1976 esset
2249 1922 2635 1989 congregata,
2654 1920 2709 1972 et
2723 1917 2920 1970 Petrus
2941 1911 3171 1983 primus
3189 1905 3599 1979 apostolorum

1949 2013 2229 2082 praeesset
2257 2007 2395 2063 ﬁdei
2427 2051 2441 2075 ,
2474 2011 2528 2062 et
2576 2005 2798 2077 jaceret
2854 2000 3085 2057 semina
3118 1995 3389 2070 pietatis:
3423 2014 3451 2044 «
3483 1989 3599 2047 Viri

1952 2080 2180 2167 fratres,
2226 2097 2417 2171 inquit
2439 2094 2716 2159 Jacobus,
2762 2093 2964 2148 Simon
2995 2080 3599 2159 exposuitquomodo

1951 2189 2213 2261 primum
2231 2189 2384 2242 Deus
2409 2185 2660 2241 visitavit
2677 2195 2906 2237 sumere
2923 2194 2994 2234 ex
3013 2175 3286 2247 gentibus
3306 2169 3600 2244 populum

1953 2277 2180 2332 nomini
2199 2293 2307 2332 suo
2336 2292 2350 2341 ;
2384 2279 2439 2331 et
2465 2274 2515 2328 ei
2541 2271 2916 2329 consentiunt
2940 2263 3302 2340 prophetae“.
3329 2282 3356 2311 »
3378 2257 3599 2314 Deinde

1955 2383 2092 2422 cum
2110 2364 2516 2437 subjunxisset
2529 2361 2710 2418 verba
2725 2359 2894 2415 unius
2914 2355 3243 2428 prophetae,
3269 2351 3344 2405 de
3372 2348 3444 2402 iis
3464 2362 3601 2420 quas

1953 2454 2377 2527 quaerebantur
2398 2453 2554 2507 hanc
2584 2450 2712 2505 tulit
2742 2445 3092 2502 sententiam
3121 2459 3133 2496 :
3169 2459 3197 2492 ι(
3227 2437 3434 2494 Judico
3462 2450 3598 2504 ego,

1954 2542 2183 2607 dicens,
2218 2557 2338 2596 non
2385 2555 2519 2595 esse
2573 2535 2844 2592 molestia
2875 2529 3216 2588 eﬂiciendos
3245 2543 3371 2595 eos,
3397 2524 3500 2597 qui
3531 2537 3603 2577 ex

1954 2630 2229 2701 gentibus
2259 2628 2338 2684 ad
2367 2628 2555 2682 Deum
2585 2626 3009 2681 convertuntur
3041 2635 3052 2674 :
3087 2616 3194 2672 sed
3220 2611 3605 2670 scribendum

1954 2719 2031 2777 ad
2061 2734 2184 2782 eos,
2201 2724 2262 2773 ut
2287 2731 2349 2772 se
2375 2716 2712 2772 abstineant
2740 2728 2777 2768 a
2803 2703 3410 2767 contaminationibus
3426 2700 3604 2754 simu-

1955 2809 2276 2872 lacrorum,
2292 2805 2698 2867 fornicatione,
2714 2809 2768 2856 et
2786 2799 3096 2868 sanguine,
3117 2800 3173 2851 et
3189 2790 3480 2848 suﬂ‘ocato
3499 2789 3541 2840 °.
3570 2803 3600 2839 ››

1882 2896 1922 2953 C
1961 2897 2051 2952 Sic
2099 2895 2262 2960 dixit,
2315 2899 2370 2950 et
2409 2894 2574 2967 quod
2599 2893 2848 2954 dixerat,
2879 2887 3204 2943 deductum
3235 2885 3325 2936 est
3367 2878 3446 2935 ad
3470 2874 3607 2931 effe-

1961 2989 2152 3039 ctum:
2177 2988 2234 3039 et
2254 2984 2417 3055 quod
2444 3001 2478 3038 a
2497 2982 2719 3038 Jacobo
2745 2979 2934 3034 fuerat
2959 2976 3285 3036 decretum,
3316 2967 3607 3038 scriptum

1961 3077 2052 3126 est
2081 3072 2158 3126 ab
2189 3051 2496 3142 apostolis,
2529 3076 2586 3126 et
2617 3067 2884 3125 Ecclesia:
2926 3079 3032 3136 pro
3060 3062 3250 3117 forma
3281 3057 3389 3112 fuit
3428 3051 3606 3110 tradi-

1963 3163 2109 3214 tum.
2141 3162 2327 3214 Tanta
2352 3159 2511 3225 apud
2553 3156 2862 3229 apostolos
2891 3153 3000 3209 fuit
3029 3151 3156 3222 ejus
3182 3142 3532 3203 reverentia.

2036 3249 2168 3302 Xlll.
2213 3247 2326 3304 Sed
2349 3247 2480 3301 licet
2509 3226 2689 3301 etiam
2721 3243 2946 3308 audire,
2974 3240 3265 3312 quidnam
3291 3231 3504 3288 Paulus
3530 3226 3605 3282 de

1961 3352 2032 3392 eo
2063 3336 2283 3392 scribat
2312 3335 2390 3392 ad
2421 3334 2655 3390 Galatas
2683 3349 2696 3388 :
2732 3351 2759 3383 «
2793 3329 3063 3392 Ascendi,
3097 3323 3310 3396 inquit,
3343 3319 3615 3376 Hieroso-

1958 3430 2188 3497 lymam
2206 3425 2282 3480 ad
2307 3423 2634 3479 videndum
2648 3423 2903 3476 Petrum.
2932 3416 3126 3471 Alium
3149 3415 3346 3467 autem
3378 3408 3616 3478 aposto-

1959 3507 2085 3569 lum
2115 3530 2236 3570 non
2264 3512 2408 3577 vidi,
2446 3511 2557 3566 nisi
2587 3509 2879 3565 Jacobum
2927 3505 3169 3560 fratrem
3209 3494 3447 3553 Domini
3476 3494 3497 3528 ἰ
3533 3507 3546 3548 :
3581 3509 3608 3542 ν

1960 3608 2162 3674 utpote
2189 3600 2353 3672 quod
2386 3616 2477 3654 res
2522 3603 2675 3652 esset
2706 3610 2946 3664 magna,
2981 3596 3036 3647 et
3058 3590 3242 3658 digna
3284 3599 3420 3656 quas
3451 3593 3618 3636 man-

1961 3692 2201 3747 daretur
2217 3689 2540 3754 memorias,
2561 3686 2753 3740 videre
2766 3684 3076 3740 Iacobum.
3107 3673 3396 3742 Qualibus
3415 3673 3617 3726 autem

1963 3778 2394 3836 monitionibus
2425 3777 2503 3832 ad
2549 3774 2794 3831 Paulum
2827 3787 2968 3826 usus
2999 3767 3073 3822 sit
3097 3763 3375 3825 Iacobus,
3410 3760 3612 3830 aperte

1965 3869 2128 3934 sciet,
2151 3868 2254 3941 qui
2280 3866 2483 3937 legerit
2504 3865 2683 3919 Actus
2715 3858 3125 3932 apostolorum
3177 3893 3192 3907 .
3240 3872 3269 3900 ‹‹
3313 3848 3466 3905 Cum
3508 3859 3620 3900 nos

1963 3959 2124 4014 enim
2171 3957 2389 4029 (inquit
2432 3953 2645 4024 Lucas)
2704 3949 3068 4006 venissemus
3121 3937 3620 4008 Hierosolymam,

1964 4054 2323 4120 exceperunt
2346 4061 2455 4101 nos
2486 4022 2696 4099 omnes
2725 4040 2952 4094 fratres.
2979 4030 3258 4106 Sequenti
3284 4033 3484 4084 autem
3514 4022 3610 4078 die

1965 4138 2268 4206 ingressus
2317 4138 2404 4189 est
2450 4131 2670 4188 Paulus
2722 4125 3039 4183 nobiscum
3073 4120 3152 4176 ad
3195 4116 3507 4178 Iacobum,
3556 4115 3611 4168 et

1070 4201 1144 4221 ἐν
1221 4201 1266 4209 --
1331 4201 1566 4228 -ν--Γ-,νν
1769 4201 1777 4218 ι
1841 4201 1849 4205 -

1058 4253 1145 4301 καὶ
1222 4244 1590 4313 ἀσπασάμενος
1672 4235 1849 4293 αύτούς

1967 4239 2179 4281 omnes
2208 4224 2586 4277 accesserunt
2610 4214 2939 4288 presbyteri
2977 4231 2988 4270 :
3017 4224 3172 4281 quos
3205 4221 3343 4261 cum
3374 4201 3624 4258 salutas-

1971 4317 2078 4381 set,
2095 4305 2720 4382 exposuitsingulatim
2743 4278 3217 4370 unumquodque
3239 4306 3469 4354 eorum,
3489 4278 3620 4360 qua:

1971 4375 2126 4457 Deus
2172 4375 2309 4454 fecit
2347 4395 2622 4466 gentibus
2669 4406 2774 4462 per
2823 4384 3218 4444 ministerium
3274 4393 3473 4436 suum.
3534 4375 3620 4431 Illi

1974 4495 2173 4548 autem
2203 4502 2341 4542 cum
2393 4482 2737 4549 audiissent,
2772 4475 3253 4548 gloriﬁcaverunt
3280 4470 3488 4531 Deum,
3541 4463 3626 4521 di-

1973 4584 2173 4637 centes
2222 4574 2401 4632 Paulo
2453 4570 2687 4639 :Vides,
2729 4567 2906 4624 frater
2958 4579 3145 4637 quam
3196 4558 3385 4616 multa
3440 4553 3630 4611 millia

1977 4674 2116 4728 sunt
2141 4663 2544 4723 interJudeeos
2585 4674 2790 4715 eorum
2831 4655 2934 4727 qui
2974 4650 3370 4711 crediderunt,
3407 4647 3462 4700 et
3491 4644 3628 4698 sunt

1977 4773 2189 4817 omnes
2219 4755 2364 4825 legis
2394 4749 2770 4808 aemulatores
2818 4762 2830 4801 :
2865 4744 2939 4799 de
2965 4747 3019 4797 te
3049 4744 3249 4796 autem
3288 4733 3624 4797 audierunt,

1978 4847 2143 4922 quod
2173 4850 2235 4902 tu
2264 4843 2445 4900 doces
2478 4857 2513 4896 a
2535 4841 2687 4896 Mose
2717 4833 3111 4891 defectionem
3131 4825 3366 4882 Judaeos
3397 4834 3629 4878 omnes-

1979 4907 2083 5012 qui
2114 4933 2342 4992 suntin
2380 4928 2678 5002 gentibus.
2724 4923 2838 4982 Sed
2867 4921 2960 4978 fac
2996 4919 3132 4983 hoc,
3159 4912 3323 4988 quod
3347 4909 3455 5012 tibi
3485 4907 3624 4975 dici,

1981 5044 2118 5085 mus
2153 5042 2164 5081 :
2199 5026 2337 5080 sunt
2383 5019 2557 5077 nobis
2612 5015 2722 5072 viri
2767 5015 3044 5086 quatuor,
3093 5008 3297 5062 votum
3339 4998 3627 5057 habentes

1983 5130 2164 5189 super
2189 5128 2286 5169 se:
2315 5111 2408 5168 his
2440 5103 2784 5176 assumptis,
2826 5096 3134 5156 sanctiﬁca
3171 5097 3224 5149 te
3249 5104 3386 5148 cum
3415 5086 3549 5153 illis,
3574 5089 3630 5144 et

1982 5177 2264 5278 impende
2293 5200 2353 5257 in
2376 5197 2531 5266 illis,
2553 5198 2617 5252 ut
2646 5191 2861 5250 radant
2897 5185 3094 5260 capita
3131 5197 3144 5240 :
3181 5184 3238 5238 et
3266 5177 3630 5252 cognoscent

340 5595 423 5668 (c)
463 5592 652 5651 Etiam
680 5587 780 5646 hic
806 5585 973 5644 locus
1008 5596 1080 5638 ex
1105 5580 1228 5635 Act.
1267 5591 1361 5634 χχι
1393 5570 1585 5647 magis
1605 5568 1832 5641 integre
1851 5561 2110 5622 habetur
2147 5556 2210 5614 in
2240 5551 2453 5612 eadem
2481 5545 2775 5606 versione.
