4114 6262
460 216 569 303 gen

1868 199 2132 260 MENSIS
2166 198 2417 259 MAIUS.

3732 185 3911 249 212

464 356 696 407 omnes,
722 338 889 412 quod
913 354 1048 411 quae
1092 336 1168 393 de
1198 339 1251 393 te
1279 335 1611 399 audierunt,
1645 331 1789 389 nihil
1831 332 1969 386 sunt
1999 330 2040 383 ⁸.
2072 346 2099 379 »

2240 324 2346 377 ἴναι
2399 328 2461 378 τὰ
2511 326 2734 401 ῥήματα,
2792 322 2878 377 οἶα
2926 330 3023 385 τῆς
3079 322 3395 384 Ἐκκλησίας
3441 323 3898 394 κατάρχοντοςο

467 432 707 501 Oportet
732 434 927 485 autem
960 426 1204 482 omnino
1233 425 1565 480 existimare
1589 422 1717 477 haec
1755 420 1940 475 verba
1978 432 2105 473 esse

464 517 689 581 Jacobi,
719 521 781 571 ut
810 517 911 588 qui
942 522 1094 570 esset
1134 514 1407 585 princeps
1438 511 1595 568 illius
1624 508 1893 564 Ecclesiae
1929 525 1941 573 ;
1975 521 2107 577 pro-

461 613 668 681 pterea
721 604 877 660 enim
925 604 1038 658 hoc
1090 601 1323 674 egregie
1373 617 1408 655 a
1441 603 1594 655 Luca
1646 603 1732 653 est
1788 595 2103 651 additum:

470 716 497 746 «
537 694 754 749 Paulus
804 692 1115 747 nobiscum
1147 692 1448 759 ingressus
1495 693 1581 744 est
1633 687 1709 742 ad
1736 685 2045 740 Jacobum.
2079 700 2108 733 »

466 787 717 839 Tantum
736 781 886 837 inter
898 780 1204 851 apostolos
1223 778 1590 834 tribuebatur
1613 775 1855 842 Jacobo,
1883 779 1938 828 et
1959 771 2110 827 adeo

470 876 592 928 erat
620 871 837 936 clarus,
870 876 924 924 et
951 868 1289 924 habebatur
1318 868 1377 921 in
1408 871 1571 923 tanto
1613 866 1861 930 honore,
1897 861 2113 933 partim

468 959 711 1033 quidem
751 959 866 1014 hoc
892 956 1123 1013 habens
1157 972 1229 1012 ex
1272 956 1501 1021 virtute,
1533 955 1750 1026 partim
1783 956 1980 1009 autem
2003 950 2117 1006 hoc

468 1052 679 1105 nactus
706 1064 775 1103 ex
804 1062 873 1102 eo
912 1046 1077 1117 quod
1098 1049 1251 1101 esset
1287 1043 1467 1100 frater
1506 1043 1759 1099 Domini.

544 1138 673 1191 XIV.
713 1136 895 1190 Judas
935 1138 1154 1199 autem,
1187 1132 1293 1205 qui
1331 1132 1758 1188 catholicarum
1800 1130 2116 1201 septimam

473 1226 711 1297 scripsit
724 1224 1062 1294 Epistolam,
1076 1238 1339 1294 quanam
1360 1237 1431 1276 ex
1448 1237 1509 1276 re
1528 1221 1785 1292 seipsum
1802 1218 2117 1289 signiﬁcat,

474 1320 529 1372 et
552 1312 858 1385 quomodo
879 1312 1019 1367 facit
1038 1310 1482 1381 inscriptionem
1504 1308 1532 1363 ‘I
1553 1330 1576 1361 α
1602 1309 1783 1365 Judas
1805 1311 1941 1364 Jesu
1963 1306 2122 1362 Chri-

475 1402 547 1458 sti
578 1417 808 1467 servus,
839 1400 1016 1456 frater
1045 1404 1246 1455 autem
1274 1398 1497 1466 Jacobi,
1530 1398 1599 1453 iis
1630 1398 1733 1469 qui
1765 1402 1900 1452 sunt
1929 1395 2123 1451 dilecti

476 1492 536 1546 in
565 1490 682 1544 Deo
727 1490 913 1544 Patre.
946 1511 973 1538 »
1006 1488 1132 1544 Non
1178 1504 1249 1543 ex
1306 1486 1701 1557 imperatoriis
1738 1491 1794 1541 et
1844 1485 2124 1540 inanibus

478 1578 864 1648 dignitatibus
884 1577 993 1632 sibi
1024 1581 1252 1632 tantum
1265 1575 1543 1631 claritatis
1572 1574 1856 1641 tribuunt,
1876 1574 2132 1646 quisunt

479 1669 542 1724 in
579 1667 806 1721 mundo
838 1664 1155 1737 splendidi,
1190 1670 1486 1736 quantum
1518 1664 1611 1718 ille
1639 1663 1859 1719 sciebat
1892 1662 2129 1731 gloriari
2164 1684 2204 1737 Β
2240 1682 2357 1729 των,

482 1772 552 1811 ex
572 1771 661 1821 eo,
687 1754 849 1825 quod
869 1758 1024 1809 esset
1043 1758 1099 1808 et
1113 1753 1401 1808 diceretur
1415 1752 1595 1808 frater
1612 1751 1814 1807 Jacobi
1834 1752 1931 1823 (7).
1954 1752 2011 1807 Si
2029 1768 2131 1807 au-

481 1850 599 1900 tem
646 1847 731 1898 est
777 1842 943 1897 Judae
995 1842 1185 1911 gloria
1212 1841 1328 1896 dici
1359 1841 1597 1897 fratrem
1627 1840 1851 1907 Jacobi,
1904 1845 2130 1912 quanto

483 1937 570 1989 est
598 1932 707 2004 ipsi
731 1931 951 1986 Jacobo
984 1931 1194 2001 major,
1230 1930 1393 2001 quod
1420 1929 1626 1985 Christi
1659 1929 1836 1984 frater
1861 1929 2130 1985 nomine-

483 2026 577 2076 tur
600 2022 626 2076 ?
644 2022 771 2092 Ipse
798 2019 955 2074 enim
981 2018 1145 2074 solus
1171 2024 1479 2075 assecutus
1502 2017 1611 2074 fuit
1633 2017 1761 2073 haec
1797 2018 2126 2090 privilegia,

484 2115 541 2165 et
568 2109 787 2178 dignus
815 2111 900 2163 est
925 2106 1183 2172 habitus,
1217 2107 1319 2179 qui
1342 2106 1502 2163 solus
1528 2114 1835 2164 vocaretur
1856 2107 1931 2180 (8)
1954 2106 2131 2164 frater

484 2198 738 2254 Domini.

558 2377 662 2431 XV.
705 2375 807 2430 Hic
833 2390 974 2445 ergo
1013 2389 1270 2445 magnus
1322 2379 1378 2431 et
1420 2375 1660 2431 divinus
1701 2377 1957 2433 Jacobus
2007 2381 2133 2434 erat

486 2469 727 2520 sanctus
760 2469 841 2531 (ut
870 2479 1041 2520 sacra
1087 2463 1291 2520 dicunt
1321 2465 1587 2537 Eloquia)
1628 2482 1699 2522 ex
1730 2471 1896 2522 utero
1927 2467 2134 2523 matris

486 2568 628 2608 suae.
646 2554 1045 2618 Quamobrem
1059 2554 1254 2609 statim
1273 2559 1410 2624 post
1427 2553 1731 2623 Christum,
1746 2557 1974 2626 primun
1988 2557 2134 2610 Pon-

486 2641 723 2711 tiﬁcem,
750 2641 962 2713 accipit
992 2642 1227 2699 clavum
1249 2642 1517 2697 Ecclesiae
1564 2643 2132 2715 Hierosolymitanae,

487 2729 740 2797 et_solus
772 2730 832 2784 in
880 2731 1096 2785 Sancta
1146 2736 1487 2786 sanctorum
1539 2736 1824 2803 perpetuo
1883 2732 2135 2802 ingredi-

488 2823 582 2873 tur
612 2818 712 2888 (9).
740 2821 867 2873 Non
917 2816 1076 2873 enim
1112 2818 1315 2885 semel,
1359 2819 1511 2875 sicut
1552 2820 1622 2874 iis
1652 2821 1754 2892 qui
1785 2821 1898 2892 legi
1928 2827 1984 2877 et
2007 2839 2130 2879 um-

484 2908 608 2964 brae
622 2906 947 2962 caelestium
966 2907 1320 2973 serviebant,
1341 2909 1778 2965 concedebatur
1798 2910 2129 2981 ingressus:

2215 413 2308 468 διὰ
2335 423 2483 467 τοῦτο
2509 418 2609 489 γὰρ
2643 420 2732 467 καὶ
2776 422 2846 484 τῷ
2892 418 3073 483 Λουκᾷ
3123 418 3394 488 πρόκειται
3433 412 3890 485 κατεξαίρςτον,

2215 507 2291 557 ὅτι
2347 526 2374 554 (ί
2427 505 2623 564 Παῦλος
2668 504 2750 574 (cl)
2782 502 3004 555 εἰσέλθοι
3058 506 3150 553 σὺν
3182 504 3305 575 ἡμῖν
3336 506 3467 577 πρὸς
3496 499 3783 554 Ἰάκωϐον.
3850 520 3887 545 υ

2215 601 2472 646 Τοσοῦτον
2530 593 2577 644 ἐν
2630 591 2936 652 ἀποστόλοις
2989 590 3224 663 Ἰακώϐῳ
3279 595 3336 643 τὸ
3389 590 3883 662 συγκεχωρηκὸς,

2218 688 2307 735 καὶ
2359 683 2522 743 οὕτως
2570 679 2629 740 ἧν
2683 680 2931 753 ἐπιφανής
2985 700 3038 732 τε
3082 685 3170 732 καὶ
3220 679 3509 752 ἀξιότιμος,
3550 688 3713 732 τοῦτο

2221 777 2310 825 καὶ
2368 771 2467 825 ἀπὸ
2516 780 2609 833 τῆς
2667 770 2849 845 ἀρετῆς
2900 773 3059 841 ἔχων,
3124 776 3277 822 τοῦτο
3327 766 3386 823 δὲ
3427 774 3519 822 καὶ
3584 767 3693 821 ἀπὸ
3744 772 3877 819 τοῦ

2226 858 2439 935 ἁδελφός
2479 858 2606 914 εἶναι
2634 868 2726 913 τοῦ
2761 862 2953 931 Κύριον
2978 858 3361 933 προσειληφώς.

2300 1130 2398 1185 ΙΔ’.
2435 1126 2641 1190 Ἰούδας
2684 1125 2742 1181 δὲ
2796 1133 2886 1187 τὴν
2943 1124 3171 1201 ἑϐδόμην
3225 1126 3531 1185 Ἐπιστολὴν
3579 1134 3689 1179 τῶν
3738 1146 3873 1178 x00—

2233 1219 2445 1273 θολικών
2501 1220 2733 1293 γράφων,
2791 1217 2846 1270 ἐκ
2896 1222 3031 1278 τίνος
3072 1219 3177 1292 ἄρα
3229 1213 3387 1276 δῆλον
3431 1216 3612 1269 ἑαυτὸν
3668 1224 3859 1280 ποιεῖ,

2231 1312 2321 1359 καὶ
2376 1315 2483 1369 πῶς
2552 1311 2645 1366 τὴν
2711 1306 2992 1380 ἐπιγραφὴν
3072 1308 3324 1373 τίθησιν;
3383 1328 3403 1355 ε
3458 1302 3674 1367 Ἰούδας
3731 1306 3869 1363 Ἰηο

2237 1403 2331 1448 σοῦ
2382 1404 2616 1469 Χριστοῦ
2669 1393 2872 1463 δοῦλος,
2914 1397 2939 1448 ό
2987 1392 3205 1468 ἀδελφὸς
3258 1392 3318 1447 δὲ
3374 1394 3651 1459 Ἰακώϐου,
3734 1402 3867 1455 τοῖς

2237 1490 2285 1537 ἐν
2334 1493 2445 1556 Θεῷ
2502 1490 2669 1559 Πατρὶ
2748 1486 3119 1557 ἠγαπημένοις.
3182 1504 3209 1537 ››
3293 1483 3415 1555 Οὐχ
3488 1484 3658 1545 οὕτως
3740 1482 3863 1535 ἀπὸ

2239 1583 2337 1626 τῶν
2407 1573 2694 1646 βασιλικῶν
2792 1577 2984 1626 τούτων
3075 1578 3164 1626 καὶ
3266 1570 3515 1626 διακένων
3599 1572 3865 1644 ἀξιωμά-

2440 1665 2488 1715 οῐ
2564 1665 2697 1715 κατὰ
2758 1668 2953 1736 κόσμον
3007 1663 3235 1738 λαμπροὶ
3292 1666 3349 1714 τὸ
3399 1660 3657 1734 ἐπίσημον
3720 1662 3867 1714 ἑαυ-

2238 1760 2345 1813 τοῖς
2419 1759 2823 1824 περιποιοῦνται,
2899 1755 3019 1805 ὅσον
3071 1749 3252 1813 ἐκεῖνος
3310 1750 3411 1803 ἀπὸ
3458 1758 3548 1804 τοῦ
3614 1748 3863 1823 ἀδελφὸς

2240 1838 2369 1895 εἶναι
2415 1846 2503 1894 καὶ
2554 1842 2792 1913 λέγεσθαι
2850 1840 3095 1895 Ἰακώϐου
3168 1843 3508 1913 σεμνύνεσθαι
3565 1843 3722 1912 ἔγνω.
3786 1841 3863 1893 Εἰ

2241 1928 2300 1985 δὲ
2351 1935 2511 2003 τούτῳ
2560 1928 2689 1995 δόξα
2727 1936 2784 1985 τὸ
2828 1928 3046 2004 ἀδελφόν
3090 1929 3338 1984 Ἰακώϐου
3384 1930 3649 2002 λέγεσθαι,
3695 1935 3854 1987 πόση

2240 2023 2410 2092 ἐκείνῳ
2457 2021 2643 2094 μᾶλλον
2699 2021 2798 2074 ἀπὸ
2847 2030 2936 2075 τοῦ
2982 2017 3200 2093 ἀδελφόν
3240 2027 3330 2073 τοῦ
3384 2025 3572 2094 Κυρίου
3630 2039 3862 2072 κατονο-

2238 2112 2541 2182 μάζεσθαι;
2575 2110 2732 2173 αὐτὸς
2798 2113 2899 2184 γὰρ
2978 2114 3068 2162 καὶ
3156 2113 3305 2182 μόνος
3375 2117 3474 2161 τῶν
3549 2108 3861 2182 πρεσϐείων

2239 2201 2396 2271 ἔτυχε
2448 2202 2661 2265 τούτων,
2728 2204 2817 2252 καὶ
2880 2196 3095 2272 ἀδελφὸς
3149 2202 3342 2273 Κυρίου
3393 2202 3545 2271 μόνος
3595 2197 3864 2269 λέγεσθαι

2238 2294 2370 2346 κατη
2379 2288 2552 2352 ξίωται
2564 2329 2577 2341 .

3584 2375 3856 2437 Ἰάκωϐος

2242 2466 2388 2536 ἅγιος
2435 2463 2514 2534 ἧν,
2547 2468 2616 2528 ὡς
2663 2468 2729 2518 τὰ
2773 2468 2883 2541 ἱεροί
2922 2485 3050 2537 φασι
3081 2470 3270 2536 Λόγια,
3323 2463 3377 2517 ἐκ
3410 2464 3610 2527 κοιλίας
3641 2469 3852 2539 μητρὸς

2314 2376 2413 2431 ΙΕ’.
2465 2377 2523 2430 Ὀ
2580 2381 2748 2430 τοίνυν
2803 2381 2964 2450 μέγας
3010 2377 3161 2440 οὗτος
3229 2381 3319 2429 καὶ
3381 2378 3507 2437 θεῖος

2245 2555 2418 2608 αὐτοῦ·
2478 2553 2562 2608 διὸ
2610 2560 2718 2621 καὶ,
2768 2558 2897 2627 μετὰ
2950 2559 3180 2628 Χριστόν
3208 2554 3360 2617 εὐθὺς
3385 2556 3470 2606 τὸν
3501 2562 3706 2626 πρῶτον
3758 2553 3851 2628 ἀρ-

2244 2648 2446 2717 χιερέα,
2488 2654 2583 2707 τῆς
2621 2654 2720 2697 τῶν
2774 2644 3138 2717 Ἱεροσολύμων
3178 2642 3491 2705 Ἐκκλησίας
3516 2647 3639 2703 τοὺς
3666 2648 3850 2704 οῖακας

2245 2726 2614 2809 ἐγχειρίζεται,
2645 2738 2730 2787 καὶ
2763 2739 2915 2806 μόνος
2967 2734 3040 2795 εἰς
3073 2736 3137 2785 τὰ
3159 2732 3321 2804 ”Α·για
3362 2741 3461 2784 τῶν
3500 2732 3668 2803 ἁγίων
3717 2729 3839 2785 δια-

2242 2828 2432 2885 παντὸς
2488 2826 2863 2899 εἰσπορεύεται”
2920 2820 3041 2875 οὐδὲ
3084 2825 3181 2896 γὰρ
3231 2822 3390 2886 ἅπαξ,
3450 2824 3687 2896 καθάπερ
3739 2829 3839 2881 τοῖς

2242 2922 2314 2984 τῷ
2347 2918 2483 2986 νόμῳ
2533 2919 2622 2966 καὶ
2670 2921 2732 2985 τῇ
2792 2919 2917 2982 σκιᾷ
2948 2921 3046 2965 τῶν
3104 2911 3416 2987 ἐπουρανίων
3463 2911 3842 2986 λατρεύσασιν⁷

491 2996 597 3051 sed
629 2997 710 3050 sic
739 2994 1201 3063 ingrediebatur,
1259 3001 1322 3052 ut
1350 2997 1452 3069 qui
1479 2997 1639 3053 solus
1679 3004 1876 3071 posset
1903 3001 2127 3071 ingredi

2244 3001 2510 3076 ἐγχωροῦν
2558 3000 2639 3069 ἦν,
2700 3001 2808 3055 ἀλλ’
2864 3001 3027 3063 οὕτως
3074 3002 3238 3073 εἰσῄει
3294 3004 3362 3063 ὡς
3414 3006 3570 3073 μόνος
3628 3001 3851 3054 εἶσιέναι

486 3089 727 3156 propter
745 3083 1083 3155 puritatem.
1106 3085 1447 3154 Ingrediens
1476 3093 1695 3154 autem,
1729 3105 1790 3143 se
1810 3089 2134 3147 inclinabat

486 3176 547 3232 in
576 3188 791 3243 genua,
821 3177 876 3227 et
902 3173 1124 3244 populo
1172 3174 1524 3231 conciliabat
1550 3176 1965 3234 remissionem
1998 3196 2124 3250 pec-

489 3267 780 3327 catorum,
814 3262 1028 3317 melius
1071 3278 1252 3334 quam
1281 3266 1467 3320 Moses
1500 3282 1512 3319 :
1545 3266 1697 3322 adeo
1729 3272 1792 3322 ut
1820 3269 2005 3323 instar
2036 3284 2129 3323 ca-

484 3352 778 3407 melorum
826 3351 881 3407 ei
936 3367 1133 3421 genua
1184 3353 1662 3419 obdurescerent,
1724 3370 1795 3411 eo
1846 3355 2009 3426 quod
2061 3372 2134 3412 ea

482 3440 739 3496 ﬂecteret
769 3440 1005 3496 assidue
1034 3461 1045 3499 :
1076 3441 1159 3496 sic
1203 3441 1361 3497 enim
1394 3441 1568 3498 nobis
1598 3444 1771 3508 Deus,
1802 3444 1903 3515 qui
1947 3444 2133 3500 homo

481 3529 676 3585 factus
690 3534 797 3599 est,
819 3530 1114 3587 orandum
1134 3531 1329 3587 tradit.
1356 3534 1595 3603 Propter
1614 3532 1909 3603 insignem
1932 3540 2131 3591 autem

479 3617 1130 3688 justitiam,vocabatur
1145 3622 1347 3674 Justus
1369 3620 1565 3677 Oblias
1588 3623 1721 3694 (10),
1750 3624 1911 3695 quod
1928 3623 2133 3693 lingua

482 3710 687 3761 nostra
727 3705 1021 3775 signiﬁcat
1050 3708 1645 3779 comprehensionem
1693 3712 1900 3783 populi
1949 3718 2005 3768 et
2039 3716 2132 3783 ju-

486 3792 726 3850 stitiam.

492 3942 497 3943 ί
556 3970 697 4026 XVI.
740 3972 1049 4039 Caeterum,
1096 3972 1403 4045 quomodo
1452 3974 1758 4046 prophetas
1799 3980 1914 4052 (tt)
1964 3979 2127 4051 prius

486 4058 987 4131 signiﬁcaverunt,
1012 4061 1261 4134 quidam
1284 4077 1350 4120 ex
1370 4068 1596 4136 septem
1611 4064 1957 4136 hazresibus,
1981 4084 2127 4143 quo-

555 4236 575 4271 ⁸
608 4236 741 4296 Act.
792 4252 912 4304 xxx,
947 4240 1015 4295 20
1044 4254 1212 4312 seqq.

554 4414 630 4484 (7)
664 4418 807 4471 Cum
833 4416 1055 4472 Jacobo
1094 4432 1166 4471 ex
1195 4421 1382 4472 matre
1412 4417 1597 4473 Maria
1626 4419 1787 4475 solus
1817 4420 1997 4478 frater
2025 4425 2122 4479 Jo-
2162 4424 2208 4479 D

485 4485 633 4567 seph
655 4487 1058 4567 assigneturin
1086 4488 1424 4567 Evangelio,
1448 4488 1765 4567 dicendum
1791 4494 2124 4567 eritJudam

483 4556 667 4635 fuisse
691 4556 896 4635 Jacobi
923 4556 1182 4635 fratrem,
1211 4573 1280 4613 ex
1299 4559 1505 4614 eodem
1522 4560 1765 4631 quidem
1785 4568 1951 4635 patre
1969 4566 2127 4622 Cleo-

482 4627 623 4698 pha,
658 4628 761 4681 sed
783 4642 853 4681 ex
885 4626 1067 4683 altera
1104 4636 1312 4683 matre.

554 4698 631 4769 (8)
672 4700 887 4754 Iterum
926 4698 1211 4764 Christus,
1241 4700 1411 4757 Marci
1437 4717 1509 4766 vr,
1538 4707 1783 4759 vocatur
1808 4722 1842 4761 a
1888 4708 2131 4763 Nazare-

484 4768 575 4843 uis
606 4770 1016 4843 fraterAJacobi
1060 4776 1117 4826 et
1166 4772 1405 4843 Joseph,
1440 4772 1693 4830 etJuda:
1742 4783 1797 4832 et
1852 4778 2127 4833 Simonis.

483 4840 700 4915 ljaulus
732 4841 959 4915 etiaml
988 4843 1114 4915 Cor.
1142 4858 1220 4906 1x,
1248 4840 1551 4915 5,'Fratres
1574 4846 1805 4902 Domini
1836 4850 2126 4915 nominat,

484 4911 698 4991 Juda‘m
728 4913 1141 4991 verosimiliter
1196 4919 1249 4969 et
1300 4914 1601 4991 Simonem
1648 4917 1995 4991 intelligens,
2059 4911 2129 4977 ei

484 4982 878 5056 duodenarior
904 5000 1154 5040 numero
1185 4987 1593 5056 apostolorum
1625 4987 1797 5055 duos,
1834 4982 1943 5045 sed
1982 4982 2129 5048 forte

484 5054 685 5129 minus
711 5055 1130 5129 propinquos:
1165 5054 1511 5129 ut'Jacobus
1539 5058 1634 5112 hic
1660 5054 1823 5129 (nam
1855 5063 1928 5117 de
1954 5063 2130 5118 fratre

485 5122 766 5199 Josepho,
794 5122 898 5199 qui
939 5122 1130 5198 potuit
1158 5133 1294 5184 ante
1348 5122 1936 5199 Christum'obiisse,
1984 5134 2131 5189 nihil

485 5142 898 5251 Josepno,qu1
939 5142 1130 5198 potum
1158 5142 1294 5184 ante
1348 5142 1646 5185 unrlstum
1696 5142 1936 5199 obiisse,
1984 5142 2128 5189 nihil

485 5194 720 5265 legitur)
750 5212 817 5251 so
846 5214 912 5251 us
934 5204 989 5253 et
1008 5200 1479 5274 antonomastice
1497 5201 1889 5274 Adelphothei
1916 5204 2128 5274 glorio-

488 5282 622 5321 sum
645 5274 1107 5336 cognomentum
1146 5270 1469 5328 retinuerit.
1513 5270 1764 5341 Scilicet,
1807 5282 1913 5331 etc.

562 5443 643 5515 (εἰ)
682 5445 895 5515 Textus
922 5442 1103 5500 habet
1131 5444 1314 5515 εἰσῄει.

563 5503 636 5586 (ε)
672 5514 826 5586 _Vide_
860 5520 1062 5571 notata
1091 5517 1167 5571 ad
1198 5503 1529 5576 versionem
1568 5521 1837 5579 Latinam
1867 5529 2130 5582 num.l0.

489 5582 592 5641 Hic
616 5582 775 5645 addo
812 5584 872 5644 in
911 5603 1025 5645 ms.
1066 5588 1288 5657 Graeco,
1328 5590 1590 5668 primum
1613 5592 1848 5664 Ἰοϐλίας,
1874 5595 1971 5652 hic
1990 5612 2132 5656 vero

2244 3088 2525 3163 δυνάμενος
2579 3088 2671 3143 διὰ
2720 3093 3075 3164 καθαρότητα.
3118 3091 3497 3163 Εἰσερχόμενος
3546 3087 3626 3155 δὲ,
3668 3095 3849 3162 κείμε-

2241 3200 2325 3241 νος
2376 3180 2460 3232 ἑπὶ
2526 3188 2622 3231 τῶν
2673 3182 2901 3250 ’γονάτων
2955 3182 3239 3253 εὑρίσκετο,
3308 3185 3397 3232 xui
3447 3188 3519 3250 τῷ
3574 3179 3683 3249 λαῷ
3741 3189 3849 3232 τῶν

2242 3271 2615 3343 ἡμαρτημένων
2691 3271 2891 3341 ἄφεσιν,
2974 3276 3204 3342 κρεῖττον
3257 3273 3285 3328 ἦ
3347 3271 3483 3321 κατὰ
3532 3272 3729 3322 Μωσέα
3791 3288 3852 3321 τε

2242 3362 2566 3429 ποιούμενος,
2618 3360 2687 3419 ὡς
2738 3358 3113 3416 ἀπεσκληκέναι
3156 3358 3295 3429 αὐτῷ
3353 3362 3419 3411 τὰ
3461 3362 3657 3430 γόνατα
3706 3362 3854 3411 κατὰ

2242 3450 2331 3507 τὰς
2376 3447 2657 3519 καμήλους,
2716 3444 2806 3500 διὰ
2863 3451 2919 3500 τό
2990 3446 3073 3501 ἐπὶ
3134 3453 3255 3519 γόνυ
3319 3455 3495 3500 τοῦτον
3551 3444 3855 3510 διαπαντὸς

2242 3537 2591 3608 κάμπτεσθαι·
2635 3537 2768 3588 οὕτω
2819 3539 2918 3609 γὰρ
2977 3538 3099 3609 ἡμῖν
3158 3539 3181 3589 ὁ
3233 3540 3382 3603 Θεὸς,
3431 3540 3700 3609 γενόμενος
3752 3538 3851 3588 οἰν-

2244 3628 2465 3699 θρωπος,
2507 3628 2573 3678 τὰ
2595 3633 2689 3687 τῆς
2718 3625 2879 3696 εὐχῆς
2906 3622 3271 3700 παραδίδωσι.
3306 3628 3400 3678 Διὰ
3429 3631 3603 3698 μέντοι
3635 3622 3853 3677 δικαιο-

2242 3718 2403 3777 σύνης
2441 3714 2725 3788 ὑπερϐολὴν
2774 3711 2982 3776 δίκαιος
3033 3714 3261 3767 ἐκαλεῖτο
3307 3719 3397 3767 καὶ
3437 3716 3510 3786 (e)
3544 3713 3769 3780 Ὀϐλίας,
3819 3718 3851 3768 ὃ

2240 3805 2356 3856 καθ’
2383 3803 2625 3864 Ἕλληνας
2656 3808 2879 3877 περιοχὴ
2923 3800 3175 3863 δηλοῦται
3218 3811 3308 3857 τοῦ
3347 3805 3473 3856 λαοῦ
3502 3808 3589 3855 xui
3625 3799 3849 3855 δικαιο-

2242 3895 2394 3950 σύνη.

2328 3980 2450 4064 Ῑς·
2482 3979 2680 4053 Ὣ-σττερ
2728 3989 2851 4054 γοῦν
2905 3982 2952 4034 οἱ
3001 3990 3267 4056 προφῆται
3302 3987 3547 4057 πρότερον
3605 3976 3844 4039 δεδηλὼο

2238 4090 2386 4137 κασι,
2427 4073 2557 4134 τινὲς
2605 4074 2778 4144 μέντοι
2831 4079 2929 4123 τῶν
2988 4071 3116 4124 ἑπτὰ
3170 4075 3435 4147 αἱρέσεων,
3490 4071 3558 4122 ὧν
3619 4068 3846 4133 Ἀνανος

2316 4428 2388 4496 (9)
2436 4426 2638 4499 Graece
2680 4426 2853 4499 sigiru
2894 4425 3063 4499 Ἀγια,
3098 4425 3274 4499 ἁγίων.
3312 4428 3421 4499 _Ast
3464 4427 3839 4499 Hegesippus

2242 4512 2311 4572 οξ
2364 4513 2485 4572 auo
2518 4498 2936 4572 ista_deducta,
2972 4496 3176 4553 'solum
3228 4496 3441 4572 habet:
3471 4500 3649 4569 Τούτῳ
3683 4496 3838 4572 ’μόνῳ

2242 4566 2356 4639 ἐξῆν
2392 4569 2462 4630 εἰς
2516 4572 2579 4620 τὰ
2625 4568 2752 4639 ἅγια
2800 4568 3031 4624 εἰσιέναι.
3067 4572 3201 4625 Erat
3233 4571 3445 4625 Sancta
3494 4566 3835 4626 sanetdrum

2239 4638 2430 4713 locus,
2452 4641 2513 4695 in
2539 4638 2721 4713 quem
2751 4640 2933 4713 semel
2954 4641 3010 4695 iu
3043 4656 3201 4696 anno
3228 4641 3488 4697 intrabat
3514 4658 3834 4713 supremus

2242 4711 2521 4784 pontifex.
2555 4709 2625 4766 At
2656 4709 2875 4784 Sancta
2907 4712 3096 4778 locus,
3140 4713 3200 4767 in
3230 4727 3432 4784 quem,
3455 4709 3720 4784 quotidie
3748 4715 3838 4769 in-

2239 4781 2475 4839 trabant
2499 4783 2856 4839 sacerdotes.
2900 4781 3387 4840 Etlicetsan’ctus
3413 4781 3674 4841 Jacobus
3713 4801 3836 4842 non

2240 4860 2391 4909 esset
2417 4855 2695 4909 sacerdos
2734 4856 3098 4920 Judaaorum,
3146 4860 3347 4911 tamen
3377 4854 3457 4911 illi
3503 4858 3835 4913 sanctitatis

2241 4924 2595 4980 existimatio
2636 4930 2862 4982 tantam
2917 4927 3256 4982 conciliarat
3291 4928 3725 4994 auctoritatem,
3772 4934 3839 4986 ut

2240 4997 2480 5051 intranti
2506 4997 2566 5051 in
2605 5004 2808 5052 sancta
2834 4998 3032 5053 nullus
3061 5000 3379 5054 resisteret.

2314 5067 2424 5139 (10)
2462 5068 2847 5139 commodius
2877 5069 3120 5125 dixisset
3165 5070 3379 5126 Saddic
3420 5073 3479 5125 et
3508 5070 3730 5139 Oblias,
3773 5076 3840 5129 ut

2242 5137 2454 5218 duplex
2505 5138 2906 5218 interpretatio
2934 5156 3211 5213 sequens,
3261 5140 3487 5214 duplici
3533 5137 3836 5201 Hebraicae

2242 5211 2371 5265 voci
2404 5211 2804 5275 responderet.

2314 5280 2426 5352 (11)
2474 5282 2838 5354 Ilegesippus
2877 5283 3037 5356 apud
3094 5281 3430 5349 Eusebium,
3476 5282 3603 5340 haec
3648 5286 3838 5344 verba

2244 5454 2419 5538 etiam
2452 5456 2665 5584 Ἰοὲλίας
2695 5459 2890 5529 scribi,
2923 5475 3059 5533 quae
3089 5475 3162 5518 ex
3193 5459 3443 5516 Eusebio
3474 5460 3828 5524 censuimus

2244 5542 2515 5584 corrigen
2562 5543 2617 5584 a.

2244 5542 2617 5598 corrigenda.
