4114 6262
318 247 438 312 213

1431 255 1598 314 VITA
1628 257 1690 315 S.
1720 257 1966 333 JACOBI-
1991 257 2310 320 FRATRIS
2340 264 2608 324 DOMINI.

3588 270 3699 349 sit

323 373 566 447 ἐξηγεῖτο
593 373 780 449 (ἱερεὺς
806 371 864 428 δὲ
895 371 956 434 ἦν
1008 379 1124 430 τότε
1168 378 1192 430 6
1241 377 1461 444 Ἀνανος
1491 399 1508 418 ο
1540 384 1696 441 ἡνίκα
1735 384 1921 438 Παῦλοι

2048 402 2181 444 rum
2208 389 2330 446 dux
2359 396 2484 449 erat
2522 398 2762 450 Ananus
2817 395 2955 467 (t2),
3008 394 3166 469 (Erat
3210 395 3411 451 autem
3454 401 3697 453 Ananus

324 462 739 536 ἐπιϐοησάμενος
791 468 1035 538 Καίσαρα
1098 470 1229 542 πρὸς
1283 468 1483 542 Ῥώμην
1537 473 1636 524 ὑπό
1695 481 1786 526 τοῦ
1846 481 1938 526 Πι-

326 561 459 620 στοῦ
493 549 770 625 δεσμώτης
814 551 1074 607 ἐστέλλετο
1125 559 1271 631 παρὰ
1315 560 1550 634 Νέρωνα)
1596 575 1610 590 ⁶
1642 562 1783 614 οὗτοι
1811 569 1936 633 γοῦν

323 645 379 696 οἱ
437 651 535 695 τῶν
588 644 828 693 τοιούτων
910 645 1174 717 αἱρέσεων,
1247 655 1337 708 τῆς
1398 645 1610 710 ἐλπίδος
1685 652 1801 702 καθ’
1875 651 1935 709 ἣν

328 730 516 800 Παύλῳ
578 735 668 788 τὴν
735 729 1011 790 ἐπιϐουλὴν
1070 731 1314 806 ἐξήρτυον
1383 736 1786 810 ἁμαρτάνοντες,
1849 739 1933 792 ἐπὶ

321 818 569 872 Ἰάκωϐον
601 825 894 892 τρέπονται,
937 825 1023 873 τόν
1057 819 1276 895 ἀδελφὸν
1305 833 1398 877 τοῦ
1446 831 1639 902 Κυρίου
1675 846 1687 858 '
1716 837 1933 881 τοιαῦτα

321 910 426 982 γὰρ
480 908 658 970 αὐτοῖς
711 914 802 961 καὶ
853 911 969 962 κατ’
1028 909 1217 964 ἐκείνου
1275 914 1572 987 τετόλμητο.
1635 923 1734 970 Καὶ
1773 923 1929 991 μέσον

320 995 520 1048 ἑαυτῶν
571 995 916 1060 ἀπολαϐόντες
955 1001 1040 1052 τὸν
1094 1005 1319 1072 Δίκαιον,
1369 1005 1588 1076 ἄρνησιν
1627 1014 1721 1068 τῆς
1751 1007 1817 1067 εἰς
1842 1011 1928 1058 τόν

319 1089 554 1157 Χριστὸν
585 1091 811 1149 πίστεως
864 1085 946 1140 ἐπὶ
996 1093 1182 1151 παντὸς
1212 1099 1303 1143 τοῦ
1333 1091 1457 1145 λαοῦ
1505 1093 1775 1156 ἑξεζητουν
1824 1096 1928 1148 αύ-

318 1176 428 1240 τὸν,
486 1179 576 1226 καὶ
631 1177 750 1248 παρ’
795 1177 957 1229 αὑτοῦ
996 1180 1334 1234 ἐπυνθάνοντο
1370 1199 1381 1210 ·
1417 1183 1542 1235 Εἰπὲ
1583 1186 1728 1255 ἡμῖν,
1771 1182 1810 1236 ὦ
1841 1190 1930 1237 Δί-

316 1283 458 1329 καιε,
515 1263 766 1335 λέγοντες,
817 1270 892 1327 τίς
943 1265 1082 1319 ἔστιν
1133 1271 1162 1327 ὴ
1217 1271 1349 1344 θύρα
1394 1279 1486 1324 τοῦ
1517 1273 1716 1330 Ἰησοῦ.
1756 1273 1814 1326 Ὀ
1847 1269 1924 1340 δὲ,

310 1355 667 1426 πιστούμενος
711 1359 802 1412 τὴν
853 1354 1055 1408 ἐκείνων
1095 1363 1287 1429 φωνὴν,
1329 1365 1417 1412 καὶ
1476 1357 1701 1430 δίκαιος,
1754 1364 1925 1438 ὥσπερ

307 1449 445 1512 γοῦν
485 1440 734 1508 ἐκαλεῖτο,
788 1453 1015 1516 φανῆναι
1075 1445 1403 1519 βουλόμενος,
1459 1447 1670 1502 δικαίαν
1699 1456 1785 1502 καὶ
1833 1457 1925 1510 τὴν

309 1535 489 1602 φωνὴν
522 1527 767 1598 δίδωσιν,
805 1533 972 1596 Οὗτός
1003 1533 1162 1602 ἐστιν,
1208 1536 1386 1607 λέγων,
1417 1539 1442 1589 6
1482 1541 1602 1600 Υἱὸς
1650 1546 1740 1590 τοῦ
1792 1549 1925 1593 Θεοῦ

307 1619 528 1681 Ἰησοῦς
562 1621 586 1671 6
617 1625 859 1694 Χριστός.
894 1625 1033 1684 Τινὲς
1084 1620 1289 1694 μὲν-οὖν
1330 1625 1494 1677 αὐτῶν
1537 1634 1644 1688 τοῖς
1688 1629 1787 1680 ύπό
1832 1635 1923 1680 τοῦ

2048 481 2187 532 tunc
2216 481 2494 538 sacerdos
2522 483 2656 555 (13),
2689 484 2936 556 quando
2967 483 3189 539 Paulus
3216 483 3517 556 appellato
3572 485 3698 540 Cea-

2046 581 2197 630 sare,
2227 567 2482 625 Romam
2507 586 2546 626 a
2573 575 2740 628 Festo
2767 572 3023 637 vinctus,
3057 572 3274 628 missus
3303 577 3391 628 est
3421 573 3499 628 ad
3523 573 3698 630 Nero-

2043 657 2207 726 nem)
2239 673 2375 713 cum
2406 664 2606 716 essent
2655 660 2916 717 frustrati
2959 676 3063 733 spe
3113 660 3488 730 insidiarum,
3543 676 3695 734 quas

2044 748 2375 799 struxerant
2417 748 2704 804 adversus
2731 750 3002 816 Paulum,
3033 752 3459 805 convertuntur
3486 754 3695 807 contra

2039 833 2327 888 Iacobum
2359 836 2597 892 fratrem
2630 839 2882 893 Domini.
2918 839 3052 893 Haec
3079 843 3277 893 autem
3304 837 3366 892 in
3406 837 3574 892 illum
3602 837 3694 894 fa-

2039 936 2169 976 cere
2187 922 2314 976 ausi
2335 930 2492 980 sunt.
2515 928 2660 981 Cum
2676 929 2906 982 Iustum
2931 927 3380 998 intercepissent
3403 926 3694 991 medium,

2041 1010 2318 1079 petebant
2343 1013 2421 1068 ab
2450 1029 2517 1068 eo
2547 1015 2926 1085 negationem
2945 1014 3083 1070 ﬁdei
3101 1015 3160 1070 in
3182 1014 3471 1069 Christum
3488 1029 3693 1070 coram

2037 1102 2158 1154 toto
2189 1100 2412 1170 populo
2439 1105 2516 1166 ,et
2540 1117 2611 1157 ex
2633 1102 2762 1174 ipso
2787 1107 2945 1168 sunt,
2983 1102 3262 1158 sciscitati
3292 1103 3424 1157 :Dic
3439 1101 3636 1170 nobis,
3656 1119 3689 1157 ο

2034 1188 2215 1254 Iuste,
2246 1188 2524 1254 dicentes,
2547 1191 2856 1262 quodnam
2884 1196 2973 1246 est
2999 1191 3214 1246 ostium
3243 1191 3378 1245 Iesu
3410 1189 3544 1260 (14).
3593 1189 3691 1246 Ille

2036 1291 2178 1332 vero
2207 1277 2455 1333 verbum
2477 1293 2684 1334 eorum
2715 1280 3097 1346 conﬁrmans,
3147 1281 3203 1334 et
3225 1277 3419 1350 qualis
3450 1277 3692 1334 diceba-

2037 1370 2133 1421 tur
2159 1366 2363 1420 Justus
2392 1367 2596 1422 volens
2618 1367 2816 1428 videri,
2870 1367 3099 1438 justam
3157 1366 3423 1422 similiter
3473 1381 3687 1423 vocem

2037 1454 2248 1518 emisit,
2279 1455 2380 1508 Hic
2401 1462 2504 1521 est,
2537 1456 2834 1527 inquiens,
2859 1456 3036 1511 Filius
3069 1454 3169 1510 Dei
3190 1456 3360 1510 Iesus
3405 1453 3686 1512 Christus.

2033 1545 2223 1614 Atque
2249 1543 2515 1598 nonnulli
2539 1544 2783 1616 quidem
2812 1543 3128 1599 credebant
3159 1543 3228 1598 iis
3255 1559 3392 1615 quae
3411 1542 3686 1599 diceban-

2035 1637 2125 1684 tur
2177 1646 2214 1686 a
2258 1632 2472 1687 Iacobo
2529 1649 2543 1697 ;
2593 1632 2697 1688 alii
2754 1637 2950 1688 autem
3002 1631 3247 1688 minime
3274 1630 3612 1695 credebant,
3632 1634 3689 1688 et

304 1707 576 1762 Ἰακώϐου
608 1708 895 1781 λεγομένοις
919 1714 1248 1774 πιστεύοντες
1279 1710 1412 1771 ἦσαν
1445 1734 1458 1746 ·
1493 1717 1542 1767 οἱ
1574 1707 1921 1775 δὲ’ὴπίστουν

2035 1720 2448 1775 convenienter
2472 1735 2594 1776 non
2619 1723 2794 1776 rectm
2821 1719 3123 1776 traditioni
3150 1724 3205 1775 et
3261 1719 3462 1775 errori.
3514 1718 3690 1786 Quie-

297 1817 366 1850 τε
396 1803 485 1850 καὶ
519 1797 782 1869 ἀντέλεγον
813 1803 945 1852 κατὰ
970 1799 1268 1874 παράδοσιν
1295 1803 1387 1855 οῦκ
1409 1804 1566 1876 ὀρθήν
1593 1805 1683 1857 καί
1705 1805 1920 1864 πλάνην³

296 1889 366 1938 αἱ
429 1889 530 1962 γὰρ
590 1890 816 1960 αἱρέσεις
870 1887 1024 1942 αὗται
1071 1893 1213 1964 παρὰ
1261 1889 1540 1956 Ἰουδαίοις
1577 1897 1666 1964 (ὡς
1705 1897 1771 1947 τὰ
1815 1897 1926 1948 θεῖά

295 1995 446 2048 φασι
501 1977 693 2049 Λόγια)
744 1981 860 2030 οὔτε
915 1977 1200 2032 ἀνάστασιν
1245 1980 1568 2055 ἐπρέσϐευον,
1620 1987 1735 2036 οὔτε
1773 1983 1926 2059 ἐρχό-

285 2084 463 2137 μενον
494 2063 787 2118 ἆποὸοῦναι
825 2068 1034 2139 ἑκάστῳ
1074 2072 1209 2122 κατὰ
1239 2073 1303 2122 τὰ
1357 2073 1482 2144 ἔργα
1535 2072 1715 2127 αὐτοῦ.
1746 2073 1924 2126 Πολλοὶ

283 2159 488 2228 μέντοι
515 2159 601 2206 καὶ
637 2151 730 2206 διὰ
769 2159 856 2206 τὸν
887 2156 1130 2210 Ἰάκωϐον
1176 2167 1249 2229 τῷ
1278 2168 1374 2211 τῶν
1401 2166 1745 2214 πιστευόντων
1775 2171 1923 2238 χορῷ

285 2244 697 2309 συνετάττοντο,
732 2249 822 2296 καὶ
883 2245 1101 2320 θόρυϐος
1151 2248 1309 2310 πολὺς
1357 2253 1477 2310 τοὺς
1523 2252 1786 2323 ἄρχοντας
1811 2250 1925 2323 εἶχε

287 2341 409 2384 τῶν
447 2327 724 2384 Ἰουδαίων
750 2333 839 2385 ἅτε
872 2332 957 2386 διὸ
987 2343 1086 2386 τῶν
1119 2342 1413 2407 Φαρισαίων
1457 2344 1546 2392 καὶ
1573 2345 1920 2414 Γραμματέων

294 2425 644 2495 φασκόντων,
669 2423 747 2474 ὅτι
773 2419 1062 2477 κινδυνεύει
1082 2430 1185 2486 πᾶς
1206 2427 1231 2478 6
1253 2425 1393 2492 λαός,
1419 2428 1625 2486 Ἰησοῦν
1648 2432 1733 2481 τόν
1756 2437 1922 2502 Χρισ-

304 2515 406 2564 τὸν
450 2507 780 2584 προσδοκῶν.

379 2598 493 2653 ΙΖ’.
555 2600 930 2675 Προσελθόντες
986 2611 1263 2675 τοιγαροῦν
1317 2604 1544 2678 Ἰακώϐῳ
1605 2623 1617 2636 ⁸
1676 2614 1918 2682 Παρακα-

291 2690 504 2762 λοῦμεν
544 2709 620 2755 σε,
671 2694 864 2756 Δίκαιε,
900 2691 1040 2763 μάλα
1083 2689 1264 2755 δεινῶς
1314 2693 1503 2765 ἂεγον,
1555 2694 1776 2767 ἐπίσχες
1831 2699 1916 2748 τὸν

290 2780 461 2844 λαόν,
518 2777 718 2853 ἐπείπερ
767 2778 1028 2838 ἐπλανήθη
1085 2781 1156 2842 εἰς
1218 2782 1420 2840 Ἰησοῦν
1477 2785 1546 2844 ὡς
1587 2784 1742 2836 αὐτὸν
1796 2788 1918 2837 ὅντα

287 2870 550 2942 Χριστόν
583 2885 596 2898 ·

289 2964 398 3010 τοῦ
458 2957 662 3026 Πάσχα
706 2961 823 3028 περὶ
870 2963 965 3007 τοῦ
1010 2957 1186 3014 Ἰησοῦ
1221 2957 1646 3028 συνεληλυθότας,
1681 2964 1751 3030 μὴ
1785 2959 1915 3012 πλα-

646 2865 751 2918 ἁλλ’
809 2869 946 2929 ὅπως
998 2873 1187 2940 πείσῃς
1235 2874 1350 2929 τοὺς
1396 2873 1531 2922 κατὰ
1577 2877 1669 2928 την
1721 2874 1915 2944 ἡμέραν

290 3046 515 3098 νᾶσθαι
564 3050 681 3118 περὶ
725 3043 884 3096 αὐτοῦ
919 3063 932 3076 ο
967 3049 1050 3097 σοὶ
1098 3047 1197 3119 γὰρ
1247 3047 1432 3106 πάντες
1479 3049 1760 3117 πειθόμεθα
1789 3065 1800 3076 ·
1828 3053 1916 3100 καὶ¹
1951 3080 1989 3134 C

290 3136 682 3208 μαρτυροῦμέν
722 3152 826 3202 σοι,
880 3134 1030 3204 ἡμεῖς
1079 3153 1130 3185 τε
1178 3139 1268 3186 καὶ
1315 3141 1416 3196 πᾶς
1460 3135 1484 3186 6
1523 3133 1664 3199 λαὸς,
1718 3137 1798 3187 ὅτι
1837 3133 1917 3188 δί-

287 3241 460 3282 καιος
519 3218 582 3288 εἷ,
627 3226 713 3273 καὶ
761 3225 1039 3293 πρόσωπον
1071 3226 1127 3273 ού
1160 3221 1439 3292 λαμϐάνεις
1469 3243 1481 3255 ο
1507 3227 1600 3282 τὴν
1625 3231 1916 3298 μαρτυρίαν

289 3315 528 3373 ταύτην,
566 3313 624 3362 τὸ
658 3307 863 3362 δίκαιον
895 3307 1042 3377 εἶναι,
1071 3315 1160 3363 καὶ
1199 3315 1258 3362 τὸ
1309 3317 1582 3383 πρόσωπον
1612 3318 1683 3383 μὴ
1711 3312 1917 3384 λαμϐά-

289 3422 424 3464 νειν,
489 3402 682 3452 τούτου
721 3402 885 3473 χάριν
932 3398 1103 3471 ἐκείνῳ
1135 3405 1561 3472 προσενέγκοντες
1615 3401 1675 3452 ἶν’
1731 3401 1788 3452 ἐκ
1825 3409 1914 3453 τοῦ

295 3487 530 3544 δικαίου
571 3488 802 3558 κλέψὼσι
831 3489 1020 3561 μᾶλλον
1069 3488 1244 3555 αὐτὸν,
1295 3495 1384 3541 καὶ
1415 3495 1673 3562 πρόσωπα
1715 3489 1913 3543 ἐκείνων

295 3580 481 3633 λαϐεῖν
517 3581 842 3632 ἁναπείσωσι
898 3587 959 3651 τῇ
1012 3579 1256 3651 κολακείᾳ
1306 3576 1675 3653 διαφθαρέντα.
1711 3581 1824 3634 Ἐπὶ
1856 3584 1914 3633 τὸ

298 3671 593 3742 πτερύγιον
618 3664 724 3734 οὖν,
759 3674 936 3740 φησὶν,
972 3666 1164 3730 ἀναϐὰς
1201 3670 1359 3727 στῆθι
1411 3677 1502 3721 τοῦ
1557 3671 1715 3744 ἱεροῦ,
1757 3671 1837 3721 ἱνα
1857 3672 1915 3743 ᾐς

295 3761 568 3831 ἐπιφανὴς
622 3764 693 3826 τῷ
745 3755 870 3826 λαῷ,
903 3762 992 3809 καὶ
1019 3755 1252 3809 ἀκουστά
1292 3776 1386 3809 σου
1430 3757 1496 3810 τὰ
1525 3758 1737 3831 ῥήματα
1764 3763 1916 3830 γένη-

296 3869 389 3901 ται
424 3885 438 3898 .
471 3843 572 3898 διὰ
597 3847 699 3917 γὰρ
727 3849 782 3897 τὸ
812 3848 1011 3918 Πάσχα
1043 3845 1451 3904 συνεληλύθασιν
1483 3849 1538 3898 αἱ
1580 3847 1734 3918 φυλαὶ
1781 3847 1912 3901 ἅπα-

301 3959 397 3991 σαι
442 3937 583 4009 μετὰ
619 3944 716 3988 τῶν
766 3934 964 3990 ἐνθνῶν.
1008 3935 1277 3993 Ἕστησαν
1303 3933 1388 3988 οὖν
1424 3938 1473 3988 οἱ
1503 3956 1556 3989 τε
1588 3943 1915 4010 Γραμματεῖς

298 4033 393 4081 καὶ
426 4029 477 4079 οὶ
506 4033 787 4099 Φαρισαῖοι
817 4029 902 4077 τόν
963 4025 1202 4078 Ἰάκωϐον
1249 4025 1333 4077 ἐπὶ
1383 4029 1442 4077 τό
1494 4029 1767 4101 πτερύγιον
1821 4033 1914 4079 τοῦ

513 4133 527 4145 ·
589 4119 677 4167 καὶ
735 4123 870 4187 φωνῇ
922 4119 1263 4189 γεγωνοτέρᾳ,
1322 4119 1515 4180 Δίκαιε,
1562 4116 1776 4188 ἔφησαν,
1831 4121 1915 4167 σοὶ

1189 4223 1200 4235 ·
1245 4201 1445 4276 ἐπείπερ
1508 4204 1532 4254 6
1575 4203 1697 4265 λαὸς
1747 4203 1916 4255 ὀπίσω

301 4121 447 4191 ἱεροῦ

297 4209 496 4266 πάντες
547 4203 806 4276 ὀφείλομεν
858 4205 1130 4256 πείθεσθαι

296 4297 572 4352 πλανᾶται
601 4301 691 4345 τοῦ
742 4294 942 4358 Ἰησοῦ,
995 4292 1048 4346 ὃν
1095 4293 1280 4353 πάντες
1327 4291 1409 4344 ἐπὶ
1441 4295 1659 4344 Ποντίου
1693 4292 1915 4343 Πιλάτου

2034 1807 2175 1863 dam
2201 1807 2360 1863 enim
2390 1808 2646 1864 htereses
2669 1808 2833 1880 apud
2863 1809 3101 1864 Iudaeos
3131 1809 3219 1878 (ut
3249 1807 3454 1863 divina
3482 1807 3688 1864 dicunt

2035 1897 2304 1968 Eloquia)
2345 1912 2538 1970 neque
2584 1898 2857 1954 tenebant
2912 1896 3430 1962 resurrectionem,
3486 1910 3684 1968 neque

2034 1985 2356 2041 credebant
2380 1990 2561 2042 Deum
2607 1993 2946 2051 venturum,
2976 1989 3039 2042 ut
3067 1983 3342 2040 redderet
3362 1982 3682 2055 unicuique

2033 2077 2361 2130 secundum
2394 2091 2578 2146 opera
2599 2091 2726 2130 sua.
2760 2077 2948 2146 Atque
2976 2073 3145 2129 multi
3176 2072 3422 2145 quidem
3444 2075 3685 2143 propter

2030 2164 2315 2220 Iacobum
2357 2164 2525 2220 relati
2581 2169 2718 2220 sunt
2769 2164 2830 2219 in
2886 2177 3207 2218 numerum
3261 2159 3680 2217 credentium:

2032 2268 2256 2322 magna
2281 2258 2479 2308 autem
2510 2252 2905 2308 murmuratio
2939 2255 3146 2307 exorta
3170 2252 3260 2306 est
3311 2248 3461 2304 inter
3521 2249 3680 2320 prin-

2031 2342 2191 2413 cipes
2219 2342 2582 2408 Iudaeorum,
2614 2345 2818 2414 utpote
2850 2340 3014 2413 quod
3042 2339 3306 2394 dicerent
3330 2336 3609 2394 Pharisaei
3625 2339 3682 2394 et

2031 2431 2250 2486 Scribee
2280 2431 2339 2486 in
2377 2430 2705 2502 periculum
2757 2430 2953 2486 venire
2991 2427 3338 2484 universum
3364 2424 3676 2498 populum,

2028 2524 2472 2589 exspectantem
2497 2520 2699 2574 Iesum
2723 2518 3044 2574 Christum.

2097 2608 2228 2663 XVI.
2263 2610 2407 2664 Cum
2431 2622 2573 2677 ergo
2622 2607 3011 2662 accessissent
3059 2604 3140 2662 ad
3176 2602 3470 2660 Iacobum
3531 2619 3545 2659 :
3595 2602 3676 2659 Te

2025 2695 2200 2752 valde
2215 2711 2526 2766 rogamus,
2545 2711 2580 2751 ο
2601 2697 2783 2760 Iuste,
2810 2694 3108 2759 dicebant,
3132 2691 3345 2748 cohibe
3359 2690 3673 2763 populum:

2024 2786 2086 2840 in
2114 2801 2371 2840 errorem
2400 2785 2558 2840 enim
2586 2785 2862 2840 inductus
2903 2787 2992 2838 est
3045 2782 3121 2838 de
3172 2781 3335 2846 Iesu,
3361 2780 3526 2852 quod
3548 2780 3675 2852 ipse

2026 2874 2099 2927 sit
2128 2873 2391 2928 Christus
2417 2893 2429 2932 :
2465 2877 2520 2927 et
2549 2873 2660 2938 fac,
2691 2877 2753 2929 ut
2798 2873 2869 2928 iis
2923 2871 3029 2943 qui
3059 2870 3154 2925 die
3194 2869 3438 2924 Paschae
3465 2883 3677 2924 conve-

2027 2960 2235 3026 nerint,
2265 2962 2339 3016 de
2361 2964 2496 3016 .Iesu
2518 2961 2896 3033 persuadeas,
2937 2975 3011 3016 ne
3054 2958 3129 3014 de
3184 2958 3316 3030 ipso
3369 2956 3672 3012 fallantur.

2024 3047 2144 3103 Tibi
2175 3050 2330 3104 enim
2357 3065 2462 3104 nos
2513 3049 2812 3105 credimus
2859 3053 2915 3105 et
2972 3046 3076 3104 tibi
3120 3045 3364 3102 ferimus
3411 3044 3676 3100 testimo-

2025 3135 2214 3202 nium,
2242 3145 2298 3193 et
2323 3138 2627 3193 universus
2663 3137 2943 3209 populus,
2996 3135 3163 3208 quod
3217 3134 3296 3189 sis
3345 3135 3568 3204 justus,
3618 3134 3675 3190 et

2025 3240 2345 3296 personam
2380 3241 2499 3281 non
2531 3226 2786 3297 accipias
2817 3242 2830 3280 :
2863 3225 2978 3280 hoc
3008 3228 3210 3294 autem
3240 3221 3670 3288 testimonium,

2024 3314 2183 3385 quod
2211 3318 2363 3369 esset
2372 3314 2660 3385 justus,et
2688 3327 3004 3383 personam
3045 3326 3168 3366 non
3195 3311 3510 3381 acciperet,
3537 3307 3673 3364 ideo

2023 3402 2108 3458 illi
2142 3402 2501 3467 tribuebant,
2535 3406 2687 3457 utex
2706 3401 2819 3456 hoc
2847 3399 2994 3456 Iusti
3024 3399 3267 3454 nomine
3293 3413 3432 3452 eum
3474 3397 3554 3453 ad
3611 3412 3674 3452 se

2025 3491 2344 3558 allicerent,
2384 3495 2442 3546 et
2496 3490 2934 3563 persuaderent,
2978 3491 3044 3544 ut
3079 3486 3318 3543 illorum
3379 3500 3672 3557 personas

2024 3583 2334 3652 acciperet,
2373 3585 2686 3650 corruptus
2713 3577 3131 3634 assentatione.
3175 3575 3478 3630 Asendens
3508 3589 3670 3644 ergo,

2023 3668 2321 3741 inquiunt,
2349 3674 2437 3724 sta
2461 3683 2646 3739 supra
2669 3665 2873 3738 templi
2892 3664 3298 3736 pinnaculum,
3325 3667 3388 3718 ut
3411 3661 3673 3719 cernaris

2023 3775 2059 3814 a
2091 3762 2211 3814 toto
2233 3757 2476 3830 populo,
2501 3756 2748 3812 etverba
2769 3762 2869 3811 tua
2884 3753 3205 3810 audiantur
3229 3768 3242 3808 ;
3264 3767 3407 3808 nam
3432 3753 3673 3823 propter

2022 3848 2252 3904 Pascha
2307 3849 2714 3902 convenerunt
2776 3858 2987 3899 omnes
3034 3841 3223 3898 tribus
3285 3857 3423 3896 cum
3487 3837 3670 3909 genti-

2021 3937 2134 3992 bus
2165 3935 2302 4006 (t5).
2333 3937 2673 3992 Statuerunt
2700 3948 2840 4003 ergo
2890 3930 3109 3987 Scribaa
3140 3933 3196 3986 et
3247 3927 3527 3985 Pharisaei
3578 3929 3672 3982 Ja-

2021 4026 2238 4082 cobum
2256 4040 2439 4096 supra
2464 4023 2664 4094 templi
2689 4021 3098 4094 pinnaculum,
3123 4022 3180 4075 et
3197 4017 3318 4076 alta
3334 4033 3472 4073 voce
3513 4015 3670 4071 dixe-

2023 4119 2162 4168 runt
2202 4129 2214 4166 :
2249 4114 2432 4178 Iuste,
2468 4111 2760 4166 debemus
2791 4124 3003 4164 omnes
3045 4107 3148 4162 tibi
3203 4105 3465 4161 credere.
3515 4105 3673 4169 Quo-

2024 4202 2189 4256 niam
2221 4201 2394 4268 igitur
2411 4199 2671 4270 populus
2687 4202 2842 4253 errat
2857 4199 2991 4265 post
3008 4197 3037 4249 J
3044 4211 3235 4261 esum,
3262 4209 3441 4266 quem
3458 4207 3672 4249 omnes

2027 4289 2250 4344 scimus
2272 4303 2519 4359 passum
2560 4301 2688 4342 esse
2731 4289 2986 4341 mortem
3029 4283 3141 4339 sub
3201 4282 3401 4338 Pontio
3460 4281 3669 4347 Pilato,

300 4388 538 4460 σταυρὸν
569 4383 1001 4455 ὑπομεμενηκότα
1039 4385 1360 4452 γινώσκομεν
1405 4395 1416 4434 :
1452 4378 1762 4451 ἀπάγγειλον
1794 4381 1917 4452 ἡμῖν

2035 4377 2195 4434 nobis
2223 4375 2488 4442 enuntia,
2521 4374 2666 4447 quid
2696 4373 2798 4430 tibi
2817 4373 3091 4431 videatur
3119 4371 3193 4428 de
3217 4373 3377 4427 Iesu.

295 4482 377 4538 τίς
409 4477 440 4534 ἠ
480 4475 621 4546 θύρα
641 4479 734 4524 τοῦ
758 4470 957 4527 Ἰησοῦ.

373 4562 493 4620 ΙΗ’.
549 4562 695 4613 Ἐπεὶ
740 4555 827 4612 οὖν
860 4559 886 4611 6
916 4559 1097 4632 καιρός
1149 4555 1316 4610 ἓκάλει
1352 4559 1438 4609 τὸν
1481 4554 1699 4630 ἀριστέα
1730 4565 1916 4616 στῆναι

299 4744 683 4802 connectens
713 4737 957 4810 periodo
973 4735 1178 4810 priori,
1217 4735 1291 4810 de
1324 4734 1670 4810 honoriﬁcis
1699 4751 1917 4806 cogno-

301 4816 525 4873 mentis
564 4808 792 4866 Iacobo
819 4825 922 4880 per
951 4808 1188 4881 Iudaees
1219 4808 1470 4881 additis,
1493 4808 1590 4871 ait,
1622 4811 1688 4881 ᾡς
1719 4810 1767 4860 οἱ
1792 4827 1915 4881 προ·

303 4896 470 4962 φῆται
503 4881 734 4942 δηλοῦσι
763 4879 1070 4962 πΔερὶριύτοῦ
1102 4881 1262 4962 sicut
1289 4879 1598 4948 propheta?
1733 4879 1913 4962 che-

305 4950 551 5016 claram
588 4971 604 5008 :
638 4968 747 5007 nec
789 4950 957 5006 facile
988 4955 1080 5006 est
1109 4951 1408 5021 explicare
1438 4966 1590 5021 quOs
1622 4950 1749 5005 istic
1780 4952 1916 5006 Pro-

349 5033 525 5087 hetas
559 5025 854 5094 signiticet
885 5040 897 5078 :
932 5024 1200 5094 suspicor
1229 5021 1526 5094 applicata
1551 5021 1615 5094 ei
1633 5022 1913 5093 quaedam

350 5049 525 5087 uetas
559 5049 854 5094 Signinum.
885 5049 897 5078 ;
932 5049 1200 5092 BllSPlUUI‘
1229 5049 1526 5093 αμμιιυιιια
1551 5049 1602 5074 c1
1633 5049 1913 5093 quiwuaiu

303 5049 463 5165 Foca,
498 5114 635 5171 quae
663 5095 812 5151 alias
847 5094 920 5148 de
940 5093 1154 5171 .ltlessia
1178 5093 1561 5171 subnomine
1583 5093 1738 5171 Just‘i
1759 5098 1914 5171 inve.

306 5164 558 5230 niuntur
597 5191 609 5222 :
655 5173 719 5222 ut
758 5182 893 5221 cum
920 5164 1130 5219 dicitur
1174 5164 1486 5234 Sapientiae
1518 5179 1554 5218 ιι
1590 5180 1602 5218 :
1637 5183 1665 5214 «
1701 5164 1911 5236 oppri.

309 5260 553 5301 mamus
581 5245 639 5296 et
658 5236 1202 5293 circumveniamus
1226 5236 1484 5290 Iustum.
1519 5255 1545 5284 »

383 5316 502 5387 (t2)
533 5309 858 5387 Iosephus,
901 5307 1147 5387 libgfu,
1173 5321 1306 5387 cap.
1328 5309 1392 5387 β,
1415 5305 1593 5387 trium
1624 5304 1914 5387 duntaggat

312 5375 622 5444 haereseon
670 5375 962 5443 meminit,
1013 5375 1289 5441 Pharisaé,
1326 5375 1663 5443 Sadduceaa,
1707 5382 1762 5431 et
1815 5380 1910 5431 Es-

316 5474 474 5512 sena:
504 5474 516 5510 :
552 5461 613 5510 at
643 5459 872 5522 septem
922 5466 955 5503 a
985 5465 1046 5502 se
1078 5449 1244 5522 prius
1275 5447 1696 5522 descriptas__in
1748 5448 1914 5504 Com-

318 5527 624 5584 mentariis
655 5518 752 5581 hic
798 5522 879 5577 ait
928 5518 1316 5591 Hegesippus,
1358 5519 1451 5574 cui
1492 5518 1811 5591 credimus,
1859 5524 1914 5576 et

314 5601 644 5674 Iosephum
672 5596 877 5656 locum
905 5597 1021 5651 tres
1047 5589 1381 5666 praecipuas
1410 5589 1778 5650 nominasse.

2095 4556 2290 4612 XVIII.
2323 4557 2470 4612 Cum
2496 4567 2638 4624 ergo
2660 4555 2894 4625 tempus
2942 4553 3204 4618 vocaret,
3260 4551 3325 4606 ut
3366 4546 3457 4606 vir
3501 4545 3671 4604 fortis

2096 4734 2204 4806 (l2)
2238 4733 2341 4806 Hic
2381 4733 2660 4788 Actorum
2693 4745 2825 4806 15x11!
2855 4731 2911 4785 et
2929 4728 3208 4800 deinceps
3237 4729 3486 4784 vocatur
3513 4727 3672 4782 Ana-

2025 4802 2194 4869 nias,
2211 4804 2488 4876 princeps
2520 4802 2916 4876 sacerdotum.

2096 4865 2173 4946 (4)
2209 4865 2455 4955 :Ostium
2505 4874 2648 4955 poni
2683 4873 3092 4955 nvideturhpro
3137 4869 3449 4955 exitu‘seu
3500 4865 3661 4955 ﬁnes

2023 4937 2410 5004 intendebant
2435 4937 2614 5009 enim,
2641 4950 2700 4998 ut
2717 4937 3490 5014 simpliciterrespondendo
3503 4938 3668 5008 quod

2023 5021 2263 5075 obiisset
2282 5019 2339 5072 in
2367 5032 2538 5072 cruce
2559 5011 2857 5070 videretur
2877 5014 3006 5081 ejus
3043 5011 3412 5066 divinitatem
3427 5024 3662 5081 negare.

2096 5095 2207 5157 (15)
2241 5092 2366 5144 Non
2393 5089 2583 5142 solum
2615 5080 3113 5157 quarumcunque
3139 5081 3400 5157 tribuum
3440 5080 3669 5137 Israeli-

2024 5152 2126 5227 tas,
2158 5152 2259 5216 sed
2281 5159 2457 5215 etiam
2483 5152 2729 5228 gentiles
2752 5156 2828 5212 ad
2846 5152 3665 5228 diem—festumundequaque

2024 5223 2224 5288 solitos
2253 5223 2721 5299 Hierosolymam
2754 5225 3099 5299 ascendere,
3135 5223 3332 5280 notius
3366 5239 3438 5299 ei:
3477 5225 3668 5299 Evan-

2023 5304 2177 5372 gelio
2213 5306 2320 5368 est,
2349 5292 2534 5372 quam
2563 5303 2625 5354 ut
2647 5296 3255 5372 contra_Scaligeru_m
3287 5292 3666 5372 probari.de-

2021 5362 2160 5430 Beat
2187 5393 2200 5432 :
2236 5362 2402 5444 cujus
2434 5373 2610 5444 etiam
2642 5368 2920 5444 scrupulo
2948 5368 3021 5444 de
3047 5362 3324 5444 gentibus
3359 5362 3663 5444 templum

2023 5462 2144 5501 non
2182 5435 2646 5513 ingredientibus
2678 5435 2845 5496 facile
2865 5437 3330 5515 ‘satisfacitipse
3359 5435 3664 5515 locus,‘_i.n

2023 5534 2156 5572 eam
2187 5504 2418 5586 pavrtem
2451 5519 2836 5586 prospectum
2865 5511 3200 5586 habens,ad
3227 5504 3414 5583 quam
3435 5504 3666 5578 gentili-

2020 5589 2136 5646 bus
2157 5583 2398 5664 quoque
2427 5583 2517 5646 fas
2546 5583 2719 5645 fuerit
2745 5583 3048 5646 accedere.
