4114 6262
426 242 535 321 είς

1835 226 2095 304 MENSIS
2118 241 2357 302 unus.
2436 265 2447 274 -

3690 238 3800 295 216

430 389 729 447 resisteret
744 384 1074 449 mendacio,
1092 398 1217 440 non
1233 384 1319 439 est
1348 380 1677 441 cunctatus,
1702 388 1898 447 neque
1916 375 2079 428 metu

2202 373 2321 423 ιατὰ
2376 376 2468 422 τοῦ
2515 364 2764 439 ψεύδους.
2817 367 2876 420 ού
2933 367 3124 439 μέλλων
3191 365 3251 428 ἦν
3302 364 3426 421 οῦδὲ
3473 362 3651 439 δειλίᾳ
3698 370 3798 423 τήν

432 478 697 551 prodidit
726 476 1034 531 veritatem
1064 492 1076 529 :
1108 472 1211 527 sed
1232 477 1287 526 et
1307 470 1509 526 animo
1540 471 1594 521 et
1623 466 1830 534 lingua
1856 461 2079 551 liberri:

437 547 592 632 inus,
621 573 674 621 et
705 580 988 635 magnam
1017 561 1274 633 protinus
1295 574 1499 613 vocem
1532 555 1840 610 emittens:
1874 573 1901 601 «
1927 547 2079 614 Quid

435 672 525 709 me
550 655 792 723 rogatis,
819 652 1029 722 inquit,
1059 650 1131 704 de
1157 649 1290 703 Jesu
1310 649 1337 702 ?
1365 648 1498 718 Ipse
1526 643 1691 698 sedet
1722 642 1781 696 in
1812 639 1958 694 caelo
2002 636 2078 692 ad

436 745 742 799 dexteram
776 740 1000 795 virtutis
1040 739 1226 793 Patris
1269 736 1378 798 sui,
1414 738 1692 788 venturus
1730 728 1977 801 posthac
2018 724 2079 778 in

436 832 696 887 nubibus
724 828 871 893 caeli,
902 826 1210 897 utjudicet
1235 825 1441 880 orbem
1467 827 1633 877 terras
1680 820 1739 873 in
1768 815 2016 888 justitia.
2051 834 2078 863 ››

435 925 586 978 Cum
614 919 782 973 multi
804 921 1001 973 autem
1033 915 1287 970 fuissent
1316 910 1583 984 persuasi
1607 910 1684 964 ab
1713 908 1822 962 hoc
1873 901 2080 959 Jacobi

437 1007 798 1070 testimonio,
855 1005 1299 1073 clamarentque
1350 1004 1405 1056 et
1458 998 1739 1064 dicerent,
1802 994 2082 1050 Hosanna

438 1097 580 1154 Filio
612 1095 831 1150 David:
870 1091 1103 1147 Scribas
1147 1095 1202 1144 et
1253 1088 1581 1143 Pharisaaos
1638 1083 1819 1140 subiit
1861 1097 2082 1151 magna

438 1186 587 1255 ejus,
611 1182 770 1253 quod
794 1181 1020 1236 factum
1046 1179 1254 1242 fuerat,
1288 1174 1655 1247 poenitentia,
1714 1176 1771 1227 et
1824 1172 1972 1226 inter
2020 1185 2081 1224 se

438 1271 722 1328 dicebant
753 1267 930 1324 :Male
961 1266 1228 1329 fecimus,
1258 1265 1360 1335 qui
1382 1263 1491 1318 tale
1515 1260 1915 1317 testimonium
1950 1260 2082 1313 Jesu

438 1358 894 1432 prmbuerimus.
917 1355 1187 1424 Agedum
1204 1368 1344 1421 ergo
1364 1352 1647 1407 Jacobum
1710 1348 2078 1419 dejiciamus,

440 1453 505 1504 ut
530 1445 789 1518 populus
821 1448 980 1499 metu
1005 1442 1334 1497 retardatus
1367 1456 1486 1496 non
1508 1438 1707 1494 credat
1732 1437 1891 1492 Jesu.
1934 1435 2080 1490 Cum

443 1538 527 1591 sic
546 1535 852 1597 dixissent,
869 1547 1087 1602 magna
1107 1546 1248 1586 voce
1269 1529 1638 1585 clamarunt:
1670 1525 1713 1581 Ο
1738 1525 1750 1580 ι
1784 1542 1818 1580 o
1845 1530 1855 1575 !
1881 1526 2083 1579 Justus

443 1638 683 1701 quoque
711 1622 943 1677 erravit.

518 1891 649 1945 XIX.
676 1890 822 1944 Cum
852 1900 990 1954 ergo
1029 1881 1439 1940 ascendissent
1464 1880 1526 1934 in
1551 1876 1755 1949 templi
1802 1875 2091 1947 pinnacu-

445 1978 589 2043 lum,
623 1992 760 2032 eum
783 1974 985 2030 statim
1014 1970 1319 2043 dejiciunt.
1348 1970 1414 2024 Et
1450 1984 1524 2023 ne
1552 1968 1634 2022 sic
1688 1965 1935 2036 quidem
1991 1963 2087 2019 de-

448 2067 719 2121 sistentes
745 2064 823 2118 ab
855 2061 1109 2126 insania,
1150 2058 1426 2114 dicebant
1453 2073 1465 2111 :
1492 2059 1517 2112 J
1527 2060 1728 2111 ustum
1759 2053 2090 2110 obruamus

445 2152 765 2225 lapidibus.
800 2154 866 2205 Et
904 2151 1213 2219 coeperunt
1240 2147 1300 2201 in
1357 2161 1497 2201 eum
1539 2142 1793 2216 jaculari
1836 2141 2086 2213 lapides,

448 2242 735 2314 quoniam
762 2240 1023 2309 dejectus
1040 2252 1161 2292 non
1175 2239 1299 2291 erat
1321 2238 1613 2290 mortuus.
1639 2230 1750 2289 Sed
1769 2245 2091 2287 conversus

450 2331 517 2398 (Ο
549 2333 818 2385 sanctam
845 2327 1109 2382 animam
1134 2325 1145 2380 t
1175 2324 1326 2395 )ﬁgit
1375 2322 1539 2376 humi
1593 2336 1789 2392 genua
1835 2320 2040 2375 dicens
2074 2336 2087 2374 :

452 2418 701 2476 Domine
730 2417 888 2472 Deus
933 2416 1121 2481 Pater,
1173 2413 1393 2468 dimitte
1455 2411 1559 2475 eis,
1618 2409 1887 2465 nesciunt
1935 2407 2091 2462 enim

452 2507 595 2580 quid
628 2505 850 2561 faciunt
882 2520 896 2571 ;
927 2503 1201 2559 eamdem
1223 2516 1452 2565 vocem,
1497 2514 1681 2571 quam
1731 2496 2091 2566 Stephanus,

452 2596 688 2651 divinus
717 2608 958 2665 quoque
984 2592 1256 2647 emittens
1284 2588 1563 2645 Jacobus.
1615 2586 1764 2641 Cum
1822 2586 1903 2639 sic
1956 2599 2097 2653 ergo

454 2699 592 2741 eum
618 2684 965 2753 appeterent
988 2678 1308 2750 lapidibus,
1337 2692 1493 2732 unus
1541 2692 1611 2730 ex
1669 2672 2093 2736 sacerdotibus,

454 2775 557 2844 qui
587 2774 754 2826 erant
774 2768 877 2823 ﬁlii
904 2768 1179 2832 Recham,
1216 2765 1319 2820 tilii
1359 2763 1698 2830 Rechabim,
1754 2762 1827 2817 de
1878 2761 2100 2832 quibus

455 2861 567 2915 fert
595 2858 997 2915 testimonium
1014 2856 1295 2912 Jeremias
1322 2854 1432 2925 (16)
1462 2852 1767 2923 propheta,
1801 2850 2099 2916 clamavit,

455 2949 659 3005 dicens
693 2964 706 3003 :
740 2948 976 3003 Cessate
1004 2962 1016 3001 :
1041 2944 1186 3016 quid
1213 2942 1455 2999 facitis?
1502 2942 1705 2996 Justus
1762 2956 1872 3012 pro
1930 2938 2102 2995 nobis

2118 1720 2162 1775 Β
2198 1707 2416 1767 εἰπόντες
2442 1711 2575 1778 μέγα
2617 1726 2665 1758 τι
2717 1704 3038 1779 βεϐοήκασιν

2187 459 2426 517 ἀλήθειαν
2482 454 2794 530 προδιδοὺς,
2850 456 2979 509 ἀλλά
3028 463 3117 509 καὶ
3172 458 3359 530 ψυχήν
3412 462 3503 509 καὶ
3554 457 3796 527 γλῶτταν

2187 547 2606 620 ἐλευθερῶτατος,
2653 552 2742 599 καὶ
2797 547 3026 618 μεγάλην
3057 547 3205 608 εὐθὺς
3252 549 3395 619 ἀφεὶς
3445 552 3540 606 τήν
3572 551 3751 618 φωνήν
3781 562 3798 578 ⁸

2189 658 2216 688 ‹‹
2248 642 2309 689 Τί
2358 657 2419 710 με
2463 636 2683 709 ἐρωτᾶτε
2729 641 2847 708 περὶ
2889 644 2981 688 τοῦ
3014 637 3196 694 Ἰησοῦ
3240 655 3252 705 ;
3294 636 3474 707 λέγων,
3510 642 3602 689 καὶ
3634 636 3805 693 αὐτὸς

2187 729 2411 784 κάθηται
2464 725 2511 777 ἐν
2560 734 2631 796 τῷ
2687 726 2887 798 οῦρανῷ
2941 724 2988 776 ἐν
3031 722 3180 792 δεξιᾷ
3230 733 3324 789 τῆς
3377 723 3650 798 δυνάμεως
3698 732 3805 776 τοῦ

2190 819 2389 890 Πατρός
2420 816 2601 880 αὐτοῦ,
2648 815 2928 887 ἐρχόμενος
2979 818 3108 887 μετά
3160 824 3325 868 ταῦτα
3377 818 3460 868 ἐπὶ
3506 824 3609 867 τῶν
3654 832 3808 886 νεφε-

2188 904 2287 957 λῶν
2337 913 2425 957 τοῦ
2480 905 2698 978 ούρανοῦ
2747 914 2920 979 κρῖναι
2974 910 3068 964 τήν
3122 905 3423 978 οἰκουμένην
3480 905 3529 957 ἐν
3588 901 3812 958 δικαιο-

2192 996 2342 1066 σύνη.
2391 1016 2411 1043 ι
2449 998 2549 1046 Καὶ
2574 993 2770 1045 πολλῶν
2801 994 3291 1069 πληροφορηθέντων
3338 993 3420 1046 ἐπὶ
3468 1002 3528 1067 τῇ
3591 1013 3811 1068 μαρτυ-

2189 1087 2279 1157 ρίᾳ
2308 1086 2468 1156 ταύτῃ
2502 1090 2593 1135 τοῦ
2624 1083 2895 1145 Ἰακώϐου,
2929 1084 3226 1156 κραζόντων
3258 1103 3311 1136 τε
3353 1088 3443 1135 καὶ
3488 1083 3750 1153 λεγόντων
3790 1100 3808 1116 ⁸

2188 1172 2412 1224 Ὠσαννᾶ
2448 1180 2520 1243 τῷ
2570 1177 2673 1243 Υίῴ
2716 1170 2901 1237 Δαϐὶδ,
2949 1172 3109 1230 πολλή
3155 1176 3277 1234 τοὺς
3314 1178 3647 1245 Γραμματεῖς
3688 1175 3817 1224 τότε

2189 1267 2279 1313 καὶ
2332 1266 2654 1333 Φαρισαίους
2707 1261 2871 1333 εἰσῄει
2931 1263 3177 1332 μετάνοια
3233 1268 3325 1313 τοῦ
3382 1262 3722 1335 πραχθέντος
3795 1276 3811 1290 ’

2189 1355 2276 1402 καὶ
2353 1353 2479 1424 πρὸς
2558 1348 2823 1416 ἀλλήλους,
2910 1356 3092 1411 Κακῶς
3172 1348 3513 1421 ἐποίησαμεν,
3601 1350 3810 1419 ἔλεγον,

2194 1443 2443 1497 σοιαύτην
2491 1444 2782 1511 μαρτυρίαν
2832 1443 3200 1511 παρασχόντες
3238 1448 3308 1510 τῷ
3354 1440 3529 1497 Ἰησοῦ
3583 1455 3595 1467 ·
3651 1436 3817 1491 δεῦτε

2191 1535 2489 1602 τοιγαροῦν,
2521 1526 2890 1599 καταλάϐωμεν
2934 1531 3020 1579 τὸν
3051 1527 3318 1592 Ἰάκωϐον,
3361 1527 3423 1579 ἵν’
3455 1529 3480 1579 ὁ
3510 1526 3631 1588 λαός
3661 1527 3813 1579 οὕτω

2195 1616 2333 1689 φόϐῳ
2372 1620 2763 1690 περισχεθέντες
2795 1621 2866 1688 μή
2901 1620 3230 1670 πιστεύσωσι
3261 1625 3333 1687 τῷ
3379 1617 3578 1675 Ἰησοῦ.
3613 1617 3815 1678 Οῦτως

3087 1724 3099 1736 ·
3130 1705 3200 1759 Ὠ
3231 1706 3243 1760 ι
3272 1711 3311 1758 ὤ
3346 1706 3357 1761 !
3400 1711 3489 1759 καὶ
3518 1707 3542 1757 ὁ
3583 1711 3816 1767 Δίκαιος

2198 1795 2457 1854 ἐπλανήθη
2473 1836 2486 1850 .

2270 1884 2374 1938 ῙΘ’.
2425 1884 2731 1946 Ἀναϐάντες
2778 1881 2865 1937 οὖν
2914 1883 2997 1937 ἐπὶ
3047 1888 3102 1937 τὸ
3140 1887 3413 1960 πτερύγιον
3444 1885 3593 1946 εὐθὺς
3641 1905 3813 1938 κατα-

2199 1973 2447 2026 ϐάλλουσι
2480 1991 2491 2003 ·
2534 1978 2623 2026 καὶ
2670 1971 2809 2045 μηδὲ
2852 1974 2986 2026 οὕτω
3026 1982 3118 2036 τῆς
3172 1978 3360 2046 μανίας
3410 1975 3643 2038 στάντες,
3698 1975 3812 2027 ἔλε-

2198 2085 2288 2136 γον
2324 2080 2337 2094 ⁸
2382 2065 2687 2136 Λιθάσωμεν
2740 2067 2824 2115 τὸν
2875 2068 3103 2118 Δίκαιον.
3158 2068 3260 2116 Καὶ
3298 2063 3520 2137 ἤρξαντο
3563 2063 3807 2125 λιθάζειν

2200 2153 2375 2223 αὐτὸν,
2444 2151 2646 2227 ἐπείπερ
2720 2151 3061 2214 καταϐληθεὶς
3144 2152 3239 2204 οῦκ
3316 2151 3583 2217 ἀπέθανεν,
3670 2152 3816 2206 ἀλλὰ

2206 2246 2466 2314 στραφεὶς,
2500 2243 2538 2293 ὦ
2577 2241 2763 2313 ψυχῆς
2791 2242 2941 2312 ἁγίας
2970 2240 2982 2295 i
3016 2243 3199 2299 τίθησι
3242 2244 3305 2294 τὰ
3341 2246 3555 2313 γόνατα,
3588 2242 3756 2314 λέγων
3793 2258 3810 2274 ·

2206 2332 2360 2401 Κύριε
2409 2333 2503 2383 Θεε
2563 2332 2745 2404 Πάτερ,
2804 2330 2926 2401 ἄφες
2975 2330 3172 2394 αὐτοῖς,
3228 2330 3286 2382 οῦ
3355 2333 3454 2404 γὰρ
3509 2326 3692 2382 οἴδασι
3755 2336 3812 2383 τί

2203 2426 2416 2470 ποιοῦσι
2444 2437 2455 2450 ·
2494 2422 2585 2475 τήν
2617 2418 2777 2475 αὐτὴν
2824 2426 2894 2489 τῷ
2946 2420 3177 2490 Στεφάνῳ
3223 2423 3386 2491 φωνήν
3444 2418 3582 2491 ἀφεὶς
3635 2425 3727 2472 καὶ
3781 2420 3809 2471 ό

2209 2508 2337 2566 θεῖος
2368 2506 2624 2567 Ἰάκωϐος.
2679 2508 2858 2568 Οὕτως
2910 2504 2996 2559 οὖν
3053 2507 3450 2561 λιθοϐολούντων
3503 2508 3683 2573 αὐτὸν,
3738 2507 3813 2571 εἷς

2207 2603 2306 2647 τῶν
2357 2598 2543 2668 ἱερέων,
2592 2603 2689 2647 τῶν
2736 2598 2859 2647 υἱῶν
2896 2596 3145 2668 Ῥηχαυὶ,
3196 2599 3312 2649 υἱοῦ
3367 2596 3659 2669 Ῥαχαϐήν,
3706 2608 3809 2649 τῶν

2208 2686 2308 2736 ύπὸ
2354 2684 2599 2758 Ἰερεμίου
2654 2692 2743 2736 τοῦ
2795 2691 3062 2757 προφήτου
3107 2691 3563 2759 μαρτυρουμένων,
3628 2688 3807 2761 ἓκραξε

2208 2772 2363 2845 λέγων
2404 2788 2417 2802 ·
2454 2776 2758 2840 Παύσασθε,
2808 2778 2860 2827 τί
2909 2777 3186 2841 ποιεῖσθε;
3222 2778 3436 2846 εὔχεται
3486 2777 3613 2849 ὑπὲρ
3665 2778 3796 2847 ἡμῶν

2211 2864 2235 2914 ό
2268 2867 2493 2925 Δίκαιος.
2530 2867 2630 2916 Καί
2654 2882 2731 2924 τις
2760 2863 2947 2929 αὐτῶν,
2997 2863 3097 2916 ἀπὸ
3136 2872 3235 2916 τῶν
3280 2869 3505 2937 κναφέων
3555 2869 3613 2917 τὸ
3664 2865 3805 2928 ξύλον

2210 2952 2397 3021 λαϐὼν,
2430 2952 2478 3004 ἐν
2608 2952 2894 3013 ἀπεπίαζον
2943 2956 3007 3005 τὰ
3054 2956 3256 3025 ἱμάτια,
3303 2953 3484 3025 ἐπάγει
3531 2954 3645 3006 λίαν
3676 2958 3812 3007 κατὰ

457 3042 750 3110 precatur.
775 3035 1026 3103 Quidam
1076 3039 1275 3089 autem
1322 3048 1394 3087 ex
1437 3032 1542 3096 eis,
1585 3035 1823 3101 accepto
1847 3029 1999 3085 fuste
2030 3044 2091 3084 ex

2210 3049 2303 3103 τῆς
2343 3041 2567 3114 κεφαλῆς
2606 3042 2766 3094 αὐτοῦ
2796 3062 2807 3075 ⁸
2842 3046 2931 3094 καὶ
2976 3043 3134 3104 οὕτως
3178 3044 3432 3102 όΔίκαιος
3461 3040 3812 3115 παραδίδωσι

457 3124 696 3183 ofﬁcina
724 3123 981 3186 fullonis,
1006 3138 1127 3195 quo
1174 3119 1608 3192 comprimebat
1655 3124 1862 3185 vestes,
1913 3118 2103 3174 valide

458 3214 670 3283 inﬂigit
690 3213 817 3283 ejus
846 3211 1024 3283 capiti
1057 3226 1071 3267 :
1104 3214 1161 3266 et
1187 3212 1268 3266 sic
1292 3212 1493 3266 Justus
1524 3208 1763 3265 tradidit
1813 3209 2094 3264 animam.

459 3304 646 3369 Quem
675 3304 1026 3374 acceperunt
1081 3305 1135 3357 et
1182 3299 1537 3373 sepelierunt
1581 3313 1758 3370 prope
1810 3297 2102 3368 templum

458 3393 578 3447 Dei.

526 3483 630 3544 XX,
663 3479 1010 3550 Quicunque
1031 3481 1236 3534 autem
1280 3480 1466 3540 erant,
1512 3476 1575 3531 in
1622 3472 1848 3531 civitate
1899 3472 2103 3529 mode-

454 3568 564 3625 rati
595 3572 652 3624 et
670 3567 862 3639 probi,
890 3573 943 3623 et
971 3565 1498 3636 videbanturleges
1526 3568 1799 3621 accurate
1843 3578 2099 3633 servare,

456 3657 561 3711 hoc
587 3655 1124 3724 tuleruntgraviter,
1158 3661 1213 3709 et
1243 3654 1397 3709 clam
1422 3654 1661 3709 mittunt
1683 3652 1759 3707 ad
1780 3652 2102 3724 Agrippam

457 3744 603 3815 (erat
619 3745 776 3798 enim
792 3744 840 3797 is
855 3757 1158 3797 successor
1172 3741 1496 3796 tetrarchiaa
1514 3740 1781 3809 Herodis)
1800 3745 2102 3809 rogantes,

458 3838 522 3886 ut
543 3831 823 3887 scriberet
852 3830 930 3885 ad
961 3836 1258 3893 Ananum,
1286 3844 1361 3884 ne
1400 3827 1539 3883 talia
1587 3828 1849 3883 auderet.
1904 3828 2105 3898 Neque

458 3920 616 3975 enim
647 3925 799 3975 recte
831 3918 1034 3974 fecisse
1064 3917 1359 3983 dicebant,
1405 3916 1566 3988 quod
1626 3917 1841 3971 fecerat
1884 3932 2105 3984 magno

456 4009 692 4063 Jacobo.
727 4007 980 4072 Quidam
1012 4011 1212 4062 autem
1242 4022 1311 4061 ex
1334 4007 1419 4061 eis
1453 4006 1665 4061 Albino
1696 4020 1939 4076 quoque
1969 4020 2104 4077 pro-

458 4096 732 4151 cedentes
753 4096 1016 4162 obviam,
1046 4096 1293 4151 venienti
1322 4094 1675 4151 Alexandria
1697 4095 1913 4166 (ipsum
1942 4094 2102 4149 enim

457 4187 595 4254 post
624 4186 855 4239 Festum
891 4184 1064 4253 elegit
1118 4183 1310 4240 Caesar
1358 4186 1805 4255 procuratorem
1859 4183 2100 4254 Judaeae)

457 4287 590 4327 eum
611 4271 843 4339 docent,
875 4287 995 4327 non
1020 4271 1193 4327 licere
1215 4274 1425 4329 Anano
1451 4272 1680 4344 absque
1710 4273 1838 4343 ejus
1870 4277 2101 4327 senten-

2209 3134 2302 3188 τήν
2331 3131 2537 3202 ψυχήν.
2574 3135 2675 3183 Καὶ
2725 3130 2960 3191 λαϐόντες
2991 3131 3147 3183 αὐτόν
3176 3132 3436 3184 θάπτουσι
3461 3131 3686 3191 πλησίον
3716 3138 3813 3185 τοῦ

2210 3226 2333 3271 ναοῦ
2354 3226 2446 3270 τοῦ
2485 3223 2632 3272 Θεοῦ.

2286 3466 2388 3523 IK'.
2421 3466 2577 3519 Ὀσοι
2618 3463 2675 3520 δε
2730 3476 2828 3520 τῶν
2881 3471 3012 3522 κατὰ
3058 3474 3151 3529 τὴν
3199 3470 3347 3524 πόλιν
3408 3470 3813 3541 ἐπιεικέστατοι,

2212 3562 2302 3609 καὶ
2339 3558 2405 3609 τὰ
2453 3562 2569 3631 περὶ
2620 3561 2741 3617 τοὺς
2796 3562 2986 3631 νόμους
3034 3558 3259 3634 ἀκριϐεῖς
3312 3557 3549 3631 ἐδόκουν,
3610 3560 3815 3636 βαρέως

2214 3649 2429 3717 ἤνεγκαν
2482 3645 2567 3698 ἐπὶ
2612 3648 2778 3717 τούτῳ
2822 3664 2833 3676 ·
2865 3652 2953 3699 καὶ
2997 3651 3267 3719 πέμπουσι
3323 3652 3494 3722 κρύφα
3543 3654 3673 3723 πρὸς
3724 3654 3812 3702 τὸν

2214 3734 2507 3807 Ἀγρίππαν
2546 3736 2708 3803 (οὗτος
2752 3737 2851 3809 γὰρ
2892 3744 2988 3798 τῆς
3039 3735 3277 3809 Ἡρώδου
3327 3744 3644 3814 τετραρχίας
3695 3736 3813 3791 διά-

2217 3820 2377 3893 δοχος
2426 3821 2507 3895 ἦν)
2564 3824 2825 3887 ἀξιοῦνται
2881 3824 3170 3878 ἐπιστεῖλαι
3201 3828 3415 3899 ’Λνάνῳ,
3467 3833 3538 3899 μή
3590 3836 3812 3882 τοιαῦτα

2214 3910 2425 3983 τολμᾷν,
2459 3909 2595 3984 μηδὲ
2634 3916 2735 3986 γὰρ
2767 3917 2824 3965 τὸ
2864 3917 2999 3966 κατά
3041 3919 3127 3967 τὸν
3180 3920 3342 3988 μέγαν
3400 3925 3579 3970 τοῦτον
3634 3918 3809 3972 Ἰάκω-

2214 3999 2300 4052 ϐον
2330 4001 2492 4072 ὀρθῶς
2522 4001 2872 4077 καταπρᾶξαι.
2920 4006 3059 4063 Τινὲς
3107 4001 3166 4057 δὲ
3219 4005 3386 4056 αὐτῶν
3444 4011 3532 4057 καὶ
3571 4014 3639 4076 τῷ
3686 4005 3807 4060 Ἀλ-

2212 4090 2334 4163 ϐίνῳ
2387 4093 2787 4156 ὑπαντήσαντες,
2851 4090 2950 4143 ἀπὸ
2999 4100 3090 4153 τῆς
3149 4091 3541 4168 Ἀλεξανδρείας
3597 4092 3807 4148 ὁδοιπο-

2207 4186 2385 4256 ρόῦντι
2429 4180 2606 4252 (αὐτὸν
2637 4183 2735 4253 γὰρ
2767 4184 2896 4253 μετά
2944 4189 3147 4241 Φῆστον
3201 4182 3569 4256 ἐχειροτόνησε
3601 4192 3803 4257 Καῖσαρ

2206 4281 2303 4332 τῆς
2354 4265 2613 4329 Ἰουδαίας
2667 4271 2961 4344 ἐπίτροπον)
3021 4267 3346 4324 διδάσκουσι
3397 4278 3469 4345 μή
3521 4273 3706 4337 ἐξεῖναι
3734 4282 3802 4345 τῷ

455 4359 539 4415 tia
569 4360 773 4414 sedere
802 4360 863 4414 in
895 4360 1161 4415 concilio.
1191 4361 1438 4415 Albinus
1458 4362 1655 4429 igitur,
1709 4361 1958 4415 credens
2026 4360 2091 4415 iis

2209 4359 2400 4430 Ἀνάνῳ
2428 4363 2598 4431 χωρὶς
2621 4364 2826 4429 γνώμης
2871 4362 3029 4411 αὑτοῦ
3061 4362 3280 4413 καθίσαι
3313 4358 3603 4437 συνέδριον.
3639 4363 3805 4416 Ἀλϐῖ-

455 4447 558 4519 qui
590 4447 881 4511 dixerant,
914 4448 1095 4501 iratus
1148 4448 1323 4502 scribi
1377 4449 1455 4502 ad
1512 4450 1809 4512 Amanum,
1864 4448 2096 4503 minans

454 4551 591 4590 eum
623 4534 905 4589 daturum
936 4548 1145 4605 poenas
1172 4534 1419 4589 admissi
1445 4536 1740 4591 facinoris.
1792 4538 1901 4591 Rex
1959 4552 2098 4592 vero

452 4623 732 4695 Agrippa,
752 4626 960 4677 Anano
982 4621 1251 4693 deposito
1277 4639 1311 4678 a
1341 4624 1689 4690 sacerdotio,
1718 4640 1852 4680 cum
1897 4625 2099 4682 fuisset

450 4711 691 4768 Ponifex
723 4727 843 4766 non
884 4710 1075 4783 plures
1129 4727 1309 4781 quam
1364 4717 1482 4767 tres
1532 4728 1788 4777 menses,
1846 4713 2095 4770 alterum

452 4801 580 4869 ejus
605 4800 737 4856 loco
760 4800 1079 4855 constituit.
1114 4799 1262 4856 Mala
1319 4806 1511 4856 autem
1559 4806 1825 4858 extrema
1873 4802 2097 4859 invase-

450 4893 588 4943 runt
615 4888 844 4943 Iudaeos
866 4893 999 4958 post
1029 4891 1280 4943 mortem
1307 4890 1537 4944 Jacobi:
1562 4890 1773 4945 horum
1797 4891 1960 4947 testis
2008 4897 2095 4948 est

451 4976 738 5048 Josephus
768 4978 1027 5045 Judaeus,
1069 4977 1172 5049 qui
1197 4976 1343 5032 nihil
1373 4976 1582 5033 celavit
1607 4979 1887 5035 veritatis.

523 5242 1133 5322 (_l_6)‘Ast_Bechabita},
1174 5243 1249 5322 _de
1295 5243 1512 5322 quibus
1562 5243 1865 5322 Hieremim
1914 5262 2083 5322 xxxv,

451 5328 524 5368 ex
540 5313 869 5368 Madianitis
912 5313 1060 5369 inter
1079 5313 1743 5372 Judaeoshabitantibus
1766 5324 1951 5378 erant.
1980 5318 2082 5383 uti,

451 5399 523 5439 ex
552 5400 588 5456 ξ
620 5386 1008 5456 Numerorum
1040 5385 1582 5456 liquetgquomodo
1613 5404 1754 5455 ergo
1777 5404 1847 5443 ex
1902 5388 1972 5442 iis
1998 5405 2087 5444 sa-

452 5453 939 5529 cerdotes__erant
957 5455 983 5508 ?
1006 5453 1309 5529 Glossema
1340 5457 1516 5529 igitur
1540 5458 1654 5513 hoc
1680 5453 1754 5513 de
1796 5474 1905 5514 suo
1926 5459 2085 5529 adje-

452 5524 592 5580 cerit
620 5523 707 5580 vel
734 5525 1098 5602 Hegesippus
1120 5526 1215 5603 vel
1242 5523 1548 5598 Eusebius,
1582 5544 1652 5585 eo
1673 5530 1837 5607 quod
1869 5523 2084 5603 legere-

2206 4468 2287 4507 νος
2322 4445 2378 4501 δὲ
2406 4456 2515 4509 τοίς
2546 4448 2750 4500 εἰποῦσι
2784 4450 3036 4517 πεισθεὶς,
3085 4452 3272 4523 γράφει
3315 4453 3424 4522 μετ’
3476 4451 3636 4527 ὀργῆς
3678 4457 3805 4527 πρὸς

2206 4540 2292 4589 τὸν
2322 4536 2556 4601 ”Ανανον,
2588 4533 2740 4597 δίκας
2764 4535 2981 4588 ἀπειλῶν
3012 4540 3269 4611 ὑποσχεῖν
3298 4540 3451 4593 αὐτόν
3481 4549 3573 4594 τοῦ
3599 4540 3807 4596 τοιοῦδε

2206 4626 2550 4697 τολμήματος.
2587 4624 2877 4697 Ἀγρίππας
2904 4630 3079 4698 μέντοι
3108 4629 3133 4679 ό
3169 4627 3434 4700 βασιλεύς,
3489 4629 3682 4703 ἀφελὼν
3713 4640 3806 4695 τῆς

2208 4716 2489 4789 ἱερωσύνης
2510 4717 2596 4766 τὸν
2619 4715 3090 4788 Ἀνανον,ᾱίρξαντα
3115 4726 3283 4789 μῆνας
3309 4718 3366 4770 ού
3399 4719 3606 4783 πλείους
3628 4730 3801 4796 τριῶν,

2204 4804 2368 4876 ἕτερον
2392 4803 2498 4856 ἀντ’
2528 4802 2718 4855 ἐκείνου
2753 4808 3151 4862 κατέστηκε.Τὰ
3172 4811 3346 4878 μέντοι
3371 4817 3542 4860 κακῶν
3572 4812 3803 4882 ἔσχατα,

2202 4896 2331 4965 μετά
2352 4898 2442 4950 τήν
2469 4891 2715 4946 Ἰακώϐου
2746 4893 3000 4963 τελευτήν,
3030 4892 3327 4958 Ἰουδαίους
3356 4898 3631 4971 κατείληφε
3664 4914 3677 4929 ⁸
3712 4905 3800 4953 καὶ

2200 4984 2401 5054 μάρτυς
2429 4985 2621 5034 τούτων
2645 4979 2900 5047 Ἰουδαῖος
2933 4984 3205 5052 Ἰώσηπος,
3237 4982 3405 5058 μηδεν
3438 4996 3527 5049 τῆς
3558 4986 3799 5051 ἀληθείας

2200 5072 2361 5144 ὑποκρ
2371 5070 2651 5142 υψάμενος.

2198 5251 2292 5302 tur
2320 5248 2473 5307 ﬁlius
2501 5248 2750 5313 Rechab,
2776 5249 3073 5305 adductus
3094 5251 3153 5306 in
3179 5251 3340 5308 hunc
3367 5268 3795 5312 errorem:cum

2198 5336 2415 5391 nomen
2448 5321 2559 5375 hoc
2580 5320 2707 5391 fere
2740 5323 2993 5391 potuerit
3019 5322 3196 5378 etiam
3228 5340 3297 5378 ex
3322 5325 3570 5381 Aaronis
3619 5326 3794 5383 fami-

2194 5389 2272 5463 lia
2298 5390 2692 5463 aliquis,sicut
2712 5389 2781 5446 ex
2804 5391 3021 5463 Judaais
3045 5395 3212 5448 multi
3233 5402 3543 5463 gesserunt
3569 5412 3793 5454 nomen

2195 5462 2473 5527 Ismaelis,
2506 5477 2653 5535 quos
2684 5462 3001 5522 ridiculum
3027 5466 3176 5521 foret
3203 5462 3538 5525 ISmaelitas
3570 5469 3791 5529 dicere.
