4114 6262
187 327 314 383 21⁸7

1392 336 1558 396 ἮΤΑ
1595 338 1655 396 S;
1698 339 1936 399 ACACII
1975 341 2444 403 CAPPADOCIS.

3484 313 3594 402 218

276 452 402 508 KA'
463 462 646 509 Ταῦτα
715 458 849 508 οὕτω
913 457 1182 525 συνῆλθεν,
1236 466 1326 514 καὶ
1379 466 1663 536 προσετέθη
1727 473 1809 519 τοῐ

2015 470 2142 526 XXI.
2173 470 2303 527 Haec
2357 470 2438 527 ita
2500 475 2831 537 evenerunt,
2894 473 3144 529 Sanctus
3197 468 3437 527 additus
3497 473 3588 526 est

187 541 394 614 ἁγίοις
437 546 462 597 6
510 543 674 615 ἅγιος,
707 551 816 605 τοῖς
845 547 1104 619 μάρτυσιν
1135 549 1161 600 6
1209 552 1429 622 μάρτυς,
1463 559 1570 613 τοῖς
1612 550 1835 614 δικαίοις

191 631 221 682 6
291 629 522 694 δικαιος
569 637 658 685 καὶ
706 633 772 683 ὢν
825 639 914 686 καὶ
957 633 1333 708 ὀνομαζόμενος
1363 656 1377 670 θ

195 728 434 791 πρῶτος
517 724 603 773 τὸν
671 726 993 795 μαρτυρικὸν
1075 722 1466 799 ἀναδησάμενος
1551 732 1821 800 στέφανον,

197 806 311 860 Ἠν
363 813 460 881 μὲν
509 811 612 884 γὰρ
666 813 972 883 προφθάσας
1021 815 1070 865 ἓν
1126 811 1389 878 διακόνοις
1429 818 1454 868 6
1486 821 1747 888 Στέφανος,
1780 817 1828 871 ἐν

197 893 536 960 ἀποστόλοις
585 900 611 951 6
637 897 916 952 Ζεϐεδαίου
950 900 1189 964 Ἰάκωϐος
1213 921 1225 932 ·
1258 912 1344 956 νῦν
1390 901 1449 958 δὲ
1479 907 1504 958 6
1551 904 1828 981 ἀρχιερεὺς

196 993 281 1057 τῷ
341 993 537 1062 πρώτῳ
594 987 833 1061 ἀρχιερεῖ
883 997 1095 1062 Χριστῷ
1148 993 1517 1062 ἠκολούθησεν,
1551 997 1577 1048 ὁ
1623 998 1826 1068 μάρτυς

194 1083 279 1146 τῷ
337 1077 472 1153 ὑπερ
523 1083 615 1129 τοῦ
667 1081 866 1150 κόσμου
916 1083 1102 1141 παντὸς
1149 1085 1206 1134 τὸ
1255 1083 1386 1155 αἱμα
1431 1088 1490 1137 τὸ
1534 1081 1670 1138 ἴδιον
1701 1088 1823 1140 ὑπο-

201 1166 439 1232 σχόντι.
500 1169 682 1218 Πόσων
737 1185 821 1219 σοι
876 1169 1022 1220 θείων
1071 1167 1376 1242 ἀξιωμάτων
1431 1193 1587 1226 ποσοι
1651 1194 1822 1246 χρεω-

203 1257 473 1305 στοῦνταί
522 1273 605 1306 σοι
662 1257 921 1326 στέφανοι,
953 1265 1025 1328 τῷ
1075 1260 1310 1332 μαθητῇ,
1341 1269 1414 1313 τῶ
1462 1262 1718 1334 ἀρχιερεῖ,
1749 1271 1822 1334 τῷ

197 1335 438 1415 δικαίῳ,
485 1351 556 1414 τῷ
599 1340 878 1418 θεαδέλφῳ,
923 1355 996 1418 τῷ
1045 1350 1292 1422 μάρτυρι,
1341 1358 1412 1422 τῷ
1469 1352 1495 1403 ὃ
1533 1371 1585 1403 τι
1632 1353 1692 1404 ἄν
1743 1373 1824 1415 τις

195 1433 356 1483 εἵποι
403 1441 502 1484 τῶν
549 1431 755 1504 ἀγαθῶν
809 1433 864 1486 ἐκ
909 1443 1215 1511 περιουσίας
1272 1441 1468 1510 ἔχοντι,
1530 1440 1599 1503 εἰς
1663 1437 1821 1504 δόξαν

197 1524 468 1596 Πατέρος,
524 1524 648 1574 Υἱοῦ
698 1527 786 1575 καὶ
844 1523 994 1596 ἁγίου
1049 1531 1358 1600 Πνεῦματος,
1415 1537 1508 1591 τῆς
1560 1535 1682 1601 μιᾶς
1731 1535 1820 1582 καὶ

197 1605 526 1684 ἀχωρίστου
577 1615 854 1677 Θεότητος,
964 1619 1147 1688 πρέπει
1175 1622 1327 1668 πᾶσα
1357 1613 1508 1682 δόξα,
1540 1622 1688 1690 τιμὴ,
1727 1623 1818 1671 καὶ

197 1699 650 1775 μεγαλοπρέπεια,
683 1709 770 1754 νῦν
811 1707 900 1755 καὶ
943 1701 1043 1770 ἀεὶ,
1075 1709 1164 1759 καὶ
1196 1705 1266 1769 εἰς
1296 1709 1418 1768 τοὺς
1448 1704 1816 1769 ἀτελευτήτους

198 1786 407 1850 αἰῶνας
435 1797 535 1842 τῶν
565 1790 781 1846 αἰώνων.
811 1789 996 1865 Ἀμήν.

1420 638 1469 691 ἐν
1529 639 1834 703 ἐπισκόποις

1943 559 2176 623 sanctis,
2199 565 2416 632 Martyr
2440 562 2823 634 martyribus,
2839 561 2859 633 j
2870 561 3013 616 ustis
3039 561 3351 633 quiJustus
3375 563 3501 615 erat
3529 562 3586 614 et

1939 647 2386 712 nominabatur,
2412 649 2630 721 quippe
2661 650 2888 721 primus
2943 649 3091 706 inter
3124 648 3438 721 episcopos
3477 646 3586 702 fuit

1939 736 2261 808 martyrica
2285 753 2507 794 corona
2545 738 2872 794 redimitus.
2904 741 3050 794 Nam
3103 737 3251 794 inter
3299 737 3584 791 diaconos

1935 824 2178 896 quidem
2207 827 2511 897 praecessit
2538 827 2892 898 Stephanus,
2909 827 3059 882 inter
3084 825 3385 898 apostolos
3409 823 3583 879 Zebe-

1933 912 2036 968 daei
2065 915 2320 971 Iacobus
2346 933 2358 970 :
2389 930 2548 970 nunc
2579 922 2778 971 autem
2817 915 3081 988 pontifex
3111 915 3410 971 Christum
3467 911 3584 983 pri-

1931 1019 2101 1058 mum
2121 1004 2460 1059 Pontiﬁcem
2491 1008 2581 1059 est
2610 1010 2844 1061 secutus
2869 1022 2882 1070 ;
2917 1009 3133 1075 martyr
3161 1019 3320 1067 eum,
3351 1001 3454 1074 qui
3478 1015 3581 1071 pro

1930 1093 2210 1147 universo
2252 1093 2479 1148 mundo
2545 1093 2851 1166 pr0prium
2914 1092 3166 1166 praebuit
3198 1091 3578 1158 sanguinem.

1931 1181 2121 1245 Quam
2161 1181 2481 1236 multarum
2507 1183 2845 1238 divinarum
2872 1180 3162 1252 dignitatu
3192 1194 3370 1252 quam
3387 1174 3578 1233 multas

1929 1266 2036 1323 tibi
2060 1267 2272 1324 debitae
2301 1276 2439 1323 sunt
2459 1285 2710 1334 coronae,
2743 1269 3059 1340 discipulo,
3085 1265 3574 1340 pontiﬁci,justo,

1931 1356 2029 1410 Dei
2061 1355 2246 1426 fratri,
2273 1355 2557 1428 martyri?
2584 1359 2682 1429 qui
2702 1357 2994 1430 quidquid
3014 1356 3156 1412 boni
3182 1355 3398 1410 dixerit
3447 1352 3578 1425 qui-

1929 1444 2141 1514 spiam,
2175 1444 2360 1500 habes
2385 1462 2456 1501 ex
2488 1446 2894 1502 abundantia:
2930 1445 3007 1501 ad
3061 1443 3314 1515 gioriam
3365 1441 3572 1507 Patris,

1931 1532 2049 1587 Filii
2075 1537 2130 1589 et
2156 1533 2404 1604 Spiritus
2430 1535 2638 1601 sancti,
2663 1551 2798 1607 quas
2828 1542 2913 1590 est
2959 1550 3082 1590 una
3123 1537 3180 1589 et
3204 1529 3572 1602 inseparabi-

1924 1619 1996 1675 lis
2019 1620 2316 1686 divinitas.
2345 1627 2585 1695 etquam
2627 1623 3006 1680 decetomnis
3023 1623 3209 1678 honor
3229 1624 3285 1676 et
3303 1617 3576 1688 magniﬁ-

1926 1707 2135 1774 centia,
2168 1724 2328 1766 nunc
2358 1716 2415 1768 et
2444 1727 2698 1785 semper,
2730 1717 2787 1770 et
2823 1714 2882 1769 in
2923 1711 3142 1769 saacula
3190 1708 3568 1766 saeculorum.

1927 1799 2137 1854 Amen.

847 2025 1497 2116 ΜΑΡΤΥΡΙΟΝ
1535 2028 1774 2116 ἹὈΥ
1812 2030 2166 2120 ΑΓΙΟΥ
2204 2034 2401 2118 ΚΑΙ
2445 2023 2971 2121 ΕΝΔΟΞΟΥ

1345 2211 1967 2262 ΜΕΓΑΛΟΜΑΡΤΥΡΟΣ
2003 2215 2134 2263 ΤΟΥ
2171 2215 2454 2264 ΧΡΙΣΤΟΥ

459 2391 1518 2570 ΑΚΑΚΙΟΥ
1620 2394 3328 2570 ΚΑΠΠΑΔΟΚΟΣ.

986 2808 1391 2864 MARTYRIUM
1421 2807 1668 2864 SANCTI
1701 2809 1784 2864 ET
1810 2805 2087 2864 EGREGII
2115 2806 2383 2864 CHRISTI
2424 2807 2771 2864 MARTYRIS

902 2993 1562 3138 ACACII
1669 2991 2884 3139 CAPPADOCIS

554 3304 758 3367 (Surius
791 3302 858 3354 ad
891 3302 1031 3354 diem
1062 3304 1089 3352 8
1117 3301 1242 3352 Maii
1272 3318 1284 3363 ;
1320 3301 1499 3352 Graace
1531 3313 1677 3351 nunc
1705 3300 1940 3364 primum
1969 3299 2146 3363 prodit
2179 3313 2259 3349 ex.
2300 3298 2419 3349 cod.
2453 3298 2579 3364 Reg.
2612 3299 2761 3350 Paris
2788 3300 2927 3358 1334,
2959 3314 3080 3351 stec.
3117 3303 3227 3363 xu.)

285 3542 356 3600 A'.
399 3547 582 3619 Τρίτον
628 3549 781 3595 τοῦτο
832 3548 924 3595 τοῦ
982 3541 1268 3614 μισοκάλου
1321 3542 1412 3593 καὶ
1461 3544 1806 3613 παμπόνηρον
1845 3537 1887 3595 C

209 3629 491 3705 δράκοντος
545 3631 760 3684 λαίλαπι
811 3637 1116 3693 κινήσαντος
1173 3633 1310 3684 κατὰ
1359 3637 1460 3682 τῶν
1520 3636 1611 3682 τοῦ
1671 3634 1806 3682 Θεοῦ

210 3718 409 3775 δούλων
462 3721 546 3774 ἐπὶ
599 3721 927 3793 Μαξιμιανοῦ
981 3727 1071 3773 τοῦ
1131 3719 1364 3791 γαμϐροῦ
1414 3717 1804 3785 Διοκλητιανοῦ,

210 3813 329 3863 υἱοῦ
384 3808 443 3864 δε
495 3814 584 3862 καὶ
635 3810 1028 3881 ὑπερασπιστοῦ
1081 3817 1173 3862 τοῦ
1218 3814 1438 3871 Σατανᾶ,
1489 3807 1667 3868 εὐθέως
1719 3811 1806 3860 καὶ

213 3902 280 3952 τὰ
325 3902 526 3972 πονηρὰ
575 3903 664 3950 καὶ
707 3897 867 3957 ἀσεϐῆ
926 3895 1266 3972 διατάγματα
1315 3900 1497 3950 τούτου
1541 3899 1674 3949 κατὰ
1707 3901 1805 3948 πᾶ-

215 4007 311 4041 σαν
361 3993 540 4061 χώραν
595 3986 948 4060 ἐπεφοίτησεν,
1000 3990 1121 4040 ἔνθα
1171 3992 1533 4062 προσέττατεν,
1567 3988 1701 4038 ὥστε
1756 3983 1803 4037 ἐν

211 4079 356 4152 πάσῃ
401 4077 564 4142 πόλει,
623 4080 668 4130 εἴ
722 4097 802 4140 τις
853 4081 924 4149 μὴ
987 4075 1231 4149 βούλοιτο
1278 4084 1340 4149 τῇ
1403 4079 1646 4148 θεραπείᾳ
1701 4081 1802 4126 τῶν

211 4167 336 4219 θεῶν
393 4170 683 4240 προσιέναι,
728 4173 908 4218 τοῦτον
961 4164 1327 4240 ἀπαραιτήτως
1376 4166 1518 4237 πάσῃ
1571 4166 1804 4235 τιμωρίᾳ

209 4255 586 4316 ὑποϐληθῆναι.
623 4259 719 4308 Καὶ
765 4262 932 4308 ταῦτα
982 4258 1070 4326 μεν
1117 4257 1243 4326 πρὸς
1301 4257 1423 4315 τοὺς
1471 4253 1564 4316 ἔξω
1613 4254 1807 4325 ἄρχον-

208 4365 302 4408 τας
352 4343 643 4411 έθέσπισεν,
694 4343 832 4416 φόϐῳ
876 4344 1045 4396 πάντα
1090 4348 1180 4395 καὶ
1231 4338 1474 4394 κινδύνου
1523 4339 1804 4412 βασιλικοῦ

206 4439 432 4508 γέμοντα
458 4451 471 4463 °
505 4436 630 4507 πρὸς
661 4429 720 4486 δὲ
764 4435 965 4493 τούτοις
995 4437 1084 4483 καὶ
1113 4439 1221 4492 τοίς
1253 4438 1343 4483 τοῦ
1388 4437 1614 4502 στρατοῦ
1644 4429 1803 4481 αὐτοῦ

209 4525 435 4595 ἡγεμόσι
476 4529 645 4574 ταῦτα
693 4520 1097 4594 παρηγγέλλετο,
1129 4521 1263 4572 ὥστε
1309 4522 1354 4571 εἳ
1395 4538 1476 4580 τις
1504 4526 1602 4570 τῶν
1649 4537 1804 4592 στρα-

208 4619 406 4664 τιωτῶν
463 4614 533 4672 μὴ
590 4611 774 4683 ὑπείκῃ
830 4617 939 4671 τοῖς
997 4611 1371 4685 προστάγμασι
1411 4616 1502 4660 τοῦ
1550 4607 1804 4680 βασιλέως

205 4699 280 4760 εἰς
334 4702 428 4757 τὴν
481 4699 753 4771 θεραπείαν
805 4705 904 4750 τῶν
953 4700 1095 4765 θεῶν,
1154 4696 1342 4770 μᾶλλον
1403 4692 1462 4749 δε
1517 4693 1798 4769 δαιμόνων,

202 4795 391 4840 τοῦτον
449 4784 664 4859 δέσμιον
714 4794 824 4850 τοῖς
873 4787 967 4850 ἔξω
1016 4783 1387 4860 δικαστηρίοις
1435 4783 1688 4840 δίδοσθαι
1733 4785 1803 4847 εἰς

200 4879 490 4950 τιμωρίαν.

280 4963 353 5017 Β’.
408 4963 490 5018 Ἐν
538 4966 701 5037 τούτῳ
751 4969 918 5018 τοίνυν
967 4973 1038 5036 τῷ
1089 4972 1256 5039 καιρῷ
1299 4969 1388 5017 καὶ
1426 4967 1492 5017 τὰ
1539 4967 1675 5017 κατὰ
1714 4967 1800 5017 τὸν

196 5055 466 5130 μακάριον
521 5058 610 5107 καὶ
666 5055 815 5127 ἅγιον
860 5056 1100 5128 μάρτυρα
1139 5061 1231 5106 τοῦ
1285 5062 1517 5128 Χριστοῦ
1558 5055 1801 5108 Ἀκάκιον

196 5146 295 5196 τὸν
350 5141 553 5204 ἀληθῶς
619 5145 924 5216 φερωνύμως
990 5151 1053 5214 τῇ
1128 5145 1240 5215 θείᾳ
1295 5143 1480 5217 πράξει
1534 5162 1803 5218 μαρτυρη-

198 5235 361 5288 θέντα
409 5235 498 5284 xui.
527 5227 694 5304 μηδὲν
735 5239 827 5284 τοῦ
878 5237 1041 5283 κακοῦ
1091 5236 1428 5304 μετασχόντα
1456 5233 1486 5291 ἢ
1532 5233 1801 5306 πράξαντά

195 5343 252 5377 τι
301 5329 394 5384 τῆς
450 5326 680 5395 πονηρᾶς
731 5324 818 5372 καὶ
865 5327 1244 5395 κακεντρεχοῦς
1297 5321 1455 5373 αὐτοῦ
1510 5329 1796 5393 μηχανῆς’

200 5411 353 5471 οὗτος
401 5405 460 5462 δὲ
497 5405 557 5468 ἦν
603 5411 628 5462 ὁ
676 5409 842 5481 ἅγιος,
871 5413 1044 5482 γένους
1093 5412 1184 5482 μεν
1229 5406 1609 5474 Καππαδοκῶν,
1642 5417 1704 5482 τῇ
1740 5405 1798 5462 δὲ

202 5502 347 5573 τύχη
401 5503 739 5574 στρατιώτης,
771 5507 831 5572 τῇ
881 5495 941 5552 δὲ
977 5499 1218 5574 προθέσει
1267 5496 1496 5560 ἀθλητὴς
1551 5505 1638 5550 τοῦ
1669 5505 1798 5572 Χρι-

210 5594 337 5644 στοῦ
370 5607 382 5620 ·
415 5591 505 5643 καὶ
559 5593 726 5652 ταῦτα
770 5586 1000 5661 ἐκόσμει,
1049 5591 1138 5642 καὶ
1190 5590 1350 5660 γένος,
1379 5589 1466 5642 καὶ
1499 5590 1792 5664 στρατείαν.

1987 3537 2029 3594 Ι.
2057 3538 2204 3594 Cum
2235 3538 2404 3594 tertio
2453 3538 2751 3594 bonorum
2783 3539 3051 3595 omnium
3080 3540 3294 3611 hostis,
3323 3543 3378 3597 et
3403 3537 3572 3596 omni

1918 3643 1990 3683 ex
2021 3633 2186 3700 parte
2226 3627 2708 3701 improbissimus
2738 3629 2915 3685 draco
2963 3630 3249 3695 diabolus,
3285 3629 3569 3686 adversus

1917 3716 2020 3772 Dei
2053 3732 2255 3772 servos
2284 3718 2584 3773 turbinem
2615 3719 3032 3774 commovisset
3079 3718 3194 3774 sub
3250 3719 3572 3775 Maximino

1919 3805 2263 3862 Diocletiani
2290 3821 2533 3876 genero,
2563 3813 2619 3863 et
2650 3807 2837 3879 ipsius
2868 3808 3102 3864 Satanae
3154 3807 3278 3864 ﬁlio
3321 3823 3391 3863 ac
3438 3823 3572 3880 pro-

1919 3899 2269 3966 pugnatore,
2302 3895 2498 3951 statim
2528 3895 2715 3968 impia
2739 3898 2868 3969 ejus
2901 3896 3096 3953 edicta
3121 3913 3222 3967 per
3239 3913 3449 3953 omnes
3481 3912 3568 3952 re-

1915 3983 2124 4054 giones
2152 3984 2338 4040 missa
2369 3988 2523 4040 sunt.
2559 3985 2768 4042 Edictis
2795 3990 2994 4042 autem
3023 3985 3135 4042 illis
3162 3985 3221 4041 id
3273 3985 3571 4057 praecipie-

1915 4072 2112 4141 batur,
2151 4075 2296 4131 utin
2325 4076 2486 4131 omni
2546 4077 2708 4140 urbe,
2743 4077 2791 4130 si
2857 4077 2990 4147 quis
3022 4081 3196 4142 esset,
3231 4076 3333 4148 qui
3388 4075 3570 4132 nollet

1917 4161 2169 4217 deorum
2218 4163 2512 4220 culturam
2562 4165 2746 4233 obire,
2783 4165 2909 4219 sine
2960 4164 3310 4219 remissione
3367 4163 3569 4235 aliqua

1915 4248 2200 4304 omnibus
2214 4250 2520 4321 suppliciis
2533 4267 2603 4307 ac
2621 4253 2926 4306 tormentis
2941 4252 3348 4321 subjiceretur.
3367 4252 3569 4309 Edicta

1918 4351 2057 4392 vero
2079 4337 2210 4408 ipsa
2237 4337 2401 4393 omni
2431 4343 2648 4395 terrore
2678 4344 2734 4394 et
2763 4338 3063 4409 regalibus
3098 4338 3273 4393 minis
3319 4355 3388 4394 ac
3417 4337 3571 4412 peri-

1916 4425 2063 4481 culis
2088 4425 2300 4483 referta
2329 4432 2514 4484 erant.
2549 4427 2636 4483 Ad
2691 4427 2817 4483 hinc
2869 4433 2926 4484 et
2978 4427 3264 4483 exercitus
3308 4427 3566 4483 ducibus

1916 4520 2282 4587 praeceptum
2311 4516 2440 4583 fuit,
2473 4521 2532 4572 ut
2554 4515 2601 4571 si
2630 4516 2766 4589 quis
2806 4532 2836 4572 e
2865 4515 3148 4571 militibus
3192 4516 3566 4588 imperatoris

1914 4605 2128 4671 edicto,
2160 4606 2318 4677 quod
2345 4605 2422 4662 ad
2453 4605 2702 4661 deorum
2736 4604 2822 4661 vel
2853 4605 2930 4661 ad
2987 4607 3334 4661 daemonum
3366 4605 3565 4677 potius

1914 4695 2208 4752 culturam
2265 4695 2596 4766 pertineret,
2653 4709 2771 4750 non
2823 4693 3108 4760 obediret,
3165 4694 3260 4750 ille
3318 4693 3568 4750 vinculis

1915 4782 2616 4849 astrictus,tribunalibus
2647 4782 2726 4840 ad
2753 4782 3044 4855 supplicia
3070 4782 3420 4854 perferenda
3452 4787 3566 4840 tra-

1837 4895 1880 4950 D
1913 4871 2174 4928 deretur.

1981 4961 2050 5015 Il.
2076 4961 2361 5034 Tempore
2383 4959 2478 5017 illo
2497 4960 2681 5017 sancti
2703 4959 2894 5017 Acacii
2924 4959 3203 5032 martyris
3223 4958 3377 5015 facta
3406 4958 3567 5017 eﬂlo-

1910 5055 2172 5116 ruerunt,
2203 5050 2305 5123 qui
2335 5051 2418 5106 rei
2462 5050 2593 5123 ipsa
2643 5064 2863 5106 nomen
2912 5064 3089 5104 suum
3129 5047 3563 5120 comprobavit,

1911 5157 2047 5199 cum
2073 5139 2216 5197 nihil
2245 5141 2490 5197 omnino
2524 5139 2822 5196 malorum
2867 5139 3211 5194 daemonum
3269 5137 3566 5210 particeps

1909 5231 2101 5296 fuerit,
2131 5245 2324 5304 neque
2349 5229 2681 5302 quidquam
2700 5227 2902 5300 egerit,
2924 5226 3087 5299 quod
3110 5242 3248 5283 cum
3287 5226 3567 5285 malitiosi

1907 5317 2128 5376 diaboli
2183 5318 2478 5375 machinis
2505 5315 2868 5374 conveniret.
2897 5315 2996 5372 Hic
3027 5317 3111 5372 vir
3151 5316 3566 5373 sanctissimus

1906 5407 2014 5466 fuit
2043 5423 2256 5478 genere
2287 5407 2633 5479 Cappadox,
2660 5411 2715 5461 et
2737 5405 3082 5462 conditione
3100 5405 3344 5479 quidem
3368 5405 3564 5476 miles,

1905 5502 1963 5555 at
2003 5497 2308 5570 proposito
2347 5501 2405 5553 et
2453 5495 2774 5562 voluntate,
2804 5493 3017 5552 Christi
3059 5495 3282 5552 athleta
3319 5511 3331 5558 ;
3367 5493 3563 5564 itaque

1905 5591 1960 5645 et
1986 5601 2191 5660 genus,
2223 5590 2278 5646 et
2301 5585 2526 5646 ordinis
2550 5583 2901 5660 dignitatem
2940 5583 3266 5644 exornavit.
3303 5584 3441 5656 Ejus
3483 5581 3568 5642 fa'
