4114 6262
522 282 629 338 219
1935 272 2192 331 MENSIS
2230 270 2478 331 MAlUS.
3802 267 3915 321 220

525 411 689 464 etum
713 404 829 461 hoc
872 406 1052 461 modo
1090 420 1151 460 se
1179 403 1393 462 habuit
1423 420 1434 459 :
1465 403 1611 459 Cum
1646 403 1877 459 Firmus
1925 399 2150 473 quidan

2289 402 2379 449 xui
2410 397 2629 469 ἀξίωμα.
2663 398 2739 449 Τὰ
2769 392 2827 448 δὲ
2857 393 2973 447 κατ’
3006 393 3160 445 αὐτὸν
3191 391 3356 455 οὕτως
3385 394 3501 464 ἔχει
3530 394 3619 444 τόν
3664 395 3872 464 τρόπον
3896 435 3907 446 .

526 494 799 550 militaris
822 494 1042 549 ordinis
1064 499 1215 549 esset
1238 493 1511 548 tribunus
1534 509 1740 547 eorum
1762 492 1863 564 qui
1886 493 2151 545 Romano

2290 492 2500 561 Φήρμου
2572 488 2708 547 τινός
2786 485 3200 556 ταξιαρχοῦντος
3271 490 3368 533 τῶν
3444 481 3738 552 λεγομένων
3825 487 3910 530 τοῦ

527 601 661 639 rum
685 583 889 652 lingua
914 583 1118 649 Martii,
1143 582 1340 637 Graece
1376 598 1517 637 vero
1562 581 1759 657 Ἀρειοι
1803 579 2152 635 dicebantur

2290 574 2514 649 ἀριθμοῦ
2557 577 2692 626 κατά
2741 577 2829 646 μὲν
2871 578 2964 631 τὴν
3015 581 3114 623 τῶν
3162 571 3426 642 Ῥωμαίων
3465 570 3713 642 γλῶτταν
3770 576 3910 641 Μαρ-

530 677 589 728 et
617 672 728 727 sub
754 687 823 726 eo
851 671 1088 726 tribuno
1120 671 1382 726 centurio
1437 676 1591 726 esset
1644 670 1913 734 Aeacius,
1950 668 2155 722 Firmu:

2288 670 2503 730 τησίων,
2560 663 2903 735 καλουμένων,
2965 664 3101 713 κατά
3170 657 3227 713 δὲ
3304 665 3397 718 τὴν
3472 668 3573 712 τῶν
3653 658 3906 714 Ἑλλήνων

529 760 657 832 ipse
688 759 955 829 singulos
988 759 1198 814 milites
1220 760 1308 814 ‘ad
1338 776 1400 813 se
1448 760 1767 814 accersitos
1797 758 2081 819 tentabat,
2117 770 2151 807 u

2290 756 2518 827 Ἀρείων,
2578 755 2985 823 στρατευομένου
3067 748 3126 803 δὲ
3184 750 3344 801 αὑτοῦ
3395 758 3465 820 τῷ
3525 748 3748 822 ἀριθμῷ
3810 766 3908 798 κεδ-

530 866 714 922 quem
744 850 1013 904 animum
1041 850 1297 922 quisque
1328 850 1596 913 haberet,
1621 848 1873 921 experiri
1914 864 1982 902 ac
2031 845 2155 899 sciri

2290 848 2554 918 τυρίωνος,
2612 846 2697 893 καὶ
2752 844 2968 893 ἕκαστον
3020 848 3117 891 τῶν
3169 848 3498 911 στρατιωτῶν
3560 836 3909 911 προσκαλου-

444 922 453 937 χ
532 944 753 1011 posset.
798 940 1062 1010 Cumque
1117 938 1337 993 multos
1389 939 1604 1010 prrtim
1654 934 2069 993 assentationit

2291 938 2440 1005 μένου
2491 939 2580 983 τοῦ
2627 936 2861 1005 Φηρμου,
2920 935 3008 981 καὶ
3057 933 3369 1001 πειρωμένου
3420 930 3484 979 τά
3541 935 3640 987 τῆς
3691 932 3908 996 γνώμης

531 1028 747 1099 partim
779 1026 1047 1082 minisad
1076 1026 1373 1082 idolorum
1394 1027 1872 1098 superstitionem
1902 1030 2078 1095 atque
2100 1023 2156 1076 in

2292 1023 2531 1085 ἑκάστου,
2578 1026 2667 1073 καὶ
2719 1019 2939 1081 πολλοὺς
2988 1021 3055 1071 τὰ
3101 1022 3190 1091 μὲν
3221 1017 3533 1079 κολακείαις,
3570 1019 3644 1068 τὰ
3703 1012 3771 1067 δῖε
3828 1020 3908 1065 καὶ

530 1116 771 1171 teritum
802 1115 1118 1182 allexisset,
1150 1120 1538 1187 posteaquam
1574 1116 1797 1171 tribuni
1824 1112 2069 1168 tentatio
2106 1132 2155 1166 ω

2294 1110 2526 1172 ἀπειλαῖς
2579 1107 2909 1170 δελεάζοντος
2969 1108 3035 1169 εἰς
3091 1112 3184 1165 τὴν
3246 1106 3517 1171 ἀπώλειαν,
3555 1108 3623 1166 ὡς
3682 1106 3910 1177 ἔφθασεν

529 1203 814 1259 Acacium
870 1203 1158 1274 pervenit,
1206 1209 1343 1258 tunc
1394 1204 1605 1259 beatus
1637 1204 1730 1258 ille
1776 1202 1934 1257 clara
1993 1216 2135 1255 voce

2291 1206 2381 1252 xui
2440 1201 2506 1260 εἰς
2563 1200 2714 1252 αὐτόν
2773 1201 2800 1257 ἡ
2860 1205 3014 1270 πεῖρα
3062 1204 3153 1249 τοῦ
3209 1198 3481 1272 ἄρχοντος,
3539 1196 3839 1267 ἀνέκραγεν
3890 1196 3910 1244 6

527 1292 910 1361 Christianus,
945 1292 1157 1363 inquit,
1194 1308 1305 1362 ego
1327 1298 1503 1347 natus
1524 1292 1606 1348 fui
1635 1312 1647 1350 :
1677 1293 1876 1363 itaque
1908 1290 2152 1344 Christia

2292 1292 2561 1363 Μακάριος
2630 1297 2767 1361 φωνῇ
2848 1287 3040 1360 μεγάλη
3122 1286 3279 1357 λέγων
3314 1304 3325 1314 ·
3385 1286 3515 1357 Ἐγώ
3578 1286 3912 1358 Χριστιανός

527 1397 641 1437 nus
679 1384 732 1435 el
765 1396 920 1442 sum,
949 1385 1004 1434 et
1030 1396 1149 1445 ero,
1178 1381 1430 1436 Domino
1461 1397 1595 1436 meo
1625 1383 1759 1437 Jesu
1814 1379 2040 1435 Christo
2070 1378 2148 1432 ho

2294 1381 2589 1451 ἐγεννήθην,
2647 1383 2736 1429 xui
2788 1377 2913 1448 εἰμὶ,
2970 1381 3059 1428 καὶ
3121 1378 3326 1447 ἔσομαι,
3386 1383 3477 1426 τοῦ
3538 1379 3750 1448 Κυρίου
3818 1393 3913 1445 μον

527 1468 899 1540 approbante
930 1490 941 1521 :
973 1486 1113 1523 nam
1146 1475 1200 1525 et
1226 1485 1299 1524 ex
1326 1469 1690 1541 parentibus,
1718 1473 1774 1523 et
1823 1484 1894 1522 ex
1947 1466 2152 1538 majori

2294 1467 2472 1525 Ἰησοῦ
2520 1474 2752 1540 Χριστοῦ
2799 1473 2947 1517 τοῦτο
2992 1464 3459 1538 παρακελευομένου
3505 1468 3598 1515 καὶ
3651 1462 3912 1523 θέλοντος

524 1558 640 1613 bus
671 1557 1012 1613 Christianis
1038 1564 1215 1612 natus
1246 1575 1398 1612 sum.
1436 1561 1549 1613 Hoc
1582 1574 1723 1613 cum
1776 1556 1869 1611 ille
1923 1555 2149 1610 dixisse:

2296 1561 2385 1607 καὶ
2434 1559 2532 1629 γὰρ
2608 1560 2696 1607 καὶ
2751 1559 2935 1626 γονέων
2992 1559 3081 1605 xui
3132 1558 3308 1624 γένους
3360 1558 3693 1625 Χριστιανοῡ
3758 1552 3916 1622 εἰμι·

527 1650 583 1702 et
613 1646 841 1699 Firmus
872 1644 1043 1699 tertio
1075 1660 1210 1699 eum
1238 1650 1507 1710 tentaret,
1545 1661 1615 1700 ac
1675 1644 1858 1699 modo
1902 1642 2152 1715 gravibu

2298 1652 2450 1696 τοῦτο
2503 1640 2588 1695 οὖν
2637 1648 2809 1716 τρίτον
2865 1642 3147 1715 ἀπόπειραν
3215 1646 3521 1713 ποιοῦμένου
3600 1648 3701 1692 τοῦ
3777 1647 3914 1713 Φέρ-

531 1734 728 1798 minis,
749 1732 927 1787 modo
946 1734 1255 1803 promissis
1277 1734 1615 1803 ingentibus
1635 1738 1977 1806 promptam
2005 1732 2156 1786 anim

2299 1754 2398 1805 μου
2441 1738 2530 1785 καὶ
2579 1736 2699 1785 ποτε
2746 1736 2833 1805 μὲν
2882 1730 3061 1803 ἀπειλῇ
3126 1730 3333 1803 βαρείᾳ,
3380 1734 3501 1783 ποτε
3552 1727 3613 1782 δὲ
3668 1734 3915 1801 μείζοσει

534 1822 895 1880 alacritatem
928 1826 984 1875 et
1013 1822 1141 1891 ejus
1169 1823 1568 1878 constantiam
1599 1822 1926 1886 debilitare,
1952 1820 2009 1875 et
2028 1820 2159 1875 illun

2300 1825 2654 1895 ὑποσχέσεσιν
2703 1821 2985 1894 ἐκμαλάξαι
3034 1821 3193 1872 αὐτοῦ
3223 1824 3280 1871 τὸ
3326 1822 3591 1893 πρόθυμον
3645 1818 3916 1891 βουλομ-

536 1912 614 1968 ad
646 1927 708 1965 se
737 1909 964 1964 trahere
988 1918 1321 1979 conaretur,
1349 1912 1430 1967 ita
1456 1918 1735 1967 constans
1766 1916 1821 1966 et
1866 1908 2159 1965 immobili

2300 1932 2387 1964 νου
2447 1918 2535 1963 καὶ
2593 1911 2890 1977 ἑξέλκοντος,
2949 1914 3133 1982 ἔμεινεν
3194 1908 3471 1970 ἀσάλευτος
3528 1911 3551 1960 6
3630 1910 3914 1980 Μακάριος

538 2002 596 2057 in
629 1998 829 2054 Christi
855 1999 1225 2055 confessione
1255 2001 1465 2055 beatus
1497 2000 1592 2055 ille
1632 2000 1902 2072 perstitit,
1937 2003 2000 2053 ut
2030 1998 2163 2053 dein

2300 2009 2362 2073 τῇ
2422 2001 2687 2073 ὁμολογίᾳ,
2740 2003 2803 2060 ὡς
2855 1999 3031 2052 λοιπόν
3085 1998 3479 2070 ἀναγκασθῆναι
3549 2001 3641 2049 τόν
3702 2004 3912 2069 Φῆρμον

539 2106 677 2159 ceps
707 2087 931 2141 Firmus
966 2095 1205 2143 coactus
1236 2090 1425 2154 fuerit,
1462 2095 1638 2161 prout
1668 2089 1862 2144 edicto
1902 2087 2063 2156 regio
2098 2086 2164 2156 ju

2301 2096 2391 2142 xui
2464 2094 2598 2142 κατά
2677 2094 2733 2142 τό
2785 2094 3099 2164 πρόσταγμα
3165 2091 3222 2139 τό
3284 2086 3557 2159 βασιλικόν
3632 2083 3910 2158 δεδεμένον

537 2177 811 2240 bebatur,
837 2176 1035 2231 virum
1064 2182 1337 2233 sanctum
1395 2178 1674 2233 Acacium
1727 2176 1982 2232 vinculis
2024 2176 2162 2231 astri

2303 2179 2607 2232 ἀποστεῖλαι
2658 2183 2744 2231 τόν
2795 2178 2939 2250 ἅγιον
2990 2178 3229 2230 Ἀκάκιον
3276 2176 3495 2247 Βιϐιανῷ
3545 2196 3652 2227 τινι
3714 2184 3798 2228 τῶ
3848 2173 3912 2228 ὄι-

539 2272 717 2332 ctum,
748 2264 825 2322 ad
860 2266 1175 2322 Bibianum
1216 2268 1538 2338 quemdam
1587 2266 1834 2330 mittere,
1862 2265 1965 2337 qui
2012 2264 2158 2319 totiu

1773 2280 1834 2330 '6,
1862 2265 1965 2337 qui
2012 2264 2191 2319 totius
2302 2273 2474 2322 έποντι
2504 2274 2591 2327 τὴν
2613 2269 2833 2321 καθόλου
2860 2276 2951 2321 τοῦ
2981 2275 3205 2340 στρατοῦ
3234 2266 3398 2330 ἀξίαν.

538 2358 822 2415 exercitus
853 2356 1172 2428 imperium
1205 2354 1674 2411 administrabat.

608 2449 699 2501 IlI.
743 2448 890 2502 Cum
924 2446 1101 2515 igitur
1123 2444 1218 2500 hic
1246 2460 1357 2517 pro
1386 2443 1670 2500 tribunali
1699 2444 1951 2508 sederet,
1982 2446 2038 2499 et
2088 2458 2192 2498 eos

2376 2449 2449 2502 I".
2491 2450 2688 2501 Τούτου
2735 2447 2822 2499 οὖν
2869 2448 3205 2508 καθεσθέντος
3255 2449 3352 2521 πρὸ
3404 2452 3495 2498 τοῦ
3530 2444 3784 2517 βήματος
3832 2452 3914 2497 xui

546 2535 1009 2608 interrogaturus
1038 2538 1212 2598 esset,
1246 2535 1348 2604 qui
1373 2533 1475 2588 Dei
1502 2532 1935 2587 confessionem
1962 2532 2171 2602 proﬁte

2307 2537 2622 2612 ἐπερώτησιν
2680 2537 2951 2609 μέλλοντας
3009 2538 3274 2589 ποιεῖσθαι
3326 2544 3425 2587 τῶν
3486 2534 3557 2595 εἰς
3636 2540 3728 2586 τὸν
3792 2540 3912 2589 Θεὸν

543 2624 782 2688 bantur,
805 2623 1142 2679 Antoninus
1163 2621 1356 2675 scriba
1378 2623 1451 2676 ad
1470 2621 1783 2675 Bibianum
1813 2620 1941 2674 hme
1959 2618 2162 2673 detulit

2304 2632 2396 2685 τὴν
2450 2628 2722 2699 ὁμολογίαν
2763 2625 3086 2698 ἐσχηκότων,
3147 2626 3444 2686 Ἀντωνῖνος
3505 2631 3911 2699 κομενταρήσιος

542 2712 733 2767 Pridie
762 2713 943 2782 hujus
975 2710 1110 2774 diei,
1146 2709 1379 2764 Bibiane
1410 2724 1647 2780 praeses,
1692 2710 1919 2763 Firmus
1966 2724 2167 2763 eorum

2309 2715 2545 2789 ἀναφέρει
2604 2726 2673 2788 τῷ
2726 2716 2945 2786 Βιϐιανῷ
3013 2716 3191 2786 λέγων·
3249 2718 3405 2787 Κύριέ
3484 2734 3607 2786 μου,
3672 2724 3733 2787 τῇ
3786 2719 3903 2785 χθὲς

543 2802 646 2873 qui
692 2801 873 2856 Martii
915 2800 1213 2866 dicuntur,
1245 2798 1610 2853 tribunatum
1658 2812 1888 2867 gerens,
1919 2797 2168 2852 Aeaeiun

2307 2808 2474 2878 ἡμέρᾳ
2526 2813 2732 2880 Φῆρμος
2789 2808 2813 2858 6
2867 2804 3132 2876 τριϐοῡνος
3186 2812 3284 2855 τῶν
3355 2804 3637 2876 λεγομένων
3701 2812 3892 2877 Magn:-

544 2890 952 2945 eeuturionem
997 2888 1260 2942 vinctum
1310 2887 1471 2941 misit
1497 2887 1573 2941 ad
1627 2891 1978 2959 potestatem
2011 2892 2169 2941 tuam

2308 2900 2435 2947 σίων
2490 2896 2728 2949 Ἀκάκιόν
2782 2915 2897 2947 τινα
2951 2900 3271 2966 στρατιώτην
3336 2898 3456 2946 ὄντα
3504 2901 3597 2946 τοῦ
3657 2898 3895 2965 νουμέρον

544 2978 772 3050 quippe
803 2978 898 3049 qui
929 2976 1316 3031 dominorum
1367 2980 1712 3031 nostrorum
1742 2980 1796 3030 et
1843 2976 2169 3030 invictorun

2308 2986 2466 3037 αὐτοῦ
2516 2983 2729 3057 δέσμιον
2781 2984 3111 3058 παρέπεμψεν
3156 2988 3284 3055 πρὸς
3338 2989 3431 3041 τὴν
3491 2987 3588 3041 σὴν
3642 2982 3904 3049 ἐξουσίαν,

547 3072 953 3135 Augustorum
981 3066 1173 3122 edicto
1209 3081 1411 3137 parere
1451 3064 1721 3129 noluerit,
1751 3080 1821 3120 eo
1849 3065 2011 3137 quod
2036 3065 2167 3119 Chri

2309 3078 2370 3134 ῶς
2420 3079 2490 3146 μὴ
2545 3074 2869 3147 βουληθέντα
2926 3071 3056 3136 εἶξαι
3082 3081 3152 3144 τῷ
3182 3076 3551 3146 προστάγματι
3581 3081 3683 3123 τῶν
3718 3068 3907 3123 δεσπο-

548 3156 878 3211 stianorum
912 3155 1257 3224 religionem
1285 3160 1585 3226 sequatur.
1610 3154 1932 3225 Diligentur
1957 3170 2173 3226 quoqut

2307 3173 2404 3215 τῶν
2461 3166 2605 3234 ἡμῶν
2665 3184 2763 3215 των
2831 3162 3099 3221 ἀηττήτων
3170 3162 3501 3233 Αὐγούστων,
3559 3169 3619 3233 τῇ
3681 3157 3741 3212 δὲ
3812 3170 3906 3211 τῶν

546 3260 789 3300 causam
812 3244 991 3316 ipsius
1015 3243 1092 3299 ad
1124 3250 1177 3298 te
1220 3243 1471 3315 scripsit.
1506 3242 1779 3299 Bibianus
1837 3249 1975 3299 tunc
2004 3243 2150 3297 dixit

2310 3259 2635 3323 Χριστιανῶν
2692 3253 2941 3323 θρησκείᾳ
2995 3250 3445 3316 ἐξακολουθοῦντα,
3496 3249 3721 3323 ἀκριϐῶς
3768 3252 3904 3322 γρά-

547 3333 894 3400 Reeitentur,
920 3349 1049 3404 quae
1080 3331 1155 3388 ad
1184 3348 1277 3387 me
1312 3333 1530 3404 scripta
1558 3338 1695 3387 sunt
1718 3332 1795 3386 ab
1818 3332 2045 3401 Optimo
2077 3331 2172 3383 vir:

2306 3338 2407 3407 φας
2451 3344 2539 3390 καὶ
2592 3344 2684 3396 τὴν
2732 3339 2901 3391 αἰτίαν
2961 3343 3118 3392 αὐτοῦ
3175 3349 3235 3412 τῇ
3304 3349 3367 3413 σῇ
3426 3339 3603 3413 ἀρετῇ.
3670 3338 3914 3400 Βιειανὸς

544 3421 738 3476 Firmo
784 3421 1041 3476 tribuno.
1069 3421 1329 3476 Recitata
1371 3427 1569 3475 autem
1616 3425 1773 3482 sunt,
1808 3435 1942 3488 quae
1984 3418 2169 3488 script

2308 3423 2459 3478 εἶπεν
2510 3427 2915 3499 Ἀναγνωσθῆτω
2966 3434 3207 3501 πρότερον
3265 3433 3329 3482 τὰ
3380 3434 3640 3503 γραφέντα
3692 3437 3753 3501 τῇ
3813 3427 3910 3501 ἐμῆ

545 3513 715 3564 erant
746 3511 802 3564 in
824 3510 980 3566 hanc
1002 3511 1377 3565 sententiam.
1398 3509 1639 3563 Flaccus
1683 3507 1916 3562 Firmus
1961 3506 2170 3561 Bibiant

2306 3518 2623 3568 καθοσιώσει
2670 3520 2811 3590 παρά
2857 3525 2946 3569 τοῦ
2996 3523 3177 3589 κυρίου
3223 3539 3321 3590 μου
3362 3524 3451 3570 καὶ
3491 3517 3728 3589 ἐναρέτου
3773 3524 3914 3588 Φηρ-

547 3597 686 3652 duci
715 3597 963 3653 salutem
1000 3615 1011 3653 :
1041 3600 1327 3654 Acacium
1359 3597 1762 3652 centurionem
1815 3594 1929 3651 sub
1958 3612 2051 3650 me
2106 3595 2168 3649 tri

2306 3623 2406 3675 μου
2454 3612 2544 3655 τοῦ
2588 3604 2898 3677 ταξιαρχου·
2932 3611 3021 3657 καὶ
3060 3609 3291 3677 παρευθὺ
3337 3604 3657 3676 ἀνεγνώσθη.
3710 3604 3811 3657 Ἦν
3857 3602 3918 3657 δε

544 3685 710 3741 buno
754 3686 1125 3749 militantem,
1156 3686 1527 3756 multumque
1553 3701 1589 3740 a
1616 3685 1787 3739 nobis
1812 3685 2029 3755 partim
2080 3684 2169 3739 ille

2306 3696 2371 3746 τά
2438 3698 2699 3768 γραφέντα
2770 3702 3004 3746 τοιαῦτα·
3062 3694 3276 3755 Φλάϐιος
3353 3702 3555 3768 Φῆρμος
3620 3702 3693 3763 τῷ
3772 3698 3920 3746 κατά

546 3772 756 3842 cebris,
779 3773 996 3843 partim
1024 3772 1361 3843 promissis,
1390 3772 1601 3841 partim
1636 3773 1813 3827 etiam
1844 3773 2022 3826 minis
2058 3788 2166 3843 pro

2306 3785 2474 3834 πάντα
2557 3804 2643 3855 μοι
2719 3783 2981 3856 σεϐασμίῳ
3066 3783 3285 3854 Βιϐιανῷ
3357 3790 3584 3857 χαίρειν.
3662 3782 3917 3835 Ἀκάκιον

545 3866 846 3927 vocatum,
876 3867 997 3915 uta
1021 3859 1481 3916 Christianorum
1508 3865 1667 3915 secta
1687 3860 2031 3928 discederet,
2059 3877 2170 3915 cun

2309 3878 2629 3943 στρατιώτην
2675 3882 2765 3925 του
2797 3872 3021 3946 ἀριθμοῦ
3068 3876 3398 3944 τυγχάνοντα
3427 3881 3517 3925 τοῦ
3559 3873 3645 3924 ὑπ’
3691 3872 3778 3944 ἐμε
3809 3893 3917 3925 πο-

546 3964 606 4003 se
639 3949 1035 4003 Christianum
1066 3964 1195 4004 esse
1234 3955 1619 4013 asseveraret,
1654 3954 1709 4003 et
1759 3949 1819 4002 in
1864 3964 1933 4002 ea
1965 3948 2165 4003 confes

2306 3959 2369 4011 λα
2409 3961 2531 4033 παρ’
2584 3965 2726 4028 ἡμῶν
2758 3971 2908 4015 τοῦτο
2957 3966 3045 4035 μὲν
3086 3962 3375 4023 κολακείαις
3432 3967 3521 4015 καὶ
3575 3963 3916 4033 ὑποσχέσεσι

546 4037 713 4091 sione
773 4042 1110 4092 constanter
1151 4041 1544 4108 permaneret,
1574 4051 1686 4105 ego
1718 4036 2071 4091 invictorum
2127 4052 2171 4091 at

2306 4054 2685 4122 προτραπέντα,
2737 4060 2888 4104 τοῦτο
2948 4048 3005 4104 δὲ
3061 4056 3149 4103 καὶ
3200 4050 3434 4113 ἀπειλαῖς
3484 4053 3914 4122 ὑπομνησθέντα,

543 4124 1043 4197 triumphantium
1112 4125 1539 4196 imperatorum
1618 4128 1954 4181 nostrorum
2009 4125 2158 4196 jussi

2307 4143 2624 4211 Χριστιανὸν
2667 4138 2724 4193 δὲ
2771 4142 2953 4193 ἑαυτὸν
2983 4140 3193 4212 λέγοντα
3223 4146 3311 4193 καὶ
3364 4140 3582 4201 ἀκλινῶς
3629 4146 3747 4214 περὶ
3790 4145 3914 4193 τού-

542 4212 847 4280 obediens,
880 4214 1047 4270 illum
1073 4214 1337 4270 vinctum
1360 4215 1435 4271 ad
1482 4220 1536 4270 te
1585 4215 1739 4281 misi,
1772 4214 1877 4288 qui
1923 4221 2167 4271 torment

2304 4248 2393 4281 του
2448 4231 2654 4299 ἔχοντα,
2716 4231 2922 4302 πληρῶν
2975 4234 3033 4282 τό
3099 4236 3418 4304 πρόσταγμα
3470 4239 3570 4282 τῶν
3637 4230 3912 4289 ἀηττήτων

632 4318 701 4359 ac
728 4303 1028 4376 suppliciis
1051 4304 1263 4376 subjici
1285 4304 1481 4373 debet,
1505 4310 1568 4361 ut
1596 4304 1826 4376 legibus
1856 4304 1997 4376 ipsis
2056 4304 2166 4360 obe

2303 4321 2671 4391 τροπὰιούχων
2732 4319 2987 4393 βασιλέων
3040 4320 3205 4391 ἡμῶν,
3260 4318 3538 4372 ἀπέστειλα
3584 4315 3802 4391 δέσμιον
3842 4328 3907 4391 τῇ

543 4390 680 4446 diat-
2228 4448 2273 4502 D
2308 4416 2372 4480 σῆ
2434 4407 2757 4482 στερρότητι,
2812 4390 3083 4480 ὀφείλοντα
3150 4416 3351 4482 πρῶτον
3411 4390 3758 4482 ἐρωτηθῆναι,
3814 4390 3913 4460 εἶθ’

2307 4497 2471 4559 οὕτως
2503 4497 2768 4569 στρέϐλαις
2795 4497 3153 4556 ὑποϐληθῆναι
3176 4502 3264 4550 xui
3298 4502 3596 4573 τιμωρίαις,
3630 4498 3769 4559 ὅπως
3798 4497 3906 4572 εἴξῃ

2305 4594 2409 4647 τοῖς
2438 4595 2534 4639 τῶν
2567 4587 2960 4660 αὐτοκρατόρων
2990 4592 3184 4658 νόμοις.

613 4672 703 4728 Ν.
746 4672 863 4726 Hac
889 4670 1133 4743 epistola
1181 4672 1438 4743 recitata,
1464 4673 1745 4730 Bibianus
1793 4675 2190 4732 dixit:Addu-

2375 4676 2445 4731 Δ’.
2519 4677 2968 4746 Ἀναγνωσθείσης
3040 4673 3098 4728 δὲ
3166 4683 3258 4737 τῆς
3311 4674 3610 4742 ἐπιστολῆς,
3672 4676 3912 4740 Βιϐιανός

542 4767 709 4817 eatur
751 4761 1016 4823 Aeacius.
1075 4777 1254 4832 quem
1301 4761 1575 4817 tribunus
1617 4763 1774 4819 dicit.
1834 4764 2016 4820 Adest
2073 4766 2167 4820 ille

2302 4764 2456 4835 λέγει’
2513 4765 2836 4835 Εἱσαχθητω
2913 4765 3155 4824 Ἀκάκιος
3226 4766 3251 4816 6
3328 4769 3416 4816 xui
3485 4765 3907 4838 ἐπιζητούμενος,

542 4850 753 4922 inquit,
772 4850 1100 4903 Antoninus
1122 4850 1697 4905 Commentariorum
1712 4852 2167 4923 praefectus.Aca

2302 4838 2601 4913 Ἀντωνῖνος
2669 4860 3073 4928 κομενταρήσιος
3152 4853 3325 4923 λέγει’
3400 4853 3645 4925 Ἐστηκε,
3727 4858 3898 4930 κύριε.

543 4938 668 4993 eius
690 4954 831 4993 vero
860 4944 993 4993 tunc
1041 4937 1156 4992 illic
1206 4939 1356 4993 stetit
1405 4938 1616 4993 ridenti
1672 4940 1834 4995 vultu
1865 4957 1884 4993 :
1916 4958 2050 5013 quae
2104 4958 2160 4996 re

2305 4946 2512 5004 Σταθεὶς
2568 4939 2625 4993 δὲ
2682 4944 2706 4993 6
2762 4952 3013 5015 μακάριος
3066 4944 3311 5004 Ἀκάκιος
3366 4946 3465 5017 πρό
3523 4951 3614 4995 τοῦ
3670 4943 3910 5016 βήματος

544 5027 813 5081 futurum
842 5027 971 5097 ejus
1004 5026 1103 5080 viri
1138 5027 1423 5093 gaudium
1477 5026 1783 5094 ﬁgurabat.
1809 5030 1996 5085 Judex
2020 5032 2160 5101 igitu

2304 5032 2564 5093 Βιϐιανοῦ,
2624 5029 2762 5102 εἶχεν
2815 5036 2872 5083 τό
2925 5037 3202 5104 πρόσωπον
3254 5034 3427 5105 ῶσπερ
3480 5029 3636 5106 ῥόδον
3687 5030 3907 5104 μειδιῶν

545 5113 627 5168 illi
675 5115 869 5169 dixit:
904 5115 1219 5179 Quodnam
1276 5115 1382 5169 tibi
1433 5132 1652 5170 nomen
1714 5117 2168 5190 est?Bespondi

2305 5125 2391 5172 xui
2450 5121 2720 5182 ἀνθοῦντα,
2775 5118 2881 5179 ἤδη
2934 5121 3410 5192 προεικονιζόμενος
3453 5128 3544 5179 την
3590 5126 3766 5195 χαράν
3812 5127 3907 5180 τὴν

546 5202 641 5259 ille
677 5219 689 5257 :
725 5204 996 5273 Optabile
1027 5211 1083 5259 et
1114 5205 1257 5259 mihi
1285 5210 1337 5260 et
1385 5206 1487 5261 toti
1540 5208 1735 5277 generi
1788 5224 1922 5263 meo
1974 5226 2171 5265 nomen

2306 5209 2589 5282 μέλλουσαν
2619 5209 2771 5260 αὐτόν
2804 5206 3179 5281 διαδέχεσθαι.
3213 5214 3362 5279 Λέγει
3397 5210 3533 5280 αὐτῷ
3566 5213 3590 5263 ὁ
3624 5208 3905 5272 δικαστής·

548 5295 636 5346 est
661 5306 696 5345 a
727 5290 959 5346 Christo
986 5292 1315 5349 derivatum
1350 5316 1362 5349 :
1397 5293 1541 5349 illud
1574 5311 1734 5360 vero,
1768 5312 1882 5367 quo
1927 5298 2173 5354 humam

2307 5304 2393 5359 Τίς
2444 5297 2684 5349 καλείσαι
2717 5316 2728 5363 ;
2759 5298 2816 5349 Ὀ
2867 5298 3015 5369 άγιος
3058 5299 3299 5357 Ἀκάκιος
3348 5295 3480 5350 εἶπεν
3511 5317 3523 5328 ⁸
3558 5304 3626 5352 T6
3672 5302 3906 5352 ποθεινόν

548 5396 663 5435 usu
696 5378 982 5450 appellor,
1015 5383 1266 5437 Aeacius
1299 5389 1403 5440 est.
1446 5385 1531 5440 Ad
1568 5385 1694 5440 haae
1724 5386 1947 5440 Judex:
1986 5389 2173 5451 Quare

2310 5391 2468 5459 ὄνομα
2514 5389 2625 5458 ἐμοί
2672 5406 2725 5438 τε
2770 5392 2858 5439 xui
2896 5392 3047 5439 παντὶ
3093 5395 3163 5457 τῷ
3208 5392 3339 5458 γένει
3386 5408 3486 5460 μου
3548 5396 3900 5464 Χριστιανός·

551 5468 764 5539 inquit,
790 5468 1041 5521 Aeacius
1099 5471 1467 5538 nominatus,
1510 5479 1573 5529 ut
1624 5475 1747 5544 ipse
1801 5474 1969 5544 dicis,
2005 5474 2176 5531 malu:

2309 5480 2368 5528 -ό
2424 5473 2483 5528 δε
2530 5484 2619 5535 τῆς
2647 5482 2887 5548 χρήσεως
2958 5485 3053 5536 τῆς
3108 5480 3235 5550 πρὸς
3284 5476 3583 5549 ἀνθρώπους
3641 5481 3900 5538 Ἀκάκιος.

552 5570 710 5615 nunc
740 5571 823 5622 es,
852 5570 975 5613 non
1025 5555 1311 5614 obediens
1354 5561 1524 5617 editis
1568 5562 1997 5635 imperatorum
2027 5564 2054 5623 .‘I
2081 5567 2177 5623 H04

2312 5564 2371 5617 '0
2426 5562 2687 5643 δικαστὴς
2750 5561 2925 5617 εἶπεν·
2983 5569 3085 5621 Καὶ
3143 5562 3237 5619 διὰ
3304 5571 3376 5630 τί,
3426 5573 3604 5640 φησιν,
3662 5568 3903 5631 ’Δκάκιος
