4114 6262
247 265 358 323 221
1413 267 1584 327 VITA
1617 266 1683 354 ε.⁵
1716 264 1948 357 ACAGII
1986 267 2455 333 CAPPADOCIS.
3505 283 3614 340 222

247 393 548 468 λεγόμενος,
617 395 787 454 καθὼς
838 392 1020 465 λίγεις,
1076 397 1237 456 κακός
1295 399 1481 468 φαίνει,
1535 398 1605 468 μὴ
1684 394 1853 446 πειθό-

1986 396 2118 452 enim
2148 398 2508 469 signiﬁcant,
2531 418 2667 476 quae
2683 402 2859 459 nobis
2872 419 2908 460 a
2929 404 3120 462 Firmo
3139 403 3374 462 tribuno
3392 406 3611 478 scripta

244 504 406 557 μενος
462 489 572 544 τοῖς
629 485 983 556 θεσπίσμασιν
1048 492 1146 535 τῶν
1210 485 1603 558 αὐτοκρατόρων
1645 501 1660 550 ;
1701 490 1852 535 τοῦτο

1982 493 2118 542 sunt.
2147 491 2290 545 Tum
2324 491 2569 548 Aeacius
2598 511 2609 548 :
2645 493 2932 565 Captiosis
2966 493 3344 549 sermonibus
3371 511 3607 550 mecum

247 577 356 647 γὰρ
413 578 502 625 καὶ
556 577 800 645 σημαίνει
846 575 912 625 τὰ
966 578 1224 646 γραφένῇκ
1274 575 1398 646 ἡμῖν
1454 575 1598 648 παρὰ
1635 577 1849 644 Φόρμου

1981 576 2104 643 lng,
2133 593 2168 631 ο
2193 577 2373 648 judex
2407 597 2420 646 ;
2456 597 2662 636 verum
2693 597 2803 650 ego
2828 581 2929 637 tibi
2962 580 3196 637 afﬁrmo
3227 581 3304 637 ob
3326 599 3458 638 eam
3480 600 3606 640 rem

248 671 348 715 τοῦ
400 662 713 734 ταξιάρχου.
753 661 812 714 '0
855 662 1002 734 οἶγιος
1049 663 1294 725 Ἀκάκιος
1341 660 1499 715 εἶπεν·
1552 664 1852 732 Κατασοφί-

1985 665 2172 720 ustius
2217 682 2310 722 me
2364 669 2648 724 Acacium
2696 670 3016 735 nominari,
3061 670 3226 742 quod
3259 670 3441 726 nolim
3490 672 3605 727 die

252 752 334 813 ζει
359 771 480 824 μου,
535 752 573 802 ὦ
633 747 890 804 δικαστά·
952 751 1052 825 ἐγὼ
1119 749 1179 804 δέ
1233 771 1317 804 σοι
1367 753 1515 824 λέγω,
1575 754 1651 804 ὅτι
1715 754 1850 804 κατὰ

1982 769 2204 810 nonum
2222 755 2470 813 istorum
2493 759 2844 828 sanguinem
2866 759 3200 814 vorantium
3220 759 3459 814 malitiae
3482 776 3607 832 par-

246 848 408 894 τοῦτο
455 839 645 914 μᾶλλον
687 839 938 903 Ἃκάκιος
993 841 1227 915 λέγομαι·
1270 841 1328 895 ού
1375 844 1476 915 γὰρ
1533 841 1658 894 θέλω
1694 861 1848 914 μετα-

1980 841 2139 922 iceps
2167 842 2314 911 ﬁeri,
2347 862 2543 919 neque
2573 863 2710 903 cum
2751 847 2970 903 Graecis
3000 849 3469 914 communicare,
3503 849 3605 921 qui

248 938 404 1002 σχεῖν
443 938 534 992 τῆς
563 935 746 991 κακίας
780 935 870 984 καὶ
922 935 1174 1004 πονηρίας
1211 939 1310 984 τῶν
1342 931 1532 984 ἀθλίων
1579 936 1669 984 καὶ
1699 935 1846 1004 αἱμο-

1978 930 2169 988 alibus
2200 933 2637 1007 obtemperant.
2670 938 2741 992 At
2761 935 2946 1006 judex
2972 935 3118 992 dixit
3151 952 3164 990 ε
3200 936 3511 992 Undenam
3543 941 3603 993 tu

245 1018 413 1092 ϐόρων
469 1016 729 1092 δαιμόνων
806 1024 836 1080 ἣ
891 1028 991 1073 τῶν
1047 1024 1252 1084 τούτοις
1303 1023 1614 1094 πειθομένων
1672 1020 1845 1078 Ἐλλὴ·

1978 1037 2034 1086 :s,
2067 1021 2171 1094 qui
2211 1028 2329 1078 tam
2383 1025 2696 1080 temerario
2745 1040 3021 1080 sermone
3057 1029 3108 1079 te
3131 1024 3322 1095 jactas
3353 1023 3381 1078 ?
3420 1024 3603 1092 Quor-

245 1128 366 1164 νων.
451 1107 510 1160 '0
563 1105 820 1170 δικαστὴς
908 1106 1062 1162 εἶπεν
1120 1112 1280 1164 Πόθεν
1333 1112 1626 1184 ὁρμώμενος
1709 1110 1842 1161 οὕτω

1983 1125 2108 1174 um,
2134 1111 2329 1183 inquit
2355 1112 2618 1182 Aeacius,
2645 1114 2719 1170 de
2751 1113 2941 1186 patria
2973 1129 3065 1167 me
3097 1112 3424 1182 interrogas
3447 1115 3474 1170 ?
3501 1113 3603 1169 Cui

244 1199 616 1270 καταθρασύνῃ
694 1205 766 1269 τῷ
818 1197 949 1270 λόγῳ
983 1197 1085 1266 ;¹Ο
1159 1199 1302 1270 ἅγιος
1377 1200 1620 1260 ’Δκάκιος
1684 1195 1836 1251 εἶπεν·

1977 1197 2130 1253 udex
2162 1215 2174 1251 :
2204 1201 2494 1265 Quoniam
2524 1217 2725 1256 rerum
2753 1218 2927 1256 usum
2955 1201 3269 1266 habemus,
3299 1204 3356 1255 et
3380 1202 3601 1273 patria—

244 1289 310 1338 Τί
356 1287 458 1358 γὰρ
500 1294 652 1339 τοῦτο
685 1295 831 1360 ποιῇ,
881 1289 959 1340 ὅτι
1005 1286 1191 1360 ἐρωτᾷς
1241 1293 1360 1362 περὶ
1404 1296 1497 1349 τῆς
1539 1285 1837 1362 πατρίδοςς

1975 1302 2084 1340 ιυω
2139 1303 2332 1342 mores
2380 1293 2534 1345 recte
2587 1290 2882 1355 novimus,
2937 1294 3248 1360 propterea
3302 1289 3415 1344 hoc
3461 1305 3497 1346 a
3548 1296 3600 1346 te

239 1372 300 1426 '0
393 1371 650 1436 δικαστής
723 1373 856 1430 εἶπεν
885 1394 898 1406 °
955 1374 1167 1436 Ἐπειδὴ
1253 1380 1486 1450 ἔμπειροι
1559 1381 1840 1450 γεγόναμεν

1974 1375 2216 1446 [uaesivi,
2245 1382 2308 1432 ut
2335 1393 2443 1449 pro
2469 1378 2598 1449 ejus
2622 1377 2851 1450 patriae,
2875 1393 2947 1433 ex
2977 1393 3099 1449 qua
3128 1382 3183 1432 tu
3216 1393 3300 1446 es,
3332 1378 3599 1434 moribus

243 1467 335 1515 καὶ
387 1466 452 1516 τὰ
502 1467 604 1524 ἤθη
673 1474 771 1519 τῶν
828 1463 1099 1538 πατρίδων
1143 1465 1486 1539 ἐπιστάμεθα,
1541 1463 1634 1518 διὰ
1686 1474 1837 1518 τοῦτο

1972 1479 2017 1517 ιο
2056 1464 2340 1533 dignitate
2381 1481 2472 1520 me
2504 1466 2565 1521 in
2603 1466 2717 1522 hac
2755 1466 3082 1538 quaastione
3129 1469 3597 1538 prtestem.Tum

244 1551 560 1626 ἔπηρὼτησά
617 1574 694 1623 σε,
753 1557 836 1608 ἵνα
871 1559 1000 1628 πρὸς
1047 1559 1105 1607 τό
1145 1552 1271 1615 ἦθος
1307 1564 1402 1616 τῆς
1447 1551 1704 1626 πατρίδος
1741 1573 1835 1606 σου

1974 1552 2194 1606 ιοᾶοὶιιε
2248 1569 2260 1606 :
2321 1554 2560 1619 Genere,
2620 1553 2830 1626 inquit,
2890 1554 3148 1608 Achivus
3179 1571 3333 1619 sum,
3364 1553 3419 1608 in
3451 1555 3599 1625 Cap-

244 1639 496 1707 ἀκούσας,
537 1643 670 1696 οὕτω
721 1649 810 1696 καὶ
856 1649 1148 1717 χρήσωμαι
1200 1642 1247 1695 έν
1278 1651 1349 1714 τῷ
1403 1648 1622 1717 παρόντι
1671 1662 1833 1716 προσ-

1972 1638 2199 1695 ιδάοοίθ,
2229 1656 2368 1696 vero
2398 1646 2572 1696 natus
2613 1661 2625 1700 :
2676 1657 2798 1712 quo
2828 1641 2960 1696 loco
3005 1657 3142 1696 cum
3179 1646 3454 1714 parentes
3482 1641 3597 1696 mei

237 1734 488 1804 τάγματι.
535 1732 592 1786 Ὀ
653 1734 798 1804 ἅγιος
865 1735 1107 1796 Ἀκάκιος
1172 1733 1325 1786 εἶπεν·
1392 1736 1528 1785 Γένει
1573 1735 1662 1804 μὲν
1726 1731 1832 1803 εἰμὶ

1968 1727 2294 1794 labitarent,
2330 1729 2408 1785 ad
2454 1730 2778 1786 exercitum
2833 1730 2984 1795 veni,
3022 1730 3116 1785 ubi
3160 1736 3214 1785 et
3246 1729 3468 1785 multos
3521 1746 3593 1786 ex

239 1819 482 1893 ’Δχαιός,
547 1821 819 1894 ἐγεννήθην
865 1819 924 1876 δε
980 1822 1028 1874 ἐν
1090 1818 1476 1894 Καππαδοκίᾳ·
1525 1819 1688 1874 ἐκεῖσε
1727 1825 1831 1873 τοίο

1970 1816 2090 1871 neis
2137 1818 2643 1874 commilitonibus
2699 1823 2838 1874 ante
2891 1835 2985 1874 me
3035 1819 3240 1874 Christi
3305 1822 3595 1890 martyres

233 1931 328 1964 νυν
385 1917 474 1966 καὶ
535 1917 629 1972 τὴν
685 1917 994 1972 κατοίκησιν
1045 1921 1143 1965 τῶν
1199 1916 1382 1984 γονέων
1419 1931 1520 1984 μου
1583 1909 1831 1984 ἐχόντων,

1967 1905 2124 1961 uisse
2139 1909 2340 1978 accepi
2365 1924 2377 1961 :
2407 1906 2553 1980 quin
2575 1907 2752 1963 etiam
2775 1906 3000 1963 vicinos
3023 1911 3077 1962 et
3111 1907 3370 1979 mquales
3403 1923 3589 1972 meos,

233 1999 325 2053 ἐπὶ
377 2007 649 2077 στρατείαν
699 2000 872 2070 ἦλθον,
925 2004 1037 2056 ὅθεν
1082 2002 1315 2076 μάλιστα
1357 2007 1446 2054 καὶ
1485 2000 1700 2062 πολλοὺς
1733 2009 1832 2053 τῶν

1968 1995 2088 2049 ales
2118 1995 2299 2050 fuisse
2325 1995 2580 2066 cognovi
2611 2013 2624 2051 :
2653 1995 2872 2069 quibus
2899 2001 2955 2050 et
2992 1996 3301 2064 signorum
3337 1995 3593 2065 gratiam

232 2100 644 2166 συστρατιωτῶν
699 2112 800 2164 μου
853 2091 1205 2166 προλαϐόντας
1250 2093 1520 2166 μάρτυρας
1566 2098 1657 2143 τοῦ
1706 2098 1834 2164 Χρι-

1974 2087 2074 2139 lost
2099 2083 2370 2155 ipsorum
2397 2089 2649 2140 mortem
2681 2101 2717 2140 a
2746 2087 2862 2140 Deo
2892 2084 3022 2156 ipso
3051 2083 3420 2155 impartitam
3443 2083 3599 2138 vidi-

228 2187 364 2232 στοῦ
419 2182 677 2254 γνωρίζω,
739 2180 866 2234 ἀλλὰ
933 2186 1022 2234 καὶ
1075 2186 1309 2253 γείτονας
1363 2186 1452 2234 καὶ
1527 2181 1832 2240 συνηλικιώ-

1972 2188 2093 2228 nus.
2117 2173 2248 2228 Illos
2268 2173 2445 2243 igitur
2464 2173 2630 2245 sequi
2652 2172 2854 2239 malui,
2878 2189 3062 2245 quam
3087 2187 3188 2227 eas
3210 2189 3361 2244 quas
3387 2187 3493 2226 vos
3516 2171 3597 2227 le-

221 2285 327 2328 τας
373 2287 498 2340 μου.
556 2268 822 2342 Βούλομαι
869 2267 956 2323 οὖν
1025 2272 1236 2332 ἐκείνοις
1291 2271 1340 2324 α’
1384 2269 1834 2342 μᾶλλονκολουθῆ-

1968 2277 2043 2329 {es
2069 2261 2284 2328 dicitis,
2325 2278 2463 2319 cum
2511 2263 2792 2318 humanae
2834 2262 2950 2318 illae
2981 2262 3114 2326 sint,
3175 2267 3232 2317 et
3284 2277 3405 2317 una
3454 2276 3593 2315 cum

225 2374 348 2425 σαι,
403 2359 540 2431 εἴπερ
588 2365 698 2422 τοῖς
725 2358 1015 2433 λεγομένοις
1062 2364 1190 2432 νόμο
1246 2358 1326 2420 ιςά
1351 2361 1568 2432 ρπύμῶν
1639 2359 1834 2433 ἀνθρώ-

1963 2350 2286 2407 iominibus
2310 2356 2444 2424 post
2472 2350 2604 2407 vitae
2625 2351 2804 2422 hujus
2852 2366 3164 2407 excessum
3197 2363 3588 2422 corrumpan-

220 2466 342 2498 πων
391 2445 618 2501 ἀκοῦσαι
663 2455 769 2510 τοῖς
823 2450 934 2521 μετ’
978 2448 1146 2502 αὐτῶν
1187 2450 1538 2523 φθειρομένοις
1587 2455 1649 2521 τῇ
1699 2467 1832 2522 παρ-
1939 2441 2057 2496 tum

222 2536 430 2610 αλλαγῇ
463 2545 555 2590 τοῦ
583 2536 707 2611 βίου
737 2541 945 2593 τούτου.

303 2627 383 2684 E’.
461 2626 519 2680 '0
599 2625 852 2689 δικαστὴς
903 2625 1056 2682 εἶπεν·
1127 2632 1213 2687 Μὴ
1280 2632 1523 2702 νομίσῃς,
1591 2628 1823 2694 Ἀκοίκιε,

2005 2637 2070 2690 V.
2098 2633 2189 2690 Ad
2220 2634 2346 2690 haec
2369 2635 2552 2705 judex
2581 2653 2594 2690 :
2628 2639 2707 2691 Ne
2729 2641 2900 2708 putes
2934 2633 3608 2692 mediocres'cruciatus

214 2718 324 2778 τὰς
362 2719 633 2790 τυχούσας
687 2737 744 2770 σε
777 2723 1032 2792 τιμωρίας
1063 2715 1397 2782 ἐκδέξασθαι·
1449 2723 1540 2771 καὶ
1592 2723 1693 2794 γὰρ
1737 2723 1827 2772 καὶ

1970 2724 2039 2781 Lbi
2071 2723 2375 2796 parandos
2400 2739 2533 2780 esse
2562 2740 2576 2791 ;
2627 2725 2844 2779 etenim
2881 2725 2994 2780 ista
3022 2725 3228 2796 patriae
3260 2729 3376 2780 tuae
3406 2741 3595 2794 nuga-

211 2808 283 2858 τό
333 2808 552 2882 πάτριόν
593 2827 686 2859 σου
732 2805 967 2882 ληρῶδες
1007 2814 1096 2862 καὶ
1149 2808 1408 2880 ἀπότομον
1457 2811 1644 2882 θάρσος
1674 2815 1825 2861 τοῦτο

1971 2814 2080 2870 itas
2109 2819 2166 2869 et
2206 2814 2357 2869 mira
2386 2813 2688 2870 temeritas
2715 2814 2831 2869 hoc
2879 2815 3273 2885 expostulent.
3308 2814 3390 2869 Ne
3420 2814 3595 2885 igitur

217 2899 398 2959 ζητεῖ.
455 2894 616 2948 Ὠστε
669 2897 758 2948 οὖν
794 2898 965 2949 πάντα
1022 2917 1117 2949 σου
1177 2901 1262 2949 τὸν
1314 2897 1568 2968 λογισμόν
1639 2897 1824 2950 ἐκεῖνον

1970 2917 2063 2957 ,ωο
2107 2901 2366 2971 patiaris,
2421 2901 2612 2973 abjice
2661 2917 2871 2957 omnes
2896 2903 3039 2957 istas
3085 2902 3490 2972 cogitationes,
3537 2906 3595 2957 et

208 2983 406 3060 ῥίψας,
463 2983 678 3043 θέλησον
731 2987 1098 3060 πειθαρχῆσαι
1145 2993 1249 3047 τοῖς
1303 2991 1483 3056 νόμοις
1524 2994 1623 3037 τῶν
1667 2985 1826 3057 βασι-

1968 2993 2367 3061 mperatorum
2409 2990 2642 3060 legibus
2691 2991 3058 3063 obtempera,
3104 2991 3355 3046 deorum
3411 2990 3593 3047 cultui

209 3073 350 3126 λέων
381 3081 442 3146 τῇ
480 3077 612 3146 πρὸς
649 3077 770 3136 τοὺς
802 3075 942 3135 θεοὺς
990 3077 1253 3148 θεραπείᾳ,
1312 3073 1384 3128 δι’
1416 3075 1507 3136 οὖς
1543 3083 1825 3146 κρατοῦσιν

1973 3078 2225 3144 erviens,
2245 3095 2501 3150 quorum
2521 3085 2670 3134 nutu
2687 3061 2958 3135 omnium
2982 3079 3227 3136 victores
3246 3096 3315 3136 ac
3336 3084 3592 3136 rectores

208 3165 265 3216 oi
326 3165 395 3214 τὰ
450 3165 621 3215 πάντα
649 3172 886 3225 νικῶντες
937 3169 1026 3216 καὶ
1077 3161 1334 3225 διέποντες
1392 3163 1708 3234 Αὖγουστοι,
1741 3164 1828 3215 αἰ-

1967 3167 2189 3236 Lugusti
2218 3181 2416 3222 rerum
2449 3168 2756 3238 potiuntur
2789 3183 2803 3223 :
2849 3184 2960 3224 nos
2987 3168 3167 3225 etiam
3220 3172 3277 3223 et
3328 3168 3592 3224 tribunal

213 3249 488 3312 δεσθῆναι
530 3249 589 3305 δε
628 3257 717 3305 καὶ
759 3255 899 3324 ἡμᾶς
945 3257 1034 3305 καὶ
1081 3256 1140 3306 τό
1186 3253 1339 3326 βῆμα
1394 3255 1563 3325 ἡμῶν,
1616 3259 1706 3306 καὶ
1757 3259 1828 3326 μὴ

1966 3271 2054 3311 ioc
2081 3257 2352 3310 nostrum
2373 3269 2660 3320 reverere,
2680 3271 2874 3327 neque
2893 3263 3066 3326 putes
3087 3263 3141 3312 te
3171 3257 3442 3312 omnium
3465 3273 3591 3314 esse

208 3345 447 3414 νόμίσης
499 3338 630 3393 εἶναι
680 3344 884 3395 πάντων
924 3348 1313 3418 φρονιμώτερος,
1369 3341 1587 3415 ἀπονοίᾳ
1633 3341 1832 3414 ἀκαίρῳ

1967 3343 2498 3407 >rudentissimum,
2531 3344 2863 3398 temeritate
2910 3344 3019 3398 ista
3049 3344 3392 3415 importuna
3418 3361 3592 3402 nunc

212 3434 572 3503 κεχρημένος,
625 3431 694 3492 εἰς
745 3433 1015 3504 ἄνθρωπόν
1072 3452 1206 3500 τινα,
1252 3435 1321 3494 ὥς
1375 3451 1532 3504 φασιν
1577 3428 1830 3484 ύποδικον

1968 3432 2308 3499 ὼυιθηιθω,
2336 3435 2395 3486 et
2420 3432 2478 3486 in
2535 3432 2778 3487 homine
2805 3431 2923 3496 illo,
2957 3448 3136 3503 quem
3169 3432 3361 3504 poenis
3387 3449 3593 3489 secun-

210 3527 330 3581 τοῖς
371 3523 546 3591 νόμοις
576 3525 928 3592 γεγενημένον,
979 3523 1068 3582 τὰς
1102 3519 1313 3583 ἐλπίδας
1354 3524 1516 3593 ἔχων.
1565 3529 1623 3573 Ὁ
1676 3520 1818 3592 ἅγιος

1968 3520 2086 3576 lum
2115 3519 2310 3589 legem
2347 3521 2598 3576 decretis
2627 3520 2963 3590 subjectum
2989 3521 3168 3575 fuisse
3210 3520 3396 3588 aiunt,
3455 3537 3593 3593 spes

211 3606 472 3672 Ἀκάκιος
547 3610 701 3682 λέγει’
785 3610 1015 3682 Σφάλλει,
1075 3608 1325 3677 δικαστά,
1401 3607 1574 3670 δεινὴν
1633 3610 1829 3668 πλάνην

1966 3625 2074 3664 uas
2105 3607 2518 3665 collocantem.
2576 3612 2764 3674 Erras,
2797 3608 2989 3681 inquit
3017 3608 3286 3675 Aeacius,
3319 3625 3356 3664 o
3382 3610 3587 3679 judex,

207 3706 311 3752 τοῦ
370 3706 570 3752 Σατανᾶ
610 3701 953 3774 πλανώμενος·
1001 3703 1058 3755 ού
1117 3705 1218 3777 γὰρ
1266 3699 1359 3754 διὰ
1403 3706 1494 3760 τὴν
1553 3701 1829 3774 θεραπείαν

1966 3697 2307 3766 gravissimis
2359 3699 2592 3753 Satanae
2639 3696 2884 3772 fallaciis
2927 3697 3213 3768 deceptus
3242 3717 3259 3768 ;
3284 3714 3404 3754 non
3431 3699 3591 3754 enim

207 3797 317 3842 τῶν
353 3790 498 3858 θεῶν,
544 3786 610 3842 ὧν
641 3795 821 3863 Λέγεις,
853 3800 1136 3866 κρατοῦσιν
1175 3795 1225 3845 οὶ
1265 3791 1520 3865 βασιλεῖς,
1572 3789 1700 3842 ἀλλὰ
1729 3787 1822 3842 διὰ

1965 3791 2181 3857 πορίων
2209 3801 2413 3842 eorum
2447 3786 2718 3851 deorum,
2760 3801 2914 3857 quos
2947 3792 3010 3840 tu
3039 3785 3210 3854 dicis,
3237 3785 3462 3842 cultum
3483 3787 3590 3844 im-

211 3882 314 3936 τὴν
376 3885 723 3952 συγχώρησιν
771 3889 863 3935 τοῦ
907 3881 1104 3955 ἀγαθοῦ
1152 3887 1242 3934 καὶ
1281 3881 1648 3952 εύσπλάγχνου
1695 3886 1828 3932 Θεοῦ

1962 3875 2102 3931 )erio
2133 3874 2394 3932 Caesares
2419 3874 2669 3944 Augusti
2695 3874 3020 3943 potiuntur,
3069 3874 3174 3929 sed
3212 3874 3454 3944 benigni
3491 3875 3587 3930 Dei

207 3974 310 4020 τοῦ
369 3969 438 4020 τὰ
486 3971 651 4022 πάντα
681 3975 994 4032 ποιήσαντος
1042 3975 1130 4024 καὶ
1179 3969 1639 4043 διακυϐερνῶντος·
1670 3971 1730 4020 τὸ
1767 3964 1827 4023 δε

1962 3966 2140 4020 ιωῑιὶᾶ
2160 3963 2544 4033 gubernantis
2575 3962 2955 4018 concessione
2987 3963 3100 4018 hoc
3122 3961 3390 4018 efﬁcitur.
3416 3963 3587 4029 Quod

209 4062 288 4118 εὶς
329 4057 602 4132 ἄνθρωπον
657 4056 931 4126 ὑπόδικον,
972 4063 1042 4123 ὡς
1081 4064 1146 4114 σὺ
1188 4061 1370 4133 λέγεις,
1419 4065 1564 4134 ἔχειν
1599 4081 1682 4134 με,
1741 4055 1828 4114 δι-

1960 4057 2138 4108 Lutem
2159 4053 2324 4119 dicis,
2353 4053 2410 4107 in
2429 4052 2673 4109 homine
2689 4052 3090 4106 condemnato
3107 4055 3190 4120 (ut
3209 4051 3334 4123 ipse
3352 4053 3467 4116 ais)
3489 4068 3585 4109 me

204 4149 410 4214 καστά,
474 4151 570 4212 τὰς
618 4147 860 4217 ἐλπίδας,
916 4153 1101 4223 γνῶθι,
1159 4153 1236 4204 ὅτι
1288 4153 1560 4224 ἄνθρωπος
1609 4155 1698 4224 μὲν
1749 4149 1824 4205 δι’

1959 4157 2101 4212 pem
2142 4141 2486 4208 collocasse,
2525 4143 2672 4198 scito
2700 4143 2909 4198 Jesum
2947 4141 3270 4196 Dominum
3310 4146 3584 4198 nostrum

205 4239 354 4309 ἡμᾶς
408 4237 434 4289 ὀ
497 4239 690 4313 Κύριος
739 4241 885 4312 ἡμῶν
935 4239 1139 4303 Ἰησους
1189 4245 1418 4313 Χριστός
1467 4241 1691 4312 ἐπεφάνη
1749 4249 1822 4312 τῷ

1959 4229 2239 4284 nominem
2277 4229 2465 4284 nostri
2495 4245 2678 4285 causa
2716 4228 2961 4296 factum,
3003 4230 3066 4284 in
3097 4230 3394 4285 mundum
3423 4230 3584 4287 hunc

200 4330 420 4398 κόσμῳ,
471 4327 552 4380 ἵνα
612 4334 759 4400 σώσῃ
818 4331 977 4400 ἡμᾶς·
1034 4333 1160 4390 Θεὸς
1211 4326 1271 4381 δε
1321 4330 1387 4380 ὢν
1437 4329 1680 4389 ἀληθινός
1731 4334 1821 4380 καὶ

1960 4315 2184 4383 'enisse,
2200 4316 2446 4374 utnobis
2465 4316 2718 4373 salutem
2740 4317 2908 4372 daret
2939 4333 2953 4372 :
2972 4317 3075 4388 qui
3093 4333 3229 4373 eum
3247 4317 3406 4373 idem
3427 4325 3585 4376 esset

202 4418 377 4488 φέρων
427 4419 522 4473 τὴν
571 4415 864 4491 ἀπόρῥητον
917 4416 1074 4469 αύτοῦ
1126 4416 1441 4487 οἰκονομίαν,
1496 4418 1558 4475 ἣν
1617 4415 1710 4469 οὐκ
1758 4418 1818 4468 ἄν

1958 4421 2100 4462 'erus
2129 4405 2301 4471 Deus,
2340 4405 2491 4462 mira
2514 4405 2782 4479 quadam
2811 4411 2868 4462 et
2889 4405 3186 4462 immensa
3214 4408 3583 4480 providentia

203 4501 423 4576 δυνήσῃ
457 4502 682 4558 ἀκοῦσαι
727 4510 758 4564 ἤ
803 4513 1016 4578 γνῶναι,
1056 4505 1099 4558 εἰ
1143 4509 1216 4578 μὴ
1268 4514 1467 4580 πρῶτον
1515 4505 1694 4559 ἑαυτὸν
1740 4507 1819 4559 εὖ·

1955 4511 2260 4552 iumanam
2298 4496 2557 4568 suscepit
2586 4502 2885 4561 naturam,
2918 4500 2974 4552 et
3012 4511 3146 4551 eam
3167 4497 3228 4551 in
3261 4513 3322 4553 se
3351 4496 3580 4554 habuit.

202 4595 466 4664 τρεπίσῃς
510 4601 573 4666 τῇ
623 4599 820 4647 πίστει·
869 4602 975 4655 πῶς
1020 4595 1081 4646 ἄν
1125 4593 1240 4647 κατ’
1289 4592 1438 4657 ἀξίαν
1489 4591 1818 4668 διηγήσομαί

1954 4584 1991 4640 d
2011 4601 2148 4640 vero
2179 4589 2238 4640 tu
2262 4600 2458 4657 neque
2484 4600 2867 4654 cognoscere,
2894 4600 3088 4657 neque
3105 4585 3311 4642 audire
3335 4588 3579 4661 poteris,

204 4685 310 4752 σόγ
355 4685 528 4748 ;Θεός
555 4685 657 4757 γὰρ
697 4683 765 4735 ὢν
813 4682 1071 4753 ἀληθινός,
1119 4684 1188 4746 ὥς
1234 4687 1376 4756 ἔφην,
1406 4687 1498 4743 τὴν
1530 4687 1684 4758 φύσιν
1727 4691 1817 4739 καὶ

1955 4674 2036 4729 tisi
2051 4675 2212 4746 prius
2230 4674 2302 4729 tei
2311 4691 2486 4746 psum
2502 4673 2639 4729 ﬁdei
2654 4673 3003 4731 Christiana;
3024 4676 3580 4732 accommodaveris.

201 4774 410 4831 Λσοιος
465 4768 758 4845 ἀδιαίρετος
807 4774 1081 4848 ὑπάρχων,
1133 4777 1223 4826 καί
1275 4770 1546 4835 συναίδιος
1600 4772 1677 4826 ἀεὶ
1725 4783 1816 4828 τοῦ

1956 4766 2072 4818 :um
2099 4763 2256 4819 enim
2287 4769 2520 4827 natura,
2540 4763 2760 4828 utdixi,
2796 4768 2953 4819 esset
2971 4779 3146 4818 verus
3170 4765 3350 4829 Deus,
3373 4765 3581 4820 etVer—

202 4863 444 4935 Ιιατρὸς,
495 4863 544 4914 ἐν
594 4859 766 4928 ἰδίοις,
823 4864 905 4915 ὅτε
961 4863 1229 4927 ἠθέλησεν,
1262 4871 1466 4936 καιροῖς
1502 4862 1725 4917 ἐτέλεσεν
1756 4869 1813 4917 τό

1954 4868 2068 4907 tum
2088 4852 2302 4908 aPatre
2317 4867 2435 4906 non
2451 4852 2730 4919 divisum,
2751 4851 2855 4906 sed
2887 4867 3023 4906 cum
3050 4851 3149 4906 illo
3173 4867 3409 4924 semper
3431 4869 3579 4910 com-

202 4972 360 5030 οργον
415 4959 508 5012 τῆς
561 4953 812 5025 ἡμετέρας
859 4957 1140 5026 σωτηρίας,
1193 4957 1282 5004 καὶ
1321 4960 1418 5014 τῆς
1454 4958 1815 5027 κατακρίσεως

1954 4956 2154 4995 ernum
2167 4983 2180 5007 ,
2197 4941 2468 5012 propriis,
2483 4941 2704 5014 quibus
2718 4940 2845 5011 ipse
2860 4939 3060 5005 voluit,
3095 4941 3460 5012 temporibus
3476 4959 3579 5000 no-

201 5027 277 5098 ωῦ
325 5048 553 5113 Σατανᾶ,
619 5049 710 5095 τοῦ
789 5040 876 5095 ἀπ’
933 5041 1104 5117 ἀρχῆς
1163 5040 1557 5115 βασκαίνοντος,
1612 5043 1815 5102 ἠλευθέ-

1951 5035 2061 5085 ηιιιεθ
2088 5029 2294 5085 salutis
2324 5045 2476 5101 opus
2515 5029 2775 5101 perfecit,
2811 5033 2866 5083 et
2894 5044 2930 5083 a
2958 5027 3438 5101 Satanaewipsius,
3471 5032 3576 5102 qui

1923 5119 2000 5174 ab
2025 5118 2190 5174 initio
2216 5118 2389 5174 nobis
2414 5118 2724 5184 inviderat,
2761 5116 3260 5175 condemnatione
3285 5134 3354 5175 ac
3388 5120 3575 5176 servi-

1923 5213 2041 5264 tute
2077 5223 2186 5264 nos
2215 5207 2510 5264 liberavit.

291 5310 385 5396 ς’.
415 5310 481 5363 '0
521 5306 779 5370 δικαστὴς
822 5305 976 5362 εἶπεν⁶
1032 5312 1132 5362 Καὶ
1189 5308 1233 5362 εἰ
1278 5310 1391 5361 κατ’
1435 5309 1593 5363 αὐτοῦ
1635 5313 1806 5383 πράσ-

1990 5296 2080 5351 VI.
2103 5297 2191 5351 Ad
2221 5296 2350 5352 haec
2375 5296 2561 5367 judex
2593 5295 2740 5352 dixit
2769 5313 2783 5351 :
2819 5294 2876 5352 Si
2905 5295 3286 5368 imperatores
3307 5297 3575 5371 ipsieon-

206 5385 392 5456 σουσιν
441 5401 492 5454 οἰ
549 5398 805 5472 βασιλεῖς,
863 5407 969 5460 πῶς
1028 5397 1121 5451 οὐκ
1177 5397 1442 5471 ἀμείϐεται
1494 5402 1713 5463 τούτους
1780 5402 1806 5453 ὁ

1949 5401 2007 5441 ra
2033 5401 2170 5441 eum
2196 5385 2438 5451 faciunt,
2459 5390 2631 5440 curet
2659 5385 2792 5440 illos
2820 5385 3431 5458 noanunitChristus
3465 5387 3574 5444 iste

206 5494 434 5564 Χριστός
466 5507 584 5555 σου,
615 5489 640 5540 ὁ
689 5491 782 5546 τὴν
833 5487 1150 5560 οἰκονομίαν,
1201 5489 1374 5563 ὥσπερ
1426 5491 1490 5540 σὺ
1533 5490 1678 5561 ἔφης,
1730 5485 1806 5541 δι’

1948 5493 2075 5544 uus,
2101 5476 2225 5547 qui,
2261 5480 2321 5532 ut
2349 5475 2475 5547 ipse
2506 5474 2672 5538 dicis,
2707 5475 3046 5532 humanam
3077 5479 3352 5533 naturam
3388 5481 3573 5534 nostri

207 5580 346 5654 ἡμᾶς
377 5579 684 5653 βαστάσας,
723 5580 829 5652 ε’ίγε
870 5579 1011 5633 ἑστὶν
1051 5581 1182 5644 Θεὸς
1211 5575 1453 5642 ἀληθινός
1507 5583 1596 5632 καὶ
1646 5575 1801 5633 δυναο

1950 5581 2099 5636 ausa
2137 5563 2400 5638 suscepit
2428 5563 2456 5620 ?
2494 5564 2686 5623 Facile
2742 5565 2903 5624 enim
2929 5566 3324 5640 imperatores
3358 5566 3572 5638 punire

201 5138 363 5210 ἓτρεν.
