4114 6262
578 302 685 376 223
1989 317 2238 377 MENSIS
2273 316 2517 377 MAIUS.
2646 338 2651 339 ί
3854 318 3964 375 224

579 448 792 518 potest,
826 443 873 500 si
922 448 1012 500 est
1041 443 1196 499 Deus
1241 460 1377 501 vere
1404 449 1633 518 potens.
1674 447 1753 500 Ex
1802 445 1917 501 hoc
1948 445 2101 516 ipso,
2134 444 2211 498 in-

2331 448 2413 504 τός
2452 444 2552 511 ;Ὀ
2606 442 2754 515 ἅγιος
2801 443 3044 507 Ἀκάκιος
3077 440 3230 497 εἶπεν·
3285 445 3375 499 Ἐκ
3428 447 3618 498 τούτου
3650 446 3758 520 γὰρ
3820 444 3964 517 μᾶλ-

581 532 708 605 quit
756 532 1024 597 Aeacius,
1067 549 1224 599 eum,
1269 550 1337 588 ac
1386 534 1514 605 ejus
1553 533 1882 589 bonitatem
1936 538 1993 588 et
2021 538 2211 603 poten-

2330 533 2433 597 λον,
2493 531 2741 600 δικαστά,
2796 534 3019 632 ὁφείλειὶ
3039 540 3295 610 γνωρίσαι
3349 535 3527 601 αὐτόν,
3562 541 3655 588 καὶ
3689 540 3791 592 τὴν
3831 534 3967 607 ἀγα-

580 620 725 675 tiam
757 635 1117 688 cognoscere
1141 624 1327 692 potes,
1362 622 1523 693 quod
1548 638 1681 676 cum
1704 621 1783 693 inj
1798 620 1935 675 uriae
1958 620 2039 674 illi
2063 619 2211 682 fiant1

2335 624 2528 680 θότητα
2558 624 2735 683 αὐτοῦ,
2789 628 2878 675 καὶ
2908 619 3018 682 τῆν’
3055 621 3298 695 δύναμιν,
3347 627 3427 677 ὅτι
3477 630 3569 677 καὶ
3601 624 3967 696 ὑϐριζόμενος

579 723 699 763 non
732 708 931 763 statim
963 724 1175 780 poenas
1206 709 1375 764 vobis
1403 710 1594 774 refert,
1630 710 1734 765 sed
1773 709 1993 764 diutius
2023 723 2227 779 exspe-

578 794 713 859 Ctat,
748 801 809 851 ut
838 812 945 851 vos
975 798 1205 853 Graecos
1232 799 1534 869 paeniteat,
1571 799 1674 870 qui
1714 798 1936 853 cultum
1966 803 2022 852 et
2051 812 2229 851 vene-

577 884 871 940 rationem
888 887 1004 940 Deo
1018 892 1462 956 congruentem,
1483 888 1854 943 daemonibus
1877 886 2118 942 aftertis.
2139 885 2227 940 Ad

575 972 702 1028 haec
733 978 789 1028 et
814 990 1139 1041 servorum,
1175 975 1275 1046 qui
1314 976 1364 1031 ei
1407 976 1557 1045 grati
1590 981 1749 1041 sunt,
1780 977 2126 1032 electionem
2158 991 2226 1030 ac

574 1077 964 1132 progressum
985 1063 1099 1117 hoc
1128 1064 1307 1119 modo
1348 1065 1699 1136 compellere
1726 1065 1870 1122 vult.
1892 1069 2091 1136 itaque
2117 1066 2227 1119 hac

575 1150 951 1221 providentia
982 1152 1176 1206 utitur.
1201 1155 1348 1208 Nam
1380 1153 1426 1207 si
1457 1154 1653 1209 statim
1679 1153 1847 1209 vobis
1872 1168 2114 1224 poenam
2140 1155 2224 1206 iu-

573 1236 722 1294 ferre
755 1239 943 1303 vellet,
979 1245 1033 1295 et
1062 1257 1168 1295 vos
1190 1241 1306 1313 ipsi
1340 1242 1399 1296 in
1430 1246 1781 1313 perpetuum
1809 1241 2145 1311 periissetis,
2171 1247 2227 1297 et

574 1326 766 1397 ipsius
781 1329 932 1382 servi
952 1328 1244 1383 manifesti
1264 1345 1383 1384 non
1396 1329 1603 1386 fierent
1623 1347 1636 1396 ;
1658 1330 1804 1401 quin
1823 1329 1897 1384 uti
1914 1349 1933 1382 .l
1948 1346 2001 1384 in
2024 1331 2225 1400 gratias

572 1413 761 1486 ipsius
811 1417 1069 1487 potentia
1137 1417 1325 1473 otiosa
1391 1419 1841 1489 permansisset.
1914 1419 2226 1484 Quomodo

578 1503 735 1557 enim
768 1505 1054 1561 Dominus
1088 1510 1288 1561 noster
1318 1506 1569 1575 gloriose
1600 1507 1833 1562 laudari
1863 1512 2082 1578 posset,
2118 1508 2228 1562 nisi

577 1589 862 1647 diuturna
901 1594 957 1647 in
992 1595 1195 1648 vestris
1228 1594 1548 1649 sceleribus
1583 1595 1902 1666 puniendis
1946 1597 2229 1666 patientia

575 1684 837 1736 uteretur
875 1681 902 1735 ?
933 1682 1099 1738 Nunc
1142 1698 1280 1738 vero
1306 1682 1436 1737 haec
1463 1684 1539 1738 ita
1593 1684 1718 1738 ﬁeri
1750 1684 2053 1755 permittit,
2086 1690 2146 1740 ut
2175 1700 2204 1739 e

2336 1699 2504 1764 χωρεῖ
2543 1700 2705 1745 ταῦτα
2752 1693 2915 1754 οὕτως
2954 1697 3213 1765 γενέσθαι,
3258 1696 3339 1747 ἱνα
3383 1700 3473 1747 καὶ
3524 1696 3674 1766 ὑμεῖς
3734 1698 3860 1747 ὅσοι
3899 1697 3951 1748 οὗ

576 1783 699 1837 vos,
732 1770 832 1840 qui
860 1786 979 1827 non
1002 1772 1356 1843 resipiscitis,
1395 1772 1499 1827 sed
1531 1772 1875 1829 diuturnam
1907 1773 2097 1843 ipsius
2126 1790 2211 1846 par

2336 1788 2643 1853 μετανοεῖτε,
2696 1780 2823 1833 ἀλλὰ
2869 1786 3280 1845 καταπτύσαντες
3327 1792 3416 1843 τῆς
3464 1783 3662 1855 ἀνοχῆς
3715 1791 3818 1836 καὶ
3870 1794 3951 1845 τῆς

571 1859 835 1914 tientiam
854 1863 1220 1930 respuentes,
1240 1859 1301 1916 in
1315 1864 1510 1917 vestra
1542 1861 1767 1917 saevitia
1808 1862 2140 1933 persistitis,
2171 1868 2227 1919 et

570 1946 648 2003 ab
679 1962 749 2002 eo
780 1948 971 2017 magis
1004 1948 1318 2019 magisque
1349 1950 1766 2015 desciscentes,
1810 1951 1887 2007 ad
1919 1950 2224 2008 interitum

569 2036 919 2107 properatis,
962 2042 1156 2092 vestra
1191 2037 1368 2109 culpa
1417 2038 1924 2109 condemnemini,
1984 2045 2042 2095 et
2091 2057 2220 2107 nos,

569 2124 672 2196 qui
704 2125 831 2194 ejus
860 2124 1174 2196 imperium
1202 2127 1582 2195 agnovimus,
1645 2133 1931 2199 perpetuo
1959 2144 2095 2185 eum
2124 2130 2223 2187 illo

569 2212 865 2267 vivamus.
883 2214 1032 2278 Quin
1048 2215 1428 2286 etiamipsius
1462 2216 1647 2285 gloria
1669 2217 1727 2270 in
1745 2217 1852 2271 illis
1877 2217 2221 2274 hominibus

569 2300 937 2356 manifestior
955 2301 1068 2364 ﬁet,
1092 2303 1195 2374 qui
1222 2303 1445 2359 scelera
1468 2320 1577 2360 sua
1597 2312 2112 2375 recognoscentes,
2139 2309 2222 2363 vi-

572 2384 697 2444 tam
724 2390 1190 2447 emendaverint.

641 2479 755 2533 Vll.
795 2482 955 2535 Tunc
986 2480 1268 2537 Bibianus
1299 2498 1311 2536 :
1349 2483 1587 2539 Litteras
1617 2483 1813 2540 forsan
1840 2485 2114 2552 didicisti,
2138 2488 2217 2543 ob

568 2567 749 2639 idque
792 2568 875 2622 sic
914 2569 1125 2625 diserte
1153 2572 1501 2642 respondes.
1546 2575 1690 2628 Nam
1719 2588 1827 2643 per
1872 2574 2017 2629 deos
2058 2576 2219 2646 ipsos

571 2671 910 2711 sermonem
962 2658 1176 2713 rationi
1199 2664 1668 2714 consentaneum
1696 2660 1982 2727 habuisti,
2018 2669 2079 2717 ut
2107 2664 2217 2719 ho-

568 2744 798 2798 minum
832 2744 1082 2800 salutem
1110 2746 1221 2801 sub
1253 2747 1351 2801 Dei
1400 2748 1664 2818 potentia
1694 2764 1822 2803 esse
1848 2751 2213 2807 ostenderes.

566 2832 648 2886 Ex
672 2832 783 2887 hoc
807 2832 961 2904 ipso,
995 2833 1184 2906 inquit
1213 2836 1481 2900 Acacius,
1515 2835 1609 2890 Dei
1642 2838 1911 2893 omnium
1943 2839 2219 2897 domina-

564 2922 705 2977 toris
734 2923 1060 2993 potentiam
1101 2930 1154 2979 et
1182 2926 1436 2992 gratiam
1476 2941 1800 2995 agnoscere
1840 2933 2027 2999 potes,
2051 2931 2215 3003 quod

563 3025 701 3065 cum
733 3026 851 3065 non
882 3012 1189 3069 didicerim
1220 3014 1439 3070 litteras
1478 3015 1626 3082 illas,
1661 3033 1797 3088 quas
1830 3018 2001 3074 vobis
2043 3021 2211 3075 valde

2324 3032 2524 3081 πάντων
2556 3032 2700 3103 ἡμῶν
2734 3037 3011 3098 Δεσπότου,
3068 3036 3147 3085 ὅτι
3177 3040 3247 3106 μὴ
3282 3038 3533 3107 μαθόντος
3563 3042 3627 3089 τὰ
3675 3035 3919 3092 δοκοῦντα

560 3098 855 3168 optabiles
873 3100 1162 3167 videntur,
1198 3102 1308 3157 nisi
1341 3108 1567 3159 tantum
1595 3120 1790 3176 pauca
1820 3108 2101 3178 quaedam
2137 3109 2211 3165 ad

2324 3120 2442 3190 ὑμῖν
2494 3118 2931 3193 περισπούδαστα
2980 3124 3284 3195 γράμματα,
3351 3125 3393 3177 εἰ
3443 3131 3513 3197 μή
3571 3130 3729 3197 μόνον
3784 3129 3909 3198 όὶίγα

560 3186 896 3243 divinarum
929 3189 1275 3246 Litterarum
1327 3191 1639 3248 lectionem
1684 3198 2041 3263 necessaria,
2086 3198 2212 3270 ipse

561 3276 713 3330 Deus
732 3292 839 3347 pro
870 3278 1044 3333 nobis
1066 3279 1507 3337 miserabilibus
1525 3282 1646 3338 suis
1664 3285 1846 3340 servis
1871 3288 2207 3358 respondet,

559 3363 814 3437 facitque
842 3371 908 3421 ut
939 3367 1015 3423 ab
1040 3369 1325 3425 omnibus
1354 3370 1723 3438 hominibus,
1756 3374 1904 3445 quin
1941 3376 2122 3430 etiam
2148 3379 2213 3431 ut

559 3458 613 3507 et
644 3468 679 3508 a
713 3454 882 3509 vobis
927 3456 1094 3528 ipsis,
1128 3458 1231 3530 qui
1255 3459 1464 3513 eruditi
1498 3462 1656 3524 estis,
1690 3461 2027 3517 laudemur.
2063 3466 2210 3519 Nam

558 3544 614 3596 et
641 3541 717 3596 ab
748 3541 913 3599 initio
953 3561 1089 3601 cum
1116 3547 1585 3619 dispensationis
1615 3548 1832 3605 divinae
1859 3566 2010 3622 opus
2037 3553 2215 3623 perﬁ-

556 3638 729 3697 ceret,
762 3636 820 3686 et
846 3650 1021 3688 suum
1064 3635 1252 3707 ipsius
1279 3652 1530 3705 regnum
1569 3638 1699 3693 orbi
1729 3644 2019 3696 terrarum
2062 3659 2213 3713 pras-

557 3719 881 3773 dicandum
914 3728 1167 3789 curaret,
1197 3740 1318 3777 non
1347 3726 1690 3781 hominibus
1706 3744 1917 3799 genere
1945 3736 2044 3785 aut
2067 3732 2209 3787 divi-

556 3807 665 3871 tiis,
690 3807 1044 3863 orationisve
1063 3810 1489 3867 autlitterarum
1505 3813 1777 3869 facultate
1794 3821 2209 3886 prtestantibus

556 3895 633 3950 ad
661 3896 961 3967 Evangelii
978 3897 1065 3951 sui
1094 3898 1599 3969 prtedicationem,
1620 3904 1723 3957 sed
1743 3905 2139 3975 piscatoribus
2157 3919 2212 3965 et

554 3983 912 4054 publicanis,
938 4001 1007 4041 ac
1032 3987 1395 4057 pauperibus
1416 3990 1778 4061 quibusdam
1796 4009 1940 4048 usus
1967 4001 2072 4050 est.
2095 4000 2209 4053 Hoc

555 4071 923 4139 autemfecit,
960 4079 1022 4130 ut
1043 4076 1170 4146 ejus
1203 4079 1487 4147 potentia,
1516 4096 1650 4151 quae
1684 4088 1942 4137 mentem
1965 4100 2206 4142 omnem

2333 712 2425 763 οῦκ
2483 711 2661 772 εὐθέως
2719 709 3143 765 ἀνταποδίδωσιν
3194 715 3338 786 ἡμῖν,
3391 711 3753 787 ἐκδεχόμενος
3818 715 3959 786 ὑμῶν

2332 810 2427 854 τῶν
2482 801 2729 859 Ἐλληνων
2787 807 2879 861 τὴν
2940 806 3213 875 μετάνοιαν
3270 810 3359 856 καὶ
3429 804 3798 877 ἐπιστποφὴν,
3865 814 3960 856 τῶν

2332 894 2390 943 τὸ
2450 890 2587 961 αὐτῷ
2642 895 2832 964 πρέπον
2889 891 3044 953 σέϐας
3086 900 3195 954 τοῖς
3246 890 3468 965 δαίμοσι
3516 897 3957 968 προσφερόντων·

2334 984 2407 1033 ἔτι
2457 978 2513 1032 δὲ
2571 986 2659 1032 καὶ
2718 990 2815 1032 τῶν
2898 982 3302 1056 εὐαρεστούντων
3359 982 3497 1053 αὐτῷ
3577 980 3795 1035 δούλων
3870 989 3959 1039 τὴν

2334 1068 2546 1140 ἐκλογὴν
2605 1074 2691 1121 καὶ
2754 1076 3020 1142 προκοπὴν
3067 1070 3374 1143 βουλόμενος
3432 1071 3727 1135 ἐκτελέσαι,
3794 1074 3958 1132 οὕτως

2333 1159 2679 1231 ᾠκονόμησεν.
2734 1160 2795 1212 Εἰ
2838 1163 2938 1234 γὰρ
2995 1159 3239 1218 ἠϐούλετο
3294 1161 3478 1222 εὐθέως
3536 1163 3659 1232 ὑμῖν
3714 1157 3959 1213 ἀποδοῦ-

2330 1269 2414 1299 ναι
2442 1254 2531 1300 καὶ
2571 1251 2701 1320 ὑμᾶς
2734 1248 3058 1301 ἀπόλλυσθαι
3100 1250 3340 1318 αἰωνίως,
3391 1256 3479 1302 καὶ
3529 1254 3577 1302 οἱ
3625 1247 3825 1303 δοῦλοι
3873 1250 3956 1300 αὖ·

2332 1344 2423 1388 τοῦ
2482 1338 2572 1389 οῦκ
2625 1338 2850 1408 ἐγίνοντο
2911 1344 3137 1411 φανεροὶ,
3191 1339 3317 1391 ἀλλὰ
3356 1345 3445 1392 καὶ
3496 1342 3525 1398 ἠ
3584 1336 3826 1412 δύναμις
3874 1349 3957 1398 τῆς

2332 1428 2554 1498 χάριτος
2607 1428 2765 1479 αὐτοῦ
2812 1426 2946 1501 ἀργὴ
2998 1426 3242 1499 διέμενεν.
3301 1434 3401 1481 Καὶ
3450 1437 3556 1489 πῶς
3605 1431 3761 1500 εἶχεν
3809 1426 3957 1491 δόξα·

2338 1518 2526 1573 σθῆναι
2574 1518 2598 1566 ό
2651 1519 2834 1589 Κύριος
2884 1519 3027 1588 ἡμῶν
3083 1518 3289 1579 Ἰησοῦς
3350 1521 3601 1592 Χριστός,
3657 1519 3703 1570 εἰ
3768 1524 3847 1589 μὴ
3904 1516 3957 1575 ἦν

2335 1606 2671 1675 μακρόθυμος
2720 1607 2803 1655 ἐπί
2856 1612 2969 1666 ταῖς
3017 1611 3296 1677 πονηρίαις
3347 1608 3488 1678 ὑμῶν
3524 1614 3673 1673 ;Νῦν
3719 1602 3789 1658 δὲ
3831 1627 3951 1678 συγ-

2336 1872 2701 1944 μακροθυμίας
2758 1871 2917 1923 αὐτοῦ
2972 1871 3204 1944 ἐμμένετε
3243 1881 3304 1945 τῇ
3363 1874 3597 1944 ὠμότητι
3652 1876 3811 1945 ὑμῶν
3866 1882 3947 1926 καὶ

2336 1967 2397 2031 τῇ
2447 1958 2736 2011 ἀποστάσει
2787 1968 2883 2022 τῆς
2922 1960 3170 2021 ἀπωλείας
3209 1961 3650 2034 αὖτοκατάκριτοι
3690 1965 3942 2032 γίνησθε,

2334 2053 2423 2100 καὶ
2475 2050 2624 2120 ἡμεῖς
2674 2046 2731 2101 δὲ
2781 2049 2833 2101 ἐκ
2881 2053 3169 2122 προθέσεως
3230 2055 3322 2109 τὴν
3408 2048 3721 2103 δεσποτείαν
3790 2054 3942 2104 αὑτοῦ

2334 2137 2643 2209 ἐπιγνόντες,
2692 2138 2934 2198 ζήσωμεν
2967 2136 3152 2201 ἀϊδίως
3186 2142 3277 2191 σὺν
3328 2140 3467 2209 αὐτῷ
3521 2146 3611 2192 καὶ
3649 2143 3675 2198 ἱ)
3714 2138 3863 2204 δόξα
3893 2139 3939 2193 δὲ

2332 2226 2487 2279 αὐτοῦ
2534 2230 2796 2301 φανερωθῇ
2864 2225 2956 2280 διὰ
3024 2238 3123 2279 τῶν
3207 2232 3584 2301 μετανοούντων
3650 2229 3924 2305 ἀνθρώπων

2329 2322 2417 2369 καὶ
2449 2314 2829 2390 διορθουμένων
2850 2320 2938 2369 τόν
2962 2317 3152 2370 ἑαυτῶν
3186 2316 3321 2391 βίον.

2388 2494 2471 2549 .Ζ’.
2530 2495 2764 2558 Βιϐιανὸς
2824 2498 2975 2549 εἶπεν·
3053 2500 3283 2567 Ἀκάκιε,
3362 2503 3541 2573 ἔμαθες
3620 2505 3928 2575 γράμματα,

2328 2585 2406 2635 ὅτι
2454 2584 2617 2645 οὕτως
2648 2591 2928 2658 προσόχως
2962 2586 3235 2662 ἀποκρίνῃ·
3271 2593 3345 2662 μὰ
3373 2595 3494 2653 τοὺς
3528 2594 3679 2653 θεοὺς
3729 2590 3931 2664 ἐνδεχό-

2327 2693 2471 2744 μενον
2528 2674 2680 2745 λόγον
2729 2672 2899 2741 εἶπας,
2958 2679 3078 2729 ὅσον
3116 2682 3173 2730 τό
3221 2680 3307 2731 ὑπ’
3356 2680 3593 2743 ἐξουσίαν
3649 2679 3786 2734 εἶναι
3817 2688 3931 2736 Θεοῦ

3688 2772 3925 2833 Ἀκάκιος

2328 2853 2479 2903 εἶπεν·
2538 2854 2620 2905 Ἐν
2671 2856 2837 2925 τούτῳ
2888 2858 2987 2928 γὰρ
3047 2856 3259 2928 μᾶλλον,
3313 2859 3350 2909 ὧ
3402 2856 3651 2925 δικαστά,
3719 2860 3923 2933 ὀφείλεις

2326 2765 2418 2819 τὴν
2479 2771 2576 2814 τῶν
2644 2762 2922 2838 ἀνθρώπων
2996 2772 3277 2841 σωτηρίαν.
3335 2769 3391 2822 Ὀ
3446 2770 3595 2841 ἅγιος

2324 2945 2579 3014 γνωρίσαι
2630 2946 2719 3000 τήν
2777 2939 2998 3014 δύναμιν
3048 2950 3136 2997 καὶ
3174 2951 3262 3003 την
3307 2949 3467 3022 χάριν
3519 2956 3609 3000 τοῦ
3665 2954 3799 3003 Θεοῦ
3843 2958 3920 3002 τοῦ

2322 3212 2452 3280 πρὸς
2497 3213 2589 3266 τὴν
2622 3208 2911 3280 ἀνάγνωσιν
2957 3220 3056 3262 τῶν
3119 3214 3262 3264 θείων
3312 3220 3542 3287 Γραφῶν,
3597 3217 3753 3279 αὐτὸς
3790 3220 3896 3289 ὑπὲρ

2322 3297 2466 3367 ἡμῶν
2523 3306 2620 3348 τῶν
2673 3298 2892 3350 ἐλεεινῶν
2950 3297 3148 3353 δούλων
3206 3302 3365 3355 αὐτοῦ
3433 3304 3682 3377 ἀπολογεῖ
3734 3326 3782 3359 τε
3828 3312 3905 3358 καὶ

2322 3392 2460 3436 ποιεῖ
2509 3386 2607 3437 ὑπὸ
2664 3389 2867 3439 πάντων
2921 3388 3220 3462 ἀνθρώπων,
3289 3391 3416 3444 ἀλλὰ
3469 3399 3557 3446 καὶ
3631 3397 3720 3468 ὑφ’
3785 3398 3913 3469 ὑμῶν

2322 3480 2420 3523 τῶν
2474 3472 2891 3547 πεπαιδευμένων
2944 3476 3284 3533 ἐπαινεῖσθαι*
3334 3487 3423 3533 καὶ
3474 3486 3571 3555 γὰρ
3606 3482 3695 3535 ἀπ’
3750 3483 3918 3560 ἀρχῆς

2323 3559 2528 3635 πληρῶν
2578 3568 2670 3621 τὴν
2722 3565 3016 3638 οἰκονομιαν
3066 3574 3155 3621 καὶ
3207 3570 3397 3641 μέλλων
3441 3575 3731 3643 κηρύσσειν
3760 3573 3808 3625 ἐν

2321 3654 2499 3722 κόσμῳ
2536 3657 2628 3711 τὴν
2688 3652 2871 3706 ἑαυτοῦ
2920 3654 3213 3727 βασιλείαν,
3263 3660 3354 3710 οῦκ
3402 3660 3671 3732 ἐχρήσατο
3725 3662 3922 3738 ἀνθρώ-

2320 3758 2436 3802 ποις
2479 3745 2507 3799 ἤ
2541 3746 2694 3813 γένει,
2738 3744 2765 3800 ἡ
2819 3744 3043 3816 πλούτῳ,
3096 3750 3124 3805 ἧ
3170 3746 3326 3818 λόγῳ,
3366 3753 3395 3807 ἥ
3439 3752 3723 3823 γράμμασι
3766 3750 3923 3806 δυνα-

2320 3836 2426 3890 τοῖς
2462 3835 2587 3904 πρὸς
2637 3836 2692 3884 τὸ
2738 3837 2988 3907 κήρυγμα
3040 3843 3130 3886 τοῦ
3187 3837 3525 3907 Εὐαγγελίου,
3570 3839 3673 3892 ἀλλ’
3720 3842 3921 3895 ἁλιεῦσι

2318 3922 2407 3968 καὶ
2458 3920 2715 3988 τελώναις,
2761 3927 2849 3974 καὶ
2902 3923 3155 3984 παντελῶς
3208 3925 3257 3977 ἐν
3308 3937 3551 3998 πτωχαῖς
3597 3938 3922 4004 περιουσίαις

2319 4004 2602 4077 ἐχρήσατο.
2660 4018 2821 4062 Τοῦτο
2876 4008 2934 4064 δὲ
2984 4012 3220 4070 ἐποίησεν
3266 4016 3291 4066 ὁ
3352 4017 3704 4092 φιλάνθρωπος
3768 4026 3918 4087 Θεὸς,

551 4167 886 4233 exsuperat,
922 4172 1399 4234 cognosceretur,
1430 4175 1637 4226 sancto
1668 4188 1737 4228 ac
1763 4172 1963 4230 divino
1986 4176 2205 4249 Spiritu

550 4250 679 4321 ejus
718 4251 1044 4323 discipulos
1083 4256 1422 4327 adjuvante.

621 4339 761 4395 VIII.
807 4344 930 4396 Post
960 4344 1279 4416 haecjudex
1307 4349 1619 4405 :Omittens
1643 4354 1954 4425 ego,quod
1984 4370 2205 4428 oppor-

2320 4096 2400 4146 δα
2447 4098 2475 4153 ἡ
2530 4098 2926 4173 ὑπερϐάλλουσα
2972 4105 3137 4155 πάντα
3180 4112 3296 4156 νοῦν
3329 4102 3551 4179 δύναμις
3582 4109 3744 4162 αὐτοῦ
3788 4132 3919 4181 71:0)-

2312 4188 2496 4259 ρισθῇ,
2526 4196 2615 4239 τοῦ
2650 4191 2785 4241 θείου
2816 4196 2905 4242 καὶ
2948 4191 3093 4263 ἁγίου
3143 4196 3435 4266 Πνεύματος
3481 4198 3528 4247 ἐν
3572 4204 3705 4251 πᾶσι
3741 4220 3920 4277 συνέρα

2313 4282 2498 4345 γοῦντο
2509 4296 2529 4337 ς
2554 4277 2676 4330 αὐτο
2686 4286 2748 4340 ῖς.

2384 4363 2460 4417 Η.
2530 4365 2586 4418 Ὀ
2644 4364 2900 4428 δικαστὴς
2953 4377 3107 4422 εἶπεν·
3176 4371 3307 4442 Ἐγὼ
3364 4372 3521 4436 ἐάσας
3577 4380 3633 4427 τό
3687 4384 3917 4452 καίριον,

553 4431 687 4483 tune
722 4430 863 4484 mihi
894 4430 1235 4488 faciendum
1269 4440 1373 4500 est,
1429 4441 1621 4493 tecum
1659 4456 1869 4512 nugor,
1904 4444 2005 4515 qui
2066 4446 2196 4501 talia

557 4515 789 4535 ,εμημ
838 4520 878 4535 η,
1020 4519 1028 4528 .
1088 4519 1099 4531 .
1324 4526 1332 4535 ,
1617 4526 1652 4535 ..
1704 4534 1707 4535 ν
1936 4531 1945 4535 -

3238 4430 3250 4442 ι
3506 4430 3519 4436 -
3781 4436 3789 4452 ι
3828 4430 3917 4450 "'1

2320 4454 2377 4512 ii;
2404 4453 2558 4506 εἰπεῖν
2588 4455 2727 4529 ληρῶ
2775 4460 2902 4529 μετὰ
2954 4466 3048 4510 σοῦ
3091 4468 3307 4513 τοιαῦτα
3338 4458 3720 4535 διαλεγόμενος·
3767 4467 3919 4530 οἶδας

549 4515 811 4571 disseris.
838 4520 920 4572 Tu
951 4519 1063 4573 scis
1087 4519 1515 4590 imperatorum
1563 4526 1757 4583 edicta
1785 4531 1949 4585 omni
1984 4537 2199 4591 terrore

548 4604 727 4675 plena
753 4604 922 4659 vobis
949 4607 1254 4678 proposita
1277 4626 1423 4678 esse,
1453 4619 1517 4668 ut
1549 4632 1656 4671 vos
1675 4618 1982 4675 Christiani
2010 4622 2199 4679 homi-

548 4709 653 4748 nes
679 4693 765 4748 vel
795 4696 1155 4760 sacriﬁcetis,
1200 4704 1254 4753 et
1280 4700 1425 4756 deos
1459 4703 1620 4775 ipsos
1659 4705 1887 4774 colatis,
1921 4710 1979 4763 in
2012 4714 2199 4768 omni-

548 4781 662 4837 bus
693 4783 871 4839 rebus
894 4784 1129 4840 vosillis
1156 4788 1533 4858 subjicientes
1566 4798 1745 4865 atque
1779 4812 1849 4852 eo
1883 4800 2064 4855 modo
2094 4802 2197 4857 ho-

546 4888 720 4929 nores
784 4874 1030 4931 abillis
1098 4880 1405 4949 reportetis
1480 4898 1491 4937 :
1564 4884 1672 4950 vel,
1731 4885 1778 4940 si
1861 4889 2194 4949 sacriﬁcare

543 4961 867 5029 nolueritis,
921 4966 1426 5035 condemnemini,
1460 4975 1515 5025 et
1554 4974 1856 5044 suppliciis
1905 4994 1974 5033 ac
2002 4982 2195 5050 pmnis

542 5050 961 5120 subjiciamini.
1016 5054 1203 5111 Velim
1256 5056 1433 5127 igitur
1486 5058 1669 5125 dicas,
1715 5078 1859 5121 num
1894 5066 2006 5122 diis
2049 5070 2192 5140 ipsis

544 5140 857 5211 sacriﬁcas,
882 5147 937 5197 et
965 5143 1197 5214 legibus
1216 5146 1611 5220 obtemperes,
1638 5166 1714 5204 an
1748 5158 1798 5207 te
1816 5154 1873 5209 id
1897 5154 2190 5214 facturum

537 5240 738 5295 neges.
769 5229 1094 5300 Respondit
1122 5234 1371 5291 Aeacius
1401 5255 1413 5291 ε
1460 5238 1625 5309 Saepe
1643 5243 1698 5295 et
1723 5257 1757 5296 a
1794 5241 1985 5300 Firmo
2016 5245 2189 5303 inter-

537 5319 803 5383 rogatus,
822 5316 1219 5377 Christianum
1244 5339 1336 5379 me
1358 5341 1487 5381 esse
1510 5328 1821 5385 confessus
1846 5347 1999 5389 sum.
2018 5336 2187 5400 Quod

540 5416 681 5471 ergo
732 5403 865 5470 dixi,
900 5405 1111 5463 iterum
1165 5410 1317 5479 dico,
1370 5431 1463 5470 me
1511 5416 1907 5476 Christianum
1952 5438 2100 5493 esse,
2134 5430 2187 5482 et

540 5490 790 5563 impuris
821 5494 1198 5553 daemonibus
1250 5517 1371 5557 non
1413 5505 1767 5564 sacriﬁcare.
1802 5509 1943 5580 Ego,
1999 5490 2187 5586 inquit

534 5578 741 5648 judex,
761 5583 940 5643 etiam
967 5600 1129 5643 nunc
1142 5590 1375 5649 aetatem
1393 5592 1569 5651 istam
1597 5601 1762 5658 tuam
1782 5578 2187 5662 misericordia

2311 4536 2387 4605 δε,
2424 4544 2500 4593 ὅτι
2546 4549 2737 4605 παντὸς
2788 4545 2944 4616 φόϐου
2997 4549 3121 4618 ἡμῖν
3168 4548 3279 4601 ἐστι
3318 4555 3543 4622 γέμοντα
3584 4557 3648 4605 τὰ
3678 4563 3918 4629 προστά-

2306 4649 2484 4701 γματα
2529 4642 2624 4683 τῶν
2671 4633 3081 4709 αὐτοκρατόρων,
3116 4640 3248 4689 ὥστε
3292 4640 3320 4697 ἡ
3375 4643 3587 4703 θύοντας
3616 4649 3704 4696 καὶ
3762 4648 3916 4721 θερα-

2307 4722 2553 4782 πεύοντας
2583 4724 2698 4781 τοὺς
2747 4724 2889 4785 θεοὺς
2940 4726 3070 4795 ὑμᾶς
3120 4731 3236 4787 τοὺς
3286 4735 3633 4799 Χριστιανοὺς
3687 4733 3735 4785 ἐν
3777 4743 3920 4790 πᾶσί

2305 4809 2387 4859 ὅτε
2443 4812 2700 4871 ὑπηκόους
2767 4812 2947 4873 αὐτοὺς
3017 4819 3316 4885 γενομένους
3398 4824 3487 4871 καὶ
3562 4825 3714 4893 τιμὰς
3784 4827 3915 4900 παρ’

2306 4897 2472 4949 αὐτῶν
2521 4901 2850 4971 κομίζεσθαι,
2898 4907 3019 4963 τοὺς
3065 4901 3124 4956 δὲ
3172 4910 3243 4976 μὴ
3300 4908 3516 4970 θύοντας
3561 4918 3915 4985 τιμωρεῖσθαι

2302 4990 2436 5039 κατὰ
2462 4991 2669 5061 κράτος.
2711 4994 2863 5053 Θύεις
2890 4988 2975 5043 οὖν
3008 5001 3119 5055 τοῖς
3153 4996 3285 5056 θεοῖς
3336 5002 3423 5048 καὶ
3456 5000 3759 5070 πειθαίοχείς
3793 5013 3915 5065 τοῖς

2300 5080 2471 5145 νόμοις
2526 5087 2623 5129 τῶν
2658 5077 2933 5150 βασιλέων,
2979 5085 3005 5139 ἦ
3062 5080 3230 5153 ἀκμὴν
3292 5082 3573 5156 ἀντιλέγεις
3607 5104 3619 5152 ;
3651 5088 3708 5141 Ὀ
3754 5092 3912 5161 ἅγιος

2296 5167 2544 5225 Ἀκάκιος
2584 5163 2735 5218 εἶπεν·
2798 5174 2897 5221 Καὶ
2955 5168 3038 5221 ἐπὶ
3109 5176 3321 5244 Φηρμου
3392 5174 3633 5236 πολλάκις
3709 5177 3911 5253 ἐπερω-

2298 5255 2488 5317 τηθεὶς,
2534 5254 2847 5325 ὡμολόγησα
2873 5263 3183 5332 Χριστιανὸν
3229 5260 3406 5313 ἑαυτὸν
3435 5271 3580 5330 εἰναι,
3633 5271 3723 5318 καὶ
3748 5270 3907 5323 πάλιν

2296 5342 2426 5412 λέγω
2456 5343 2531 5393 ὅτι
2585 5349 2898 5414 Χριστιανός
2942 5346 3067 5418 εἰμι,
3098 5353 3187 5399 καὶ
3231 5349 3287 5400 οῦ
3336 5352 3440 5402 θύω
3483 5348 3731 5424 δαίμοσιν
3775 5354 3905 5411 ἀκα-

2301 5430 2506 5502 θάρτοις
2558 5435 2698 5485 ποτέ.
2752 5431 2809 5483 Ὀ
2851 5430 3103 5494 δικαστὴς
3161 5443 3315 5488 εἶπεν·
3370 5439 3504 5509 Ἐγὼ
3563 5443 3638 5492 ἔτι
3691 5446 3748 5493 τό
3802 5452 3901 5508 τῆς

2298 5516 2503 5579 ἡλικίας
2554 5537 2646 5571 σου
2699 5525 2881 5596 μέτρον
2926 5523 3180 5596 οἰκτείρω·
3231 5526 3332 5600 όρῶ
3377 5530 3477 5600 γὰρ
3529 5548 3584 5582 σε
3621 5534 3691 5601 μὴ
3740 5530 3896 5585 πλέον

2299 5607 2464 5659 εἰκοσι
2492 5611 2581 5661 καὶ
2630 5608 2664 5661 ε’
2714 5608 2835 5662 ἐτῶν
2885 5614 3021 5666 ὄντα·
3053 5611 3179 5667 ἀλλὰ
3221 5619 3311 5669 καὶ
3346 5618 3523 5685 τὸτοῦ
3573 5624 3891 5693 στρατιώτου
