4114 6262
233 259 359 353 225

1412 264 1573 336 VITA
1612 279 1671 370 εἰ
1699 280 1948 339 .ACACII
1988 281 2457 342 CAPPADOCIS.

3511 278 3614 352 226

244 405 449 470 σχῆμα
481 392 766 460 αἰδεσθεὶς,
817 395 911 448 οῦκ
950 397 1181 456 ἠθέλησα
1227 406 1502 477 τιμωρίαις
1552 424 1608 457 σε
1657 406 1842 460 ὑποϐαιι

1957 423 2307 480 prosequor.
2341 409 2513 464 Video
2535 409 2691 465 enim
2712 413 2767 466 te
2789 425 2907 466 non
2930 411 3184 482 amplius
3199 426 3381 484 quam
3405 414 3610 485 viginti

238 485 355 538 λείν
391 505 402 515 '

246 595 316 647 με
347 583 438 627 του
470 577 740 646 ἐπαγαγεῖν
771 594 854 626 σοι
886 573 1153 647 βασάνους
1183 581 1372 652 πικρὰς
1400 586 1489 632 καὶ
1516 581 1848 646 ἀνηκέστους.

267 665 311 717 Ο
339 664 483 734 ἅγιος
528 662 771 724 Ἀκάκιος
814 659 950 716 εἶπεν
984 683 994 694 ·
1027 664 1093 716 ’Ὁ
1149 664 1347 736 βούλει,
1401 675 1535 722 ποίει
1583 673 1630 722 ἐν
1673 675 1848 743 τάχει,

458 485 540 537 ἐὰν
586 481 645 537 δὲ
696 484 922 557 ἐμμένεις
981 493 1042 559 τῇ
1095 495 1268 561 μωρίᾳ
1300 489 1486 564 ἐκείνῃ,
1538 492 1850 566 ἀναγκάσεις

253 751 397 823 κάγώ
426 755 526 824 γὰρ
558 751 583 803 ὃ
613 760 698 802 νῦν
745 762 875 804 ποιῶ
921 753 1014 805 οὐκ
1062 757 1170 806 ἔστι
1223 761 1415 828 μωρόν,
1448 757 1573 810 ἀλλὰ
1599 766 1687 812 καὶ
1718 763 1849 812 πάνυ

253 846 517 914 φρόνιμον,
555 843 637 892 ἶνα
660 846 747 893 τὸν
777 845 1072 900 ποιήσαντά
1097 863 1159 915 με
1189 849 1277 897 καὶ
1302 850 1462 922 μέχρι
1490 856 1580 900 τοῦ
1608 858 1695 900 νῦν
1727 870 1850 923 προ-

249 933 520 1002 νοούμενον
560 949 650 1001 μοι
700 935 772 1002 μὴ
834 929 1206 1002 ἐγκαταλείπω.
1264 938 1349 986 τὸν
1403 941 1554 1008 μόνον
1608 936 1847 996 ἀληθινὸν

252 1023 402 1074 Θεόν.
429 1026 487 1072 Ὀ
520 1017 554 1072 δ
560 1024 780 1082 ικαστης
807 1018 941 1072 εἶπεν
986 1039 997 1049 ·
1027 1028 1140 1083 Πῶς
1165 1028 1315 1094 μόνον
1355 1024 1472 1096 ἐφης
1511 1022 1640 1077 εἶναι
1671 1026 1848 1084 ἀληθι-

249 1112 335 1159 νόν
363 1111 508 1173 Θεὸν,
555 1110 706 1161 ὁπότε
747 1109 928 1180 λέγεις,
978 1113 1066 1161 τόν
1106 1115 1336 1185 Χριστόν
1365 1115 1481 1164 Υίόν
1512 1111 1639 1166 εἶναι
1666 1123 1798 1168 Θεοῦ
1833 1133 1844 1184 ;

253 1194 450 1268 ἀνάγκη
477 1203 641 1267 πᾶσα,
691 1197 734 1249 εἰ
778 1200 892 1258 Υἱός
922 1202 1009 1250 καὶ
1063 1201 1175 1260 ἶσος
1206 1203 1281 1258 εἵη
1315 1209 1385 1271 τῷ
1414 1207 1596 1277 Πατρὶ,
1640 1199 1735 1255 δύο
1761 1204 1850 1255 αύ-

251 1289 372 1347 τούς
411 1283 560 1353 εἶναι,
589 1285 766 1338 λοιπόν
795 1291 884 1338 καὶ
915 1287 1039 1358 ούχὶ
1069 1289 1156 1340 ἕνα
1183 1293 1328 1344 Θέον.
1366 1293 1463 1342 Δύο
1490 1287 1619 1343 εἶναι
1649 1297 1737 1344 καὶ
1760 1293 1850 1344 αύ-

249 1380 331 1428 τοὶ
367 1375 595 1447 λέγοντες
638 1378 801 1439 θεοὺς,
831 1384 940 1438 πῶς
969 1384 1056 1428 νῦν
1082 1377 1169 1430 ἕνα
1208 1380 1447 1450 ἐκφωνεῖς
1473 1396 1486 1446 ;
1516 1380 1851 1452 Ἀναγκάζεις

249 1483 314 1534 με
351 1466 450 1534 γὰρ
477 1464 770 1538 ληρολογεῖν
800 1469 929 1537 μετά
961 1474 1075 1532 σοῦ,
1110 1467 1275 1528 οὕτως
1303 1470 1532 1540 ἔκθεσμα
1569 1476 1657 1520 καὶ
1688 1469 1849 1544 ἀνάρ-

250 1572 426 1625 μοστα
464 1553 673 1625 ὁμιλῶν.

1957 498 2223 568 quinque
2253 513 2442 552 annos
2482 503 2706 554 natum.
2744 500 2894 564 Quin
2927 499 3108 554 etiam
3165 499 3478 556 militarem
3525 503 3611 557 di-

1960 586 2243 653 gnitatem
2267 587 2568 652 reveritus,
2599 587 2760 642 nolui
2789 593 2839 642 te
2875 590 3076 642 statim
3123 590 3430 645 tormentis
3470 591 3607 646 sub-

1954 674 2149 744 jicere.
2183 676 2254 729 At
2278 674 2323 728 si
2356 674 2579 731 diutius
2609 676 2669 730 in
2696 677 2805 732 ista
2865 681 2960 731 tua
3002 677 3237 732 insania
3303 679 3601 748 persistes,

1960 778 2134 831 coges
2167 780 2258 818 me
2288 764 2728 819 inevitabilibus
2746 767 3052 820 tormentis
3094 772 3145 822 te
3179 767 3490 837 subjicere.
3518 768 3606 824 Ad

1957 851 2086 906 haec
2119 853 2359 908 Acacius
2388 870 2400 908 :
2436 853 2607 918 Quod
2635 853 2772 909 volo
2795 854 2985 909 facere
3012 871 3132 910 non
3175 855 3444 925 stultum,
3505 856 3610 911 sed

1957 941 2132 996 valde
2160 941 2417 1012 prudens
2443 946 2496 997 et
2527 945 2642 998 Deo
2673 947 2908 1012 gratum
2940 959 3091 1014 opus
3119 948 3222 1009 est,
3245 949 3307 999 ut
3327 944 3606 1016 eum,qui

1959 1045 2053 1084 me
2084 1030 2321 1096 creavit,
2355 1034 2411 1086 et
2440 1032 2512 1086 ad
2544 1031 2699 1086 hunc
2729 1048 2909 1102 usqus
2925 1031 3080 1086 diem
3098 1032 3467 1102 providentia
3498 1049 3607 1091 sua

1958 1123 2302 1191 prosecutus
2346 1123 2450 1183 est,
2512 1135 2632 1175 non
2673 1120 2946 1175 deseram
3003 1135 3014 1172 :
3073 1119 3260 1186 illum,
3329 1121 3597 1192 inquam,

1957 1207 2176 1278 ipsum,
2209 1207 2312 1278 qui
2344 1207 2503 1262 solus
2532 1213 2620 1263 est
2648 1223 2820 1263 verus
2850 1208 3026 1262 Deus.
3050 1207 3385 1276 Quomodo,
3412 1210 3608 1282 inquit

1954 1293 2158 1365 judex,
2182 1294 2383 1350 dixisti
2410 1294 2604 1350 solum
2631 1311 2762 1351 esse
2792 1311 3000 1350 verum
3031 1297 3236 1364 Deum,
3272 1313 3410 1353 cum
3439 1297 3606 1354 dicas

1960 1379 2251 1434 Christum
2286 1379 2384 1433 Dei
2406 1379 2617 1435 Filium
2644 1395 2770 1434 esse
2799 1379 2826 1432 ?
2857 1379 3110 1456 Omnino
3154 1381 3312 1436 enim
3364 1397 3603 1438 necesse

1958 1473 2064 1530 est,
2096 1471 2155 1523 at
2186 1467 2234 1521 si
2263 1467 2468 1522 Filium
2499 1473 2603 1533 est,
2648 1472 2701 1522 et
2742 1467 2891 1522 Patri
2947 1483 3055 1539 par
3077 1469 3147 1523 sit
3183 1488 3197 1536 ;
3231 1474 3285 1524 et
3335 1469 3417 1525 ita
3479 1486 3600 1526 non

1958 1570 2136 1620 unus,
2171 1555 2275 1610 sed
2295 1554 2417 1611 duo
2443 1556 2558 1610 sint
2585 1555 2685 1610 dii.
2711 1554 2857 1610 Cum
2885 1556 3061 1625 igitur
3082 1563 3137 1611 et
3161 1555 3436 1627 ipsiduos
3453 1559 3602 1614 Deos

249 1651 480 1718 dicatis,
510 1667 694 1723 quare
728 1666 887 1708 nunc
918 1668 1104 1708 unum
1136 1655 1319 1709 Deum
1362 1654 1624 1726 profers?
1656 1654 1827 1725 Cogis
1866 1653 2026 1709 enim
2065 1667 2158 1708 me
2199 1657 2394 1708 tecum
2433 1652 2663 1723 nugari,
2694 1667 2829 1708 cum
2865 1652 2978 1708 ista
3017 1656 3079 1708 tu
3133 1653 3598 1711 nunc'absurda

249 1745 308 1796 et
333 1739 694 1796 inconcinna
723 1741 888 1796 dicas
917 1757 930 1795 :

325 1828 406 1882 Θ’.
446 1829 504 1880 Ὀ
534 1829 682 1900 ἅγιος
720 1828 963 1890 Ἀκάκιος
1017 1827 1148 1883 εἶπεν
1187 1850 1199 1862 ·

247 1926 320 1988 τῷ
373 1920 722 1991 σταυρωθέντι
779 1917 857 1970 ἐπὶ
910 1923 1126 1971 Ποντίου
1187 1919 1432 1985 Πιλάτου,
1489 1917 1709 1980 δοθῆναί
1755 1941 1844 1994 μοι

248 2005 397 2077 λόγον
430 2003 522 2058 διὰ
572 2013 662 2058 τοῦ
695 2009 992 2079 Πνεύματος
1034 2009 1195 2060 αὑτοῦ
1245 2016 1335 2060 τοῦ
1385 2009 1536 2080 ἁγίου
1585 2014 1714 2084 πρὸς
1752 2015 1844 2069 τὴν

251 2093 570 2167 ἐπερώτησιν
613 2097 807 2152 ταύτην
856 2103 948 2147 τοῦ
995 2092 1331 2168 διασαφῆσαι
1360 2097 1522 2156 αὐτήν
1557 2115 1568 2128 ⁶
1598 2099 1656 2151 ού
1685 2102 1785 2172 γὰρ
1811 2101 1840 2158 ἡ

247 2184 496 2253 τυχοῦσά
550 2181 690 2233 ἐστιν
739 2183 869 2240 αὕτη
925 2184 1264 2258 ἐπερώτησις,
1318 2194 1429 2248 πῶς
1469 2183 1566 2238 δύο
1617 2187 1846 2258 λέγοντες

249 2271 418 2332 θεοὺς,
475 2270 560 2322 ἕνα
612 2278 920 2342 προσκυνεῖν
973 2276 1099 2324 Θεὸν
1149 2271 1566 2346 ἐπαγγελλόμεθα
1613 2295 1624 2307 ·
1658 2277 1756 2346 ἐγὼ
1789 2273 1848 2329 δέ

252 2378 338 2411 σοι
367 2358 515 2429 λέγω,
553 2355 801 2425 δικαστά,
835 2365 923 2410 xui
976 2365 1033 2412 1'0
1085 2368 1291 2433 Πνεῦμα
1348 2366 1405 2414 τὸ
1459 2363 1606 2433 ἅγιον
1650 2362 1847 2436 ἀχώρι-

255 2467 376 2500 στον
408 2443 536 2499 εἶναί
574 2454 664 2498 τοῦ
717 2451 914 2522 Πατρός
958 2453 1049 2500 καὶ
1098 2457 1188 2501 τοῦ
1241 2451 1383 2514 Υἱοῦ,
1443 2455 1531 2501 καὶ
1587 2449 1715 2502 εἶναι
1757 2455 1846 2522 μὲν

251 2540 373 2610 τρία
418 2540 675 2610 πρόσωπα
712 2535 761 2587 ἐν
795 2542 937 2611 τρισὶ
984 2543 1383 2612 προσηγορίαις,
1425 2543 1548 2610 μίαν
1591 2535 1649 2590 δὲ
1694 2534 1845 2588 δύνα-

250 2645 339 2698 μιν
396 2630 484 2677 καὶ
531 2626 748 2682 θεότητα
799 2628 993 2678 τούτων
1036 2635 1135 2678 τῶν
1190 2627 1450 2699 ὀνομάτων
1517 2627 1774 2700 ὑπάρχειν
1829 2641 1841 2653 ⁸

249 2713 338 2765 ἕνα
367 2709 425 2767 δὲ
461 2710 670 2784 λέγοξαεν
704 2716 831 2765 Θεὸν
879 2716 1070 2786 ἔχοντα
1100 2720 1185 2767 καὶ
1241 2721 1429 2786 Λόγον,
1477 2720 1565 2767 καὶ
1605 2717 1723 2766 ἄνευ
1755 2721 1845 2766 τοῦ

249 2802 476 2863 ζωτικοῦ
531 2804 824 2872 Πνεύματος
887 2808 958 2874 μὴ
1025 2801 1173 2858 εἶναι.
1235 2801 1438 2874 Δίδωμι
1492 2801 1552 2854 δέ
1611 2823 1693 2855 σοι
1757 2807 1845 2854 καὶ

249 2887 552 2960 ὑπόδειγμα
581 2887 848 2962 ἐγχωροῦν
905 2893 1025 2942 ὅσον
1068 2894 1196 2962 πρός
1245 2896 1336 2949 τὴν
1368 2893 1623 2962 ἡμετέραν
1655 2890 1846 2963 ἀνθρω-

249 2983 405 3035 πίνην
440 2973 663 3048 δύναμιν
711 2975 758 3028 ἐν
807 2981 972 3049 τούτῳ
1018 2997 1032 3008 ·
1086 2983 1257 3054 ὥσπερ
1313 2981 1336 3030 ὁ
1396 2977 1645 3050 βασιλεὺς
1673 2980 1697 3029 ό
1736 2986 1842 3042 νῦν,

250 3067 305 3118 ὃν
349 3070 413 3118 σὺ
449 3064 749 3138 ἐπιγράφεις
793 3063 1074 3134 δεσπότην,
1118 3066 1216 3138 ἐγὼ
1253 3070 1353 3142 γὰρ
1394 3068 1661 3139 ἄνθρωπον
1691 3067 1845 3118 αὐτόν

1254 1834 1490 1884 Πιστεύω
1546 1840 1617 1903 τῷ
1664 1833 1841 1891 Ἰησοῦ
1873 1833 1922 1890 Β

2025 1831 2110 1884 [Χ.
2151 1833 2297 1885 Tum
2337 1830 2580 1885 Aeacius
2613 1851 2626 1885 :
2659 1829 2780 1900 Ego
2826 1829 3024 1895 credo,
3083 1834 3140 1886 et
3187 1829 3247 1884 in
3294 1830 3454 1897 Jesu,
3498 1829 3600 1902 qui

1953 1919 2064 1973 sub
2097 1917 2294 1973 Pontio
2323 1917 2501 1974 Pilato
2545 1917 2861 1973 cruciﬁxus
2889 1917 3012 1984 fuit,
3057 1933 3222 1989 spem
3254 1917 3468 1984 habeo,
3515 1918 3598 1974 fu-

1953 2012 2242 2074 turum,ut
2263 2005 2408 2062 mihi
2427 2023 2529 2077 per
2544 2012 2814 2062 sanctum
2833 2006 2961 2077 ejus
2989 2006 3274 2077 Spiritum
3305 2008 3596 2062 sermonis

1949 2095 2201 2152 facultas
2221 2103 2592 2165 suggeratur,
2612 2111 2731 2167 qua
2751 2095 3190 2167 interrogationi
3212 2101 3326 2150 tua;
3355 2111 3600 2167 respon-

1951 2185 2111 2250 dere,
2140 2190 2196 2240 et
2221 2185 2614 2256 quaestionem
2657 2191 2822 2240 tuam
2862 2183 3156 2255 explicare
3187 2184 3438 2255 possim.
3469 2186 3599 2240 Non

1951 2273 2212 2345 vulgaris
2247 2273 2489 2344 quaestio
2518 2273 2645 2328 haec
2677 2279 2782 2337 est,
2801 2288 3136 2344 quarecum
3155 2272 3308 2328 duos
3335 2273 3603 2328 nomine-

1954 2378 2109 2431 mus,
2152 2377 2342 2416 unum
2375 2364 2557 2416 Deum
2599 2377 2636 2416 a
2664 2361 2837 2416 nobis
2877 2360 2989 2416 coli
3018 2360 3424 2432 proﬁteamur.
3458 2364 3596 2417 Dico

1951 2448 2128 2518 igitur
2157 2448 2257 2504 tibi
2288 2453 2344 2504 et
2375 2449 2656 2520 Spiritum
2678 2455 2954 2503 sanctum
2979 2463 3014 2504 a
3033 2450 3197 2503 Patre
3214 2454 3270 2504 et
3303 2448 3443 2504 Filio
3466 2464 3598 2504 esse

1950 2535 2435 2608 inseparabilem,
2482 2552 2552 2591 ac
2577 2542 2690 2592 tres
2719 2535 2963 2608 quidem
3027 2551 3310 2608 personas
3359 2551 3485 2592 esse
3538 2538 3598 2592 in

1951 2624 2137 2679 tribus
2167 2623 2676 2695 appellationibus,
2721 2624 2825 2680 sed
2883 2641 3066 2680 unam
3126 2629 3326 2681 tamen
3382 2625 3597 2680 horum

1947 2712 2266 2768 nominum
2325 2713 2651 2784 potentiam
2701 2728 2832 2768 esse
2875 2729 2943 2768 ac
2976 2713 3364 2769 divinitatem.
3399 2713 3598 2769 Unum

1951 2806 2151 2856 autem
2193 2801 2448 2855 dicimus
2485 2803 2688 2866 Deum,
2721 2800 3039 2857 habentem
3093 2806 3146 2856 et
3201 2801 3477 2866 Verbum,
3541 2805 3597 2855 et

1950 2888 2236 2960 Spiritum
2282 2897 2574 2945 sanctum.
2651 2890 3159 2946 Absurdissimum
3210 2891 3366 2944 enim
3411 2894 3594 2956 esset,

1953 2977 2140 3032 Deum
2165 2977 2289 3032 sine
2318 2977 2528 3046 Verbo,
2587 2981 2645 3032 et
2695 2978 2821 3033 sine
2879 2977 3042 3034 vitali
3099 2977 3311 3048 Spiritu
3374 2976 3594 3031 dicere.

1953 3064 2135 3134 idque
2166 3065 2439 3136 exemplo
2471 3065 2572 3120 tibi
2594 3066 2928 3134 ostendam,
2968 3065 3044 3122 ad
3077 3066 3231 3120 hanc
3252 3066 3447 3136 ipsam
3469 3080 3594 3120 rem

247 3155 396 3226 λέγω,
459 3153 585 3205 ἀλλὰ
623 3157 710 3204 καὶ
761 3160 933 3228 κρίσει
988 3159 1186 3226 μείζονι
1244 3157 1595 3226 ὑποκείμενον,
1645 3157 1757 3225 ἔχει
1788 3150 1842 3205 δὲ

1953 3151 2368 3222 explicandam
2399 3155 2871 3220 accommodato,
2904 3160 3197 3226 quatenus
3212 3153 3490 3208 humanas
3517 3151 3601 3208 fa-

246 3246 359 3295 υἱόν
413 3247 504 3294 καὶ
543 3241 767 3312 λέγεται,
806 3242 849 3294 εἰ
900 3245 1079 3314 τύχοι,
1126 3243 1276 3304 οὗτος
1325 3244 1666 3315 Μαξιμιανός,
1716 3245 1740 3294 ό
1785 3239 1843 3293 δὲ

248 3334 360 3393 υἱὸς
411 3331 570 3384 αὐτοῦ
612 3332 910 3396 Μαξέντιος,
953 3337 1041 3383 xui
1097 3332 1195 3383 εἰσὶ
1246 3329 1342 3384 δύο
1372 3335 1462 3404 μὲν
1505 3338 1782 3405 πρόσωπα,
1808 3332 1838 3388 ἡ

252 3417 310 3473 δὲ
363 3423 512 3492 φύσις
563 3422 752 3486 αὐτῶν,
807 3419 947 3472 τοῦτ’
995 3423 1132 3472 ἔστιν
1174 3430 1267 3482 τῆς
1301 3419 1714 3493 ἀνθρωπότητος,
1747 3424 1842 3491 μία

247 3515 336 3562 καὶ
369 3512 398 3568 ἡ
458 3508 702 3584 βασιλεία
754 3514 847 3581 μία
897 3514 987 3560 καὶ
1036 3507 1331 3582 ἀδιαίρετος
1376 3518 1465 3562 τοῦ
1515 3512 1709 3581 πατρὸς
1753 3513 1841 3560 καὶ

251 3607 342 3652 τοῦ
382 3601 497 3650 υἱοῦ
532 3617 544 3629 ·
578 3605 795 3672 τιμᾶται
824 3600 924 3671 γὰρ
959 3599 983 3650 ὁ
1040 3600 1146 3659 υἱὸς
1197 3595 1289 3651 διὰ
1326 3603 1413 3651 τὸν
1455 3602 1672 3670 πατέρα,
1702 3602 1787 3649 καὶ
1816 3598 1840 3648 ὁ

251 3691 426 3760 πατὴρ
469 3684 562 3739 διὰ
614 3690 696 3739 τὸν
745 3689 854 3739 υἱόν
889 3704 901 3716 ⁸
935 3690 1018 3739 τὸν
1069 3687 1222 3738 αὐτόν
1276 3684 1342 3744 δὴ
1392 3692 1577 3759 τρόπον
1617 3691 1701 3737 καὶ
1760 3683 1842 3736 ἐπὶ

251 3783 343 3828 τοῦ
394 3783 527 3829 Θεοῦ
560 3783 652 3838 τῆς
685 3778 822 3837 θείας
873 3775 1056 3837 οὐσίας
1085 3781 1208 3848 μίας
1237 3776 1398 3837 οὔσης
1428 3781 1515 3827 καὶ
1565 3773 1837 3848 ἁτρὲπτόυ,

254 3872 386 3918 Θεοῦ
416 3883 467 3917 τε
492 3870 579 3917 καὶ
602 3873 690 3917 τοῦ
717 3869 887 3936 Λόγου
911 3864 1090 3928 αὐτοῦ,
1124 3869 1212 3917 καὶ
1238 3872 1326 3916 τοῦ
1357 3867 1650 3937 Πνεύματος
1681 3863 1839 3915 αὐτοῦ

249 3960 340 4005 τοῦ
372 3951 518 4025 ἁγίου
544 3971 555 3982 ’
590 3954 663 4016 εἷς
681 3958 770 4005 καὶ
792 3952 986 4016 ἀληθὴς
1016 3955 1182 4015 Θεὸςό
1209 3955 1332 4029 παρ’
1358 3956 1501 4026 ἡμῶν
1524 3953 1840 4027 προσκυνού-

252 4061 422 4115 μενος.

1951 3239 2182 3295 cultatis
2200 3240 2458 3295 conditio
2473 3241 3237 3311 patitur.Quemadmodum
3252 3242 3595 3312 imperator,

1951 3329 2045 3400 qui
2065 3344 2222 3383 nunc
2242 3335 2348 3393 est,
2368 3344 2549 3400 quem
2567 3334 2629 3383 tu
2650 3330 3100 3397 domin‘um,ego
3116 3345 3254 3384 vero
3286 3329 3592 3384 hominem

1949 3416 2105 3482 dico,
2147 3420 2201 3471 et
2252 3417 2463 3487 majori
2511 3417 2736 3486 judicio
2777 3418 3132 3487 subjectum,
3175 3421 3232 3471 et
3270 3417 3425 3472 ﬁlius
3464 3418 3594 3486 ejus

1950 3505 2220 3577 (quorum
2257 3505 2359 3576 qui
2391 3512 2556 3576 pater
2589 3510 2692 3578 est,
2726 3505 3119 3560 Maximianus
3163 3504 3398 3570 dicitur,
3441 3504 3598 3559 ﬁlius

1949 3600 2149 3650 autem
2178 3593 2505 3649 Maxentius
2531 3593 2884 3665 appellatur)
2917 3593 3038 3648 duo
3058 3593 3296 3664 quidem
3321 3593 3405 3648 illi
3440 3597 3598 3662 sunt,

1949 3681 2332 3754 sedipsorum
2353 3687 2540 3738 tamen
2556 3681 3601 3753 naturae,humana3,inquam,condi-

1951 3772 2124 3826 tionis
2142 3771 2288 3826 ratio
2309 3786 2424 3825 una
2445 3769 2992 3842 est,imperiumque
3008 3769 3188 3840 patris
3211 3774 3268 3825 et
3290 3769 3390 3824 ﬁlii
3407 3784 3598 3824 unum

1949 3865 2003 3916 et
2028 3858 2418 3930 inseparabile
2439 3859 2784 3932 ;honoratur
2800 3864 2854 3914 et
2868 3859 3024 3912 enim
3040 3857 3196 3913 ﬁlius
3218 3874 3324 3929 per
3339 3863 3593 3929 patrem,

1947 3953 2003 4004 et
2033 3953 2198 4020 pater
2229 3963 2332 4019 per
2364 3946 2567 4002 ﬁlium.
2606 3947 2827 4003 Eodem
2860 3946 3041 4003 modo
3065 3952 3119 4002 et
3152 3949 3302 4002 Deus
3335 3945 3601 4002 conside-

1947 4044 2111 4093 ratur
2146 4051 2324 4094 :nam
2357 4051 2492 4090 cum
2524 4035 2724 4090 divina
2749 4035 2953 4101 Patris,
2991 4035 3177 4104 Verbi,
3239 4039 3296 4091 et
3345 4034 3597 4105 Spiritus

251 4131 444 4187 sancti
491 4130 775 4196 essentia,
840 4145 962 4186 una
991 4130 1321 4204 eademque
1354 4129 1866 4193 sitimmutabilis,
1909 4129 2219 4197 propterea
2258 4139 2430 4189 unus,
2459 4128 2514 4178 et
2539 4138 2673 4178 vere
2703 4123 2856 4178 Deus
2887 4127 2993 4188 est,
3047 4125 3152 4194 qui
3204 4139 3238 4179 a
3290 4123 3463 4179 nobis
3507 4138 3599 4179 co-

247 4219 405 4279 litur.

317 4307 376 4362 I'.
405 4308 464 4360 Ὀ
505 4303 766 4368 δικαστὴς
810 4305 943 4360 εἶπεν
973 4322 987 4338 ’
1025 4307 1278 4368 Πολλάκις
1329 4310 1418 4357 καὶ
1476 4303 1558 4357 ἐπὶ
1615 4309 1670 4357 τὸ
1718 4323 1840 4378 προ-

2022 4299 2095 4354 Χ.
2137 4297 2225 4352 Ad
2283 4297 2410 4352 haec
2448 4295 2670 4367 judex:
2707 4298 2890 4367 Swpe,
2953 4298 3164 4369 inquit,
3221 4302 3275 4354 te
3329 4298 3600 4355 hortatus

244 4401 472 4470 κείμενον
524 4395 645 4469 ἐμοῦ
702 4396 1122 4469 προτρεψαμένου
1168 4413 1242 4459 σε,
1298 4397 1361 4444 σὺ
1405 4401 1514 4453 τοῖς
1542 4393 1715 4464 λόγοις
1747 4411 1841 4444 σου

247 4489 450 4546 τούτοις
472 4492 579 4543 τοῖς
626 4481 792 4555 μηδέν
850 4502 905 4535 σε
945 4482 1200 4554 ὠφελοῦσι
1250 4479 1551 4554 μεταϐαλεῖν
1604 4500 1667 4553 με
1717 4479 1839 4553 βού-

247 4573 324 4625 λει
351 4589 362 4600 ·
391 4574 636 4629 πείσθητι
667 4568 752 4622 οὖν
806 4591 916 4642 μοι,
957 4576 1046 4622 καὶ
1089 4573 1264 4636 θῦσον,
1305 4574 1393 4621 xui
1434 4567 1675 4640 ἐπίγνωθι
1723 4573 1841 4631 τούς

249 4664 518 4732 πατρῴους
569 4661 730 4722 θεοὺς,
783 4656 854 4711 δι’
905 4658 992 4721 οὓς
1042 4662 1106 4711 τὰ
1151 4661 1320 4711 πάντα
1370 4662 1678 4716 συνέστηκεν
1708 4675 1720 4687 ο
1758 4656 1840 4710 ἐπὶ

247 4749 375 4801 πολ)
423 4749 522 4820 γάρ
579 4767 672 4800 σου
722 4746 1026 4820 ἐφεισάμην.
1074 4747 1130 4800 Ὀ
1185 4747 1329 4819 ἅγιος
1379 4747 1620 4807 Ἀκάκιος
1664 4746 1794 4817 λέγει
1824 4765 1834 4779 ο

247 4842 332 4896 Μή
367 4855 429 4909 με
479 4841 699 4909 νομίσῃς
745 4834 918 4908 φόϐοις
966 4844 1176 4889 κτυπεῖν
1224 4853 1236 4867 ’
1282 4837 1421 4908 ἔχεις
1469 4839 1526 4888 1'0
1560 4838 1710 4907 σῶμά
1739 4855 1838 4906 μου

250 4925 322 4988 εἰς
348 4927 614 4998 μάστιγας
642 4925 838 4995 ἕτοιμον
874 4944 885 4955 ·
932 4928 999 4988 ὡς
1033 4925 1229 4998 βούλει,
1277 4933 1394 4997 χρῶ
1433 4924 1573 4995 αύτῷ
1607 4943 1618 4956 ·
1662 4927 1748 4975 τόν
1781 4920 1839 4976 δὲ

249 5015 499 5087 λογισμόν
530 5023 621 5074 τῆς
659 5013 846 5084 ψυχῆς
873 5033 975 5085 μου
1006 5017 1121 5066 οῦτε
1159 5017 1244 5078 σύ,
1288 5015 1402 5065 οὔτε
1432 5015 1456 5064 ό
1505 5012 1836 5086 αὐτοκράτωρ

250 5121 363 5172 σου,
413 5106 528 5155 οὔτε
579 5104 608 5160 ἡ
670 5107 935 5175 παρουσία
991 5111 1089 5154 τῶν
1149 5099 1408 5172 δαιμόνων
1462 5121 1555 5153 σου
1617 5097 1839 5152 δύναται

242 5190 557 5265 μετατρέψαι
603 5189 686 5242 ἐπὶ
731 5193 789 5242 τό
823 5189 1012 5261 φαῦλόν
1057 5209 1201 5242 ποτε.
1255 5190 1312 5242 Ὁ
1367 5187 1618 5250 δικαστὴς
1653 5185 1784 5241 εἶπεν
1816 5204 1832 5222 ⁶

246 5281 386 5334 Ἐπεὶ
441 5276 527 5331 οὖν
583 5278 741 5338 οὕτως
795 5275 991 5350 βούλει,
1052 5277 1249 5350 ἀνάγκη
1308 5298 1398 5349 μοι
1426 5285 1572 5330 πᾶσα
1606 5278 1670 5338 εἰς
1697 5277 1834 5328 αἰκι-

246 5371 406 5442 σμοὺς
445 5374 698 5442 χωρῆσαι
736 5368 872 5418 κατὰ
903 5373 998 5418 σοῦ
1045 5371 1136 5418 καὶ
1164 5369 1221 5417 τό
1251 5371 1568 5440 πρόσταγμα
1591 5370 1647 5418 τὸ
1677 5364 1833 5438 βασι-

240 5451 379 5512 λικόν
406 5456 683 5532 πληρῶσαι
716 5471 729 5486 '
763 5451 1017 5508 ἀδύνατον
1065 5456 1166 5530 γάρ
1223 5475 1279 5508 σε
1337 5459 1548 5529 τοιαύτη
1607 5454 1835 5519 ἐξετάσει

243 5548 586 5624 ὕποπεσόντα,
648 5543 999 5620 ἀναχωρῆσαι
1065 5543 1225 5609 οὕτως
1289 5544 1683 5610 καταπαίξαντα
1739 5535 1832 5599 τοῦ

1954 4404 2112 4457 sum,
2140 4391 2202 4441 ut
2227 4385 2298 4442 ad
2327 4400 2452 4440 rem
2481 4385 2854 4459 propositam
2880 4385 3092 4442 redeas
3125 4405 3137 4456 ;
3167 4392 3226 4443 at
3247 4392 3308 4442 tu
3340 4387 3463 4442 istis
3485 4387 3600 4442 tuis

1953 4475 2327 4532 sermonibus
2373 4473 2596 4529 nullam
2653 4472 2754 4528 tibi
2820 4473 3130 4530 utilitatem
3189 4474 3598 4546 atferentibus,

1950 4566 2152 4621 studes
2179 4579 2271 4618 me
2301 4579 2336 4618 a
2361 4562 2664 4633 proposito
2694 4561 3005 4617 abducere.
3043 4565 3153 4618 Fac
3178 4563 3374 4634 igitur,
3434 4563 3600 4635 quod

1950 4653 2079 4726 ipse
2134 4653 2290 4717 dico,
2313 4657 2369 4707 et
2397 4649 2751 4705 sacriﬁcium
2799 4649 3039 4717 offeras,
3069 4668 3137 4707 ac
3185 4654 3407 4724 patrios
3453 4653 3599 4708 deos

1949 4757 2256 4808 agnoscas,
2289 4755 2388 4810 per
2404 4754 2555 4810 quos
2568 4737 2772 4793 omnia
2794 4737 2919 4794 haec
2943 4741 3346 4795 constiterunt.
3373 4741 3599 4794 Diutius

1948 4831 2106 4886 enim
2135 4829 2238 4884 tibi
2262 4826 2519 4900 peperci.
2541 4827 2640 4882 Cui
2663 4826 2929 4882 Acacius:
2952 4830 3030 4883 Ne
3055 4834 3249 4898 putes,
3285 4829 3599 4884 terroribus

1949 4920 2076 4974 istis
2106 4935 2200 4973 me
2229 4916 2564 4988 perculsum
2595 4914 2684 4968 iri.
2715 4917 2798 4969 En
2828 4915 3014 4970 habes
3046 4931 3260 4987 corpus
3289 4933 3487 4971 meum
3520 4917 3598 4973 ad

1946 5006 2183 5076 ﬂagella
2233 5002 2584 5074 excipienda
2642 5001 3080 5073 paratissimum
3123 5009 3324 5071 ;utere
3364 5003 3482 5072 illo,
3536 5009 3600 5062 ut

1947 5093 2086 5152 libet
2115 5099 2404 5151 :mentem
2420 5107 2556 5147 vero
2578 5091 2833 5146 etanimi
2868 5091 2981 5146 mei
3004 5091 3368 5163 propositum
3401 5108 3597 5164 neque

1948 5190 2028 5248 tu,
2060 5199 2248 5255 neque
2265 5183 2584 5254 imperator
2617 5185 2751 5234 tuus
2771 5195 2965 5252 neque
2981 5179 3328 5235 daemonum
3354 5187 3597 5238 tuorum

1946 5273 2260 5346 prtrsentia
2277 5285 2544 5341 unquam
2566 5273 2909 5338 pervertere,
2933 5274 2987 5323 et
3004 5267 3080 5324 ad
3113 5267 3304 5323 scelus
3337 5269 3603 5341 compel-

1946 5363 2062 5418 lere
2094 5359 2319 5433 poterit.
2352 5360 2513 5414 Tunc
2542 5355 2619 5410 illi
2640 5356 2829 5427 judex
2858 5347 2882 5415 ’;
2919 5358 3087 5427 Ergo,
3121 5358 3367 5428 quando
3399 5361 3464 5411 tu
3507 5357 3600 5416 ita.

1945 5451 2052 5519 vis,
2079 5449 2326 5508 omnino
2355 5459 2598 5503 necesse
2629 5449 2719 5500 est
2747 5445 3090 5502 verberibus
3120 5461 3190 5502 ac
3217 5445 3523 5504 tormentis
3545 5451 3598 5503 te

1945 5541 2260 5614 subjicere,
2293 5539 2350 5595 et
2372 5533 2748 5610 imperatoris
2797 5533 3054 5594 edictum
3119 5534 3386 5612 exsequi.
3437 5530 3596 5606 Nam
