4114 6262
559 324 664 379 227

1941 313 2198 374 MENSIS
2256 310 2474 371 MAIUS
2497 351 2516 370 .

3852 313 3968 368 228

560 450 690 506 ﬁeri
722 465 839 505 non
864 453 1075 521 potest,
1104 452 1169 503 ut
1220 447 1316 503 tali
1370 446 1684 519 quaastioni
1742 445 2062 516 subjectus,
2120 441 2192 495 sic

2320 437 2688 515 δικαστηρίου.
2739 443 2839 493 Καὶ
2895 440 3147 511 θυμωθεὶς
3184 439 3209 491 ὁ
3254 439 3435 513 ἄρχων
3480 441 3616 515 πρὸς
3646 442 3752 497 τήν
3798 438 3963 500 τάξιν

560 540 783 601 redeas,
816 539 1108 608 judicium
1139 541 1407 593 nostrum
1449 536 1725 592 illudens.
1782 539 1941 591 Tunc
1989 547 2203 604 praeses

560 627 757 683 furore
784 627 1059 698 percitus,
1090 632 1146 681 et
1172 626 1471 681 cohortem
1488 624 1703 681 affatus
1725 624 1953 693 :Figite,
1988 620 2199 693 inquit,

561 721 817 787 quatuor
849 722 1060 781 vectes,
1089 720 1145 770 et
1172 716 1231 769 in
1255 714 1365 769 illis
1388 715 1667 769 Acacium
1698 713 1954 782 alligate,
1979 708 2205 765 crudis-

559 819 675 874 que
701 804 891 859 nervis
935 803 1120 875 ipsius
1159 808 1323 872 terga
1353 808 1406 858 et
1450 809 1713 858 ventrem
1764 800 2086 863 verberate,
2142 802 2206 852 ut

560 892 752 948 discat
782 892 900 947 alia
954 908 1075 947 non
1126 891 1360 960 nugari,
1409 908 1603 963 neque
1653 894 1814 963 putet
1864 905 1925 944 se
1980 885 2205 958 aliquid

561 982 730 1047 scire,
795 997 932 1036 cum
963 980 1107 1035 nihil
1146 981 1310 1035 sciat.
1347 980 1662 1035 Videamus
1706 995 1783 1035 an
1809 977 1998 1051 ipsius
2053 976 2204 1030 Deus

561 1068 846 1124 auxilium
879 1070 929 1123 ei
955 1068 1181 1132 afferat,
1206 1070 1455 1140 ejusque
1499 1085 1670 1123 mens
1706 1084 1774 1122 ac
1830 1064 2202 1139 propositum

558 1172 742 1228 quam
770 1156 1008 1212 ﬁrmum
1037 1162 1091 1212 et
1110 1156 1480 1211 immutabile
1504 1158 1593 1223 sit,
1622 1155 2013 1227 eXperiamur.
2056 1151 2201 1207 Cum

558 1245 734 1314 igitur
788 1245 1035 1299 Acacius
1065 1245 1125 1298 in
1156 1244 1269 1298 illis
1302 1244 1569 1299 vectibus
1620 1244 1895 1314 alligatus
1916 1246 2069 1296 esset
2102 1256 2114 1305 ;
2148 1242 2204 1294 et

2314 529 2466 600 λέγει’
2529 530 2733 591 Πήξατε
2783 532 3043 604 τέσσαρας
3101 528 3294 590 πάλους
3352 531 3401 581 ἓν
3448 538 3509 602 τῇ
3567 538 3638 601 γῇ
3687 532 3789 580 καὶ
3852 531 3965 581 ἐκεῖ

2314 615 2624 679 ἐνδήσαντες
2700 618 2875 686 αὐτὸν,
2957 638 3155 693 νευροις
3223 618 3382 690 ὠμοῖς
3440 620 3745 693 χρήσασθε
3805 619 3957 687 αὐτῷ

2312 707 2428 758 καθ’
2469 706 2683 781 ἑκάτερα
2733 712 2861 780 μέρη
2906 712 3063 759 νώτου
3113 712 3202 759 καὶ
3241 706 3456 775 κοιλίας,
3514 709 3599 758 ἶνα
3650 709 3817 779 μάθῃ
3881 714 3950 777 μή

2314 794 2553 868 φλυαρεῖν
2607 803 2841 848 τοσαῦτα
2877 801 2966 847 καὶ
3017 796 3245 867 νομίζειν
3278 792 3469 848 εἰδέναι
3498 816 3571 861 τι,
3607 791 3795 867 μηδὲν
3835 796 3957 847 ἐπι-

2316 887 2580 956 στάμενος.
2630 887 2862 947 Δεθέντος
2911 882 2969 937 δὲ
3008 884 3167 937 αὑτοῦ
3212 887 3259 937 ἐν
3303 893 3409 945 τοίς
3443 888 3719 957 τέσσαρσι
3752 885 3956 945 ττάλοις

2313 977 2401 1023 καὶ
2450 977 2834 1046 μαστιζομένου
2906 970 3147 1047 σφοδρῶς
3191 974 3309 1026 καθ’
3366 973 3583 1047 ἑκάτερα
3644 978 3792 1047 μέρη
3857 982 3953 1025 τοῦ

2316 1066 2573 1132 σώματος,
2616 1064 2745 1121 αύτη
2806 1068 2935 1135 μόνη
2992 1063 3185 1135 ἐγένετο
3239 1063 3361 1136 παρ’
3411 1064 3571 1115 αὐτοῦ
3622 1069 3803 1135 φωνηο
3846 1063 3953 1120 Ἰη-

2316 1157 2411 1202 σοῦ
2469 1155 2684 1224 Χριστὲ,
2748 1152 2933 1225 βοήθει
2984 1172 3094 1226 μοι,
3150 1162 3221 1223 τῷ
3265 1161 3486 1224 ταπεινῷ
3538 1149 3725 1223 δούλῳ
3793 1153 3946 1205 σ’ουῖ

2318 1241 2490 1312 Κύριε,
2524 1246 2594 1312 μή
2625 1262 2686 1313 με
2716 1241 3089 1314 ἐγκαταλείπης
3124 1240 3135 1295 Ι

558 1334 687 1402 eius
747 1339 911 1402 terga
960 1333 1221 1404 undique
1278 1334 1750 1397 verberarentur,
1781 1332 1938 1387 hanc
1992 1329 2179 1385 solam
2231 1342 2433 1383 vocem
2483 1329 2577 1386 ille
2626 1332 2930 1387 emittebat
2971 1350 2982 1388 :
3046 1331 3289 1398 Christe,
3322 1346 3500 1403 opem
3554 1329 3726 1387 feras
3783 1331 3947 1386 mihi

558 1421 772 1478 humili
803 1437 975 1476 servo
1015 1426 1154 1487 tuo;
1181 1420 1424 1477 Domine
1457 1421 1633 1482 Deus,
1675 1437 1749 1475 ne
1780 1435 1874 1475 me
1912 1416 2312 1489 derelinquas.

626 1511 717 1565 ΧΙ.
749 1512 893 1566 Cum
924 1526 1063 1565 vero
1093 1525 1192 1564 sex
1229 1510 1536 1565 carniﬁces
1565 1508 1827 1564 vicissim
1885 1507 2050 1563 illum
2081 1521 2206 1560 ver-

558 1598 855 1663 berarent,
890 1604 945 1654 et
975 1599 1102 1669 ejus
1123 1599 1368 1669 sanguis
1399 1598 1461 1652 in
1488 1603 1699 1652 terram
1723 1596 1962 1652 abunde
1990 1593 2207 1649 diffun—

555 1689 811 1754 deretur,
841 1691 1152 1758 totumque
1179 1702 1395 1757 corpus
1424 1686 1767 1741 vulneribus
1800 1682 2206 1740 acerbissimis
2236 1718 2280 1772 Β

556 1777 847 1831 laniatum
888 1783 1062 1844 esset,
1096 1776 1274 1847 judex
1313 1776 1443 1846 ipse
1475 1792 1611 1831 cum
1643 1773 2012 1830 miserabiles
2076 1771 2205 1826 illas

559 1865 769 1936 plagas
794 1864 1034 1928 videret,
1064 1869 1120 1918 et
1150 1866 1426 1936 martyris
1457 1869 1715 1919 mentem
1747 1878 1816 1917 ac
1840 1861 2205 1917 voluntatem

556 1960 924 2009 constantem
948 1960 1122 2024 atque
1141 1953 1508 2008 immobilem
1533 1969 1662 2007 esse
1680 1950 2202 2007 animadverteret:

559 2044 732 2106 Num,
765 2042 973 2112 inquit,
1008 2057 1165 2096 nunc
1204 2041 1567 2097 sacriﬁcabis
1596 2042 1801 2097 ‘?ltane
1838 2041 2017 2094 miser
2067 2038 2202 2102 dici,

555 2145 740 2200 quam
767 2131 995 2183 amicus
1022 2132 1453 2200 imperatorum
1485 2145 1615 2184 esse
1644 2129 1944 2184 maluisti?
1968 2127 2055 2182 Ad
2076 2127 2206 2181 haec

554 2218 700 2273 dixit
758 2217 1040 2273 Acacius:
1074 2219 1469 2291 Nequaquam
1517 2234 1627 2287 ego
1653 2217 1963 2273 sacriﬁco:
2008 2216 2205 2272 habeo

554 2308 711 2363 enim
743 2306 1060 2361 Dominum
1090 2323 1289 2362 meum
1312 2308 1500 2363 Jesum
1534 2307 1827 2364 Christum
1853 2322 2031 2379 opem
2058 2303 2203 2360 mihi

552 2396 869 2463 ferentem;
903 2399 1103 2467 itaque
1132 2396 1259 2451 istis
1283 2398 1395 2453 tuis
1424 2397 1783 2453 cruciatibus
1806 2396 2201 2453 robiistiorem

552 2500 621 2540 ac
652 2486 1081 2557 promptiorem
1110 2502 1203 2540 me
1229 2487 1562 2542 reddidisti.
1594 2490 1885 2543 Hactenus
1906 2487 2067 2541 enim
2091 2492 2202 2542 tor-

552 2580 889 2630 mentorum
904 2576 1285 2645 exspectatio,
1304 2576 1505 2647 aliqua
1531 2593 1603 2631 ex
1625 2581 1789 2647 parte
1817 2574 2199 2644 cogitationes

551 2680 717 2719 meas
748 2664 1139 2736 perturbabat
1173 2681 1185 2719 :
1215 2681 1352 2719 cum
1382 2682 1521 2720 vero
1552 2666 1640 2719 vis
1670 2665 1835 2720 illata
1866 2669 1973 2730 est,
2006 2664 2199 2720 ethaac

551 2751 674 2823 pati
708 2753 882 2823 ccepi,
911 2768 1017 2824 per
1078 2754 1280 2807 Jesum
1337 2753 1631 2809 Christum
1688 2752 1832 2808 mihi
1874 2753 2197 2824 potentiam

552 2841 1652 2910 suggerenlem,robustissimusfactus
1671 2848 1888 2907 sum,et
1902 2842 1977 2897 ad
1992 2840 2198 2898 omnia

550 2932 849 2984 tormenta
881 2930 1255 3000 suscipienda
1286 2930 1716 3001 paratissimus.
1752 2933 1869 2986 Deo
1899 2931 2028 3002 ipso
2069 2930 2194 2985 sine

548 3017 918 3073 dubitatione
980 3018 1178 3090 aliqua
1217 3020 1504 3074 conﬁsus.
1552 3022 1697 3074 Tum
1745 3019 1931 3090 judex
1981 3034 1992 3069 :

548 3104 759 3177 inquit,
803 3107 969 3171 dicis,
1001 3108 1287 3178 quoniam
1342 3109 1575 3178 majora
1604 3113 1897 3164 tormenta
1926 3108 2027 3165 tibi
2072 3124 2193 3164 non

548 3193 736 3249 intuli.
793 3195 903 3250 Sed
935 3211 1046 3265 ego
1073 3197 1463 3253 temeritatem
1495 3198 1673 3252 istam
1700 3202 1864 3253 tuam
1892 3198 2188 3269 dejiciam.

547 3284 627 3337 Eo
658 3283 836 3349 enim,
865 3286 1025 3356 quod
1049 3285 1335 3340 hactenus
1372 3285 1474 3340 tibi
1505 3287 1761 3358 peperci,
1788 3288 2099 3353 audacem,
2131 3294 2195 3343 ut

545 3370 713 3435 dicis,
748 3378 797 3427 te
822 3373 1065 3427 reddidi.
1100 3373 1199 3428 Cui
1229 3375 1477 3430 Aeacius
1507 3392 1520 3430 :
1556 3375 1666 3431 Fac
1684 3376 1983 3431 celerrime
2022 3375 2192 3447 quid-

543 3458 689 3530 quid
719 3460 828 3515 vis.
857 3462 1016 3526 Quos
1040 3463 1194 3516 enim
1224 3464 1521 3518 cruciatus
1550 3463 1915 3519 mihiaﬁ'erre
1942 3463 2188 3532 cogitas,

546 3546 626 3602 illi
682 3549 987 3605 utilitatem
1032 3550 1178 3605 mihi
1227 3550 1475 3606 aﬂerent
1515 3568 1525 3606 :
1561 3557 1617 3607 et
1645 3568 1765 3624 quo
1799 3552 2033 3623 majora
2079 3558 2191 3607 tor-

542 3642 742 3692 menta
771 3637 1105 3703 adhibebis,
1134 3655 1202 3693 eo
1222 3641 1513 3711 majorem
1545 3640 1772 3696 Domini
1797 3642 1909 3695 mei
1935 3642 2189 3711 gratiam

542 3724 759 3779 invitus
791 3726 934 3779 mihi
965 3727 1328 3781 conciliabis.
1356 3730 1507 3794 llaec,
1536 3730 1949 3800 iuquitjudex,
1988 3729 2188 3801 loque-

540 3812 641 3878 ris,
674 3814 960 3885 quoniam
976 3830 1189 3884 corpus
1202 3818 1373 3868 tuum
1390 3816 1661 3871 nondum
1676 3818 2014 3873 verberibus
2040 3819 2190 3874 lace-

542 3906 737 3955 ratum
786 3906 892 3956 est.
938 3902 1085 3956 Tum
1118 3902 1366 3956 Aeacius
1409 3919 1421 3957 :
1462 3906 1591 3959 .lam
1632 3905 1774 3974 dixi,
1827 3912 1891 3961 ut
1938 3906 2185 3972 faceres,

540 3990 827 4062 quidquid
840 3990 1074 4059 vis,non
1088 3991 1244 4046 enim
1260 3991 1505 4063 impuris
1518 3994 1887 4049 daemonibus
1900 3995 2187 4061 sacriﬁco,

538 4093 735 4150 neque
766 4077 1055 4133 voluntati
1096 4084 1228 4145 tuae,
1259 4085 1361 4135 aut
1385 4081 1565 4151 patris
1596 4084 1681 4137 tui
1702 4084 1935 4138 Satanas
1958 4100 2186 4140 morem

539 4181 699 4235 gero.
730 4168 825 4222 His
852 4167 1085 4234 auditis,
1116 4169 1298 4238 judex
1329 4176 1665 4226 commotus
1681 4171 1857 4228 dixit:
1892 4173 2185 4229 Plumbeis

531 4255 749 4310 aminis
804 4255 932 4326 ejus
966 4257 1239 4314 maxillas
1270 4260 1636 4325 contundite,
1672 4276 1746 4316 ne
1806 4262 1914 4317 iste
1973 4268 2183 4321 nostra

532 4344 819 4400 diuturna
848 4346 907 4399 in
929 4360 1065 4401 eum
1100 4348 1381 4417 patientia
1413 4350 1725 4405 temerario
1756 4350 1940 4406 modo
1974 4352 2185 4408 abuta-

530 4434 643 4486 tur.
686 4432 824 4487 Post
850 4434 977 4487 hrec
1015 4434 1264 4489 Aeacius
1310 4452 1321 4488 :
1354 4439 1436 4489 En
1466 4437 1689 4491 factum
1720 4443 1829 4501 est,
1862 4440 2023 4510 quod
2087 4457 2184 4497 vo-

528 4518 912 4590 luisti,neque
935 4521 1271 4591 quidquam
1286 4523 1541 4592 amplius
1557 4525 2005 4595 profecisti;non
2025 4531 2183 4585 enim

530 4606 705 4662 mala:
730 4614 887 4663 artes
917 4614 1030 4662 tuaa
1063 4624 1258 4664 meam
1286 4610 1345 4664 in
1377 4611 1675 4668 Christum
1715 4614 2065 4672 charitatem
2087 4635 2187 4674 su-

527 4696 846 4769 perabunt.
883 4698 1181 4762 Sacriﬁca,
1210 4698 1402 4770 inquit
1426 4699 1796 4770 judex,etab
1823 4702 2184 4762 imminenti-

529 4786 637 4839 bus
685 4786 925 4858 reliquis
959 4788 1262 4842 tormentis
1307 4787 1455 4842 liber
1488 4794 1635 4845 esto.
1674 4793 1998 4863 Respondit
2045 4805 2187 4852 Aca-

533 4876 659 4929 cius
692 4892 704 4930 :
739 4879 1055 4947 Nunquam
1076 4876 1163 4947 (ut
1189 4877 1333 4949 dixi)
1362 4880 1713 4936 sacrificabo
1739 4886 1999 4939 :tantum
2025 4888 2183 4943 enim

530 4964 904 5020 imminentes
933 4966 1229 5021 cruciatus
1260 4966 1548 5038 despicio,
1590 4978 1883 5041 quantum
1923 4980 1979 5029 et
2017 4982 2184 5032 ante-

534 5053 806 5110 cedentes
831 5071 952 5111 non
984 5055 1209 5123 curavi,
1250 5055 1370 5112 Deo
1399 5057 1534 5128 ipso
1564 5059 1711 5114 mihi
1768 5062 2001 5118 animos
2045 5080 2181 5135 sug-

534 5148 790 5213 gerente.

604 5319 716 5373 ΧΙΙ.
745 5319 834 5374 Ad
886 5319 1013 5376 haec
1037 5322 1221 5392 judex
1255 5340 1268 5379 :
1323 5322 1655 5394 Quomodo,
1682 5327 1873 5400 inquit
1893 5332 1957 5384 tu
2003 5330 2171 5387 miles

529 5410 707 5480 atque
735 5407 1058 5477 illiteratus,
1093 5411 1173 5467 ita
1198 5427 1442 5471 causam
1472 5419 1637 5472 tuam
1668 5417 1794 5488 agis
1819 5417 1846 5474 ?
1886 5418 1988 5474 Cui
2026 5422 2168 5478 Aca-

529 5498 654 5553 cius
676 5512 691 5553 :
713 5499 963 5554 Putasne
988 5500 1231 5570 propria
1246 5502 1454 5559 virtute
1469 5520 1580 5561 nos
1598 5505 1728 5562 haec
1757 5509 2117 5580 respondere
2139 5510 2167 5566 ‘P

526 5585 783 5659 Minime,
807 5587 1077 5662 inquam,
1107 5602 1219 5647 nos
1242 5586 1373 5645 haec
1395 5590 1666 5663 facimus,
1701 5596 1807 5653 sed
1835 5596 2099 5672 locuples
2110 5605 2167 5661 et

2054 3019 2190 3085 Ista,
2228 3064 2267 3120 Ο

2274 5510 2333 5564 '0
2386 5511 2532 5584 ἅγιος
2585 5511 2831 5575 Ἀκάκιος
2909 5510 3066 5565 εἶπενο

2387 1505 2486 1561 ΙΑ’.
2541 1512 2640 1561 Καὶ
2675 1507 2992 1581 ἀλλαγέντων
3032 1508 3111 1561 ἐπ’
3150 1508 3285 1580 αύτῷ
3326 1508 3378 1571 ἒξ
3427 1505 3629 1580 δημίων
3682 1517 3795 1560 τῶν
3848 1514 3942 1561 καὶ

2316 1599 2608 1647 τυπτόντων
2666 1598 2842 1663 αὐτὸν,
2889 1602 2978 1650 καὶ
3024 1606 3115 1650 τοῦ
3172 1600 3394 1670 αἵματος
3460 1597 3619 1650 αὐτοῦ
3665 1603 3772 1655 τὴν
3833 1608 3937 1669 γῆν

2317 1684 2704 1758 πληρώσαντος,
2750 1692 2838 1739 καὶ
2896 1687 3013 1739 ὅλου
3046 1694 3136 1739 τοῦ
3189 1693 3427 1759 σώματος
3475 1689 3633 1739 αὑτοῦ
3674 1695 3936 1758 χαλεπῶς

2317 1768 2632 1835 διατιθέντος
2684 1784 2787 1836 τοῖς
2848 1779 3159 1851 τραύμασιν,
3223 1778 3248 1827 ὁ
3304 1772 3559 1836 δικαστὴς
3640 1778 3785 1850 ὁρῶν
3876 1781 3934 1828 τὸ

2314 1864 2479 1922 πάθος
2535 1863 2739 1916 ἐλεεινὸν
2821 1870 3152 1938 γεγενημένον
3226 1870 3315 1917 καὶ
3372 1869 3454 1917 τὸν
3510 1864 3776 1936 λογισμὸν
3842 1874 3935 1917 τοῦ

2314 1953 2576 2025 μάρτυρος
2657 1952 3028 2025 ἀμετακίνητον
3108 1959 3247 2020 ὄντα,
3328 1952 3463 2025 λέγει
3539 1958 3669 2026 πρὸς
3742 1954 3927 2006 αὐτόν·

2315 2042 2490 2107 Θύεις,
2558 2042 2784 2108 Ἀκάκιε,
2842 2047 2872 2101 ᾖ
2933 2042 3101 2115 ἀκμὴν
3151 2042 3466 2114 ἁντιλέγεις;
3520 2046 3583 2094 σὺ
3636 2046 3749 2117 γὰρ
3820 2044 3927 2102 ἥλω

2313 2127 2491 2191 ἄθλιος
2534 2130 2722 2202 μᾶλλον
2776 2141 2996 2204 φανῆναι
3050 2136 3080 2190 ἤ
3134 2131 3278 2204 φίλος
3320 2134 3559 2203 γενέσθαι
3602 2140 3705 2183 τῶν
3758 2130 3922 2204 βασι-

2312 2215 2455 2269 λέων.
2515 2218 2573 2270 Ὁ
2630 2220 2775 2291 ἅγιος
2831 2222 3071 2281 Ἀκάκιος
3125 2220 3281 2291 λέγει·
3332 2220 3407 2273 Οῦ
3459 2222 3563 2272 θύω
3602 2224 3762 2272 ποτέ·
3819 2224 3905 2292 ἔχω

2310 2309 2409 2380 γὰρ
2443 2311 2528 2358 τὸν
2581 2313 2769 2382 Κύριον
2798 2328 2898 2381 μου
2944 2312 3153 2367 Ἰησοῦν
3210 2312 3437 2383 Χριστὸν
3468 2312 3554 2361 τὸν
3610 2307 3918 2381 βοηθοῦντά

2309 2415 2399 2466 μοι
2434 2394 2532 2447 ἀεί·
2579 2395 2663 2467 ἐμὲ
2704 2400 2805 2472 γὰρ
2838 2397 2891 2449 ἐκ
2940 2406 3038 2450 τῶν
3087 2397 3331 2471 βασάνων
3382 2417 3475 2450 σου
3507 2401 3699 2450 τούτων
3749 2399 3919 2471 ἰσχυ-

2308 2488 2526 2557 ρώτερον
2607 2486 2797 2557 μᾶλλον
2874 2492 2963 2539 καὶ
3046 2486 3456 2562 θαρσαλεώτερον
3547 2491 3913 2550 κατέστησας·

2308 2572 2401 2632 ἕως
2450 2575 2550 2646 γὰρ
2602 2573 2721 2649 ἆρτι
2750 2577 2780 2633 ἡ
2840 2572 3139 2649 προσδοκία
3184 2585 3279 2629 τῶν
3330 2573 3508 2628 δεινῶν
3541 2576 3637 2628 κᾶν
3678 2577 3731 2628 ἐν
3773 2582 3917 2650 μέρει

2306 2665 2391 2713 τὸν
2445 2661 2693 2735 λογισμόν
2742 2685 2844 2735 μου
2894 2665 3183 2740 ἐτάραττεν,
3233 2670 3475 2738 γενομένη
3533 2662 3591 2718 δὲ
3644 2669 3675 2724 ἡ
3760 2674 3915 2741 πεῖρα

2306 2759 2396 2804 τοῦ
2425 2754 2624 2814 πάθους
2679 2758 2767 2806 καὶ
2814 2753 3086 2827 ἐνεχθεῖσα
3125 2753 3218 2808 διὰ
3263 2760 3348 2808 τὸν
3414 2753 3810 2828 ἐνδυναμοῦντά
3851 2777 3915 2828 με

2308 2843 2494 2913 Κύριον
2551 2843 2754 2900 Ἰησοῦν
2807 2849 3056 2917 Χριστὸν,
3120 2841 3326 2918 σφόδρα
3388 2865 3450 2917 με
3531 2852 3910 2916 γῢναιώτατον

2304 2927 2541 2987 ἐποίησεν
2598 2935 2729 3006 πρὸς
2781 2936 2954 2984 πᾶσαν
3016 2939 3267 3006 τιμωρίαν
3324 2938 3683 2987 πιστεύσαντα
3746 2933 3910 2988 ἀδια-

2302 3023 2492 3090 κρίτως
2543 3028 2615 3090 τῷ
2691 3029 2823 3092 Θεῷ·
2880 3021 2937 3073 Ὀ
2994 3018 3257 3083 δικαστὴς
3308 3022 3461 3076 εἶπεν·
3520 3021 3736 3082 Ἐπειδὴ
3817 3028 3909 3087 τὰς

2300 3112 2536 3180 μείζονάς
2599 3129 2683 3161 σοι
2740 3115 2996 3183 τιμωρίας
3063 3108 3312 3164 οὐδέποτε
3382 3112 3665 3185 ἐπήγαγον,
3734 3123 3910 3167 ταῦτα

2299 3196 2480 3268 λέγεις·
2538 3201 2635 3269 ἐγὼ
2679 3218 2771 3250 σου
2829 3204 2887 3251 τὸ
2948 3202 3141 3274 θράσος
3193 3203 3426 3274 καθαιρῶ
3477 3206 3654 3255 τούτο·
3718 3207 3909 3275 φεισά-

2300 3304 2447 3356 μενος
2497 3288 2597 3361 γάρ
2633 3306 2747 3353 σου,
2802 3289 3082 3363 θαρσαλέον
3135 3309 3209 3353 σε,
3268 3294 3335 3352 ὡς
3381 3290 3561 3362 λέγεις,
3611 3298 3903 3349 πεποίηκα.

2297 3373 2355 3425 Ὀ
2404 3374 2824 3445 ἀγιΟςἊκάκιος
2854 3378 3009 3448 λέγει’
3066 3384 3207 3431 Ποίει
3262 3376 3353 3432 διὰ
3396 3382 3593 3451 τάχους
3636 3382 3663 3432 ὅ
3714 3380 3899 3443 θέλεις·

2298 3464 2354 3524 οἷς
2384 3466 2483 3536 γὰρ
2527 3465 2756 3536 νομίζεις
2805 3465 3066 3538 βασάνους
3114 3487 3203 3538 μοι
3252 3467 3480 3540 ἐπάγειν,
3535 3470 3607 3532 εἰς
3655 3470 3902 3542 ὠφέλειάν

2296 3557 2395 3626 μού
2445 3554 2595 3605 εἰσιν
2629 3559 2718 3605 καὶ
2769 3556 2889 3607 ὅσον
2938 3557 3178 3628 μειζονάς
3211 3577 3300 3629 μοι
3349 3564 3596 3634 επιφέρεις
3632 3560 3899 3627 κολάσεις,

2296 3650 2543 3695 τοσοῦτον
2599 3647 2687 3695 καὶ
2735 3643 2782 3695 ἐν
2836 3652 2906 3715 τῷ
2962 3647 3138 3719 Κυρίῳ
3192 3650 3354 3719 χάριν
3401 3649 3538 3699 ἄκων
3575 3651 3806 3723 χαρίζῃ.
3838 3651 3900 3703 Ὀ

3309 3735 3540 3801 Ἀκάκιε,
3598 3735 3780 3797 ἐπειδὴ
3838 3745 3900 3792 τὸ

2300 3825 2449 3893 σῶμά
2483 3841 2575 3873 σου
2606 3820 2812 3874 οὐδέπω
2866 3823 3149 3885 κατεξάνθη
3178 3832 3285 3886 τοῖς
3337 3826 3702 3898 αἰκισμοῖς.Ὀ
3746 3828 3899 3899 ἅγιος

2299 3731 2558 3792 δικαστὴς
2612 3731 2764 3803 λέγει’
2821 3739 2998 3785 Ταῦτα
3053 3734 3236 3801 λαλεῖς,

2297 3910 2539 3971 Ἀκάκιος
2596 3909 2747 3963 εἶπεν·
2803 3918 2902 3965 Καὶ
2946 3910 3052 3971 ἤδη
3098 3934 3181 3965 σοι
3231 3917 3374 3986 ἔφην,
3425 3919 3513 3967 καὶ
3543 3915 3694 3968 πάλιν
3738 3916 3893 3988 λέγω,

2296 4004 2431 4052 ποίει
2461 4000 2486 4049 ὃ
2533 3998 2701 4059 θελεις·
2752 4000 2809 4052 ού
2861 4002 2964 4053 θύω
2994 4004 3093 4075 γὰρ
3140 3999 3360 4075 δαίμοσι
3406 4002 3738 4078 ἀκαθάρτοις,
3776 4010 3897 4059 οῦτε

2295 4092 2398 4159 μὴν
2444 4097 2576 4139 ποιῶ
2619 4093 2675 4140 τὸ
2733 4089 2927 4162 θέλημά
2973 4110 3084 4156 σου,
3129 4089 3373 4144 οὐδὲτοῦ
3404 4098 3599 4167 πατρὸς
3650 4113 3765 4163 σου,
3800 4104 3893 4147 τοῦ

2296 4183 2514 4230 Σατανᾶ.
2572 4178 2630 4230 Ὀ
2684 4175 2942 4239 δικαστὴς
2986 4177 3140 4233 εἶπεν·
3184 4180 3421 4234 Θλάσατε
3467 4182 3627 4234 αὐτοῦ
3656 4185 3745 4244 τὰς
3777 4203 3894 4237 σια-

2293 4276 2459 4337 γῶνας
2503 4264 2826 4339 μολιϐδίσιν,
2875 4270 2956 4320 ἵνα
2997 4274 3066 4341 μὴ
3110 4266 3541 4330 ἀπαυθαδίξηται
3571 4279 3631 4344 τῇ
3665 4274 3893 4347 ἡμετέρᾳ

2296 4356 2373 4408 ἐπ’
2404 4356 2545 4426 αύτῷ
2596 4358 2953 4430 μακροθυμίᾳ.
3007 4362 3106 4410 Καὶ
3138 4360 3323 4411 τούτου
3373 4359 3419 4410 ἐν
3477 4362 3631 4432 τάχει
3682 4368 3890 4435 γενομέ-

2295 4465 2403 4510 νου,
2466 4448 2490 4497 ὁ
2543 4445 2691 4516 άγιος
2740 4446 2987 4507 Ἀκάκιος
3034 4443 3185 4500 εἶπεν⁸
3242 4444 3353 4500 Ἴδε
3403 4453 3491 4500 καὶ
3542 4449 3590 4499 ἐν
3641 4454 3807 4523 τούτῳ
3862 4454 3889 4504 ὃ

2296 4533 2575 4599 ἠθέλησας,
2613 4537 2881 4597 ἐποίησας,
2932 4537 3161 4610 τύραννε,
3217 4542 3305 4588 καὶ
3358 4533 3507 4589 οὐδὲν
3561 4537 3708 4591 πλέον
3759 4540 3886 4613 ὠφέ-

2295 4622 2485 4684 λησας·
2544 4624 2601 4676 οῦ
2650 4626 2751 4698 γὰρ
2799 4629 3099 4683 νικήσουσιν
3155 4628 3208 4677 αἱ
3254 4632 3591 4698 κακοτεχνίαι
3649 4648 3742 4681 σου
3793 4634 3885 4689 τὴν

2298 4712 2363 4772 εἰς
2412 4717 2639 4785 Χριστόν
2682 4732 2796 4785 μου⁹
2839 4712 3064 4784 ἀγάπην.
3097 4714 3155 4766 Ὀ
3210 4712 3469 4776 δικαστὴς
3518 4713 3669 4769 εἶπεν·
3710 4726 3881 4772 Θῦσον

2294 4799 2470 4852 λοιπὸν
2515 4807 2604 4854 καὶ
2654 4800 2981 4873 ἀπαλλάγηθι
3040 4812 3140 4854 τῶν
3189 4813 3448 4874 μενουσῶν
3506 4824 3564 4857 σε
3616 4804 3877 4878 βασάνων.

2292 4889 2350 4941 Ὀ
2398 4891 2540 4961 άγιος
2606 4893 2852 4953 Ἀκάκιος
2926 4892 3079 4962 λέγει·
3141 4889 3295 4945 Εἶπον
3370 4913 3469 4956 σοι,
3532 4892 3572 4945 ὦ
3631 4892 3879 4965 δικαστά,

2290 4979 2557 5043 πολλάκις,
2620 4982 2699 5032 ὅτι
2756 4980 2811 5033 ού
2874 4982 2977 5032 θύω
3024 4977 3246 5052 δαίμοσί
3296 4998 3433 5034 ποτε·
3486 4990 3733 5036 τοσοῦτον
3778 4990 3878 5057 γὰρ

2287 5076 2385 5119 τῶν
2424 5068 2713 5139 μελλουσῶν
2769 5068 3012 5142 βασάνων
3068 5074 3390 5136 κατέπτυσα,
3454 5073 3573 5123 ὅσον
3633 5079 3721 5124 καὶ
3781 5083 3878 5125 τῶν

2287 5154 2393 5215 ἤδη
2427 5157 2795 5232 προλαϐουσὼν
2826 5159 2918 5210 ούκ
2968 5159 3259 5231 ἐφρόντισα,
3291 5167 3382 5212 τοῦ
3441 5169 3572 5214 Θεοῦ
3602 5182 3701 5233 μου
3750 5183 3879 5236 χορι

2284 5251 2529 5316 ηγοῦντός
2563 5267 2650 5319 μοι
2689 5252 2781 5305 τὴν
2819 5244 3067 5319 δύναμιν,

2353 5333 2449 5389 ΙΒ’.
2506 5334 2564 5386 Ὀ
2618 5332 2879 5396 δικαστὴς
2927 5330 3085 5387 εἶπεν*
3137 5343 3251 5398 Πῶς
3292 5356 3618 5410 στρατιωτης
3668 5341 3735 5389 ὧν
3787 5344 3875 5392 καὶ

2280 5420 2636 5496 ἀγράμματος,
2700 5425 2929 5491 Ἀκάκιε,
2994 5424 3152 5487 οὕτως
3231 5425 3443 5497 ἑτοίμως
3498 5426 3870 5498 ἀπολογῆσαι;

3144 5517 3209 5566 Τί
3256 5516 3357 5588 γάρ
3393 5531 3407 5581 ;
3439 5518 3666 5588 νομίζεις
3734 5517 3869 5589 ἡμᾶς

2279 5598 2651 5675 ἀπολογεῖσθαι
2704 5601 2758 5667 ἐξ
2808 5598 2943 5664 ἰδίας
2994 5600 3224 5676 σκέψεως
3269 5604 3299 5662 ἠ
3335 5605 3659 5678 μαθήσεως;
3694 5605 3860 5681 Οὐχί·
