4114 6262
163 426 294 479 ἀλλὰ
322 427 381 478 τὸ
424 423 673 477 πλούσιον
703 425 793 474 καὶ
826 420 970 494 ἅγιον
1002 431 1209 497 Πνεῦμα
1240 433 1330 480 τοῦ
1381 435 1512 480 Θεοῦ
1543 432 1769 500 χορηγεῖ

163 525 276 579 τοῖς
308 513 516 572 δούλοις
547 512 703 564 αὐτοῦ
735 516 826 569 τήν
859 512 1046 571 πολλὴν
1099 521 1187 567 καὶ
1217 517 1433 588 ἄφθονον
1479 526 1569 567 τοῦ
1614 516 1766 585 λόγου

167 605 471 680 παρρησίαν
523 606 610 653 καὶ
659 605 751 658 τήν
804 601 1088 673 ὑπομονήν,
1144 606 1316 665 καθὼς
1369 610 1457 656 καὶ
1509 607 1534 656 ό
1594 609 1768 678 Σωτὴρ

173 692 437 757 ἐδίδαξεν,
492 696 788 765 προσειπὼν
845 698 953 752 τοῖς
1010 693 1274 762 μαθηταῖς
1331 693 1532 745 αὐτοῦ·
1569 715 1596 742 ‹‹
1654 692 1770 744 Ὀτ⁹

175 783 257 849 ἂν,
315 785 458 854 φησὶ,
513 775 886 852 παραδίδωσιν
942 781 1074 852 ὑμᾶς
1131 788 1235 842 τοῖς
1285 784 1520 857 ἄρχουσι
1571 779 1664 834 διὰ
1714 785 1771 834 τὸ

173 875 334 942 ὄνομά
381 890 504 943 μου,
553 873 626 940 μὴ
685 873 1060 940 μεριμνήσητε,
1114 880 1224 932 πῶς
1283 871 1310 929 ἦ
1363 877 1413 924 τί
1468 871 1766 929 λαλήσητε·

172 957 462 1019 δοθήσεται
490 960 591 1032 γὰρ
626 959 747 1029 ύμῖν
800 956 848 1008 ἐν
880 957 1043 1031 ἐκείνη
1078 967 1138 1031 τῇ
1189 962 1298 1036 ὥρᾳ
1349 965 1405 1012 τὸ
1451 965 1501 1012 τί
1545 964 1720 1018 εἶπητε
1752 977 1766 991 ⁶

170 1049 232 1102 οὗ
284 1052 386 1122 γὰρ
445 1049 588 1119 ὑμεῖς
647 1045 760 1098 ἐστε
817 1048 865 1097 oi
921 1045 1207 1112 λαλοῦντες,
1270 1048 1396 1101 ἀλλά
1447 1052 1503 1101 τὸ
1566 1057 1772 1121 Πνεῦμα

170 1146 265 1191 τοῦ
321 1140 525 1210 Πατρός
567 1135 708 1206 ὑμῶν
760 1138 818 1186 τό
856 1135 1039 1187 λαλοῦν
1079 1134 1126 1187 ἐν
1181 1136 1320 1208 ύμῖν.
1370 1139 1642 1200 Ἀντώνιος
1687 1157 1772 1189 κο-

171 1232 520 1300 μενταρήσιος
571 1223 707 1294 λέγει
765 1231 834 1292 τῷ
901 1223 1033 1294 ἁγίῳ
1106 1226 1369 1299 μάρτυρι·
1430 1231 1492 1278 Τί
1545 1227 1769 1298 ὠφελεῖς,

173 1316 338 1378 ἄθλιε,
412 1320 629 1365 τοιαῦτα
711 1314 1038 1374 νουθετηθεὶς
1107 1319 1194 1366 καὶ
1248 1319 1318 1386 μή
1379 1317 1624 1381 πεισθεὶς,
1689 1316 1773 1367 ἐὰν

173 1404 389 1477 ὕστερον
421 1405 550 1474 μετά
599 1400 843 1474 βασάνων
877 1400 1174 1475 βαρυτέρων
1222 1409 1448 1477 ποιήσῃς
1504 1409 1561 1456 τὸ
1609 1409 1777 1477 πρόσ-

175 1512 355 1564 ταγμα
405 1500 503 1544 τῶν
581 1488 883 1562 βασιλέων,
940 1490 1000 1542 Ὀ
1081 1491 1226 1562 ἅγιος
1300 1492 1543 1554 Ἀκάκιος
1599 1491 1772 1546 εἶπεν’

172 1579 412 1652 ’Υπαγεῐ
473 1581 785 1637 νουθέτησον
863 1583 1097 1642 σεαυτὸν,
1156 1579 1488 1652 ταλαίπωρεῐ
1551 1580 1608 1633 Εἰ
1673 1583 1773 1654 γὰρ

175 1678 266 1725 τοῦ
323 1671 583 1741 ἄρχοντός
627 1687 720 1720 σου
768 1671 857 1719 καὶ
905 1677 1002 1719 τῶν
1049 1667 1263 1720 ἀπειλῶν
1317 1668 1476 1720 αὐτοῦ
1533 1674 1621 1720 καὶ
1675 1677 1774 1720 τῶν

179 1759 550 1831 ἐπενεχθεισῶν
599 1777 688 1829 μοι
739 1757 826 1808 ὑπ’
870 1757 1029 1808 αὐτοῦ
1081 1758 1322 1829 βασάνων
1363 1757 1456 1809 ούκ
1501 1757 1776 1829 ἐφρόντισα
1812 1789 1854 1844 Β

178 1849 366 1919 χάριτι
411 1852 500 1898 τοῦ
531 1852 662 1896 Θεοῦ
692 1863 813 1915 μου,
849 1851 943 1894 σοῦ
986 1846 1096 1914 ἔχω
1129 1843 1352 1895 ἀκοῦσαι
1377 1861 1390 1910 ;
1420 1843 1478 1895 Ὀ
1522 1841 1777 1904 δικαστής

179 1936 352 2006 λέγει’
410 1933 653 1986 Ἀκάκιον
710 1935 796 1983 τόν
860 1930 1211 1983 ἀκαθοσίωτον
1267 1939 1588 2006 στρατιώτην
1641 1939 1779 2005 γενό-

181 2028 328 2094 μενόν
382 2041 525 2088 ποτε,
573 2023 672 2072 ὑπὸ
723 2019 956 2092 ἀσφαλήν
1002 2023 1226 2093 φρουρὰν
1272 2026 1364 2079 τήν
1413 2019 1680 2097 ἕνδοτέραν
1712 2024 1779 2086 εἰς

181 2115 305 2184 τρία
387 2115 682 2182 κεντήματα
737 2117 826 2160 τοῦ
885 2109 1035 2171 ξύλου
1097 2108 1355 2177 βαλόντες,
1412 2114 1642 2182 περίθετε
1702 2118 1780 2165 σί-

183 2196 326 2274 δηρα
374 2197 541 2271 βαρέα
589 2201 724 2250 κατά
752 2206 842 2250 τοῦ
871 2199 1142 2270 τραχήλου
1173 2205 1262 2252 καὶ
1300 2204 1434 2252 κατά
1463 2206 1649 2264 παντὸς
1692 2212 1780 2256 τοῦ

183 2294 448 2359 σώματος,
481 2289 906 2360 τηρηθησόμενόν
954 2307 1045 2359 μοι
1086 2296 1148 2360 τῇ
1202 2288 1318 2350 ἑξῆς
1363 2287 1631 2364 δικασίμῳ
1662 2313 1673 2324 ο
1709 2297 1779 2365 μή

183 2379 410 2451 ὁρᾶσθαι
455 2373 514 2428 δὲ
563 2376 716 2427 αὐτόν
763 2377 863 2427 ὑπὸ
904 2385 1002 2426 τῶν
1052 2378 1303 2428 συνέθνων
1347 2384 1783 2455 συγχωρούμενον

183 2465 429 2530 καθόλου,
461 2469 531 2538 μή
582 2483 702 2517 ποτε
747 2465 1159 2537 μακαριζόμενος
1206 2466 1292 2516 ὑπ’
1333 2467 1521 2534 αὐτῶν,
1573 2469 1781 2522 εὐτονώ-

183 2573 324 2627 τερος
349 2556 471 2626 ἡμῖν
502 2558 626 2628 πρὸς
655 2557 748 2612 τήν
779 2553 1064 2625 μέλλουσαν
1093 2553 1358 2615 ἐξαίτησιν
1389 2556 1592 2630 εὑρεθῆ.

260 2641 356 2696 ΙΓ’.
403 2647 502 2694 Καὶ
545 2642 765 2713 ἀπήχθη
807 2643 833 2693 ό
877 2643 1128 2714 μακάριος
1160 2640 1206 2692 ἐν
1253 2650 1315 2714 τῇ
1351 2651 1551 2715 φρουρᾷ
1579 2650 1783 2720 χαίρων

183 2730 271 2783 ἐπί
315 2751 368 2783 τε
423 2739 483 2804 τῇ
539 2731 866 2804 παρελθούσῃ
917 2731 1233 2800 ἐπερωτήσει
1263 2738 1352 2784 καὶ
1397 2732 1480 2786 ἐπὶ
1523 2743 1622 2786 τῶν
1671 2736 1784 2808 μελ-

179 2819 369 2872 λόντων
433 2821 640 2890 ἀγαθῶν
692 2817 943 2888 ἀπολήψει
990 2821 1134 2892 παρά
1175 2828 1264 2872 τοῦ
1311 2818 1574 2890 ἀψευδοῦς
1627 2831 1780 2876 Θεοῦ·

178 2913 269 2960 καὶ
325 2907 565 2964 ἐποιήσεν
618 2909 666 2958 ἓν
719 2914 780 2978 τῇ
851 2905 1050 2977 φυλακῇ
1107 2917 1202 2968 τῆς
1260 2911 1529 2981 Πειρίνθου
1588 2912 1785 2984 ἡμέρας

182 2997 334 3049 ἑπτά.
389 2995 616 3066 Ἐγένετο
663 2991 721 3046 δὲ
775 2998 860 3046 τόν
910 2993 1146 3046 Βιϐιανὸν
1192 2999 1480 3070 γράμματα
1531 2994 1786 3058 δέξασθαι

182 3086 330 3159 παρά
395 3087 628 3136 Λικινίου
681 3089 772 3134 τοῦ
840 3081 1076 3156 ἐπάρχου
1145 3091 1235 3135 τοῦ
1291 3083 1562 3156 προλαϐεῖν
1632 3087 1784 3137 αὑτὸν

182 3173 252 3233 εἰς
305 3175 363 3224 τὸ
420 3172 735 3232 Βυζάντιον·
797 3169 1052 3223 ἐκέλευσεν
1103 3168 1162 3222 δὲ
1209 3177 1297 3224 καὶ
1345 3176 1460 3232 τούς
1518 3170 1786 3246 δεσμώτας

184 3261 539 3320 ἀκολουθῆσαι
591 3260 748 3330 αύτῷ.
807 3259 865 3311 Ὀ
923 3256 1010 3312 οὖν
1065 3263 1325 3334 μακάριος
1378 3265 1578 3334 μάρτυς
1629 3264 1788 3315 Ἀκά-

183 3371 294 3412 κιος
345 3355 435 3402 καὶ
491 3357 563 3420 τῷ
621 3353 758 3420 ὄγκῳ
805 3357 904 3400 τῶν
958 3351 1266 3422 τραυμάτων
1320 3356 1638 3424 τρυχόμενος
1698 3357 1786 3404 καὶ

188 3448 263 3511 τῷ
309 3444 446 3511 πόνῳ
495 3446 586 3490 τοῦ
639 3443 881 3509 σώματος
930 3441 1432 3512 στενοχωρούμενος,
1478 3442 1553 3491 ἔτι
1598 3437 1656 3492 δὲ
1698 3445 1787 3493 καὶ

191 3537 267 3599 τῷ
297 3528 481 3586 πλήθει
534 3536 634 3580 τῶν
686 3524 920 3601 σιδήρων
971 3525 1338 3600 βαρυνόμενος,
1371 3533 1459 3580 καὶ
1503 3536 1564 3600 τῇ
1617 3527 1787 3602 ἐφήξει

192 3626 294 3670 τῶν
339 3614 542 3690 δημίων
568 3625 667 3669 τῶν
716 3614 763 3667 ἓν
810 3624 870 3688 τῇ
910 3612 1018 3687 ὀδῷ
1061 3617 1555 3692 ταλαιπωρούμενος,
1588 3623 1676 3670 καὶ
1716 3626 1787 3689 τῷ

194 3707 412 3779 καμάτῳ
465 3714 554 3766 τῆς
606 3709 811 3778 πορείας
859 3703 1168 3776 θλιϐόμενος,
1220 3712 1307 3758 καὶ
1357 3714 1416 3779 τῇ
1473 3703 1643 3779 ἐνδείᾳ
1691 3716 1788 3759 τῶν

200 3800 378 3847 σιτίων
447 3794 894 3866 ἐκλιμπανόμενος,
949 3800 1039 3845 καὶ
1112 3804 1182 3865 τῷ
1237 3799 1308 3866 μή
1390 3799 1789 3870 συγχωρεῖσθαί

197 3903 316 3936 τινα
348 3893 446 3935 τῶν
494 3892 738 3954 γνωστῶν
784 3885 1033 3935 συνέθνων
1079 3885 1200 3956 όρᾴν
1232 3883 1385 3936 αὐτὸν
1429 3889 1558 3960 πρὸς
1606 3889 1661 3938 τὸ
1694 3887 1788 3958 ζῇν

197 3973 375 4026 λοιπόν
459 3971 883 4047 ἐξαπορούμενος,
959 3972 1435 4026 ἐπακολουθούντων
1511 3981 1600 4028 καὶ
1689 3984 1788 4027 τῶν

201 4067 294 4116 σύν
335 4063 472 4133 αύτῷ
518 4058 797 4134 δεσμωτῶν
849 4061 896 4114 ἐν
939 4070 1000 4134 τῇ
1049 4059 1156 4133 όδῴ
1187 4068 1274 4116 καὶ
1317 4072 1416 4116 τῶν
1468 4069 1788 4136 κατεπειγόν-

195 4173 294 4205 των
349 4151 538 4213 αύτούς
587 4148 809 4223 δημίων,
872 4151 1065 4214 ηὔξατο
1105 4161 1175 4221 τῷ
1227 4161 1361 4224 Θεῷ,
1397 4153 1621 4216 ἀξιώσας
1666 4158 1789 4226 πρό·

195 4260 340 4313 τερον
385 4243 501 4300 τούς
548 4235 792 4312 δημίους,
837 4243 1253 4315 συγχωρηθῆναι
1309 4242 1448 4312 αὐτῷ
1501 4243 1788 4304 εῦξασθαν

196 4335 285 4382 καὶ
337 4331 545 4391 σταθεὶς
593 4327 640 4380 ἐν
688 4333 827 4401 τόπῳ
866 4334 988 4394 τινὶ,
1041 4330 1234 4392 ηὔξατο
1283 4334 1409 4402 πρὸς
1465 4335 1653 4406 Κύριον
1704 4335 1794 4382 καὶ

200 4415 333 4472 εἶπεν
365 4435 382 4452 ⁶
412 4417 544 4480 Δόξα
585 4437 686 4482 σοι,
747 4419 772 4469 ό
825 4421 958 4470 κατά
1004 4421 1062 4470 τὸ
1119 4417 1246 4469 πολύ
1299 4418 1433 4479 ἔλεός
1489 4439 1582 4470 σου
1635 4426 1793 4470 ποιῶν

201 4511 290 4558 καὶ
355 4509 420 4558 τὰ
481 4505 589 4563 ἐλέη
653 4525 746 4558 σου
803 4510 934 4578 μετά
988 4514 1088 4557 τῶν
1162 4504 1476 4575 ἀγαπώντων
1532 4510 1589 4558 τὸ
1638 4509 1795 4579 ὄνομά

207 4615 300 4646 σου
327 4612 338 4623 ·
376 4592 506 4656 δόξα
553 4613 657 4659 σοι,
691 4603 761 4664 τῷ
808 4599 897 4645 καὶ
945 4592 1031 4665 ἐμὲ
1059 4597 1145 4645 τὸν
1190 4593 1492 4668 ἁμαρτωλὸν
1521 4595 1796 4648 καλέσαντι

207 4683 277 4744 εἰς
324 4685 410 4734 τόν
465 4681 652 4756 κλῆρον
692 4691 901 4734 τοῦτον
937 4679 1068 4745 δόξα
1108 4702 1210 4745 σοι,
1266 4684 1465 4752 Ἰησοῦ,
1515 4692 1585 4754 τῷ
1633 4680 1796 4736 εἰδότι

204 4775 298 4828 τὴν
353 4769 617 4822 ἀσθένειαν
670 4779 760 4831 τῆς
819 4775 1011 4843 σαρκός
1062 4773 1207 4844 ἡμῶν
1262 4777 1349 4823 καὶ
1412 4768 1557 4824 δόντι
1605 4793 1692 4844 μοι
1747 4771 1796 4824 ὶν

206 4866 322 4921 ταῖς
388 4857 642 4931 βασάνοις
715 4864 804 4918 τήν
865 4861 1140 4931 ὑπομονήν.
1191 4860 1330 4914 Ἐπεὶ
1414 4857 1501 4912 οὖν
1571 4860 1794 4934 βλέπεις,

210 4950 367 5022 Κύριέ
418 4967 540 5020 μου,
592 4947 753 4999 πολλά
809 4950 875 5000 τὰ
931 4950 1218 5020 συνέχοντά
1274 4968 1335 5020 με
1382 4953 1520 5000 κακά
1570 4955 1658 5002 καὶ
1706 4957 1797 5002 τοῦ

207 5035 400 5108 μέλλειν
443 5031 744 5106 ἐκδημῆσαι
773 5041 865 5094 τὴν
903 5035 1088 5108 ψυχήν
1117 5056 1216 5108 μου
1267 5035 1366 5089 ἀπὸ
1396 5045 1488 5090 τοῦ
1535 5044 1793 5110 σώματος,

207 5123 359 5184 αὐτὸς
405 5121 512 5189 οὖν,
556 5128 789 5176 Δέσποτα
839 5127 1012 5198 Κύριε,
1063 5123 1362 5178 ἀπόστειλον
1410 5127 1629 5198 ἄγγεθον
1674 5133 1798 5202 πρός

206 5233 270 5287 με
324 5214 616 5286 ἰαματικόν,
671 5213 878 5285 ἰώμενον
931 5232 994 5284 με
1041 5212 1141 5266 ἀπὸ
1188 5222 1286 5266 τῶν
1335 5224 1691 5289 περιεχουσῶν
1734 5236 1798 5290 με

209 5299 404 5356 ὀδυνῶν
453 5307 543 5355 καὶ
589 5300 839 5374 ἀναγκῶν,
885 5307 970 5355 καὶ
1019 5301 1256 5356 κέλευσον
1309 5304 1694 5367 καταξιωθῆναί
1735 5325 1799 5379 με

210 5394 300 5465 οἵῳ
345 5389 538 5452 δήποτε
579 5397 754 5466 τρόπῳ
791 5397 944 5465 μόνον
987 5388 1245 5466 ἀποφάσει
1293 5387 1550 5446 δικαστοῦ
1601 5394 1801 5448 τελειωει

285 5579 305 5619 ί
337 5579 532 5638 Matth.
564 5595 629 5650 κ,
658 5577 752 5637 19.

1319 299 1491 358 VITA
1527 301 1588 358 S.
1627 293 1866 358 ACACII
1905 300 2377 361 CAPPADOCIS.

1827 4485 1871 4538 D

3418 305 3524 364 230

1873 431 2113 484 sanctus
2139 429 2236 484 Dei
2265 429 2512 502 Spiritus
2540 427 2719 483 servis
2751 428 2871 483 suis
2900 429 3147 486 liberam
3187 432 3518 487 orationem

1877 522 1931 571 et
1968 519 2310 588 patientiam
2342 518 2702 590 suppeditat,
2732 517 2845 572 illis
2879 519 3208 588 providens,
3240 521 3523 591 quemad-

1881 606 2127 661 modum
2161 607 2423 663 Salvator
2449 607 2573 679 ipse
2606 606 2921 676 discipulos
2962 624 3102 662 suos
3133 609 3352 674 docuit,
3387 625 3524 664 cum

1879 692 1963 748 sic
2009 694 2194 750 dixit:
2233 717 2256 746 α
2291 695 2542 760 Quando
2595 710 2692 749 vos
2748 693 3095 752 tradiderint
3151 697 3522 768 principibus

1879 788 2118 854 propter
2148 800 2366 840 nomen
2394 800 2615 852 meum,
2647 798 2720 837 ne
2747 782 2976 838 solliciti
3019 785 3165 848 sitis,
3197 786 3522 858 quomodo,

1878 872 2148 944 autquid
2178 872 2504 945 loquamini
2539 889 2551 926 :
2583 871 2822 927 dabitur
2879 873 3038 928 enim
3089 875 3256 929 vobis
3311 875 3370 930 in
3428 875 3528 932 illa

1876 959 2045 1024 hora,
2079 961 2218 1031 quid
2246 961 2457 1016 dicatis
2492 977 2502 1014 :
2538 977 2659 1016 non
2695 960 2852 1015 enim
2883 977 2990 1015 vos
3023 959 3180 1029 estis,
3209 962 3308 1034 qui
3339 963 3528 1035 loqui-

1881 1047 2045 1109 mini,
2075 1049 2174 1103 sed
2224 1049 2466 1120 Spiritus
2526 1049 2711 1103 Patris
2769 1049 2963 1113 vestri,
2998 1051 3097 1121 qui
3154 1050 3415 1122 loquitur
3467 1052 3527 1106 in

1879 1137 2097 1191 vobis‘.
2131 1160 2156 1186 »
2185 1139 2519 1193 Antoninus
2565 1139 2760 1194 scriba
2812 1138 2954 1192 dixit
3002 1145 3201 1193 sancto
3230 1141 3476 1210 martyri
3510 1155 3523 1194 :

1881 1227 1944 1278 Et
1974 1241 2250 1296 quaenam
2311 1227 2430 1291 tibi,
2465 1227 2659 1290 miser,
2700 1226 2918 1281 utilitas
2975 1226 3170 1283 futura
3215 1232 3323 1294 est,
3351 1227 3397 1282 si
3455 1228 3530 1284 de

1881 1312 2102 1366 talibus
2135 1313 2310 1368 rebus
2342 1314 2688 1369 admonitus
2750 1315 3094 1384 persuaderi
3148 1330 3268 1369 non
3319 1314 3425 1381 vis,
3463 1331 3530 1370 ac

1886 1407 2086 1472 postea
2104 1401 2468 1472 gravioribus
2487 1404 2778 1457 tormentis
2793 1401 3528 1474 adductus,imperatorum

1883 1490 2077 1544 edicto
2096 1490 2332 1561 parebis
2355 1489 2383 1544 ?
2414 1489 2542 1555 Abi,
2575 1496 2631 1545 et
2660 1495 2712 1546 te
2739 1491 2935 1562 ipsum
2958 1491 3307 1557 admoneas,
3339 1492 3532 1564 inquit

1882 1578 2152 1646 Aeacius,
2178 1595 2316 1634 nam
2336 1580 2383 1633 si
2407 1594 2599 1650 neque
2621 1579 2932 1651 praesidem
2954 1579 3174 1650 ipsum,
3198 1595 3389 1652 neque
3419 1580 3530 1638 mi-

1882 1681 1992 1721 nas
2024 1666 2194 1733 illius,
2239 1683 2432 1738 neque
2463 1668 2753 1722 cruciatus
2779 1668 2840 1722 in
2881 1683 2975 1722 me
3020 1668 3232 1734 illatos,
3270 1668 3366 1722 Dei
3417 1685 3530 1741 ope

1884 1755 2123 1826 adjutus
2148 1755 2366 1818 curavi,
2393 1762 2644 1826 putasne
2669 1773 2762 1811 me
2792 1755 2966 1811 talem
2999 1772 3129 1812 esse
3171 1757 3274 1829 qui
3324 1761 3377 1812 te
3430 1774 3532 1813 au-
3583 1829 3586 1832 ξ

1886 1843 2048 1897 diam
2065 1843 2093 1898 ?
2109 1843 2452 1913 'I‘umjudex
2473 1844 2752 1898 ministris
2769 1845 2946 1899 dixit:
2968 1845 3250 1900 Acacium
3280 1845 3530 1916 impium

1886 1932 2190 1986 hominem
2212 1931 2354 1986 olim
2386 1932 2652 1998 militem,
2673 1933 2730 1987 in
2753 1949 2987 1988 carcere
3030 1934 3302 1988 interiore
3354 1934 3532 1988 tribus

1888 2020 2063 2089 lignis
2095 2020 2401 2091 alligatum
2434 2021 2745 2088 custodite,
2773 2027 2828 2076 et
2852 2021 3133 2091 gravibus
3157 2022 3383 2076 catenis
3410 2023 3534 2092 ejus

1889 2109 2106 2165 collum
2137 2125 2205 2164 ac
2230 2113 2417 2164 totum
2436 2125 2653 2180 corpus
2676 2109 3063 2175 circumdate,
3086 2111 3388 2182 sequentis
3418 2109 3535 2165 diei

1886 2197 2107 2268 judicio
2137 2196 2565 2252 reservandum
2597 2214 2608 2251 :
2643 2213 2834 2270 neque
2856 2214 2891 2252 a
2917 2214 3037 2252 suae
3061 2198 3248 2266 gentis
3280 2197 3534 2253 homini-

1891 2286 2005 2340 bus
2026 2285 2193 2340 illum
2221 2285 2404 2340 videri
2434 2285 2764 2357 permittite,
2788 2303 2860 2340 ne
2885 2287 3030 2341 forte
3050 2285 3126 2341 ab
3156 2286 3303 2357 ipsis
3331 2287 3538 2342 beatus

1893 2373 2266 2447 praedicetur,
2296 2381 2349 2428 et
2378 2374 2453 2430 ad
2485 2373 2715 2430 futuras
2767 2374 3122 2445 quaestiones
3174 2375 3540 2431 constantior

1892 2462 2252 2519 inveniatur.

1962 2658 2107 2712 XIII.
2144 2657 2364 2712 Ductus
2396 2657 2571 2727 igitur
2599 2657 2706 2714 fuit
2753 2657 2964 2714 beatus
3003 2660 3325 2716 Acaciusin
3352 2677 3546 2718 carce-

1892 2763 2040 2814 rem,
2073 2751 2202 2801 tum
2240 2747 2536 2817 praeterita
2584 2746 2952 2802 confessione
3003 2764 3188 2820 quam
3236 2749 3541 2820 professus

1894 2835 2104 2898 fuerat,
2125 2840 2251 2889 tum
2281 2835 2493 2889 futuris
2518 2834 2709 2899 bonis,
2729 2851 2861 2907 quae
2887 2852 2922 2890 a
2951 2836 3072 2891 Deo
3105 2853 3242 2892 vero
3273 2842 3546 2910 acceptu-

1896 2939 1998 2978 rus
2055 2926 2198 2986 erat,
2233 2921 2403 2978 valde
2450 2922 2618 2978 laetus
2651 2938 2663 2978 :
2699 2924 3037 2996 mansitque
3086 2924 3147 2979 in
3196 2941 3430 2980 carcere
3482 2926 3542 2981 in

1898 3009 2037 3064 urbe
2071 3009 2338 3065 Perintho
2365 3017 2594 3081 septem
2620 3011 2767 3066 dies.
2793 3013 3020 3068 Interea
3060 3013 3331 3068 Bibianus
3381 3029 3545 3069 acce-

1823 3135 1864 3191 Ο
1900 3098 1981 3168 pit
2008 3097 2228 3191 litteras
2257 3113 2292 3152 a
2333 3097 2621 3164 Flaccino,
2655 3103 2716 3153 ut
2745 3101 3085 3170 Byzantium
3121 3117 3182 3156 se
3213 3101 3540 3158 conferret:

1892 3184 2072 3256 jussit
2103 3189 2301 3240 autem
2329 3191 2383 3240 et
2403 3201 2504 3240 eos
2529 3186 2628 3257 qui
2655 3195 2823 3242 erant
2848 3188 2907 3242 in
2956 3205 3207 3260 carcere,
3235 3191 3400 3245 illum
3457 3206 3546 3245 se-

1897 3273 2022 3345 qui.
2054 3275 2261 3328 Beatus
2286 3271 2456 3342 igitur
2476 3280 2703 3346 martyr
2734 3276 3006 3339 Acacius,
3040 3283 3093 3332 et
3122 3278 3432 3332 vulnerum
3461 3282 3547 3333 tu-

1899 3377 2082 3427 more,
2111 3366 2166 3415 et
2190 3362 2450 3433 corporis
2479 3361 2684 3417 labore
2717 3361 2989 3428 afﬂictus,
3020 3365 3096 3418 ad
3149 3365 3276 3420 haec
3329 3371 3384 3420 et
3431 3365 3544 3420 illis

1900 3450 2100 3506 multis
2127 3450 2328 3505 ferreis
2359 3451 2580 3506 catenis
2627 3456 2926 3520 gravatus,
2959 3451 3330 3524 militumque
3358 3454 3414 3508 in
3452 3454 3548 3510 via

1898 3539 2237 3610 urgentium
2269 3539 2730 3610 importunitate,
2756 3545 2811 3595 et
2836 3540 3448 3609 itinerislassitudine,
3477 3558 3548 3598 ac

1899 3629 2172 3684 ciborum
2195 3629 2418 3699 inopia,
2437 3627 2690 3700 denique
2713 3633 2992 3684 notorum
3010 3629 3343 3696 hominum,
3366 3647 3397 3686 e
3423 3631 3551 3703 qui-

1899 3717 2012 3773 bus
2041 3715 2342 3772 neminem
2366 3716 2561 3771 videre
2581 3716 3050 3788 permittebatur,
3087 3719 3355 3774 absentia
3380 3719 3549 3776 valde

1899 3820 2184 3869 mmrens,
2219 3809 2274 3860 et
2310 3804 2383 3859 de
2423 3803 2542 3860 vita
2593 3805 2729 3875 ipsa
2772 3805 3123 3876 desperans,
3157 3823 3294 3862 cum
3346 3812 3404 3864 et
3452 3807 3552 3864 alii

1897 3895 2077 3949 vincti
2104 3909 2241 3949 eum
2273 3897 2676 3966 sequerentur,
2711 3898 2766 3948 et
2795 3895 3100 3950 carniﬁces
3134 3902 3425 3965 urgerent,
3454 3912 3552 3969 pe-

1903 3983 1985 4038 tiit
2016 4000 2050 4039 a
2101 3983 2502 4051 carniﬁcibus,
2537 3985 2601 4036 ut
2644 3982 2856 4038 orandi
2904 3982 3003 4038 Dei
3057 3987 3408 4055 potestatem
3469 3985 3552 4040 illi

1903 4073 2182 4127 facerent-
2216 4073 2360 4126 Cum
2392 4070 2566 4141 igitur
2587 4071 2852 4142 quodam
2898 4071 2958 4125 in
3011 4072 3136 4127 loco
3181 4072 3448 4138 stetisset,
3472 4074 3554 4130 ita

1905 4163 2088 4214 Deum
2120 4164 2392 4228 precatus
2439 4164 2525 4213 est
2556 4176 2568 4214 :
2595 4159 2791 4214 Gloria
2835 4160 2912 4214 sit
2955 4159 3080 4226 tibi,
3111 4161 3284 4226 Deus,
3309 4163 3410 4232 qui
3443 4178 3552 4234 pro

1903 4251 2004 4302 tua
2028 4245 2346 4300 clementia
2376 4245 2436 4299 in
2464 4261 2566 4300 eos
2597 4247 3040 4302 misericordem
3073 4252 3127 4303 te
3165 4249 3416 4320 praebes,
3448 4251 3553 4322 qui

1904 4333 2158 4404 diligunt
2181 4347 2400 4387 nomen
2433 4336 2596 4388 tuum
2629 4333 2874 4403 :gloria,
2897 4335 3168 4407 inquam,
3199 4337 3301 4392 tibi
3325 4339 3418 4404 sit,
3449 4339 3556 4410 qui

1905 4428 1960 4478 et
1989 4437 2083 4477 me
2113 4422 2171 4476 in
2198 4421 2454 4492 peccatis
2477 4421 2793 4488 viventem,
2824 4423 2901 4478 ad
2933 4424 3086 4480 hanc
3119 4432 3339 4483 sortem
3388 4431 3555 4484 tuam

1903 4512 2130 4568 vocasti
2160 4525 2172 4564 :
2198 4509 2386 4579 gloria
2408 4509 2528 4577 tibi,
2557 4512 2709 4580 Jesu,
2734 4511 2835 4583 qui
2857 4519 3068 4568 nostra!
3094 4516 3285 4570 carnis
3310 4516 3559 4572 infirmi-

1905 4605 2088 4657 tatem
2119 4599 2354 4664 novisti,
2388 4603 2443 4654 et
2476 4603 2539 4654 ut
2569 4604 2862 4655 tormenta
2902 4601 3124 4658 fortiter
3181 4604 3413 4676 ferrem,
3456 4622 3560 4678 pa-

1907 4689 2173 4745 tientiam
2200 4687 2343 4743 mihi
2368 4686 2686 4758 praebuisti.
2724 4689 3019 4752 Quoniam
3050 4691 3229 4760 igitur
3258 4693 3448 4760 vides,
3479 4711 3560 4750 m1

1907 4779 2175 4845 Domine,
2199 4776 2400 4830 multis
2426 4775 2593 4830 malis
2617 4791 2711 4830 me
2743 4791 3117 4848 oppressum,
3147 4779 3229 4835 ita
3267 4787 3329 4836 ut
3357 4782 3562 4840 anima.

1908 4867 2039 4937 ipsa
2068 4882 2098 4920 e
2139 4881 2385 4936 corpore
2427 4880 2559 4919 meo
2603 4880 2912 4920 excessura
2971 4866 3254 4933 videatur,
3281 4872 3345 4923 tu
3406 4871 3556 4942 ipse,

1912 4954 2177 5018 Domine,
2204 4953 2364 5007 mitte
2396 4953 2695 5021 angelum,
2725 4952 2828 5024 qui
2865 4969 2956 5008 me
2977 4959 3157 5023 curet,
3179 4960 3235 5010 et
3268 4956 3345 5011 ab
3373 4973 3562 5027 angu-

1911 5044 2055 5111 stiis,
2075 5041 2294 5114 quibus
2319 5042 2644 5114 opprimor,
2672 5057 2765 5097 me
2782 5047 2949 5098 sanet
2978 5060 2991 5110 ;
3018 5059 3088 5098 ac
3107 5043 3248 5098 velis
3271 5045 3414 5101 mihi
3445 5047 3560 5104 hoc

1909 5130 2254 5195 concedere,
2270 5134 2706 5202 utquacunque
2729 5132 2975 5197 ratione,
2999 5133 3176 5187 modo
3187 5133 3406 5202 judicis
3429 5151 3565 5190 sen-

1911 5220 2094 5278 tentia
2111 5219 2411 5276 decretum
2433 5221 2526 5288 sit,
2549 5220 2898 5291 martyrium
2915 5222 3272 5293 compleam,
3305 5227 3362 5278 et
3395 5226 3560 5295 apud

1912 5314 1966 5365 te
1998 5309 2132 5363 sim.
2158 5309 2300 5363 Cum
2332 5307 2412 5364 ita
2444 5310 2627 5362 Deum
2657 5314 2871 5371 oraret,
2903 5325 3022 5364 vox
3042 5325 3074 5364 e
3105 5310 3262 5365 nube
3297 5310 3563 5372 demissa

1911 5400 2005 5454 est
2033 5396 2180 5470 (erat
2210 5395 2370 5453 enim
2399 5409 2501 5451 aer
2530 5393 2658 5466 ipse
2685 5393 2949 5452 nubibus
2997 5399 3326 5472 contextus)
3354 5415 3368 5455 :
3402 5400 3562 5473 Esto,
