4114 6262
614 200 715 266 2'31

1996 190 2261 260 MENSIS
2301 183 2546 265 MA'IUS.

3905 196 4017 283 τάδε

611 334 807 409 Aeaci,
837 333 1120 389 robustus
1150 335 1206 388 et
1234 330 1419 409 fortis.
1455 330 1574 385 Vox
1618 330 1817 385 autem
1864 328 1963 385 illa
2017 328 2127 385 fuit
2183 329 2229 384 it.

2370 330 2520 387 θῆναι
2562 330 2610 381 ἐν
2642 327 2816 403 εἰρήνῃ
2850 331 2940 383 καὶ
2970 326 3101 403 εἶναί
3141 349 3205 403 με
3251 334 3393 407 παρὰ
3426 336 3530 400 σοὶ,
3564 334 3648 387 ὅτι
3700 342 3817 388 σοῦ
3862 337 4015 391 ἐστιν

611 421 793 492 clara,
826 429 888 478 ut
917 422 1221 477 carniﬁces
1252 425 1309 476 et
1333 420 1431 476 alii
1458 419 1630 474 vincti
1660 434 1793 474 eam
1824 418 2131 474 audientes
2162 420 2261 474 ad-

611 512 984 579 mirarentur,
1010 527 1079 565 ac
1099 510 1386 565 dicerent:
1407 506 1705 580 Numquid
1718 513 1774 564 et
1791 508 1981 563 nubes
2007 508 2259 579 loquun-

610 601 852 658 tur?An
880 617 1147 673 unquam
1183 600 1294 656 tale
1326 598 1473 671 quid
1524 599 1799 654 auditum
1847 603 1961 663 est,
1994 604 2050 651 ut
2096 613 2256 652 nunc

609 690 1119 762 ipsiaudivimus?
1136 692 1264 744 Haec
1280 688 1644 753 diccntes,de
1658 704 1725 741 ea
1754 702 1815 742 re
1847 685 2251 757 ambigebant.

609 781 770 835 Multi
799 794 939 834 vero
969 794 1040 833 ex
1062 780 1150 843 iis,
1184 779 1285 848 qui
1313 777 1488 831 vincti
1521 776 1915 840 ducebantur,
1940 790 2075 829 cum
2132 774 2253 829 haec

609 868 934 933 audissent,
967 867 1028 922 in
1060 866 1158 921 Dei
1195 864 1400 920 Filium
1428 864 1825 930 crediderunt,
1853 869 1910 920 et
1938 863 2015 919 ad
2034 868 2252 934 marty-

607 957 686 1011 ris
714 956 895 1027 pedes
945 971 1006 1010 se
1055 954 1422 1024 abjicientes,
1457 969 1593 1008 eum
1648 957 1948 1023 rogarunt,
1979 957 2041 1009 ut
2090 951 2252 1008 Chri-

608 1044 816 1099 stiana:
839 1043 967 1098 ﬁdei
998 1043 1329 1098 doctrinam
1357 1041 1503 1112 ipsis
1524 1047 1861 1113 exponeret.

2367 422 2395 475 ἡ
2445 415 2668 489 δύναμις
2716 423 2805 470 καὶ
2837 420 2866 476 ἡ
2922 416 3053 482 δόξα
3094 419 3165 482 εἰς
3212 425 3333 483 τοὺς
3385 422 3593 484 αἰῶνας.
3655 424 3866 496 Ἀμήν.
3911 435 4013 480 Και

2366 506 2639 578 εὐξαμένου
2709 512 2869 560 αὐτοῦ
2942 518 3125 575 ταῦτα,
3186 516 3321 582 φωνὴ
3398 515 3590 580 ἐγένετο
3649 512 3705 565 ἐκ
3785 516 4011 587 νεφέλης

2362 592 2445 659 (ἧν
2484 599 2583 668 γὰρ
2618 597 2643 647 6
2693 595 2793 669 ἀὴρ
2846 602 3283 669 συγκεχυμένος)’
3318 599 3506 673 Ἶσχυε
3549 607 3643 654 καὶ
3698 599 4001 675 ἐξυϐρίζον.

2364 684 2605 737 Ἀκάκιε’
2642 684 2737 756 ἐγώ
2796 689 2897 760 γάρ
2957 687 3063 759 εἰμι
3129 689 3344 741 πάντοτε
3400 694 3530 761 μετά
3588 699 3733 743 σου·
3776 695 3855 754 ὡς
3915 702 4001 745 καὶ

2358 778 2472 832 τούς
2526 770 2747 845 δημίους
2801 780 2890 827 καὶ
2947 780 3065 838 τούς
3125 773 3402 849 δεσμώτας
3472 778 3823 842 ἀκούσαντας
3910 792 3999 839 την

2360 866 2528 933 φωνὴν
2586 864 2869 934 θαυμάζειν
2926 869 3015 916 xui
3067 865 3264 936 λέγειν·
3314 866 3451 940 TApu
3505 874 3592 919 xui
3653 869 3860 940 νεφέλη
3910 871 3998 922 λα-

2356 948 2520 1017 λεῖ;ἧ
2574 952 2807 1009 ἠκούσθη
2868 955 3009 1021 ποτε,
3062 956 3131 1016 ὡς
3168 963 3254 1006 νύν
3308 956 3639 1029 ἠκούσαμεν;
3680 964 3798 1011 Καὶ
3873 957 3996 1017 3m-

2355 1044 2547 1113 πόρουν
2591 1045 2705 1112 περὶ
2748 1044 2953 1096 τούτου.
2990 1042 3171 1096 Πολλοὶ
3212 1040 3271 1096 δὲ
3319 1052 3417 1096 τῶν
3473 1042 3773 1118 δεσμωτῶν
3825 1048 3995 1101 ἀκού-

608 1151 789 1193 σαντες
833 1139 1015 1194 ταῦτα,
1052 1130 1361 1184 ἐπίστευσαν
1411 1138 1482 1201 τῷ
1531 1130 1663 1202 λόγῳ
1714 1135 1802 1182 καὶ
1846 1137 1959 1200 Θεῷ
2011 1132 2102 1182 καὶ
2149 1131 2475 1201 προσέπεσαν
2518 1138 2589 1199 τῷ
2643 1135 2882 1205 μακαρίῳ
2923 1132 3153 1205 μάρτυρι
3184 1132 3432 1206 ’Δκακίῳ,
3465 1133 3761 1202 ἀξιοῦντες,
3804 1138 3989 1199 αὐτόν,

607 1224 872 1279 εκτεθῆναι
901 1220 1078 1279 αὐτοῖς
1106 1223 1192 1271 τὸν
1222 1218 1371 1289 λόγον
1402 1227 1495 1280 τῆς
1521 1223 1763 1280 πίστεως.

672 1310 804 1364 XIV.
836 1311 995 1363 Tunc
1022 1307 1202 1377 igitur
1232 1312 1454 1378 martyr
1480 1307 1729 1363 Aeacius
1776 1321 1899 1362 una
1952 1321 2087 1361 cum
2142 1305 2253 1361 illis

602 1397 713 1454 iter
745 1398 967 1453 faciens
999 1413 1011 1452 :
1050 1399 1233 1466 «Ego,
1266 1395 1475 1468 inquit,
1496 1396 1742 1467 paulum
1786 1395 2065 1466 temporis
2086 1394 2252 1450 miles

605 1487 710 1553 fui,
726 1487 825 1542 sed
844 1486 1007 1558 apud
1021 1486 1361 1542 sacerdotes
1382 1486 1686 1549 educatus,
1703 1486 1839 1555 quin
1855 1485 2029 1540 etiam
2064 1499 2252 1553 genus

604 1593 635 1631 e
665 1575 1072 1631 sacerdotibus
1102 1575 1348 1641 ducens,
1382 1574 1628 1629 memini
1667 1573 1873 1629 audire
1928 1573 2086 1642 ipsos
2126 1572 2252 1627 haec

604 1664 904 1733 docentes,
935 1662 1456 1734 quemadmodum
1483 1661 1635 1717 Deus
1662 1661 1807 1732 ipse,
1832 1677 1968 1716 cum
1998 1659 2249 1727 homini,

2434 1304 2530 1359 IA'.
2572 1310 2697 1359 Τότε
2743 1314 2867 1378 γοῦν
2916 1310 2941 1359 6
2972 1307 3121 1380 ἅγιος
3162 1312 3359 1385 μάρτυς
3411 1316 3503 1365 σὺν
3550 1313 3734 1376 αὐτοῖς
3784 1313 3989 1372 ὁδεύων

2360 1396 2564 1465 ἔλεγεν’
2621 1396 2753 1467 Ἐγώ
2796 1399 2907 1468 μὲν,
2958 1394 3191 1470 ἀδελφοὶ,
3244 1399 3293 1452 ἐν
3346 1400 3504 1474 ὀλίγῳ
3572 1409 3759 1477 χρόνῳ
3823 1405 3991 1477 ἐγενό-

2360 1503 2461 1552 μην
2521 1491 2866 1557 στρατιώτης,
2912 1486 3155 1549 αὐξηθεὶς
3203 1488 3271 1551 εἰς
3330 1498 3515 1565 χεῖρας
3575 1495 3801 1567 ἱερέων·
3861 1495 3991 1547 ἀλλὰ

2360 1576 2447 1622 καὶ
2498 1576 2642 1642 γένος
2705 1576 2842 1644 ἔχων
2904 1577 3182 1648 ἱερατικὸν,
3240 1582 3509 1652 μέμνημαι
3580 1581 3757 1634 αὐτῶν
3824 1580 3987 1637 διδα-

2362 1663 2602 1726 σκόντων,
2672 1664 2751 1713 ὅτι
2804 1666 2828 1715 6
2886 1664 3237 1737 φιλάνθρωπος
3292 1672 3414 1730 Θεὸς
3469 1669 3623 1721 θέλων
3686 1675 3778 1723 τόν
3839 1672 3984 1727 ἐκπε-

603 1751 707 1825 qui
731 1769 761 1807 e
786 1730 1066 1823 paradiso
1094 1751 1409 1819 exciderat,
1439 1750 1692 1806 salutem
1748 1749 1908 1815 dare,
1939 1754 1993 1805 et
2039 1748 2117 1804 ab
2159 1749 2229 1803 in-

2360 1751 2517 1800 σόντα
2560 1748 2612 1800 ἐκ
2657 1758 2747 1802 τού
2795 1749 3122 1826 παραδείσου
3158 1764 3323 1807 σῶσαι
3369 1762 3459 1809 καὶ
3492 1757 3783 1831 ἀναγαγεῖν
3823 1762 3981 1815 αὐτόν

600 1841 741 1896 feris
771 1857 906 1895 cum
935 1841 1186 1895 educere
1208 1839 1400 1905 vellet,
1436 1838 1594 1894 misit
1647 1839 1705 1894 in
1744 1837 1903 1894 hunc
1950 1837 2248 1893 mundum

600 1935 962 1984 coasternnm
1020 1928 1273 1984 Verbum
1324 1944 1521 1983 suum.
1550 1928 1800 1983 Veniens
1843 1928 2016 1996 igitur
2069 1926 2245 1981 Filius

599 2016 716 2083 Dei,
741 2033 982 2073 carnem
1009 2018 1269 2088 suscepit
1320 2033 1388 2072 ex
1433 2020 1639 2071 sancta
1679 2015 1911 2085 Virgine
1965 2015 2164 2080 Maria,
2189 2020 2247 2071 et

596 2106 791 2176 ﬁgura
837 2122 1134 2178 apparens
1188 2109 1249 2159 ut
1303 2105 1508 2170 homo,
1563 2096 1799 2159 crucem
1858 2104 2147 2170 sustinuit,
2185 2111 2245 2159 ut

596 2194 823 2258 Adami,
850 2196 953 2266 qui
975 2194 1089 2249 Deo
1109 2210 1227 2249 non
1252 2193 1612 2258 obediverat,
1642 2199 1951 2263 peccatum
1976 2209 2079 2264 per
2108 2209 2240 2248 cru-

595 2283 677 2338 cis
707 2284 934 2355 lignum
962 2284 1318 2346 emendaret,
1341 2289 1397 2338 et
1416 2281 2241 2338 condemnationisremissio-

592 2387 730 2428 nem
761 2374 813 2427 ei
843 2373 1225 2435 condonaret,
1251 2373 1379 2444 ipse
1403 2388 1509 2443 pro
1542 2371 1713 2427 nobis
1734 2377 1932 2427 noster
1957 2372 2238 2427 Dominus

592 2460 854 2515 debitum
888 2460 1122 2515 solvens
1157 2482 1168 2526 ;
1206 2477 1344 2517 nam
1370 2476 1439 2515 eo
1466 2460 1627 2530 quod
1658 2459 1719 2513 in
1736 2474 1909 2514 cruce
1931 2458 2083 2514 ﬁxus
2109 2458 2234 2523 fuit,

589 2548 1075 2619 chirographum,
1107 2549 1269 2619 quod
1304 2553 1513 2604 contra
1560 2564 1670 2603 nos
1717 2551 1859 2612 erat,
1893 2546 2151 2615 discidit,
2183 2553 2240 2602 et

590 2641 905 2707 peccatum
927 2635 1217 2700 dissolvit,
1240 2639 1297 2690 et
1328 2637 1570 2707 propria
1609 2640 1792 2690 morte
1830 2634 2046 2690 delevit
2080 2651 2237 2691 mor-

589 2728 726 2789 tem,
760 2729 815 2780 et
838 2724 1057 2779 inferos
1088 2724 1423 2793 expoliavit,
1443 2738 1797 2795 omnemque
1827 2722 2045 2779 diaboli
2076 2728 2236 2795 pote-

585 2818 795 2868 statem
836 2812 1101 2868 confudit
1131 2817 1310 2884 atque
1366 2811 1706 2868 inﬁrmavit.
1750 2813 2012 2884 Cumque
2047 2818 2233 2868 totum

583 2900 808 2957 diaboli
870 2902 1187 2956 exercitum
1246 2901 1642 2973 proﬂigasset,
1674 2907 1999 2973 portasque
2046 2917 2230 2958 mreas

582 2990 990 3058 confregisset,
1016 3005 1084 3044 ac
1105 2993 1301 3044 vectes
1320 2989 1539 3045 ferreos
1564 2990 1950 3055 contrivisset,
1978 2990 2170 3045 triduo
2198 3005 2228 3045 e

2356 1834 2410 1886 ἐκ
2461 1845 2548 1888 τοῦ
2596 1835 2750 1908 ᾅδου,
2804 1838 3095 1894 ἀπέστειλεν
3150 1846 3235 1895 τόν
3293 1842 3563 1898 συναίδιον
3616 1848 3792 1900 αὑτοῦ
3863 1855 3979 1904 Υὶὸν

2353 1929 2443 1975 καὶ
2502 1930 2669 1996 Λόγον
2724 1928 2795 1990 εἰς
2850 1933 2936 1982 τὸν
2989 1936 3206 2003 κόσμον,
3266 1938 3353 1985 xui
3398 1933 3551 1987 ἐλθὼν
3607 1939 3632 1988 6
3690 1942 3825 1999 Υἱὸς
3887 1951 3977 1993 τοῦ

2355 2021 2486 2065 Θεοῦ
2536 2024 2823 2087 σαρκοῦται
2870 2018 2924 2069 ἐκ
2963 2028 3057 2082 τῆς
3105 2021 3253 2092 ἀγίας
3303 2026 3562 2096 Παρθένου
3613 2033 3847 2102 Μαρίας
3887 2036 3971 2082 καὶ

2353 2107 2596 2173 σχήματι
2662 2110 2833 2176 φανεὶς
2888 2109 2957 2169 ὡς
3010 2109 3297 2181 ἅνθρωπος,
3377 2117 3600 2187 σταυρόν
3691 2114 3966 2189 ὑπέμεινεν

2348 2188 2596 2253 ἑκουσίως
2650 2190 2722 2245 δι’
2790 2197 2947 2267 ἡμᾶς,
3006 2199 3088 2250 ἵνα
3143 2208 3234 2251 τοῦ
3293 2197 3467 2273 Ἀδὰμ
3522 2208 3617 2262 τὴν
3680 2216 3957 2281 παρακοὴ)

2346 2279 2498 2331 πάλιν
2556 2278 2648 2333 διὰ
2700 2282 2852 2345 ξύλου
2910 2294 3001 2338 τοῦ
3067 2297 3296 2361 σταυροῦ
3356 2292 3569 2349 ἰάσηται
3636 2278 3951 2350 καὶήδωςῑι

2346 2368 2485 2437 αύτῷ
2538 2374 2630 2428 τὴν
2684 2373 2864 2444 ἄφεσιν
2930 2383 3025 2437 τῆς
3078 2374 3393 2441 καταδίκης.
3453 2380 3616 2442 Αὐτὸς
3670 2381 3769 2435 οὖν
3837 2389 3959 2438 ὑπὲε

2346 2457 2489 2524 ἡμῶν
2521 2462 2577 2509 τό
2621 2465 2775 2534 χρέος
2822 2460 3049 2525 ἀποδούς
3088 2467 3112 2517 6
3161 2470 3351 2536 Κύριος
3401 2471 3560 2541 ἡμῶν,
3610 2478 3704 2524 καὶ
3757 2471 3858 2527 διὰ

2346 2546 2749 2617 προσηλωθῆναι
2779 2559 2850 2621 τῷ
2902 2562 3131 2628 σταυρῷ,
3168 2560 3370 2627 σχίσας
3416 2562 3473 2610 τό
3504 2562 3621 2612 καθ’
3654 2563 3811 2633 ἡμῶν
3840 2584 3954 2636 χει-

2343 2638 2602 2708 ρόγραφον
2663 2644 2751 2689 καὶ
2825 2639 2987 2703 λύσας
3056 2647 3147 2701 τὴν
3208 2644 3484 2719 ἁμαρτίαν,
3546 2654 3639 2701 καὶ
3708 2646 3804 2703 διὰ
3861 2664 3951 2706 τοῦ

2343 2722 2532 2775 οἰκείου
2586 2727 2805 2779 θανάτου
2857 2732 3161 2795 θανατώσας
3202 2738 3285 2786 τόν
3337 2737 3571 2801 θάνατον,
3615 2745 3709 2791 καὶ
3754 2751 3937 2815 νεκρω-

2344 2830 2440 2873 σας
2482 2816 2568 2865 τόν
2594 2811 2749 2887 ᾅδην,
2784 2823 2871 2870 καὶ
2914 2826 3279 2893 καταισχύνας
3318 2831 3407 2878 καὶ
3451 2824 3794 2890 ἐξουδενώσας
3835 2837 3925 2889 τήν

2340 2896 2561 2973 δύναμιν
2607 2911 2781 2957 πᾶσαν
2832 2916 2922 2959 τοῦ
2978 2906 3223 2964 διαϐόλου
3279 2919 3366 2966 xui
3418 2918 3594 2978 πάσης
3638 2927 3730 2979 τῆς
3786 2939 3931 2992 στρα-

2334 2996 2470 3052 τείας
2523 2993 2704 3061 αὐτοῦ,
2766 2996 3059 3060 συνθλάσας
3114 3020 3167 3053 τε
3224 3002 3388 3064 πύλας
3443 3004 3651 3075 χαλκάς
3700 3014 3793 3061 xui
3842 3030 3935 3081 μο-

582 3077 830 3132 mortuis
862 3092 1197 3146 resurgens,
1233 3077 1501 3133 humano
1533 3079 1733 3147 generi
1757 3079 2108 3148 resurgendi
2139 3078 2222 3134 fa-

2338 3079 2498 3150 χλούς
2531 3080 2785 3156 σιδηροῦς
2819 3088 3105 3159 συντρίψας
3139 3087 3231 3142 διὰ
3276 3099 3368 3153 τῆς
3400 3093 3548 3164 ἁγίας
3578 3100 3669 3147 xui
3716 3076 3938 3172 τρεῖςμέ-

581 3163 856 3220 cultatem
877 3165 1436 3236 praebuit,utomnes
1450 3166 1728 3221 omnibus
1754 3166 1965 3222 futuris
1993 3167 2223 3222 saeculis

578 3250 927 3307 viveremus.
952 3253 1051 3307 Hic
1077 3253 1232 3308 enim
1263 3253 1522 3308 mundus
1541 3257 1619 3310 ad
1643 3254 1823 3310 breve
1842 3260 2075 3326 tempus
2102 3271 2225 3309 ma-

575 3343 695 3403 net,
732 3346 785 3395 et
814 3340 957 3396 nihil
988 3347 1091 3396 est.
1122 3362 1151 3394 »
1176 3344 1308 3397 Haec
1332 3343 1536 3398 omnia
1562 3359 1693 3397 cum
1722 3342 1801 3396 illi
1835 3342 2218 3408 audivissent,

575 3428 649 3482 ad
673 3428 879 3485 Christi
900 3429 1075 3485 ﬁdem
1111 3432 1383 3485 conversi
1414 3437 1569 3484 sunt.
1615 3429 1906 3487 Postridie
1937 3445 2070 3485 vero
2124 3447 2221 3484 no-

576 3516 682 3571 ctis
712 3523 973 3589 tempore
1030 3534 1099 3573 eo
1152 3520 1212 3573 in
1266 3518 1413 3590 loco,
1448 3521 1509 3574 in
1561 3534 1675 3590 quo
1732 3524 1915 3583 erant,
1950 3519 2219 3575 viderunt

570 3605 873 3675 quosdam
896 3606 1209 3676 splendida
1230 3613 1387 3663 veste
1403 3608 1642 3663 indutos
1663 3610 1719 3662 et
1749 3607 1980 3663 militari
2008 3607 2217 3664 habitu

573 3697 817 3747 ornatos
840 3708 978 3748 cum
1003 3694 1216 3747 Acacio
1239 3694 1363 3763 ipso
1381 3695 1711 3765 loquentes.
1736 3696 1989 3760 Quidam
2015 3704 2214 3752 autem

569 3794 640 3834 ex
667 3779 759 3834 his
786 3780 883 3851 qui
906 3795 1008 3835 eos
1044 3780 1334 3845 viderant,
1368 3781 1783 3837 existimabant
1811 3784 2002 3837 Acacii
2050 3800 2216 3840 com-

568 3867 867 3923 militones
899 3875 1075 3941 atque
1107 3868 1332 3924 amicos
1360 3885 1513 3935 esse,
1544 3869 1645 3942 qui
1672 3876 1999 3927 metuentes
2029 3873 2211 3944 impe-

566 3961 847 4024 ratorem,
905 3957 1094 4014 noctis
1141 3963 1408 4029 tempore
1461 3960 1740 4015 Acacium
1789 3960 2059 4015 viserent.
2102 3962 2211 4015 Alii

564 4058 705 4100 vero
731 4045 1023 4102 visionem
1054 4046 1317 4118 aliquam
1343 4046 1603 4102 divinam
1642 4062 1778 4103 eam
1821 4046 2004 4102 fuisse
2055 4048 2211 4105 dice-

2331 3187 2424 3242 ρου
2483 3170 2642 3223 αύτοῦ
2714 3172 3058 3245 ἀναστάσεως,
3113 3178 3397 3250 χαρίζεται
3476 3190 3547 3252 τῷ
3621 3189 3761 3255 γένει
3839 3199 3938 3240 τῶν

2333 3253 2611 3329 ἀνθρώπων
2666 3265 2759 3318 τὴν
2816 3261 3103 3317 ἀνάστασιν
3159 3272 3247 3319 xui
3296 3272 3389 3326 τὴν
3464 3271 3620 3337 ζωὴν,
3686 3276 3774 3326 ἰνα
3848 3298 3939 3329 και

2334 3346 2673 3417 συνζήσωμεν
2725 3352 2908 3413 πάντες
2957 3353 3096 3423 αύτῷ
3145 3354 3211 3415 εἰς
3257 3360 3379 3419 τοὺς
3425 3357 3702 3429 μέλλοντας
3743 3365 3939 3428 αἰῶνας

2330 3440 2429 3483 τῶν
2474 3436 2687 3490 αἰώνων.
2743 3444 2920 3492 Ταῦτα
2972 3448 3141 3495 τοίνυν
3191 3443 3521 3513 ἀκούσαντες,
3577 3453 3766 3514 πάντες
3826 3454 3935 3508 ἐπί.

2331 3539 2553 3575 στευσαν
2584 3533 2654 3596 τῷ
2707 3526 2842 3600 λόγῳ
2890 3539 2981 3583 τοῦ
3012 3541 3267 3607 Χριστοῦ,
3300 3545 3398 3588 τῶν
3433 3535 3491 3591 δὲ
3536 3547 3933 3598 πιστευσάντων

2325 3613 2453 3671 τινες
2507 3608 2622 3665 ἰδού
2676 3614 2723 3667 ἐν
2776 3625 2838 3689 τῇ
2901 3618 3117 3695 ἐπιούσῃ
3173 3624 3363 3697 ἑσπέρᾳ
3415 3625 3463 3678 ἐν
3510 3637 3571 3701 τῇ
3615 3640 3747 3705 μονῇ
3813 3638 3932 3688 ἔνθα

2325 3701 2522 3771 ἔμειναν
2576 3701 2623 3754 ἐν
2671 3712 2732 3777 τῇ
2792 3713 2941 3760 νυκτὶ
2998 3709 3157 3784 ἐκείνῃ
3216 3709 3356 3765 εἶδον
3431 3714 3927 3793 λαμπροφοροῦντάς

2323 3806 2464 3850 τινας
2510 3787 2724 3864 ἄνδρας,
2762 3799 3005 3867 σχήματι
3056 3810 3409 3872 στρατιωτικῷ
3456 3805 3929 3881 περιϐεϐλημένους

2321 3880 2409 3927 καὶ
2459 3877 2763 3947 ὁμιλοῦντας
2815 3883 2954 3954 αύτῷ
2977 3904 2988 3917 ·
3018 3892 3107 3939 καὶ
3159 3890 3325 3961 οἱμὲν
3373 3900 3471 3942 τῶν
3501 3891 3715 3947 εἰδότων
3751 3897 3922 3973 ἐνόμι-

2321 3962 2407 4022 ζον
2439 3965 2608 4035 φίλους
2642 3969 2802 4022 αὐτοῦ
2834 3968 2961 4024 εἶναι
3004 3983 3394 4051 συστρατιώτας
3433 3986 3521 4033 καὶ
3569 3986 3637 4045 ὡς
3685 3983 3782 4039 διὰ
3828 3962 3918 4043 τόν

2319 4049 2594 4123 βασιλικὸν
2643 4057 2794 4129 φόϐον
2849 4058 3143 4119 ἐληλυθέναι
3187 4066 3235 4117 ἐν
3284 4074 3430 4121 νυκτὶ
3460 4074 3587 4142 πρὸς
3619 4074 3775 4127 αύτόν
3822 4088 3915 4130 τοῦ

560 4132 730 4189 bant.
747 4136 888 4190 Cum
904 4140 1104 4192 autem
1118 4140 1323 4207 postea
1337 4140 1507 4192 nocte
1523 4136 1866 4207 Byzantium
1881 4138 2204 4202 venissent,

2338 4141 2705 4213 πισκέψασθαι
2757 4148 2947 4201 αὐτόν·
3005 4154 3053 4203 0i
3110 4148 3169 4205 δὲ
3232 4154 3394 4229 ἕτεροι
3457 4157 3712 4214 ὀπτασίαν
3796 4171 3916 4220 τινὰ

562 4227 619 4277 et
643 4222 819 4279 simul
843 4224 902 4279 in
932 4240 1116 4281 unam
1147 4226 1392 4282 domum
1442 4226 1691 4297 conjecti
1746 4230 1965 4296 essent,
1998 4245 2201 4285 rursus

2338 4229 2601 4305 επόρῥητον
2651 4232 2779 4289 εἶναι
2826 4238 3015 4310 ὓιεγον.
3055 4241 3215 4294 Πάλιν
3266 4240 3325 4296 δε
3372 4253 3433 4310 τῇ
3491 4247 3707 4310 ἐπιούση
3760 4262 3911 4310 νυκτὶ

558 4310 834 4368 viderunt
864 4314 1101 4369 eosdem
1121 4315 1361 4384 angelos
1382 4331 1521 4371 cum
1541 4316 1754 4371 Acacio
1788 4318 2119 4388 loquentes,
2149 4326 2205 4375 et

2338 4317 2537 4383 λθόντες
2579 4321 2626 4374 ἐν
2673 4332 2744 4395 τῷ
2776 4328 3039 4400 Βυζαντίῳ
3082 4336 3170 4383 xui
3220 4329 3493 4403 βληθέντες
3524 4339 3653 4409 ὁμοῦ
3695 4340 3743 4392 ἐν
3783 4347 3907 4409 οἴκῳ

556 4399 824 4464 vulnera,
856 4418 991 4472 quae
1017 4408 1186 4456 erant
1211 4404 1270 4456 in
1295 4404 1449 4457 illius
1481 4419 1742 4473 corpore,
1778 4421 1932 4476 aqua
1958 4406 2201 4464 ferventi

2338 4413 2380 4460 vi
2431 4408 2478 4461 ἐν
2522 4418 2583 4483 τῇ
2637 4413 2857 4486 φυλακῇ,
2915 4414 3051 4469 εἶδον
3107 4420 3258 4472 πάλιν
3302 4426 3423 4485 τοὺς
3472 4424 3657 4489 αύτούς
3706 4402 3905 4504 ἄνδρας

557 4486 884 4553 abluentes,
907 4504 1165 4559 eumque
1196 4496 1489 4555 curantes,
1522 4492 1605 4546 ita
1628 4498 1688 4546 ut
1724 4508 1957 4559 omnes,
1991 4496 2092 4566 qui
2143 4503 2200 4552 et

3642 4486 3652 4489 ν
3809 4486 3819 4504 ,
3888 4486 3903 4494 -

2347 4516 2426 4547 τοι
2478 4500 2662 4570 οἷγίους
2711 4501 2960 4573 ἀγγέλους
3013 4507 3317 4578 ὁμιλοῦντας
3372 4512 3512 4578 αύτῷ
3565 4523 3651 4569 xui
3711 4539 3904 4573 καταν-

556 4579 717 4640 tunc,
751 4581 806 4631 et
857 4576 1160 4647 superiore
1203 4584 1373 4633 nocte
1421 4578 1550 4633 illos
1602 4579 1883 4645 viderant,
1914 4582 2193 4650 dicerent,

2338 4582 2549 4648 λοῦντας
2603 4585 2762 4641 ύδατι
2818 4593 2985 4664 θερμῷ
3042 4599 3104 4647 τὰ
3169 4600 3444 4671 τραύματα
3510 4612 3601 4655 τοῦ
3658 4613 3900 4671 σώματος

552 4679 685 4719 vere
717 4670 1059 4721 sanctorum
1090 4665 1440 4735 angelorum
1463 4668 1751 4724 visionem
1774 4671 2197 4740 martyriobla-
2304 4672 2459 4725 αὐτοῦ
2512 4679 2599 4727 καὶ
2654 4648 3026 4740 θεραπεύοντας
3072 4648 3245 4740 αιτδέρ.
3295 4648 3363 4740 ἐκ
3410 4696 3606 4740 πάντας

550 4757 673 4810 tam
703 4754 901 4810 fuisse.

2304 4672 2459 4725 αὐτοῦ
2512 4679 2599 4727 καὶ
2654 4678 3026 4750 θεραπεύοντας
3072 4687 3245 4749 αὐτόν,
3295 4689 3363 4749 ὡς
3410 4696 3606 4754 πάντας
3647 4696 3895 4750 θεασαμέ-

2301 4779 2413 4822 νους
2458 4768 2571 4816 τότε
2599 4768 2661 4817 τὰ
2702 4764 2978 4841 παράδοξα
3016 4776 3103 4824 καὶ
3132 4780 3193 4845 τῇ
3245 4781 3468 4850 προτέρᾳ
3523 4787 3669 4835 νυκτὶ
3714 4754 3887 4838 εἰπεῖν’

2301 4849 2564 4905 Ὀπτασία
2642 4873 2716 4916 τις
2792 4856 2951 4928 ἁγίων
3034 4859 3259 4932 ἀγγέλων
3313 4872 3383 4936 τῷ
3465 4868 3596 4942 ἁγίῳ
3662 4878 3888 4950 μάρτυρι

2297 4936 2508 5009 ἐγένετο.

2367 5027 2458 5080 1Ε’.
2501 5037 2572 5089 Τῆ
2635 5028 2693 5085 δὲ
2747 5032 2964 5107 ἑπιούσῄ
3031 5038 3198 5112 ἡμέρᾳ
3257 5038 3533 5112 βληθέντος
3591 5057 3681 5102 τοῦ
3738 5054 3886 5124 ἁγίου

2293 5117 2552 5191 μάρτυρος
2580 5121 2830 5173 Ἀκακίου
2874 5124 2947 5184 εἰς
2996 5129 3089 5183 τὴν
3143 5125 3410 5205 ἐνδοτέραν
3446 5135 3676 5207 φυλακην
3722 5117 3788 5193 ἐν.
3817 5153 3886 5207 τῷ

2293 5202 2423 5274 ξύλῳ
2481 5211 2566 5258 καὶ
2614 5216 2720 5270 τοῖς
2787 5207 3053 5284 σιδήροις,
3118 5219 3253 5268 κατά
3308 5223 3364 5271 τὸ
3423 5228 3741 5299 πρόσταγμα
3796 5200 3886 5284 τοῦ

2290 5292 2564 5364 ἄρχοντος,
2598 5294 2897 5368 ἐστιγμένον
2938 5306 3025 5353 καὶ
3078 5310 3412 5376 τρυχωμένου
3463 5318 3551 5365 καὶ
3594 5324 3693 5367 τῶν
3724 5319 3885 5372 ἀλλων

2289 5376 2571 5451 δεσμωτῶν
2646 5385 2718 5446 εἰς
2772 5390 2863 5445 τὴν
2917 5385 3161 5463 ἐξωτέραν
3220 5392 3450 5465 φυλακὴν
3514 5405 3691 5474 ὄντων,
3746 5404 3881 5462 εἶδον

2285 5468 2438 5521 πάλιν
2496 5479 2635 5544 φῶτα
2683 5474 2846 5528 πολλὰ
2902 5475 2949 5529 ἄν
3006 5487 3068 5553 τῇ
3121 5487 3268 5534 νυκτὶ
3315 5482 3577 5561 ἁπτόμενα
3623 5498 3754 5569 πρός
3796 5502 3878 5551 τὸν

620 5006 725 5063 XV.
769 5009 1050 5066 Postridie
1079 5024 1220 5066 vero
1247 5025 1385 5065 cum
1424 5013 1644 5082 martyr
1674 5012 1734 5068 in
1764 5029 2060 5073 carcerem
2102 5020 2186 5075 in-

542 5096 816 5152 teriorem
839 5099 1157 5169 conjectus,
1190 5098 1471 5170 etjudicis
1496 5100 1666 5170 jussu
1695 5101 1857 5171 ligno
1885 5121 1953 5160 ac
1984 5105 2184 5164 ferreis

543 5181 794 5238 vinculis
824 5186 1040 5255 ligatus
1082 5188 1312 5253 fuisset,
1343 5187 1558 5261 aliique
1599 5189 1774 5245 vincti
1798 5192 1857 5246 in
1899 5197 2181 5253 exteriore

542 5285 777 5325 carcere
835 5283 1218 5344 servarentur,
1260 5293 1462 5333 rursus
1506 5278 1693 5335 multa
1739 5279 1969 5338 lumina
2008 5289 2180 5341 nocte

540 5360 797 5414 accensa
824 5362 987 5430 apud
1010 5371 1333 5436 martyrem
1355 5367 1551 5437 ipsum
1577 5373 1633 5424 et
1656 5369 1812 5425 viros
1843 5371 1989 5428 alios
2020 5373 2177 5431 vide-

539 5448 697 5513 runt,
712 5460 742 5501 e
767 5446 1021 5505 vinculis
1039 5465 1176 5508 eum
1193 5453 1481 5512 solventes
1501 5460 1681 5529 atque
1696 5464 1994 5533 curantes,
2024 5463 2172 5521 alios
