4114 6262
121 313 242 377 233

1326 308 1496 381 VITA
1537 326 1599 384 s.
1641 318 1875 383 ACACll
1902 322 2366 389 CAPPADOCIS.

3419 327 3524 396 234

128 452 427 526 μάρτυρα,
485 455 576 503 καὶ
622 452 737 510 τοὺς
793 443 985 522 ἄνδρας
1041 453 1160 512 τοὺς
1208 454 1296 523 μεν
1347 451 1561 512 λύοντας
1608 452 1758 503 αὐτόν

1874 468 2011 510 vero
2025 455 2223 512 cibum
2245 457 2358 528 ipsi
2375 456 2683 514 afferentes
2704 473 2716 512 :
2739 448 2918 530 idque
2934 475 3072 516 cum
3104 457 3324 534 saepius
3345 463 3527 522 vidis-

130 538 195 591 ἐκ
255 549 369 592 τῶν
417 538 624 612 δεσμῶν
680 544 769 591 καὶ
823 540 1196 611 θεραπεύοντας
1260 539 1436 606 αὐτὸν,
1504 545 1625 602 τοὺς
1705 537 1764 593 δὲ

132 635 356 706 τροφὴν
404 630 544 700 αύτῷ
591 631 989 703 προσφέροντας,
1030 633 1116 680 καὶ
1149 635 1316 680 ταῦτα
1374 632 1438 680 τὰ
1491 627 1766 702 παράδοξα

137 717 192 770 ἐν
247 719 492 772 πλείοσιν
545 717 777 789 ἀγωγαῖς
837 719 1164 788 θεασάμενοι,
1223 723 1310 769 καὶ
1363 727 1434 789 τῷ
1500 715 1766 790 δεσμοφύ-

136 806 270 859 λακι
330 807 699 878 ἀνενέγκαντες,
747 805 996 864 ἐποίησαν
1049 811 1137 858 καὶ
1177 807 1330 858 αὐτόν
1379 807 1561 868 αύταῖς
1611 806 1763 878 ὄφεσι

135 895 643 972 πληροφορηθῆναι,
703 897 814 947 ὅθεν
869 895 1040 961 καὶςό
1096 895 1436 970 καπικλάριος
1492 894 1764 967 ἐκπλαγεὶς

134 983 218 1056 ἐφ’
275 986 357 1046 οἷς
410 985 680 1051 ἐθεάσατο,
734 983 936 1044 πολλοῖς
982 993 1080 1036 τῶν
1124 984 1278 1056 φίλων
1324 985 1482 1037 αὐτοῦ
1531 984 1760 1038 ἀπελθὼν

133 1075 494 1149 ἐφανέρωσεν.
534 1073 593 1126 Ὀ
644 1069 702 1126 δε
755 1074 937 1145 ἄρχων
994 1076 1116 1140 μετὰ
1174 1076 1230 1125 1'6
1292 1073 1446 1126 ἐλθεῖν
1500 1074 1654 1126 αὐτόν
1713 1073 1760 1126 ἐν

132 1170 216 1232 τῷ
274 1163 573 1232 Βυζαντίῳ,
637 1165 768 1234 μετά
815 1161 945 1214 ἑπτὰ
1000 1164 1198 1235 ἡμέρας
1247 1164 1469 1224 καθίσας
1519 1166 1618 1235 πρὸ
1668 1171 1759 1214 τοῦ

135 1249 421 1324 βήματος,
473 1250 721 1323 ἐξῄτησεν
777 1254 864 1302 τὸν
933 1254 1171 1324 μάρτυρα
1234 1251 1410 1322 λέγων·
1472 1251 1624 1303 tum
1674 1253 1756 1302 τόν

133 1339 408 1394 Ἀκοίκιον
459 1343 544 1392 τόν
594 1347 686 1401 τῆς
725 1338 946 1402 ἀσεϐοῦς
999 1343 1281 1410 θρησκείας
1328 1349 1426 1391 τῶν
1478 1339 1759 1391 Γαλιλαίων

135 1435 466 1504 συνήγορον.

133 1538 250 1584 κεν,
288 1522 459 1592 κύριε.
512 1520 786 1579 Σταθέντος
820 1514 878 1570 δε
925 1521 1025 1592 πρὸ
1064 1526 1153 1570 τοῦ
1204 1517 1445 1590 βήματος
1487 1526 1578 1568 τοῦ
1611 1519 1753 1590 μοίρ-

545 1429 834 1491 Ἀντωνῖνος
891 1435 1300 1503 κομενταρήσιος
1349 1431 1502 1482 εἶπεν
1567 1428 1758 1486 Ἐστη-

133 1627 330 1680 τυρος,
391 1604 514 1660 ἰδὼν
567 1608 592 1658 ὁ
623 1603 878 1667 δικαστὴς
924 1610 982 1658 τὸ
1034 1612 1310 1681 πρόσωπον
1339 1614 1430 1658 τοῦ
1462 1606 1614 1678 ἁγίου
1643 1625 1757 1677 φαι-

138 1693 278 1770 δρὸν
337 1699 463 1748 ὡσεὶ
532 1699 808 1769 πρόσωπον
871 1694 1116 1766 οἰγγέλου,
1171 1693 1442 1765 ἐξεπλάγη.
1503 1692 1751 1754 ’Ἡλπιξεν

1874 548 2021 609 sent,
2050 546 2297 600 carceris
2314 547 2620 603 custodem
2641 547 3035 616 adduxerunt,
3055 555 3116 606 ut
3133 550 3258 622 ipse
3279 567 3524 626 quoque

1876 633 2129 702 propriis
2159 634 2342 690 oculis
2385 635 2605 691 factum
2662 636 2898 705 videns,
2930 637 3002 693 de
3046 654 3106 693 re
3162 639 3262 695 illa
3315 643 3524 700 certior

1872 717 2053 776 ﬁeret.
2083 723 2225 777 Eam
2253 738 2376 778 rem
2408 739 2543 778 cum
2577 729 2776 780 custos
2817 726 3068 780 carceris
3107 727 3296 784 visam
3322 729 3524 787 obstu-

1875 809 2119 879 puisset,
2136 810 2325 866 multis
2340 812 2540 868 amicis
2554 814 2836 870 narravit.
2854 816 3072 870 Praeses
3086 831 3242 880 vero,
3268 818 3522 889 septimo

1871 895 1966 951 die
1993 906 2311 970 postquam
2343 899 2680 970 Byzantium
2722 900 2905 967 venit,
2947 907 3272 976 martyrem
3323 904 3403 960 ad
3458 921 3521 962 se

1870 984 2006 1041 duci
2028 987 2249 1057 jubens
2280 988 2585 1044 :Vocetur.
2608 989 2818 1061 inquit,
2837 990 3108 1056 Aeacius,
3134 991 3334 1063 impiae
3367 992 3518 1049 Gali-

1871 1074 2118 1130 laeorum
2142 1075 2441 1146 religionis
2469 1084 2774 1148 patronus.
2805 1078 2907 1133 Cui
2924 1080 3259 1134 Antoninus
3281 1081 3513 1139 scriba:

1872 1165 1953 1218 En
1986 1170 2198 1234 praesto
2227 1171 2311 1219 est
2338 1165 2454 1230 ille,
2483 1181 2665 1237 quem
2691 1167 2925 1238 quieris.
2961 1170 3107 1222 Cum
3149 1167 3327 1239 igitur
3381 1179 3518 1228 ante

1870 1251 2124 1307 tribunal
2159 1259 2383 1323 martyr
2426 1253 2801 1319 constitisset,
2831 1255 3080 1327 ejusque
3116 1256 3343 1313 vultum
3367 1259 3513 1314 hila-

1868 1355 2015 1404 rem,
2045 1339 2204 1395 velut
2225 1340 2421 1409 angeli
2452 1340 2705 1410 alicujus
2728 1351 3058 1413 aspectum,
3087 1358 3306 1415 praeses
3337 1345 3517 1402 vidis-

1869 1432 1975 1492 set,
2000 1428 2338 1500 obstupuit;
2363 1429 2642 1500 sperabat
2661 1430 2819 1486 enim
2841 1429 3129 1496 futurum,
3156 1437 3220 1487 ut
3239 1438 3366 1488 tum
3388 1434 3514 1490 vul-

1865 1517 2108 1572 neribus
2150 1518 2432 1588 corporis,
2488 1523 2613 1573 tum
2671 1518 3040 1574 vinculorum
3091 1521 3395 1586 arumnis,
3445 1538 3515 1579 ac

1863 1605 2135 1660 ciborum
2163 1606 2410 1677 penuria
2438 1621 2686 1677 corpore
2709 1613 3159 1679 consumptum,
3197 1614 3252 1665 et
3289 1609 3363 1666 de
3419 1611 3516 1668 via

1863 1693 2050 1749 multa
2080 1693 2309 1750 fessum
2334 1693 2575 1748 videret.
2607 1694 2747 1749 Cum
2775 1694 2952 1764 igitur
2972 1695 3142 1751 aliter
3177 1712 3240 1752 se
3289 1697 3514 1754 haben-

136 1787 248 1859 γὰρ
285 1785 446 1838 αῦτὸν
477 1786 502 1837 6
534 1782 791 1846 δικασνὴς
837 1783 892 1837 ἐκ
940 1792 1038 1836 τῶν
1090 1786 1399 1856 τραυμάτων
1439 1791 1529 1836 τοῦ
1577 1789 1752 1855 σώμα-

1869 1787 1980 1838 tem
2001 1781 2263 1849 vidisset,
2283 1782 2412 1853 ejus
2432 1781 2932 1852 pluchritudinem
2954 1789 3130 1855 atque
3151 1784 3514 1842 hilaritatem

137 1893 250 1937 τος,
301 1880 394 1926 καὶ
437 1874 492 1925 ἐκ
539 1882 629 1934 τῆς
673 1872 890 1944 θλίψεως
920 1881 1019 1925 τῶν
1069 1869 1294 1945 δεσμῶν,
1331 1877 1420 1924 καὶ
1459 1871 1514 1924 ἐκ
1544 1881 1638 1935 τῆς
1668 1871 1750 1924 ἐν-

139 1960 295 2023 δείας
345 1972 442 2015 τῶν
493 1967 688 2029 σιτίων,
748 1967 837 2014 καὶ
885 1970 974 2014 τοῦ
1027 1966 1189 2014 κόπου
1241 1969 1335 2024 τῆς
1382 1961 1574 2022 πολλῆς
1621 1960 1750 2014 όδοῦ

138 2056 636 2124 καταπεπονημένον
698 2048 905 2126 σφόδρα
969 2055 1058 2103 καὶ
1135 2055 1560 2125 τεταριχευμένον
1621 2048 1750 2104 ἰδεῖν

136 2148 215 2209 τῷ
274 2145 502 2211 σώματι,
557 2141 626 2202 ὡς
683 2141 1027 2211 θαυμάσαντα
1084 2139 1238 2190 αὐτόν
1295 2144 1384 2190 καὶ
1436 2139 1753 2211 ἐκπλαγέντα

136 2226 228 2280 ἐπὶ
285 2247 342 2280 τε
397 2236 459 2299 τῇ
508 2231 789 2301 ὡραιότητι
843 2227 1003 2280 αὐτοῦ
1057 2232 1141 2280 xui
1195 2236 1256 2300 τῇ
1317 2235 1408 2280 τοῦ
1468 2234 1752 2302 προσώπου

136 2312 490 2390 φαιδρότητι,
551 2315 706 2366 εἰπεῖν
760 2319 888 2388 πρὸς
935 2319 1028 2373 τὴν
1079 2315 1242 2377 τάξιν·
1284 2315 1353 2366 Ὦ.
1380 2317 1623 2368 κάκιστοι
1665 2321 1755 2368 καὶ

138 2409 370 2480 πονηροὶ
442 2412 781 2476 στρατιῶται,
869 2403 997 2476 οὐχὶ
1049 2403 1291 2456 ἐκέλευσα
1345 2406 1482 2472 ὑμᾶς
1536 2404 1603 2464 εἰς
1661 2409 1753 2462 τὴν

145 2493 410 2568 ἐσωτέραν
467 2493 696 2565 φυλακην
755 2491 803 2544 ἐν
860 2501 931 2563 τῷ
986 2492 1118 2564 ξύλῳ
1167 2496 1240 2555 εἰς
1286 2497 1408 2567 τρία
1456 2498 1755 2564 κεντὴματα

153 2579 339 2653 βαλεῖν
371 2579 619 2657 σιδήροις
661 2601 712 2634 τε
766 2580 1086 2655 βαρυτάτοις
1133 2587 1222 2634 καὶ
1264 2580 1472 2642 πολλοῖς
1501 2583 1634 2633 κατά
1662 2589 1753 2634 τοῦ

151 2671 432 2743 τραχήλου
477 2676 565 2724 καὶ
609 2679 706 2724 τῶν
737 2667 932 2736 ποδῶν,
981 2675 1071 2723 καὶ
1113 2673 1246 2723 κατά
1290 2674 1482 2732 παντός
1520 2680 1611 2724 τοῦ
1650 2678 1757 2724 σώ-

149 2780 320 2832 ματος
372 2761 532 2813 αὐτοῦ
585 2759 866 2833 βληθῆναι,
935 2762 1003 2821 ὡς
1049 2767 1109 2832 τῇ
1187 2762 1379 2811 τούτων
1433 2759 1635 2833 ἀγχόνῃ
1691 2767 1748 2814 τό

1861 1872 1943 1925 sic
1973 1870 2301 1926 admiratus
2327 1874 2435 1931 est,
2471 1873 2529 1926 ut
2551 1869 2777 1926 cohorti
2807 1869 3026 1926 diceret
3071 1889 3085 1925 :
3137 1877 3350 1928 Annon
3407 1890 3516 1930 vo-

1859 1957 1971 2025 bis,
2017 1959 2228 2014 milites
2251 1957 2516 2030 pessimi,
2542 1959 2808 2030 praecepi,
2839 1963 2900 2014 ut
2919 1959 3226 2016 hominem
3251 1961 3431 2016 istum
3451 1962 3513 2017 in

1861 2048 2196 2104 interiorem
2223 2063 2523 2102 carcerem
2550 2047 2882 2117 conjectum
2904 2047 2966 2102 in
3012 2046 3176 2117 ligno
3227 2048 3508 2120 ligaretis,

1859 2137 2182 2210 ferreisque
2205 2141 2261 2192 et
2309 2135 2678 2205 gravissimis
2709 2150 2780 2191 ac
2817 2135 3020 2191 multis
3079 2136 3325 2192 vinculis
3383 2138 3512 2209 ejus

1862 2226 2077 2282 collum
2101 2231 2157 2281 et
2173 2230 2360 2281 totum
2377 2240 2593 2296 corpus
2613 2223 3113 2296 constringeretis,
3133 2224 3212 2281 ita
3235 2230 3297 2281 ut
3324 2225 3512 2298 ipsius

1862 2316 2082 2371 ﬂorens
2102 2318 2248 2369 aetas
2265 2314 2334 2368 iis
2349 2312 2736 2382 ligaminibus
2751 2319 3064 2382 angeretur
3076 2329 3146 2368 ac
3164 2313 3512 2382 languesce-

1862 2407 1969 2468 ret,
1997 2419 2186 2474 neque
2212 2400 2482 2457 sineretis
2513 2400 2772 2472 aliquem
2802 2401 3001 2472 ipsum
3028 2400 3234 2467 visere,
3259 2401 3371 2456 nisi
3409 2401 3514 2474 qui

1862 2492 2058 2548 cibum
2089 2491 2170 2546 illi
2196 2490 2430 2546 afferret
2457 2489 2484 2545 ?
2510 2488 2822 2554 Quomodo
2871 2488 3046 2560 igitur
3095 2489 3319 2560 ipsum,
3357 2489 3514 2546 velut

1865 2579 2147 2635 athletam
2177 2576 2503 2648 quemdam
2531 2577 2815 2648 pinguem
2853 2576 3077 2632 factum
3109 2577 3283 2633 video
3327 2578 3513 2648 :quin

1865 2667 2043 2724 etiam
2062 2667 2233 2735 longe
2255 2664 2652 2736 pulchriorem
2672 2679 2741 2719 ac
2765 2664 3186 2732 venustiorem,
3204 2681 3389 2738 quam
3411 2681 3514 2721 an-

1863 2763 1958 2815 tea
1987 2755 2227 2813 fuerat?

149 2849 379 2922 ἀκμαῖον
407 2855 496 2902 καὶ
527 2849 708 2902 ἀνθοῦν
745 2858 834 2909 τῆς
878 2849 1080 2908 ἡλικίας
1109 2847 1266 2900 αὐτοῦ
1298 2852 1725 2907 καταπονηθῆναι
1753 2858 1843 2906 καὶ
1881 2856 2006 2924 μήτε
2055 2844 2460 2898 ὶπισκέπτεσθαί
2486 2861 2632 2904 τινας
2667 2841 2821 2894 αὐτὸν
2861 2842 2992 2902 πλὴν
3041 2851 3131 2894 τοῦ
3164 2846 3256 2901 τὴν
3310 2841 3512 2918 βρῶσιν

148 2941 318 2993 αῦτοῦ
347 2939 668 3012 εἰσ-φέροντος
700 2954 712 3000 ;
745 2946 855 2998 πῶς
883 2937 969 2988 οὖν
1001 2939 1103 3009 ὁρῶ
1135 2936 1288 2988 αὐτόν
1321 2937 1479 2998 οὕτως
1509 2945 1596 2988 νῦν
1627 2941 1972 3013 τεθραμμένον
2002 2939 2065 2997 ὡς
2091 2933 2335 2998 ἀθλητὴν,
2367 2931 2494 2984 ἀλλά
2522 2936 2612 2983 καὶ
2640 2938 2711 3002 τῷ
2757 2931 2929 2983 κάλλει
2968 2934 3372 3005 προστεθημένον
3421 2939 3515 2985 xui
3543 2977 3548 2982 .

148 3028 286 3082 πολὺ
317 3030 662 3098 χαριέστερον
694 3026 847 3076 αὐτόν
877 3029 1126 3095 γεγονότα
1157 3041 1172 3091 ;

245 3116 376 3198 Ις.
435 3116 732 3176 Ἀντωνῖνος
780 3118 1189 3185 κομενταρήσιος
1219 3111 1373 3165 εἶπεν.
1420 3117 1506 3167 Μὰ
1535 3118 1627 3173 τὴν
1661 3119 1758 3174 σὴν

1938 3114 2079 3171 XVI.
2111 3114 2259 3167 Tum
2289 3109 2622 3164 Antoninus
2657 3106 2848 3165 scriba
2887 3107 3010 3167 :Ita
3025 3108 3270 3180 quidem
3289 3107 3513 3167 factum

153 3205 345 3281 ἀρετὴν
389 3206 560 3264 καθὼς
618 3201 962 3275 προσέταξας,
1016 3201 1088 3263 εἰς
1138 3203 1314 3263 πάσας
1369 3205 1458 3262 τὰς
1509 3209 1758 3278 τιμωρίας

157 3290 470 3355 ἐμϐέϐληται
522 3296 611 3344 καὶ
658 3291 714 3344 ἐκ
769 3293 1015 3366 Περίνθου
1068 3293 1202 3342 κατά
1252 3295 1346 3348 τὴν
1393 3289 1514 3343 ὁδὸν
1562 3296 1626 3344 τὰ
1675 3297 1756 3344 σί-

161 3377 305 3454 δηρα
333 3391 519 3454 φορῶν,
571 3377 720 3440 ἦλθεν
764 3381 856 3442 ἓως
884 3388 982 3432 τῶν
1025 3375 1146 3433 ὦδε.
1200 3379 1317 3431 Ἐὰν
1365 3379 1452 3431 οὖν
1509 3377 1640 3453 δοκῇ
1692 3388 1752 3453 τῇ

165 3468 375 3542 ἐξουσίᾳ
427 3489 521 3522 σου
572 3466 764 3542 ἐφιδεῖν
811 3474 900 3521 xui
953 3472 1018 3521 τὰ
1067 3465 1268 3542 σίδηρα
1322 3473 1410 3520 καὶ
1466 3471 1757 3541 σταθμία-αι

166 3558 321 3622 αύτά,
362 3556 464 3612 ὧδε
511 3559 659 3612 εἰσίν·
695 3563 857 3633 μέχρι
902 3561 1002 3632 γὰρ
1045 3565 1135 3610 τοῦ
1185 3554 1539 3630 δικαστηρίου
1571 3561 1756 3610 τούτου

168 3645 224 3697 ού
283 3649 660 3721 περιηρέθησαν
709 3646 795 3699 ἀπ’
841 3647 1020 3698 αὐτοῦ·
1083 3645 1406 3720 ἐπερωτῆσαι
1447 3643 1505 3699 δε
1553 3649 1581 3705 ἠ
1616 3647 1757 3729 ἕξοέ).

170 3739 261 3787 σία
323 3755 416 3788 σου
471 3741 558 3788 xui
604 3739 689 3787 τὸν
733 3732 1105 3808 δεσμοφύλακα
1155 3737 1282 3807 μετὰ
1331 3734 1564 3802 ἀπειλῆς,
1612 3736 1756 3808 εἰμὴ

169 3825 328 3885 οὕτως
380 3828 728 3898 προστέτακτο
772 3823 912 3894 αὐτῷ
954 3827 1089 3876 κατά
1137 3827 1228 3882 τὴν
1275 3823 1505 3876 κέλευσίν
1554 3844 1668 3876 σου.
1699 3825 1758 3878 Ὀ

173 3908 431 3974 δικαστὴς
487 3911 638 3966 εἶπεν·
690 3913 1010 3984 Εἰσαχθήτω
1063 3914 1088 3964 ὁ
1137 3909 1491 3986 δεσμοφύλαξ,
1549 3921 1650 3966 Τοῦ
1699 3910 1758 3967 δὲ

172 3999 525 4072 εἰσαχθέντος,
585 4005 675 4074 ἔφη
726 4005 854 4075 πρὸς
902 4001 1058 4054 αὐτόν
1115 4003 1141 4053 6
1198 3999 1478 4064 δικαστής·
1540 4005 1634 4055 Διά
1683 4009 1754 4068 τί,

172 4094 567 4164 τρισκατάρατε,
619 4094 751 4144 κατά
792 4094 850 4144 τὸ
925 4093 1260 4164 προσταχθέν
1315 4111 1399 4144 σοι
1446 4091 1537 4144 ούκ
1586 4091 1758 4150 ἐποίη-

174 4196 288 4243 σας,
341 4177 446 4230 ἀλλ’
505 4179 663 4240 οὕτως
719 4179 872 4232 αὐτόν
933 4182 1272 4252 τεθραμμένον
1321 4185 1410 4232 καὶ
1459 4178 1759 4251 ἀνειλημμέ-

171 4285 250 4319 νον
279 4267 472 4339 ἣγαγες
519 4269 662 4340 ἡμῖν,
716 4270 784 4330 ὡς
829 4268 1073 4340 μελλοντα
1128 4271 1418 4340 πάμμαχον
1457 4270 1580 4339 ἡμῖν
1607 4275 1758 4325 ποιῆ-

175 4357 385 4424 σαι;Ὀ
436 4357 577 4428 ἅγιος
632 4358 875 4418 Ἀκάκιος
920 4354 1074 4408 εἶπεν·
1125 4359 1194 4408 T6
1244 4355 1361 4425 ἐμόν
1410 4375 1491 4407 σοι
1545 4357 1763 4426 πάμμα-

1867 3207 1973 3269 est,
2000 3205 2065 3257 ut
2080 3201 2100 3271 j
2113 3198 2309 3254 ussisti
2337 3212 2350 3261 ;
2378 3197 2440 3250 in
2468 3211 2678 3251 omnes
2694 3197 2853 3252 enim
2871 3212 3170 3252 aerumnas
3194 3197 3346 3266 illas,
3363 3215 3516 3270 quas

1865 3291 2090 3356 dixisti,
2115 3304 2224 3344 con
2225 3287 2441 3358 jectus,
2460 3290 2516 3340 et
2541 3300 2614 3338 ex
2633 3285 2770 3339 urbe
2789 3284 3064 3339 Perintho
3081 3285 3394 3357 hucusque
3412 3302 3516 3357 per

1867 3385 2052 3437 totam
2081 3378 2238 3433 viam
2261 3373 2464 3429 ferreis
2489 3371 2736 3428 vinculis
2758 3372 3031 3428 astrictus
3083 3371 3210 3428 fuit.
3255 3375 3421 3439 Quod
3470 3374 3520 3430 si

1867 3464 2246 3540 amplitudini
2279 3469 2393 3518 tum
2415 3463 2610 3517 visum
2641 3461 2812 3516 fuerit
2868 3460 3100 3516 vincula
3155 3461 3289 3532 ipsa
3333 3461 3520 3519 ferrea

1865 3558 2082 3626 videre,
2126 3569 2317 3625 eaque
2363 3552 2712 3622 ponderare,
2762 3564 2834 3603 en
2878 3548 2978 3604 illa
3021 3548 3118 3604 hic
3165 3553 3323 3604 sunt.
3370 3553 3525 3606 Nam

1869 3661 2057 3718 usque
2085 3644 2164 3700 ad
2193 3645 2306 3698 hoc
2339 3638 2600 3695 tribunal
2625 3639 2808 3692 homo
2837 3637 2946 3693 iste
2966 3637 3058 3692 his
3081 3636 3279 3694 ferreis
3312 3639 3520 3696 vincu-

1867 3735 1935 3790 lis
1968 3739 2179 3789 exutus
2207 3745 2329 3786 non
2351 3727 2477 3783 fuit.
2503 3726 2708 3793 Quaere
2733 3741 2768 3781 a
2789 3726 3040 3782 carceris
3061 3726 3306 3782 custode
3324 3727 3520 3784 minas

1867 3823 2172 3892 adhibens,
2201 3823 2258 3875 et
2289 3817 2442 3881 vide,
2467 3831 2546 3870 an
2581 3815 2662 3870 ita
2680 3813 2760 3868 illi
2784 3815 3022 3884 jussum
3075 3815 3171 3882 sit,
3223 3816 3519 3888 quemad—

1869 3914 2116 3969 modum
2143 3915 2204 3966 tu
2232 3903 2584 3980 praecepisti.
2611 3905 2757 3958 Tum
2782 3902 2970 3973 judex
2997 3919 3012 3965 ;
3061 3904 3283 3969 Veniat,
3309 3905 3515 3977 inquit,

1866 4003 1978 4058 huc
1999 4005 2200 4056 custos
2221 3995 2492 4053 carceris.
2527 3993 2675 4048 Cum
2715 3994 2974 4048 venisset
3028 3992 3143 4059 ille,
3197 3993 3382 4064 judex
3437 3993 3520 4050 ita

1867 4106 2000 4147 eum
2033 4084 2419 4153 interrogavit
2447 4105 2460 4135 :
2495 4083 2703 4146 Quare,
2730 4080 3142 4136 scelestissime
3163 4085 3386 4155 custos,
3434 4081 3519 4138 fa-

1867 4193 1998 4233 cere
2025 4174 2287 4235 noluisti,
2319 4170 2480 4241 quod
2513 4169 2719 4238 jussus
2755 4184 2836 4234 es,
2871 4169 2974 4223 sed
3013 4169 3091 4224 ita
3111 4169 3401 4224 nutritum
3426 4174 3518 4224 at-

1867 4281 1984 4337 que
1997 4263 2387 4318 instauratum
2405 4256 2587 4310 istum
2603 4255 2681 4310 ad
2697 4271 2803 4308 nos
2819 4255 3048 4320 duxisti,
3066 4257 3240 4328 quasi
3271 4256 3520 4313 bellator

1869 4351 2116 4425 quidam
2134 4348 2366 4404 futurus
2382 4343 2559 4400 nobis
2581 4347 2730 4398 esset
2757 4343 2784 4398 ‘I
2804 4343 2889 4397 Ad
2906 4342 3032 4397 htec
3055 4345 3307 4399 Acacius
3341 4365 3354 4403 :
3375 4348 3516 4410 Mea,

171 4465 288 4517 χον,
322 4443 360 4497 ὦ
408 4443 660 4513 δικαστά,
701 4449 982 4518 τετήρηταί
1015 4463 1098 4496 σοι
1131 4443 1178 4494 ἐν
1210 4443 1428 4516 οὐρανῷ,
1475 4445 1758 4514 ἔμπροσθεν

1870 4434 2394 4512 inquit,pugnandi
2420 4434 2602 4488 virtus
2622 4447 2652 4486 e
2671 4431 2820 4486 ccelo
2847 4447 2882 4486 a
2898 4447 3036 4486 vero
3059 4431 3157 4488 illo
3180 4434 3518 4489 certaminis

172 4553 260 4586 του
320 4534 526 4586 αἰωνίου
579 4539 669 4586 καὶ
730 4533 974 4590 ἀληθινοῦ
1028 4531 1302 4584 ἀθλοθέτου
1361 4539 1615 4604 Χριστοῦ,
1672 4539 1762 4584 τοῦ

173 4628 260 4675 καὶ
308 4627 401 4681 τὴν
454 4619 782 4696 φαιδρότητα
832 4626 920 4672 xui
967 4622 1128 4695 ῥὼσίν
1181 4640 1270 4692 μοι
1318 4622 1761 4695 παρασχόντος·ό

180 4715 366 4786 Κύριός
414 4731 513 4782 μου
565 4716 654 4762 xui
701 4714 823 4770 Θεὸς
861 4711 1020 4772 οὕτως
1067 4712 1331 4782 θεραπεύει
1377 4714 1498 4770 τούς
1551 4706 1763 4770 δούλους

176 4804 330 4853 αὐτοῦ
385 4801 580 4873 ῥήματι
637 4805 792 4871 μόνῳ.
850 4799 907 4851 Ὁ
967 4796 1242 4859 δικαστής·
1309 4799 1539 4851 Κλάσατε
1603 4799 1763 4850 αὐτοῦ

172 4894 286 4949 1'06;
339 4885 575 4953 ὀδόντας,
620 4889 700 4940 ἱνα
748 4893 818 4960 μὴ
872 4888 996 4960 λαλῇ
1072 4892 1143 4959 μὴ
1199 4887 1601 4962 ἐπερωτώμενος.
1666 4892 1764 4939 Καὶ

174 4982 303 5046 πρὸς
359 4981 442 5028 τὸν
499 4973 872 5049 δεσμοφύλακα
931 4977 1084 5048 λέγει·
1144 4982 1206 5030 Τί
1258 4977 1418 5048 λέγεις
1480 4981 1564 5041 σὺ,
1617 4995 1764 5049 τρισ-

175 5068 432 5140 κατάρατε
457 5083 471 5133 ;
1459 5081 1486 5108 ο

241 5154 340 5211 ΙΖ’.
394 5159 626 5218 Κάσσιος
676 5151 1009 5228 δεσμοφύλαξ
1059 5152 1192 5208 εἶπεν
1241 5157 1329 5208 Μά
1373 5158 1466 5212 τήν
1517 5157 1607 5212 σὴν
1653 5152 1764 5226 ἀρε-

176 5250 261 5304 τὴν
314 5246 376 5296 τὰ
412 5248 500 5316 μεν
532 5246 940 5317 προσταχθέντα
981 5247 1149 5296 πάντα
1204 5249 1292 5296 xui
1341 5247 1466 5316 μετὰ
1529 5245 1762 5318 προσθή-

177 5353 266 5397 κης
322 5342 488 5385 κακῶν
531 5338 806 5404 γεγόνασιν
858 5332 1018 5403 αύτῷ·
1079 5331 1221 5384 ἄλλοι
1268 5330 1327 5385 δὲ
1379 5331 1513 5390 ἦσαν
1572 5335 1619 5384 οἱ
1669 5329 1764 5384 δοε-

183 5429 504 5496 ρνφοροῦντες
533 5423 688 5474 αὐτὸν
736 5423 805 5484 ὡς
833 5426 922 5474 καὶ
979 5423 1026 5473 οἱ
1083 5418 1297 5493 δέσμιοι
1348 5423 1530 5482 πάντες
1569 5423 1618 5472 οὶ
1673 5425 1766 5473 σύν

184 5512 314 5583 αύτῷ
342 5510 663 5578 ἐπίστανται,
719 5516 808 5563 xui
857 5510 903 5563 εἰ
948 5510 1113 5573 ἄλλως
1161 5511 1310 5583 λέγω,
1362 5510 1584 5583 κεφαλὴν
1635 5513 1763 5581 ἔχω·

190 5595 365 5674 δέομαί
417 5619 537 5665 σου,
590 5601 827 5664 ἐξουσίαν
883 5602 1041 5671 ἔχεις,
1092 5604 1228 5654 ποίει
1285 5601 1311 5653 ὃ
1369 5597 1562 5674 βούλειο
1613 5597 1769 5654 ἐθεω-

461 5688 706 5748 ΡΑτιιοι..
737 5690 837 5746 Gn.
867 5689 1024 5747 CXV.

1870 4529 2144 4601 praefecto
2201 4527 2336 4579 Jesu
2390 4521 2614 4577 Christo
2668 4528 2901 4576 servata
2927 4525 3032 4586 est,
3082 4521 3187 4593 qui
3223 4527 3280 4577 et
3333 4524 3519 4578 robur

1872 4618 2011 4674 mihi
2043 4616 2255 4672 attulit.
2293 4612 2580 4666 Dominus
2604 4610 2761 4664 enim
2797 4627 2964 4664 meus
2997 4612 3078 4664 ita
3111 4620 3275 4665 curat
3318 4629 3517 4665 Stil‘\'()5

1871 4723 2009 4763 SUOS
2039 4705 2166 4760 solo
2200 4703 2399 4758 verbo.
2460 4702 2605 4754 Tum
2659 4699 2842 4768 judex
2902 4716 2914 4752 :
2976 4700 3333 4762 Confringite
3391 4700 3519 4768 ejus

1869 4797 2091 4860 dentes,
2142 4799 2202 4847 ut
2254 4807 2373 4846 non
2423 4789 2718 4858 loquatur,
2781 4787 2896 4840 nisi
2949 4803 3082 4840 cum
3133 4791 3520 4855 interrogatus

1872 4886 2058 4941 fuerit.
2087 4885 2300 4938 lterum
2352 4884 2551 4933 autem
2611 4874 2920 4930 custodem
2983 4874 3230 4929 carceris
3279 4877 3520 4930 interro-

1871 4990 2022 5045 gans
2079 4989 2093 5028 :
2150 4969 2467 5037 Quidnam,
2514 4965 2726 5036 inquit,
2797 4963 3230 5029 scelestissime,
3283 4979 3521 5035 respon-

1873 5065 1973 5119 des
2000 5059 2028 5116 ?

1941 5150 2262 5208 XVlI.Tum
2293 5142 2527 5201 Cassius
2556 5145 2754 5196 custos
2816 5139 3069 5195 carceris
3137 5139 3449 5210 respondit
3502 5157 3518 5196 :

1873 5241 1980 5294 Per
2001 5244 2166 5293 tuam
2187 5231 2642 5305 amplitudinem
2679 5228 2837 5299 juro,
2861 5230 3205 5282 exsecutum
3231 5243 3325 5282 me
3343 5226 3522 5284 fuisse

1873 5341 2250 5402 quaecunque
2278 5329 2334 5378 te
2364 5319 2612 5393 jussisti,
2641 5322 2697 5372 et
2726 5317 2972 5387 insuper
2995 5315 3112 5370 alia
3134 5316 3292 5372 mala
3318 5315 3410 5370 his
3423 5317 3523 5372 ad-

1875 5417 2100 5474 didisse
2134 5430 2148 5480 ;
2180 5412 2284 5468 sed
2315 5412 2473 5466 fuere
2503 5407 2622 5471 alii,
2651 5405 2753 5477 qui
2780 5405 2934 5458 hunc
2959 5403 3268 5460 hominem
3286 5420 3525 5459 curave-

1877 5511 2032 5572 runt,
2058 5509 2119 5560 ut
2135 5503 2323 5558 sciunt
2339 5512 2549 5554 omnes
2569 5495 2669 5566 qui
2693 5509 2810 5549 una
2833 5509 2966 5548 cum
2983 5495 3114 5565 ipso
3133 5494 3311 5549 vincti
3334 5495 3522 5547 erant.

1878 5593 2045 5662 Quod
2067 5593 2113 5647 si
2139 5607 2264 5648 rem
2296 5586 2465 5644 aliter
2493 5599 2555 5642 se
2571 5581 2792 5641 habere
2840 5583 3210 5654 cognoveris,
3244 5597 3314 5637 en
3345 5580 3548 5656 caput.

3067 5673 3101 5742 8
