4114 6262
657 321 762 382 235

659 467 865 508 meum
887 451 1102 522 praesto
1123 447 1211 500 est
1236 460 1249 498 :
1270 443 1619 514 potestatem
1636 437 1822 492 habes
1852 451 1863 489 :
1888 445 2091 504 quaeso
2123 425 2145 479 f

658 511 954 610 quidquid
980 537 1082 591 vis.
1115 511 1480 588 Videbamus
1508 527 1666 582 enim
1728 522 1947 594 saepius
2003 511 2303 610 quosdam

660 597 1156 697 vestelsplendida
1181 624 1422 675 ornatos
1453 616 1685 679 milites,
1729 613 1996 681 aliosque
2062 597 2304 658 urbanis

659 715 819 778 viris,
845 713 988 768 alios
1010 709 1187 765 Medis
1217 704 1581 779 quibusdam
1644 700 1865 756 similes
1921 710 2051 750 esse
2099 701 2304 779 cense-

659 802 898 871 bamus,
923 801 1026 872 qui
1057 813 1178 854 una
1201 777 1336 850 cum
1354 795 1485 864 ipso
1508 793 1916 855 versabantur,
1938 783 2160 856 quique
2177 777 2306 872 ejus

659 863 911 946 vulnera
932 863 1236 952 curabant,
1265 888 1321 938 et
1347 863 1656 950 diligenter
1687 872 2128 943 abstergebant,
2161 863 2305 921 mul-

660 979 854 1050 tisque
879 975 1114 1032 cibariis
1135 969 1477 1045 propositis,
1501 984 1620 1023 una
1641 982 1778 1022 cum
1795 980 1864 1020 eo
1893 959 2304 1017 vescebantur.

663 1047 797 1121 Haec
821 1065 1026 1122 omnia
1061 1061 1356 1123 homines,
1390 1059 1494 1130 qui
1524 1073 1595 1112 ex
1650 1054 1794 1110 urbe
1844 1047 2120 1105 Perintho
2188 1055 2310 1096 una

663 1169 801 1210 cum
838 1170 908 1209 eo
939 1150 1114 1208 vincti
1143 1149 1303 1204 ducti
1329 1151 1481 1212 sunt,
1514 1150 1636 1200 tum
1668 1144 1729 1198 in
1756 1142 1865 1203 via,
1901 1144 2026 1193 tum
2055 1134 2149 1189 hic
2170 1144 2308 1186 cum

663 1243 876 1314 saepius
909 1239 1214 1304 vidissent,
1244 1235 1388 1291 mihi
1413 1232 1738 1290 retulerunt
1773 1249 1784 1287 :
1819 1229 1901 1283 ita
1927 1230 1990 1280 ut
2013 1238 2146 1292 ego,
2168 1235 2305 1275 cum

660 1330 808 1403 ipsis
835 1345 956 1385 non
987 1327 1305 1389 crederem,
1339 1329 1394 1378 et
1415 1337 1622 1378 verum
1654 1319 1801 1374 scire
1827 1327 2126 1388 cuperem,
2159 1307 2306 1364 meis

663 1402 850 1473 oculis
870 1416 1080 1470 videns
1106 1413 1166 1468 id
1189 1409 1590 1482 cognoverim.
1612 1413 1682 1462 At
1701 1407 1746 1461 si
1769 1402 2016 1475 quando
2042 1406 2305 1471 repente,

664 1522 803 1562 cum
831 1506 957 1560 haec
979 1507 1332 1574 spectarem,
1356 1499 1584 1569 ingredi
1612 1497 1691 1553 ad
1715 1510 1852 1550 eum
1880 1490 2222 1550 voluissem,
2255 1487 2311 1538 et

662 1594 876 1651 abillis
902 1607 1165 1664 quaerere
1208 1586 1659 1644 undenamilluc
1680 1581 1929 1653 ingressi
1950 1581 2169 1639 essent,
2210 1576 2310 1627 aut

661 1683 910 1755 quinam
943 1681 1135 1736 forent
1162 1677 1424 1748 illi,quos
1457 1691 1577 1731 una
1637 1689 1775 1729 eum
1821 1671 1948 1741 ipso
2006 1664 2307 1726 vidissem,

2059 291 2321 357 MISNSIS
2361 287 2604 344 MAIUS.
3015 340 3038 357 ἰ
3915 272 3986 330 236

3015 340 3038 358 l

2148 420 2303 478 acias
2336 415 2378 468 A
2413 422 2598 484 ροῦμεν
2642 415 2743 484 γὰρ
2803 411 3108 469 πλειστάκις
3151 398 3680 478 λαμπροφοροῦντάς
3723 416 3871 461 τινας,
3916 402 3988 450 ὡς.

2414 521 2504 576 περ
2565 506 2880 576 σρατιῶτας,
2953 502 3043 549 καὶ
3103 494 3283 553 ὁᾶλους
3335 494 3414 550 ὡς
3478 486 3881 558 σχολαστικούς,
3928 497 3988 538 καὶ

2415 591 2617 664 ἑτέρους
2662 593 2729 650 ὡς
2771 590 2979 660 ἰατρούς
3024 586 3152 638 εἶναι
3183 581 3526 654 ἐνομίζομεν,
3589 579 3830 635 συνόντας
3872 576 3985 647 αὐτῷ,

2413 686 2504 732 καὶ
2568 679 3007 750 ἐπιμελουμένους,
3095 678 3184 726 καὶ
3249 679 3319 741 τῷ
3389 665 3569 720 ὕδατι
3636 665 3986 726 καταντλοῦντες

2415 772 2481 821 τὰ
2534 771 2808 840 τραύματα
2844 767 3022 830 αὐτοῦ,
3075 764 3185 832 ἅμα
3233 757 3291 813 δε
3337 762 3441 810 καὶ
3479 756 3849 816 συνεσθίοντας
3875 755 3986 824 αὐτῷ,

2415 857 2611 910 πολλῶν
2697 855 2900 928 ἀγαθῶν
2988 853 3330 925 προκειμένων
3438 845 3649 904 αύτοίς.
3727 850 3888 895 Ταύτα
3951 842 3986 896 δέ

2418 949 2586 999 πάντα
2635 949 2718 997 ταὶ
2775 947 2824 996 οἱ
2879 940 3089 1014 δέσμιοι
3139 940 3238 991 ἀπὸ
3284 946 3380 998 τῆς
3441 935 3710 1008 Περίνθου
3762 931 3987 1004 ἐρχομτιοι

2417 1035 2525 1108 μετ’
2574 1034 2733 1086 αὐτοῦ
2789 1030 2981 1091 ἰδόντες
3046 1034 3136 1082 καὶ
3193 1024 3297 1080 ὦδε
3379 1024 3704 1082 πλειστάκις
3770 1019 3986 1091 ἀνήνεγκαν

2417 1143 2526 1196 μοι,
2559 1126 2692 1176 ὥστε
2739 1127 2829 1173 καὶ
2883 1120 2969 1192 ἐμὲ
3021 1117 3215 1187 αύτοψὶ
3261 1115 3564 1171 πεισθῆναι
3614 1114 3688 1182 μὴ
3732 1112 3986 1161 πιστεύοντα

2418 1213 2606 1272 αὐτοῖς.
2672 1215 2730 1264 Εἰ
2781 1229 2904 1262 ποτε
2961 1206 3019 1261 δὲ
3075 1206 3281 1268 ἀνοίξας
3333 1207 3434 1261 τὴν
3498 1207 3740 1257 κατῆναν
3799 1198 3985 1250 εἰσελθεῖν

2417 1301 2732 1364 ἠϐουλήθην,
2808 1295 3081 1371 αἰφνιδίως
3163 1298 3359 1368 θεωρῶν
3435 1298 3641 1352 ταῦτα,
3718 1286 3985 1357 ἐπερωτῆσαι

2418 1391 2607 1450 αύτούς
2657 1389 2952 1461 βουληθεὶς,
3003 1387 3155 1439 πόθεν
3204 1385 3307 1457 ἄρα
3349 1380 3611 1438 εἰσῆλθον
3655 1378 3684 1435 ἢ
3736 1382 3855 1436 τίνες
3895 1375 3984 1426 εἰσὶν

2419 1480 2600 1532 ἐκεῖνοι
2648 1478 2737 1539 οὖς
2794 1477 2997 1528 ἔϐλεπον
3053 1474 3163 1546 μετ’
3209 1471 3383 1533 αὑτοῦ,
3444 1467 3701 1521 εἰσελθὼν
3754 1462 3809 1516 δὲ
3852 1464 3986 1515 πολλέ-

2419 1589 2498 1628 κις
2543 1570 2672 1641 πρὸς
2715 1566 2890 1629 αὐτὸν,
2934 1561 3120 1616 ούδένα
3158 1561 3210 1624 ἐξ
3257 1560 3428 1612 αὐτῶν
3479 1561 3733 1630 εὕρισκον
3775 1550 3882 1606 οὐδὲ
3919 1562 3984 1603 τῶν

2419 1660 2761 1729 προκειμένων
2824 1655 2999 1716 αύτοῖς
3053 1652 3279 1724 ἀγαθῶν,
3346 1648 3485 1700 ἀλλὰ
3538 1655 3727 1698 τοῦτον
3784 1646 3913 1714 μόνον
3955 1643 3985 1692 ὲ,

666 1733 1129 1755 Ὶ---π---ηη
1251 1733 1310 1748 ι.
1844 1733 1859 1741 .

664 1772 881 1843 saepius
895 1769 972 1825 ad
985 1784 1123 1824 eum
1136 1768 1457 1836 ingressus,
1472 1778 1664 1834 neque
1677 1772 2045 1834 quemquam
2061 1752 2307 1813 illorum,

2421 1755 2492 1817 τῷ
2540 1745 2672 1817 ξύλῳ
2718 1748 2987 1816 τεταμένον
3027 1743 3304 1814 εὐχόμενόν
3353 1757 3407 1790 τε
3465 1742 3564 1789 καὶ
3615 1733 3888 1798 δοξάζοντα
3926 1737 3984 1783 τὸν

663 1840 860 1932 neque
881 1857 1218 1930 quidquam
1241 1871 1272 1910 e
1304 1852 1541 1910 cibariis
1563 1852 1673 1907 illis
1694 1848 1991 1909 videbam,
2016 1841 2121 1932 sed
2148 1840 2310 1895 hunc

2423 1839 2550 1889 Θεὸν
2583 1834 2758 1900 αὑτοῦ,
2789 1836 2872 1885 ὅτε
2904 1829 2962 1885 δὲ
2988 1837 3078 1884 καὶ
3109 1832 3250 1901 ὕπνῳ
3287 1832 3694 1899 κατακείμενον.

663 1912 855 2004 eorum
875 1912 1039 2016 ligno
1052 1912 1387 2015 alligatum,
1410 1957 1616 2014 preces
1640 1939 1716 1996 ad
1735 1940 1918 1993 Deum
1940 1931 2310 1993 fundentem,
2334 1930 2392 1982 et
2408 1924 2673 1980 divinam
2698 1923 2947 1992 gloriam
2977 1920 3340 1989 laudantem,
3375 1916 3694 1972 interdum
3731 1927 3856 1968 vero
3883 1912 3964 1966 dor

664 2036 970 2092 mientem.

744 2125 931 2180 XVlll.
964 2125 1111 2179 Tum
1136 2121 1316 2194 judex
1356 2139 1372 2180 :
1427 2118 1729 2182 Pecunias,
1767 2115 1977 2186 inquit,
2010 2111 2088 2166 ab
2113 2106 2311 2162 Acacii

666 2211 1101 2270 contribulibns
1131 2209 1432 2281 accepisti,
1457 2208 1533 2263 ob
1555 2207 1730 2277 idque
1757 2202 2048 2275 judicium
2075 2199 2160 2252 vis
2193 2195 2311 2251 elu-

664 2302 824 2358 dere.
852 2307 933 2356 Ac
964 2299 1162 2356 statim
1215 2298 1410 2353 furore
1450 2296 1724 2368 percitus,
1774 2289 2072 2364 plumbeis
2132 2284 2310 2352 virgis

666 2392 795 2462 ejus
825 2395 990 2460 terga
1011 2387 1234 2460 pulsari
1253 2387 1444 2457 jussit.
1472 2384 1622 2450 Quin
1649 2399 1782 2438 cum
1805 2379 2189 2437 cruciaretur,
2211 2389 2312 2428 vo-

665 2480 920 2534 ciferans
947 2477 1179 2532 dicebat
1212 2492 1222 2529 :
1257 2477 1492 2540 Quaeso,
1518 2473 1720 2544 judex,
1762 2475 1824 2525 ut
1854 2469 1899 2522 si
1931 2483 2022 2521 res
2053 2464 2218 2520 aliter
2250 2477 2311 2515 se

666 2566 866 2634 habet,
919 2582 1099 2638 quam
1129 2565 1268 2629 dixi,
1306 2580 1401 2618 me
1427 2561 1762 2616 interﬁcias.
1796 2561 1942 2612 Tum
1969 2555 2101 2608 ille:
2133 2553 2312 2606 Vene-

666 2655 849 2711 ficum
877 2655 1053 2723 igitur
1082 2654 1385 2708 hominem
1403 2652 1561 2706 hunc
1583 2666 1717 2704 esse
1740 2646 2000 2702 afﬁrmes
2027 2659 2178 2712 opus
2199 2643 2308 2694 est.

669 2743 772 2799 Cui
807 2743 1058 2798 carceris
1090 2747 1289 2796 custos
1326 2763 1337 2793 :
1369 2743 1508 2809 Ego,
1539 2737 1752 2809 inquit,
1801 2733 1966 2808 quod
2004 2730 2308 2794 vidi,dico,

667 2848 862 2905 neque
895 2831 1037 2897 scio,
1063 2830 1439 2885 veneticusne
1463 2828 1555 2895 sit,
1583 2842 1661 2882 an
1687 2841 1827 2880 non.
1853 2824 1985 2876 Haec
2008 2837 2144 2875 cum
2177 2819 2312 2873 bea-

669 2925 763 2977 tus
793 2921 1041 2975 Aeacius
1098 2918 1347 2982 audiret,
1397 2916 1630 2971 illorum
1658 2912 1964 2969 stultitiam
2007 2907 2309 2971 irridebat,

669 3008 950 3080 quamvis
979 3008 1178 3063 fractis
1209 3011 1365 3061 esset
1395 3003 1668 3060 maxillis.
1712 3003 1916 3073 Itaque
1941 2998 2122 3070 judex
2186 3000 2313 3068 ipse

668 3111 878 3152 rursus
895 3095 1091 3152 furore
1121 3111 1429 3162 accensus,
1461 3093 1672 3147 Aeacio
1698 3090 1842 3146 dixit
1867 3106 1879 3143 :
1913 3087 2073 3142 Tune
2101 3084 2312 3141 venisti

2492 2102 2592 2158 IH'.
2644 2101 2701 2154 Ὀ
2757 2099 3010 2162 δικαστὴς
3068 2100 3223 2152 εἶπεν·
3293 2101 3358 2149 Σύ
3417 2100 3692 2168 χρήματα
3747 2093 3876 2162 παρὰ
3916 2097 3978 2140 τῶν

2421 2194 2670 2244 συνέθνων
2720 2191 2877 2242 αὐτοῦ
2931 2188 3116 2253 λαϐὼν,
3169 2187 3373 2247 παίζειν
3436 2184 3603 2243 θέλεις
3655 2186 3713 2234 τὸ
3780 2177 3977 2233 3:10:67:-

2419 2300 2547 2352 ριον.
2620 2284 2719 2332 Καὶ
2765 2281 3020 2351 θυμωθεὶς
3083 2275 3360 2341 ἐκέλευσεν,
3438 2275 3818 2342 καταυχενίοις
3884 2268 3966 2332 αὐτῷ

2419 2367 2692 2441 μολίϐδεσι
2747 2369 3082 2439 χρήσασθαι.
3135 2365 3218 2425 Ὠς
3278 2360 3336 2416 δὲ
3385 2361 3734 2423 ἐϐασανίζετο
3780 2355 3974 2425 etinsi-

2421 2457 2604 2528 φύλαξ,
2654 2456 2773 2508 ἐϐόα
2825 2461 2913 2508 καὶ
2965 2455 3148 2526 ἔλεγεν·
3203 2457 3389 2524 Δέομαί
3444 2471 3565 2512 σου,
3615 2450 3659 2501 εἰ
3688 2448 3835 2506 ἄλλως
3858 2442 3971 2504 εἷπον,

2423 2543 2720 2597 ἀπόκτεινόν
2768 2565 2848 2616 με.
2897 2544 2954 2597 Ὁ
3010 2541 3267 2602 δικαστὴς
3315 2538 3474 2593 εἶπενσ
3537 2539 3653 2592 Ούκ
3709 2533 3789 2588 οὖν
3852 2539 3973 2604 γόητί

2422 2633 2576 2685 αὐτόν
2645 2633 2951 2706 ἀποφέρεις;
3003 2633 3062 2686 Ὀ
3139 2629 3478 2702 δεσμοφύλαξ
3563 2629 3720 2679 εἶπεν·
3792 2625 3891 2693 Ἐγὼ
3951 2621 3971 2669 5

2423 2719 2580 2786 εἶδον,
2623 2719 2780 2775 εἷπον·
2829 2723 2872 2774 εἰ
2903 2719 2961 2774 δε
2991 2724 3130 2774 ἔστιν
3162 2725 3305 2792 γόης,
3339 2718 3433 2770 οὐκ
3463 2713 3617 2770 οἶδα.
3660 2714 3718 2766 Ὀ
3758 2708 3806 2764 δὲ
3837 2710 3961 2780 μακά-

2421 2832 2530 2885 ριος
2574 2813 2819 2873 Ἀκοίκιος
2871 2812 3026 2872 ἑστὼς
3078 2814 3166 2860 καὶ
3216 2807 3414 2860 ἀκούων
3463 2814 3644 2858 ταῦτα
3689 2801 3852 2874 ἐγέλασε
3893 2794 3952 2844 ἐπὶ

2420 2909 2482 2974 τῇ
2518 2900 2779 2974 ἀφροσύνῃ
2840 2900 3024 2964 αὐτῶν,
3065 2903 3152 2950 καὶ
3205 2905 3352 2949 τοῦτο
3399 2896 3656 2954 κλασθεὶς
3686 2895 3794 2948 τοὺς
3825 2902 3952 2952 ams-

2419 3009 2530 3056 νας,
2586 2992 2650 3050 ὡς
2694 2993 2778 3041 τὸν
2829 2987 3086 3046 δικαστὴν
3132 2987 3283 3040 πάλιν
3314 2985 3658 3059 ὀργισθέντα·
3706 2971 3960 3033 Καταπαὶξαῑ

2421 3081 2565 3152 ἡμῶν
2630 3077 2798 3143 ἦλθες,
2866 3078 3044 3149 λέγων,
3111 3076 3308 3151 θαρῥῶν
3372 3083 3489 3135 ταῖς
3564 3074 3814 3145 γοητείαις
3860 3077 3959 3126 σου,

670 3189 735 3240 ut
772 3199 882 3239 nos
905 3183 1225 3250 derideres,
1249 3182 1566 3254 praestigiis
1586 3197 1656 3236 ac
1677 3177 1974 3235 veneﬁciis
1991 3176 2103 3232 tuis
2133 3173 2304 3230 conﬁ-

2424 3169 2704 3243 Ἀπεκρίθη
2781 3169 3040 3228 Ἀκάκιοςο
3112 3167 3244 3236 Ἐγὼ
3311 3167 3399 3237 μὲν
3473 3164 3537 3216 οὗ
3596 3155 3877 3214 καταπαίζω
3919 3152 3962 3207 ὡς

669 3289 771 3328 sus
799 3271 828 3326 ?
853 3274 992 3341 Ego,
1033 3272 1223 3344 inquit
1247 3270 1514 3334 Aeacius,
1545 3284 1664 3324 non
1691 3267 1876 3333 rideo,
1921 3263 2085 3336 quod
2117 3266 2316 3317 vestra

666 3360 927 3432 pernicie
948 3360 1242 3430 gaudeam
1271 3375 1282 3412 :
1307 3360 1428 3414 imo
1448 3357 1872 3427 sempiternam
1896 3357 2148 3407 vestram
2178 3364 2315 3404 con-

667 3449 1116 3504 demnationem
1138 3447 1392 3503 multum
1416 3446 1609 3501 doleo.
1645 3447 1757 3499 Vos
1789 3447 1988 3498 autem
2046 3438 2158 3510 ipsi
2219 3453 2316 3492 ve-

668 3541 848 3592 stram
881 3537 1061 3592 vitam
1082 3536 1355 3604 irridetis,
1396 3536 1499 3607 qui
1538 3549 1745 3589 verum
1776 3531 1941 3586 illum
1969 3529 2152 3584 Deum
2181 3525 2314 3582 caeli

669 3629 726 3680 et
754 3631 942 3690 terrae,
966 3625 1147 3681 maris
1178 3629 1235 3680 et
1261 3624 1532 3680 omnium
1563 3638 1697 3695 quae
1720 3621 1782 3676 in
1827 3621 1909 3676 eis
1967 3623 2122 3686 sunt,
2177 3615 2314 3672 effe-

668 3717 891 3769 ctorem
914 3713 1336 3784 dereliquistis,
1365 3717 1419 3767 et
1434 3711 1663 3782 lapides
1687 3712 1843 3781 ipsos
1868 3707 2314 3764 adoratis.Tum

667 3801 859 3857 Judex
909 3801 960 3857 ei
1008 3801 1155 3856 dixit
1187 3818 1199 3856 :
1233 3804 1312 3856 Ne
1345 3807 1514 3872 putes
1553 3799 1665 3854 ista
1694 3803 1792 3852 tua
1857 3793 2189 3851 constantia
2221 3808 2315 3847 me

669 3890 890 3945 victum
912 3889 982 3943 iri
1016 3906 1029 3956 ;
1054 3905 1174 3945 non
1199 3890 1390 3944 sinam
1415 3893 1469 3943 te
1489 3888 1705 3950 vivere,
1729 3885 1842 3940 nisi
1865 3883 1977 3938 diis
2001 3882 2313 3945 sacrifices,

667 3983 724 4034 et
747 3978 1103 4034 invictorum
1159 3977 1588 4048 imperatorum
1647 3972 1852 4040 edictis
1913 3970 2178 4026 obedias.
2213 3966 2317 4024 Cui

665 4067 911 4122 Aeacius
984 4087 998 4123 :
1075 4066 1133 4123 Si
1187 4067 1458 4120 timerem
1507 4065 1699 4119 minas
1755 4067 1907 4126 tuas,
1967 4059 2166 4114 statim
2216 4057 2318 4112 tibi

665 4154 1106 4227 obtemperans,
1131 4153 1402 4209 fecissem
1425 4151 1587 4224 quod
1610 4151 1783 4222 jubes
1816 4166 1830 4215 ;
1864 4147 2148 4222 quoniam
2181 4162 2319 4201 vero

665 4245 955 4300 sententia
981 4260 1112 4300 mea
1129 4241 1338 4298 melior
1359 4246 1444 4297 est
1460 4257 1660 4312 ,quam
1680 4239 1997 4306 tua,minas
2015 4238 2158 4292 istas
2175 4237 2317 4296 nihil

667 4333 844 4389 timeo
878 4349 889 4388 :
925 4332 1039 4397 fac,
1066 4333 1229 4403 quod
1262 4331 1422 4386 libet.

739 4423 868 4475 XIX.
913 4423 1074 4474 Tunc
1117 4418 1303 4472 Judex
1345 4418 1540 4472 furore
1581 4417 1878 4486 percitus:
1911 4415 2315 4480 Sacriﬁcasne,

2425 3257 2714 3328 ἐπιχαίρων
2765 3264 2824 3327 τῇ
2875 3255 3100 3326 ἀπωλείᾳ
3156 3256 3316 3326 ὑμῶν’
3377 3251 3512 3305 ἀλλὰ
3565 3255 3656 3303 καὶ
3704 3241 3882 3318 σφόδρα
3907 3238 3966 3288 λυ-

2424 3353 2624 3415 ποῦμαι
2673 3349 2791 3417 περὶ
2838 3352 2935 3405 τῆς
2989 3341 3164 3396 ἀῑδίου
3213 3343 3354 3414 ὑμῶν
3410 3346 3661 3413 κρίσεως.
3704 3334 3889 3392 Παίζετε
3928 3321 3968 3375 δὲ

2425 3434 2566 3504 ὑμεῖς
2611 3438 2702 3491 τὴν
2754 3433 2944 3485 ἑαυτῶν
2991 3433 3148 3497 ζωνή,
3199 3434 3576 3491 καταλιπόντες
3646 3430 3728 3479 τὸν
3777 3416 3968 3475 ἀληθινὸν

2427 3525 2574 3587 Θεὸν,
2608 3525 2692 3573 τὸν
2732 3527 3026 3580 ποιήσαντα
3077 3524 3162 3572 τὸν
3216 3519 3449 3592 ούρανόν,
3501 3522 3595 3570 καὶ
3635 3519 3724 3572 τὴν
3772 3516 3874 3581 γῆν,
3908 3503 3969 3554 καὶ

2425 3616 2516 3669 τὴν
2559 3611 2846 3675 θάλασσαν,
2905 3615 2995 3662 καὶ
3044 3612 3208 3662 πάντα
3261 3611 3326 3660 τὰ
3377 3611 3426 3659 ἐν
3480 3607 3682 3670 αὐτοῖς,
3735 3603 3814 3652 καὶ
3853 3595 3968 3646 λίθοις

2424 3708 2850 3772 προσκυνοῦντες.
2902 3699 2960 3750 '0
3019 3695 3280 3758 δικαστὴς
3331 3693 3486 3749 εἶπεν·
3554 3699 3639 3752 Μὴ
3699 3692 3891 3760 νομίσῃς
3929 3695 3965 3748 με

2424 3798 2639 3846 νικῆσαι
2692 3797 2752 3860 τῇ
2809 3787 3012 3859 εὐτονίᾳ
3067 3792 3180 3839 σόυ·
3228 3785 3321 3838 ούκ
3368 3784 3430 3836 ἰῶ
3493 3804 3553 3836 σε
3605 3783 3782 3842 ζῆσαι,
3823 3774 3895 3824 ἐὰν
3918 3769 3966 3838 μὴ

2429 3881 2589 3950 θύσῃς
2639 3883 2729 3930 καὶ
2779 3877 3057 3952 πληρώσῃς
3110 3879 3167 3926 τὸ
3225 3875 3567 3948 προσταχθέν
3637 3888 3718 3922 σοι
3774 3865 3863 3915 ύπό
3899 3863 3970 3907 τῶν

2429 3966 2690 4025 ἀηττήτων
2749 3967 3138 4040 αὐτοκρατόρων
3223 3963 3500 4036 βασιλέων.
3567 3960 3800 4014 Ἀκςίκιος
3852 3949 3969 4015 λέγει’

2428 4057 2488 4108 Εἰ
2534 4055 2820 4129 ἐφοϐούμην
2873 4075 2966 4108 σου
3013 4057 3104 4116 τὰς
3147 4053 3374 4118 ἀπειλὰς,
3426 4050 3528 4103 ἀπὸ
3574 4053 3775 4122 πρώτης
3801 4042 3854 4092 οἶν
3894 4051 3972 4085 πει⁸

2433 4148 2568 4205 σθεὶς
2617 4164 2700 4197 σοι
2749 4146 3000 4197 ἐποίουνὸ
3053 4144 3233 4215 λέγεις·
3278 4137 3456 4199 ἐπειδὴ
3493 4137 3553 4194 δὲ
3579 4141 3604 4191 ὁ
3649 4134 3971 4215 λογισμός-βίον

2428 4233 2647 4286 καλλίων
2704 4253 2796 4286 σου
2855 4233 2966 4286 ἔστι
3014 4237 3102 4284 καὶ
3147 4232 3205 4284 ού
3249 4230 3507 4304 φοϐοῦμαί
3539 4247 3635 4282 σου
3673 4225 3760 4282 τὰς
3790 4211 3970 4269 ἀπειλαςτ

2428 4328 2560 4376 ποίει
2588 4325 2613 4376 ὅ
2642 4323 2767 4376 θελει
2777 4345 2815 4385 ς.

2500 4415 2608 4469 ΙΘ’.
2661 4419 2786 4467 Τότε
2835 4413 3089 4484 θυμωθεὶς
3134 4413 3158 4462 ὁ
3209 4407 3461 4469 δικαστὴς
3503 4409 3659 4480 λέγει’
3716 4389 3971 4484 Θύειςηλοι-

663 4507 874 4580 inquit,
908 4522 985 4561 an
1019 4505 1218 4560 adhuc
1249 4504 1443 4576 pergis
1473 4483 1726 4560 insanire
1753 4505 1780 4560 Τ
1817 4503 2143 4576 Respondit
2181 4509 2312 4558 Aca-

2429 4507 2522 4555 πὸν
2577 4508 2606 4562 ἦ
2660 4506 2735 4555 ἔτι
2787 4502 3032 4574 ἐπιμένεις
3085 4508 3145 4572 τῇ
3188 4504 3359 4574 μωρίᾳ
3415 4515 3540 4566 aeu;
3577 4494 3810 4549 Ἀκάκιος
3837 4483 3963 4535 εἶπεν·

665 4596 791 4653 cius
823 4612 834 4650 :
866 4598 948 4651 Tu
975 4593 1173 4666 pergis
1203 4593 1262 4648 id
1294 4593 1505 4658 facere,
1549 4593 1651 4664 qui
1672 4593 1969 4657 homines,
2012 4608 2045 4646 a
2101 4593 2320 4663 quibus

662 4685 811 4741 nihil
844 4683 986 4739 mali
1003 4683 1400 4738 commissum
1423 4687 1722 4752 estneque
1753 4680 1977 4753 aliquid
2011 4680 2070 4734 in
2102 4686 2155 4736 te
2193 4697 2322 4752 pec-

663 4779 861 4830 catum
881 4773 1005 4838 fuit,
1035 4773 1116 4827 sic
1138 4771 1351 4842 injuste
1373 4769 1717 4825 consumis?
1742 4772 1874 4825 Haec
1893 4786 2026 4824 cum
2051 4769 2324 4826 audisset

655 4864 858 4935 judex,
891 4861 1073 4933 jussit
1101 4861 1299 4930 virgas
1321 4875 1580 4931 quernas
1597 4859 1812 4923 aﬂ'erri,
1840 4866 1896 4914 et
1915 4860 2042 4930 ejus
2063 4863 2226 4930 terga
2253 4877 2319 4915 ac

658 4959 929 5009 ventrem
965 4951 1283 5008 verberari.
1320 4952 1586 5022 Cumque
1618 4950 1822 5006 decem
1850 4950 2125 5006 homines
2158 4949 2322 5005 vicis-

660 5041 783 5096 sim
828 5043 1017 5096 Acacii
1063 5055 1280 5111 corpus
1313 5039 1714 5108 verberarent,
1758 5045 1980 5109 martyr
2033 5039 2158 5110 ipse
2213 5046 2321 5094 tor-

657 5129 872 5184 mentis
917 5129 1196 5194 afﬂictus,
1262 5129 1342 5183 sic
1396 5127 1693 5182 clamabat
1763 5128 2044 5192 :Christe,
2101 5127 2319 5198 adjuva

657 5217 947 5273 humilem
978 5234 1213 5273 servum
1252 5222 1442 5273 tuum.
1481 5220 1668 5272 Iratus
1702 5217 2115 5289 autemjudex,
2145 5218 2323 5286 jussit

659 5310 930 5361 ventrem
965 5307 1225 5377 amplius
1258 5307 1579 5362 verberari.
1641 5305 1912 5376 Cumque
1973 5305 2179 5361 decem
2235 5297 2320 5361 illi

657 5391 935 5450 homines
961 5392 1074 5447 hoc
1105 5394 1405 5460 fecissent,
1443 5401 1498 5450 et
1528 5395 1740 5450 beatus
1799 5399 2025 5464 martyr
2069 5394 2314 5462 doleret,

655 5495 800 5538 voce
827 5494 1047 5550 magna
1076 5480 1224 5536 dixit
1257 5497 1269 5535 :
1321 5482 1572 5538 Domine
1625 5482 1761 5537 Jesu
1792 5481 2028 5549 Christe,
2091 5483 2317 5555 adjuva

653 5583 894 5654 servum
913 5573 1082 5626 tuum
1105 5567 1403 5626 Acacium.
1428 5568 1546 5626 lloe
1576 5584 1715 5626 cum
1739 5569 1816 5627 ab
1834 5585 1904 5627 eo
1918 5570 2142 5628 dictum
2171 5571 2317 5628 fuis-

2432 4589 2712 4664 »Επιμένεις
2764 4595 2828 4643 σὺ
2874 4589 3171 4663 ἀνθρώπους
3226 4585 3388 4660 μηδὲν
3432 4587 3726 4660 πράξαντας
3773 4564 3968 4665 κακόνῗ

2433 4679 2801 4746 ἀδικήσαντας,
2859 4676 3056 4740 ἀδίκως
3111 4679 3268 4737 οὕτως
3299 4676 3586 4728 ἀναλίσκων
3621 4692 3633 4738 ;
3665 4668 3898 4723 Ἀκούσας
3931 4665 3973 4702 ⁸⁵

2431 4779 2596 4824 ταῦτα
2644 4772 2668 4821 ὁ
2722 4767 3000 4832 δικαστὴς,
3053 4767 3240 4820 κελεύει
3278 4765 3516 4838 μηλείνας
3539 4758 3766 4838 ῥάϐδους
3793 4745 3973 4838 ἐνεχθρῆ-

2431 4881 2514 4912 ναι
2561 4865 2649 4912 καὶ
2691 4862 2825 4911 κατά
2875 4865 2966 4910 τού
3003 4861 3164 4908 νώτου
3210 4860 3298 4907 καὶ
3350 4862 3439 4914 τῆς
3485 4852 3681 4910 κοιλίκς
3730 4832 3975 4897 τύπτεσθαι

2434 4954 2606 5014 αὐτόν,
2662 4947 2998 5018 Ἀλλαγέντων
3058 4942 3117 4996 δὲ
3174 4941 3303 4996 δέκα
3377 4943 3654 5016 ἀνθρώπων
3726 4929 3972 4985 τυπτόντων

2434 5040 2607 5103 αὐτὸν,
2655 5040 2679 5088 ό
2716 5035 2917 5109 μάρτυς
2957 5034 3003 5086 ἐν
3052 5041 3166 5094 ταῖς
3211 5032 3460 5105 βασάνοις
3509 5029 3628 5082 ἐϐόα
3673 5025 3837 5093 λέγων’
3877 5017 3976 5078 ΧΡι·

2436 5131 2545 5194 στὲ,
2604 5125 2787 5198 βοήθει
2833 5144 2921 5197 μοι
2973 5132 3042 5194 τῷ
3083 5131 3302 5192 ταπεινῷ
3351 5119 3520 5192 δούλῳ
3566 5137 3678 5170 σου.
3715 5112 3806 5164 Καὶ
3835 5105 3972 5198 With”

2435 5219 2534 5276 θεὶς
2584 5217 2608 5266 ὁ
2664 5212 2924 5275 δικαστὴς
2978 5213 3169 5264 κελεύει
3217 5213 3350 5263 κατά
3394 5219 3484 5270 τῆς
3512 5207 3701 5262 κοιλίας
3730 5187 3974 5250 τύπτεσθαι

2432 5305 2606 5358 αύτόν.
2653 5303 2914 5374 Ἀλγήσας
2963 5301 3021 5355 δὲ
3066 5304 3090 5353 ὁ
3140 5303 3396 5374 μακάριος
3452 5297 3694 5353 ἀνεϐόησε
3740 5286 3861 5358 φωνῇ
3901 5287 3973 5370 t":

2428 5393 2583 5466 γάλῃ,
2642 5372 2936 5445 καὶ-εἶπεν·
3006 5372 3161 5463 Κύριε
3210 5390 3384 5448 Ἰησοῦ
3440 5387 3652 5461 Χριστε,
3701 5372 3870 5466 βοήθει
3914 5376 3971 5459 Tt?

2429 5478 2596 5554 δούλῳ
2650 5501 2743 5534 σου
2800 5479 3047 5552 Ἀκακίῳ.
3102 5481 3298 5532 Τούτου
3375 5477 3617 5553 ῥηθέντος
3682 5463 3764 5519 ὑπ’
3815 5452 3964 5556 αὐῖ⁰ῗ⁷

2425 5570 2608 5633 εὐθέως
2660 5573 2795 5645 φωνή
2842 5568 2898 5622 ἐκ
2943 5575 3037 5622 τοῦ
3082 5567 3298 5643 ούρανοῦ
3339 5565 3531 5640 ἐγένετο
3575 5563 3790 5636 λέγουσα
3831 5555 3970 5610 αντῳο
