4114 6262
193 300 296 380 23"7

1312 327 1480 383 VITA
1519 325 1576 383 S.
1620 323 1856 383 ACACII
1896 325 2364 388 CAPPADOCIS.

3441 321 3545 395 233

196 455 281 508 Μὴ
335 447 516 522 φοϐοῦ,
571 447 802 515 Ἀκάκιε,
851 445 977 500 ἀλλά
1032 451 1244 524 θάρσει·
1278 456 1334 505 σε
1379 455 1478 524 γὰρ
1531 450 1612 505 δεῖ
1668 453 1793 523 μετὰ

1907 456 2011 515 set,
2038 455 2239 511 statim
2272 472 2390 512 vox
2413 457 2486 512 de
2513 460 2666 512 creto
2687 459 2864 524 venit,
2899 473 2968 513 ac
2997 456 3168 516 dixit:
3206 463 3283 517 Ne
3315 462 3542 530 timeas,

198 546 298 591 τῶν
346 542 577 609 πατέρων
646 555 739 588 σου
819 535 1024 589 ἀπιέναι
1099 544 1188 590 καὶ
1274 540 1619 614 εὐφρανθῆναι
1670 537 1794 605 ὦδε,

200 630 330 680 ὅπου
373 633 461 678 νῦν
505 623 764 696 ὁμολογεῖς
792 628 849 677 τὸ
881 627 1040 696 ὄνομά
1087 647 1207 698 μου.
1243 633 1344 681 Καὶ
1387 633 1656 701 γενομένης
1704 637 1795 690 τῆς

203 723 368 788 φωνῆς
450 716 665 777 ταύτης,
742 715 790 765 οἱ

203 807 428 862 ἔστησαν
482 801 658 872 ἐννεοὶ,
711 806 783 873 μὴ
837 799 1109 876 δυνάμενοι
1169 807 1260 867 τὰς
1323 813 1507 879 χεῖρας
1559 813 1794 869 κινῆσαι,

201 894 331 945 ὥστε
387 891 470 944 ἐπὶ
523 899 676 944 τοῦτο
727 889 1085 966 ἀπορρηθῆναι
1141 898 1226 946 τὸν
1270 895 1525 967 ἄρχοντα,
1572 899 1660 947 καὶ
1711 897 1798 946 θυ-

199 983 439 1052 μωθῆναι
499 976 724 1052 σφόδρα,
785 984 874 1032 καὶ
940 981 1143 1052 πέμψαι
1194 986 1280 1034 τὸν
1337 983 1484 1055 ἅγιον
1555 983 1796 1036 Ἀκάκιον

201 1069 469 1140 Φλακκίνῳ
514 1077 584 1139 τῷ
633 1067 907 1140 ἀνθυπάτῳ
954 1078 1048 1131 τῆς
1089 1071 1344 1144 Εὐρώπης
1388 1075 1517 1144 μετά
1545 1077 1634 1124 καὶ
1677 1072 1797 1124 ἀνα-

203 1163 361 1232 φορᾶς
398 1156 674 1231 γράψαντα
701 1156 883 1220 οὕτως·

882 718 1148 776 τύπτοντες
1221 717 1376 768 αὐτόν
1450 723 1612 792 ναρκή
1623 735 1798 776 σαντες

279 1425 352 1480 K'.
419 1433 502 1496 Τῷ
553 1429 687 1478 κατὰ
739 1428 910 1479 πάντα
957 1428 1376 1499 θαυμασιωτάτῳ
1428 1432 1517 1480 καὶ
1567 1431 1798 1499 μεγίστῳ

203 1514 430 1588 δικαστῇ
479 1515 742 1586 Φλακκίνῳ
794 1515 1070 1587 ἀνθυπάτῳ
1125 1515 1358 1576 Βιϐιανός
1417 1517 1442 1567 6
1515 1513 1797 1587 αὶὸετιμώο

1677 1605 1798 1677 θρη-

207 1698 379 1754 σκείας
448 1702 547 1745 τῶν
598 1701 925 1766 Χριστιανῶν
984 1697 1269 1767 συνήγορον
1347 1693 1640 1764 πεμθφέντα
1709 1713 1798 1765 μοι

202 1625 358 1666 τατος
407 1603 721 1666 καθολικός’
778 1605 1019 1657 Ἀκάκιον
1079 1607 1166 1656 τόν
1217 1613 1312 1665 τῆς
1379 1603 1597 1665 ἀσεϐοῦς

1902 539 2098 607 Aeaci,
2127 544 2230 598 sed
2252 553 2376 600 esto
2404 545 2564 600 bono
2613 544 2814 600 animo
2844 563 2859 616 ;
2894 545 3061 602 decet
3100 549 3258 605 enim
3311 555 3362 606 te
3409 567 3547 606 cum

1904 629 2174 698 patribus
2204 632 2323 686 tuis
2355 647 2506 698 esse,
2541 637 2597 688 et
2614 633 2762 689 coelo
2793 641 3124 691 versantem
3155 638 3455 705 oblectari,
3479 655 3548 695 eo

1905 717 2069 788 quod
2101 735 2262 775 nunc
2287 721 2546 776 nominis
2574 723 2687 776 mei
2732 721 3170 780 confessionem
3202 726 3547 796 proﬁtearis.

1906 803 2053 861 Cum
2085 807 2210 862 haec
2232 825 2347 864 vox
2373 810 2576 866 audita
2604 814 2778 876 esset,
2811 810 3083 867 homines
3101 812 3179 866 illi
3208 814 3311 884 qui
3331 819 3551 886 marty-

1903 909 2029 949 rem
2043 895 2457 966 verberabant,
2478 903 2879 970 torpescentes
2900 903 3186 971 tanquam
3202 901 3348 957 muti
3362 901 3554 958 effecti

1906 987 2064 1051 sunt,
2095 999 2291 1056 neque
2322 1002 2534 1041 manus
2551 987 2715 1058 ipsas
2731 985 2988 1057 amplius
3003 1003 3240 1045 movere
3254 994 3550 1061 poterant,

1905 1070 1987 1127 ita
2011 1076 2075 1127 ut
2116 1072 2300 1143 judex
2340 1075 2466 1146 ipse
2504 1075 2851 1145 ambigeret,
2913 1079 2968 1130 et
3007 1075 3203 1133 furore
3243 1094 3550 1145 accensus,

1905 1165 2177 1216 sanctum
2209 1162 2372 1217 illum
2395 1167 2722 1235 martyrem
2747 1163 3020 1219 Acacium
3047 1165 3124 1220 ad
3148 1165 3378 1236 majora
3399 1166 3555 1238 judi-

1905 1249 2016 1316 cia,
2042 1249 2157 1305 hoc
2195 1255 2303 1317 est,
2346 1251 2424 1306 ad
2466 1252 2806 1308 Flaccinum
2846 1253 3265 1324 proconsulem
3293 1255 3554 1312 Thracias

1906 1338 2177 1402 mitteret,
2206 1340 2308 1411 qui
2331 1340 2750 1396 etrelationem
2789 1341 2964 1397 talem
2996 1341 3073 1397 ad
3104 1357 3241 1398 eum
3272 1344 3506 1416 scripsit
3536 1362 3549 1400 :

1976 1428 2082 1482 XX.
2119 1427 2467 1483 Admirabili
2497 1433 2553 1484 et
2585 1430 2848 1485 maximo
2889 1430 3074 1502 judici
3105 1430 3379 1487 Flaccino
3411 1448 3551 1504 pro-

1907 1515 2156 1582 consuli,
2188 1516 2472 1572 Bibianus
2495 1518 2919 1588 imperatorum
2955 1518 3376 1574 devotissimus
3401 1519 3556 1577 salu-

1907 1609 2022 1659 tem
2069 1623 2079 1660 :
2132 1605 2436 1669 Acacium,
2476 1607 2675 1678 impiae
2733 1605 3206 1662 Christianorum
3257 1609 3556 1680 religionis

1909 1697 2248 1762 patronum,
2282 1709 2316 1749 a
2342 1693 2533 1749 Firmo
2565 1694 2780 1750 Martiae
2811 1693 3060 1764 legionis
3085 1694 3324 1751 tribuno
3354 1697 3432 1751 ad
3461 1713 3555 1753 me

203 1784 349 1855 παρὰ
392 1787 602 1856 Φὴρμου
652 1789 742 1834 τοῦ
788 1781 1081 1856 ταξιάρχου
1147 1789 1246 1833 τῶν
1305 1779 1528 1854 ἀριθμοῦ
1587 1788 1793 1853 Μαρτη-

1910 1779 2394 1854 missum,neque
2408 1782 2697 1838 volentem
2717 1784 2785 1837 iis
2813 1799 3040 1854 parere,
3070 1799 3205 1854 quae
3237 1784 3554 1840 abinvictis

205 1875 332 1923 σίων
389 1877 478 1922 καὶ
524 1875 595 1942 μὴ
653 1869 962 1943 βουλόμενον
1016 1873 1166 1922 εἴκειν
1213 1877 1324 1932 τοίς
1377 1872 1796 1942 προσταχθεῖσίν

202 1961 270 2012 τὰ
333 1961 478 2034 παρά
532 1967 631 2011 τῶν
682 1957 952 2017 ἀηττήτων
1002 1957 1257 2030 βασιλέων
1319 1961 1501 2030 ἡμῶν·
1544 1963 1643 2030 πρὸ
1695 1962 1794 2035 γὰρ

203 2049 395 2100 τούτων
451 2056 550 2099 τῶν
603 2050 768 2100 εἴκοσι
824 2049 1027 2120 ἡμερῶν
1087 2046 1440 2100 ἀποσταλέντα
1525 2043 1800 2118 δεξάμενος

203 2135 360 2188 αὐτὸν
407 2140 493 2188 καὶ
537 2135 798 2208 στιϐαρῶς
827 2141 920 2194 τὴν
965 2136 1081 2188 κατ’
1112 2137 1270 2188 αὐτοῦ
1323 2134 1593 2207 ἀνάκρισιν
1643 2155 1796 2192 ποιη-

203 2225 439 2295 σάμενος,
496 2220 645 2276 οὐδὲν
714 2223 864 2276 πλέον
930 2227 1141 2296 ἶσχυσα
1192 2223 1467 2298 ἐνεργῆσαι
1521 2224 1592 2285 εἰς
1644 2225 1797 2277 αὐτὸν

198 2312 333 2370 πλὴν
377 2317 571 2374 κόπους
611 2317 700 2364 καὶ
745 2314 904 2384 θυμόν
930 2331 940 2340 ·
995 2320 1085 2364 τοῦ
1123 2317 1458 2387 προκειμένου
1495 2317 1594 2387 γὰρ
1639 2313 1798 2366 αὐτοῦ

203 2410 402 2455 σκοποῦ
452 2404 632 2472 ἔχεται
683 2399 952 2472 ἐπιμελῶς.
1007 2401 1149 2454 Ἐπεὶ
1207 2397 1294 2452 οὖν
1353 2402 1500 2453 πλέον
1561 2403 1586 2452 6
1648 2402 1798 2473 φόϐος

201 2495 482 2564 πρόσεστιν
530 2498 591 2562 τῇ
625 2494 846 2563 μεγίστη
899 2508 994 2542 σου
1043 2488 1277 2558 ἐξουσίᾳ,
1318 2497 1498 2541 τοῦτον
1528 2491 1657 2560 μετά
1694 2499 1793 2542 τῶν

199 2581 540 2652 πραχθέντων
612 2579 683 2641 εἰς
742 2577 895 2630 αὐτόν
955 2582 1096 2651 παρά
1173 2587 1235 2650 τῇ
1316 2576 1409 2650 ἐμῇ
1483 2576 1791 2651 βραχύτητι

201 2667 478 2720 ἀπέστειλα
534 2667 618 2720 ἐπὶ
673 2673 766 2726 τὴν
820 2671 1074 2738 μεγίστην
1128 2685 1222 2718 σου
1272 2665 1528 2730 ἐξουσίαν,
1579 2667 1790 2730 αἰκίσας

197 2758 355 2809 αὐτὸν
401 2756 622 2810 πλεῖστα
677 2755 732 2808 ἐκ
777 2764 869 2808 τοῦ
914 2751 1262 2828 δικαστηρίου
1292 2759 1378 2808 καὶ
1423 2756 1587 2817 οὕτως
1629 2775 1793 2829 παρα-

195 2846 411 2918 πέμψας
456 2850 550 2903 τὴν
597 2845 941 2916 λαμπρότητά
992 2863 1086 2895 σου
1116 2859 1128 2870 ·
1164 2844 1326 2903 οὕτως
1369 2847 1504 2896 κατά
1551 2848 1642 2901 τὴν
1694 2853 1792 2895 τῶν

199 2933 494 3005 βασιλικῶν
532 2935 948 3005 προσταγμάτων
981 2927 1216 2992 διάταξιν
1263 2931 1474 3004 πράξεις
1518 2931 1588 2992 εἰς
1617 2931 1793 2985 αὐτόν.

1907 1869 2368 1940 imperatoribus
2394 1870 2609 1926 nostris
2660 1876 2952 1942 praecepta
2986 1876 3143 1936 sunt,
3173 1888 3309 1927 cum
3349 1873 3556 1943 viginti

1908 1957 2119 2013 diebus
2133 1964 2266 2014 ante
2281 1958 2358 2014 ad
2387 1975 2479 2014 me
2511 1960 2760 2014 missum
2779 1960 3133 2031 acceperim,
3162 1965 3217 2015 et
3243 1961 3558 2017 vehemen-

1893 2051 1992 2108 ter
2039 2046 2111 2102 de
2157 2047 2288 2118 ipso
2339 2048 2770 2118 inquisiverim,
2806 2049 2948 2104 nihil
3001 2049 3259 2120 amplius
3289 2049 3554 2122 profeci:

1907 2135 2360 2208 propositienim
2383 2137 2475 2191 sui
2493 2141 2666 2192 tenax
2686 2142 2793 2193 est.
2811 2138 3104 2203 Quoniam
3136 2154 3272 2193 vero
3292 2143 3554 2209 potestas

1909 2229 2010 2281 tua
2033 2224 2166 2296 plus
2188 2225 2410 2280 timoris
2441 2224 2649 2280 aﬂ'erre
2668 2230 2880 2297 potest,
2904 2230 3220 2298 propterea
3247 2227 3554 2283 hominem

1907 2313 2063 2368 hunc
2089 2327 2225 2367 cum
2259 2312 2426 2379 actis,
2450 2328 2585 2384 quae
2616 2313 2691 2368 de
2720 2313 2818 2369 ilio
2850 2329 2885 2369 a
2917 2331 3010 2370 me
3042 2315 3372 2386 composita
3395 2319 3553 2382 sunt,

1907 2417 2044 2457 cum
2088 2405 2143 2457 te
2182 2401 2748 2472 praestantissimum
2780 2403 2966 2458 virum
3002 2419 3128 2458 esse
3157 2404 3366 2469 sciam,
3400 2403 3477 2460 ad
3505 2409 3557 2459 te

1905 2490 2059 2544 misi.
2089 2489 2234 2544 Cum
2266 2489 2442 2558 igitur
2472 2489 2780 2545 Flaccinus
2809 2489 2920 2545 has
2949 2490 3172 2546 litteras
3205 2492 3552 2563 accepisset,

1894 2577 2076 2650 jussit
2090 2583 2408 2649 martyrem
2424 2580 2483 2633 in
2497 2594 2730 2634 carcere
2745 2579 2985 2650 quidem
3005 2579 3303 2644 concludi,
3321 2580 3427 2635 sed
3441 2596 3558 2636 ser-

1900 2667 2024 2723 vari
2051 2671 2249 2722 tamen
2265 2665 2389 2721 sine
2402 2666 2668 2730 vinculis,
2712 2674 2766 2722 et
2790 2671 3017 2724 remota
3029 2667 3296 2724 custodia
3316 2667 3415 2725 illa
3436 2673 3559 2725 tam

1903 2755 2106 2811 atroci.
2141 2757 2392 2810 Uxorem
2424 2755 2581 2810 enim
2617 2754 3008 2811 Christianam
3041 2755 3351 2812 Flaccinus
3377 2756 3558 2813 habe-

1905 2843 2026 2909 bat,
2064 2860 2099 2898 a
2128 2858 2250 2915 qua
2277 2847 2541 2912 rogatus,
2593 2847 2647 2898 et
2671 2842 3064 2914 jurejurando
3093 2843 3243 2899 clam
3285 2845 3557 2901 astrictus

1907 2931 2116 2997 fuerat,
2138 2937 2198 2986 ut
2222 2931 2325 3002 qui
2349 2937 2589 3004 propter
2617 2931 2807 2988 Chrsti
2825 2932 3007 2988 ﬁdem
3038 2932 3116 2989 ab
3144 2934 3276 3004 ipso
3298 2933 3556 3005 inquire-

196 3021 457 3096 Ἐῥρωσο.
519 3019 794 3092 Δεξάμενος
851 3015 910 3070 δε
961 3019 985 3070 6
1039 3017 1316 3079 Φλακκίνος
1373 3020 1439 3069 τά
1509 3019 1793 3090 γράμματα

1907 3019 2145 3085 bantur,
2194 3034 2314 3074 non
2345 3019 2471 3085 diu,
2522 3035 2716 3091 neque
2775 3020 3028 3076 multum
3075 3021 3153 3078 ab
3211 3035 3280 3077 eo
3333 3023 3557 3080 crucia-

195 3119 289 3164 τοῦ
379 3109 640 3176 Βιϐιανοῦ,
726 3107 980 3159 ἐκέλευσεν
1053 3106 1416 3178 ἐγκλεισθῆναι
1483 3110 1571 3158 τὸν
1651 3107 1798 3178 ἅγιον

1909 3113 2130 3162 rentur.

195 3203 445 3274 μάρτυρα
498 3197 737 3249 Ἀκάκιον
789 3197 908 3248 ἄνευ
963 3191 1170 3265 δεσμῶν
1223 3193 1271 3246 ἐν
1319 3202 1381 3266 τῇ
1443 3194 1666 3267 φυλακῇ.
1701 3201 1928 3248 Γυναῖκα
1973 3197 2074 3268 γάρ
2115 3191 2253 3266 εἶχεν
2297 3194 2648 3260 ὁρλακκίνος
2698 3200 3041 3267 Χριστιανὴν,
3075 3201 3163 3249 καὶ
3209 3194 3269 3255 ἧν
3321 3197 3556 3262 ἀξιωθεὶς

195 3293 288 3341 καὶ
342 3288 604 3360 όρκισθεὶς
655 3286 822 3357 λάθρα
871 3284 996 3359 παρ’
1053 3283 1235 3349 αὐτῆς,
1287 3285 1420 3335 ὥστε
1472 3279 1566 3335 διὰ
1602 3287 1688 3335 τὸν
1735 3284 1885 3356 λόγον
1931 3291 2022 3336 τοῦ
2070 3289 2304 3357 Χριστοῦ
2360 3282 2482 3358 παρ’
2527 3283 2685 3335 αὐτοῦ
2738 3283 3130 3357 ἐξεταζομένους
3180 3290 3248 3357 μὴ
3302 3286 3384 3339 ἐπὶ
3429 3288 3555 3340 πολὺ

197 3378 544 3450 τιμωρεῖσθαι
573 3372 696 3447 παρ’
729 3373 904 3427 αὐτοῦ.

276 3461 396 3519 KA'.
438 3466 582 3517 Μετά
641 3458 728 3515 οὖν
783 3461 938 3523 ἀλλας
987 3464 1133 3513 πέντε
1161 3463 1356 3533 ἡμέρας
1401 3461 1730 3535 προκαθίσας
1769 3462 1794 3513 6

202 3553 490 3614 ἀνθύπατος
563 3551 838 3610 Φλακκῖνος
914 3548 996 3603 ἐπὶ
1078 3557 1170 3602 τοῦ
1225 3547 1482 3621 βήματος,
1539 3550 1793 3602 ἐκελευσεν

200 3643 474 3715 ἐνεχθῆναι
530 3645 616 3694 τόν
671 3642 930 3713 μάρτυρα.
971 3646 1072 3691 Τοῦ
1132 3635 1190 3690 δὲ
1240 3637 1487 3705 ἐλθόντος,
1541 3642 1789 3710 προσέτα-

202 3732 280 3794 ξεν
325 3730 720 3802 ἀναγνωσθῆναι
793 3731 858 3779 τὰ
926 3727 1002 3779 ἐπ’
1058 3727 1197 3796 αὐτῷ
1253 3730 1587 3799 πεπραγμένα
1649 3729 1793 3800 παρὰ

202 3819 465 3882 Βιϐιανοῦ,
523 3821 612 3869 καὶ
673 3815 1101 3888 ἀναγνωσθέντων
1151 3815 1339 3879 αὐτῶν,
1397 3817 1461 3874 ὡς
1513 3817 1791 3885 κατέμαθεν

203 3910 229 3960 6
275 3905 532 3967 δικαστὴς
581 3910 668 3964 τὴν
720 3905 1008 3978 αὐστηρίαν
1057 3912 1150 3965 τῆς
1200 3901 1276 3954 ἐπ’
1317 3902 1455 3974 αὐτῷ
1499 3901 1786 3966 ἐξετάσεως,

201 4002 295 4056 την
342 4016 396 4049 τε
442 3998 679 4048 ἔνστασιν
727 3999 816 4046 καὶ
863 3991 1040 4052 ἀκλινῆ
1091 3991 1365 4063 ὁμολογίαν
1396 3998 1486 4043 τοῦ
1529 3994 1791 4067 μάρτυρος

199 4089 290 4138 καὶ
341 4093 440 4136 τῶν
491 4083 567 4136 ἔπ’
617 4082 755 4153 αὐτῷ
786 4085 1068 4153 γεγονότων
1125 4077 1434 4153 παραδόξων
1494 4081 1787 4150 θαυμάτων,

199 4176 563 4246 αἰτιασάμενος
631 4175 718 4225 τόν
801 4169 1038 4223 Βιϐιανόν
1094 4172 1162 4232 ὡς
1224 4174 1294 4240 μὴ
1374 4171 1585 4240 τάχειον
1640 4169 1792 4221 αὐτὸν

198 4263 454 4328 ἀνελόντα,
509 4260 618 4314 ἀλλ’
683 4261 754 4322 εἰς
805 4261 1066 4317 τοσαύτην
1138 4256 1402 4329 ἀκρίϐειαν
1462 4261 1551 4308 καὶ
1609 4256 1792 4327 ἐπερώ-

197 4371 352 4412 τησιν
401 4355 528 4426 πρὸς
576 4351 843 4422 ἄνθρωπον
877 4353 1200 4420 στρατιώτην
1252 4364 1590 4410 πεποιηκότα,
1625 4363 1792 4419 προσ-

1980 3461 2112 3516 XXI.
2154 3460 2335 3515 Jussit
2387 3460 2565 3530 igitur
2607 3460 2908 3516 Flaccinus
2943 3464 3075 3532 post
3122 3461 3388 3534 quinque
3425 3462 3555 3518 dies

1903 3550 2183 3604 Acacium
2203 3553 2525 3620 martyrem
2549 3549 2625 3603 ad
2650 3565 2712 3604 se
2743 3549 2899 3615 duci,
2925 3557 2982 3604 et
3005 3549 3131 3619 ejus
3147 3556 3278 3606 acta
3299 3552 3552 3616 recitari,

1902 3653 2035 3708 quas
2070 3636 2348 3692 Bibianus
2377 3636 2728 3692 confecerat.
2778 3637 3002 3701 Quibus
3044 3639 3316 3707 recitatis,
3363 3640 3555 3711 inqui-

1903 3725 2146 3791 sitionis,
2178 3741 2313 3796 quae
2344 3741 2378 3779 a
2411 3724 2654 3780 Bibiano
2694 3724 2850 3781 facta
2880 3724 3090 3790 fuerat,
3143 3726 3552 3783 austeritatem

1900 3813 2242 3884 etmartyris
2255 3813 2580 3868 constantia
2593 3829 2673 3878 m,
2689 3811 3080 3884 stabilemque
3094 3813 3550 3884 confessionem,

1900 3908 1955 3957 et
1978 3900 2261 3956 miracula
2280 3915 2384 3972 per
2404 3900 2602 3971 ipsum
2626 3899 2782 3956 facta
2797 3901 3092 3970 cognovit,
3115 3901 3552 3975 Bibianumque

1900 3990 2222 4054 accusavit,
2270 3987 2435 4060 quod
2488 4003 2608 4042 non
2655 3987 2920 4043 celeriter
2966 4004 3104 4043 eum
3157 3989 3547 4058 interfecerat,

1902 4077 2007 4132 sed
2040 4083 2160 4132 tam
2186 4076 2475 4146 exquisite
2498 4075 2788 4131 adversus
2813 4075 3126 4131 militarem
3155 4077 3460 4134 hominem
3489 4095 3552 4134 se

1901 4171 2158 4234 gesserat
2193 4178 2206 4227 ;
2233 4163 2523 4232 jussitque
2555 4163 2834 4234 martyris
2885 4167 3068 4234 caput
3113 4163 3384 4220 abscindi
3415 4173 3549 4222 ante

1903 4252 2111 4306 urbem
2151 4248 2516 4319 Byzantium,
2542 4248 2623 4304 ita
2661 4250 3094 4320 pronuntians:
3128 4251 3407 4308 Acacium
3439 4256 3550 4310 Ga-

1901 4338 2191 4394 lilaeorum
2231 4336 2590 4407 adjutorem,
2639 4341 2696 4391 et
2742 4339 3088 4392 nostrorum
3114 4337 3542 4410 imperatorum

196 4441 343 4504 ἔταξε
395 4440 526 4512 ξίφει
585 4437 950 4509 ἀποτμηθῆναι
991 4439 1084 4492 τὴν
1127 4432 1350 4504 κεφαλὴν
1392 4439 1482 4483 τοῦ
1529 4435 1787 4506 μάρτυρος

1907 4426 2138 4499 lropteis
2169 4424 2492 4494 insignium
2522 4424 2906 4494 desertorem,
2939 4424 3042 4496 qui
3079 4442 3324 4498 operam
3365 4428 3545 4496 dedit,

194 4532 298 4602 πρὸ
350 4536 445 4590 τῆς
508 4526 702 4587 πόλεως
755 4524 1060 4586 Βυζαντίου,
1113 4521 1266 4573 εἰπών
1319 4537 1329 4548 ·
1387 4519 1647 4586 Ἀκάκιον,
1703 4523 1786 4571 τὸν

196 4627 298 4670 τῶν
367 4615 647 4668 Γαλιλαίων
721 4615 1002 4684 σύμμαχον
1056 4615 1145 4662 καὶ
1205 4609 1660 4666 λιποτακτήσαντα
1721 4616 1782 4680 τῇ

198 4709 490 4778 συμμαχίᾳ
544 4711 642 4755 τῶν
717 4702 1080 4776 τροπαιούχων
1154 4698 1546 4773 αὐτοκρατόρων
1619 4699 1783 4768 ἡμῶν,

197 4796 298 4870 βίᾳ
327 4797 486 4866 ταύτῃ
539 4791 724 4864 μᾶλλον
768 4791 1112 4862 αἱρησάμενον
1154 4791 1210 4840 τὸ
1257 4787 1394 4847 τέλος
1440 4785 1601 4838 αὐτοῦ
1653 4787 1781 4836 θᾶτ-

1897 4521 1959 4571 ut
1973 4513 2423 4587 quamprimum
2442 4511 2576 4567 vitae
2598 4528 2719 4567 suas
2737 4511 2920 4568 ﬁnem
2936 4512 3117 4569 talem
3137 4514 3375 4582 videret,
3401 4517 3554 4586 sicut

1894 4601 2253 4678 quaestiones
2275 4600 2348 4655 de
2380 4615 2450 4655 eo
2480 4599 2652 4655 factas
2670 4601 3003 4657 docuerunt
3031 4603 3238 4667 :hunc,
3275 4605 3545 4675 inquam,

1893 4690 2445 4760 hominemlegibus
2461 4704 2578 4744 non
2595 4689 2990 4756 obedientem,
3010 4690 3268 4748 tribunal
3289 4699 3549 4749 nostrum

1892 4781 2062 4852 jubet
2089 4779 2288 4851 gladio
2328 4777 2575 4850 percuti,
2608 4782 2665 4832 et
2697 4777 2887 4849 capite
2918 4778 3160 4849 privari.

191 4863 285 4937 τον
317 4863 473 4945 ἰδεῖν,
499 4863 567 4942 ὡς
597 4881 626 4937 ἡ
661 4878 772 4931 κατ’
806 4878 958 4930 αὐτὸν
990 4876 1218 4940 ἐξέτασις
1243 4884 1340 4929 τῶν
1374 4874 1629 4947 στρέϐλων
1656 4869 1914 4936 ἐδίδαξεν,
1946 4876 2126 4921 τοῦτον
2156 4867 2346 4920 κελεύει
2373 4869 2428 4918 τὸ
2457 4863 2800 4940 δικαστήριον
2822 4873 2926 4926 τοῖς
2950 4878 3127 4939 νόμοις
3150 4871 3221 4940 μὴ
3252 4870 3550 4942 πειθόμενον

195 4974 335 5046 ξίφει
366 4976 460 5029 την
493 4969 713 5036 κεφαλὴν
743 4967 1085 5026 ἀποκοπῆναι.

272 5057 386 5113 1(Βῖ
425 5056 508 5118 Ὠς
563 5053 621 5109 δὲ
676 5059 802 5127 ἔγνω
853 5056 878 5107 6
926 5057 1176 5128 μακάριος
1219 5063 1312 5115 τῆς
1367 5053 1598 5113 κλήσεως
1636 5051 1794 5103 αὐτοῦ

191 5149 540 5220 τελειουμενο)
648 5148 706 5196 τὸ
783 5146 945 5217 ἔργον,
1029 5142 1413 5215 βραϐεύσαντος
1488 5140 1627 5210 αὐτῷ
1708 5145 1795 5191 τοῦ

197 5240 492 5309 Πνεῦματος
539 5241 632 5286 τοῦ
692 5233 866 5305 ἁγίου,
926 5231 1196 5290 ἀνεϐόησεν
1247 5235 1334 5282 καὶ
1381 5225 1548 5282 εἶπεν·
1578 5227 1648 5280 ’Ὠ
1703 5232 1793 5280 πό-

197 5345 311 5385 σοις
360 5328 611 5396 στόμασι,
661 5324 875 5394 Χριστὲ,
933 5319 1198 5390 εὐλογήσω
1241 5337 1316 5383 σε,
1378 5317 1518 5378 ζωῆς
1565 5314 1792 5388 ἀρχηγε,

194 5418 284 5469 Υἱὲ
333 5421 422 5466 τοῦ
481 5418 615 5465 Θεοῦ
672 5417 762 5464 τοῦ
818 5410 1029 5477 ζῶντος,
1075 5409 1155 5459 ὅτι
1209 5407 1371 5467 οὕτως
1432 5404 1652 5476 ἐλεήμων
1707 5407 1796 5455 καὶ

683 5497 752 5520 ξίν
797 5501 869 5520 1η*

199 5503 536 5577 μακρόθυμος
587 5495 635 5552 εἶ
673 5497 752 5551 ἐπ’
795 5501 903 5572 ἐμὲ,
947 5500 1034 5549 τόν
1081 5494 1404 5569 ἁμαρτωλὸν,
1457 5494 1522 5554 εἰς
1567 5499 1795 5544 τοιοῦτον

197 5591 390 5673 κλῆρον
437 5588 768 5654 καταξιώσας
817 5605 898 5665 με.
953 5589 1055 5640 Καὶ
1102 5583 1363 5660 ἀπαχθεὶς
1414 5581 1509 5646 ἔξω
1563 5588 1654 5644 τῆς
1700 5583 1799 5635 πό-

1970 5046 2125 5102 ΧΧΙΙ.
2170 5046 2381 5100 Postea
2415 5060 2576 5113 vero,
2606 5061 2789 5117 quam
2836 5044 3045 5098 beatus
3088 5044 3332 5099 Aeacius
3373 5063 3549 5104 voca-

1899 5136 2077 5192 tionis
2110 5151 2232 5190 suaa
2262 5150 2414 5205 opus
2461 5134 2712 5205 jamjam
2757 5132 3184 5204 perﬁciendum
3245 5137 3541 5203 cognovit,

1902 5225 2119 5296 Spiritu
2170 5228 2376 5278 sancto
2429 5223 2511 5277 ita
2561 5222 2933 5285 decernente,
2987 5220 3255 5285 clamans
3303 5223 3386 5278 sic
3416 5225 3545 5279 ait:

1900 5315 2091 5378 Quam
2133 5311 2334 5366 multis
2379 5310 2597 5379 linguis
2651 5314 2706 5364 te
2735 5307 2979 5363 laudare
3010 5309 3242 5376 vellem,
3299 5311 3548 5374 Christe,

1901 5401 2028 5456 Dux
2077 5401 2230 5464 vitae,
2285 5403 2344 5454 et
2389 5398 2490 5452 Fili
2521 5397 2641 5463 Dei,
2688 5397 2972 5468 quoniam
2999 5397 3083 5452 ita
3135 5398 3468 5455 misericors
3499 5405 3552 5456 et

1899 5489 2198 5560 benignus
2224 5503 2286 5543 es
2334 5486 2395 5541 in
2423 5501 2516 5541 me
2564 5485 2818 5558 peccatis
2848 5485 3203 5553 obnoxium,
3231 5487 3334 5558 qui
3364 5493 3417 5542 et
3447 5487 3547 5541 tali

1902 5582 2061 5635 sorte
2105 5591 2200 5633 me
2247 5575 2528 5650 dignatus
2578 5573 2758 5631 fuisti.
2791 5575 3058 5650 Cumque
3098 5579 3314 5632 ductus
3346 5574 3555 5639 fuisset
