4114 6262
615 348 721 424 239

2006 352 2266 411 MENSIS
2309 344 2565 409 MAIUS.

3910 344 4032 401 240

622 498 785 548 extra
813 490 1020 546 urbem
1055 487 1397 561 Byzantium
1432 484 1488 538 in
1534 468 1731 538 locum
1766 481 1866 536 ubi
1920 483 2257 551 martyrium

2384 477 2522 537 λεως,
2561 475 2633 534 εἰς
2685 476 2769 524 τὸν
2818 492 2972 523 τοπον
3023 472 3081 523 οὗ
3138 470 3321 543 ἤμελλε
3371 469 3717 532 τελειοῦσθαι,
3767 468 4027 532 ἀξιώσας

614 580 962 638 obeundum
994 578 1070 633 illi
1091 582 1237 642 erat,
1265 573 1497 644 rogavit
1527 570 1859 634 carniﬁces,
1882 576 1943 623 ut
1974 570 2274 640 paulisper

614 671 714 725 Dei
731 668 942 725 orandi
958 666 1299 722 facultatem
1322 663 1373 717 ei
1390 660 1806 716 concederent.
1828 660 2033 729 Itaque
2065 656 2271 727 positis

612 760 676 816 in
706 761 857 813 terra
880 755 1156 825 genibus,
1174 752 1285 807 has
1311 764 1516 823 preces
1547 747 1625 803 ad
1646 750 1827 801 Deum
1860 748 2017 801 misit
2041 763 2053 797 :
2075 743 2271 800 Gloria

612 844 720 900 tibi
740 847 912 908 Deus,
946 848 1003 899 et
1026 844 1335 898 immensae
1362 845 1478 893 tua:
1510 835 1963 906 magniﬁcentiae
1991 832 2273 889 convenit

610 932 896 998 laudatio,
930 932 1032 1004 qui
1074 932 1156 985 sic
1209 929 1541 998 gloriosum
1572 926 1632 980 in
1672 923 1848 979 nobis
1888 927 2269 994 peccatorum

611 1036 792 1077 onere
815 1018 1075 1090 gravatis
1098 1024 1150 1072 te
1167 1014 1455 1072 ostendis.
1487 1016 1615 1079 Quo
1642 1012 1800 1068 enim
1832 1011 2065 1081 majora
2094 1012 2270 1065 bene-

608 1109 745 1165 ﬁcia
762 1108 935 1164 nobis
952 1106 1205 1176 largiris,
1228 1109 1284 1160 et
1303 1119 1425 1175 quo
1448 1104 1639 1170 magis
1657 1099 1998 1172 iniquitates
2033 1104 2268 1153 nostras

607 1198 875 1265 remittis,
918 1211 988 1252 eo
1031 1192 1436 1250 abundantius
1474 1189 1859 1259 benignitatis
1914 1193 2031 1242 tuae
2079 1187 2265 1257 gloria

605 1285 846 1341 relucet.
873 1282 1248 1339 Benedictum
1269 1282 1342 1335 sit
1373 1294 1588 1334 nomen
1615 1277 1964 1347 gloriaetuaa.
1986 1277 2147 1348 quod
2180 1277 2263 1331 ita

608 1372 948 1429 faciendum
972 1371 1259 1443 probasti,
1284 1368 1417 1423 utin
1433 1365 1576 1421 Filio
1598 1371 1701 1421 tuo
1722 1365 2026 1434 unigenito
2047 1370 2104 1419 et
2133 1363 2251 1433 Spi-

606 1461 723 1517 ritu
754 1460 1280 1516 sanctohominem
1311 1457 1507 1528 ipsum
1532 1457 1877 1518 honorares,
1913 1461 2137 1508 etnunc
2165 1469 2259 1509 me

606 1550 784 1604 tantis
814 1547 1118 1603 beneﬁciis
1148 1546 1462 1615 indignum
1488 1542 2067 1615 propterbonitatem
2092 1547 2254 1597 tuam

604 1638 683 1693 ad
710 1638 887 1693 talem
919 1636 1171 1708 gloriam
1190 1635 1467 1695 invitasti,
1488 1648 1606 1687 non
1634 1638 1874 1703 propter
1891 1647 2025 1685 mea
2052 1647 2255 1701 opera.

604 1725 895 1780 Benedico
925 1725 1102 1794 igitur
1132 1723 1258 1787 tibi,
1294 1722 1540 1778 Domine
1593 1723 1742 1775 Deus
1774 1727 2015 1774 sanctus
2054 1719 2253 1785 Israel,

2382 569 2503 625 τοὺς
2557 561 2802 634 δημίους,
2858 563 2991 612 ὥστε
3041 559 3391 634 ἐπιτραπῆναι
3429 562 3569 628 αὐτῷ
3625 561 3800 633 ῥοπὴν
3868 564 4023 631 ὧρας

2381 654 2650 717 εὔξασθαι,
2704 653 2804 709 θεὶς
2847 651 2913 700 τὰ
2959 656 3153 719 γόνατα
3202 649 3362 700 αὐτοῦ
3414 648 3605 709 ηὔξατο
3637 647 3821 718 λέγων’
3869 650 4019 711 Δοξα

2383 761 2485 807 σοι,
2516 743 2541 793 ὁ
2592 744 2735 805 Θεὸς,
2784 743 2873 790 xui
2923 746 2982 810 τῇ
3035 738 3448 810 μεγαλοπρεπείᾳ
3503 755 3596 788 σου
3643 744 3705 806 τῇ
3772 734 4017 810 ἀνυπερ-

2381 831 2549 901 ϐλήτῳ
2592 834 2773 903 πρέπει
2820 831 3015 888 αἵνεσις
3058 835 3130 897 τῷ
3176 828 3310 879 οὕτω
3355 823 3741 896 ἐνδοξαξομένῳ
3785 828 3835 876 ἓν
3894 835 4013 887 τοῖς

2379 918 2702 993 ἁμαρτωλοῖς
2758 918 2919 986 ἡμῖν·
2958 917 3064 986 ὅσῳ
3121 917 3219 988 ’γὰρ
3278 917 3402 987 ἡμῖν
3458 914 3663 987 χαρίζῃ
3713 919 3813 965 καὶ
3863 934 4009 988 παρ·

2378 1015 2500 1080 ορᾷς
2552 1010 2640 1066 τὰς
2693 1004 2907 1076 ἀνομίας
2964 1006 3130 1075 ἡμῶν,
3175 1012 3420 1057 τοσοῦτον
3469 1003 3657 1075 μᾶλλον
3708 1002 4005 1065 πλεονάζει

2375 1098 2404 1154 ἠ
2441 1093 2572 1158 δόξα
2611 1102 2706 1156 τῆς
2745 1093 3067 1164 ἀγαθότητός
3104 1112 3218 1147 σου.
3257 1093 3544 1163 Εὔλογητόν
3592 1096 3649 1143 τὸ
3694 1096 3875 1162 ὄνομα
3909 1103 4007 1154 τῆς

2375 1180 2554 1250 δόξης,
2592 1203 2685 1235 σου
2731 1185 2905 1256 Κύριε,
2941 1186 3020 1233 ὅτι
3072 1182 3230 1241 οὕτως
3277 1178 3571 1241 εὐδόκησας
3612 1180 3664 1232 ἐν
3710 1189 3793 1249 τῷ
3836 1201 4001 1252 μονο-

2370 1281 2504 1344 γενεί
2553 1292 2646 1325 σου
2678 1274 2800 1341 Υἰῷ,
2861 1276 2943 1322 xui
2999 1278 3069 1340 τῷ
3118 1275 3282 1343 [Ιατρὶ
3335 1290 3428 1322 σου
3464 1278 3538 1339 τῷ
3570 1271 3729 1340 ἁγίῳ,
3768 1277 3868 1322 xui
3924 1280 3999 1339 τῷ

2371 1364 2607 1432 ζωοποιῷ
2664 1363 2924 1431 Πνεύματι
2979 1368 3202 1431 τιμῆσαι
3253 1364 3338 1411 τὸν
3414 1360 3703 1431 ἄνθρωπον,
3761 1359 3820 1410 ὃν
3874 1363 3998 1412 κατ’

2368 1452 2539 1503 εἰκόνα
2584 1456 2679 1509 σὴν
2726 1455 2816 1501 xui
2869 1451 3118 1521 ὁμοίωσιν
3174 1448 3423 1511 ἔπλασας,
3474 1454 3560 1500 καὶ
3607 1456 3697 1498 νυν
3744 1468 3834 1519 με,
3902 1456 3995 1502 Δέ-

2370 1559 2538 1591 σποτα
2582 1539 2756 1610 ἀγαθὲ,
2820 1537 3023 1599 ἀνάξιον
3075 1542 3195 1589 ὄντα
3243 1542 3332 1589 καὶ
3377 1540 3631 1601 ταπεινὸν,
3686 1538 3756 1597 εἰς
3804 1542 3992 1589 τοιαύ-

2366 1648 2459 1686 την
2493 1626 2651 1691 δόξαν
2680 1633 2767 1680 καὶ
2804 1630 2979 1699 χαρὰν
3019 1631 3211 1698 ἤγαγες
3256 1624 3351 1679 διὰ
3394 1633 3483 1685 τὴν
3532 1632 3629 1684 σὴν
3664 1627 3991 1697 ἁγαθοτπτα

2364 1723 2452 1769 καὶ
2504 1720 2848 1790 συμπάθειαν,
2882 1717 2941 1768 οὐ
2983 1713 3077 1768 διὰ
3123 1720 3188 1767 τὰ
3231 1715 3328 1787 ἐμὰ
3372 1720 3496 1790 ἔργα
3541 1721 3628 1768 xui
3682 1721 3807 1777 τοὺς
3840 1717 3990 1788 ἆοχώ-

602 1829 737 1870 cum
774 1814 1073 1883 unigenito
1099 1812 1243 1868 Filio
1268 1817 1387 1876 tuo,
1418 1814 1690 1866 etsancto
1709 1807 2253 1879 Spiritu,quoniam

2367 1829 2469 1869 νας.
2534 1813 2627 1867 Δὸς
2683 1803 2769 1858 οὖν
2828 1805 2962 1865 ἔλεος
3014 1810 3102 1857 xui
3149 1807 3339 1876 μισθὸν
3392 1812 3498 1867 τοῖς
3548 1804 3987 1877 ἐπικαλουμένοις

600 1905 704 1957 tua
724 1907 811 1957 est
858 1902 1065 1971 gloria,
1102 1906 1234 1956 tuus
1270 1900 1481 1962 honor,
1514 1913 1674 1953 nunc
1699 1902 1755 1953 et
1801 1912 2057 1969 semper,
2094 1901 2150 1952 et
2193 1896 2251 1953 in

602 1991 828 2047 Saecula
840 1990 1221 2045 saeculorum.
1236 1991 1443 2043 Amen.
1470 1989 1601 2042 Haec
1616 2002 1751 2041 cum
1771 1986 2033 2049 dixisset,
2053 1986 2252 2055 gladio

596 2092 920 2149 percussus
946 2078 1072 2143 fuit,
1107 2081 1165 2134 et
1194 2078 1384 2149 capite
1424 2080 1753 2131 truncatus.
1794 2076 2000 2146 Itaque
2034 2080 2252 2147 marty-

595 2166 753 2221 rium
802 2165 1045 2237 perfecit
1083 2171 1324 2220 sanctus
1368 2162 1617 2218 Aeacius
1647 2168 1858 2217 octavo
1898 2162 1991 2216 die
2024 2163 2249 2218 mensis

597 2254 750 2320 Maii,
765 2253 1123 2325 imperatore
1136 2252 1512 2310 Maximiano.
1538 2251 1673 2322 Ejus
1688 2257 1885 2305 autem
1910 2266 2127 2322 corpus
2142 2252 2249 2307 viri

594 2341 677 2414 pii
692 2358 761 2397 ac
778 2342 1031 2411 religiosi
1047 2341 1432 2414 collegerunt,
1461 2339 1691 2395 etomni
1710 2339 1907 2394 studio
1923 2355 1990 2393 ac
2004 2338 2245 2409 diligen-

594 2430 676 2486 tia
706 2430 883 2485 funus
905 2430 1097 2502 ipsius
1121 2434 1478 2486 curaverunt
1502 2444 1573 2484 eo
1594 2428 1653 2481 in
1680 2427 1831 2493 loco,
1856 2426 1960 2498 qui
1977 2428 2245 2483 Staurius

594 2518 1285 2590 appellatur,imperante
1296 2517 1650 2574 Maximiano
1666 2522 1942 2587 tyranno,
1960 2522 2245 2586 regnante

592 2612 795 2663 autem
831 2622 1011 2677 super
1038 2621 1148 2661 nos
1179 2605 1429 2660 Domino
1457 2609 1665 2659 nostro
1686 2606 1818 2658 Jesu
1848 2605 2079 2657 Christo
2108 2621 2119 2657 :
2151 2605 2243 2659 cui

590 2693 777 2764 gloria
808 2693 877 2747 sit
904 2697 962 2748 et
988 2691 1303 2764 imperium
1326 2692 1385 2746 in
1403 2692 1624 2747 saecula
1645 2691 2022 2748 saeculorum.
2048 2695 2243 2748 Amen

2362 1901 2419 1949 τὸ
2470 1899 2625 1968 ὄνομά
2667 1914 2780 1959 σου,
2817 1898 2989 1968 Κύριε,
3033 1898 3122 1945 xui
3172 1901 3280 1955 τοῖς
3327 1903 3518 1965 τιμῶσι
3562 1900 3652 1947 καὶ
3699 1902 3981 1967 μεμνημέ-

2360 2006 2467 2048 νοις
2510 1993 2600 2045 τῆς
2641 1988 2928 2058 μαρτυρίας
2978 1985 3121 2055 ἡμῶν
3180 1985 3369 2055 μισθὸν
3427 1982 3661 2055 οὐράνιον
3714 1982 3983 2057 δωρῆσαι

2359 2080 2447 2127 καὶ
2505 2077 2682 2145 ἄφεσιν
2743 2073 3029 2144 ἁμαρτιῶν,
3089 2079 3177 2123 νῦν
3229 2090 3282 2124 τε
3332 2076 3420 2123 xui
3478 2070 3525 2122 ἐν
3577 2078 3649 2141 τῷ
3704 2073 3975 2142 μέλλοντι,

2358 2169 2446 2215 καὶ
2503 2166 2567 2214 τὰ
2630 2168 2841 2233 ταμιεῖα
2916 2161 3082 2211 αὐτῶν
3160 2159 3422 2231 ἔμπλησον
3489 2163 3684 2221 παντὸς
3737 2159 3969 2231 ἀγαθοῦ-

2356 2250 2644 2324 πρόσδεξαι
2701 2247 2777 2315 δὲ,
2830 2252 2988 2322 Κύριε
3044 2249 3221 2305 Ἰησοῦ
3278 2252 3493 2323 Χριστε,
3550 2253 3639 2300 xui
3700 2254 3804 2307 τὴν
3853 2250 3967 2322 ἐμὴν

2354 2342 2538 2413 ψυχὴν
2592 2345 2679 2391 xui
2730 2340 3225 2411 συγκαταρίθμησον
3268 2357 3331 2409 με
3372 2340 3501 2409 μετά
3555 2346 3655 2388 τῶν
3713 2337 3955 2392 Erulum}.

2357 2448 2451 2482 σου
2502 2428 2548 2479 ἐν
2588 2436 2649 2500 τῇ
2700 2427 2987 2479 ἀναστάσει
3037 2435 3129 2487 τῆς
3173 2425 3509 2482 ἀτελευτήτου
3557 2445 3650 2477 σου
3684 2425 3967 2497 βασιλείας

2354 2518 2425 2579 εἰς
2480 2521 2596 2576 τοὺς
2662 2516 2845 2575 αἰῶνας
2928 2523 3027 2566 τῶν
3108 2515 3321 2568 αἰώνων.
3384 2514 3566 2586 Ἀμήν.
3629 2520 3735 2567 Καὶ
3797 2526 3966 2569 ταῦτα

2354 2606 2561 2657 εἰπὼνό
2610 2604 2758 2674 ἅγιος
2802 2606 3021 2675 μάρτυς,
3071 2602 3343 2675 ἀπετμήθη
3394 2607 3486 2660 τὴν
3518 2602 3746 2674 κεφαλὴν
3800 2606 3959 2657 αὐτού

2352 2702 2422 2763 τῷ
2455 2693 2583 2764 ξίφει
2612 2712 2625 2725 ο
2668 2698 2757 2743 xui
2810 2693 3136 2744 συνέστειλαν
3178 2688 3365 2765 ἄνδρες
3406 2691 3631 2754 εὐλαϐεῖς
3674 2692 3733 2743 τὸ
3782 2714 3954 2764 τιμιον

590 2782 751 2834 αὐτοῦ
820 2790 973 2854 σῶμα
1035 2787 1121 2833 xui
1199 2778 1488 2839 ἐκήδευσαν
1564 2783 1693 2853 μετά
1759 2781 1936 2841 πάσης
2015 2779 2303 2852 ἐπιμελείας
2377 2782 2424 2834 ἐν
2481 2786 2620 2852 τόπῳ
2693 2780 3072 2852 ἐπικαλουμένῳ
3131 2786 3381 2854 Σταυρίῳ.
3444 2780 3742 2839 Ἐτελειὼθη
3805 2780 3864 2834 δὲ
3918 2786 3945 2835 ό

587 2863 737 2941 ἅγιος
795 2872 995 2946 μάρτυς
1066 2878 1158 2922 τοῦ
1216 2877 1445 2945 Χριστοῦ
1519 2871 1765 2929 Ἀκάκιος
1814 2873 1941 2940 μηνὶ
2022 2872 2194 2941 Μαΐῳ,
2255 2869 2441 2945 ὀγδόη,
2501 2870 2867 2944 βασιλεύοντος
2939 2870 3269 2942 Μαξιμιανοῡ
3341 2878 3430 2922 τοῦ
3500 2873 3761 2942 τυράννου,
3815 2875 3933 2923 καθ’

587 2954 726 3030 ἡμᾶς
780 2955 839 3011 δε
886 2957 1251 3032 βασιλεύοντος
1302 2965 1395 3012 τοῦ
1445 2962 1639 3033 Κυρίου
1696 2960 1842 3030 ἡμῶν
1895 2956 2072 3016 Ἰησοῦ
2125 2966 2380 3031 Χριστοῦ,
2535 2960 2561 3016 ἱ)
2614 2955 2751 3019 δόξα
2797 2962 2885 3010 xui
2935 2961 2994 3010 τὸ
3046 2960 3237 3030 κράτος
3294 2957 3365 3019 εἰς
3419 2961 3539 3018 τοὺς
3593 2958 3777 3020 αἰῶνας
3836 2968 3929 3011 τῶν

587 3046 804 3103 αἰώνων.
833 3046 1019 3121 ’Δμήν.

654 3354 799 3409 Acta
847 3356 1068 3409 sanctae
1111 3351 1392 3425 Glyceriaa
1439 3349 1708 3423 virginis,
1741 3352 2018 3424 martyris
2059 3353 2347 3410 Heraclea:
2386 3355 2445 3409 in
2484 3355 2749 3419 Thracia,
2781 3358 2837 3411 et
2892 3354 2951 3409 Β.
2992 3351 3311 3409 Alexandri
3342 3353 3614 3417 Romani.
3656 3354 3939 3427 martyris

575 3432 888 3513 Driziparaa
910 3442 972 3498 in
997 3442 1264 3509 Thracia,
1297 3458 1431 3514 qua;
1461 3442 1626 3513 apud
1680 3443 2078 3514 Lipomanum
2110 3448 2167 3498 et
2195 3443 2428 3499 Surium
2480 3450 2712 3500 exstant
2741 3460 2755 3509 ;
2798 3442 3206 3515 Metaphrastaa
3246 3442 3598 3513 abjudicant
3628 3444 3777 3499 socii
3814 3446 3940 3501 Bol-

574 3525 844 3586 landiani
873 3531 951 3588 ad
996 3533 1125 3589 Maii
1156 3531 1315 3587 diem
1358 3535 1417 3587 l3
1447 3536 1501 3586 et
1538 3534 1621 3599 14,
1659 3552 1686 3580 α
1718 3546 1856 3587 cum
1888 3530 2075 3603 stylus
2108 3532 2383 3587 concisus
2416 3532 2487 3587 sit
2517 3538 2572 3588 et
2610 3533 2687 3588 ab
2727 3532 2856 3603 ejus
2900 3531 3199 3603 periodico
3238 3530 3537 3587 scribendi
3561 3548 3779 3602 genere
3804 3534 3940 3590 alie-

576 3616 893 3675 nissimum
920 3638 937 3690 5
962 3642 989 3668 ››
1009 3620 1173 3691 quod
1190 3635 1522 3689 agnoscens
1537 3618 1651 3673 Leo
1673 3618 1936 3687 Allatius,
1965 3620 2025 3675 in
2050 3620 2323 3690 genuinis
2346 3622 2750 3694 Metaphrastae
2776 3620 3008 3693 scriptis
3030 3620 3453 3689 dignoscendis
3478 3623 3933 3687 versatissimus,

578 3710 714 3761 acta
736 3705 866 3762 haec
886 3708 1037 3764 inter
1064 3708 1165 3765 illa
1190 3711 1499 3767 enumerat
1529 3722 1665 3782 quae
1697 3709 1810 3765 sub
1842 3710 2090 3766 nomine
2129 3710 2563 3783 Metaphrastze,
2596 3712 2700 3768 sed
2728 3727 2921 3767 errore
2962 3709 3289 3779 communi,
3313 3710 3649 3766 referuntur
3688 3728 3726 3768 a
3763 3712 3927 3786 Lipo-

578 3808 765 3854 mano
792 3799 850 3854 et
879 3797 1072 3855 Surio.
