4114 6262
195 292 301 348 241

1546 293 1714 351 VITA
1752 294 1812 352 S.
1853 296 2238 355 BONIFACII.

3473 303 3579 364 242

220 458 3550 484 _________—_____—______________________

871 554 1508 643 ΜΑΡΤΥΡίοΝ
1563 555 1779 644 ΤΟΥ

1905 558 2171 647 ΓΙΟΥ
2214 559 2812 650 ΜΑΡΤΥΡΟΣ

1410 757 2328 874 ΒΟΝΙΦΑΤΙΟΥ.

938 1131 1635 1206 MARTYRIUM

1720 1130 2145 1207 SANGTI
2261 1135 2836 1214 MARTYRIS

1465 1331 2317 1457 BONIFAGII

1230 1565 1414 1620 APUD
1443 1563 1721 1618 TARSUM
1752 1561 2206 1618 METROPOLIM
2238 1563 2526 1620 CILICLE.

321 1723 496 1788 (Anno
524 1723 634 1772 290.
660 1723 842 1774 Latine
867 1723 1011 1790 apud
1037 1723 1250 1775 Surium
1277 1723 1344 1775 ad
1375 1722 1516 1775 diem
1547 1723 1574 1772 5
1607 1721 1772 1780 Junii,
1801 1720 1978 1773 Graece
2008 1721 2062 1773 in
2088 1723 2234 1774 Actis
2270 1723 2592 1779 Sanctorum
2624 1724 2863 1786 Bolland,
2898 1726 2965 1778 ad
2996 1727 3140 1780 diem
3163 1728 3223 1780 14
3251 1728 3430 1795 Maii.)

270 2037 355 2095 A'.
425 2041 526 2091 Καὶ
574 2039 640 2090 τὰ
692 2044 789 2088 τῶν
842 2035 1003 2088 ἄλλων
1061 2043 1152 2088 τοῦ
1227 2043 1461 2110 Χριστοῦ
1516 2036 1790 2108 μαρτύρων
1827 2034 1874 2088 Α

197 2121 330 2178 ἆθλα
386 2126 514 2178 πολύ
567 2145 620 2177 τε
663 2129 752 2177 καὶ
800 2129 936 2196 μέγα
989 2132 1098 2185 τοῖς
1145 2121 1458 2187 σπουδαίοις
1496 2128 1554 2178 τὸ
1612 2119 1794 2198 κέρδος

194 2221 470 2284 περιποιεῖ·
541 2222 631 2273 τῆς
686 2233 740 2265 τε
789 2217 890 2285 γὰρ
943 2222 1120 2274 κοινῆς
1169 2216 1365 2285 φύσεως
1417 2214 1649 2288 ὑπερφυῆ
1703 2215 1793 2263 καὶ

195 2305 418 2373 μέγιστα
462 2303 844 2372 κατορθώματα
891 2307 1144 2374 παριστᾷ,
1186 2307 1276 2353 καὶ
1324 2305 1410 2352 τὸν
1440 2304 1528 2370 μὲν
1560 2304 1792 2372 Χριστὸν

193 2399 432 2456 νικῶντα,
477 2395 564 2442 τὸν
616 2392 806 2464 ἐχθρὸν
859 2386 919 2442 δὲ
963 2395 1238 2462 νικώμενον
1286 2410 1339 2442 τε
1393 2396 1482 2441 καὶ
1525 2399 1793 2462 προφανῶς

196 2479 590 2552 αἰσχυνόμενον
643 2481 772 2553 πρὸς
817 2481 1042 2544 τούτοις,
1091 2482 1211 2540 τους
1255 2482 1346 2550 μὲν
1400 2478 1594 2538 ἀσεϐεῖς
1649 2497 1791 2551 περι-

197 2574 488 2642 φανέστατα
550 2565 830 2640 διελέγχει,
880 2572 1002 2630 τοὺς
1045 2567 1270 2631 εὐσεϐεῖς
1326 2565 1385 2621 δε
1434 2568 1620 2640 μᾶλλον
1679 2565 1788 2617 ἐπι-

194 2661 420 2730 ρωννύει,
496 2663 585 2710 καὶ
636 2661 761 2732 πρὸς
829 2661 923 2716 τὴν
980 2661 1330 2729 πνευματικὴν
1395 2656 1611 2728 ἅμιλλαν
1671 2658 1787 2714 τοὺς

196 2750 530 2820 θερμοτέρους
579 2743 872 2819 διερεθίζει.
935 2752 1035 2799 Καὶ
1081 2754 1248 2799 ταῦτα
1295 2750 1384 2818 μεν
1437 2745 1514 2798 ἐπ’
1563 2748 1784 2811 ἐκείνων,

193 2831 263 2904 ἐφ’
308 2835 375 2885 ὧν
425 2840 516 2887 καὶ
567 2836 592 2886 ὁ
622 2835 798 2895 λοιπὸς
840 2833 958 2906 βίος
987 2842 1058 2904 τῷ
1104 2837 1331 2908 μάρτυρι
1363 2837 1654 2905 σύμφωνος,
1699 2837 1790 2886 καὶ

194 2921 249 2972 ἐκ
287 2919 488 2974 παίδων
537 2925 565 2980 ἠ
618 2931 712 2983 τῆς
760 2922 945 2992 ἀρετῆς
990 2920 1219 2982 ἄσκησις
1271 2925 1570 2992 σύντροφος.
1617 2921 1676 2972 Εἰ
1731 2917 1790 2971 δέ

195 3029 274 3070 τις
405 3013 490 3061 τὸν
547 3007 663 3080 βίον
706 3013 801 3067 τήν
855 3012 944 3080 μεν
993 3008 1167 3080 ἀρχήν
1219 3007 1607 3082 ἐρῥᾳθυμηκὼς,
1662 3010 1791 3078 μετά

196 3107 362 3151 ταῦτα
398 3095 456 3151 δὲ
487 3105 735 3150 τοσοῦτον
767 3097 1036 3169 ἐκλάμψας
1071 3105 1179 3158 τοῖς
1225 3096 1463 3166 ἀγαθοῖς,
1497 3099 1562 3156 ὡς
1605 3095 1788 3168 ἀθρόον

195 3192 282 3239 καὶ
329 3191 621 3261 μαρτυρίου
677 3191 922 3258 στέφανον
963 3187 1289 3258 ὑφαρπάσαι,
1331 3189 1482 3237 ποίαν
1527 3183 1789 3236 ἀπολείπει

193 3285 342 3329 τοῦτο
394 3279 618 3349 χάριτος
671 3281 780 3336 τοῖς
830 3272 1093 3326 εὐσεϐέσιν
1150 3272 1482 3346 ὑπερϐολὴν;
1524 3275 1632 3324 ἐπεὶ
1701 3276 1790 3323 καὶ

1979 2037 2017 2089 1.
2053 2035 2322 2094 Aliorum
2338 2037 2583 2110 quidem
2612 2038 2822 2094 Christi
2849 2042 3182 2112 martyrum
3221 2042 3550 2101 certamina

1903 2137 2187 2193 magnum
2213 2125 2444 2182 lucrum
2467 2126 2607 2182 viris
2629 2127 2804 2182 bonis
2836 2125 3122 2184 aﬂerunt:
3151 2141 3294 2184 nam
3310 2133 3370 2185 et
3393 2146 3557 2188 com-

1903 2212 2104 2267 munis
2133 2217 2354 2270 naturae
2388 2215 2654 2272 maxima
2675 2223 2762 2272 est
2796 2232 2926 2286 quae
2947 2219 3223 2272 naturam
3245 2222 3551 2290 superant,

1901 2301 2058 2359 facta
2086 2305 2408 2362 ostendunt
2436 2322 2449 2360 :
2483 2311 2539 2363 et
2563 2306 2897 2362 vincentem
2949 2307 3192 2378 quidem
3221 2307 3541 2376 Christum,

1900 2397 2094 2462 aperte
2127 2399 2327 2450 autem
2360 2397 2582 2451 victum
2612 2400 2669 2451 et
2706 2395 2928 2467 probro
2955 2411 3026 2450 ac
3063 2395 3352 2453 dedecore
3400 2397 3538 2454 affe-

1899 2483 2060 2535 ctum
2085 2481 2419 2538 inimicum.
2467 2486 2748 2539 Praeterea
2775 2484 2997 2555 impios
3029 2484 3274 2556 quidem
3305 2485 3552 2543 manife-

1898 2567 2150 2624 stissime
2181 2577 2442 2640 arguunt
2472 2589 2486 2627 :
2514 2571 2646 2644 pios
2695 2588 2832 2627 vero
2887 2572 3076 2641 magis
3108 2572 3466 2630 conﬁrmant
3493 2578 3553 2631 et

1895 2656 2306 2724 corroborant,
2335 2662 2390 2713 et
2416 2659 2492 2714 ad
2522 2658 2847 2730 spiritalem
2875 2657 3336 2715 decertationem
3366 2661 3552 2719 acrio-

1894 2758 1988 2798 res
2029 2744 2287 2802 reddunt
2316 2751 2372 2802 et
2403 2747 2890 2803 vehementiores.
2925 2749 2989 2802 Et
3043 2746 3166 2803 haec
3216 2747 3463 2819 quidem
3492 2749 3554 2805 in

1896 2831 2027 2894 illis,
2058 2833 2118 2887 in
2145 2835 2360 2905 quibus
2389 2835 2619 2908 reliqua
2647 2851 2885 2906 quoque
2926 2834 3047 2891 vita
3097 2837 3371 2906 congruit
3414 2853 3552 2893 cum

1900 2921 2198 2989 martyrio,
2231 2927 2287 2977 et
2313 2939 2348 2978 a
2369 2923 2567 2994 pueris
2593 2922 2678 2977 eis
2709 2921 3177 2978 coaluitvirtutis
3195 2923 3548 2981 exercitatio.

1902 3007 1959 3064 Si
1987 3013 2120 3079 quis
2149 3016 2348 3067 autem
2379 3011 2457 3065 ab
2488 3010 2651 3066 initio
2674 3010 2921 3082 quidem
2949 3010 3230 3079 ignavam
3262 3015 3318 3066 et
3365 3011 3554 3066 disso-

1897 3099 2086 3156 lutam
2117 3099 2296 3154 vitam
2338 3098 2538 3167 egerit,
2574 3102 2781 3169 postea
2809 3113 2949 3154 vero
2979 3097 3153 3155 bonis
3180 3098 3332 3155 adeo
3359 3099 3554 3172 splen-

1898 3189 2110 3252 duerit,
2139 3193 2201 3243 ut
2256 3192 2495 3257 repente
2544 3187 2811 3257 martyrii
2875 3201 3162 3242 coronam
3216 3187 3550 3260 arripuerit,

1899 3277 2193 3348 quidnam
2213 3277 2408 3346 potest
2433 3289 2560 3329 esse
2589 3274 2703 3329 hac
2733 3274 2923 3343 gratia
2972 3274 3350 3344 praestantius
3393 3274 3552 3346 apud

195 3368 342 3430 φύσει
398 3370 456 3417 τὸ
521 3361 817 3439 παρελπίδα
867 3367 1112 3436 Χριστὸν,
1185 3362 1313 3414 πολὺ
1369 3369 1459 3413 τοῦ
1537 3362 1790 3421 συνήθους

1900 3364 2029 3435 pios
2049 3364 2076 3418 ?
2103 3366 2252 3418 Nam
2280 3366 2495 3417 natura
2519 3375 2755 3432 quoque
2778 3360 2858 3431 id,
2909 3361 3075 3432 quod
3102 3365 3314 3433 praeter
3353 3377 3547 3433 spem,

199 3451 634 3529 ἐπιτερπέστερον.
683 3453 766 3514 Εἰς
808 3460 960 3504 τοῦτο
1013 3448 1071 3504 δί
1113 3455 1203 3502 καὶ
1250 3453 1280 3509 ἡ
1331 3458 1422 3502 τοῦ
1467 3448 1790 3510 ἀπολωλότος

197 3542 450 3616 προϐάτου
500 3538 709 3601 δηλαδὴ
762 3542 962 3615 εὕρεσις
1006 3549 1077 3611 τῷ
1130 3544 1362 3612 Δεσπότῃ
1406 3544 1562 3612 φέρει.
1611 3545 1789 3590 Τοιοῦ-

197 3648 278 3682 τον
323 3628 408 3683 οὖν
447 3636 536 3684 καὶ
585 3633 882 3702 Βονιφάτιον
930 3632 1169 3702 ἔγνωμεν,
1203 3632 1289 3680 τὸν
1337 3634 1657 3700 περιώνυμον
1697 3634 1788 3679 τοῦ

197 3726 422 3792 Χριστοῦ
454 3718 697 3778 ἀθλητήν·
733 3719 886 3792 οὗπερ
942 3717 1046 3791 ἆρα
1097 3723 1185 3770 καὶ
1217 3717 1359 3780 ἄξιον
1408 3721 1478 3789 μὴ
1512 3721 1604 3775 τὴν
1630 3717 1789 3774 ἄθλη-

202 3825 278 3858 σιν
314 3804 572 3882 παριδεῖν,
606 3806 734 3859 ἀλλά
771 3810 947 3880 μνήμῃ
983 3810 1052 3869 ὡς
1081 3808 1186 3858 οἷόν
1215 3825 1269 3858 τε
1297 3810 1386 3858 καὶ
1413 3814 1586 3879 γραφῇ
1621 3824 1788 3880 παρα-

203 3891 394 3950 δοῦναι.
424 3895 576 3968 Ἔχει
601 3893 660 3949 δε
682 3895 865 3957 οὕτως.

269 3982 338 4038 Β’.
386 3985 480 4037 Ἦν
533 4005 611 4045 τις
667 3984 715 4036 ἐν
768 3984 936 4057 Ῥώμῃ
1019 3988 1169 4055 γυνὴ,
1259 3983 1463 4054 Ἀγλαῖς

201 4071 403 4144 ὀνόματι
434 4071 492 4126 δε
518 4077 684 4146 τούτῳ
722 4079 811 4126 καὶ
857 4069 1018 4126 τᾶλλα
1061 4069 1273 4144 συνῳδὰ
1307 4072 1596 4137 ἠκολούθει,
1641 4076 1787 4143 γένος

1539 3981 1783 4055 τοῦνομα,

200 4180 268 4226 τε,
316 4167 401 4215 καὶ
448 4165 574 4237 ὥρα,
625 4168 714 4215 καὶ
756 4162 993 4227 πλοῦτός,
1045 4161 1120 4234 ἐφ’
1169 4163 1242 4221 οἷς
1291 4159 1636 4232 ἀγλαίζεσθαι
1666 4163 1787 4212 ταύ-

200 4267 288 4307 την
342 4249 568 4311 ἐπιεικῶς
621 4247 702 4312 ἦν.
753 4255 895 4310 Γένος
953 4252 1042 4321 μὲν
1097 4251 1196 4320 γὰρ
1269 4256 1369 4300 τῶν
1437 4245 1783 4320 εὐπατριδῶν,

198 4342 284 4390 καὶ
328 4348 422 4390 τῶν
475 4338 773 4392 ἀνθυπάτου
825 4338 1094 4410 λαχόντων
1168 4345 1341 4408 τιμῆς·
1401 4339 1512 4408 ὥρα
1577 4333 1635 4387 δὲ
1692 4339 1785 4386 σὺν

199 4431 407 4493 νεότητι,
460 4428 579 4480 καθ’
630 4429 691 4486 ἣν
738 4426 798 4477 ἂν
839 4430 969 4498 πρὸς
1015 4428 1208 4497 ἔρωτας
1243 4427 1570 4497 θερμωτέρως
1620 4428 1782 4496 σχοίη

199 4521 344 4585 γυνή·
396 4516 615 4576 πλοῦτος
665 4512 723 4567 δὲ
773 4512 942 4586 βαθὺς
979 4518 1069 4565 καὶ
1114 4514 1566 4587 καταχρήσασθαι
1618 4515 1786 4574 ἱκανὸς

200 4609 328 4655 πᾶσι
375 4606 569 4664 τούτοις
626 4606 996 4674 ἐπιγενόμενον⁶
1057 4606 1146 4654 καὶ
1197 4605 1255 4653 τὸ
1323 4601 1652 4664 αὐτεξούσιον
1727 4606 1783 4654 τὸ

1895 3453 2038 3509 boni
2069 3450 2282 3516 evenit,
2311 3455 2402 3506 est
2421 3449 2826 3505 delectabilius
2857 3465 2927 3505 eo
2971 3449 3137 3521 quod
3176 3455 3264 3506 est
3309 3465 3548 3506 consue-

1899 3547 2046 3598 tum.
2080 3544 2159 3596 Eo
2190 3539 2377 3596 tendit
2398 3538 2528 3595 ovis
2549 3553 2784 3611 quoque
2805 3540 3050 3610 perditae
3095 3555 3132 3596 a
3164 3539 3419 3595 Domino
3466 3538 3555 3595 in-

1898 3631 2096 3686 ventio
2122 3631 2165 3682 1.
2212 3628 2408 3684 Talem
2492 3642 2634 3696 ergo
2709 3627 2989 3683 novimus
3068 3642 3303 3701 quoque
3371 3627 3550 3684 fuisse

1894 3720 2057 3775 hunc
2074 3717 2362 3789 inclytum
2377 3715 2590 3772 Christi
2607 3722 2933 3787 martyrem
2952 3715 3338 3772 Bonifacium.
3365 3715 3550 3787 Cujus

1895 3823 2018 3864 non
2049 3823 2285 3878 aequum
2321 3809 2407 3861 est
2431 3805 2733 3876 despicere
2783 3803 3168 3860 certationem
3201 3826 3213 3859 :
3247 3804 3352 3859 sed
3413 3819 3549 3861 eam

1893 3897 2222 3953 litterarum
2256 3894 2541 3950 mandare
2561 3893 2959 3949 monimentis.
2984 3893 3075 3949 Sic
3109 3896 3307 3949 autem
3331 3893 3545 3950 habet:

1970 3986 2037 4043 ll.
2071 3987 2204 4040 Erat
2233 3983 2438 4038 Romae
2469 3981 2680 4038 mulier
2717 3981 3000 4053 quaedam
3029 3981 3270 4037 nomine
3322 3981 3546 4051 Aglais.

1897 4074 2019 4129 Hoc
2046 4079 2248 4129 autem
2274 4086 2495 4127 nomen
2525 4069 3045 4140 consequebantur
3071 4069 3252 4125 etiam
3278 4068 3394 4125 alia
3414 4084 3548 4124 con-

1895 4160 2190 4230 gruentia,
2222 4175 2410 4227 genus
2441 4162 2498 4212 et
2523 4157 2745 4229 species
2777 4161 2839 4212 et
2883 4157 3119 4224 divitiae,
3148 4172 3285 4228 quae
3329 4156 3382 4212 ei
3421 4171 3550 4214 ma.-

1896 4263 2083 4319 gnum
2106 4246 2477 4318 splendorem
2509 4251 2566 4300 et
2590 4247 2773 4300 decus
2805 4243 3154 4300 afferebant.
3180 4247 3327 4301 Nam
3357 4259 3546 4314 genus

1894 4335 2138 4408 quidem
2171 4339 2296 4390 erat
2323 4333 2718 4405 patritiorum,
2746 4337 2804 4387 et
2831 4347 3060 4398 eorum,
3091 4332 3194 4403 qui
3223 4347 3547 4403 proconsu-

1897 4427 2086 4480 larem
2111 4425 2398 4478 honorem
2436 4427 2571 4476 sunt
2603 4421 2902 4476 assecuti:
2936 4420 3164 4492 species
3209 4435 3352 4477 vero
3405 4436 3544 4477 cum

1889 4514 2220 4585 juventute,
2242 4527 2373 4583 quae
2389 4508 2617 4565 efﬁcere
2636 4510 2884 4580 possint,
2915 4515 2978 4565 ut
3009 4509 3221 4566 mulier
3239 4509 3312 4566 sit
3355 4509 3546 4566 amori

1897 4601 2304 4659 vehementius
2336 4597 2909 4655 deditazluculentae
2963 4604 3163 4655 autem
3217 4598 3457 4663 divitiae,
3489 4600 3546 4655 et

201 4700 286 4752 τῆς
327 4691 598 4763 ἐπιθυμίας
645 4699 747 4764 πῦρ
810 4691 1045 4764 ἰσχυρῶς
1099 4691 1310 4763 ἐφῆπτε,
1355 4695 1444 4743 καὶ
1496 4694 1620 4765 πρὸς
1664 4690 1782 4744 ἀτό-

1900 4708 2028 4764 quae
2060 4689 2148 4746 vel
2173 4689 2250 4746 ad
2277 4688 2362 4744 eis
2396 4687 2767 4743 abutendum
2799 4687 2943 4742 satis
2973 4690 3186 4742 essent.
3219 4687 3318 4742 His
3355 4686 3543 4743 omni-

202 4800 321 4841 πους
390 4781 542 4834 αὑτὸν
609 4784 798 4854 ἔρωτας
889 4780 1183 4854 παρεκάλει.

200 4870 398 4941 Ἀγλαίς
445 4870 760 4934 πλουτοῦσα,
811 4875 900 4923 καὶ
957 4869 1168 4941 ἀγαθοῖς
1213 4877 1304 4930 τῆς
1355 4879 1450 4941 γῆς
1502 4869 1781 4938 θάλλουσα,

1284 4779 1432 4832 Οὕτω
1511 4788 1785 4855 τοιγαροῦν

205 4956 293 5012 διὰ
319 4963 476 5013 ταῦτά
508 4979 561 5012 τε
607 4965 696 5012 καὶ
748 4958 946 5034 ἐρώτων
990 4957 1222 5032 ἀκρατῶς
1265 4961 1487 5030 ἔχουσα,
1539 4962 1634 5011 τινὶ
1685 4968 1783 5012 τῶν

204 5046 472 5123 ἐπιτρόπων
546 5048 709 5110 αὐτῆς
781 5051 943 5100 εἶτουν
1011 5055 1287 5120 φροντιστῇ
1353 5055 1452 5100 τῶν
1505 5049 1783 5119 κτημάτων

209 5138 252 5207 (ὁ
281 5137 427 5200 καλὸς
451 5138 597 5200 οὗτος
646 5138 708 5197 ἧν
749 5139 1066 5210 Βονιφάτιος,
1099 5137 1192 5190 οὐκ
1235 5137 1318 5208 (a)
1359 5135 1607 5210 ἀγχινοίᾴ
1649 5156 1778 5211 μονῃ

271 5261 401 5319 Luc.
428 5279 524 5330 xv,
557 5266 592 5319 4
617 5278 781 5336 seqq.

1892 4784 2007 4838 bus
2029 4779 2319 4835 accedens
2343 4777 2530 4833 libera
2551 4775 2786 4832 vivendi
2813 4778 3090 4847 potestas,
3120 4775 3320 4845 ignem
3350 4775 3544 4830 valide

1893 4869 2277 4937 accendebat,
2307 4873 2362 4922 et
2385 4866 2462 4922 ad
2510 4871 2706 4934 turpes
2758 4879 2991 4920 amores
3044 4863 3350 4920 incitabat.
3392 4862 3544 4919 Cum

1893 4964 2052 5015 esset
2071 4973 2210 5028 ergo
2231 4957 2376 5012 adeo
2398 4955 2564 5010 dives
2591 4953 2812 5022 Aglais.
2840 4957 2899 5008 et
2938 4957 3101 5008 terrae
3142 4951 3320 5008 bonis
3365 4951 3546 5008 ﬂore-

1890 5052 1996 5113 ret,
2024 5053 2080 5102 et
2111 5051 2420 5117 prapterea
2451 5041 2883 5097 incontinenter
2916 5045 3174 5095 uteretur
3212 5040 3540 5112 amoribus,

1890 5152 1962 5193 ea
1991 5151 2130 5191 cum
2159 5133 2427 5206 quodam
2452 5147 2526 5188 ex
2554 5144 2796 5188 suorum
2823 5128 3122 5185 bonorum
3148 5129 3544 5201 procuratori-

205 5442 558 5514 (αγΑγχίνοια
579 5441 804 5512 ingenii
846 5439 1088 5496 solertia
1149 5438 1395 5495 Herveto
1451 5439 1716 5510 vertitur,
1741 5436 1918 5496 nobis
1965 5436 2110 5495 alibi
2158 5435 2415 5492 necdum
2463 5433 2615 5492 lecta
2671 5447 2786 5490 vox
2832 5435 2889 5490 et
2938 5431 3284 5490 barbariem
3337 5428 3540 5504 prima

213 5527 300 5584 sui
327 5535 483 5602 parte
515 5531 770 5604 spirans.
