4114 6262
571 245 679 342 ὲιε

1983 270 2239 333 MENSIS
2271 268 2505 326 MAIUS.

3836 253 3953 315 244

573 408 690 465 bus
716 408 787 479 (is
817 412 940 463 erat
964 405 1208 478 pulcher
1242 405 1594 470 Bonifacius,
1625 419 1744 459 non
1770 400 1989 471 ingenii
2016 398 2209 454 solum

2328 399 2408 446 ml
2451 400 2512 465 τῇ
2572 393 2698 466 πρὸς
2751 389 2912 446 αὑτὴν
2960 389 3154 457 ευνοίᾳ,
3200 383 3370 454 πολλῷ
3414 375 3474 437 δε
3511 384 3601 436 καὶ
3644 385 3951 455 ὡραιότητι

577 497 813 552 solertia
850 500 904 551 et
944 496 1004 549 in
1057 510 1190 549 eam
1239 492 1671 558 benevolentia,
1711 491 1816 545 sed
1872 490 2051 544 etiam
2096 485 2213 541 alia

577 586 771 657 specie
800 584 975 652 longe
1000 583 1306 654 superans)
1338 598 1451 636 non
1484 582 1743 636 honestis
1776 579 2051 634 utebatur
2082 591 2211 630 con-

576 673 1015 743 gressionibus;
1040 688 1158 727 non
1182 672 1467 726 erubesco
1490 670 1645 726 enim
1675 669 1801 724 haec
1828 668 2043 730 dicere,
2075 679 2211 719 cum

575 761 757 832 paulo
780 760 1157 831 postpossim
1183 758 1491 814 ostendere
1542 773 1675 811 vere
1726 756 1991 810 divinam
2029 758 2084 807 et
2114 753 2214 806 ad-

574 849 909 906 mirabilem
964 849 1376 904 mutationem.
1445 848 1673 918 Alioqui
1732 852 1927 902 autem
1993 861 2029 899 a
2081 843 2216 897 vino

574 939 821 1010 quidem
859 945 913 992 et
946 938 1255 993 amoribus
1279 936 1625 992 vincebatur
1655 936 1732 990 ab
1754 934 1919 989 initio
1952 948 1965 987 :
2011 932 2117 986 sed
2164 936 2220 986 et

573 1026 844 1097 pecuniae
900 1026 1023 1081 erat
1059 1027 1433 1096 contemptor
1491 1022 2139 1093 magniﬁcentissimus,
2166 1025 2221 1075 et

574 1114 650 1171 ad
664 1130 765 1170 eas
784 1111 1093 1182 egentibus
1105 1111 1544 1167 distribuendas
1561 1112 1737 1182 longe
1753 1110 2217 1176 liberalissimus,

575 1207 631 1258 et
672 1200 1054 1273 haspitalitati
1087 1200 1339 1266 deditus,
1375 1201 1423 1257 si
1472 1201 1627 1256 ullus
1671 1201 1836 1257 alius.
1866 1200 1923 1255 Si
1971 1198 2219 1271 quando

575 1305 716 1361 ergo
744 1289 985 1344 vidisset
1027 1288 1256 1360 aliquos
1317 1304 1387 1344 ex
1443 1289 1787 1357 viatoribus,
1812 1294 1914 1345 aut
1968 1294 2109 1345 aestu
2166 1292 2223 1344 et

576 1379 668 1434 siti
711 1378 1026 1449 eliquatos,
1054 1381 1156 1433 aut
1212 1377 1347 1433 nive
1393 1382 1448 1433 ct
1498 1378 1718 1448 frigore
1764 1384 2089 1444 concretos,
2120 1383 2223 1434 aut

578 1466 695 1523 alia
717 1467 943 1522 ratione
971 1465 1175 1521 itinere
1206 1471 1502 1535 gravatos,
1534 1466 1660 1538 ipse
1695 1467 1983 1523 festinans
2026 1466 2222 1522 hilari-

576 1559 664 1612 ter
688 1556 772 1610 eis
792 1554 915 1609 ibat
943 1553 1206 1620 obviam,
1240 1560 1293 1609 et
1318 1555 1570 1623 rogabat
1602 1559 1663 1611 ut
1705 1572 1738 1611 a
1772 1555 1971 1611 labore
2002 1557 2225 1628 requie-

577 1646 806 1715 scerent
837 1659 848 1699 :
872 1648 927 1699 et
954 1658 1093 1698 cum
1120 1642 1454 1707 cessissent,
1489 1644 1549 1698 in
1570 1643 1817 1699 domum
1844 1661 2014 1699 suam
2046 1646 2224 1699 intro-

2320 493 2418 535 τῶν
2475 483 2637 534 ἄλλων
2689 478 2915 552 κρατῶν)
2969 476 3169 547 μίξισιν
3226 475 3284 527 οὑ
3341 474 3519 534 καλαῖς
3588 473 3821 545 ἐχρῆτο·
3882 476 3950 526 οὑ

2319 578 2418 645 γάρ
2451 571 2776 642 αἰσχύνομαι
2818 574 2985 620 ταῦτα
3029 565 3209 636 λέγων,
3257 566 3394 635 ἔχων
3442 568 3533 615 καὶ
3588 565 3701 634 μετ’
3760 563 3947 633 ὀλίγον

2325 659 2493 724 δείξαι
2541 662 2678 711 θείαν
2723 662 2873 717 ὅντως
2912 660 3001 708 καὶ
3047 657 3343 725 θαυμασίαν
3384 651 3694 724 μεταϐολήν.
3730 652 3951 712 Ἀλλως

2324 771 2377 802 τε
2445 747 2502 803 δὲ
2554 752 2643 799 καὶ
2700 750 2835 799 οἴνου
2900 747 2989 816 μὶν
3043 743 3241 818 ἐρώτων
3297 746 3354 794 τὸ
3412 744 3690 814 καταρχὰς

2327 837 2407 897 ἧν
2441 839 2498 891 ού
2530 842 2629 910 μὴν
2660 831 2819 888 τᾶλλα
2847 842 3103 895 τοιοῦτος·
3148 831 3274 883 ἀλλά
3319 836 3407 885 καὶ
3446 833 3739 903 χρημάτων
3788 832 3951 905 ὑπερ-

3768 743 3950 799 ἥττων

2328 934 2489 989 όπτης
2538 922 2731 999 κομιδὴ
2782 922 3315 996 μεγα).ο·,ιυχὼτατος,
3351 926 3439 973 καὶ
3472 918 3740 992 δεομένοις
3774 930 3953 974 ταῦτα

2331 1016 2595 1089 διανεῖμαι
2647 1013 3068 1086 φιλοτιμώτατος,
3129 1016 3218 1062 καὶ
3276 1010 3557 1083 φιλοξενίαν
3635 1013 3787 1081 εἰπερ
3867 1030 3952 1073 τις

2330 1107 2480 1167 ἄλλος
2532 1104 3003 1178 φιλοφρονέστατος.
3058 1100 3239 1152 Ὁπότε
3292 1107 3417 1171 γοῦν
3474 1095 3584 1151 ἴδοι
3628 1101 3786 1159 τινας
3847 1110 3950 1151 τῶν

2330 1194 2759 1269 ὁδοιπορούντων,
2815 1196 2845 1251 ἦ
2897 1194 3124 1243 καύσωνι
3175 1194 3264 1242 καὶ
3317 1186 3464 1260 δίψει
3511 1197 3873 1264 τηκομένους,
3914 1192 3947 1249 ἦ

2330 1289 2475 1358 χιόνι
2503 1288 2592 1336 καὶ
2622 1282 2789 1355 ψύχει
2836 1281 3384 1353 προσπηγνυόμίνους,
3440 1281 3469 1338 ἢ
3524 1280 3688 1342 ἄλλως
3742 1280 3805 1333 ἐκ
3854 1289 3947 1341 τῆς

2330 1372 2635 1449 ὁδοιπορίας
2690 1370 3089 1445 βαρυνομένους,
3151 1368 3306 1430 αὐτὸς
3358 1367 3689 1423 ἐπισπεύδων
3746 1370 3950 1441 ἱλαρῶς

2331 1467 2554 1527 ὑπήντα,
2608 1466 2698 1514 καὶ
2740 1468 2830 1512 τοῦ
2874 1461 3082 1531 μόχθου
3127 1453 3593 1512 διαναπαύσασθαι
3632 1460 3945 1531 παρεκάλει,

2331 1559 2420 1606 καὶ
2452 1552 2678 1615 εἴξαντας
2730 1549 2801 1611 εἰς
2841 1553 2935 1606 τὴν
2991 1548 3159 1599 οἰκίαν
3199 1547 3493 1619 εἰσαγαγὼν
3545 1547 3737 1611 ἐξένιζε
3794 1548 3948 1620 φιλο-

2334 1648 2547 1717 φρόνως,
2598 1645 2687 1692 καὶ
2731 1640 2901 1709 λόγοις
2952 1638 3064 1709 οἶμα
3113 1642 3202 1689 καὶ
3246 1639 3414 1710 ἔργοις
3466 1644 3563 1689 πᾶν
3614 1640 3741 1709 ὅπερ
3795 1636 3949 1709 εἶχον

576 1732 785 1787 ductos
814 1731 1076 1802 hospitio
1120 1730 1378 1799 benigne
1424 1732 1772 1803 accipiebat,
1806 1738 1862 1787 et
1916 1733 2110 1789 verbis
2168 1741 2217 1791 et

2335 1730 2489 1792 ἀηδὲς
2542 1728 2726 1783 διέλυε.
2779 1736 2958 1781 Ταῦτα
2994 1732 3083 1779 καὶ
3114 1730 3211 1801 πρὸ
3262 1735 3352 1779 τοῦ
3383 1732 3673 1802 μαρτυρίου
3728 1727 3953 1799 ἐκόσμει

577 1819 745 1875 factis
772 1835 977 1875 eorum
1002 1835 1242 1874 omnem
1282 1821 1677 1890 propulsabat
1707 1820 2057 1879 molestiam.
2087 1823 2223 1880 Haac

578 1908 756 1962 etiam
784 1911 917 1963 ante
936 1906 1285 1977 martyrium
1305 1908 1601 1964 ornabant
1618 1909 2001 1966 Bonifacium.
2024 1915 2222 1982 Neque

579 1998 666 2049 est
690 1995 785 2049 ille
815 1994 1195 2050 solummodo
1225 1996 1663 2052 examinandus
1686 2002 1740 2053 et
1764 2000 2127 2070 spectandus
2152 2018 2221 2057 ex

574 2081 709 2137 aliis
742 2098 753 2136 :
780 2081 885 2136 sed
910 2086 1047 2137 sunt
1063 2082 1241 2137 etiam
1260 2084 1680 2153 conjungenda
1698 2101 1927 2158 ea,qum
1950 2094 2087 2144 sunt
2104 2106 2224 2145 me-

577 2169 745 2225 liora.
762 2170 1105 2226 Bonifacius
1118 2170 1272 2226 enim
1286 2170 1510 2243 aliquid
1527 2174 1772 2243 quidem
1786 2175 2221 2250 voluptati,plu-

581 2259 797 2315 rimam
810 2275 950 2315 vero
972 2264 1200 2331 partem
1230 2261 1494 2316 tribuens
1517 2262 1796 2329 virtuti,et
1822 2266 2222 2337 pulcherrima

2334 1827 2419 1875 τὸν
2478 1821 2797 1891 Βονιφοίτιον·
2861 1822 2951 1869 καὶ
3005 1817 3108 1887 ούχ
3191 1815 3365 1878 ἁπλῶς
3417 1816 3601 1869 ἐκεῖνον
3686 1816 3794 1868 ἀπὸ
3855 1826 3953 1869 τῶν

2334 1911 2496 1963 ἄλλων
2551 1906 2915 1980 δοκιμαστέον,
2975 1905 3101 1958 ἀλλά
3155 1909 3436 1958 συναπτέον
3492 1908 3697 1967 πάντως
3750 1911 3850 1958 καὶ
3892 1910 3955 1958 τὰ

2338 2000 2593 2074 βελτίονα
2648 1998 2949 2069 Βονιφοίτιος
2990 1998 3091 2069 γὰρ
3124 1999 3180 2047 τὸ
3232 1998 3321 2065 μεν
3351 1991 3539 2067 ἡδονῇ,
3569 1999 3628 2047 τὸ
3679 1994 3866 2047 πλεῖον
3900 1993 3954 2049 δὲ

2335 2094 2424 2142 καὶ
2473 2096 2533 2161 τῇ
2593 2086 2746 2161 ἀρετῇ
2797 2090 2980 2157 νέμων,
3040 2088 3129 2136 καὶ
3179 2086 3247 2136 τά
3295 2083 3548 2139 κάλλιστα
3596 2094 3694 2146 τῆς
3759 2084 3951 2159 ἀρετῆς

2335 2176 2449 2237 εἴδη
2504 2181 2632 2249 πρὸς
2686 2174 2951 2250 ἀκρίϐείαν
2999 2175 3269 2238 ἠσκηκὼς,
3323 2177 3382 2225 τὸ
3435 2178 3504 2244 μὴ
3565 2173 3759 2236 τέλειος
3826 2176 3945 2227 εἶναι

2334 2271 2476 2337 παρὰ
2505 2271 2663 2337 μόνου
2694 2272 2786 2317 τοῦ
2812 2269 2883 2335 μὴ
2916 2270 3191 2335 σωφρονεῖν
3218 2262 3482 2316 ἐκωλύετο.

583 2361 801 2417 genera
830 2347 1058 2402 virtutis
1115 2353 1388 2404 accurate
1436 2365 1732 2419 exercens,
1768 2369 1841 2408 ne
1881 2362 2033 2411 esset
2066 2359 2358 2430 perfectus
2379 2373 2449 2412 ex
2480 2356 2589 2411 hoc
2622 2354 2750 2409 solo
2778 2351 3228 2424 prohibebatur,
3268 2350 3430 2425 quod
3456 2366 3576 2409 non
3606 2358 3778 2409 esset
3809 2357 3949 2409 tem-

626 2451 818 2490 erans.

626 2451 818 2490 erans.

581 2450 621 2506 Ρ
653 2524 743 2578 ΙΙΙ.
776 2525 1060 2579 Caeterum
1092 2540 1212 2581 non
1243 2526 1429 2582 multo
1452 2527 1755 2599 interjecto
1791 2535 2059 2604 tempore
2098 2536 2224 2591 haec

580 2626 822 2684 quoque
850 2611 1039 2675 labes,
1069 2617 1358 2684 tanquam
1384 2615 1443 2669 in
1486 2620 1606 2672 toto
1637 2619 1862 2675 mundo
1902 2623 2225 2693 etpulchro

2410 2533 2477 2587 Γ’.
2532 2532 2669 2591 Πλὴν
2704 2532 2762 2584 ού
2802 2530 2930 2584 πολύ
2980 2533 3036 2583 τὸ
3085 2529 3133 2582 ἐν
3179 2534 3341 2603 μέσον
3375 2536 3463 2586 καὶ
3492 2534 3517 2585 ό
3561 2532 3751 2594 σπῖλος
3797 2532 3951 2584 οὗτος

2336 2625 2565 2696 καθάπερ
2614 2622 2711 2693 ὅλῳ
2758 2625 2971 2696 καθαρῷ
3019 2624 3108 2673 καὶ
3173 2622 3474 2693 παρικαλ)εἰ
3527 2629 3737 2695 σώματι
3797 2620 3947 2673 ἐκκα-

582 2714 850 2770 corpore,
900 2700 1131 2766 eluitur,
1187 2710 1243 2757 et
1286 2702 1450 2774 quod
1477 2719 1548 2759 ex
1596 2706 1734 2762 vitio
1790 2711 2227 2782 suscipiebatur

583 2788 859 2854 dedecus,
893 2789 1105 2858 tegitur
1141 2789 1318 2861 longe
1365 2792 1579 2863 majori
1627 2795 1831 2863 gloria.
1866 2801 1991 2854 Non
2059 2802 2227 2857 susti-

583 2876 887 2932 nuitenim
920 2876 1206 2933 Dominus
1232 2879 1535 2951 despicere
1565 2883 1852 2949 animam,
1885 2888 2035 2943 adeo
2061 2890 2224 2946 omni

584 2978 657 3019 ex
686 2969 851 3035 parte
880 2964 1211 3035 pulchram,
1247 2973 1533 3039 perpetuo
1562 2970 1864 3044 inquinari
1892 2977 2066 3031 unius
2105 2979 2225 3035 vitii

582 3051 951 3123 turpitudine
976 3069 988 3107 :
1023 3054 1127 3109 sed
1156 3055 1382 3126 placuit
1408 3059 1648 3115 omnino
1678 3059 2014 3120 divinarum
2046 3068 2227 3123 ratio-

567 3156 726 3195 vnum
760 3140 1206 3211 dispensationi,
1233 3146 1549 3216 martyrico
1571 3148 1749 3204 etiam
1778 3153 2073 3221 sanguine
2092 3171 2228 3226 pur-

584 3230 1131 3301 pureumetregium
1146 3232 1198 3286 ei
1222 3234 1476 3289 colorem
1501 3235 1723 3292 indere.
1741 3241 2016 3304 Quonam
2044 3245 2226 3301 modo

585 3322 782 3372 autem
811 3318 925 3373 hoc
977 3321 1048 3375 sit
1089 3319 1383 3387 effectum,
1425 3329 1479 3379 et
1522 3327 1831 3397 quodnam
1883 3331 1957 3385 sit
2000 3332 2229 3401 jactum

583 3405 1038 3465 fundamentum
1078 3412 1364 3481 martyrii,
1398 3420 1607 3484 parata
1645 3421 1731 3471 est
1760 3418 1972 3474 docere
2015 3424 2230 3481 oratio.

583 3495 791 3551 Adhuc
827 3497 1072 3568 quidem
1102 3499 1345 3570 vigebat
1377 3505 1708 3572 persecutio
1740 3507 1798 3561 in
1840 3508 2225 3578 Christianos,

584 3586 642 3639 et
670 3584 970 3654 profunda
998 3585 1097 3641 illa
1121 3588 1313 3657 caligo
1346 3591 1797 3651 simulacrorum
1833 3602 2021 3655 totum
2053 3602 2230 3659 simul

583 3672 922 3742 occupabat
950 3675 1264 3730 Orientem.
1302 3679 1466 3733 Subit
1498 3687 1697 3738 autem
1736 3685 1890 3741 illius
1916 3689 2228 3749 dominam

2340 2713 2591 2783 θαίρεται·
2650 2717 2737 2764 καὶ
2786 2715 2815 2772 ἡ
2872 2712 2926 2765 ἐκ
2997 2721 3087 2765 τοῦ
3162 2713 3361 2773 πάθους
3422 2711 3659 2782 αἰσχύνη
3729 2710 3929 2780 μείζονι

2334 2800 2509 2870 πολλῷ
2558 2797 2592 2853 δ
2596 2802 2685 2873 όξῃ
2736 2802 3194 2876 περικαλύπτεται.
3227 2801 3301 2854 Οὐ
3332 2803 3433 2873 γὰρ
3464 2801 3709 2871 ἠνέσχετο
3740 2800 3917 2869 Κύριος

2334 2888 2520 2961 ψυχὴν
2564 2891 2697 2943 οὑτω
2744 2888 2985 2965 παριδεῖν
3032 2893 3097 2943 τὰ
3141 2894 3311 2943 πάντα
3356 2890 3537 2955 καλὴν,
3588 2888 3693 2949 ἑνός
3737 2888 3922 2945 πάθους

2337 2982 2522 3050 αἴσχει
2567 2976 2660 3031 διὰ
2701 2979 2874 3041 τέλους
2926 2980 3260 3053 μολύνεσθαι·
3291 2980 3394 3031 ἀλλ’
3436 2975 3696 3036 εύδόκησε
3736 2978 3937 3037 πώιτως

2339 3069 2599 3140 θειοτέρων
2640 3068 2801 3140 λόγων
2862 3070 3148 3141 οἰκονομία,
3211 3074 3301 3121 καὶ
3379 3076 3686 3142 μαρτυρικῷ
3758 3067 3941 3137 αἱματι

2339 3154 2585 3228 ἀλυοργες
2649 3158 2778 3231 αὐτῇ
2854 3162 2941 3211 καὶ
3022 3158 3296 3232 βασιλικὸν
3353 3166 3551 3233 χρῶμα
3624 3155 3939 3231 περιϐαλεῖν.

2336 3243 2516 3306 Ὅπως
2572 3242 2630 3298 δὲ
2677 3255 2825 3299 τοῦτο
2870 3244 3277 3321 διῳκονόμηται,
3325 3253 3411 3300 καὶ
3453 3248 3634 3317 οἷατῴ
3668 3250 3941 3320 μαρτυρίᾳ

2341 3333 2721 3392 καταϐέϐληται
2770 3339 2799 3394 ἡ
2857 3344 3064 3411 κρηπὶς,
3120 3340 3321 3411 ἕτοιμος
3373 3334 3651 3391 διδάσκειν
3700 3338 3724 3387 ό
3767 3336 3938 3407 λόγος.

2340 3420 2581 3494 ’Ἤκμαζε
2635 3428 2724 3495 μὲν
2776 3432 2865 3478 καὶ
2922 3430 2997 3479 ἔτι
3036 3430 3061 3479 ό
3119 3431 3253 3479 κατά
3308 3434 3632 3499 Χριστιανῶν
3686 3424 3938 3497 διωγμὸς,

2341 3517 2429 3563 καὶ
2480 3514 2505 3564 ό
2554 3510 2819 3577 εἰδωλικὸς
2860 3515 3045 3575 ἐκεῖνος
3092 3523 3179 3569 καὶ
3225 3516 3390 3587 βαθύς
3431 3518 3568 3568 κατά
3603 3517 3781 3575 πείσος
3815 3518 3940 3587 ὁμοῦ

2338 3608 2426 3660 τῆς
2453 3603 2615 3672 Ἐᾠας
2647 3603 2912 3679 ἐπεκράτει
2957 3607 3131 3679 ζόφος·
3165 3608 3451 3679 ὑπέρχεται
3499 3602 3556 3658 δε
3602 3609 3696 3663 τὴν
3746 3604 3931 3657 ἐκείνου

2340 3685 2617 3743 δέσποιναν
2651 3698 2908 3767 σωτήριος
2958 3694 3223 3767 λογισμὸς,
3252 3701 3341 3747 καὶ
3378 3700 3471 3753 τὴν
3510 3690 3739 3768 καρδίαν
3779 3695 3931 3753 αὑτῆς

585 3759 859 3816 salutaris
898 3761 1193 3830 cogitatio,
1224 3769 1281 3819 et
1310 3782 1411 3821 cor
1439 3769 1567 3838 ejus
1598 3779 1863 3843 penetrat
1904 3778 2227 3836 vehemens

565 3846 891 3919 iquoddam
914 3854 969 3904 et
985 3849 1268 3907 invictum
1290 3853 1642 3914 desiderium
1661 3861 2045 3934 reliquiarum
2072 3886 2227 3926 mar-

563 3940 798 4008 -tyrum.
821 3936 1113 4001 Quoniam
1134 3955 1268 3995 vero
1286 3943 1660 4003 existimabat
1682 3942 1982 4011 Bonifacio
2001 3958 2223 4013 nullum

582 4039 709 4116 esse
740 4023 1086 4116 ﬁdeliorem,
1119 4033 1220 4084 aut
1250 4030 1327 4086 ad
1360 4031 1418 4088 in
1447 4033 1538 4089 his
1569 4040 1946 4098 serviendum
1979 4045 2221 4116 diligen-

558 4112 810 4201 tiorem,
851 4114 899 4170 ei
949 4114 1098 4172 sicut
1149 4120 1449 4178 carnalem
1506 4129 1561 4180 et
1618 4131 1868 4201 turpem,
1902 4134 1980 4190 ita
2040 4112 2220 4193 etiam

576 4199 939 4258 laudabilem
960 4208 1012 4261 et
1030 4206 1261 4264 beatum
1281 4226 1545 4269 amorem
1574 4199 1995 4293 communicat,
2016 4232 2219 4282 eteum

578 4294 1213 4385 seorsumaccipiens,
1267 4300 1410 4365 Scis,
1469 4302 1677 4374 inquit,
1712 4306 1908 4375 frater,
1937 4315 2217 4383 qualibus

576 4380 760 4431 simus
792 4380 1158 4451 coinquinati
1190 4388 1465 4453 peccatis,
1501 4406 1607 4445 nec
1645 4395 1816 4450 nobis
1868 4380 2022 4456 curse
2090 4420 2217 4460 esse

2338 3775 2610 3853 διατρέχει
2677 3778 2866 3856 δριμύς
2931 3803 3009 3845 τις
3065 3787 3185 3859 ἔρως
3237 3789 3326 3837 καὶ
3396 3785 3609 3857 ἄμαχος
3682 3783 3938 3855 λειψάνων

2334 3878 2685 3941 μαρτυρικῶν.
2750 3871 2889 3924 Ἐπεὶ
2972 3869 3031 3925 δε
3105 3870 3291 3926 οὐδένα
3376 3878 3677 3945 Βονιφατίου
3743 3873 3938 3945 μᾶλλον

2334 3960 2509 4029 ἡγεῖτο
2557 3965 2880 4035 πιστότερον,
2940 3966 2970 4020 ἤ
3048 3966 3299 4024 τοιούτοις
3368 3965 3645 4036 ὑπουργεῖν
3726 3962 3937 4035 ἐμμελέ-

2336 4066 2531 4121 στερον,
2590 4057 2769 4101 τοῦτον
2802 4047 2869 4109 δὴ
2910 4056 3000 4104 καὶ
3028 4057 3288 4124 κοινωνὸν,
3321 4055 3490 4126 ὥσπερ
3550 4060 3641 4104 τοῦ
3676 4061 3936 4124 σαρκικοῦ

2332 4142 2421 4189 καὶ
2471 4136 2678 4210 ἀτίμου,
2731 4140 2894 4202 οὕτως
2946 4141 3048 4217 ἆρα
3091 4149 3179 4196 καὶ
3221 4151 3311 4195 τοῦ
3365 4142 3631 4195 ἐπαινετοῦ
3662 4162 3718 4194 τε
3765 4163 3938 4214 μακα-

2328 4229 2444 4299 ρίου
2499 4234 2724 4281 ποιεῐται
2780 4232 2979 4303 ἔρωτος.
3040 4237 3138 4285 Καὶ
3200 4230 3509 4293 ἰδιαζόντως
3566 4230 3931 4285 ἀπολαϐοῦσα·

2330 4313 2521 4381 Οἶδας,
2580 4323 2756 4389 φησιν,
2824 4317 3031 4391 ἀδελφε,
3088 4323 3221 4382 οἵαις
3278 4324 3704 4395 συνεχράνθημεν
3763 4322 3935 4395 ἀμαρ-

2329 4408 2480 4469 τίαις,
2529 4404 2693 4477 μηδέν
2724 4427 2775 4460 τι
2830 4409 3009 4481 μέλλον
3049 4413 3193 4482 ἡμῖν,
3236 4414 3317 4463 ότι
3344 4420 3457 4481 Θεῴ
3487 4415 3933 4484 παραστήσεσθαι

577 4464 825 4573 aliquid,
860 4467 1021 4537 quod
1052 4477 1466 4573 exspectamus
1493 4476 1755 4537 futurum
1819 4490 1882 4540 ut
1937 4489 2214 4547 sistamur

2328 4491 2700 4567 προσδοκῶμεν
2750 4503 2837 4550 καὶ
2880 4499 3118 4571 χαλεπὰς
3162 4504 3356 4553 τούτων
3405 4503 3663 4573 ὑποσχεῖν
3703 4504 3801 4563 τάς
3846 4523 3932 4555 κο-

577 4557 711 4649 ante
737 4554 944 4620 Deum,
969 4559 1032 4649 et
1061 4572 1169 4649 pro
1194 4558 1288 4614 his
1317 4565 1519 4632 gravia
1546 4569 1869 4628 subeamus
1902 4580 2210 4649 supplicia.

576 4641 863 4738 Caeterum
894 4643 1093 4700 audivi
1124 4661 1160 4702 a
1188 4649 1457 4717 quodam
1486 4656 1611 4710 viro
1643 4657 1761 4727 pio,
1794 4663 1956 4732 quod
1976 4641 2043 4721 si
2074 4668 2212 4738 quis

573 4744 697 4795 eos,
733 4731 837 4802 qui
884 4738 1125 4804 propter
1170 4736 1467 4797 Christum
1514 4746 1673 4815 passi
1728 4753 1781 4802 et
1817 4731 2015 4809 affecti
2075 4731 2212 4813 sunt

572 4819 878 4918 martyrio,
906 4821 971 4918 in
997 4822 1223 4880 honore
1254 4826 1526 4885 habuerit
1584 4838 1639 4888 et
1682 4837 1943 4910 coluerit,
1986 4860 2209 4918 magna

568 4909 842 4977 quaedam
865 4912 923 4964 et
947 4913 1234 4981 praeclara
1271 4931 1404 4972 eum
1434 4918 1596 4975 illinc
1626 4938 1697 4978 ex
1740 4940 1810 4983 eo
1868 4909 2068 4989 manet
2091 4909 2209 4991 vre-

554 4997 920 5063 muneratio,
954 5001 1261 5068 eteadem,
1295 5020 1417 5075 qua
1445 5008 1543 5073 illi,
1576 5000 1798 5069 fruetur
1822 5018 2202 5079 beatitudine.

548 5081 720 5177 'Multi
754 5089 953 5177 autem
993 5102 1151 5145 nunc
1189 5108 1451 5166 quoque,
1498 5103 1577 5163 ut,
1620 5101 1800 5168 aiunt,
1836 5123 1942 5177 pro
1975 5109 2203 5169 Christo

563 5169 812 5268 pulchra
850 5175 1069 5232 adeunt
1098 5182 1442 5265 certamina.
1477 5185 1559 5242 Tu
1612 5205 1746 5245 vero
1777 5169 2014 5264 (etenim
2072 5201 2199 5270 jam

562 5258 722 5356 venit
747 5263 1001 5358 tempus,
1040 5270 1098 5321 ut
1129 5285 1297 5325 meus
1321 5258 1588 5332 ostendat
1608 5258 1960 5353 Bonifacius,
1986 5258 2107 5358 qua
2129 5290 2200 5345 sit

556 5348 622 5444 in
652 5362 761 5444 nos
792 5348 1121 5444 affectione)
1162 5359 1240 5414 ad
1286 5361 1414 5418 haec
1467 5365 1615 5422 mihi
1675 5368 1915 5436 inservi,
1947 5348 2196 5434 et-omni

560 5435 744 5533 studio
764 5451 843 5537 ‘eo
879 5440 1121 5537 vadens,
1156 5461 1408 5519 propera
1434 5453 1510 5508 ad
1546 5472 1637 5511 me
1670 5457 1877 5517 aﬂ‘erre
1910 5464 2133 5537 aliquid
2163 5484 2193 5523 e

561 5522 744 5579 sacris
763 5522 854 5580 his
874 5527 1139 5605 reliquiis
1166 5546 1178 5587 :
1198 5540 1257 5589 ut
1278 5552 1414 5600 cum
1435 5555 1537 5603 eas
1560 5543 1884 5606 honoriﬁce
1901 5522 2188 5631 deposue-

2322 4582 2516 4646 λάσεις*
2567 4585 2698 4643 πλὴν
2743 4586 2851 4638 ἀλλ’
2903 4588 3166 4663 ἐπυθόμην
3205 4594 3339 4651 τινός
3392 4598 3490 4642 τῶν
3531 4589 3929 4666 εὑσεὸεστέρων,

2321 4672 2388 4732 ὡς
2442 4675 2485 4724 εί
2530 4693 2608 4736 τις
2656 4679 2774 4734 τοὺς
2821 4671 2915 4728 διά
2944 4682 3175 4753 Χριστόν
3214 4682 3470 4740 παθόντας
3522 4684 3611 4731 καὶ
3658 4688 3931 4752 μαρτυρή-

2323 4778 2509 4823 σαντας
2566 4759 2661 4815 διὰ
2711 4773 2868 4835 τιμῆς
2914 4767 3147 4837 μετελθοι
3190 4774 3277 4821 καὶ
3321 4771 3606 4842 θεραπείας,
3653 4768 3815 4827 πολλή
3846 4790 3929 4832 τις

2319 4851 2477 4903 αὑτοῦ
2534 4851 2718 4905 ἐκεῖθεν
2770 4860 2858 4907 καὶ
2916 4855 3130 4932 λαμπρά
3175 4866 3433 4930 περιμένει
3488 4856 3774 4925 ἀντίδοσις,
3833 4866 3924 4913 καὶ

2316 4948 2411 5001 τῆς
2460 4942 2621 5004 αὐτῆς
2668 4942 2875 5005 ἐκείνοις
2927 4946 3210 4999 ἀπολαύσει
3266 4952 3671 5019 μακαριότητος.
3734 4948 3922 5001 [Ιολλοὶ

2317 5025 2375 5079 δὲ
2405 5034 2492 5081 καὶ
2530 5038 2635 5095 νῦν,
2692 5035 2756 5094 ὥς
2806 5054 2983 5104 φασιν,
3030 5034 3078 5086 ἐν
3119 5044 3180 5108 τῇ
3216 5036 3377 5108 Ἀσίᾳ
3405 5039 3504 5088 ὑπὸ
3554 5044 3788 5108 Χριστοῦ
3829 5042 3918 5090 τόν

2313 5116 2466 5172 καλὸν
2535 5118 2709 5189 ἀγῶνα
2762 5119 3184 5194 διαγωνίζονται·
3247 5129 3310 5177 σὺ
3368 5123 3426 5178 δὲ
3475 5126 3587 5197 (καὶ
3640 5128 3739 5197 γὰρ
3797 5129 3917 5185 ἣκει

2311 5210 2509 5280 καιρός,
2567 5211 2698 5269 ὅπως
2755 5217 2871 5286 περὶ
2924 5214 3064 5284 ἡμᾶς
3120 5216 3232 5285 ἔχει
3284 5219 3366 5267 τόν
3421 5214 3539 5287 ἐμὸν
3582 5220 3915 5287 φανήσεσθαι

2308 5300 2623 5369 Βονιφεὶτιον)
2679 5304 2805 5373 πρὸς
2877 5306 3041 5355 ταῦτα
3114 5325 3205 5376 μοι
3279 5308 3734 5378 καθυπούργησον,
3820 5314 3912 5360 καὶ

2310 5382 2517 5470 σπὲουδῇ
2559 5397 2617 5460 τῇ
2667 5392 2812 5462 πάσῃ
2861 5397 3293 5466 παραγενόμενος,
3346 5404 3445 5447 τῶν
3501 5395 3660 5466 ἁγίων
3711 5398 3907 5449 τούτων

2303 5471 2553 5543 λειψάνων
2602 5476 2812 5550 ἀγαγεῖν
2880 5480 3177 5553 ἐπείχθητι,
3256 5487 3324 5545 ὡς
3383 5483 3441 5535 ἂν
3497 5483 3711 5555 ἐντίμως
3769 5485 3907 5540 αὐτά

2302 5563 2657 5635 καταθέμενοι,
2751 5572 2840 5625 καὶ
2916 5570 3081 5645 ἱεροὺς
3164 5569 3617 5647 ἒπιδημησάμενοι
3698 5576 3897 5642 οἴκους,
