4114 6262
204 279 335 340 245
1583 283 1750 340 VITA
1790 283 1824 337 S

1942 282 2276 342 ONIFACII.
3499 294 3607 354 246

212 407 474 480 φύλακάς
530 427 585 461 τε
633 406 825 468 αὐτοὺς
873 410 959 458 καὶ
997 416 1234 481 σωτῆρας
1281 405 1563 472 διαπαντός
1606 411 1816 481 ἔχοιμεν

1950 407 2160 477 rimus,
2185 413 2242 467 et
2266 427 2468 470 sacras
2489 413 2649 470 mdes
2673 414 2756 471 eis
2782 413 3298 486 eediﬁcaverimus,
3327 433 3429 476 eos
3455 431 3610 478 sem'

209 504 418 552 Ταῦτα
462 501 590 570 πρὸς
623 497 773 548 αὐτὸν
808 497 1066 568 εἰρηκυῖα,
1125 496 1234 551 ἐπεὶ
1285 503 1416 574 πρὸς
1469 499 1652 552 ἑκόντα
1706 498 1824 567 ἔλεγι

1949 513 2054 569 per
2081 500 2416 557 habeamus
2447 503 2725 560 custodes
2763 508 2818 559 et
2843 509 3191 561 servatores.
3228 507 3362 563 Haec
3392 525 3531 566 cum
3553 511 3606 566 ei

213 593 319 640 καὶ
396 589 656 660 πρόθυμον
722 589 816 643 τὴν
891 587 1201 658 ὑπηρεσίαν,
1262 593 1489 658 χρυσίον
1556 586 1819 660 ἐγχειρίξε

1948 586 2211 654 dixisset,
2235 595 2291 645 et
2317 606 2377 646 se
2409 590 2660 648 libenter
2683 592 2744 647 id
2778 591 3172 650 ministerium
3203 602 3605 670 promptoque

220 682 442 747 συχνόν
474 693 485 706 ⁶
516 672 640 728 οὐδὲ
668 676 769 747 γὰρ
803 673 920 737 ἐξῆν
969 674 1208 746 λείψανόν
1248 695 1298 728 τι
1342 679 1606 750 μάρτυρος
1650 682 1824 749 προῖκι

1949 678 2004 730 et
2023 675 2201 732 alacri
2218 679 2421 735 animo
2444 679 2743 736 obiturum
2765 681 3139 748 ostendisset,
3175 684 3350 740 tradit
3371 687 3422 740 ci
3452 687 3604 742 mul-

216 764 430 830 λαϐεῖν,
483 763 610 816 ἀλλά
663 767 720 816 τὸ
774 764 904 815 πολὺ
956 772 1054 815 τῶν
1114 773 1438 838 Χριστιανῶν
1513 771 1630 838 περὶ
1707 764 1824 818 αὖτε

1949 767 2071 819 tum
2104 766 2248 820 auri.
2289 770 2484 838 Neque
2512 769 2672 823 enim
2699 769 2913 824 licebat
2943 771 3124 839 gratis
3155 772 3423 844 accipere
3451 775 3602 832 ullas

1948 860 2273 926 martyrum
2299 857 2600 929 reliquias,
2625 857 2730 913 sed
2763 858 3230 915 Christianorum
3257 877 3516 934 magnus
3539 864 3601 921 in

1942 959 2043 999 eas
2073 960 2262 1009 amor,
2308 951 2434 1002 erat
2462 946 2659 1018 impiis
2692 963 2876 1004 causa
2904 947 3071 1011 lucri,
3105 953 3161 1004 et
3190 949 3482 1007 efﬁciebat
3537 957 3603 1009 ut

1943 1032 2178 1087 nonnisi
2210 1033 2413 1103 magni
2441 1051 2542 1090 eas
2567 1041 2804 1107 emptas
2833 1035 3186 1108 prteberent.
3225 1041 3303 1094 Ea
3321 1040 3395 1095 de
3415 1056 3600 1097 causa

1943 1120 2119 1176 mittit
2148 1122 2402 1178 multum
2428 1124 2577 1190 auri,
2608 1130 2663 1180 et
2694 1129 2756 1179 ut
2789 1125 2964 1180 etiam
2988 1123 3252 1191 haberet,
3289 1127 3454 1198 quod
3482 1127 3600 1183 dis-

1941 1208 2221 1264 tribueret
2269 1212 2655 1281 pauperibus.
2689 1211 2851 1267 Mittit
2880 1216 3080 1267 autem
3120 1227 3258 1269 cum
3307 1229 3377 1270 eo
3409 1230 3598 1288 equos

1939 1310 2180 1367 quoque
2211 1295 2552 1361 duodecim,
2585 1301 2640 1352 et
2679 1301 3072 1367 unguentum,
3101 1303 3157 1354 et
3188 1300 3499 1372 sindonas,
3540 1309 3599 1360 et

1939 1399 2301 1456 quaecunque
2339 1384 2455 1441 alia
2471 1385 2775 1440 usuierant
2813 1386 3286 1444 adhonorandos
3327 1395 3592 1446 sanctos.

219 854 446 926 φίλτρον
502 861 768 927 πορισμοῦ
821 859 927 913 τοῖς
1001 851 1216 906 ἀσεϐέσι
1294 861 1553 929 πρόφασις
1612 851 1690 919 ἦν,
1749 859 1836 907 καὶ

213 942 427 996 πολλοῦ
471 946 600 1016 πρὸς
653 941 874 1003 ἐκείνους
924 941 1058 994 αύτά
1104 948 1352 1018 παρέχειν
1399 944 1581 998 ἐποίει.
1635 949 1834 998 Τούτου

213 1029 314 1082 οὖν
376 1033 538 1090 ἕνεκα,
589 1034 787 1102 συχνὸν
839 1035 896 1084 16
936 1037 1182 1104 χρυσίον,
1225 1039 1315 1085 καὶ
1357 1034 1437 1086 ἵνα
1483 1040 1572 1086 καὶ
1621 1038 1833 1092 πένησιν

216 1119 299 1180 εἰς
366 1117 622 1188 διανομὴν
676 1118 893 1193 ἀρκέσῃ.
966 1125 1311 1192 Συνεκπέμπει
1385 1118 1443 1174 δὲ
1493 1127 1582 1174 καὶ
1664 1125 1836 1184 ἱππεῖς

218 1204 470 1276 δώδεκα,
502 1211 644 1282 μύρα
685 1227 739 1260 τε
778 1213 866 1261 καὶ
911 1206 1150 1270 σινδόνας
1197 1215 1285 1263 καὶ
1323 1206 1484 1264 τᾶλλα
1525 1213 1625 1264 ὅσα
1672 1231 1833 1284 προσ-

216 1304 362 1355 ῆκον
412 1297 483 1359 εἰς
544 1301 700 1368 τιμὴν
751 1303 855 1358 τοῖς
903 1297 1090 1369 ἁγίοις.
1144 1297 1298 1350 Ἀλλὰ
1354 1304 1660 1374 προσεκτέον
1713 1321 1725 1332 ·
1756 1299 1830 1351 ἐν-

216 1388 406 1438 ταῦθα
432 1388 531 1459 γὰρ
564 1387 753 1458 ἥκομεν
784 1389 904 1440 ἔνθα
949 1391 1038 1440 καὶ
1081 1390 1139 1440 τό
1171 1396 1263 1442 τοῦ
1296 1385 1618 1461 διηγήματος
1646 1393 1832 1464 χαριέ-

221 1493 444 1530 στατον.

308 1654 385 1706 Δ’.
443 1653 531 1715 Ὠς
583 1649 688 1712 ἤδη
741 1657 948 1727 πορείας
1001 1653 1197 1726 ἔμελλεν
1251 1656 1276 1706 ό
1329 1657 1629 1726 Βονιφάτιος
1676 1657 1830 1707 ἄπτε-

1940 1471 2057 1527 Sed
2089 1476 2173 1528 est
2203 1473 2628 1529 attendendum
2663 1490 2676 1540 ;
2705 1474 2822 1530 huc
2855 1474 3015 1530 enim
3041 1476 3334 1541 venimus,
3359 1478 3462 1534 ubi
3507 1481 3596 1535 est

1937 1559 2196 1615 narratio
2239 1561 2705 1630 jucundissima.

2006 1657 2096 1711 IV.
2134 1659 2280 1713 Cum
2299 1657 2427 1727 jam
2471 1659 2805 1714 Bonifacius
2845 1665 3000 1715 esset
3037 1661 3146 1716 iter
3185 1661 3589 1732 ingressurus,

229 1745 388 1806 σθαι,
442 1742 611 1806 εὐθὺς,
668 1743 840 1813 ὥσπερ
890 1743 989 1794 ὑπὸ
1043 1752 1292 1815 γραμμῆς
1332 1748 1425 1802 τὴν
1471 1743 1656 1796 ἑαυτοῦ
1683 1749 1824 1802 νίκην

1936 1745 2128 1801 statim
2158 1747 2334 1816 quasi
2363 1748 2644 1817 graphice
2671 1748 2982 1804 victoriam
3015 1765 3186 1806 suam
3215 1757 3270 1806 et
3303 1767 3590 1810 coronam

221 1837 324 1885 καὶ
381 1835 468 1884 τὸν
524 1835 770 1903 στέφανον
805 1837 1176 1906 προσημαίνων
1219 1849 1232 1862 ⁸
1268 1834 1326 1886 Εἰ
1371 1830 1430 1886 δέ
1475 1853 1600 1899 πως,
1641 1836 1755 1906 ἔφη,
1789 1834 1828 1885 ὦ

226 1916 507 1986 δέσποινα,
562 1923 756 1981 ταύτης
811 1923 900 1991 μεν
949 1917 1254 1995 διαμαρτεῖν
1307 1931 1400 1985 τῆς
1449 1922 1823 1997 ἐγχειρήσεως,

229 2005 474 2082 δεύτερος
501 2006 580 2074 δὲ,
623 2010 649 2061 ὃ
679 2028 824 2080 φασι,
871 2008 1032 2071 πλοῦς
1075 2013 1132 2061 1'6
1170 2009 1288 2082 ἐμόν
1339 2031 1423 2063 σοι
1475 2020 1626 2083 σῶμα
1667 2031 1828 2084 προσ-

223 2100 501 2168 ανεχθείη,
534 2100 636 2171 ἄρα
668 2117 750 2150 σοι
799 2097 858 2149 ἂν
917 2107 1068 2151 τοῦτο
1115 2103 1320 2174 μέτριον
1360 2103 1435 2157 ε’ίη
1487 2107 1576 2152 τοῦ
1629 2109 1825 2153 σκοποῦ

221 2189 579 2260 παραμύθιον,
634 2191 722 2238 καὶ
780 2196 938 2258 τιμῆς
984 2188 1128 2250 ἄξιον
1174 2191 1318 2261 παρὰ
1371 2196 1465 2241 σοῦ
1505 2191 1822 2260 νομισθείη;

225 2279 333 2327 Καὶ
388 2282 552 2326 ταῦτα
608 2277 696 2346 μὲν
748 2277 873 2335 ἴσως
926 2275 1115 2338 ἐκεῖνος
1161 2281 1362 2340 παίζων
1413 2281 1542 2352 πρὸς
1594 2282 1686 2335 τὴν
1745 2275 1826 2329 δέ-

225 2382 447 2418 σποιναν
489 2364 518 2421 ἦ
576 2360 892 2424 σπουδάζων
949 2382 958 2392 ·
994 2366 1018 2415 ό
1055 2362 1113 2416 δὲ
1164 2369 1289 2426 Θεὸς
1325 2369 1380 2418 16
1429 2366 1608 2437 μέλλον
1652 2368 1824 2437 ὥσπερ

228 2448 327 2504 διὰ
378 2460 472 2513 τῆς
525 2451 712 2504 ἐκείνου
771 2457 1128 2526 προηγόρευσε
1191 2454 1443 2525 γλώττης.
1510 2455 1567 2506 ’Π
1652 2458 1825 2525 μέντοι

225 2539 487 2611 ⁷Αγλαίς”
533 2541 608 2592 Ού
660 2546 863 2616 καιρὸς,
918 2545 1034 2615 ἔφη,
1097 2544 1380 2614 Βονιφάτιέ,
1425 2539 1645 2604 παιδιᾶς
1701 2537 1824 2593 ούδέ

230 2631 393 2700 λόγων
477 2633 743 2696 τοιούτων,

823 2632 888 2682 ὧν
963 2630 1325 2704 ἀποσχόμενον
1403 2630 1627 2692 εὐλαϐῶς
1681 2633 1824 2701 ἔχειν

226 2722 586 2791 προτρέπομαι
661 2725 749 2772 καὶ
841 2726 1088 2792 κοσμίως,
1178 2720 1285 2772 ἐπεὶ
1386 2726 1474 2772 καὶ
1575 2722 1824 2780 τοιούτοις

222 2810 499 2880 ὑπηρετεῖν
531 2809 741 2880 μέλλεις,
783 2809 850 2860 ὧν
905 2811 1059 2879 ἡμᾶς,
1106 2814 1175 2880 μή
1234 2812 1311 2860 ὅτι
1351 2829 1410 2878 γε
1451 2808 1657 2878 ψαύειν,
1699 2807 1826 2858 ἀλλὰ

223 2901 320 2948 καὶ
376 2895 578 2967 βλέπειν
627 2901 747 2958 τοὺς
821 2896 1061 2958 ἀναξίους
1122 2897 1410 2966 πάντολμον
1464 2901 1552 2946 καὶ
1633 2896 1821 2965 θρασύ.

225 2987 444 3045 Τούτοις
497 2983 786 3056 ἀρκούντως
844 2984 1207 3056 ἐπιτιμήσασα
1251 2989 1340 3035 καὶ
1387 2983 1693 3054 ἐντρέψασα,
1735 2987 1824 3033 καὶ

1936 1833 2400 1905 praesigniﬁcans
2421 1851 2432 1890 :
2453 1835 2508 1890 Si
2535 1834 2698 1903 forte,
2730 1837 2942 1907 inquit,
2958 1852 2993 1892 o
3021 1837 3288 1906 domina,
3303 1841 3591 1911 quemad-

1933 1924 2183 1979 modum
2214 1925 2521 1995 contingit,
2553 1929 2616 1979 ut
2632 1925 3002 1997 hocquidem
3035 1932 3229 1998 empto
3253 1927 3545 1985 frustreris
3572 1947 3586 1986 :

1933 2012 2199 2068 secunda
2253 2027 2414 2078 vero,
2446 2017 2509 2068 ut
2560 2013 2749 2077 aiunt,
2783 2012 3111 2083 navigatio,
3160 2031 3362 2071 meum
3403 2017 3480 2073 ad
3532 2021 3590 2074 te

1933 2116 2149 2172 corpus
2201 2101 2400 2156 afferat
2450 2117 2462 2156 :
2530 2101 2777 2156 fueritne
2833 2101 2948 2158 hoc
2998 2101 3102 2158 tibi
3147 2103 3446 2160 mediocre
3503 2106 3586 2162 tui

1933 2189 2172 2245 instituti
2199 2205 2266 2245 ac
2293 2189 2457 2262 scopi
2514 2189 2812 2253 solatium,
2841 2195 2895 2245 et
2952 2191 3110 2261 apud
3139 2195 3194 2248 te
3242 2192 3586 2250 habendum

1931 2278 1992 2334 in
2029 2279 2252 2334 honore
2291 2277 2318 2331 ‘2
2358 2281 2422 2334 Et
2463 2278 2591 2333 haec
2639 2278 2884 2350 quidem
2939 2279 3033 2334 ille
3087 2279 3338 2336 fortasse
3390 2283 3586 2352 magis

1932 2367 2145 2423 ludens
2174 2366 2332 2438 apud
2372 2366 2704 2430 dominam,
2741 2383 2926 2439 quam
2959 2382 3144 2437 agens
3173 2369 3325 2424 serio
3373 2385 3384 2423 :
3432 2371 3587 2425 Deus

1934 2460 2134 2512 autem
2177 2455 2258 2524 id,
2290 2455 2454 2526 quod
2507 2459 2634 2510 erat
2665 2455 2948 2524 futurum,
3001 2457 3274 2527 praedixit
3302 2473 3404 2528 per
3432 2457 3587 2514 illius

1931 2542 2220 2612 linguam.
2253 2542 2452 2611 Aglais
2483 2558 2624 2597 vero
2661 2545 2826 2598 :Non
2855 2549 2960 2608 est,
2993 2559 3028 2598 ο
3063 2544 3338 2610 Bonifaci,
3369 2544 3584 2617 inquit,

1931 2635 2170 2701 tempus
2209 2630 2475 2694 ludendi,
2511 2646 2707 2703 neque
2753 2631 2969 2686 horum
3025 2632 3362 2702 verborum,
3396 2649 3432 2688 a
3459 2633 3588 2705 qui-

1931 2720 2044 2776 bus
2071 2719 2468 2776 abstinentem
2490 2719 2694 2788 jubeo,
2730 2723 2790 2774 ut
2815 2719 2910 2790 pie
2958 2725 3014 2775 et
3042 2721 3287 2776 honeste
3315 2731 3367 2776 te
3392 2737 3584 2792 geras.

1934 2811 2078 2864 Nam
2112 2808 2185 2862 iis
2217 2823 2278 2863 es
2321 2808 2733 2875 inserviturus,
2779 2824 2914 2880 quae
2944 2824 3054 2864 nos
3079 2825 3200 2864 non
3234 2809 3429 2866 solum
3460 2818 3589 2866 tan-

1935 2911 2094 2966 gere,
2155 2896 2258 2950 sed
2312 2896 2492 2952 etiam
2564 2896 2828 2967 aspicere
2896 2896 3195 2966 indignos,
3251 2898 3452 2954 nimias
3498 2902 3588 2953 est

1936 2984 2204 3039 audacias
2231 2989 2286 3038 et
2312 2985 2680 3042 temeritatis.
2716 2986 2862 3040 Cum
2891 2985 2985 3040 his
3031 2986 3169 3042 satis
3200 2986 3582 3056 inerepasset,

229 3073 406 3145 ὥσπερ
463 3071 576 3125 ἀντὶ
634 3069 852 3134 παιδιᾶς
903 3072 1122 3147 ἀκαίρου
1168 3073 1238 3134 εἰς
1278 3072 1430 3144 φόϐον
1486 3071 1688 3141 εὔλογον
1731 3075 1824 3128 τήν

1937 3078 1990 3126 et
2021 3072 2246 3142 pudore
2285 3072 2600 3140 affecisset,
2639 3078 2695 3128 et
2741 3089 2848 3145 pro
2889 3073 3032 3130 ludo
3063 3074 3480 3146 intempestivo
3506 3075 3586 3132 ad

229 3159 427 3212 ἐκείνου
462 3159 644 3233 ψυχὴν
692 3167 1096 3227 καταστήσασα,
1144 3161 1254 3214 εἶτα
1296 3165 1407 3224 καὶ,
1428 3160 1485 3212 Ὀ
1517 3163 1664 3223 Θεὸς,
1695 3159 1827 3210 ἐπει-

227 3257 422 3311 ποῦσα,
468 3251 493 3302 ό
526 3247 599 3302 δι’
631 3252 769 3322 ἡμᾶς
798 3255 995 3325 μορφὴν
1046 3248 1233 3302 δούλου
1287 3248 1454 3301 λαϐὼν
1507 3253 1596 3300 καὶ
1625 3251 1681 3300 1'6
1713 3248 1828 3300 ἐαυ-

228 3346 319 3392 τοῦ
371 3340 502 3411 αἷμα
555 3339 764 3411 ἐκχέας,
812 3340 964 3400 αὐτὸς
1011 3337 1226 3414 παρίδοι
1280 3341 1344 3391 τὰ
1385 3339 1691 3409 πταίσματα
1724 3357 1824 3409 μου

232 3433 320 3480 καὶ
379 3429 651 3482 ἀποστελεῖ
699 3434 785 3482 τόν
841 3429 1058 3501 ἄγγελον
1133 3429 1291 3481 αὐτοῦ
1352 3429 1638 3502 ἔμπροσθέν
1706 3446 1822 3493 σου,

233 3523 321 3570 καὶ
345 3521 647 3571 καθευὸυνεῑ
670 3521 736 3571 τά
766 3515 1073 3590 διαϐήματά
1121 3537 1214 3570 σου
1261 3534 1274 3548 ·
1324 3521 1452 3591 πρὸς
1497 3519 1699 3576 τούτοις
1736 3519 1826 3567 καὶ

233 3603 408 3668 δεξιὰν
454 3610 591 3677 αύτῷ
638 3611 724 3665 τήν
784 3603 1034 3659 ἐπάνοδον
1098 3607 1345 3678 εὐξαμένη
1407 3604 1672 3676 ἐξέπεμψε.
1727 3607 1824 3656 Τόν

233 3694 292 3750 δὲ
323 3700 619 3768 Βονιφάτιον
650 3701 854 3754 ὤνησαν
903 3700 992 3768 μὲν
1032 3697 1091 3748 ού
1152 3701 1372 3770 μετρίως
1429 3715 1481 3748 τε
1527 3700 1612 3747 καὶ
1660 3697 1708 3747 οἱ
1737 3704 1825 3756 τῆς

235 3782 516 3846 δεσποίνης
561 3785 722 3856 λόγοι,
769 3791 857 3838 καὶ
900 3789 1026 3858 πρὸς
1068 3789 1131 3838 τὰ
1181 3787 1291 3838 θεῖά
1329 3804 1381 3837 τε
1424 3789 1512 3836 καὶ
1564 3783 1827 3856 σεϐάσμια

234 3871 446 3947 περιδεῆ
508 3879 857 3941 κατέστησαν,
918 3877 1028 3927 ὅθεν
1075 3878 1190 3928 οὔτε
1236 3883 1394 3948 κρεῶν
1457 3877 1647 3933 ἥπτετο
1691 3877 1823 3926 κατά

234 3968 326 4021 τὴν
359 3969 588 4037 πορείαν,
633 3967 744 4017 οὔτε
781 3969 884 4037 μὴν
933 3968 1051 4035 οἴνῳ
1096 3964 1293 4038 ἐχρῆτο
1327 3985 1338 3997 ·
1373 3964 1538 4036 εἰσῄει
1569 3960 1628 4016 δὲ
1668 3963 1822 4015 αὐτόν

234 4059 321 4106 καὶ
371 4053 636 4125 λογισμός,
695 4056 867 4128 ὥσπερ
926 4049 1271 4125 παιδαγωγός
1331 4052 1541 4124 ἀγαθός,
1622 4054 1819 4126 ὅτιπερ,

234 4143 334 4194 Οἷα
391 4138 611 4216 δράσας,
667 4144 750 4195 οἷα
805 4141 967 4215 μελλω
1019 4147 1207 4215 χερσὶν
1255 4141 1495 4212 ἀνάγνοις
1546 4145 1824 4213 μετακομί-

235 4235 338 4295 ζειν
368 4251 385 4302 ;
417 4239 517 4285 Καὶ
546 4240 618 4302 τῷ
648 4228 752 4284 δέει
781 4234 946 4302 τούτῳ
974 4231 1143 4304 ἠρέμα
1179 4250 1231 4283 τι
1277 4238 1372 4292 τῆς
1419 4234 1543 4302 πρὸς
1579 4233 1637 4281 τὸ
1671 4238 1825 4299 σῶμα

231 4323 592 4394 προσπαθείας
664 4321 1037 4393 κατωλιγὼρει,

231 4412 458 4463 ἐπείθετο
493 4428 504 4438 '
535 4408 684 4482 φόϐος
714 4412 801 4480 μεν
831 4411 934 4480 γὰρ
982 4411 1156 4477 πατὴρ
1209 4414 1486 4479 προσοχῆς
1519 4423 1530 4434 '
1571 4407 1600 4464 ἡ
1638 4402 1696 4456 δε
1725 4426 1821 4476 γα-

1125 4324 1214 4370 καὶ
1296 4318 1458 4387 ἐαυτῷ
1541 4321 1822 4390 προσέχειν

1932 3161 2163 3231 justum
2195 3165 2251 3215 et
2280 3160 2496 3214 rationi
2527 3167 2992 3217 consentaneum
3026 3169 3250 3218 metum
3272 3164 3431 3219 illius
3462 3166 3588 3221 ani-

1937 3265 2102 3304 mam
2137 3248 2496 3304 traduxisset
2541 3253 2597 3304 et
2622 3249 2873 3305 dixisset
2904 3267 2917 3305 :
2949 3251 3123 3319 Deus,
3151 3253 3255 3322 qui
3287 3253 3439 3308 servi
3468 3253 3584 3308 for-

1937 3353 2100 3392 mam
2131 3341 2375 3408 propter
2399 3352 2511 3392 nos
2547 3336 2779 3408 accipit,
2812 3345 2868 3392 et
2907 3354 3086 3393 suum
3113 3339 3322 3396 effudit
3349 3341 3586 3411 sangui-

1919 3441 2094 3489 nem,
2129 3426 2253 3498 ipse
2282 3425 2360 3482 ad
2409 3441 2543 3481 mea
2568 3441 2688 3480 non
2721 3425 2971 3497 aspiciat
3015 3425 3250 3493 delicta,
3313 3432 3367 3482 et
3396 3428 3588 3485 mittat

1935 3515 2218 3584 angelum
2251 3531 2428 3570 suum
2483 3517 2622 3570 ante
2671 3519 2746 3578 te,
2781 3519 2838 3570 et
2880 3514 3099 3584 dirigat
3141 3531 3376 3586 gressus
3427 3521 3580 3573 tuos.

1937 3603 2155 3660 Deinde
2195 3603 2453 3659 faustum
2483 3603 2532 3658 ei
2572 3609 2810 3674 precata
2855 3603 3130 3669 reditum,
3184 3620 3321 3660 eum
3353 3605 3584 3662 emittit.

1937 3691 2232 3748 Bonifacio
2263 3707 2402 3746 vero
2445 3706 2565 3746 non
2616 3690 2990 3746 mediocriter
3045 3692 3291 3764 quidem
3351 3693 3586 3764 profue-

1933 3786 2070 3836 runt
2097 3780 2281 3835 verba
2311 3780 2592 3843 dominre,
2624 3783 2680 3834 et
2707 3784 2787 3848 ut;
2808 3795 2900 3834 res
2923 3779 3156 3836 divinas
3201 3784 3256 3836 et
3276 3781 3584 3852 religiosas

1932 3873 2315 3938 revereretur,
2365 3867 2703 3923 effecerunt.
2776 3867 2916 3923 Hinc
2978 3867 3205 3924 factum
3271 3873 3362 3924 est
3415 3873 3478 3924 ut
3524 3870 3585 3926 in

1931 3958 2136 4014 itinere
2186 3973 2293 4013 nec
2342 3973 2551 4012 carnes
2608 3960 2896 4026 tangeret,
2958 3973 3066 4012 nec
3106 3956 3246 4048 vino
3308 3963 3583 4023 uteretur,

1934 4047 2184 4102 Subibat
2240 4050 2439 4101 autem
2498 4045 2628 4115 ejus
2678 4060 2920 4116 quoque
2962 4045 3228 4101 mentem
3278 4046 3580 4115 cogitatio,

1930 4135 2112 4189 veluti
2150 4133 2399 4203 quidam
2446 4133 2641 4188 bonus
2694 4133 3065 4204 paedagogus
3120 4150 3132 4188 :
3185 4133 3393 4198 Qualia
3445 4138 3585 4190 sunt

1931 4236 2066 4292 quae
2110 4219 2242 4282 feci,
2271 4224 2326 4274 et
2363 4219 2568 4290 qualia
2621 4237 2755 4275 sum
2788 4221 3037 4290 impuris
3064 4221 3345 4276 manibus
3387 4228 3581 4294 porta-

1934 4314 2099 4364 turus
2123 4309 2152 4363 ?
2178 4311 2416 4378 Propter
2460 4308 2618 4362 hunc
2648 4323 2790 4364 vero
2851 4313 3092 4372 metum,
3152 4308 3373 4365 sensim
3403 4310 3584 4380 negli-

1930 4397 2108 4466 gebat
2137 4395 2450 4468 pristinam
2476 4411 2646 4451 suam
2679 4394 2741 4450 in
2765 4411 2983 4465 corpus
3015 4395 3409 4463 affectionem,
3438 4403 3494 4454 et
3518 4401 3584 4454 ut

229 4501 388 4560 λήνης
427 4504 601 4571 μήτηρ
648 4502 738 4548 καὶ
785 4497 1172 4556 καταστάσεως,
1211 4495 1341 4551 αὕτη
1395 4491 1453 4546 δὲ
1509 4498 1601 4553 τὴν
1645 4499 1822 4547 συναί-

1936 4485 2042 4541 sibi
2100 4485 2449 4549 attenderet,
2519 4483 2634 4539 sibi
2693 4482 3112 4555 persuadebat.
3179 4487 3325 4540 Nam
3379 4489 3574 4542 metus

235 4592 448 4652 σθησιν,
478 4589 650 4660 ὥσπερ
698 4587 747 4637 ἐν
802 4584 1058 4658 ἀταράχῳ
1111 4587 1211 4635 τινὶ
1258 4588 1347 4635 καὶ
1390 4586 1598 4656 καθαρῷ
1638 4580 1816 4651 ύδατι,

234 4680 300 4730 τὰ
341 4676 506 4738 αὐτῆς
563 4678 732 4746 αἴσχη
787 4671 1079 4726 διαϐλέπειν
1123 4679 1260 4725 ποιεῖ
1289 4689 1301 4702 °
1342 4676 1430 4724 καὶ
1461 4672 1624 4735 οὕτως
1652 4672 1819 4747 ἀρχαὶ

233 4773 319 4820 καὶ
348 4766 494 4841 ῥίζαι
538 4772 628 4825 τῆς
669 4768 942 4836 μετανοίας
994 4765 1225 4835 φύονται,
1272 4761 1302 4821 ἣ
1351 4759 1417 4820 δὴ
1467 4767 1579 4815 τότε
1608 4768 1697 4815 καὶ
1727 4770 1819 4816 Bo-

231 4858 463 4928 νιφάτιον
501 4853 668 4914 καλῶς
720 4852 1030 4924 συνειλήφει,
1084 4857 1172 4903 καὶ
1211 4847 1318 4910 ἤδη
1356 4854 1483 4923 πρὸς
1515 4849 1638 4922 βίου
1672 4850 1819 4926 ἀκρί-

233 4944 370 4998 ϐειαν
403 4943 659 4996 ἀπονεύων
690 4945 902 5016 φανερὸς
933 4938 1013 5006 ἧν,
1055 4949 1150 5002 τῆς
1181 4944 1269 5012 μὲν
1304 4945 1606 5014 παχυτέρας
1628 4944 1822 5003 ταύτης

233 5039 318 5087 καὶ
341 5041 585 5108 περιττῆς
609 5040 818 5106 τροφῆς,
847 5032 1018 5105 ὥσπερ
1046 5033 1253 5102 ἔφημεν,
1285 5028 1624 5100 ἀπεχόμενος,
1655 5030 1820 5102 εύχῆς

235 5120 292 5176 δε
343 5119 681 5176 ἀδιαλείπτου
722 5124 809 5172 καὶ
847 5124 1086 5182 νηστείας
1134 5121 1268 5172 κατά
1309 5123 1402 5177 τὴν
1437 5123 1646 5194 πορείαν
1696 5117 1818 5192 ἐχό.

233 5231 392 5285 μενος.

303 5477 374 5533 Ε’.
429 5476 572 5530 Ἐπεὶ
626 5472 685 5528 δὲ
736 5477 824 5528 καὶ
878 5473 1055 5535 ἐπιϐὰς
1119 5482 1209 5534 τῆς
1287 5473 1465 5535 Ἀσίας
1521 5474 1656 5526 κατά
1725 5477 1818 5533 τὴν

211 5569 550 5640 ⁸νῖιμιιεουμένην
601 5573 698 5628 τῆς
745 5563 982 5640 Κιλικίας
1036 5565 1240 5635 Ταρσὸν
1300 5562 1513 5634 ἐγένετο,
1577 5563 1697 5614 ἔνθα
1752 5557 1817 5621 δὴ

1927 4575 2174 4648 quidem
2188 4579 2277 4630 est
2301 4577 2491 4629 mater
2519 4571 2955 4644 tranquillitatis
2985 4576 3042 4628 et
3073 4572 3286 4645 quietis
3311 4589 3325 4639 ;
3349 4590 3420 4630 ea
3441 4590 3580 4632 vero

1927 4664 2080 4736 parit
2107 4661 2556 4727 conscientiam,
2589 4677 2722 4734 quas
2761 4661 2920 4727 facit,
2957 4666 3020 4716 ut
3047 4661 3251 4718 anima
3290 4666 3578 4734 tanquam

1927 4754 1987 4808 in
2016 4768 2169 4826 pura
2198 4752 2401 4823 aliqua
2439 4755 2496 4806 et
2517 4766 2638 4806 non
2667 4749 2905 4806 turbata
2926 4765 3104 4820 aqua,
3147 4765 3256 4804 sua
3284 4750 3580 4808 intueatur

1929 4842 2226 4897 dedecora
2279 4856 2288 4894 :
2323 4843 2380 4894 et
2418 4841 2500 4894 sic
2552 4843 2882 4894 nascuntur
2920 4836 3213 4909 principia
3253 4841 3310 4892 et
3347 4838 3578 4895 radices

1929 4929 2312 5002 paenitentiae.
2363 4930 2491 4983 Jam
2526 4932 2664 4982 tunc
2712 4931 2911 4982 autem
2951 4925 3195 4996 pulchre
3226 4931 3580 4998 conceperat

1935 5018 2287 5082 Bonifacius,
2326 5017 2514 5087 etjam
2547 5020 2745 5087 aperte
2782 5014 3156 5078 ostendebat,
3198 5031 3259 5068 se
3291 5014 3578 5072 inclinare

1930 5107 2007 5163 ad
2033 5105 2216 5162 vitam
2245 5104 2567 5176 perfectam
2593 5108 2649 5158 et
2685 5109 3047 5167 accuratam,
3083 5108 3144 5158 ut
3171 5102 3273 5174 qui
3298 5118 3334 5158 a
3363 5104 3577 5160 crassis

1929 5196 2174 5269 quidem
2225 5199 2282 5250 et
2316 5192 2796 5265 supervacaneis,
2834 5196 2898 5247 ut
2933 5190 3213 5256 diximus,
3255 5191 3579 5250 abstineret

1930 5283 2244 5347 alimentis,
2278 5281 2533 5338 assiduis
2559 5295 2696 5336 vero
2723 5278 3000 5352 precibus
3041 5283 3096 5335 et
3129 5279 3372 5352 jejuniis
3400 5296 3576 5340 vaca-

1930 5380 2018 5431 ret
2048 5374 2108 5429 in
2147 5373 2370 5429 itinere.

2001 5475 2065 5527 V.
2107 5474 2425 5543 Postquam
2455 5471 2656 5525 autem
2681 5465 3048 5525 ascendisset
3070 5466 3132 5524 in
3157 5467 3376 5535 Asiam,
3413 5471 3468 5526 et
3493 5469 3574 5527 ad

1931 5560 2288 5617 celebratam
2314 5559 2373 5613 in
2412 5557 2609 5615 Cilicia
2646 5555 3012 5630 pervenisset
3038 5555 3310 5624 Tarsum,
3349 5571 3472 5628 quo
3508 5557 3572 5616 in
