4114 6262
506 289 611 351 247

1915 280 2176 341 MENSIS
2218 276 2459 336 MAIUS.

3798 262 3934 318 248

507 419 641 476 loco
690 417 867 476 etiam
921 416 1305 474 decertabant
1361 418 1676 487 martyres,
1735 411 1861 468 aliis
1910 408 2195 481 quidem.

2306 410 2357 457 ui
2405 406 2454 457 οἱ
2506 405 2763 475 μάρτυρες
2812 398 3146 469 ἠγωνίζοντο,
3191 401 3299 456 τοῖς
3352 395 3441 466 μὲν
3493 388 3678 452 ἄλλοις
3745 387 3933 460 ἐφῆκε

510 508 798 581 permisit,
835 512 894 561 ut
924 507 1033 577 ipsi
1064 510 1120 561 et
1149 506 1283 577 equi
1322 504 1712 577 quiescerent,
1746 498 1907 571 apud
1947 513 2161 569 quem-

512 598 655 652 dam
689 595 804 650 illic
830 594 1088 665 hospitio
1139 594 1384 663 excepti.
1420 593 1549 662 Ipse
1590 606 1729 644 vero
1771 605 1842 643 ne
1881 587 1988 641 vite
2028 584 2158 656 qui-

511 686 649 741 dem
682 699 933 738 excusso
973 683 1236 753 pulvere,
1273 680 1566 752 profectus
1610 685 1693 733 est
1725 677 1802 732 ad
1835 675 2159 730 videndum

512 773 878 829 desideratas
916 779 1226 842 martyres.
1264 773 1325 824 Et
1348 786 1482 824 cum
1508 768 1763 822 venisset
1792 766 1848 819 in
1878 762 2159 826 stadium,

510 862 672 916 videt
698 860 900 932 populi
920 859 1163 930 quidem
1192 874 1477 927 magnam
1505 856 1811 911 collectam
1845 850 2161 907 multitudi-

514 966 654 1006 nem
680 950 756 1004 ad
805 964 873 1003 ea
904 947 1178 1013 videnda,
1227 963 1362 1019 quae
1395 946 1617 1001 fiebant
1659 965 1670 1009 ;
1705 948 1939 998 sanctos
1963 947 2165 996 autem

513 1039 692 1094 variis
732 1037 886 1092 afﬁci
912 1036 1241 1100 tormentis,
1276 1040 1330 1089 et
1369 1050 1557 1089 unum
1596 1032 1839 1105 quidem
1884 1030 2166 1085 omnibus

517 1128 741 1182 crimen
794 1125 992 1195 objici,
1027 1140 1243 1195 nempe
1278 1124 1557 1195 pietatem
1591 1138 1659 1177 ac
1690 1137 1892 1176 veram
1931 1118 2166 1189 religio-

514 1232 676 1279 nem,
703 1230 825 1269 non
864 1213 1106 1269 eosdem
1146 1228 1285 1267 vero
1328 1211 1525 1265 subire
1566 1210 1881 1277 cruciatus,
1914 1207 2011 1263 sed
2045 1212 2167 1262 tam

515 1304 754 1371 multos,
796 1307 858 1358 ut
888 1318 1065 1357 nemo
1094 1300 1213 1357 fere
1265 1301 1476 1355 eodem
1517 1299 1907 1354 damnaretur
1946 1295 2170 1367 suppli-

518 1393 630 1460 cio,
660 1392 771 1447 etsi
820 1390 1031 1461 spiritu
1061 1393 1258 1445 essent
1288 1387 1610 1459 conjuncti,
1652 1392 1707 1442 et
1736 1402 1835 1441 ore
1876 1385 2169 1441 nihilomi-

517 1496 633 1536 nus
662 1479 870 1535 eadem
895 1479 1297 1549 loquerentur.
1332 1480 1473 1532 Nam
1501 1476 1650 1531 alius
1679 1475 1923 1547 quidem
1956 1473 2171 1544 pende-

518 1570 625 1626 bat
668 1567 878 1640 capite,
937 1566 1138 1621 subter
1176 1582 1317 1621 vero
1380 1566 1533 1634 ignis
1585 1568 1710 1620 erat
1780 1567 2115 1617 substratus
2157 1579 2171 1615 :

522 1659 674 1714 alius
733 1661 933 1714 autem
973 1661 1097 1710 erat
1152 1659 1431 1710 extensus
1469 1658 1726 1726 quatuor
1779 1652 1971 1721 lignis.
2017 1650 2179 1705 Alius

524 1762 687 1801 serra
745 1744 1079 1799 secabatur.
1145 1743 1306 1798 Alius
1372 1740 1835 1812 discerpentium
1896 1739 2177 1793 manibus

2306 1741 2547 1815 ἓπρίζετο,
2608 1739 2759 1801 ἄλλος
2811 1739 3020 1800 ξεόντων
3067 1740 3255 1810 χερσὶν
3295 1735 3589 1787 ἐλεπτύνετο
3628 1750 3642 1763 ⁸

524 1833 1076 1889 comminuebatur:
1107 1837 1164 1887 et.
1183 1831 1333 1886 illius
1359 1830 1608 1902 quidem
1639 1829 1792 1884 oculi
1821 1827 2181 1883 eﬁodieban-

526 1929 640 1987 tur,
672 1921 850 1991 hujus
889 1926 1088 1976 autem
1147 1936 1362 1974 manus
1420 1918 1917 1989 amputabantur,
1959 1923 2015 1971 et
2046 1916 2183 1970 huic

528 2011 773 2082 quidem
827 2025 931 2079 per
977 2009 1194 2063 collum
1240 2007 1410 2078 palus
1440 2011 1799 2071 transactus,
1852 2010 2017 2061 terrae
2063 2010 2187 2059 erat

533 2098 748 2153 affixus
799 2114 810 2151 :
845 2096 925 2151 illi
964 2113 1106 2151 vero
1148 2112 1362 2151 manus
1395 2111 1546 2166 pene
1603 2094 2183 2162 circumagebantur,

533 2186 716 2257 pedes
760 2190 960 2240 autem
990 2189 1198 2240 contra
1252 2183 1523 2255 improbe
1572 2183 2071 2251 refringebantur,
2134 2186 2190 2236 et

534 2275 799 2345 utrisque
835 2274 916 2328 sic
964 2272 1174 2329 vinctis
1214 2273 1483 2327 similiter
1530 2288 1670 2328 ossa
1709 2271 2188 2327 conterebantur.

536 2363 729 2418 Alium
764 2364 822 2431 (ο
856 2378 1141 2431 magnam
1194 2362 1517 2433 impiorum
1572 2361 1869 2416 insaniam
1906 2360 1943 2430 ι)
1977 2359 2193 2413 licebat

537 2450 737 2505 videre
790 2450 1129 2505 mutilatum
1177 2449 1463 2505 manibus
1509 2453 1566 2504 et
1586 2449 1866 2521 pedibus,
1918 2453 1975 2502 et
2025 2445 2195 2501 humi

540 2538 727 2593 instar
756 2538 913 2607 globi
968 2538 1333 2593 devolutum.
1368 2538 1480 2595 Sed
1530 2538 1631 2592 etsi
1681 2537 1807 2592 haac
1858 2541 2198 2608 paterentur

540 2626 651 2681 viri
699 2627 967 2696 generosi
1034 2631 1089 2682 et
1154 2626 1347 2695 fortes,
1409 2632 1697 2697 tanquam
1747 2642 1867 2681 non
1933 2625 2202 2681 subirent

545 2713 772 2786 aliquid
820 2714 1139 2769 violentum
1170 2720 1227 2770 et
1266 2715 1600 2780 molestum,
1636 2716 1737 2769 sed
1777 2714 2021 2786 perinde
2052 2729 2122 2769 ac
2153 2712 2200 2767 si

542 2818 752 2858 eorum
836 2808 1264 2858 renovarentur
1344 2819 1612 2874 corpora,
1705 2807 1759 2858 et
1845 2803 2202 2857 sustinerent

543 2890 877 2962 quamdam
896 2892 955 2945 in
976 2892 1191 2947 melius
1215 2892 1629 2957 mutationem,
1660 2892 1808 2947 sicut
1830 2896 1953 2947 erat
1974 2908 2199 2954 revera,

550 2979 923 3041 laatabantur,
965 2980 1048 3034 eis
1082 2979 1281 3036 divina
1311 2980 1521 3036 virtute
1561 2980 1780 3036 ferente
1808 2981 2123 3045 auxilium,
2149 2986 2205 3036 et

552 3067 944 3123 conﬁrmante
972 3068 1048 3123 ad
1073 3074 1372 3124 certamen
1407 3087 1418 3124 :
1454 3085 1573 3125 non
1590 3074 1822 3140 poterat
1847 3070 2005 3125 enim
2037 3070 2207 3125 aliter

551 3154 699 3220 ﬁeri,
736 3158 799 3209 ut
828 3156 1096 3212 humana
1121 3158 1246 3212 haec
1274 3164 1570 3229 pateretur
1592 3164 1819 3223 natura,
1854 3160 2033 3231 idque
2068 3174 2205 3214 cum

554 3244 791 3314 gaudio,
847 3244 961 3299 nisi
1021 3262 1279 3318 superna
1310 3262 1412 3301 eos
1472 3263 1689 3303 manus
1734 3252 2019 3316 tangeret.
2079 3250 2209 3301 Heec

552 3332 758 3387 videns
802 3334 1151 3399 Bonifacius,
1184 3340 1239 3391 et
1265 3352 1385 3391 non
1418 3337 1611 3392 solum
1636 3336 1862 3399 videns,
1898 3336 2003 3389 sed
2031 3335 2210 3389 etiam

555 3420 765 3476 sedulo
812 3426 868 3476 et
904 3422 1217 3492 diligenter
1274 3424 1509 3493 singula
1548 3424 1957 3487 considerans,
1991 3427 2047 3478 et
2079 3438 2214 3493 par-

554 3508 661 3563 tim
678 3509 922 3594 quidem
935 3517 1178 3582 stupens
1198 3518 1531 3583 martyrum
1546 3512 1967 3578 constantiam,
1993 3512 2211 3584 partim

552 3602 753 3653 autem
784 3615 955 3669 pares
997 3617 1248 3657 coronas
1290 3603 1573 3674 consequi
1632 3602 2001 3670 desiderans,
2054 3607 2211 3657 totus

558 3687 675 3741 Deo
715 3686 971 3756 afﬂatus,
1011 3689 1317 3744 descendit
1355 3691 1411 3744 in
1454 3692 1746 3746 theatrum
1793 3709 1805 3745 :
1848 3697 1901 3746 et
1967 3708 2103 3746 cum
2148 3706 2211 3748 se

554 3772 787 3828 fecisset
817 3775 1199 3831 manifestum
1226 3779 1522 3842 omnibus,
1564 3784 1875 3849 martyres,
1910 3781 2012 3852 qui
2045 3786 2212 3836 erant

557 3874 767 3915 omnes
827 3862 1049 3931 viginti,
1123 3863 1467 3933 singulatim
1532 3865 1927 3935 amplectitur.
1989 3868 2211 3923 Deinde

554 3947 736 4003 etiam
761 3950 1044 4005 omnibus
1086 3952 1468 4008 audientibus
1516 3970 1738 4025 magna
1770 3972 1933 4021 voce,
1968 3959 2213 4026 Magnus

559 4040 663 4106 est,
715 4037 922 4110 inquit,
972 4041 1123 4095 Deus
1152 4041 1617 4099 Christianorum
1656 4060 1666 4098 :
1702 4047 1945 4113 Magnus
1968 4051 2073 4111 est,
2107 4044 2212 4116 qui

558 4124 807 4180 athletas
835 4142 944 4182 sua
970 4143 1081 4199 ope
1109 4128 1353 4198 adjuvit.
1388 4129 1518 4185 Haec
1551 4147 1685 4187 cum
1710 4133 1974 4199 dixisset,
2006 4151 2210 4189 rursus

558 4211 728 4266 latus
753 4215 1491 4290 adhaerebatmartyribus,
1513 4237 1647 4277 cum
1676 4239 1893 4293 magno
1916 4223 2211 4280 desiderio

556 4301 957 4372 prehensabat
980 4311 1034 4361 et
1054 4308 1523 4379 amplectebatur
1541 4312 1740 4382 pedes.
1767 4313 1994 4378 Quibus
2012 4321 2211 4368 autem

559 4389 1016 4462 deerantpedes,
1039 4411 1158 4461 eas,
1184 4413 1317 4466 quae
1339 4399 1661 4465 restabant,
1684 4406 1881 4469 partes
1908 4403 2206 4471 corporis:

2270 493 2757 553 διαναπαυσασθαι,
2816 488 3004 547 αὐτούς
3055 505 3109 538 τε
3154 490 3243 537 καὶ
3294 486 3482 543 ἵππους
3531 484 3581 534 ἓν
3637 499 3761 532 τινι
3807 486 3927 528 τῶν

2270 584 2455 636 ἐκεῖθεν
2504 582 2847 647 ξενισθέντας,
2904 576 3058 633 αὐτὸς
3125 571 3182 626 δὲ
3250 569 3387 645 μηδὲ
3449 580 3547 633 τῆς
3608 566 3760 621 ὁδοῦ
3821 572 3927 624 τὴν

2269 678 2407 724 κόνιν
2467 669 2871 733 ἐκτιναξάμενος,
2949 668 3017 726 ὡς
3097 660 3210 735 εἶχε
3284 658 3459 714 ποδῶν
3509 659 3720 733 ἐχώρει
3784 661 3928 715 τοὺς

2272 764 2621 832 ποθουμένους
2683 760 2951 829 μάρτυρας
3010 757 3314 829 ἱστορῆσαι.
3393 756 3492 804 Καὶ
3544 754 3774 823 παριὼν
3840 747 3928 806 εἰς

2273 855 2330 904 τό
2365 847 2600 916 στάδιον,
2642 849 2737 919 ὁρᾷ
2766 854 2860 899 τοῦ
2899 848 2988 917 μὲν
3021 842 3194 915 δήμου
3243 842 3371 894 πολύ
3419 861 3470 893 τι
3522 839 3741 899 πλῆθος
3786 855 3923 888 συν-

2278 940 2557 1011 ειλεγμένον
2633 939 2766 988 κατά
2850 936 2965 987 θέαν
3016 942 3112 985 τῶν
3170 934 3554 1006 πραττομένων,
3625 927 3925 998 βασάνοις

2278 1027 2336 1083 δὲ
2384 1032 2504 1089 τοὺς
2551 1026 2733 1098 ἁγίους
2784 1023 3044 1085 ποικίλαις
3096 1018 3484 1092 ἐκδιδομένους,
3541 1022 3635 1071 καὶ
3690 1016 3757 1068 ἓν
3816 1018 3920 1087 μὲν

2277 1118 2678 1190 ἐγκαλουμένους
2735 1115 2966 1173 ἅπαντας
3017 1117 3109 1170 τήν
3161 1109 3441 1173 εὐσέϐειαν,
3490 1108 3548 1160 οὐ
3607 1114 3739 1166 ταῖς
3810 1105 3923 1156 αὖ-

2276 1216 2386 1267 ταῖς
2431 1204 2489 1259 δὲ
2540 1209 2816 1277 τιμωρίαις
2870 1204 3243 1273 ὑπαγομένους,
3294 1199 3422 1251 ἀλλὰ
3476 1200 3811 1264 τοσαύταις,
3852 1198 3925 1254 ὡς

2282 1292 2480 1367 σχεδόν
2527 1290 2732 1367 μηδένα
2782 1297 2876 1351 τήν
2931 1296 3051 1348 ἴσην
3111 1290 3518 1361 κατακρίνεσθαι
3570 1294 3647 1355 τῷ
3709 1285 3918 1355 ἑτέρῳ,

2280 1390 2455 1436 καίτοι
2528 1388 2618 1435 καὶ
2700 1383 2955 1454 πνεύματι
3033 1382 3410 1451 συνημμένους,
3478 1380 3566 1428 καὶ
3640 1377 3917 1444 στόματι,

2284 1470 2433 1525 οὐδὲν
2488 1474 2638 1531 ἧττον
2710 1474 2775 1523 τὰ
2857 1470 2992 1522 αὐτὰ
3068 1470 3456 1540 φθεγγομένους.
3508 1464 3567 1517 Ὀ
3804 1465 3917 1534 γὰρ

2284 1566 2482 1635 ἤρτητο
2537 1561 2619 1613 ἐπὶ
2693 1560 2935 1632 κεφαλήν,
2997 1559 3224 1610 κάτωθεν
3287 1552 3346 1609 δὲ
3413 1554 3570 1607 αὐτοῦ
3633 1560 3748 1626 πῦρ
3814 1553 3920 1602 ὑπ-

2631 1652 2655 1701 ό
2715 1646 2772 1701 δὲ
2822 1648 2987 1711 ξύλοις
3040 1651 3296 1719 τέσσαρσι
3352 1643 3628 1697 διατέτατο
3673 1662 3687 1673 ·
3746 1639 3918 1700 illa;

3680 1734 3787 1783 καὶ
3819 1737 3917 1781 τοῦ

2288 1656 2512 1724 ἐστρωτο
2565 1670 2577 1682 ’

2291 1835 2380 1904 μὲν
2412 1829 2575 1900 ὄψεις,
2619 1835 2711 1881 τοῦ
2760 1824 2818 1880 δὲ
2875 1835 3046 1900 χεῖρες
3084 1825 3411 1888 ἐξεκόπτοντο
3455 1845 3467 1856 -
3506 1827 3596 1875 καὶ
3645 1830 3756 1873 τῶν
3821 1824 3917 1889 μὲν

2294 1918 2386 1973 διὰ
2411 1928 2501 1971 τοῦ
2534 1918 2803 1991 τραχήλου
2834 1916 3106 1975 πάσσαλος
3135 1914 3369 1975 ἐλασθεὶς
3410 1921 3474 1984 τῇ
3522 1921 3589 1983 γῇ
3627 1915 3917 1984 προσεπή-

2293 2028 2470 2080 γνυτο,
2519 2015 2590 2078 τῷ
2646 2003 2704 2059 δὲ
2750 2014 2920 2079 χεῖρες
2967 2008 3055 2076 μὲν
3104 2005 3313 2056 ὄπισθεν
3356 2006 3688 2073 περιήγοντο,
3737 1996 3915 2059 πόδες

2299 2095 2357 2151 δὲ
2429 2105 2661 2169 πονηρῶς
2734 2094 3125 2157 ἀντανεκλῶντο,
3210 2096 3299 2144 καὶ
3390 2091 3695 2165 ἀμφοτέρων
3772 2090 3914 2141 οὕτω

2301 2184 2683 2251 δεσμηθέντων,
2742 2181 2962 2259 ῥάϐδοις
3020 2184 3170 2242 αὐτὸς
3233 2185 3297 2234 τὰ
3353 2180 3484 2232 ὀστᾶ
3532 2178 3911 2250 συνετρίϐετο·

2301 2276 2470 2341 ἄλλον,
2531 2277 2570 2326 ὣ
2618 2283 2708 2335 τῆς
2758 2273 2950 2334 πολλῆς
3003 2277 3187 2344 μανίας
3220 2280 3318 2323 τῶν
3374 2269 3571 2322 ἀσεϐῶν
3600 2269 3613 2323 l
3647 2273 3746 2320 καὶ
3801 2274 3917 2339 χεῖ-

2302 2387 2393 2441 ρας
2418 2363 2479 2424 ἧν
2510 2363 2637 2417 ἰδεῖν
2687 2365 2796 2436 ἅμα
2842 2368 2929 2415 καὶ
2985 2360 3156 2424 πόδας
3201 2361 3556 2434 ἀφαιρεθέντα,
3605 2364 3698 2410 καὶ
3751 2356 3914 2414 δίκην

2308 2461 2526 2528 σφαίρας
2574 2454 2657 2506 ἐπὶ
2697 2463 2790 2525 γῆς
2836 2453 3152 2524 κυλιόμενον.
3211 2451 3366 2504 Ἀλλὰ
3434 2454 3523 2501 καὶ
3583 2456 3758 2501 ταῦτα
3814 2450 3916 2499 πά·

2310 2564 2528 2617 σχοντες
2558 2546 2605 2595 οἱ
2646 2550 2890 2614 γενναῖοι,
2948 2544 3177 2615 καθάπερ
3236 2540 3296 2592 οὗ
3346 2538 3521 2611 βίαιόν
3567 2558 3621 2589 τι
3672 2538 3912 2611 λυπηρὸν

2308 2635 2669 2705 ὑφιστάμενοι,
2746 2630 2850 2683 ἀλλ’
2911 2634 3062 2682 οἱονεὶ
3127 2633 3193 2682 τὰ
3252 2634 3471 2701 σώματα
3526 2631 3902 2698 καινιζόμενοι,

2308 2729 2398 2775 καί
2450 2743 2561 2774 τινα
2610 2724 2740 2795 πρὸς
2803 2723 2861 2772 τό
2909 2726 3139 2794 κρεῖττον
3220 2717 3494 2770 ἀλλοίωσιν
3552 2718 3890 2787 ὑπομένοντες,

2311 2815 2480 2885 ὥσπερ
2540 2812 2643 2883 ἄρα
2692 2815 2780 2862 καὶ
2835 2806 2917 2877 ἧν,
2958 2809 3115 2868 οὕτως
3166 2811 3400 2880 ἔχαιρον,
3441 2814 3538 2869 τῆς
3588 2808 3704 2865 θείας
3744 2806 3885 2856 ἅντι-

2310 2922 2437 2974 κρυς
2488 2900 2868 2959 ἐπιϐοηθούσης
2935 2899 3108 2959 αὐτοῖς
3162 2896 3429 2970 δυνάμεως
3488 2903 3578 2948 καὶ
3636 2898 3757 2970 πρὸς
3804 2897 3887 2945 τὸν

2315 2991 2489 3062 ἀγῶνα
2528 2990 2881 3061 ἐνισχυούσης
2914 3008 2925 3020 ·
2961 2988 3018 3040 οὐ
3061 2990 3159 3061 γὰρ
3210 2987 3375 3047 ἄλλως
3430 2983 3654 3038 δυνατόν
3707 2981 3767 3042 ἦν
3819 2983 3901 3035 ἂν·

2318 3084 2570 3152 θρωπείαν
2612 3082 2765 3150 φύσιν
2790 3086 2957 3131 ταῦτα
3008 3074 3301 3147 διενεγκεῖν,
3326 3081 3417 3128 καὶ
3443 3080 3558 3128 τότε
3590 3077 3685 3126 σὺν
3716 3070 3906 3145 ἡδονῇ,

2318 3175 2388 3242 μή
2445 3176 2539 3230 τῆς
2585 3170 2773 3219 ἄνωθεν
2843 3170 3019 3239 χειρός
3071 3168 3539 3238 συνεφαπτομένης.
3590 3171 3774 3216 Ταῦτα
3824 3169 3913 3215 καὶ

2314 3260 2619 3329 ’Βονιφάτιος
2675 3258 2824 3329 ὁρῶν,
2884 3261 2973 3308 καὶ
3034 3256 3137 3327 οὐχ
3185 3256 3357 3317 ἁπλῶς
3401 3257 3552 3328 ὀρῶν,
3598 3253 3711 3305 ἀλλ’
3745 3252 3917 3325 ἐπιμε-

2318 3347 2419 3408 λῶς
2484 3347 2677 3398 ἕκαστα
2753 3350 2840 3397 καὶ
2933 3345 3215 3417 φιλοπόνως
3303 3343 3751 3416 ἐξακριϐούμενος,
3827 3348 3918 3395 καὶ

2321 3444 2473 3488 τοῦτο
2531 3438 2620 3507 μὲν
2679 3433 3078 3506 ἐκπληττόμενος
3130 3442 3223 3495 τῆς
3269 3438 3540 3508 καρτερίας
3591 3437 3713 3495 τοὺς
3790 3435 3918 3506 μάρ-

2322 3546 2483 3599 τυρας
2511 3533 2656 3577 τοῦτο
2711 3521 2769 3577 δὲ
2816 3529 2905 3577 καὶ
2948 3532 3044 3576 τῶν
3094 3527 3219 3575 ἰσων
3267 3524 3443 3585 αὐτοῖς
3476 3525 3738 3594 στεφάνων
3772 3522 3919 3585 ἀξιω-

2326 3617 2475 3673 θῆναι
2526 3614 2855 3686 γλιχόμενος,
2905 3612 3019 3673 ὅλος
3075 3614 3248 3673 ἔνθους
3308 3612 3624 3684 γενόμελνος,
3690 3616 3815 3686 πρὸς
3865 3616 3910 3662 τὸ

2325 3707 2530 3777 θέατρον
2575 3702 2893 3767 καταϐαίνει,
2955 3707 3045 3754 καὶ
3093 3708 3202 3763 τοῖς
3250 3707 3383 3753 πᾶσι
3437 3702 3616 3754 ἑαυτὸν
3673 3698 3910 3759 ἐπίδηλον

2321 3799 2637 3868 παρασχὼν,
2679 3796 2846 3844 εἴκοσι
2894 3795 3015 3852 τοὺς
3063 3794 3331 3864 μάρτυρας
3374 3795 3519 3850 ὄντας
3552 3792 3750 3852 πάντας
3802 3792 3913 3843 καθ’

2323 3884 2408 3935 ἕνα
2456 3881 2748 3955 περιϐάλλει
2804 3886 2894 3933 καὶ
2954 3883 3368 3953 περιπτύσσεται
3428 3898 3440 3910 ·
3502 3876 3614 3932 εἶτα
3682 3886 3773 3932 καὶ
3845 3881 3916 3941 εἰς

2323 3970 2537 4029 ἐπήκοον
2590 3974 2793 4023 πάντων
2824 3969 3020 4042 μεγάλη
3051 3977 3211 4041 φωνῇ,
3248 3971 3419 4040 Μέγας
3460 3968 3485 4021 ὃ
3529 3978 3627 4021 τῶν
3658 3975 3916 4043 Χριστια-

2322 4068 2416 4111 νῶν
2458 4063 2605 4124 Θεὸς,
2639 4065 2801 4133 μέγας
2840 4062 2865 4110 ό
2908 4066 3017 4121 τοῖς
3070 4058 3319 4120 ἀθληταῖς
3352 4066 3671 4130 συμμαχῶν,
3710 4057 3913 4120 ἐξεϐόηο

2324 4169 2427 4202 σεν.
2490 4150 2663 4210 Οὕτως
2733 4148 2907 4211 εἰπὼν,
2985 4157 3083 4200 τῶν
3136 4151 3412 4220 μαρτύρων
3467 4144 3613 4208 αὖθις
3687 4150 3916 4219 γεγηθὼς

2322 4243 2514 4311 εἴχετο,
2578 4238 2974 4312 παρεκαθέζετο,
3045 4239 3275 4298 ποθεινός
3348 4241 3464 4297 τοὺς
3519 4233 3693 4298 πόδας
3771 4257 3914 4309 περι-

2323 4331 2608 4381 επτύσσετο
2647 4343 2658 4355 ’
2713 4328 2790 4388 οἷς
2822 4323 2879 4378 δὲ
2909 4330 2979 4397 μὴ
3014 4324 3189 4390 πόδες,
3242 4329 3307 4379 τὰ
3351 4326 3624 4398 λειπόμενα
3661 4326 3786 4398 μελη
3827 4334 3913 4379 τοῦ

2325 4424 2563 4489 σώματος
2650 4416 3041 4480 κατησπάζετο,
3145 4417 3469 4488 μακαρίζων,
3547 4415 3911 4491 ἐπιθαῤῥύνων,

559 4476 765 4532 beatos
778 4480 1019 4549 quidem
1038 4497 1140 4535 eos
1172 4487 1565 4551 pronuntians
1590 4493 1831 4558 propter
1852 4489 2035 4543 animi
2060 4489 2195 4544 forti-

2326 4503 2599 4578 δεόμενος·
2635 4505 2939 4577 μακαρίζων
2997 4507 3084 4575 μὲν
3134 4512 3224 4565 τῆς
3274 4501 3515 4577 ἀνδρείας
3552 4510 3641 4557 καὶ
3789 4525 3917 4579 προ-

559 4564 849 4629 tudinem,
882 4571 937 4621 et
967 4574 1299 4638 propterea,
1335 4587 1468 4643 quae
1500 4574 1656 4644 passi
1685 4574 1936 4641 fuerant,
1964 4582 2019 4630 et
2048 4577 2214 4649 quod

559 4650 739 4707 breve
768 4653 838 4708 sit
870 4654 949 4719 id,
982 4656 1146 4726 quod
1177 4662 1263 4712 est
1302 4659 1617 4731 reliquum,
1662 4667 1718 4717 et
1753 4680 1891 4718 mox
1921 4664 2118 4721 futura
2144 4666 2215 4721 sit

558 4739 826 4797 liberatio
876 4758 911 4798 a
963 4743 1271 4800 laboribus
1330 4753 1384 4801 et
1422 4754 1641 4806 aeterna
1699 4750 1944 4811 laetitia:
1990 4770 2098 4825 pro
2150 4769 2214 4810 se

563 4834 762 4885 autem
822 4847 1065 4901 rogans,
1110 4839 1172 4889 ut
1212 4842 1367 4890 esset
1416 4837 1498 4891 eis
1550 4840 1746 4894 socius
1796 4843 2210 4907 certaminum,

560 4920 645 5059 Eth
678 4919 976 5015 particeps
1034 4936 1411 4988 coronarum,
1462 4941 1615 4997 quas
1674 4934 1811 4982 sunt
1863 4930 2120 4985 habituri
2179 4946 2215 4988 a

650 5010 815 5059 risto.

650 5010 815 5064 risto.

629 5110 721 5165 VI.
765 5112 911 5170 Cum
974 5120 1171 5173 autem
1198 5117 1323 5174 ﬁeri
1375 5133 1497 5174 non
1538 5126 1755 5191 posset,
1799 5128 1861 5177 ut
1907 5123 2035 5179 haec
2079 5124 2216 5181 late-

559 5202 707 5263 rent,
727 5203 980 5259 maxime
1012 5221 1147 5260 cum
1172 5222 1379 5262 vocem
1405 5207 1577 5263 altius
1606 5210 1967 5277 sustulisset,
1994 5228 2216 5285 praeses

552 5296 667 5356 per
698 5288 1133 5349 multitudinem
1165 5295 1361 5350 acrius
1380 5297 1645 5367 deﬁgens
1676 5299 1901 5365 oculos,
1927 5308 1983 5356 et
2009 5302 2216 5356 videns

563 5373 930 5461 Bonifacium
976 5395 987 5433 :
1056 5382 1198 5444 Quis
1238 5385 1333 5439 hic
1365 5390 1473 5450 est,
1509 5386 1715 5457 inquit,
1749 5388 1851 5460 qui
1885 5406 1990 5444 nos
2023 5407 2216 5461 usque

561 5459 713 5515 adeo
734 5462 976 5533 negligit
998 5471 1053 5519 et
1083 5484 1334 5537 magnos
1365 5472 1508 5528 deos
1528 5474 1556 5527 ?
1587 5475 1684 5529 Ille
1711 5476 1837 5546 ipse
1863 5493 2002 5547 ergo
2034 5459 2212 5543 dicat,

561 5548 852 5606 accedens
896 5553 1162 5625 propius.
1231 5561 1549 5633 Postquam
1599 5570 1797 5622 autem
1849 5565 1942 5622 ille
2003 5566 2212 5635 adfuit,

2323 4597 2680 4658 πεπόνθεισαν,
2743 4592 3092 4667 ἐπιθαρῥύνων
3164 4589 3223 4645 δὲ
3305 4598 3395 4646 καὶ
3454 4596 3583 4668 πρὸς
3652 4594 3686 4646 ἃ
3738 4597 3914 4647 παθεῖν

2326 4684 2544 4754 ἔμελλον,
2597 4684 2676 4734 ὅτι
2741 4701 2794 4734 τε
2863 4680 3047 4756 βραχὺ
3102 4685 3159 4734 τό
3212 4682 3522 4753 λειπόμενον,
3591 4687 3680 4735 καὶ
3752 4688 3914 4736 πόνων

2326 4770 2594 4842 ἀπαλλαγή
2657 4770 2767 4842 μετ’
2816 4769 2986 4841 ὀλίγον
3036 4776 3126 4822 καί
3174 4771 3461 4842 εὐφροσύνη
3509 4771 3709 4832 αἰώνιος
3740 4789 3751 4800 ·
3789 4774 3911 4845 ὑπὲρ

2325 4862 2508 4913 ἑαυτοῦ
2560 4858 2619 4912 δὲ
2661 4857 2919 4932 δεόμενος,
2965 4862 3099 4920 ὥστε
3145 4865 3234 4912 xui
3301 4863 3540 4922 κοινωνός
3595 4860 3765 4921 αὐτοῖς
3817 4869 3914 4913 τῶν

2326 4948 2533 5019 ἀγώνων
2584 4954 2672 5001 καὶ
2708 4952 3042 5021 συμμέτοχος
3080 4956 3179 5000 τῶν
3226 4952 3370 5023 παρὰ
3405 4956 3636 5022 Χριστοῦ
3683 4952 3913 5020 γενέσθαι

2330 5041 2587 5109 στεφάνων
2602 5082 2614 5094 ,

2414 5132 2509 5207 ς’.
2534 5135 2674 5186 Ἐπεὶ
2714 5131 2773 5187 δὲ
2803 5142 2969 5187 ταῦτα
2998 5136 3178 5206 μαθεῖν
3210 5133 3313 5204 οὐχ
3344 5135 3450 5187 οἷόν
3490 5154 3544 5187 τε
3592 5132 3675 5201 ἦν,
3708 5136 3793 5188 ἅτε
3832 5139 3913 5189 καὶ

2326 5223 2422 5274 τῆς
2474 5222 2642 5285 φωνῆς
2698 5214 2781 5267 ἐπὶ
2829 5215 3005 5286 μεῖζον
3057 5214 3321 5288 ἀρθείσης,
3377 5216 3402 5266 ὁ
3456 5217 3637 5288 ἄρχων
3688 5215 3912 5290 ὀξύτερον

2328 5305 2579 5364 άτενήσας
2631 5300 2723 5354 διὰ
2775 5311 2861 5354 τοῦ
2916 5304 3161 5369 πλήθους,
3221 5308 3309 5356 καὶ
3352 5307 3436 5355 τὸν
3485 5307 3775 5376 Βονιφάτιον
3806 5307 3909 5359 θεα-

2330 5392 2546 5463 σάμενος
2576 5409 2587 5420 ·
2620 5397 2706 5451 Τίς
2753 5392 2917 5457 οὗτος,
2978 5391 3134 5457 εἶπεν,
3187 5392 3345 5452 οὕτως
3401 5391 3594 5463 ἀμελῶς
3637 5398 3727 5445 καὶ
3774 5399 3907 5466 ἡμῶν

2326 5483 2413 5530 καὶ
2455 5488 2551 5530 τῶν
2599 5481 2831 5551 μεγάλων
2875 5484 2988 5551 ἔχει
3021 5483 3188 5547 θεῶν;
3243 5480 3405 5542 Αὐτός
3463 5482 3739 5553 τοιγαροῦν
3790 5481 3905 5537 ἐκεί-

2327 5585 2430 5634 νος,
2483 5568 2641 5632 αὐτὸς
2688 5569 2714 5621 ὁ
2757 5567 3027 5644 ἐγγύτερος
3072 5571 3348 5646 παραστὰς
3389 5569 3600 5643 λεγέτω.
3664 5571 3797 5627 Ἐπεὶ
3850 5573 3906 5629 δὲ
