4114 6262
207 315 315 374 249

1555 321 1726 379 VITA
1767 323 1830 384 S.
1867 324 2244 390 BONIFACII.

3457 337 3565 394 250

208 448 301 497 καὶ
358 447 619 535 παρίστη,
685 445 976 519 ἕρωτηθείς·
1032 451 1155 524 Εἰμὶ
1211 456 1320 527 μὶν,
1383 458 1496 529 ἔφη,
1560 466 1812 532 Χριστια-

1931 461 2170 527 rogatus
2197 475 2212 514 :
2233 461 2376 517 Sum
2400 461 2664 534 quidem,
2692 461 2906 535 inquit,
2920 460 3312 530 Christianus;
3329 459 3564 518 Domini

209 537 316 598 νὸς,
350 541 414 605 τῇ
466 530 525 587 δὲ
577 541 669 588 τοῦ
721 539 845 609 ἐμοῦ
884 545 1144 594 Δεσπότου
1197 541 1416 618 δυνάμει
1467 530 1664 622 θαρῥῶν
1711 557 1812 602 τῶν

213 619 514 694 ὁμοδούλων
562 627 678 686 τοὺς
726 629 815 698 μεν
864 634 1084 693 πιστούς
1135 633 1283 704 φιλῶ,
1333 643 1426 688 σοῦ
1481 619 1685 691 dis-xui
1714 648 1812 691 τῶν

217 720 322 765 σῶν
408 715 474 774 ὡς
550 713 855 788 ἀγνωμόνων
923 721 1239 795 ύπερφρονῶ.
1305 730 1404 779 Καὶ
1487 728 1512 778 ό
1588 729 1808 798 ἄρχωνο

213 808 389 854 Ταῦτα
439 805 528 874 μεν
568 803 750 876 λέγειν,
782 811 905 880 τόγε
932 817 1042 875 νῦν,
1069 814 1157 865 ἔα·
1186 811 1300 886 λέγε
1343 812 1403 868 δὲ
1450 821 1544 874 τήν
1592 836 1644 869 τε
1690 816 1811 875 κλῆ-

215 911 296 943 σιν
343 897 434 951 τὴν
497 899 594 954 σὴν
645 901 734 949 καὶ
786 901 845 950 τὸ
903 898 1251 975 ἐπιτήδευμα.
1291 903 1349 958 Ὀ
1385 903 1444 959 δὲ
1487 909 1806 978 Βονιφάτιοςο

207 978 414 1054 ’Όνομα
456 987 546 1057 μὶν
596 983 708 1057 ἐμοὶ
784 990 842 1040 τὸ
911 998 1115 1065 πρῶτον
1170 999 1260 1047 καὶ
1309 994 1334 1046 ὃ
1379 995 1567 1068 μᾶλλον
1633 1001 1811 1069 χαίρω

207 1069 541 1144 καλούμενος,
601 1081 911 1148 Χριστιανός
945 1095 957 1108 ·
1017 1080 1059 1132 εἰ
1121 1079 1180 1135 δὲ
1234 1088 1325 1136 καὶ
1381 1088 1441 1138 τό
1507 1084 1562 1138 ἐκ
1625 1090 1812 1157 γονέων

208 1167 363 1214 τοῦτο
413 1161 590 1234 βούλει
636 1167 839 1236 μαθεῖν,
887 1171 1210 1242 Βονιφάτιος,
1261 1178 1363 1226 Καὶ
1411 1174 1438 1226 6
1483 1177 1683 1248 ἄρχων,
1740 1179 1813 1228 ἔτι

209 1257 304 1302 τοῦ
354 1250 526 1323 Ἃγίου
597 1252 830 1325 λέγοντος
901 1257 1144 1329 ἐκκόψας.
1197 1259 1328 1331 Ἀγε
1381 1260 1448 1323 δὴ
1527 1261 1633 1327 οὖν,
1696 1267 1811 1336 ἔφη,

210 1342 502 1411 Βονιφάτιε,
556 1347 678 1414 πρὶν
729 1345 759 1402 ἦ
813 1353 913 1398 τῶν
967 1357 1172 1420 σαρκῶν
1224 1369 1318 1403 σου
1362 1357 1451 1405 καὶ
1502 1362 1601 1404 τῶν
1649 1352 1814 1406 ὀστῶν

210 1427 452 1500 ἅψωμαι,
506 1433 688 1484 πείθου
739 1441 902 1487 ποιεῖν
958 1439 1024 1490 τὰ
1079 1438 1466 1512 κεκελευσμένα,
1517 1446 1606 1494 καὶ
1652 1460 1816 1514 προσ-

207 1515 368 1569 ελθὼν
415 1520 503 1572 θύε
553 1528 658 1582 τοῖς
703 1521 935 1594 εὐμενέσι
980 1527 1146 1588 θεοῖς’
1186 1535 1338 1582 τοῦτο
1383 1531 1485 1602 γάρ
1529 1550 1614 1582 σοι
1650 1531 1816 1582 πολλά

199 1606 513 1680 προξενήσει
571 1612 638 1662 τὰ
689 1609 878 1684 ἀγαθὰ,
939 1615 1110 1686 φιλίαν
1169 1619 1315 1683 θεῶν,
1363 1617 1665 1688 ἀπαλλαγὴν
1711 1637 1814 1688 χα-

201 1693 395 1761 λεπῶν,
435 1702 526 1751 καὶ
585 1705 831 1773 παροχήν
886 1702 1108 1757 πλούτου
1165 1710 1254 1759 καὶ
1309 1710 1570 1778 μεγίστων
1625 1714 1807 1777 τιμῶν.

1922 562 2061 603 vero
2091 550 2204 604 mei
2230 549 2412 606 fretus
2440 551 2674 621 virtute,
2707 568 2776 608 ex
2827 550 3126 608 conservis
3178 549 3382 607 ﬁdeles
3434 551 3565 623 qui-

1920 636 2058 692 dem
2089 637 2293 708 diligo,
2336 643 2392 694 te
2431 645 2631 695 autem
2679 645 2735 696 et
2782 646 2915 696 tuos
2965 645 3253 713 tanquam
3300 640 3564 709 ingratos

1920 724 2207 798 despicio.
2238 728 2459 784 Praeses
2485 745 2626 784 vero
2655 747 2668 784 :
2702 733 2833 785 Haec
2874 730 3118 802 quidem
3161 729 3322 784 mitte
3369 728 3564 784 dicere

1920 812 1978 868 in
2002 818 2331 885 praesentia.
2361 817 2464 873 Dic
2496 822 2695 873 autem
2735 835 2954 874 nomen
2995 823 3161 874 tuum
3194 823 3250 873 et
3278 816 3564 873 studium.

1920 904 2255 960 Bonifacius
2287 911 2484 961 autem
2513 924 2524 962 :
2560 908 2825 962 Primum
2863 907 3107 980 quidem
3137 905 3281 961 mihi
3321 920 3562 968 nomen,

1920 996 1977 1048 et
2006 1009 2128 1064 quo
2162 995 2419 1051 maxime
2450 997 2644 1053 vocari
2685 996 2936 1067 gaudeo,
2973 994 3354 1050 Christianus.
3397 991 3566 1058 Quod

1923 1083 1972 1136 si
1997 1081 2086 1136 vis
2115 1082 2290 1138 etiam
2327 1085 2474 1139 scire
2505 1099 2725 1140 nomen
2747 1084 2887 1139 mihi
2914 1083 3260 1153 impositum
3293 1097 3328 1138 a
3359 1096 3568 1152 paren-

1924 1170 2100 1236 tibus,
2153 1173 2510 1230 Bonifacius.
2588 1175 2814 1229 Praases
2884 1189 3025 1228 vero
3097 1176 3302 1227 sancto
3368 1170 3567 1226 adhuc

1922 1258 2222 1330 loquente,
2249 1277 2386 1316 eum
2422 1262 2803 1333 interpellans
2832 1277 2846 1317 :
2887 1263 3008 1332 Age
3044 1275 3202 1330 ergo,
3262 1259 3472 1330 inquit,
3529 1273 3567 1314 o

1925 1347 2203 1413 Bonifaci,
2229 1349 2576 1422 priusquam
2606 1354 2850 1419 tangam
2891 1365 3097 1405 carnes
3126 1354 3278 1413 tuas,
3322 1353 3378 1402 et
3405 1362 3563 1414 ossa,

1923 1450 2068 1507 pare
2098 1441 2154 1492 et
2195 1437 2290 1493 fac
2340 1437 2654 1510 imperata,
2711 1443 2767 1494 et
2817 1438 3108 1494 accedens
3156 1437 3424 1492 sacriﬁca
3452 1434 3566 1490 diis

1924 1525 2208 1596 propitiis.
2245 1529 2363 1582 Hoc
2393 1527 2552 1583 enim
2592 1527 2697 1584 tibi
2737 1527 2924 1583 multa
2964 1527 3124 1582 bona
3181 1523 3562 1580 conciliabit:

1920 1612 2171 1668 deorum
2211 1615 2558 1683 amicitiam,
2599 1631 2635 1672 a
2672 1616 2848 1671 rebus
2887 1614 3172 1688 gravibus
3219 1618 3276 1669 et
3337 1610 3567 1684 asperis

1921 1699 2354 1769 liberationem,
2387 1704 2848 1776 divitiarumque
2877 1709 2933 1759 et
2958 1703 3362 1759 maximorum
3380 1701 3568 1756 hono-

207 1788 349 1857 Πρός
391 1794 557 1840 ταῦτα
587 1789 612 1840 6
659 1791 875 1861 μάρτυς.
910 1790 1051 1846 Οὐδὲ
1095 1792 1477 1867 ἀποκρίνασθαί
1518 1815 1622 1859 σοι,
1659 1799 1810 1867 φησὶ,

1931 1804 2053 1845 rum
2107 1792 2671 1863 suppeditationem.
2715 1794 2796 1848 Ad
2849 1793 2977 1848 haec
3030 1795 3295 1862 martyr:
3339 1792 3416 1844 Ne
3466 1788 3569 1844 tibi

211 1871 458 1929 δίκαιον·
491 1876 618 1936 πλὴν
665 1877 792 1932 ἀλλὰ
839 1886 992 1934 τοῦτό
1043 1903 1102 1954 γε
1151 1883 1176 1936 ὃ
1227 1889 1318 1937 καὶ
1371 1885 1614 1948 πολλάκις
1670 1887 1810 1957 ἔφην,

211 1961 332 2038 ἕρῶ,
408 1971 727 2040 Χριστιανὸς
817 1969 953 2040 ἐγώ·
1010 1979 1163 2026 τοῦτο
1238 1978 1391 2046 μόνον
1473 1973 1595 2047 παρ’
1670 1976 1816 2046 ἡμῶν

212 2052 370 2106 ἄκουε
393 2073 406 2087 ο
436 2055 593 2119 αὐτὸς
623 2053 702 2122 δὲ,
734 2057 778 2111 εἰ
803 2063 876 2130 μὴ
911 2059 1096 2134 ἀνέχῃ,
1131 2063 1157 2115 6
1185 2083 1237 2115 τι
1283 2061 1481 2135 βούλει,
1507 2071 1580 2135 τῷ
1612 2069 1817 2136 σώματι

216 2151 360 2214 χρῶ-

284 2230 357 2286 Ζ’.
403 2231 518 2286 Ἐπὶ
569 2235 773 2298 τούτοις
821 2237 1114 2308 χαλεπήνας
1161 2240 1187 2292 6
1239 2241 1442 2314 ἄρχων,
1476 2240 1558 2294 ἰπὶ
1596 2241 1818 2314 κεφαλὴν

209 2319 368 2372 αὐτὸν
418 2324 780 2394 κρεμασθῆναι
844 2325 1056 2392 κελεύει,
1114 2334 1204 2382 καὶ
1264 2329 1504 2402 ἰσχυρῶς
1559 2332 1649 2402 μεν
1716 2329 1814 2392 ξίε-

215 2408 341 2460 σθαι
370 2425 382 2438 ’
413 2414 506 2469 τὴν
538 2409 770 2483 βάσανον
817 2411 876 2467 δε
922 2420 1348 2487 παρατείνεσθαι,
1379 2420 1515 2491 άχρι
1560 2415 1822 2490 διαφανὴς

212 2497 281 2548 τὰ
330 2496 458 2551 ὅστὰ
517 2503 746 2571 γένηται.
806 2507 907 2556 Καὶ
976 2512 1142 2558 ταῦτα
1214 2508 1304 2578 μὲν
1375 2507 1548 2580 ὧσπερ
1630 2505 1818 2568 ἐκεῖνος

213 2582 408 2639 ἐκέλευε
437 2587 572 2640 οὕτω
617 2585 686 2648 δὴ
719 2595 810 2644 καὶ
840 2594 965 2665 πρὸς
1007 2595 1173 2665 τάχος
1220 2600 1328 2655 τοῖς
1358 2590 1574 2666 δημίοις
1633 2593 1820 2668 ἐπράτο

216 2693 330 2726 τετο
357 2695 370 2710 ο
417 2677 443 2728 6
487 2673 546 2730 δὲ
587 2683 823 2753 Χριστοῦ
853 2683 1054 2754 μάρτυς
1101 2684 1334 2756 καθάπερ
1384 2683 1442 2736 οὐ
1477 2691 1550 2754 τῷ
1582 2679 1818 2736 διασπᾶ-

215 2765 343 2816 σθαι
399 2766 488 2826 τὰς
545 2767 760 2842 σάρκας,
821 2767 950 2821 ἀλλὰ
1001 2779 1074 2841 τῷ
1124 2768 1449 2844 διαιρεῖσθαι
1505 2779 1604 2824 τῶν
1656 2771 1818 2842 ἁγίων

210 2853 402 2924 μᾶλλον
452 2853 639 2926 ἀλγῶν,
682 2861 798 2917 τοὺς
844 2859 1140 2930 ὀφθαλμοὺς
1181 2863 1270 2932 μὲν
1315 2858 1519 2934 ἤρειδεν
1563 2862 1639 2914 ἐπ’
1689 2861 1821 2914 ἐκεί-

209 2960 346 3007 νους,
409 2942 572 3001 αύτήν
623 2963 677 2997 τε
723 2949 817 3004 τὴν
870 2946 988 3015 ὄψιν
1035 2950 1227 3015 ποθῶν,
1279 2953 1370 3001 καὶ
1421 2949 1532 3020 ἅμα
1573 2952 1643 3011 ὡς
1695 2952 1823 3021 πρὸς

214 3030 370 3082 καλὸν
420 3029 760 3104 παράδειγμα
829 3033 1030 3105 βλέπων
1087 3040 1206 3096 τοὺς
1274 3035 1473 3090 ἐκείνων
1531 3035 1627 3090 διὰ
1696 3046 1824 3110 Χρι-

1922 1878 2189 1949 quidem,
2224 1879 2434 1952 inquit,
2461 1881 2692 1953 justum
2715 1880 3165 1951 estrespondere
3187 1879 3327 1944 ;hoc
3343 1882 3564 1942 tamen,

1924 1966 2134 2040 inquit,
2156 1969 2377 2035 dicam,
2405 1970 2568 2042 quod
2601 1985 2757 2041 saepe
2777 1969 2897 2025 dixi
2933 1970 3110 2036 ;Sum
3144 1967 3514 2024 Christianus
3547 1979 3564 2031 ;

1924 2055 2038 2112 hoc
2068 2057 2262 2114 solum
2289 2058 2429 2114 audi
2459 2075 2494 2115 a
2525 2058 2718 2114 nobis.
2751 2058 2808 2115 Si
2839 2058 2967 2114 haec
2995 2062 3192 2114 autem
3229 2071 3346 2111 non
3386 2054 3562 2119 feras,

1924 2144 2017 2201 fac
2056 2147 2218 2217 quod
2257 2147 2354 2202 tibi
2394 2147 2648 2203 libuerit.

1993 2235 2106 2290 Vll.
2152 2237 2283 2291 Haec
2311 2252 2446 2292 cum
2478 2236 2740 2302 dixisset,
2770 2251 2989 2308 praeses
3032 2234 3203 2305 jubet
3250 2248 3386 2287 eum
3442 2246 3571 2285 sus-

1928 2323 2104 2393 pendi
2134 2325 2515 2396 praacipitem,
2549 2330 2605 2382 et
2666 2325 2888 2380 fortiter
2937 2325 3180 2396 quidem
3212 2321 3357 2376 caedi
3401 2338 3414 2386 ;
3455 2323 3572 2374 tor-

1928 2417 2196 2468 mentum
2250 2418 2448 2470 autem
2488 2414 2740 2479 extendi,
2771 2415 2958 2469 donec
2984 2428 3122 2468 ossa
3178 2411 3324 2465 ﬁant
3380 2406 3575 2463 mani-

1927 2502 2096 2558 festa.
2131 2502 2194 2559 Et
2218 2503 2347 2558 haec
2397 2503 2662 2575 quidem,
2703 2503 2854 2558 sicut
2893 2501 2985 2556 ille
3036 2499 3228 2570 jussit.
3260 2495 3572 2570 quampri-

1926 2607 2093 2646 mum
2127 2591 2282 2648 facta
2311 2597 2449 2648 sunt
2498 2608 2535 2648 a
2571 2591 2912 2648 lictoribus:
2941 2591 3042 2644 Dei
3089 2592 3288 2644 autem
3344 2589 3572 2655 martyr

1921 2688 2212 2753 tanquam
2243 2695 2363 2736 non
2395 2680 2600 2736 dolens
2637 2681 2798 2752 quod
2837 2695 3045 2735 carnes
3083 2676 3570 2737 distraherentur,

1928 2774 2034 2828 sed
2065 2770 2280 2843 potius,
2313 2769 2474 2841 quod
2531 2774 2906 2842 separaretur
2944 2784 2979 2824 a
3037 2765 3278 2829 sanctis,
3337 2765 3395 2819 in
3447 2761 3573 2816 illos

1927 2859 2166 2931 quidem
2180 2859 2714 2928 deﬁgebatoculos,
2733 2858 2908 2914 simul
2929 2857 3189 2927 etipsam
3229 2851 3574 2908 desiderans

1929 2947 2246 3012 visionem,
2274 2951 2330 3002 et
2355 2952 2643 3020 tanquam
2676 2946 2754 3002 ad
2785 2945 3102 3018 pulchrum
3133 2940 3450 3012 exemplar,
3483 2938 3577 2993 in-

1932 3041 2104 3090 tuens
2158 3037 2234 3092 ad
2286 3035 2518 3092 illorum
2579 3039 2820 3108 propter
2876 3035 3170 3091 Christum
3227 3028 3569 3085 certamina.

218 3122 342 3172 στόν
387 3119 596 3183 ἄθλους.
641 3128 724 3182 Ὡς
762 3119 850 3175 οὖν
900 3119 1032 3176 εἶδεν
1065 3124 1219 3177 αὐτὸν
1264 3127 1289 3176 ό
1325 3127 1508 3197 ἄρχων
1539 3122 1691 3178 οὐδὲν
1723 3125 1819 3178 ἀπὸ

1933 3123 2249 3194 Postquam
2287 3139 2427 3192 ergo
2467 3123 2612 3179 vidit
2665 3139 2804 3178 eum
2851 3137 3069 3194 praases
3113 3120 3226 3174 hoc
3281 3119 3575 3171 tormento

215 3216 310 3270 τῆς
361 3207 598 3280 βασάνου
654 3213 852 3273 ταύτης
898 3212 1086 3284 ὑφέντα
1139 3221 1231 3266 τοῦ
1287 3220 1544 3286 παρόντος
1602 3222 1822 3281 σκοποῦ,

216 3300 402 3370 μικρὸν
453 3297 698 3357 ἀνεθῆναι
755 3299 964 3370 κελεύει,
1022 3307 1109 3354 καὶ
1164 3302 1318 3355 πάλιν
1363 3304 1536 3376 ὥσπερ
1599 3303 1652 3354 ἐκ
1707 3301 1826 3355 δια-

217 3386 497 3459 λείμματος
543 3387 882 3462 προσϐάλλων
934 3398 1006 3461 τῷ
1058 3393 1306 3466 μάρτυρι,
1338 3396 1426 3445 καὶ
1475 3389 1682 3445 τοιόνδε
1710 3396 1828 3465 τρό-

222 3494 317 3527 πον
369 3473 754 3549 ἆποπειρᾶσθαι
806 3479 966 3531 αὐτοῦ
1025 3479 1354 3552 βουλόμενος,
1414 3483 1642 3535 Γενέσθω
1719 3499 1826 3547 σοι,

229 3568 410 3635 φησὶν,
441 3565 480 3616 ὧ
525 3571 811 3639 Βονιφάτιε,
858 3570 925 3620 τὰ
969 3571 1256 3642 παθήματα
1307 3578 1496 3636 ταῦτα,
1538 3572 1829 3642 μαθήματα

222 3655 348 3727 πρὸς
393 3656 453 3705 τὸ
505 3651 724 3725 βέλτιον,
781 3661 870 3709 καὶ
919 3665 1099 3730 πεῖραν
1137 3667 1234 3710 τῶν
1289 3657 1584 3718 ἀνηκέστων
1631 3661 1826 3712 τούτων

219 3739 389 3793 λαϐὼν
436 3738 656 3811 οδυνῶν,
715 3743 810 3815 ὀψε
859 3754 1003 3816 γοῦν,
1075 3747 1238 3812 ἄθλιε,
1297 3751 1512 3801 σεαυτόν
1569 3748 1827 3822 οἰκτείρας

224 3837 323 3881 τῶν
371 3839 633 3902 μενουσῶν
689 3852 746 3885 σε
800 3833 1078 3898 κολάσεων,
1119 3836 1368 3909 πρόσελθε
1423 3839 1612 3894 θύσων.
1653 3837 1712 3890 Ὀ
1766 3835 1826 3892 δὲ

222 3917 432 3989 Ἄγιος·
495 3922 616 3993 Ἐμὲ
671 3923 806 3974 θύειν
859 3922 1163 3992 ἐπιτάττων,
1220 3925 1448 3992 ἀσύνετε,
1516 3930 1612 3980 οἴει
1669 3924 1825 3980 δυνα-

225 4014 334 4068 τοῖς
379 4007 506 4070 ὅλως
555 4008 836 4086 ἐπιχειρεῖν
857 4031 874 4084 ;
908 4012 1040 4084 Ἐγὼ
1097 4015 1227 4075 θεοῖς
1275 4015 1710 4089 προσελεύσομαι,
1755 4017 1822 4068 ὧν

224 4101 354 4170 μόνη
388 4106 563 4152 τοῦτον
593 4107 925 4176 προσηγορία
950 4101 1079 4176 μηδ’
1109 4103 1291 4168 ἀκοαῖς
1320 4125 1446 4180 φορη
1460 4125 1514 4178 τη
1547 4125 1560 4169 ;

299 4187 379 4242 Η¹.
424 4192 603 4260 Θυμός
644 4190 798 4243 πάλιν
847 4195 934 4244 τὸν
986 4195 1228 4267 ἄρχοντα
1265 4199 1522 4267 κατέσχεν
1573 4194 1667 4247 ούκ
1719 4193 1827 4245 ἆνε-

224 4278 367 4343 κτός,
417 4281 507 4329 καὶ
558 4277 784 4350 κάλαμοι
837 4279 1128 4344 ὀξυνθέντες
1190 4283 1338 4342 εὐθὺς
1388 4284 1520 4333 κατὰ
1570 4289 1666 4334 τῶν
1716 4279 1825 4331 ὀνύ-

223 4385 337 4436 χων
385 4365 526 4436 αύτῷ
571 4366 902 4439 ἐνεπείροντο.
939 4366 1057 4421 (ηδ’
1105 4371 1131 4422 ὅ
1160 4390 1209 4422 τι
1253 4372 1538 4423 πεπόνθατε
1566 4372 1656 4420 καὶ
1700 4371 1830 4440 πρὸς

1933 3209 2078 3266 nihil
2102 3210 2396 3266 remisisse
2425 3213 2500 3266 de
2539 3227 2648 3266 suo
2675 3227 2871 3282 scopo,
2893 3209 3061 3280 jubet
3087 3223 3224 3262 eum
3264 3203 3577 3276 paululum

1934 3299 2234 3355 relaxari:
2287 3304 2341 3355 et
2397 3314 2601 3354 rursus
2643 3299 2941 3368 interjecto
2995 3297 3196 3367 aliquo
3272 3291 3577 3348 intervallo

1935 3388 2291 3459 aggrediens
2323 3392 2670 3459 martyrem,
2703 3391 2759 3443 et
2797 3386 2908 3441 hoc
2949 3385 3128 3440 modo
3189 3381 3387 3437 volens
3441 3395 3578 3434 eum

1935 3483 2202 3535 tentare:
2245 3477 2365 3534 Sint
2391 3477 2516 3541 tibi,
2548 3476 2754 3547 inquit,
2821 3491 2856 3531 0
2888 3473 3173 3539 Bonifaci,
3200 3471 3291 3526 hae
3346 3484 3578 3542 perpes-

1937 3567 2154 3631 siones,
2184 3567 2547 3623 documenta
2567 3566 2694 3636 ejus
2723 3564 2887 3636 quod
2917 3568 3006 3619 est
3029 3563 3260 3625 melius,
3295 3563 3351 3615 et
3380 3557 3584 3613 intole-

1935 3654 2152 3711 rabiles
2182 3655 2292 3710 hos
2301 3653 2428 3725 jam
2451 3658 2727 3724 expertus
2751 3651 3000 3716 dolores,
3019 3649 3282 3712 tandem,
3302 3663 3338 3703 o
3361 3643 3580 3712 infelix,

1913 3744 2019 3800 -tui
2045 3743 2338 3808 misertus,
2367 3747 2609 3814 propter
2637 3757 2709 3797 ea
2736 3757 2873 3813 quae
2911 3746 2967 3796 te
2998 3742 3242 3796 manent
3272 3733 3582 3806 supplicia,

1935 3833 2150 3890 accede
2171 3832 2630 3888 sacriﬁcaturus.
2666 3832 2910 3887 Sanctus
2931 3833 3130 3886 autem
3159 3845 3172 3883 :
3201 3825 3338 3882 Mihi
3361 3825 3584 3893 jubens

1931 3923 2287 3987 sacriﬁcare,
2321 3937 2357 3976 ο
2382 3921 2608 3987 stolide,
2638 3920 2938 3977 existimas
2977 3922 3030 3974 te
3055 3934 3128 3973 ea
3155 3914 3416 3986 aggredi,
3448 3927 3584 3984 quae

1931 4013 2159 4086 possint
2196 4010 2369 4066 ﬁeri?
2401 4013 2518 4080 Ego
2544 4010 2622 4066 ad
2647 4010 2792 4065 deos
2821 4007 3124 4072 accedam,
3158 4021 3295 4061 cum
3329 4001 3420 4058 vel
3463 3999 3584 4057 sola

1934 4117 2140 4158 eorum
2170 4099 2490 4171 appellatio
2523 4100 2597 4154 sit
2622 4097 2868 4154 auribus
2900 4093 3329 4151 intolerabilis?

2005 4188 2152 4241 VIII.
2178 4189 2268 4242 Ira
2305 4203 2510 4241 rursus
2559 4184 2931 4242 intoleranda
2983 4182 3199 4238 invasit
3241 4178 3580 4252 praesidem,

1937 4279 1994 4331 et
2021 4279 2210 4330 acutae
2263 4289 2400 4328 mox
2447 4273 2764 4328 arundines
2816 4273 2868 4328 ei
2924 4269 3224 4326 transﬁxae
3290 4270 3429 4322 sunt
3478 4280 3584 4337 per

1937 4379 2184 4431 ungues.
2249 4361 2510 4418 Sciovos
2577 4361 2666 4416 vel
2691 4360 2767 4416 ad
2796 4359 2993 4414 solum
3033 4357 3307 4414 auditum
3372 4354 3584 4410 exhor-

223 4457 384 4524 μόνην
432 4457 527 4511 τὴν
583 4453 742 4513 ἀκοήν
775 4472 787 4484 ·
823 4454 1064 4528 ἐσχάτως
1110 4459 1211 4528 γὰρ
1266 4459 1296 4515 ἡ
1339 4456 1572 4528 βάσανος
1601 4455 1819 4527 χαλεπή.

1938 4452 2132 4508 ruisse
2161 4467 2175 4517 ;
2207 4455 2294 4507 est
2322 4450 2480 4505 enim
2515 4454 2873 4505 tormentum
2919 4449 3090 4516 longe
3140 4443 3580 4517 gravissimum.

225 4541 361 4594 Ἀλλ’
411 4542 437 4593 6
493 4544 708 4614 μάρτυς,
762 4543 833 4605 εἰς
882 4543 1096 4617 οὐρανὸν
1135 4544 1317 4606 ἀτενῶς
1372 4543 1682 4616 ἀναϐλέψας,
1741 4549 1830 4597 καὶ

229 4631 402 4702 ὥσπερ
462 4629 582 4687 ὃλην
638 4630 744 4684 ἐκεῖ
798 4635 926 4704 μετά
980 4641 1076 4696 τῆς
1132 4631 1368 4696 διανοίας
1437 4635 1536 4693 θεὶς
1590 4639 1680 4687 καὶ
1735 4638 1827 4694 τὴν

231 4719 502 4782 αἴσθησιν,
557 4715 680 4772 οὐδὲ
729 4719 914 4794 βραχύ
971 4729 1095 4793 γοῦν
1144 4721 1407 4798 ἐφρόντιζε
1456 4731 1548 4784 τῆς
1604 4719 1822 4784 ὀδύνης·

230 4805 339 4866 ἀλλ’
389 4805 608 4871 εὐκόλως
653 4809 804 4870 αὐτὸς
840 4813 979 4883 ἔφερε
1027 4811 1238 4883 μᾶλλον,
1281 4813 1310 4871 ἦ
1363 4814 1388 4864 6
1436 4813 1619 4886 ἄρχων
1666 4831 1828 4886 προσ-

228 4899 472 4949 έταττεν’
502 4898 572 4957 ὡς
619 4895 705 4950 οὖν
748 4904 834 4951 καί
891 4900 1022 4958 αὕτη
1072 4908 1145 4971 τῷ
1200 4898 1450 4954 δυσσεϐεῖ
1497 4897 1740 4963 διακενῆς
1792 4902 1822 4959 ἡ

231 4985 466 5058 βάσανος
518 4986 845 5059 ἐξηλέγχετο,
910 4989 1080 5061 ἑτέραν
1134 4986 1285 5050 αὖθις
1331 4993 1521 5065 πικρὰν
1573 4995 1826 5062 τιμωρίαν

230 5073 284 5138 ἕξ
331 5075 597 5147 ὠμότητός
643 5095 698 5128 τε
742 5081 832 5130 καὶ
875 5083 1123 5153 πονηρίας
1165 5077 1371 5142 ἐπινοεῖ,
1405 5084 1494 5132 καὶ
1539 5078 1729 5132 κελεύει
1766 5082 1825 5132 τό

234 5168 404 5237 στόμα
448 5161 763 5236 διανοιγέντι
803 5173 875 5237 τῷ
923 5168 1148 5242 μάρτυρι
1197 5165 1457 5239 μόλυϐδον
1505 5167 1646 5239 αύτῷ
1676 5169 1826 5240 ἔγχε-

235 5255 387 5312 θῆναι
442 5251 651 5328 σφόδρα
710 5251 1015 5311 διακαέντα.
1081 5257 1220 5309 Ἐπεὶ
1277 5256 1362 5309 οὖν
1417 5259 1546 5328 ἔγνω
1591 5265 1742 5309 τοῦτο
1799 5257 1824 5308 6

233 5341 476 5410 ἀθλητὴς,
516 5349 606 5396 καὶ
652 5351 838 5418 χεῖρας
891 5343 1001 5416 ἃμα
1048 5349 1133 5396 καὶ
1187 5348 1279 5402 τὴν
1325 5345 1511 5415 ψυχὴν
1556 5348 1688 5420 πρὸς
1738 5347 1824 5398 τόν

234 5435 362 5486 Θεὸν
410 5431 648 5503 ύψὼσας,
679 5433 912 5485 Δέσποτά
961 5452 1084 5504 μου,
1136 5435 1336 5504 ἔφησεν,
1377 5434 1552 5491 Ἰησοῦ
1604 5436 1821 5507 Χριστε,

233 5523 260 5574 6
293 5524 558 5595 κρείττονά
610 5541 673 5594 με
721 5530 819 5574 τῶν
865 5517 972 5581 ἤδη
1024 5521 1391 5595 προλαϐουσῶν
1443 5519 1617 5585 δείξας
1665 5542 1825 5593 τιμω-

228 5618 377 5686 ριῶν,
412 5615 502 5665 καὶ
530 5617 618 5664 νῦν
665 5612 967 5686 παράστηθί
1007 5629 1118 5686 μοι,
1148 5614 1278 5685 μόνη
1328 5609 1440 5685 ἐμοὶ
1469 5611 1819 5687 παράκλησις,

1941 4541 2051 4598 Sed
2081 4545 2323 4611 martyr,
2352 4538 2482 4594 ﬁxis
2512 4537 2698 4594 oculis
2716 4538 2931 4593 caelum
2965 4532 3480 4605 intuens,perinde
3511 4546 3582 4586 ac

1938 4630 1985 4686 si
2009 4634 2198 4686 totum
2240 4644 2481 4684 sensum
2537 4627 2652 4682 illic
2711 4641 2849 4681 cum
2881 4631 3076 4681 mente
3131 4622 3448 4695 posuisset,
3507 4635 3582 4674 ne

1939 4719 2256 4775 minimum
2286 4717 2531 4790 quidem
2568 4714 2811 4771 curabat
2840 4715 3200 4770 cruciatum:
3231 4710 3335 4766 sed
3360 4708 3584 4764 ferebat

1937 4808 2062 4880 ipse
2094 4806 2344 4872 facilius,
2378 4821 2559 4877 quam
2583 4820 2804 4875 praeses
2853 4801 3210 4872 imperabat.
3265 4802 3581 4869 Postquam

1937 4912 2074 4968 ergo
2134 4895 2319 4966 impio
2350 4895 2463 4949 hoc
2495 4897 2854 4949 tormentum
2886 4890 2991 4946 fuit
3016 4891 3190 4944 inane
3229 4891 3286 4942 et
3329 4885 3579 4951 irritum,

1936 4985 2120 5041 alium
2181 5000 2386 5039 rursus
2416 4981 2712 5051 excogitat
2767 4978 3050 5036 acerbum
3113 4975 3442 5032 cruciatum
3509 4986 3582 5028 ex

1936 5073 2306 5130 immanitate
2358 5076 2415 5127 et
2457 5087 2527 5126 ex
2567 5067 3063 5141 improbitatezet
3083 5065 3256 5137 jubet
3304 5061 3581 5134 martyris

1935 5178 2036 5218 ore
2099 5166 2304 5234 aperto
2334 5159 2646 5232 plumbum
2698 5156 2867 5212 valde
2907 5153 3171 5210 candens
3227 5153 3279 5207 ei
3318 5149 3571 5206 infundi.

1935 5252 2260 5323 Postquam
2291 5248 2565 5320 ergozhoc
2592 5245 2873 5315 cognovit
2901 5241 3137 5308 athleta,
3165 5256 3380 5296 manus
3403 5237 3582 5294 simul

1935 5347 1991 5397 et
2029 5341 2298 5396 animum
2337 5336 2616 5394 extollens
2659 5335 2735 5391 ad
2791 5332 3151 5388 Dominum:
3190 5329 3434 5385 Domine
3476 5326 3577 5392 mi,

1933 5431 2145 5501 inquit,
2183 5428 2322 5484 Jesu
2359 5425 2604 5492 Christe,
2641 5422 2743 5494 qui
2784 5437 2879 5477 me
2917 5420 3101 5476 fecisti
3139 5418 3440 5475 fortiorem
3480 5415 3578 5481 iis,

1933 5519 2038 5593 qui
2090 5518 2222 5590 jam
2287 5529 2662 5588 praecessere,
2715 5510 3095 5574 cruciatibus,
3138 5524 3295 5563 nunc
3341 5517 3579 5576 quoque

1933 5608 2093 5668 adsis
2125 5605 2292 5672 mihi,
2318 5604 2422 5678 qui
2453 5619 2516 5662 es
2545 5602 2674 5664 sola
2703 5617 2837 5662 mea
2865 5599 3216 5667 consolatio,
3244 5612 3338 5654 me
3374 5594 3582 5650 levans
