4114 6262
536 335 636 390 251

1938 312 2205 373 MENSlS
2245 312 2491 369 MAIUS.

3824 307 3941 361 252

542 458 746 513 dolore
783 473 793 511 :
829 459 885 512 et
916 453 1115 527 aperte
1146 450 1389 507 Ostende
1437 452 1491 505 te
1548 445 1695 502 mihi
1721 459 1895 516 opem
1926 442 2075 499 ferre
2106 439 2182 495 ad

2310 439 2555 510 ιουφίζων
2598 458 2659 511 με
2705 446 2797 499 τῆς
2846 434 3055 498 ὀδύνης,
3086 436 3177 485 καὶ
3226 432 3295 493 εἰς
3348 435 3443 490 τὴν
3498 432 3640 482 κοιτά
3686 437 3791 481 τοῦ
3840 437 3939 481 Σα-

538 544 877 616 parandam
909 542 1220 598 victoriam
1260 539 1547 595 adversus
1581 537 1859 590 Satanam
1918 536 1974 587 et
2023 530 2185 585 hunc

541 637 880 708 praesidem.
958 633 1068 687 Pro
1124 636 1177 684 te
1236 628 1394 682 enim
1432 630 1487 681 et
1526 629 1629 680 tua
1669 622 1878 693 gloria,
1924 624 1984 675 ut
2050 618 2183 708 scis,

541 705 798 780 decerto.
831 723 967 776 Haec
998 718 1164 784 dixit,
1195 722 1249 773 et
1284 721 1521 771 sanctos
1552 712 1732 767 simul
1759 709 2010 778 rogavit,
2044 712 2109 762 ut
2133 705 2185 761 ei

541 822 714 885 Opem
748 812 961 867 ferrent
989 809 1112 862 suis
1156 806 1431 878 precibus
1472 804 1548 860 ad
1580 800 2062 885 decertationem.
2098 799 2188 849 At-

543 918 659 973 que
688 901 766 955 illi
795 899 1033 971 quidem
1065 897 1117 950 ei
1143 894 1542 967 precabantur
1566 889 1871 945 victoriam
1897 894 1953 942 et
2006 884 2185 940 ﬁnem

546 989 851 1060 martyrii:
889 985 1108 1041 exstitit
1145 989 1342 1038 autem
1382 989 1521 1037 tunc
1552 994 1791 1051 quoque
1821 974 2032 1031 Christi
2078 973 2191 1027 vir-

544 1077 684 1132 tutis
713 1092 863 1146 opus
890 1073 1066 1145 plane
1093 1070 1466 1126 admirabile.
1499 1071 1645 1124 Nam
1678 1082 1794 1121 cun
1833 1065 2189 1120 tormentum

539 1166 669 1237 jam
696 1167 850 1219 esset
877 1166 1169 1233 paratum,
1211 1157 1615 1213 etBonifacius
1636 1163 1921 1226 tanquam
1946 1149 2189 1223 quidam

543 1258 821 1308 strenuus
851 1250 1069 1306 athleta
1106 1243 1305 1312 staret,
1347 1249 1696 1317 exspectans
1735 1240 2141 1298 adversarium
2173 1256 2185 1295 :

545 1341 643 1398 alii
673 1355 812 1395 vero
845 1342 1158 1409 martyres,
1179 1338 1378 1406 utpote
1403 1348 1526 1389 non
1557 1332 1751 1388 solum
1771 1331 2186 1391 decertatores,

545 1429 648 1484 sed
683 1444 887 1483 eorum
923 1427 1122 1489 etiam,
1157 1440 1289 1496 quae
1330 1424 1389 1477 in
1419 1424 1530 1477 hoc
1569 1420 1814 1484 ﬁebant,
1843 1432 2010 1473 acres
2059 1430 2189 1486 spe-

544 1508 884 1584 ctatores,et
908 1515 1100 1583 magis
1120 1529 1304 1584 quam
1322 1511 1416 1566 ille
1444 1511 1646 1565 animo
1667 1506 1903 1574 anxii,ei
1921 1504 2189 1578 quidem,

545 1610 612 1661 ut
660 1604 941 1666 diximus,
1000 1601 1175 1656 simul
1240 1604 1623 1671 precarentur
1661 1595 2009 1652 victoriam:
2053 1597 2193 1647 tunc

546 1710 683 1765 quae
709 1697 833 1748 erat
866 1693 1227 1760 congregata
1259 1687 1462 1760 p0puli
1496 1685 1834 1752 multitudo,
1876 1688 1931 1739 et
1972 1681 2195 1752 alioqui

2294 534 2420 579 τανᾶ
2475 534 2563 581 xui
2610 536 2699 581 τοῦ
2748 529 3002 602 ἄρχοντος
3032 519 3189 575 τοῦδε
3226 526 3373 579 νίκην
3421 540 3511 593 μοι
3560 522 3767 592 φάνηθι
3806 539 3930 571 συν-

2296 622 2601 689 αιρόμενος·
2662 625 2754 669 σοὺ
2810 620 2910 689 γὰρ
2963 616 3120 668 ἕνεκεν
3164 615 3249 663 καὶ
3306 620 3400 671 τῆς
3458 616 3558 670 σῆς
3606 606 3804 672 δόξης.
3858 614 3935 670 ὡς

2296 703 2462 770 οἶδας,
2520 706 2801 777 ἃπεραθλῶ.
2840 712 3018 757 Ταῦτα
3069 700 3205 770 ἔλεγε
3235 722 3246 731 ·
3281 703 3369 750 καὶ
3419 708 3516 750 τῶν
3575 699 3748 768 ἁγίων
3815 699 3931 768 ἅμα

2298 792 2485 855 ἐδεῖτο,
2569 795 2750 865 εὐχαῖς
2846 794 2985 862 αύτῷ
3077 787 3520 858 συνεπιλήψεσθαι
3597 790 3739 857 πρὸς
3830 791 3930 842 τὶν

2299 884 2539 941 ἄθλησιν.
2595 886 2659 935 Oi
2716 885 2804 954 μὲν
2852 879 2938 934 οὖν
2993 880 3129 948 αύτῷ
3174 882 3265 935 τήν
3317 896 3369 928 τε
3400 881 3551 933 νίκην
3599 880 3693 925 καὶ
3726 878 3796 925 τὸ
3832 882 3931 925 τοῦ

2300 978 2588 1047 μαρτυρίου
2630 973 2769 1034 τέλος
2816 975 3112 1042 ἐπεύχοντο.
3162 974 3362 1019 Γίνεται
3413 962 3469 1017 δὲ
3508 970 3598 1017 καὶ
3647 970 3778 1016 τότε
3829 972 3933 1023 τῆς

2298 1071 2388 1116 τοῦ
2440 1070 2671 1135 Χριστοῦ
2727 1059 2993 1133 δυνάμεως
3051 1062 3193 1131 ἔργον
3244 1055 3693 1127 ἀξιοθαύμαστόν.
3778 1054 3930 1105 Ἐπεὶ

2298 1154 2399 1225 γὰρ
2431 1149 2537 1209 ἤδη
2584 1137 2748 1208 καίή
2787 1149 3021 1223 βάσανος
3051 1148 3309 1219 εὐπρεπὴς
3358 1142 3439 1209 ἧν,
3471 1149 3559 1195 καὶ
3605 1146 3632 1194 ὁ
3689 1145 3927 1213 Hangi-

2299 1260 2407 1302 τιος
2452 1242 2622 1313 ὥσπερ
2674 1259 2753 1300 τις
2797 1240 3094 1298 παλαιστὴς
3143 1242 3377 1308 γενναῖος
3421 1236 3653 1290 εἱστήκει
3703 1236 3933 1305 περιμέ-

2300 1350 2394 1381 νων
2439 1333 2524 1381 τόν
2575 1330 2985 1399 ἀνταγωνιστὴν,
3028 1329 3076 1378 οἱ
3125 1326 3268 1378 ἄλλοι
3312 1321 3371 1376 δὲ
3420 1325 3700 1397 μάρτυρες,
3737 1322 3818 1381 ὡς
3867 1320 3933 1370 ἕω

2302 1418 2396 1470 ούκ
2443 1418 2723 1490 ἀγωνισταὶ
2769 1423 2938 1490 μόνον,
2977 1416 3104 1468 ἀλλά
3132 1420 3222 1467 καὶ
3267 1422 3367 1466 τῶν
3419 1412 3501 1464 ἐπὶ
3552 1414 3724 1480 τούτῳ
3788 1407 3933 1479 δρω-

2303 1513 2463 1579 μένων
2519 1511 2725 1580 θερρμοὶ
2780 1510 2974 1571 θεαταὶ,
3033 1510 3121 1558 καὶ
3177 1504 3366 1577 μᾶλλον
3434 1502 3463 1559 ἦ
3530 1501 3723 1561 ἐκεῖνος
3789 1498 3928 1570 ἀγω-

2304 1606 2527 1660 νιῶντες,
2588 1602 2680 1656 τὴν
2735 1602 2901 1662 νίκην,
2960 1598 3132 1667 ὥσπερ
3193 1597 3400 1666 ἔφημεν,
3463 1592 3924 1660 συνεπηύχοντοσ

2307 1691 2421 1738 τότε
2453 1682 2518 1744 δὴ
2566 1690 2623 1737 τὸ
2678 1685 3059 1757 συνειλεγμένον
3102 1683 3313 1744 πλῆθος,
3350 1686 3439 1732 xui
3484 1680 3643 1739 ἄλλως
3689 1682 3786 1729 καὶ
3824 1685 3929 1727 τῶν

548 1799 620 1838 ex
678 1782 747 1836 iis
773 1796 906 1851 quae
938 1781 1371 1850 praecesserant,
1401 1781 1563 1831 mota
1606 1779 1731 1830 erat
1794 1769 2195 1827 misericordia

2310 1774 2662 1848 προλαϐόντων
2719 1778 2853 1827 κατά
2929 1779 3134 1847 μικρὸν,
3194 1779 3346 1823 τοῦτο
3426 1774 3513 1841 μὲν
3590 1771 3726 1839 πρὸς
3809 1771 3931 1826 τούς

549 1874 918 1940 martyrum:
952 1867 1168 1939 partim
1214 1871 1413 1921 autem
1460 1879 1616 1934 aegre
1668 1862 1895 1918 ferebat
1947 1859 2194 1915 nimiam

546 1945 818 2030 praesidis
866 1956 1287 2023 crudelitatem,
1347 1958 1402 2008 et
1457 1957 1699 2025 propter
1754 1955 2002 2021 utraque
2069 1950 2197 2004 haec

547 2051 888 2103 sanctorum
916 2045 974 2100 in
1005 2044 1183 2099 rebus
1223 2041 1445 2114 asperis
1471 2044 1529 2095 et
1549 2039 1829 2111 gravibus
1852 2053 1973 2093 non
2001 2037 2192 2092 solum

548 2134 945 2200 tolerantiam,
1002 2132 1108 2187 sed
1139 2132 1314 2186 etiam
1347 2129 1613 2185 laetitiam
1669 2126 1960 2199 stupebat,
2017 2131 2074 2180 et
2112 2125 2196 2179 sic

554 2222 964 2277 deducebatur
1006 2222 1082 2276 ad
1123 2220 1297 2275 ﬁdem
1337 2220 1397 2274 in
1443 2217 1755 2280 Christum,
1796 2216 2071 2271 universa
2113 2230 2198 2269 re-

546 2315 725 2382 pente
781 2310 955 2365 simul
984 2309 1124 2365 tollit
1178 2308 1487 2363 confusum
1516 2306 1859 2370 clamorem,
1894 2308 1949 2359 et
2000 2308 2197 2358 mente

549 2401 606 2454 et
643 2415 787 2453 voce
818 2399 1276 2454 consentientem
1320 2414 1332 2451 :
1366 2400 1607 2465 Magnus
1636 2400 1721 2449 est
1753 2395 1904 2449 Deus
1929 2391 2199 2447 Christia-

549 2502 803 2552 norum;
838 2503 1094 2557 magnus
1124 2504 1185 2541 es
1211 2490 1350 2554 Rex,
1385 2486 1635 2552 Christe;
1665 2500 1873 2539 omnes
1902 2483 1962 2537 in
1992 2486 2048 2535 te
2078 2497 2197 2535 cre-

555 2574 778 2630 dimus.
809 2577 1027 2630 Haec'et
1055 2590 1264 2629 omnes
1305 2573 1663 2640 clamabant,
1697 2577 1753 2626 et
1804 2570 1979 2625 simul
2032 2584 2198 2623 aram

558 2662 820 2733 quidem,
871 2677 1006 2732 quae
1064 2661 1178 2716 illic
1258 2669 1361 2725 est,
1446 2660 1806 2723 evertebant,
1890 2654 2202 2728 praesidem

562 2755 761 2806 autem
810 2748 1115 2821 lapidibus
1171 2749 1551 2821 appetebant.
1620 2747 1720 2803 Ille
1772 2762 1931 2812 vero,
1994 2748 2202 2801 timore

562 2838 809 2894 affectus
839 2844 893 2894 et
924 2853 1044 2893 suae
1076 2838 1210 2893 vitae
1236 2843 1529 2902 metuens,
1557 2843 1620 2892 ut
1644 2836 1746 2908 qui
1774 2837 1993 2891 veniret
2022 2835 2076 2890 iu
2106 2851 2203 2907 pe-

559 2926 835 2990 riculum,
868 2942 943 2981 ne
973 2942 1110 2982 mox
1136 2927 1369 2998 periret,
1399 2925 1543 2996 fuga
1572 2942 1693 2981 suas
1724 2926 1893 2982 saluti
1931 2925 2200 2988 consulit,

560 3013 807 3085 turpiter
830 3014 1077 3071 dimisso
1105 3016 1332 3071 heatro.

2306 1867 2571 1936 μάρτυρας
2622 1869 2977 1935 πταινόμενον,
3031 1870 3182 1914 τοῦτο
3237 1858 3295 1913 δε
3373 1864 3462 1910 καὶ
3518 1860 3641 1930 πρὸς
3696 1860 3753 1908 τὸ
3811 1856 3931 1906 λίαν

2307 1954 2444 2024 ὠμὸν
2475 1960 2566 2004 τοῦ
2610 1955 2865 2026 ἄρχοντος
2898 1949 3262 2023 δισχεραίνον,
3292 1953 3380 1999 xui
3432 1943 3504 1999 δι’
3556 1947 3716 2017 ἄμφω
3755 1951 3931 1995 ταῦτα

2306 2048 2399 2100 τὴν
2426 2042 2507 2094 ἐπὶ
2554 2050 2663 2103 τοῖς
2714 2039 2905 2102 δεινοῖς
2951 2049 3048 2092 τῶν
3102 2040 3261 2111 ἁγίων
3311 2037 3415 2108 οὐχ
3473 2038 3592 2087 ὅσον
3648 2037 3927 2105 ὑπομονὴν

2308 2131 2435 2182 ἀλλά
2487 2137 2574 2183 καὶ
2618 2128 2813 2189 ἡδονὴν
2865 2129 3291 2201 ἐκπληττόμενον,
3324 2131 3412 2177 καὶ
3455 2126 3589 2177 οὕτω
3642 2127 3786 2197 πρὸς
3837 2128 3927 2181 τήν

2308 2221 2378 2281 εἰς
2427 2224 2656 2295 Χριστόν
2710 2217 2817 2278 ἤδη
2881 2221 3361 2292 χειραγωγούμενοι
3416 2219 3618 2277 πίστιν,
3680 2217 3927 2284 αἴρουσιν

2308 2314 2395 2382 μεν
2426 2312 2566 2382 ἄφνω
2613 2312 2799 2371 πάντες
2834 2308 2963 2381 βοὴν
3018 2314 3277 2379 συμμιγῆ,
3311 2310 3408 2377 μιᾷ
3452 2301 3510 2356 δὲ
3559 2302 3925 2377 ἀνακράζουσι

2306 2405 2481 2471 γνώμη
2515 2418 2568 2451 τε
2614 2404 2703 2450 καὶ
2748 2405 2908 2471 φωνῇ,
2940 2402 3118 2467 Μέγας
3167 2398 3192 2448 ὁ
3244 2399 3368 2454 Θεὸς
3415 2401 3517 2445 τῶν
3563 2400 3926 2466 Χριστιανῶν·

2310 2493 2466 2560 μέγας
2517 2487 2579 2553 εἶ,
2612 2491 2811 2562 Χριστε
2854 2486 3094 2559 βασιλεῦ,
3129 2488 3316 2545 πάντες
3356 2484 3420 2543 εἰς
3473 2502 3530 2534 σε
3572 2484 3917 2552 πιστεύομεν,

2308 2584 2486 2630 Ταῦτα
2530 2580 2717 2638 πάντες
2760 2596 2811 2629 τε
2861 2576 3159 2651 ἀνέκραζον,
3194 2579 3283 2626 καὶ
3312 2574 3421 2645 οἶμα
3470 2575 3556 2623 τὸν
3609 2574 3700 2641 μὲν
3762 2570 3926 2622 ἐκεῖσε

2314 2665 2490 2739 βωμὸν
2543 2671 2903 2740 κατέστρεφον,
2942 2671 3028 2719 τὸν
3077 2663 3134 2718 δὲ
3186 2666 3423 2737 ἄρχοντα
3469 2662 3632 2722 λίθοις
3684 2660 3915 2712 ἔϐαλλον·

2313 2757 2366 2818 ὃς
2433 2761 2520 2809 καὶ
2591 2755 2883 2827 κατάφοϐος
2938 2761 3027 2807 xui
3082 2751 3325 2826 περιδεὴς
3402 2756 3521 2824 περὶ
3579 2760 3671 2811 τῆς
3723 2751 3910 2800 ἑαυτοῦ

2310 2844 2495 2916 ψυχῆς
2543 2850 2781 2915 γεγονὼς,
2832 2850 2921 2897 καὶ
2975 2846 3146 2916 ὥσπερ
3203 2845 3322 2894 ὅσον
3394 2845 3538 2893 οὔπω
3610 2834 3894 2890 κινδυνεύων

2314 2933 2645 2999 ἀπολωλέναι,
2698 2942 2829 3006 φυγῇ
2888 2939 3016 3005 μόνη
3068 2935 3299 2986 πιστεύει
3354 2936 3447 2989 τήν
3502 2934 3777 3002 σωτηρίαν,
3828 2929 3897 2977 ἐπ’

2320 3024 2552 3094 αἰσχύνῃ
2592 3022 2755 3084 λύσας
2786 3027 2843 3074 τὸ
2877 3026 3111 3097 θέατρον.

634 3105 719 3157 ΙΧ.
761 3105 890 3158 Haec
930 3104 1112 3159 alium
1171 3105 1413 3176 quidem
1470 3104 1746 3176 quamvis
1798 3103 2107 3161 efferatum
2155 3108 2199 3160 et

2391 3110 2477 3168 Θ’,
2539 3119 2718 3163 Ταῦτα
2776 3108 2834 3163 δε
2887 3111 3033 3162 ἄλλον
3085 3113 3174 3182 μεν
3228 3105 3465 3185 θηριώδη
3517 3110 3631 3159 τινὰ
3682 3112 3773 3158 καὶ
3813 3104 3920 3157 ἀτί-

562 3191 915 3258 immanem,
967 3192 1054 3249 ira
1097 3198 1296 3249 tamen
1353 3193 1730 3265 placabilem,
1772 3196 2212 3266 persuasissent

561 3280 769 3335 eadem
802 3282 1038 3347 sentire,
1071 3299 1201 3355 quae
1232 3283 1349 3349 alii,
1384 3288 1440 3337 et
1491 3282 1822 3338 effecissent
1854 3289 1915 3339 ut
1949 3284 2024 3339 ad
2057 3286 2212 3340 Chri-

562 3375 719 3424 stum
743 3370 1049 3427 accederet
1083 3388 1095 3426 :
1130 3378 1188 3428 at
1214 3388 1334 3428 non
1369 3372 1536 3427 illum
1569 3373 1923 3427 sceleratum
1965 3376 2021 3425 et
2051 3388 2209 3429 exse-

561 3460 874 3514 crandum.
910 3460 1023 3517 Sed
1055 3466 1278 3517 tantum
1314 3460 1518 3526 abfuit,
1565 3467 1625 3516 ut
1650 3461 1776 3531 ipse
1807 3476 1877 3515 ex
1908 3461 2115 3517 timore
2159 3468 2215 3518 et

560 3560 633 3600 ex
662 3547 775 3602 hac
806 3548 1144 3603 admirablii
1195 3548 1402 3620 populi
1469 3548 1881 3615 consensione,
1947 3548 2212 3622 aliquam

562 3635 855 3705 acceperit
894 3636 1218 3701 utilitatem,
1253 3643 1315 3692 ut
1355 3637 1621 3693 statuerit
1660 3638 1837 3693 etiam
1882 3655 2007 3695 rem
2042 3656 2214 3711 agere

559 3723 777 3792 majori
809 3725 1204 3793 contentione,
1258 3730 1313 3778 et
1345 3726 1433 3779 ira
1484 3741 1621 3779 eum
1674 3727 1979 3796 incitante,
2024 3736 2215 3786 certa-

559 3825 699 3864 men
733 3810 1084 3866 instaurare.
1107 3814 1270 3866 Mane
1293 3827 1432 3878 ergo
1460 3812 1787 3882 praesidens
1819 3814 1879 3868 in
1913 3816 2211 3890 tribunali,

557 3912 694 3952 cum
724 3906 987 3955 curasset
1014 3898 1073 3952 in
1103 3915 1279 3953 suum
1305 3906 1688 3970 conspectum
1720 3903 1969 3972 produci
1996 3912 2212 3976 marty-

555 4000 705 4050 rem,
742 3990 796 4041 et
826 3986 957 4041 illus
984 3986 1387 4058 exprobrabat
1441 3990 1738 4059 pietatem.
1768 3996 1824 4046 et
1880 3992 2038 4063 quod
2098 3993 2210 4048 Do-

560 4075 759 4130 minus
788 4082 986 4131 noster
1011 4076 1217 4133 fuisset
1261 4077 1595 4145 cruciﬁxus,
1627 4079 1878 4136 ridebat.
1913 4081 2057 4136 Cum
2085 4082 2211 4137 haec

557 4168 755 4220 autem
811 4181 931 4221 non
978 4166 1172 4223 ferens
1228 4174 1447 4239 martyr
1504 4174 1772 4240 pergeret
1838 4172 2210 4240 gravioribus

558 4254 798 4325 probris
860 4256 1117 4312 vicissim
1165 4257 1438 4313 insectari
1473 4258 1760 4329 judicem,
1792 4276 1901 4332 pro
1945 4262 2100 4317 veris
2156 4260 2210 4317 et

550 4342 727 4411 justis
793 4345 980 4399 verbis
1035 4362 1236 4400 rursus
1284 4346 1388 4401 luit
1456 4347 1946 4417 suppliciumzet
2007 4351 2203 4406 statim

2323 3203 2536 3263 θασσον,
2567 3199 2698 3257 πλὴν
2747 3201 2956 3271 ἰάσιμον
3000 3204 3095 3257 τὴν
3144 3199 3318 3272 ὀργὴν,
3355 3198 3581 3269 ἐπέσχον
3613 3195 3695 3261 ἂν,
3726 3200 3817 3247 xui
3862 3197 3924 3245 τὰ

2321 3288 2455 3338 αύτὰ
2500 3293 2604 3346 τοῖς
2653 3287 2826 3348 ἄλλοις
2874 3296 3149 3362 φρονῆσαι,
3190 3290 3278 3337 xui
3323 3294 3394 3357 τῷ
3445 3293 3661 3359 Χριστῷ
3709 3282 3926 3357 προσελ-

2326 3377 2427 3427 θεῖν
2478 3379 2900 3447 παρεσκεύασεν’
2950 3376 3055 3428 ἀλλ’
3110 3376 3237 3447 ούχὶ
3287 3380 3377 3427 xui
3423 3379 3507 3427 τόν
3562 3377 3753 3446 μιαρὸν
3805 3376 3928 3425 ἐκεῖ·

2322 3481 2437 3516 νον’
2475 3463 2601 3516 ἀλλὰ
2643 3474 2890 3517 τοσοῦτον
2932 3465 3168 3537 ἀπέσχεν
3199 3464 3355 3526 αὐτὸς
3399 3463 3697 3515 ἀπόνασθαί
3737 3482 3787 3513 τι
3837 3470 3928 3513 τοῦ

2324 3553 2482 3625 φόϐου
2522 3560 2611 3606 καὶ
2658 3562 2748 3616 τῆς
2793 3552 3095 3628 παραδόξου
3143 3560 3333 3615 ταύτης
3382 3562 3473 3607 τοῦ
3522 3553 3758 3614 πλήθους
3801 3572 3929 3623 συμ-

2322 3648 2524 3707 πνοίας,
2585 3645 2703 3695 ὅσον
2760 3647 2887 3714 ἔγνω
2952 3651 3039 3696 καὶ
3114 3646 3506 3717 φιλονεικότερος
3571 3650 3917 3704 καταστῆναι,

2323 3738 2411 3785 xui
2467 3730 2805 3796 σπουδάζειν,
2842 3734 2929 3786 οἵτε
2977 3740 3066 3785 xui
3109 3742 3206 3795 τῆς
3244 3736 3403 3807 ὀργῆς
3449 3733 3603 3785 αὐτὸν
3650 3732 3717 3791 εἰς
3773 3740 3921 3784 τοῦτο

2322 3821 2735 3894 παροξυνούσης,
2792 3827 2883 3881 τὴν
2961 3823 3119 3880 ἧτταν
3207 3822 3668 3895 ἀναμαχέσασθαι.
3731 3820 3925 3873 Ἐωθεν

2323 3910 2409 3960 οὖν
2440 3918 2531 3961 τοῦ
2582 3909 2819 3982 βήματος
2858 3914 3198 3986 προκαθίσας,
3233 3918 3321 3964 καὶ
3356 3912 3441 3963 ὑπ’
3473 3911 3590 3981 ὄψιν
3636 3910 3780 3979 αὐτῷ
3826 3930 3924 3960 7m-

2320 4005 2595 4069 ραστήσας
2646 4004 2731 4051 τόν
2790 4002 3048 4074 μάρτυρα,
3108 4006 3201 4059 τήν
3259 4020 3312 4053 τε
3370 4000 3627 4053 εὐσέϐειαν
3681 3996 3925 4059 ὠνείδιζε

2320 4091 2413 4145 τὴν
2461 4086 2669 4153 ἐκείνου,
2702 4095 2788 4141 xui
2832 4094 2889 4142 τό
2923 4089 3286 4159 ἐσταυρῶσθαι
3332 4093 3417 4142 τόν
3462 4093 3725 4146 Δεσπότην
3773 4090 3922 4160 ἡμῶν

2320 4175 2616 4247 ἐχλεύαζεν.
2669 4177 2808 4230 Ἐπεὶ
2855 4176 2914 4231 δε
2961 4188 3123 4232 ταῦτα
3172 4184 3242 4251 μὴ
3302 4186 3460 4254 φέρων
3507 4179 3532 4229 ὁ
3581 4180 3783 4251 μάρτυς
3836 4197 3923 4228 πι-

2317 4270 2584 4341 κροτέραις
2637 4266 2819 4339 ὕϐρεσι
2874 4265 3084 4321 διετέλει
3132 4273 3219 4320 τὸν
3270 4265 3528 4325 δικαστὴν
3588 4265 3923 4338 ἀμειϐόμενος

2318 4352 2487 4418 δίκην,
2536 4357 2722 4427 ὑπεῖχε
2772 4358 2920 4409 πάλιν
2973 4359 3219 4431 ῥημάτων
3274 4356 3475 4415 ἀληθῶν
3526 4360 3615 4407 xui
3674 4352 3917 4411 δικαίων.

561 4430 726 4487 lebes
753 4432 876 4500 pice
905 4432 1155 4500 repletus
1187 4438 1243 4486 et
1266 4433 1438 4487 valde
1470 4448 1755 4488 accensus
1769 4437 2027 4507 suscepit
2055 4456 2199 4494 mar-

2321 4450 2417 4497 Καὶ
2468 4444 2618 4506 λέϐης
2672 4446 2873 4507 εὐθέως,
2927 4430 3123 4507 πίσσης
3176 4467 3228 4499 τε
3287 4445 3635 4503 ἀναπλησθεὶς
3683 4449 3774 4495 xui
3832 4444 3921 4495 λεὶ-

558 4522 771 4588 tyrem.
823 4518 937 4572 Sed
969 4534 1104 4571 cum
1136 4519 1247 4573 hoc
1299 4536 1539 4592 quoque
1571 4522 1755 4590 ﬁeret,
1780 4540 1897 4579 non
1949 4526 2206 4596 neglexit

558 4608 709 4660 Deus
737 4620 807 4660 ex
839 4604 957 4661 alto
988 4605 1179 4661 facere
1210 4616 1492 4664 consueta
1524 4612 1831 4667 miracula.
1862 4615 2008 4669 Nam
2069 4632 2203 4671 cum

553 4693 800 4765 angelus
832 4693 1027 4749 ecoelo
1059 4695 1479 4765 descendisset,
1505 4698 1656 4754 illius
1691 4701 1931 4772 quidem
1966 4720 2203 4776 corpus,

556 4784 710 4838 sicut
740 4783 919 4839 etiam
962 4799 1216 4854 corpora
1256 4785 1435 4841 trium
1467 4803 1806 4857 puerorum,
1847 4796 2208 4852 conservavit

554 4871 848 4927 illaesum:
883 4872 1129 4928 ﬂamma
1162 4878 1359 4929 autem
1382 4882 1621 4946 repente
1644 4879 1701 4933 in
1726 4880 1925 4936 orbem
1959 4882 2207 4942 circum-

551 4960 702 5027 fusa,
756 4977 893 5016 cum
937 4962 1433 5033 apprehendisset
1499 4969 1794 5036 quosdam
1844 4985 1915 5025 ex
1957 4971 2023 5026 iis
2094 4971 2196 5046 qui

552 5048 848 5134 astabant,
884 5050 1228 5107 inﬁdelibus
1256 5052 1467 5109 eadem
1497 5053 1632 5109 fecit
1661 5072 1795 5127 quae
1844 5059 1985 5115 olim
2017 5062 2203 5134 Baby-

551 5131 707 5186 Ione.

623 5222 683 5274 Χ.
716 5222 874 5277 Tunc
932 5222 1172 5295 impius,
1222 5225 1430 5282 timens
1480 5227 1721 5300 quidem
1762 5230 1965 5290 Christi
2022 5235 2199 5292 virtu-

549 5313 690 5371 tem,
725 5308 827 5364 sed
860 5325 933 5365 ne
965 5312 1046 5367 sic
1088 5314 1333 5385 quidem
1383 5316 1715 5391 quidquam
1769 5321 1841 5376 de
1898 5322 2195 5394 impietate

547 5396 875 5465 remittens,
908 5399 1011 5454 sed
1059 5405 1348 5474 tanquam
1375 5406 1503 5477 ipse
1533 5424 1773 5480 quoque
1814 5413 2027 5466 mutari
2068 5428 2194 5469 eru-

547 5485 822 5549 bescens,
855 5491 957 5542 aut
990 5490 1247 5557 amplius
1289 5500 1563 5551 sanctum
1596 5498 1793 5554 videre
1846 5499 2066 5568 vivum,
2103 5520 2191 5558 ar-

537 5580 829 5646 guentem
849 5576 1098 5635 deorum
1136 5579 1291 5637 illius
1325 5582 1806 5662 imbecillitatem,
1841 5605 1974 5648 eum
2000 5598 2187 5653 morte

2317 4532 2445 4606 ϐρως
2496 4536 2757 4601 υποκαεὶς,
2813 4540 2899 4586 τόν
2954 4535 3186 4594 ἀθλητὴν
3243 4532 3546 4606 ὑπεδέχετο.
3599 4532 3755 4585 Ἀλλά
3828 4538 3919 4584 xui

2314 4626 2493 4675 τούτου
2557 4620 2623 4680 δὴ
2679 4626 2970 4692 γενομένου,
3027 4628 3151 4684 Θεὸς
3207 4626 3394 4676 ἄνωθεν
3446 4622 3539 4673 οὐκ
3607 4620 3783 4692 ἠμέλει
3850 4625 3919 4673 τὰ

2318 4714 2511 4769 συνήθη
2584 4714 3010 4783 θαυματουργών,
3064 4712 3313 4784 Ἀγγελος
3386 4714 3488 4785 γὰρ
3563 4709 3615 4772 ἐξ
3693 4710 3917 4782 ούρανοῦ

2316 4801 2564 4863 καταϐὰς,
2619 4804 2675 4852 τό
2725 4805 2813 4871 μεν
2867 4801 3056 4854 ἐκείνου
3114 4811 3283 4875 σῶμα,
3332 4803 3504 4875 ὥσπερ
3552 4805 3641 4851 xui
3695 4801 3760 4851 τὰ
3813 4809 3915 4851 τῶν

2314 4899 2465 4964 τριῶν
2514 4887 2738 4954 παίδων,
2792 4891 3060 4963 ἐφύλαττεν
3121 4891 3311 4951 ἀπαθές
3340 4911 3352 4923 ο
3386 4890 3557 4960 κύκλῳ
3597 4886 3655 4941 δὲ
3702 4890 3731 4946 ἠ
3791 4889 3917 4961 φλὸξ

2314 4980 2555 5041 ἐξαπίνης
2613 4982 2981 5052 περιχυθεῖσα,
3039 4985 3126 5031 καί
3186 5000 3324 5039 τινας
3401 4988 3500 5030 τῶν
3568 4986 3911 5051 παρεστώτων

2314 5066 2544 5118 ἀπίστων
2614 5064 2960 5134 διαλαϐοῦσα,
3021 5072 3085 5120 τά
3156 5069 3285 5121 αὐτὰ
3358 5076 3462 5128 τοῖς
3540 5070 3587 5119 ἐν
3646 5065 3911 5119 Βαϐυλῶνι

2310 5154 2469 5207 παλαι
2496 5152 2724 5212 διέθηκε.

2379 5242 2434 5297 1’.
2475 5249 2597 5295 Τότε
2628 5246 2653 5296 ὁ
2700 5241 2959 5307 δυσσεϐὴς
2994 5251 3079 5304 τὴν
3128 5250 3217 5318 μεν
3259 5256 3348 5298 του
3402 5253 3637 5319 Χριστοῦ
3683 5242 3907 5319 δύναμιν

2307 5330 2567 5403 φοϐηθεὶς,
2626 5329 2792 5403 μηδὲν
2846 5330 2903 5386 δὲ
2957 5331 3094 5407 μηδὲ
3142 5336 3275 5387 οὕτω
3322 5343 3417 5396 τῆς
3464 5333 3701 5395 ἀσεϐείας
3748 5333 3902 5398 ἀνεὶς,

2304 5418 2408 5470 ἀλλ’
2462 5423 2633 5494 ὥσπερ
2701 5421 3144 5495 ἕπαισχυνόμενος
3223 5426 3281 5475 τό
3347 5427 3435 5475 καὶ
3505 5423 3653 5483 αὐτὸς
3716 5422 3905 5485 ἐκεῖνος

2301 5507 2701 5579 μεταϐαλέσθαι,
2746 5511 2774 5567 ἡ
2835 5515 2916 5563 τὸν
2974 5513 3153 5584 Ἀγιον
3202 5513 3249 5564 ἐν
3304 5514 3463 5573 ζῶσιν
3519 5514 3642 5584 ὁρᾷν
3692 5515 3767 5563 ἔτι
3809 5517 3903 5570 τήν

2301 5603 2403 5652 τῶν
2479 5595 2669 5658 ἐκείνου
2730 5601 2854 5652 θεῶν
2927 5600 3190 5659 ἀσθένειαν
3264 5599 3620 5676 διελέγχοντα,
3684 5604 3903 5667 θάνατον
