4114 6262
190 334 306 392 253

183 461 362 518 αὐτοῦ
416 464 740 532 κατακρίνει,
794 461 958 523 οὕτως
1009 462 1161 515 εἰπών
1212 480 1225 495 ο

186 551 320 606 λέων
371 554 460 624 μὶν
516 549 874 608 ἀπειθήσαντα
930 555 1124 622 νόμοις,
1197 555 1468 630 ἡμετέροις
1524 553 1581 608 δέ
1633 555 1807 626 λόγοις

199 640 446 714 οὐδαμῶς
499 639 722 705 εἴξαντα,
781 645 872 691 καὶ
933 637 1074 711 μηδὲ
1146 643 1306 694 θῦσαι
1381 650 1491 705 τοῖς
1577 643 1808 715 εύμενέσι

205 733 338 791 θεοῖς
393 731 699 794 θελήσαντα,
760 727 888 780 ἀλλά
935 738 1006 800 τῷ
1059 730 1431 803 ἐσταυρωμίνῳ
1491 732 1680 805 μᾶλλον
1744 734 1809 792 ὡς

205 827 321 888 Θεῷ
379 820 792 892 προσανέχοντα,
863 816 998 890 ξίφει
1049 824 1144 878 τὴν
1201 820 1424 892 κεφαλὴν
1487 820 1808 893 ἐκτμηθῆναι

203 905 408 959 κελεύω.
442 910 541 958 Καὶ
579 905 738 966 οὕτως
786 905 941 957 αὑτὸν
981 908 1030 959 οἱ
1080 904 1362 984 δορυφόροι
1403 909 1804 983 παραλαϐόντες,

201 1001 295 1047 τοῦ
327 990 645 1046 δικαστικοῦ
689 994 937 1065 ἐξάγουσι
990 993 1250 1069 βήματος.
1305 997 1362 1050 Ὀ
1412 995 1471 1052 δὲ
1513 998 1810 1059 καλλίνικος

203 1090 296 1136 τοῦ
331 1090 572 1155 Χριστοῦ
610 1084 810 1158 μάρτυς
854 1085 1036 1159 ἔχαιρε
1072 1089 1162 1157 μεν
1213 1088 1319 1140 οἷον
1365 1087 1460 1140 ob:
1502 1087 1586 1141 ἐπὶ
1633 1088 1807 1141 τελευ-

203 1177 320 1236 τὴν,
361 1171 466 1223 ἀλλ’
509 1170 593 1223 ἐπὶ
639 1172 777 1232 ζωὴν
817 1172 1027 1244 μᾶλλον,
1075 1176 1250 1250 ὥσπερ
1299 1175 1403 1251 ἄρα
1450 1184 1537 1228 καὶ
1588 1174 1667 1242 ἦν,
1716 1196 1809 1230 πο·

204 1265 497 1336 ρευόμενος.
531 1263 713 1332 Βραχύ
754 1257 814 1313 δε
865 1261 1005 1333 αύτῷ
1057 1260 1296 1316 ἐνδοῦναι
1347 1268 1469 1328 τοὺς
1513 1264 1806 1337 ἀπάγοντας

207 1349 574 1420 αἰτησάμενος,
638 1351 762 1410 στάς
835 1353 964 1424 πρὸς
1019 1350 1271 1415 ἀνατολὰς
1328 1357 1522 1425 ηὔχετο
1575 1370 1587 1384 ·
1651 1355 1807 1427 Κύριέ

203 1457 327 1509 μου,
375 1436 558 1509 λέγων,
610 1442 704 1490 καὶ
746 1441 860 1504 Gai,
901 1444 1046 1511 ταχὺ
1075 1442 1612 1513 προκαταλαϐἐτωσάν
1651 1461 1713 1514 με
1758 1443 1806 1493 οἱ

205 1525 469 1599 οἰκτιρμοί
524 1545 639 1593 σου,
693 1531 777 1580 καὶ
834 1531 1139 1600 παράστηθί
1185 1551 1274 1602 μοι
1333 1536 1421 1584 καὶ
1465 1539 1551 1583 νῦν
1585 1529 1798 1599 βοηθὸς,

208 1615 292 1668 ἵνα
319 1612 486 1687 μηδὲν
527 1635 616 1688 μοι
659 1619 686 1670 ὁ
732 1621 956 1690 πονηρὸς
1009 1616 1250 1691 ἐμποδῶν
1287 1625 1522 1688 γένηται,
1571 1617 1663 1672 διὰ
1709 1621 1804 1680 τὰς

207 1704 260 1758 ἕν
304 1703 566 1778 ἀφροσύνῃ
623 1710 1062 1780 προγεγενημένας
1126 1728 1216 1780 μοι
1296 1708 1554 1783 ἁμαρτίας
1607 1725 1620 1740 ⁸
1676 1707 1804 1759 ἀλλὰ

1531 341 1694 398 νΙΤΑ.
1735 339 1796 395 S.
1836 338 2212 400 BONIFACII.

1271 467 1590 539 Βονιφάτιον,
1650 466 1803 539 βασι-

1917 468 2298 539 condemnat,
2324 472 2406 530 sic
2434 475 2634 533 dicens
2669 496 2679 532 :
2710 479 3034 549 Bonifacio,
3066 477 3167 552 qui
3197 495 3319 537 non
3362 483 3560 553 paruit

3453 357 3557 414 254

1914 558 2154 628 quidem
2186 560 2412 631 legibus
2437 563 2884 636 imperatorum,
2913 568 3101 624 verbis
3123 575 3316 624 autem
3343 572 3557 626 nostris

1913 660 2301 720 nequaquam
2328 653 2521 716 cessit,
2553 661 2605 709 et
2626 655 2735 710 diis
2766 656 3034 728 propitiis
3085 656 3272 712 noluit
3329 658 3557 713 sacriﬁ-

1915 749 2068 801 care,
2101 738 2205 792 sed
2236 740 2583 798 crucifixum
2613 745 2806 814 potius
2829 745 3018 800 colere
3044 750 3329 817 tanquam
3349 748 3556 815 Deum,

1908 823 2095 895 jubeo
2124 833 2301 898 caput
2325 844 2467 884 ense
2485 832 2806 904 amputari.
2838 834 2902 888 Et
2925 834 3007 890 ita
3025 850 3158 888 eum
3184 841 3557 889 assumentes

1916 911 2207 980 satellites,
2242 932 2273 970 e
2316 917 2581 987 judiciali
2640 921 2899 976 educunt
2953 922 3252 976 tribunali.
3303 922 3558 978 Victoria

1915 1007 2116 1058 autem
2145 1005 2394 1074 insignis
2433 1008 2640 1064 Christi
2670 1015 2913 1081 martyr,
2947 1010 3248 1078 gaudebat
3310 1011 3556 1084 quidem

1915 1093 2204 1163 tanquam
2251 1109 2372 1149 non
2420 1097 2495 1152 ad
2547 1103 2820 1164 mortem,
2849 1099 2951 1154 sed
2992 1099 3066 1154 ad
3108 1099 3290 1155 vitam
3331 1100 3552 1172 potius,

1914 1178 2063 1234 sicut
2111 1183 2288 1238 etiam
2331 1199 2535 1240 revera
2586 1187 3003 1253 itavhabebat,
3059 1189 3545 1260 proﬁcisceretur,

1913 1282 2052 1321 cum
2079 1269 2340 1338 petiisset
2368 1271 2442 1326 ab
2479 1273 2548 1326 iis
2572 1274 2674 1346 qui
2713 1275 2911 1346 ipsum
2956 1275 3354 1341 abducebant,
3390 1281 3452 1332 ut
3503 1278 3557 1333 ei

1912 1369 2125 1426 parum
2158 1358 2443 1429 temporis
2473 1361 2883 1428 concederent,
2914 1367 3078 1418 stans
3131 1363 3209 1418 ad
3267 1364 3554 1420 orientem

1910 1449 2185 1515 precatus
2211 1451 2340 1501 est:
2376 1446 2620 1504 Domine
2653 1449 2754 1513 mi,
2799 1451 3026 1518 dicens,
3076 1452 3323 1506 Domine
3375 1453 3550 1516 Deus,

1910 1531 2026 1584 cito
2055 1547 2149 1587 me
2179 1535 2542 1603 praeveniant
2561 1536 2966 1593 miserationes
2982 1543 3116 1604 tum,
3137 1543 3366 1594 etnunc
3392 1539 3555 1594 adsis

1909 1619 2053 1674 mihi
2080 1620 2329 1691 adjutor,
2388 1639 2461 1679 ne
2513 1625 2660 1680 mihi
2717 1626 3013 1696 malignus
3073 1627 3301 1699 aliquid
3351 1628 3554 1683 afferat

1909 1707 2317 1780 impedimenti
2347 1716 2589 1784 propter
2617 1729 2710 1781 ea,
2741 1729 2875 1786 quae
2920 1715 2978 1770 in
3014 1715 3355 1786 insipientia
3412 1716 3554 1771 mihi

207 1790 498 1865 πρόσδεξαι
537 1814 636 1866 μου
692 1799 786 1853 τὴν
832 1795 1019 1868 ψυχὴν
1066 1796 1114 1849 ἕν
1167 1798 1365 1872 εἰρήνῃ,
1397 1803 1487 1850 καὶ
1526 1805 1635 1860 τοῖς
1677 1799 1802 1871 ὑπὲρ

1914 1804 2343 1868 praacesserunt
2369 1807 2612 1872 peccata
2640 1819 2654 1857 :
2684 1803 2790 1857 sed
2813 1803 3044 1875 suscipe
3067 1804 3332 1859 animam
3355 1820 3555 1861 meam

213 1890 309 1936 σοῦ
341 1886 399 1935 τὸ
445 1885 576 1955 αἷμα
619 1882 860 1956 ἕκχέασι,
911 1891 1002 1938 καὶ
1049 1906 1212 1961 μεχρι
1263 1887 1433 1949 τέλους
1483 1892 1577 1945 τὴν
1629 1891 1804 1939 πίστιν

212 1968 598 2045 διατηρήσασι,
659 1972 792 2046 κάμὲ
846 1976 1236 2048 συναρίθμησον
1267 1993 1280 2006 ⁸
1309 1977 1469 2050 ῥύσαι
1509 1973 1568 2030 δε
1614 1981 1704 2028 καὶ
1747 1978 1806 2028 τὸ

209 2067 285 2131 τῷ
319 2063 505 2133 αἵματί
561 2081 656 2115 σου
709 2066 1042 2136 περιποιηθεν
1088 2069 1347 2138 ποίμνιον,
1392 2069 1479 2118 τὸν
1534 2068 1624 2118 σὸν
1661 2065 1805 2131 λαὸν,

211 2157 315 2221 μοῦ
344 2153 561 2224 Χριστε,
618 2153 704 2202 τὸν
752 2155 1072 2226 περιούσιον,
1126 2151 1440 2217 δυσσεϐείας
1484 2156 1659 2216 πάσης
1716 2157 1806 2206 καὶ

207 2237 402 2298 πλάνης
439 2236 672 2298 ἐλληνικῆ
685 2260 724 2305 ς,
759 2241 839 2292 ὅτι
877 2240 1152 2312 εὐλογητὸς
1181 2240 1229 2295 εἶ
1262 2248 1352 2296 καὶ
1394 2247 1554 2316 μένων
1585 2243 1655 2305 εἰς
1693 2247 1810 2303 τοὺς

205 2327 414 2388 αἰῶνας.
459 2329 636 2383 Ταῦτα
665 2328 880 2395 ηὔξατο,
924 2335 1014 2383 καὶ
1043 2335 1136 2390 τὴν
1179 2331 1345 2404 εὐχὴν
1382 2337 1441 2385 τὸ
1487 2332 1632 2405 ξίφος
1661 2332 1808 2394 εὐθὺς

207 2411 504 2488 διεδέχετο,
547 2421 636 2470 καὶ
673 2421 768 2476 τὴν
820 2423 1014 2477 σεπτην
1053 2418 1282 2492 ἒτέμνετο
1312 2421 1552 2494 κεφαλήν.
1583 2429 1806 2492 Θαυμα-

204 2511 420 2579 τουργεῖ
446 2502 507 2558 δέ
529 2525 576 2558 τι
622 2505 886 2561 κάνταῦθα
931 2511 1080 2574 Θεὸς,
1113 2515 1203 2562 καὶ
1233 2509 1365 2583 αἷμα
1393 2511 1522 2582 ὁμοῦ
1550 2513 1640 2562 καὶ
1667 2509 1805 2581 γάλα

204 2601 304 2656 τῆς
323 2603 484 2667 τομῆς
509 2596 700 2670 ῥυῆναι
728 2604 886 2662 ποιεῖ,
919 2599 989 2658 ὠς
1013 2601 1072 2651 τὸ
1095 2601 1184 2671 μὲν
1209 2607 1306 2661 τῆς
1335 2601 1539 2672 φύσεως
1563 2595 1714 2666 εἶναι,
1741 2601 1800 2650 τὸ

205 2679 267 2735 δὲ
297 2691 388 2744 τῆς
435 2683 678 2746 εὐσεϐοῦς
723 2689 964 2747 πίστεως.
1027 2691 1127 2740 Καὶ
1177 2688 1312 2740 οὕτω
1354 2691 1412 2740 τὸ
1465 2689 1640 2759 θαῦμα
1668 2691 1804 2759 μέγα

203 2773 354 2843 φανὲν
384 2771 453 2832 εἰς
477 2772 740 2838 ἔκπληξιν,
772 2775 949 2847 μεῖζον
976 2774 1036 2827 ἂν
1072 2776 1138 2836 εἰς
1177 2775 1436 2847 ὠφέλειαν,
1469 2774 1667 2851 ἄνδρας
1703 2785 1802 2828 τῶν

205 2860 444 2914 ἀπίστων
473 2868 792 2920 πεντήκοντα
817 2868 908 2916 καὶ
940 2869 1310 2926 πεντακοσίους
1351 2865 1430 2934 (b)
1476 2874 1546 2935 τῷ
1587 2873 1803 2937 Χριστῷ

206 2956 397 3003 πεῖσαν
424 2949 740 3022 ἀκολουθεῖν,
775 2956 866 3004 καὶ
908 2956 1002 3010 τὴν
1043 2948 1310 3011 εἰδωλικὴν
1357 2953 1553 3011 πλάνην
1591 2973 1807 3024 μυσαχ-

214 3040 399 3100 θίντας
424 3038 710 3093 ἀπολιπεῖν.

1914 1885 1974 1940 in
1997 1901 2164 1957 pace,
2189 1894 2245 1942 et
2268 1888 2418 1944 inter
2442 1905 2562 1956 eos,
2605 1890 2707 1962 qui
2741 1906 2847 1962 pro
2900 1897 2956 1946 te
2997 1891 3350 1962 sanguinem
3406 1891 3557 1947 effu-

1916 1976 2146 2040 derunt,
2171 1981 2225 2032 et
2253 1977 2432 2033 ﬁdem
2465 1995 2650 2050 usque
2681 1979 2760 2034 ad
2787 1979 2968 2035 ﬁnem
2987 1987 3436 2045 conservarunt,
3463 1995 3555 2037 me

1915 2079 2156 2137 quoque
2183 2065 2534 2122 adnumera.
2571 2067 2774 2124 Libera
2798 2073 2997 2123 autem
3025 2074 3126 2124 tuo
3151 2084 3392 2141 quoque
3419 2083 3554 2139 pre-

1918 2153 2066 2209 tioso
2081 2155 2370 2224 sanguine
2387 2155 2740 2226 acquisitum
2763 2171 3026 2226 gregem,
3052 2162 3217 2212 tuum
3238 2156 3551 2229 populum,

1919 2242 1998 2296 mi
2045 2243 2288 2310 Christe,
2339 2243 2721 2316 peculiarem,
2773 2245 2850 2301 ab
2900 2245 3066 2301 omni
3119 2245 3424 2316 impietate
3498 2249 3554 2300 et

1916 2344 2110 2385 errore
2132 2331 2438 2400 gentilium
2471 2346 2483 2385 :
2517 2333 2803 2404 quoniam
2825 2348 2888 2388 es
2915 2332 3260 2388 benedictus
3315 2337 3374 2387 et
3429 2347 3556 2387 ma-

1916 2434 2064 2474 nens
2095 2420 2153 2474 in
2175 2419 2412 2476 saecula.
2447 2423 2578 2476 Haac
2609 2426 2694 2476 est
2723 2426 3015 2492 precatus,
3042 2427 3098 2477 et
3124 2436 3327 2492 preces
3354 2420 3554 2476 statim

1912 2509 2067 2564 ensis
2111 2513 2198 2564 est
2249 2515 2622 2574 consecutus,
2680 2514 2737 2566 et
2786 2515 3162 2582 amputatum
3219 2510 3328 2566 fuit
3378 2514 3560 2581 caput

1908 2597 2339 2652 venerandum.
2374 2599 2529 2654 Facit
2544 2602 2741 2654 autem
2764 2599 2862 2655 hic
2877 2614 3117 2670 quoque
3138 2599 3289 2654 Deus
3311 2598 3553 2670 aliquod

1911 2685 2286 2756 miraculum,
2322 2690 2378 2742 et
2399 2686 2757 2757 sanguinem
2783 2703 2920 2742 cum
2951 2686 3100 2742 lacte
3121 2686 3260 2742 facit
3282 2685 3467 2742 ﬂuere
3487 2702 3557 2740 ex

1911 2773 2192 2829 vulnere:
2223 2773 2375 2830 adeo
2416 2780 2478 2830 ut
2508 2774 2603 2830 ille
2653 2776 2890 2847 quidem
2944 2779 3100 2830 esset
3147 2781 3392 2841 naturae,
3442 2775 3557 2830 hoc

1915 2877 2053 2917 vero
2094 2862 2204 2932 pias
2233 2862 2372 2918 ﬁdei
2404 2879 2415 2917 :
2451 2869 2506 2918 et
2531 2864 2613 2919 sic
2645 2863 3018 2929 miraculum,
3060 2863 3224 2935 quod
3272 2877 3558 2933 magnum

1914 2949 2108 3004 visum
2136 2955 2262 3005 erat
2290 2951 2368 3006 ad
2391 2957 2717 3023 stuporem,
2747 2952 2943 3023 majus
2973 2951 3085 3007 fuit
3105 2951 3181 3006 ad
3215 2952 3553 3009 utilitatem:

1916 3038 2078 3109 quod
2105 3039 2442 3110 quingentis
2472 3045 2527 3096 et
2550 3041 2988 3114 quinquaginta
3035 3040 3172 3097 viris
3218 3039 3558 3096 inﬁdelibus

1783 3148 1799 3176 τ
1845 3153 1885 3209 C
1918 3126 2232 3198 persuasit,
2287 3132 2350 3184 ut
2400 3127 2697 3185 Christum
2751 3133 3158 3202 sequerentur,
3203 3133 3259 3185 et
3296 3145 3555 3186 errorem

283 3306 388 3362 IA’.
421 3313 637 3360 Τοιοῦτο
689 3311 972 3379 Βονιφατίῳ
1011 3315 1106 3368 τῆς
1145 3307 1287 3368 ζωῆς
1326 3308 1382 3358 τό
1410 3309 1566 3379 πέρας
1593 3323 1606 3336 '
1645 3307 1809 3370 οὕτως

208 3398 269 3448 τὸ
313 3395 422 3455 εἰκῆ
465 3400 554 3447 καὶ
597 3394 760 3458 ἄλλως
803 3394 1011 3448 ἐπελθὸν
1053 3400 1142 3448 καὶ
1186 3394 1474 3470 προρρηθὲν
1517 3395 1606 3446 ὑπ’
1646 3395 1804 3447 αύτοῦ

209 3484 350 3547 τέλος
389 3484 609 3556 εἴληφεν.
663 3487 730 3538 Οἱ
768 3481 847 3555 δε,
893 3488 1019 3558 πρὸς
1067 3485 1292 3545 ζήτησιν
1342 3483 1514 3556 ἐκείνῳ
1557 3493 1655 3536 τῶν
1701 3483 1806 3538 λει-

207 3572 382 3644 ψάνων
433 3575 917 3646 συνεχπεμφθέντες,
976 3581 1144 3627 ταῦτα
1201 3576 1292 3646 μὲν
1346 3572 1666 3645 ἀγνοοῦντες,
1719 3593 1805 3627 πε-

204 3666 538 3736 ριερχόμενοι
572 3658 630 3714 δε
687 3661 783 3714 ἀντὶ
830 3668 1002 3715 πᾶσαν
1033 3666 1126 3720 τὴν
1156 3661 1324 3728 πόλιν,
1371 3660 1480 3715 ἐπεὶ
1528 3663 1804 3723 ζητοῦντες

205 3750 359 3804 αὐτὸν
408 3750 513 3822 οὐχ
569 3751 827 3822 εὕρισκον,
887 3751 1109 3823 οἰόμενοι
1166 3759 1279 3811 ταῖς
1326 3751 1385 3804 ού
1433 3750 1615 3813 καλαῖς
1647 3750 1802 3803 αύτόν

211 3841 444 3900 συνήθως
498 3840 820 3913 χαρίζεσθαι
877 3837 1114 3907 ἡδοναῖς,
1168 3839 1341 3894 ’Ἠττου
1399 3839 1583 3902 ἐκεῖνος
1658 3842 1798 3914 ἄρτι,

211 3930 343 4001 πρὸς
388 3927 598 3989 ἑαυτοὺς
643 3928 833 4000 ἔλεγον,
887 3929 917 3987 ἡ
969 3932 1166 3989 πάντως
1207 3930 1414 4001 γυναιξὶ
1468 3933 1726 3994 σύνεστιν,
1767 3928 1796 3987 ἦ

211 4022 303 4070 καὶ
351 4013 686 4092 προσεδρεύει
734 4024 910 4080 ποτοῖς
948 4020 1016 4080 ὡς
1065 4020 1130 4070 τά
1183 4018 1362 4073 πολλά,
1419 4026 1596 4072 Ταῦτα
1638 4017 1685 4070 ἐν
1733 4024 1802 4088 νῷ

216 4110 534 4180 στρέφοντες,
594 4108 767 4180 ὥσπερ
823 4107 1045 4179 ἔσχατον
1095 4107 1242 4160 αύτοὶ
1297 4104 1645 4180 διεσάφησαν,
1686 4127 1805 4159 συν-

213 4200 404 4248 αντῶσί
462 4215 564 4248 τινι
629 4204 729 4248 τῶν
784 4195 1005 4249 πολιτῶν
1077 4204 1168 4249 τοῦ
1224 4201 1335 4249 τότε
1390 4200 1803 4269 κομενταρησίου

209 4287 528 4357 τυγχάνοντι
585 4282 808 4357 ἀδελφῷ,
875 4291 965 4338 καὶ
1021 4282 1178 4338 τοῦδε
1253 4282 1711 4351 διαπυνθάνονται,
1762 4284 1806 4333 εἰ

209 4394 327 4426 τινα
379 4371 489 4426 ἷδοι
527 4375 690 4444 (ξένον
736 4373 1032 4446 Ῥωμαῖον).
1085 4373 1155 4443 (ο)
1192 4378 1336 4426 Ξένον
1379 4376 1468 4443 μέν
1504 4391 1636 4437 τινα,
1689 4373 1805 4442 ἔφα·

211 4483 322 4533 σκε,
351 4468 444 4522 τὴν
474 4467 640 4537 χορὸς
684 4462 732 4514 ἐν
784 4470 855 4532 τῷ
903 4457 1105 4531 σταδίῳ
1152 4465 1238 4512 τὸν
1278 4463 1596 4533 μαρτυρικόν
1631 4458 1804 4531 ἀγῶνα

210 4549 653 4623 διαγωνίσασθαι,
687 4555 776 4602 καὶ
822 4550 955 4621 ξίφει
1002 4549 1331 4607 τελειωθῆναι
1365 4565 1376 4577 ·
1406 4544 1572 4620 μηδὲν
1605 4545 1662 4602 δε
1705 4568 1802 4618 μη·

211 4637 354 4692 δέπω
404 4638 631 4712 ἀκριϐῶς
676 4635 886 4704 εἰδέναι,
934 4637 978 4691 εἰ
1032 4642 1121 4690 καὶ
1169 4638 1314 4698 οὗτος
1366 4637 1522 4700 αὐτὸς
1559 4639 1584 4688 ὁ
1618 4638 1804 4698 ζητού-

209 4746 376 4800 μενος.
414 4726 548 4781 Ἀλλ’
598 4729 771 4780 εἴπατέ
807 4746 917 4800 μοι,
973 4731 1154 4800 φησὶν,
1205 4728 1377 4788 ὁποῖός
1423 4731 1499 4787 τίς
1554 4725 1668 4779 ἐστι
1715 4730 1803 4779 καὶ

208 4822 304 4876 τὴν
335 4816 472 4888 ἄψιν,
519 4822 610 4868 καὶ
657 4821 772 4869 τίνα
811 4813 870 4869 δὲ
904 4819 969 4869 τὰ
1020 4817 1312 4891 παράσημα
1349 4824 1443 4878 τῆς
1481 4823 1704 4891 μορφῆς.
1745 4815 1806 4867 Ὠ

211 4902 271 4958 δὲ
301 4903 484 4958 ἐκεῖνοι
529 4904 666 4977 λόγῳ
710 4907 795 4957 τὸν
852 4902 1022 4979 ἄνδρα
1069 4905 1420 4978 ἑζωγράφονν,
1467 4906 1547 4956 ὅτι
1602 4907 1659 4956 τὸ
1713 4907 1802 4976 μὲν

211 5003 364 5066 σῶμα
419 4994 560 5065 αύτῷ
615 4993 820 5067 βραχὺ,
869 4994 1026 5056 ξανθὴ
1061 4990 1120 5047 δὲ
1151 4995 1181 5052 ἡ
1229 4995 1344 5068 θρὶξ
1383 4999 1472 5045 καὶ
1502 4987 1663 5046 τᾶλλα
1703 4994 1804 5044 ὅσα

208 5088 610 5158 χαρακτηρίσαι
648 5085 944 5155 Βονιφάτιον
985 5085 1133 5134 ἱκανά
1168 5100 1179 5112 ·
1215 5083 1380 5144 Οὗτος
1429 5080 1636 5148 ἐκεῖνος,
1683 5083 1799 5153 ἔφη,

208 5173 262 5227 ὃν
312 5174 452 5245 ὑμεῖς
502 5172 724 5237 ζητεῖτε,
779 5172 924 5232 οὗτος
974 5173 1097 5248 ἄρα,
1147 5176 1237 5224 καὶ
1285 5171 1434 5232 ἄλλος
1487 5167 1674 5231 οὐδείς.
1737 5171 1802 5222 Oi

208 5259 268 5316 δὲ
319 5267 411 5322 τὴν
466 5264 556 5334 μὲν
615 5259 788 5334 ἀρχὴν
849 5257 1183 5326 διηπίστουν,
1235 5266 1324 5314 καὶ
1363 5262 1660 5320 ἠτατῆσθαι
1713 5262 1800 5311 τὸν

205 5348 377 5426 ἄνδρα
437 5356 596 5424 ᾤοντο
645 5371 656 5383 ·
701 5353 767 5404 Σὺ
814 5346 873 5403 δὲ
927 5351 1221 5422 Βονιφάτιον
1276 5349 1490 5422 ἀγνοεῖς,
1547 5349 1795 5421 λέγοντες,

275 5529 355 5602 (ὁ)
386 5530 550 5586 Hunc
587 5545 928 5602 numerum
954 5531 1109 5602 unde
1135 5527 1793 5602 acceperitHMetaphra;

204 5599 570 5729 stesﬁnescio,
614 5603 813 5660 Latina
844 5599 1037 5658 solum
1062 5599 1367 5657 indeﬁnite
1399 5599 1788 5672 dicuntquod

203 5687 305 5730 mu
356 5686 400 5728 ι.

1919 3213 2372 3272 simulacrorum
2403 3218 2812 3274 abominantes
2841 3218 3262 3290 relinquerent.

1985 3303 2072 3358 Xl.
2106 3304 2206 3359 Hic
2233 3303 2336 3358 fuit
2363 3305 2552 3360 exitus
2582 3306 2714 3360 vitae
2765 3306 3061 3360 Bonifacii.
3119 3307 3200 3360 Ita
3256 3305 3422 3377 quod
3470 3303 3553 3358 illi

1912 3394 2132 3447 temere
2195 3396 2525 3449 veneratin
2556 3399 2839 3462 mentem,
2894 3393 3116 3465 accepit
3164 3409 3302 3448 eum
3351 3392 3553 3458 ﬁnem,

1910 3495 2090 3552 quem
2117 3480 2245 3554 ipse
2269 3482 2641 3554 praedixerat.
2675 3483 2783 3548 Qui
2825 3488 3026 3538 autem
3079 3498 3217 3538 cum
3270 3496 3338 3537 eo
3389 3479 3556 3536 missi

1910 3568 2144 3626 fuerant
2173 3570 2251 3627 ad
2275 3572 2634 3642 quaerendas
2659 3571 2939 3643 reliquias
2958 3571 3106 3636 ,haec
3122 3570 3368 3643 quidem
3387 3569 3555 3639 igno-

1909 3663 2127 3724 rantes,
2160 3663 2342 3716 totam
2375 3675 2515 3716 vero
2558 3661 2858 3716 civitatem
2906 3661 3211 3725 obeuntes,
3268 3658 3554 3730 quoniam

1909 3751 2242 3819 quaerentes
2271 3748 2470 3819 ipsum
2500 3765 2621 3804 non
2659 3748 3062 3813 inveniebant,
3092 3753 3370 3820 putantes
3417 3761 3555 3801 eum

1910 3850 2032 3892 non
2064 3836 2346 3908 pulchris,
2376 3841 2439 3892 ut
2466 3837 2719 3902 solebat,
2745 3853 2992 3909 operam
3040 3837 3182 3893 dare
3239 3835 3552 3907 voluptati-

1909 3923 2024 3980 bus
2065 3941 2078 3980 :
2134 3927 2298 3982 Certe
2353 3925 2452 3982 ille
2505 3925 2809 3989 (dicebant
2864 3925 3030 3998 apud
3082 3924 3166 3997 se)
3215 3924 3396 3980 modo
3463 3923 3553 3979 vel

1911 4013 2159 4070 omnino
2188 4014 2305 4071 coit
2334 4014 2694 4084 mulieribus,
2750 4018 2855 4070 aut
2907 4015 2964 4069 in
3012 4014 3083 4069 iis
3133 4013 3276 4069 locis
3305 4013 3551 4076 desidet,

1912 4107 1975 4155 ut
2002 4101 2060 4155 id
2096 4117 2317 4171 magna
2346 4119 2419 4158 ex
2442 4108 2603 4174 parte
2629 4102 2785 4158 facit.
2813 4101 2946 4156 Haec
2983 4102 3186 4156 animo
3234 4104 3552 4166 versantes,

1910 4193 1975 4244 ut
1999 4189 2108 4258 ipsi
2138 4195 2435 4259 postremo
2487 4190 2874 4260 explicarunt,
2938 4194 3256 4244 occurrunt
3311 4187 3553 4243 cuidam

1912 4275 2046 4342 civi,
2078 4276 2182 4348 qui
2211 4280 2336 4331 erat
2363 4276 2540 4332 frater
2564 4277 3148 4342 Commentariensis,
3182 4281 3236 4332 et
3276 4293 3411 4332 eum
3466 4275 3558 4330 in-

1913 4370 2231 4436 terrogant,
2289 4381 2366 4420 an
2433 4365 2683 4421 vidisset
2749 4365 3011 4437 aliquem
3062 4365 3358 4437 hospitem
3419 4364 3556 4420 illuc

1911 4455 2315 4510 accedentem.
2359 4454 2454 4510 llle
2479 4459 2678 4512 autem
2731 4453 2988 4523 dicebat,
3048 4453 3175 4510 heri
3225 4451 3554 4525 quemdam

1910 4545 2208 4616 hospitem
2233 4543 2292 4600 in
2315 4544 2505 4600 stadio
2550 4543 2932 4615 martyricum
2986 4542 3320 4599 decertasse
3374 4546 3557 4598 certa-

1911 4649 2070 4701 men,
2105 4638 2159 4690 et
2186 4649 2328 4689 ense
2356 4632 2545 4689 fuisse
2575 4636 3058 4689 consummatum
3108 4649 3121 4687 :
3179 4647 3240 4688 se
3266 4647 3402 4687 vero
3433 4645 3556 4686 non

1912 4729 2068 4781 certo
2092 4724 2256 4788 scire,
2291 4738 2367 4778 an
2397 4723 2446 4778 is
2473 4721 2564 4788 sit,
2587 4721 2690 4794 qui
2742 4721 2820 4777 ab
2868 4721 2950 4776 eis
3003 4723 3385 4792 quaereretur.
3441 4720 3554 4776 Sed

1910 4813 2084 4870 dicite
2107 4812 2269 4877 mihi,
2298 4811 2508 4884 inquit,
2537 4809 2876 4883 qualisnam
2902 4813 2989 4864 est.
3009 4813 3276 4880 aspectu,
3314 4812 3370 4863 et
3421 4824 3554 4880 quas

1911 4907 2045 4958 sunt
2065 4903 2193 4974 ejus
2212 4899 2682 4969 formaeiusignia
2711 4899 2738 4955 ‘I
2756 4900 2902 4955 Cum
2925 4902 3124 4953 autem
3144 4896 3222 4951 illi
3246 4896 3558 4952 hominem

1912 4992 2105 5048 verbis
2135 4990 2554 5055 describerent,
2587 5004 2799 5059 nempe
2841 4987 3006 5060 quod
3068 4986 3249 5042 breve
3309 4985 3557 5058 quidem

1911 5085 2061 5137 esset
2089 5079 2139 5135 ei
2167 5095 2403 5151 corpus,
2431 5078 2571 5134 ﬂavi
2600 5093 2737 5134 vero
2768 5075 2985 5147 capilli,
3018 5079 3075 5132 et
3097 5075 3214 5129 alia
3246 5090 3380 5147 quas
3415 5073 3558 5129 satis

1909 5175 2078 5226 erant
2105 5169 2182 5225 ad
2213 5166 2665 5240 exprimendam
2690 5165 2950 5222 formam
2967 5162 3253 5219 Bonifacii
3278 5179 3290 5219 :
3321 5163 3433 5221 Hic
3469 5167 3561 5219 est

1907 5259 2022 5323 ille,
2081 5257 2292 5330 inquit,
2345 5272 2526 5329 quem
2572 5270 2673 5310 vos
2724 5251 3010 5326 quaeritis.
3106 5251 3192 5306 Illi
3241 5255 3441 5308 autem
3491 5251 3556 5308 in

1907 5347 2070 5403 initio
2109 5345 2353 5417 quidem
2401 5359 2520 5400 non
2567 5341 2909 5406 credebant,
2969 5344 3024 5398 et
3080 5356 3213 5397 eum
3265 5339 3561 5413 putabant

1973 5527 2048 5599 (c)
2107 5526 2372 5599 Deerant_
2403 5522 2530 5578 haec
2578 5520 2878 5595 ecgrapho
2955 5523 3176 5591 nostro,
3240 5534 3310 5575 ex
3355 5518 3558 5576 Latina

1899 5594 2173 5656 versione
2205 5594 2496 5668 suppleta.
