4114 6262
557 334 663 392 255

560 475 686 517 esse
717 459 1048 530 deceptum,
1082 455 1341 514 dicentes
1387 471 1400 511 :

564 548 905 622 qualisnam
936 548 1008 603 sit
1028 547 1079 602 ei
1110 547 1248 611 vita,
1274 548 1328 600 et
1353 558 1537 616 quam
1559 554 1859 612 propensa
1889 554 1958 593 ac
1999 534 2213 607 procli-

560 638 648 692 vis
686 637 762 693 ad
786 636 1137 707 voluptates,
1170 639 1224 689 et
1241 649 1425 705 quam
1460 648 1529 685 ex
1556 630 1846 684 diametro
1877 626 2010 681 vitm
2046 640 2215 696 repu-

564 730 704 799 gnet
731 724 1083 797 martyricee.
1109 726 1249 779 Cum
1276 738 1412 777 vero
1459 719 1553 775 ille
1604 718 1845 781 diceret,
1899 713 2048 770 nihil
2110 712 2213 768 ob-

566 820 744 878 stare,
774 813 1091 885 quominus
1121 812 1234 883 ipsi
1275 808 1627 865 accederent
1685 806 1762 861 ad
1822 803 2103 865 stadium,
2163 803 2217 856 et

565 919 782 973 corpus
812 902 1008 972 ipsum
1067 900 1419 971 aspicerent,
1458 897 1536 953 illi
1580 894 1875 959 cedentes,
1926 890 2218 947 accedunt

567 991 832 1063 quidem,
861 991 988 1045 viro
1015 988 1112 1043 illo
1136 1005 1237 1043 eos
1261 989 1530 1042 ducente.
1567 984 1675 1052 Qui
1715 999 1852 1038 cum
1913 980 2092 1036 etiam
2134 977 2217 1033 eis

566 1095 783 1151 corpus
812 1079 1186 1142 ostendisset,
1221 1076 1300 1132 illi
1330 1074 1610 1147 conjectis
1639 1075 1696 1128 in
1744 1087 1954 1141 corpus
2008 1066 2216 1131 oculis,

563 1167 724 1239 quod
743 1166 979 1237 jacebat
1009 1166 1133 1220 sine
1176 1166 1390 1235 capite,
1424 1163 1517 1218 vel
1540 1178 1609 1216 cx
1644 1162 1759 1216 hoc
1786 1159 1912 1215 solo
1939 1172 2219 1228 agnosce-

559 1254 708 1311 bant
739 1254 1122 1311 Bonifacium.
1170 1252 1388 1308 Deinde
1432 1251 1611 1306 etiam
1667 1265 1805 1304 cum
1859 1245 2220 1301 invenissent

564 1349 744 1414 caput
779 1345 1304 1412 seorsumjacens,
1331 1345 1387 1395 et
1444 1339 1572 1409 ejus
1627 1336 1860 1408 corpori
1885 1333 2219 1404 conjunxis-

565 1435 713 1496 sent,
756 1431 918 1486 illum
954 1431 1146 1501 ipsum
1182 1445 1309 1485 esse
1356 1428 1681 1492 credentes,
1733 1425 2215 1496 obstupuerunt:

569 1525 622 1575 et
652 1520 859 1577 timore
886 1526 1224 1574 contractus
1253 1517 1362 1573 fuit
1391 1533 1579 1572 eorum
1613 1516 1869 1571 animus.
1910 1511 2220 1567 Timebant

569 1608 750 1675 enim,
778 1623 852 1663 ne
879 1607 961 1662 eis
1000 1607 1221 1678 aliquid
1262 1608 1649 1670 succenseret,
1693 1602 1858 1675 quod
1886 1602 2015 1671 ejus
2060 1613 2224 1653 men-

568 1701 690 1753 tem
719 1701 1116 1761 accusassent,
1147 1710 1282 1750 eum
1307 1695 1644 1765 judicantes
1683 1708 1751 1748 ex
1782 1707 1853 1746 eo
1884 1689 2030 1753 solo,
2058 1686 2223 1759 quod

1957 316 2220 378 MENSIS
2260 318 2508 380 MAIUS.

1470 456 1595 509 Non
1624 449 1781 507 nosti
1818 446 2211 515 Bonifacium,

2339 453 2410 501 ιαὶ
2437 451 2542 512 οἷος
2566 450 2591 501 ό
2640 446 2756 521 βίος
2804 442 2965 513 αύτῷ,
3011 443 3137 516 πρὸς
3167 436 3361 502 ἡδονὰς
3390 439 3584 512 μᾶλλον
3614 441 3708 492 καὶ
3740 437 3958 500 ἀνέσεις

3833 309 3959 365 256

2322 541 2477 610 ἔχων,
2528 543 2616 591 xui
2657 537 2710 588 ἐκ
2760 530 3045 606 διαμέτρου
3086 538 3157 600 τῷ
3197 538 3503 603 μαρτυρικῷ
3561 528 3667 601 βίῳ
3715 528 3959 580 ἀπεναν-

2320 633 2429 688 τίας
2480 632 2726 699 κείμενος.
2782 624 2928 674 Ἐπεὶ
2981 617 3039 672 δὲ
3071 618 3255 679 ἐκεῖνος
3302 616 3468 689 μηδὲν
3500 615 3631 671 εἶναι
3662 621 3724 669 τό
3776 616 3953 689 ἐμπο-

2324 714 2427 769 δὼν
2460 715 2622 787 ἔλεγεν
2669 714 2751 766 ἐπὶ
2780 714 2836 764 τὸ
2883 706 3099 762 στάδιον
3132 708 3418 782 παρελθεῖν,
3468 713 3555 760 καὶ
3588 716 3664 777 τῷ
3721 711 3958 777 σώματι

2325 806 2462 876 αὐτῷ
2509 808 2851 877 προστυχεῖν,
2912 799 3131 861 εἰξαντες
3184 796 3363 850 ἐκεῖνοι
3418 801 3794 872 παρέρχονται
3856 797 3955 867 μὲν

2325 896 2396 955 εἰς
2420 898 2506 946 τὸν
2545 898 2723 954 τόπον,
2762 897 2854 943 τοῦ
2885 885 3070 963 ἀνδρὸς
3120 888 3293 948 αὐτοῖς
3327 889 3615 958 ἡγουμένου
3653 905 3665 915 ·
3702 882 3832 937 εἶτα
3856 890 3958 938 καὶ

2325 988 2410 1037 τὸν
2457 987 2630 1055 νεκρόν
2687 976 3073 1042 ὑποδείξαντος,
3133 979 3227 1037 τὰς
3277 976 3421 1047 ἅψεις
3470 975 3656 1028 ἐκεῖνοι
3695 983 3779 1045 τῷ
3847 978 3958 1026 σὼ-

2324 1093 2451 1147 ματι
2514 1070 2888 1145 προσϐαλόντες
2943 1076 3038 1127 τῆς
3097 1065 3320 1137 κεφαλῆς
3373 1066 3491 1118 ἄνευ
3522 1068 3770 1137 κειμένῳ,
3822 1064 3958 1116 ὅσον

2327 1161 2386 1222 ἦν
2452 1164 2551 1214 ἀπὸ
2607 1162 2789 1213 τούτου
2848 1160 2933 1209 τόν
2984 1156 3281 1228 Βονιφάτιον
3336 1153 3679 1224 ἀνεγίνωσκον
3742 1168 3760 1183 ’
3834 1149 3960 1205 εἶτα

2326 1256 2415 1304 καὶ
2463 1255 2554 1309 τὴν
2610 1247 2830 1320 κεφαλὴν
2890 1246 3119 1317 εὑρόντες
3175 1246 3338 1318 χωρίς
3388 1262 3486 1295 που
3534 1245 3811 1314 κειμένην,
3858 1246 3959 1293 καὶ

2327 1349 2397 1412 τῷ
2440 1340 2599 1398 αὐτῆς
2669 1334 2991 1405 συνάψαντες
3041 1339 3265 1406 σώματι,
3326 1332 3480 1385 αὑτὸν
3546 1330 3737 1383 ἐκεῖνον
3812 1327 3960 1383 εἶναι

2326 1430 2697 1487 πιστεύσαντες
2747 1424 2935 1496 θάμϐει
2979 1427 3305 1493 συνείχοντο,
3349 1426 3439 1473 καὶ
3479 1416 3583 1473 δέει
3611 1424 3710 1479 τὴν
3741 1419 3958 1492 ψυχὴν

2331 1516 2719 1569 συνεστέλλοντο
2759 1532 2770 1543 '
2804 1518 2893 1565 xui
2922 1514 3019 1585 γὰρ
3071 1508 3425 1575 ἐδεδοίκεσαν,
3477 1515 3545 1582 μή
3603 1529 3658 1561 τι
3698 1513 3802 1560 καὶ
3850 1530 3959 1581 μη-

2329 1609 2448 1677 νίση
2483 1605 2676 1668 αὐτοῖς,
2710 1604 2775 1654 ὧν
2828 1602 2895 1662 εἰς
2936 1598 3170 1653 διάνοιαν
3218 1599 3378 1652 αὑτοῦ
3431 1604 3795 1671 κατηγόρουν,
3846 1598 3955 1650 ἀπὸ

2331 1698 2487 1766 μόνου
2561 1701 2650 1745 τοῦ
2716 1690 3057 1765 προλαϐόντος
3132 1688 3285 1741 αὐτόν
3346 1695 3622 1763 κρίνοντες,
3694 1692 3793 1739 καὶ
3876 1692 3950 1760 μή

570 1789 968 1858 praecesserat,
1011 1790 1066 1839 et
1124 1785 1475 1848 nescientes,
1528 1782 1688 1854 quali
1729 1782 1863 1838 vita:
1928 1776 2220 1851 principio

2339 1780 2521 1844 εἰδότες
2574 1784 2663 1853 οἵῳ
2715 1786 2972 1854 προοιμίῳ
3015 1778 3137 1852 βίου
3188 1780 3293 1831 οἷον
3324 1779 3459 1839 τέλος
3512 1777 3736 1836 ἐπέθηκε
3782 1798 3958 1850 χαρι-

571 1873 813 1946 qualem
841 1878 896 1928 et
920 1873 1449 1944 quamjucundum
1473 1872 1655 1927 ﬁnem
1690 1869 2092 1942 imposuisset.
2114 1866 2221 1922 Sed

573 1979 713 2018 mox
746 1967 955 2017 metum
988 1962 1211 2017 ademit
1240 1966 1477 2031 martyr,
1509 1978 1566 2015 se
1620 1959 1851 2033 placide
1891 1964 1947 2013 et
1975 1956 2221 2026 benigne

573 2051 635 2108 in
658 2065 755 2105 eos
783 2064 1011 2118 gerens.
1065 2052 1214 2104 Nam
1248 2054 1574 2120 postquam
1625 2051 1807 2118 caput
1836 2046 1943 2101 fuit
1979 2045 2224 2114 conjun-

577 2143 741 2194 ctum
765 2138 996 2208 corpori
1024 2137 1106 2209 (tu
1134 2154 1195 2192 es
1233 2139 1502 2192 omnium
1561 2137 1870 2200 Dominus,
1920 2150 1952 2190 o
2003 2133 2224 2188 Christe

580 2230 723 2295 Rex,
756 2227 860 2296 qui
906 2226 1202 2296 gloriﬁcas
1224 2242 1346 2291 eos,
1376 2226 1479 2298 qui
1512 2229 1566 2280 te
1591 2224 1970 2295 gloriﬁcant),
2003 2222 2224 2276 sensim

579 2315 825 2386 quidem
850 2316 1037 2385 aperit
1072 2315 1277 2370 oculos
1314 2332 1325 2370 :
1362 2331 1462 2370 eos
1512 2320 1712 2370 autem
1760 2315 2017 2367 intuetur
2038 2312 2225 2366 amice

581 2409 637 2459 et
671 2404 922 2473 placnde,
970 2404 1265 2475 loquentis
1314 2403 1573 2474 speceim
1619 2417 1742 2474 prie
1804 2418 1864 2457 se
1919 2402 2126 2465 ferens,
2174 2404 2229 2456 et

585 2492 904 2547 ostendens
944 2509 1004 2548 se
1036 2493 1118 2547 eis
1139 2494 1289 2548 bene
1318 2493 1486 2559 velle,
1512 2499 1566 2548 et
1596 2491 1965 2563 probrorum,
2006 2506 2140 2561 quae
2171 2491 2230 2545 in

590 2595 727 2635 eum
785 2581 1172 2649 ingesserant,
1235 2582 1474 2637 minime
1553 2581 1920 2636 meminisse.
1976 2578 2062 2632 Illi
2094 2594 2232 2632 vero

596 2669 806 2724 acerbe
844 2668 1072 2733 ﬂentes,
1106 2674 1161 2724 et
1205 2669 1426 2724 calidas
1478 2669 1777 2740 lacrymas
1822 2667 2229 2725 etfundentes:

596 2760 676 2813 Ne
713 2756 1073 2823 memineris,
1117 2757 1410 2824 dicebant,
1472 2773 1634 2813 serve
1691 2758 1848 2823 Jesu,
1900 2760 2234 2811 nostrarum

596 2844 996 2917 iniquitatum,
1024 2862 1218 2917 neque
1244 2846 1622 2917 probrorum,
1647 2844 1861 2916 quibus
1888 2849 1940 2899 te
1970 2844 2234 2899 divinum

592 2938 653 2988 et
680 2942 1130 2989 sacrosanctum
1153 2940 1331 3007 caput
1352 2936 1523 2990 stulte
1546 2951 1753 2989 sumus
1774 2933 2064 2989 insectati.
2089 2933 2234 2987 Cum

600 3022 685 3078 sic
754 3023 863 3078 sibi
929 3033 1203 3080 sanctum
1257 3024 1611 3095 placassent,
1664 3029 1719 3080 et
1777 3024 1904 3094 ejus
1936 3023 2230 3094 reliquias,

2342 1878 2352 1891 1

2330 1878 2563 1928 ἐστατον.
2619 1871 2752 1924 Ἀλλ’
2799 1871 2919 1923 ὅσον
2975 1872 3118 1921 οὔπω
3170 1873 3259 1920 καὶ
3308 1871 3397 1920 τόν
3450 1866 3603 1940 φόϐον
3653 1869 3681 1918 ὁ
3736 1870 3956 1941 μάρτυς

2332 1960 2499 2025 ἐξεῖλε,
2592 1960 2705 2013 λίαν
2794 1967 3070 2031 προσηνῶς
3132 1957 3308 2019 αὐτοῖς
3385 1961 3475 2009 καὶ
3559 1956 3955 2031 φιλανθρώπως

2331 2053 2698 2124 προσενεχθείς
2740 2067 2751 2079 ·
2788 2051 2852 2110 ὡς
2895 2051 2994 2123 γὰρ
3044 2050 3073 2106 ἡ
3117 2046 3306 2116 κεφαλὴ
3336 2049 3572 2118 συνήφθη
3618 2053 3695 2116 τῷ
3731 2050 3950 2116 σώματι

2335 2141 2423 2212 (σὺ
2465 2138 2509 2191 εἶ
2550 2143 2754 2192 πάντων
2805 2141 3015 2211 Κύριος,
3070 2139 3267 2209 Χριστὲ
3329 2134 3566 2208 βασιλεῦ,
3618 2137 3644 2186 ό
3699 2131 3950 2196 δοξάζων

2331 2231 2451 2289 τούς
2502 2248 2557 2281 σε
2611 2225 2922 2290 δοξάζοντας
2974 2226 2986 2280 l
3047 2227 3066 2298 )
3127 2222 3380 2296 διανοίγει
3432 2228 3518 2297 μὲν
3600 2224 3782 2295 ἠρέμα
3834 2228 3943 2283 τοὺς

2337 2317 2651 2389 ὀφθαλμούς,
2712 2313 3021 2377 ἁτενίζειδε
3069 2317 3193 2388 πρὸς
3252 2314 3439 2375 αὐτοὺς
3490 2313 3695 2385 φιλικόν
3755 2332 3814 2364 τι
3872 2317 3938 2363 καὶ

2338 2410 2546 2479 ἥμερον,
2604 2410 2827 2479 ὡσπερεὶ
2879 2407 3198 2476 φθεγγομένη
3249 2412 3321 2472 τῷ
3380 2408 3649 2474 σχήματι,
3703 2406 3801 2453 καὶ
3863 2398 3949 2457 δη-

2338 2496 2524 2560 λοῦσα,
2581 2497 2661 2547 ὅτι
2708 2500 2797 2545 καὶ
2851 2494 2965 2545 λίαν
3020 2493 3237 2561 εὐμενῶς
3290 2494 3355 2544 τὰ
3404 2494 3533 2563 πρὸς
3577 2491 3775 2551 αὐτοὺς
3814 2494 3949 2562 ἔχει,

2342 2591 2431 2637 καὶ
2464 2582 2613 2637 ούδεν
2652 2585 2718 2634 ὧν
2750 2584 2852 2657 ἄρα
2889 2588 2977 2635 καὶ
3028 2582 3303 2657 ἐξύϐρισαν
3358 2582 3424 2641 εἰς
3470 2578 3698 2653 καρδίαν
3756 2601 3949 2652 μνησι-

2342 2682 2509 2726 κακεῖ.
2545 2675 2609 2725 Οἱ
2659 2670 2717 2725 δὲ
2768 2674 2901 2725 πάνυ
2963 2674 3149 2747 πικρὸν
3204 2670 3644 2735 ἀνακλαύσαντες,
3707 2676 3793 2721 xui
3845 2668 3947 2721 δά-

2343 2783 2479 2836 κρυα
2532 2764 2693 2836 θερμὰ
2743 2770 2838 2813 τῶν
2898 2760 3169 2833 ὀφθαλμῶν
3220 2759 3629 2825 ἀποστάξαντες,
3682 2764 3760 2815 Μή
3797 2779 3935 2828 μνη-

2346 2855 2487 2913 σθεὶς
2534 2854 2701 2923 ἡμῶν,
2746 2854 2961 2922 ἔφησαν,
3016 2846 3166 2902 δοῦλε
3200 2854 3412 2924 Κυρίου,
3447 2847 3681 2921 ἀνομιῶν,
3710 2843 3832 2919 μηδ’
3856 2848 3924 2897 ὧν

2344 2962 2402 3013 γε
2450 2943 2599 3013 ἡμεῖς
2639 2944 2709 3002 εἷς
2742 2960 2798 2993 σε
2847 2945 2935 2997 τὴν
2988 2942 3125 2991 θείαν
3175 2942 3331 2999 ὅντως
3380 2944 3471 2990 καὶ
3535 2942 3672 3012 ἱερὰν
3719 2936 3926 3007 κεφαλὴν

2346 3030 2573 3106 ἀφρόνως
2653 3034 3111 3103 πεπαρῳνὴκαμεν.
3205 3028 3383 3090 Οὕτως
3444 3029 3559 3081 ἵλεω
3598 3036 3692 3080 τοῦ
3762 3025 3937 3096 Ἀγίου

602 3127 837 3182 corpus,
891 3112 1160 3184 inquam,
1193 3120 1247 3169 et
1275 3119 1445 3185 caput
1470 3114 1811 3184 quingentis
1840 3114 2033 3169 aureis
2062 3116 2229 3167 emis-

2343 3127 2614 3194 τυχόντες,
2665 3124 2841 3172 καὶτὸ
2887 3118 3123 3189 λείψανον
3178 3117 3357 3183 αὐτοῦ,
3409 3122 3466 3169 τό
3514 3119 3667 3189 σῶμά
3715 3121 3771 3169 τέ
3817 3137 3945 3188 φημι

602 3206 752 3265 sent,
781 3206 836 3255 et
859 3202 1168 3257 odoriferis
1192 3202 1558 3257 aromatibus
1592 3208 1645 3258 et
1670 3205 1984 3273 unguentis
2035 3203 2238 3257 unxis-

602 3295 815 3355 sent,et
834 3291 1105 3347 candidis
1135 3292 1304 3347 lineis
1339 3292 1800 3357 involvissent,et
1829 3292 1887 3347 in
1906 3292 2237 3348 honoriﬁca

601 3395 783 3449 capsa
813 3381 1256 3452 imposuissent,
1287 3381 1540 3437 Romam
1560 3382 1778 3437 reversi
1798 3386 1952 3445 sunt,
1974 3397 2078 3435 sua
2095 3379 2236 3434 nihil

601 3468 881 3525 interesse
954 3470 1304 3526 arbitrantes
1360 3471 1625 3541 accipere
1682 3470 1921 3525 alterius
1965 3467 2238 3539 martyris

597 3557 899 3628 reliquias,
927 3574 1062 3613 cum
1096 3560 1261 3613 illum
1287 3558 1573 3613 haberent
1624 3559 1726 3630 qui
1770 3560 1894 3628 jam
1948 3564 2072 3614 erat
2131 3556 2237 3612 sibi

599 3650 794 3713 notus,
822 3651 878 3699 et
906 3646 1006 3716 qui
1035 3663 1136 3701 eos
1169 3663 1451 3716 germane
1478 3654 1533 3702 et
1573 3647 1791 3703 sincere
1845 3646 2234 3717 amplectitur,

599 3738 654 3787 et
713 3732 816 3787 dat
880 3733 963 3787 eis
1019 3734 1192 3789 ﬁdele
1247 3737 1647 3791 testimonium
1706 3752 1972 3808 supernze
2049 3736 2239 3792 defen-

600 3835 803 3875 SIODIS.

676 3945 781 3997 XII.
818 3943 1051 3998 Interim
1086 3949 1303 4009 autem,
1332 3945 1476 4000 dum
1508 3946 1599 4001 isti
1631 3947 1878 4001 domum
1912 3947 2242 4017 proﬁcisce-

602 4034 834 4097 bantur,
858 4033 1091 4088 advenit
1122 4034 1199 4088 ad
1229 4033 1535 4105 Aglaidem
1562 4036 1738 4101 visio,
1768 4037 2239 4107 nempeangelus

600 4137 632 4177 e
661 4120 822 4185 caelo,
857 4123 1058 4177 dicens
1088 4143 1098 4180 :
1126 4124 1367 4195 Suscipe
1398 4139 1556 4189 eum,
1587 4126 1687 4196 qui
1720 4125 2048 4197 aliquando
2113 4126 2240 4197 qui-

600 4211 735 4265 dem
771 4210 877 4266 fuit
910 4218 1040 4266 tuus
1086 4212 1367 4277 famulus,
1430 4230 1589 4269 nunc
1646 4220 1845 4270 autem
1904 4220 1991 4270 est
2066 4215 2240 4271 frater

597 4304 797 4354 noster
827 4305 883 4353 et
930 4300 1336 4357 comminister
1387 4320 1399 4355 :
1462 4305 1697 4376 suscipe
1742 4321 1877 4359 eum
1926 4304 2030 4375 qui
2074 4306 2238 4376 prius

597 4387 839 4457 quidem
872 4394 993 4443 erat
1023 4389 1304 4455 famulus,
1338 4407 1496 4447 nunc
1534 4397 1732 4446 autem
1764 4398 1846 4447 est
1875 4398 2009 4447 tuus
2050 4394 2237 4448 domi-

2346 3216 2433 3262 xui
2459 3214 2551 3267 τὴν
2596 3208 2839 3280 κεφαλὴν,
2896 3212 3135 3281 χρυσίων
3179 3207 3303 3258 ὅλων
3343 3212 3706 3266 πεντακοσίοις
3763 3206 3949 3268 ἐξωνη-

2348 3302 2578 3369 σάμενοι,
2640 3301 2819 3369 μύροις
2879 3293 3278 3361 εύωδιάσαντες,
3335 3301 3425 3348 καὶ
3481 3296 3688 3356 λευκαῖς
3746 3295 3947 3355 ὀθόναις

2346 3384 2715 3459 περιϐαλόντες,
2782 3390 2872 3437 καὶ
2930 3386 3179 3457 φιλοτίμῳ
3250 3387 3380 3457 θήκῃ
3453 3384 3710 3457 ἐνθέμενοι
3768 3390 3858 3442 την
3910 3384 3955 3435 ἐν

2606 3476 2815 3527 ὄπισθεν
2908 3473 3227 3546 ἀνεχωρουν,
3321 3471 3486 3546 μηδὲν
3587 3475 3767 3534 αὐτοῖς
3835 3474 3958 3535 ὅλως

2344 3477 2511 3548 Ῥωμῃ
2606 3477 2815 3527 ὄπισθεν
2908 3477 3227 3548 ἀνεχωρουν,

2347 3574 2613 3636 προσῆκον
2706 3568 3032 3635 νομίσαντες,
3110 3563 3263 3614 ἄλλου
3340 3565 3603 3635 μάρτυρος
3684 3561 3957 3615 ἀναλαϐεῖν

2346 3654 2608 3726 λείψανον,
2660 3652 2849 3705 ἐκείνου
2884 3650 2947 3710 δὴ
2992 3654 3196 3723 ἔχοντες
3226 3648 3332 3710 ἤδη
3366 3659 3456 3704 τοῦ
3498 3656 3631 3704 πάνυ
3669 3659 3946 3729 γνωρίμου,

2348 3749 2436 3796 καὶ
2474 3744 2525 3804 ὃς
2566 3748 2791 3815 γνησίως
2829 3742 3019 3803 αὐτούς
3048 3741 3359 3803 ἀσπάζεται.
3394 3747 3492 3793 Καὶ
3516 3745 3685 3794 πιστὰ
3730 3739 3946 3794 δίδωσιν

2349 3833 2568 3886 ἐντεῦθεν
2608 3836 2872 3905 μαρτυρία
2906 3840 2993 3891 τῆς
3024 3832 3212 3883 ἄνωθεν
3246 3835 3591 3905 προστασίας.

2421 3958 2511 4011 ΙΒ’.
2571 3958 2652 4009 Ἐν
2820 3954 2877 4008 δὲ
2924 3956 3067 4007 οὗτοι
3121 3961 3215 4013 τὴν
3273 3953 3453 4007 οἴκαδε
3498 3955 3826 4029 ἐπορεύοντο,
3869 3961 3956 4007 καὶ

2350 4046 2469 4116 ἅψις
2524 4048 2632 4098 θεία
2692 4053 2752 4117 τῇ
2811 4042 3059 4116 Ἀγλαῖδι
3098 4045 3356 4116 ἐπιφοιτᾷ,
3397 4044 3615 4115 ἄγγελος
3649 4046 3704 4107 ἐξ
3736 4046 3953 4117 ούρανοῦ

2348 4136 2521 4206 λέγων,
2584 4134 2731 4195 Δέξαι
2780 4138 2864 4185 τόν
2918 4154 3039 4185 ποτε
3088 4136 3174 4203 μὲν
3222 4130 3406 4185 δοῦλον
3455 4136 3775 4205 ὑπάρχοντα
3845 4140 3951 4203 σόν,

2346 4232 2432 4276 νῦν
2489 4220 2547 4275 δὲ
2598 4225 2844 4294 ἡμέτερον
2901 4219 3117 4294 ἀδελφὸν
3182 4227 3270 4274 καὶ
3335 4222 3755 4297 συλλειτουργόν·
3809 4225 3954 4286 Δέξαι

2344 4314 2428 4364 τόν
2490 4316 2606 4383 πρὶν
2659 4314 2747 4382 μὲν
2802 4312 3025 4373 οἰκέτην,
3064 4315 3174 4361 νυνὶ
3234 4307 3291 4363 δέ
3344 4330 3437 4363 σου
3501 4317 3769 4369 Δεσπότην
3814 4333 3825 4345 ·
3867 4319 3955 4366 καὶ

2347 4406 2567 4472 τίμησον
2608 4399 2853 4466 εὐλαϐῶς,
2898 4402 2982 4451 οἷα
3010 4396 3075 4456 δη
3112 4407 3202 4459 τῆς
3244 4408 3341 4461 σῆς
3381 4403 3469 4469 μὲν
3499 4399 3689 4471 ψυχῆς
3720 4411 3953 4475 σωτῆρα,

598 4490 735 4539 nus,
769 4482 823 4529 et
863 4492 996 4529 eum
1026 4477 1116 4544 pie
1155 4478 1426 4535 honora:
1468 4484 1529 4532 ut
1572 4479 1675 4550 qui
1730 4482 1799 4533 sit
1829 4486 1937 4534 tuae
1989 4481 2229 4551 qiudem

2348 4491 2546 4562 φύλακα
2602 4486 2659 4541 δὲ
2713 4497 2802 4548 τῆς
2857 4490 3016 4548 ζωῆς.
3070 4487 3129 4539 Ἠ
3172 4484 3229 4540 δε
3266 4485 3599 4540 διαναστᾶσα
3645 4493 3953 4562 σύντρομος,

598 4568 863 4617 servator
902 4563 1131 4625 animae,
1176 4569 1375 4619 custos
1428 4572 1626 4622 autem
1681 4569 1829 4622 vitae.
1886 4569 1985 4625 Illa
2037 4576 2235 4625 autem

599 4667 845 4722 surgens
905 4651 1316 4717 tremebunda,
1383 4659 1437 4707 et
1485 4672 1555 4709 ex
1603 4656 1996 4712 ecclesiastico
2053 4660 2234 4713 choro

598 4739 829 4809 aliquos
861 4740 1123 4809 insignes
1152 4757 1484 4808 assumens,
1526 4750 1580 4799 et
1601 4760 1733 4798 cum
1765 4762 1985 4813 magno
2011 4747 2234 4802 honore

597 4830 925 4899 procedens
964 4830 1203 4885 obviam
1244 4833 1475 4900 corpori
1523 4835 1815 4904 martyris,
1868 4835 1925 4888 id
1991 4836 2232 4906 quidem

598 4919 861 4989 suscipit.
896 4925 950 4973 et
983 4918 1152 4974 valde
1188 4919 1508 4975 honoriﬁce
1535 4920 1770 4991 deponit
1798 4929 1852 4977 et
1896 4925 2231 4992 magniﬁce,

596 5007 793 5062 stadiis
813 5008 1251 5079 quinquaginta
1273 5010 1478 5079 procul
1505 5027 1537 5063 a
1567 5012 1747 5065 Roma
1778 5034 1787 5063 :
1824 5029 2055 5069 sacram
2096 5032 2234 5071 vero

596 5096 647 5148 ei
678 5097 867 5150 aedem
908 5096 1161 5162 instruit,
1190 5096 1437 5152 materia
1498 5097 1791 5165 insignem
1842 5106 1897 5155 et
1919 5103 2234 5172 pulchritu-

596 5182 753 5246 dine,
775 5188 827 5237 et
857 5185 1049 5249 talem,
1078 5185 1317 5255 qualem
1347 5186 1593 5240 omnino
1615 5189 2235 5262 oportebatsuscipere

597 5284 812 5337 corpus
834 5272 963 5325 talis
999 5275 1210 5329 animae
1244 5292 1257 5328 :
1288 5279 1347 5330 ut
1383 5291 1501 5329 non
1549 5275 1783 5345 spiritus
1808 5278 1973 5332 solus
1995 5279 2238 5337 haberet

596 5362 881 5411 aeternum
908 5360 1375 5426 tabernaculum,
1410 5365 1511 5419 sed
1548 5364 1701 5419 illius
1734 5380 1975 5435 quoque
2022 5383 2237 5439 corpus

600 5444 887 5498 frueretur
965 5448 1140 5502 domo
1182 5453 1633 5507 conveniente:
1716 5453 1775 5507 in
1841 5470 1960 5523 qua
2012 5457 2070 5509 in
2135 5457 2239 5511 ho-

599 5530 876 5585 diernum
918 5548 1105 5604 usque
1144 5536 1300 5592 diem
1346 5539 1491 5595 ﬁunt
1529 5540 1715 5597 multa
1757 5542 2151 5611 admirabilia,
2185 5552 2241 5603 et

2347 4583 2433 4630 καί
2480 4599 2617 4637 τινας
2675 4587 2773 4629 τῶν
2823 4576 3076 4648 ἐπιφανῶν
3124 4584 3214 4628 τοῦ
3274 4575 3717 4635 ἐκκλησιαστικοῦ
3758 4580 3952 4652 κλήρου

2347 4668 2744 4739 παραλαϐοῦσα,
2802 4671 2890 4716 καὶ
2948 4669 3038 4715 σύν
3098 4664 3256 4738 πολλῇ
3312 4674 3437 4738 τιμῇ
3494 4674 3566 4737 τῷ
3644 4679 3955 4743 μαρτυρικῴ

2349 4757 2505 4808 αὑτοῦ
2561 4761 2763 4826 σώματι
2820 4755 3190 4821 ὑπαντήσασα,
3248 4751 3465 4825 δέχεται
3518 4759 3608 4826 μὲν
3660 4765 3816 4810 τοῦτο
3867 4766 3954 4811 καὶ

2346 4847 2691 4901 κατατίθησιν
2736 4844 2863 4913 ἄγαν
2914 4852 3107 4914 σεμνῶς
3156 4862 3207 4894 τε
3245 4848 3334 4894 καὶ
3375 4842 3674 4915 φιλοτίμως,
3714 4844 3954 4907 σταδίοις

2347 4937 2661 4988 πεντήκοντα
2707 4938 2799 4990 τῆς
2828 4930 3026 5002 Ῥώμης
3060 4929 3255 5001 ἀπέχον
3290 4948 3301 4959 '
3334 4928 3471 4982 οἶκον
3505 4928 3564 4983 δὲ
3611 4932 3754 5002 αύτῷ
3808 4932 3951 4986 διαν-

2352 5025 2559 5077 ίστησιν
2616 5022 2765 5091 ἱερὸν,
2819 5027 2879 5091 τῇ
2940 5038 2993 5070 τε
3052 5020 3143 5091 ὕλη
3196 5024 3283 5070 καὶ
3340 5028 3411 5090 τῷ
3458 5020 3632 5072 κάλλει
3688 5022 3948 5096 λαμπρόν,

2347 5114 2431 5159 καὶ
2488 5115 2718 5158 τοιοῦτον
2764 5108 2867 5158 οἷον
2900 5105 3004 5159 ἔδει
3050 5110 3250 5169 πάντως
3280 5108 3467 5179 ψυχῆς
3507 5113 3757 5173 τοιαύτης
3801 5121 3952 5183 σῶμα

2346 5196 2551 5267 λαχεῖν,
2610 5196 2689 5246 ἱνα
2744 5200 2812 5265 μὴ
2873 5199 2930 5247 τό
2983 5203 3184 5267 πνεῦμα
3243 5201 3392 5266 μόνον
3449 5203 3646 5256 σκηνὴν
3706 5202 3806 5271 ἔχη
3859 5206 3952 5259 τὴν

2349 5287 2609 5356 οὐρανίαν,
2671 5281 2797 5333 ἀλλὰ
2850 5287 3032 5334 καὶτὸ
3084 5291 3233 5355 σῶμα
3293 5280 3359 5341 δὴ
3421 5289 3478 5336 τὸ
3537 5285 3734 5339 ἐκείνου
3785 5289 3953 5351 οἰκίας

2351 5372 2582 5443 ἀπολαύῃ
2636 5379 2727 5429 τῆς
2782 5374 3154 5443 προσηκούσης
3185 5387 3198 5401 ·
3234 5371 3281 5423 ἐν
3408 5377 3498 5425 καὶ
3565 5374 3638 5436 εἰς
3678 5378 3754 5427 ἔτι
3790 5377 3951 5429 πολλὰ

2348 5469 2446 5511 τῶν
2491 5456 2800 5529 παραδόξων
2831 5458 3150 5522 ἐπιτελεῖται,
3203 5465 3290 5511 καὶ
3341 5457 3583 5531 δαίμονες
3626 5467 3720 5534 μὲν
3752 5466 3951 5537 ἁθρόως

2355 5544 2756 5620 φυγαδεύονται,
2808 5552 2952 5599 νόσοι
3006 5545 3064 5600 δὲ
3122 5547 3361 5624 ἀοράτοις
3414 5552 3665 5623 νεύμασιν
3729 5552 3951 5608 ἆπελαύ·
