4114 6262
222 321 329 393 257
1309 319 1474 393 VITA
1515 339 1617 395 ss.
1661 339 1998 398 VICTORIS
2043 340 2126 395 ET
2164 321 2496 396 coaevus.
3388 352 3392 355 ·
3474 327 3578 397 258

221 482 414 526 νονται,
450 461 552 513 εἰσὶ
615 456 673 512 δὲ
724 459 771 512 οἳ
829 465 918 512 καὶ
967 463 1058 522 τὰς
1089 461 1277 533 ψυχὰς
1324 465 1478 534 ὑγιῶς
1509 467 1714 536 ἔχοντες
1760 475 1817 539 τῇ

1951 465 2234 520 laemones
2277 465 2518 536 quidem
2561 469 2800 536 repente
2858 464 3156 532 fugantur,
3195 464 3383 519 morbi
3443 483 3576 523 vero

222 557 400 604 πίστει
431 548 637 623 βελτίου
648 569 668 610 ς
696 555 942 620 γίνονται.

1946 553 2302 625 :xpelluntur
2319 553 2582 621 nutibus,
2606 552 2708 624 qui
2729 569 2846 608 non
2870 552 3090 607 cadunt
3108 552 3220 606 sub
3243 560 3571 623 aspectum.

1929 643 2073 697 Sunt
2097 647 2294 698 autem
2327 641 2615 706 nonnulli,
2648 642 2912 712 quicum
2957 657 3072 696 non
3128 640 3395 696 sintsani
3449 642 3576 698 ani-

1931 732 2060 794 mis,
2095 730 2211 785 ﬁde
2243 731 2392 785 ﬁunt
2425 729 2724 785 meliores.

301 813 397 869 II".
441 820 540 867 Καὶ
588 817 618 873 ἡ
651 818 888 889 μακαρίᾳ
931 811 990 866 δὲ
1043 814 1252 886 Ἀγλαίς
1293 817 1480 869 ἄνωθεν
1527 817 1682 879 αὐτῆς
1729 823 1820 878 τὴν

2000 820 2133 874 ΧΙΙΙ.
2177 819 2355 874 Porro
2418 826 2614 873 autem
2645 818 2820 874 beata
2871 817 3092 887 Aglais,
3135 823 3394 890 martyre
3445 819 3573 890 ejus

224 901 404 974 ψυχὴν
449 905 830 964 ύποτυποῦντος
878 911 970 956 τοῦ
1012 907 1292 978 μάρτυρος,
1339 908 1504 958 πάντα
1550 909 1614 959 τὰ
1661 928 1822 982 προσ-

1951 908 2282 963 nformante
2326 907 2614 971 animam,
2649 923 2784 962 cum
2825 921 3036 960 omnes
3083 923 3224 962 suas
3267 906 3575 964 facultates

225 995 348 1043 όντα
387 989 684 1064 ἀποδομένη
718 998 804 1044 καὶ
835 990 1083 1044 διελοῦσα
1111 1001 1368 1064 πτωχοῖς,
1402 995 1535 1046 οὕτω
1581 1005 1670 1049 τοῦ
1717 997 1819 1050 λοι-

1950 997 2347 1060 listribuisset,
2379 1003 2435 1051 et
2465 996 2754 1052 divisisset
2798 995 3186 1067 pauperibus,
3241 995 3316 1050 de
3368 1001 3575 1053 caetero

222 1088 324 1131 ποῦ
377 1077 576 1133 διεϐίου
647 1082 810 1142 καλῶς
864 1100 916 1134 τε
967 1086 1052 1133 xui
1112 1081 1406 1156 φιλαρέτως,
1467 1084 1525 1136 οὗ
1583 1092 1820 1160 σώφρονα

1946 1091 2173 1141 ioneste
2204 1085 2342 1140 vixit
2369 1091 2424 1139 et
2455 1102 2484 1139 e
2513 1085 2742 1153 virtute,
2775 1099 2892 1138 non
2920 1083 3112 1138 solum
3142 1087 3571 1153 temperantem

221 1173 376 1240 μόνον
446 1173 532 1221 καὶ
582 1172 888 1242 παρθενικὸν
961 1167 1073 1242 βίον
1131 1170 1496 1243 ἀσπασαμένη,
1555 1171 1680 1226 ἀλλά
1731 1181 1816 1228 καὶ

1945 1179 2220 1229 etcastam
2238 1174 2413 1229 vitam
2436 1173 2820 1244 amplectens,
2850 1172 2956 1226 sed
2974 1171 3152 1226 etiam
3175 1172 3570 1242 asperrimam

222 1258 564 1329 τραχυτάτην
615 1259 845 1316 ἄσκησιν
888 1257 1096 1329 ἔλομένη
1145 1261 1278 1310 κατὰ
1315 1269 1408 1320 τῆς
1457 1260 1818 1332 προλαϐούσης

1944 1263 2149 1331 eligens
2218 1263 2698 1316 exercitationem
2769 1261 3060 1315 adversus
3137 1255 3569 1331 praecedentem

223 1346 560 1416 φαυλότητος,
620 1350 683 1407 ὡς
740 1352 828 1399 καὶ
885 1352 1100 1420 χάριτος
1180 1350 1452 1420 θαυμάτων
1512 1349 1814 1418 ἀξιωθῆναι,

1946 1349 2276 1421 tequitiam,
2313 1356 2376 1404 ut
2405 1350 2582 1404 etiam
2612 1349 2793 1420 digna
2822 1347 3142 1402 haberetur
3185 1347 3345 1402 dono
3399 1348 3571 1404 mira-

219 1439 310 1487 xui
369 1431 621 1507 δαίμονας
675 1435 759 1496 οὓς
810 1436 1244 1498 ὑποσκελίζοντας
1308 1434 1418 1509 εἶχε
1469 1443 1713 1512 πρότερον
1767 1439 1818 1502 ἐξ

1940 1441 2216 1503 :ulorum,
2245 1444 2300 1493 et
2329 1440 2636 1493 daemones
2668 1453 2812 1508 quos
2845 1437 3007 1507 prius
3053 1435 3317 1490 habebat
3372 1437 3565 1507 ipsam

218 1521 500 1596 ἀνθρώπων
582 1523 820 1580 ἐλαύνειν.
876 1524 934 1577 Ὀ
994 1522 1050 1576 δὲ
1145 1524 1430 1587 ἀσκητικὸς
1504 1527 1632 1598 αὐτῇ
1699 1527 1815 1600 βίος

1940 1527 2398 1599 supplantantes,
2418 1525 2724 1597 expelleret
2757 1541 2829 1580 ex
2853 1524 3216 1579 hominibus.
3242 1525 3565 1580 Monastica

217 1609 594 1664 πεντεκαίδεκα
649 1615 757 1670 ἔτη·
805 1613 936 1664 οὕτω
989 1617 1073 1663 τὸν
1121 1613 1275 1664 καλὸν
1323 1616 1610 1666 ύπνώσασα
1659 1615 1812 1666 ὕπνον

1942 1623 2124 1672 tutem
2163 1617 2292 1687 ejus
2325 1615 2442 1670 vita
2478 1614 2714 1669 duravit
2744 1612 3086 1684 quindecim
3115 1612 3309 1677 annis,
3343 1618 3395 1668 et
3429 1628 3567 1668 cum

215 1708 289 1771 τῷ
332 1702 560 1774 μάρτυρι
608 1703 914 1774 προσετέθη.
973 1707 1215 1753 Τοιοῦτον
1247 1699 1489 1772 Ἀγλαίδι
1536 1707 1625 1755 καὶ
1674 1711 1810 1755 Bovi-

1946 1704 2236 1760 mlchrum
2287 1705 2369 1758 sic
2421 1718 2700 1758 somnum
2731 1701 3153 1765 obdormisset,
3193 1701 3424 1771 adjecta
3485 1707 3571 1756 est

215 1794 382 1862 φατίῳ
434 1793 584 1862 πέρας
637 1788 950 1855 ἀπήντησεν,
1011 1790 1144 1842 οὕτω
1213 1787 1280 1848 δὴ
1356 1795 1442 1842 καὶ
1499 1791 1646 1845 αὐτοὶ
1718 1799 1810 1851 τὴν

1943 1795 2183 1865 nartyri.
2211 1793 2362 1849 Talis
2389 1791 2493 1847 fuit
2538 1790 2795 1860 Aglaidis
2853 1790 2988 1844 ﬁnis
3029 1795 3083 1844 et
3128 1788 3432 1844 Bonifacii.
3477 1790 3568 1846 Sic

211 1877 377 1936 καλὴν
430 1877 701 1930 ἀλλοίωσιν
775 1878 1152 1945 ὴλλοιώθησαν,
1212 1881 1403 1932 πάθεσι
1459 1884 1552 1952 μὲν
1630 1901 1812 1956 σαρκι-

1941 1883 2026 1937 ’uit
2056 1882 2299 1954 quidem
2329 1880 2573 1950 pulchra
2603 1895 2810 1934 eorum
2845 1877 3111 1942 mutatio,
3145 1883 3208 1932 ut
3232 1877 3334 1948 qui
3369 1878 3566 1933 carnis

207 1975 324 2030 κοῖς
368 1965 693 2040 ἀνθρωπίνως
736 1965 1122 2035 δουλεύσαντες,
1158 1971 1295 2026 πάθη
1355 1966 1413 2020 δὲ
1457 1971 1582 2041 ὑπὲρ
1618 1972 1812 2046 ἀνθρω-

1941 1971 2163 2044 [uidem
2215 1969 2626 2026 affectionibus
2676 1967 3020 2022 humanitus
3076 1965 3404 2030 servierint,
3461 1966 3566 2020 hu-

203 2075 304 2108 πον
375 2052 469 2108 διὰ
540 2059 768 2128 Χριστὸν
833 2058 1214 2129 ὑπομείναντες,
1273 2063 1361 2110 καὶ
1440 2062 1575 2110 κατὰ
1627 2063 1807 2112 παθών

1938 2077 2164 2117 nanam
2223 2074 2358 2114 vero
2413 2057 2747 2130 superarint
2807 2059 3086 2110 naturam
3130 2054 3404 2125 patiendo
3456 2069 3563 2125 pro

203 2143 404 2217 ἀτίμων
459 2155 696 2206 νεανικῶς
759 2143 1150 2220 ἀνδρισάμενοι,
1213 2148 1281 2210 εἰς
1343 2145 1498 2211 δόξαν
1584 2155 1807 2226 Πατρός,

1942 2150 2166 2215 Ibristo,
2199 2154 2254 2204 et
2300 2147 2588 2203 adversus
2638 2144 2779 2199 vitia
2835 2161 2895 2199 se
2954 2142 3192 2198 viriliter
3243 2147 3300 2197 et
3350 2141 3567 2197 fortiter

199 2235 330 2285 Υἱοῦ
372 2237 458 2284 καὶ
485 2233 660 2303 Ῐάγίον
706 2237 1015 2305 Πνεύματος,
1133 2241 1313 2309 πρέπει
1369 2243 1490 2310 τιμὴ
1520 2245 1609 2292 καὶ
1642 2260 1810 2313 προσ-

1942 2247 2209 2309 gerentes,
2256 2237 2331 2293 ad
2379 2235 2629 2306 gloriam
2685 2234 2884 2297 Patris,
2955 2237 3010 2287 et
3069 2230 3211 2298 Filii,
3281 2235 3335 2286 et
3383 2230 3567 2286 sancti

199 2323 447 2386 κύνησις,
479 2328 564 2372 νῦν
591 2327 678 2373 καὶ
719 2321 816 2388 ἀεὶ,
845 2330 932 2375 καὶ
963 2324 1035 2386 εἰς
1077 2328 1199 2386 τοὺς
1231 2325 1418 2388 αἰῶνας
1449 2335 1548 2378 τῶν
1590 2329 1806 2383 αἰώνων.

1942 2327 2186 2400 Spiritus,
2230 2340 2408 2395 quem
2450 2322 2620 2377 decet
2673 2321 2866 2376 honor
2896 2325 2950 2375 et
2979 2318 3249 2390 gloriatio
3307 2333 3465 2373 nunc
3512 2321 3567 2373 et

211 2411 400 2484 Ἀμήν.
1925 2432 2160 2488 semper
2179 2418 2235 2470 et
2264 2413 2324 2468 in
2356 2410 2573 2468 smcula
2603 2409 2982 2465 saeculorum.
3017 2409 3226 2462 Amen.

221 2549 3567 2574 _____________—_____________________

969 2663 1458 2752 ΑΘΛΗΣΙΣ
1508 2664 1731 2752 ΤΩΝ
1782 2663 2121 2752 ΑΓΙΩΝ
2173 2657 2764 2751 ΜΑΡΤΥΡΩΝ

789 2861 1534 2973 ΒΙΚΤΟΡΟΣ
1619 2862 1894 2974 ΚΑΙ
1973 2853 2987 2975 ΣΤΕΦΑΝΙΔΟΣ.

1511 3271 2296 3368 MARTYRIUM

649 3534 895 3678 SS.
991 3530 1881 3678 VICTORIS
1960 3532 2202 3671 ET
2281 3529 3156 3675 CORON/E.

482 3791 682 3852 (Latine
706 3791 849 3855 apud
879 3789 1094 3841 Surium
1130 3789 1200 3840 ad
1230 3788 1373 3838 diem
1409 3789 1466 3836 14
1496 3787 1618 3838 Maii
1649 3801 1660 3846 ;
1691 3787 1866 3837 Greece
1891 3799 1954 3836 ex
1989 3785 2107 3836 cod.

1691 3787 1866 3837 Greece
1891 3799 1954 3836 ex
1989 3785 2107 3836 cod.
2139 3785 2267 3849 Reg.
2299 3784 2460 3835 Paris.
2486 3785 2624 3844 1519,
2655 3799 2777 3836 suac.
2801 3801 2893 3834 χιι.
2925 3785 3066 3839 Enrr.
3103 3788 3296 3846 Pam.»

301 4093 381 4152 A'.
423 4093 506 4149 Ἐν
554 4100 669 4158 ταῖς
710 4093 930 4170 ἡμέραις
979 4091 1216 4157 ἐκείναις,
1249 4088 1298 4142 ἓν
1342 4090 1425 4153 αἷς
1469 4087 1744 4143 ἐδιώκοντο
1775 4091 1823 4142 οἱ
1853 4091 1894 4148 C

2005 4091 2044 4145 Ι.
2087 4090 2216 4154 Quo
2265 4091 2532 4160 tempore
2578 4087 2936 4156 Antoninus,
2969 4090 3232 4158 gentium
3289 4093 3578 4163 supersti-

227 4188 556 4259 Χριστιανοὶ,
606 4185 706 4236 ὑπὸ
770 4191 860 4236 τοῦ
924 4187 1040 4235 τότε
1097 4180 1355 4254 βασιλέως
1411 4188 1512 4234 τῶν
1560 4178 1823 4252 Ῥωμαίων

1950 4176 2155 4230 .ionem
2211 4191 2486 4246 sequens,
2548 4177 2883 4231 Romanum
2949 4178 3186 4232 tenebat
3237 4178 3575 4250 imperium.

220 4269 550 4338 ⁹Αντωνίνου,
601 4271 806 4325 ἐθνικοῦ
873 4272 1251 4343 τυγχάνοντος,
1306 4273 1396 4320 καὶ
1475 4267 1824 4320 Σεϐαστιανοῦ

1952 4262 2288 4320 Sebastiano
2317 4261 2488 4328 duce,
2529 4264 2861 4333 persecutio
2890 4265 3181 4320 adversus
3213 4265 3577 4324 Christianos

223 4369 380 4417 τοῦτό
423 4381 477 4415 τε
525 4358 734 4428 δουκὸς,
768 4357 830 4418 ἦν
872 4379 948 4421 τις
993 4358 1120 4432 ἀνὴρ
1167 4359 1266 4410 ἀπὸ
1297 4355 1518 4416 Ἰταλίας
1568 4358 1824 4427 στρατιώ-

1952 4350 2203 4406 mmines
2223 4355 2526 4405 commota
2553 4354 2658 4405 est.
2695 4353 2827 4406 Erat
2855 4355 3053 4407 autem
3104 4353 3273 4408 miles
3325 4355 3577 4426 quidam

226 4468 326 4514 της
377 4453 712 4524 Χριστιανὸς,
776 4447 994 4508 εὐλαϐὴς
1043 4447 1177 4498 πάνυ
1234 4449 1324 4496 καὶ
1376 4442 1684 4516 φοϐούμενος
1741 4446 1825 4496 τὸν

1951 4453 2148 4510 genere
2175 4437 2349 4494 Italus
2378 4442 2434 4494 et
2465 4437 2853 4503 Christianus,
2889 4439 2993 4510 qui
3026 4439 3212 4497 Deum
3269 4442 3430 4498 valde
3484 4459 3576 4499 re-

230 4545 383 4604 Θεὸν,
434 4539 648 4611 ὀνόματι
693 4541 908 4611 Βίκτωρ.
957 4537 1136 4606 Τούτῳ
1189 4535 1214 4584 ὁ
1260 4529 1389 4596 δοὺξ
1438 4529 1571 4584 εἶπεν
1609 4549 1621 4562 ·
1653 4534 1824 4608 Γράμ-

1954 4528 2248 4584 rerebatur
2268 4541 2337 4582 ac
2368 4526 2687 4592 metuebat,
2723 4525 2982 4598 huicque
3044 4543 3264 4585 nomen
3313 4535 3440 4587 erat
3489 4531 3579 4587 Vi-

231 4631 373 4702 ματά
425 4647 516 4701 μοι
567 4628 871 4699 ἠνέχθησαν
923 4631 1014 4678 τοῦ
1069 4622 1324 4696 βασιλέῶς
1379 4621 1646 4674 κελεύοντα
1691 4623 1826 4694 ὑμᾶς

1949 4621 2078 4673 :tor.
2107 4618 2251 4671 Eum
2277 4615 2470 4670 virum
2510 4613 2628 4669 dux
2684 4613 2797 4680 ille,
2831 4630 3012 4687 quem
3057 4633 3240 4688 supra
3291 4618 3574 4688 diximus,

231 4723 355 4780 τοὺς
402 4721 747 4793 Χριστιανοὺς
797 4719 930 4770 θύειν
980 4722 1089 4776 τοῖς
1133 4715 1264 4775 θεοῖς
1313 4711 1678 4786 ἆνυπερθέτως,
1709 4715 1826 4774 τοὺς

1950 4705 2016 4761 sic
2055 4704 2270 4761 affatus
2297 4709 2380 4759 est
2415 4717 2427 4759 :
2457 4705 2754 4759 Venerunt
2781 4703 2859 4758 ad
2897 4719 3007 4758 nos
3026 4704 3228 4761 litterae
3261 4706 3338 4764 ab
3392 4708 3575 4779 impe-

232 4807 298 4863 δι
378 4791 717 4868 ἀπειθοῦντας
796 4809 1065 4880 τιμωρίαις
1133 4800 1328 4864 δεῖναις
1401 4800 1822 4854 ὑποϐάλλεσθαι·

1947 4799 2143 4860 ratore,
2171 4792 2524 4865 quaejubent
2546 4807 2652 4848 vos
2677 4791 3035 4849 Christianos
3056 4793 3170 4847 diis
3200 4795 3532 4852 sacrificare
3559 4811 3572 4852 :

229 4899 484 4952 ἕπίθυσον
537 4892 624 4947 οὖν
679 4899 768 4948 καὶ
826 4879 937 4962 σὺ,
967 4899 1181 4967 Βίκτωρ.
1234 4890 1364 4964 Ἔφη
1422 4893 1550 4964 πρὸς
1598 4889 1750 4942 αύτόν
1799 4891 1825 4942 ὁ

1950 4883 2067 4940 llos
2091 4897 2249 4948 vero,
2281 4881 2383 4954 qui
2410 4881 2604 4936 edicto
2629 4895 2751 4936 non
2781 4879 3080 4945 obediunt,
3111 4882 3413 4953 suppliciis
3445 4899 3575 4955 gra-

226 4987 384 5059 ἅγιος
429 4989 628 5060 Βίκτωρ
658 5001 671 5015 ⁸
725 4985 862 5056 Ἐγὼ
921 4986 1248 5058 στρατιώτης
1302 4980 1408 5053 εἰμὶ
1459 4983 1548 5032 τού
1602 4978 1824 5052 μεγάλου

1950 4970 2193 5028 Vissimis
2219 4970 2429 5042 subjici
2468 4975 2757 5042 oportere.
2791 4968 3076 5024 Sacriﬁca
3105 4969 3300 5040 igitur,
3332 4972 3530 5028 Victor
3559 4989 3575 5030 :

226 5074 488 5152 βασιλέως
545 5075 720 5132 Ἰησοῦ
769 5080 1025 5148 Χριστοῦ,
1083 5079 1174 5124 τοῦ
1246 5069 1502 5122 ἀθανάτου
1555 5074 1682 5122 Θεοῦ
1737 5072 1826 5120 καὶ

1953 5076 2006 5115 1e
2037 5060 2252 5116 animus
2281 5059 2610 5132 periculum
2634 5057 2872 5114 subeas.
2907 5056 3058 5112 Tum
3090 5064 3332 5114 sanctus
3361 5063 3578 5123 Vtctor.

222 5165 339 5237 οὐχ
367 5164 612 5216 ὑπακούω
659 5165 827 5232 θνητῷ
857 5159 1069 5234 βασιλεί
1093 5177 1106 5190 ·
1139 5160 1170 5217 ἡ
1211 5161 1309 5233 γὰρ
1356 5161 1542 5211 τούτου
1584 5156 1828 5231 βασιλεία

1952 5152 2077 5220 Ego,
2106 5148 2314 5221 inquit,
2349 5148 2518 5204 miles
2545 5164 2678 5204 sum
2712 5145 2915 5215 magni
2945 5145 3123 5218 Regis
3160 5149 3296 5202 Jesu
3343 5147 3577 5221 Christi,

223 5233 556 5330 προπαιρός
612 5249 726 5304 ἔστι
777 5233 866 5303 xui
924 5251 1286 5324 παρερχομένη
1324 5259 1335 5272 ’
1366 5249 1396 5306 ἡ
1448 5243 1507 5299 δὲ
1558 5254 1649 5299 τοῦ
1693 5254 1825 5300 Θεοῦ

1959 5237 2310 5303 mmortalis,
2361 5237 2635 5310 inquam,
2696 5235 2850 5290 illius
2927 5233 3323 5306 imperatoris,
3383 5253 3578 5310 neque

222 5323 323 5399 xui
361 5323 592 5414 Σωτῆρος
642 5339 817 5398 Ἰησοῦ
863 5323 1093 5412 Χριστοῦ
1141 5335 1385 5410 βασιλείᾳ
1434 5334 1685 5398 ἀθάνατός
1715 5333 1828 5388 ἐστι

1956 5326 2171 5384 nortali
2195 5327 2315 5399 regi
2345 5326 2640 5383 obediam.
2676 5323 2858 5393 Hujus
2901 5323 3060 5378 enim
3087 5323 3405 5396 imperium
3436 5331 3581 5382 tem-

225 5435 324 5488 καὶ
371 5410 712 5482 αἰωνία·καὶ
765 5429 790 5479 ὁ
834 5410 994 5501 μένων
1050 5425 1096 5478 ἐν
1154 5426 1284 5497 αὐτῇ
1333 5424 1638 5500 κληρονομεί
1688 5425 1825 5485 ζωὴν

1953 5431 2080 5474 )οι·ο
2108 5414 2628 5478 circumscribitur,
2654 5417 2711 5468 et
2737 5410 3032 5468 caducum
3061 5417 3148 5468 est
3181 5431 3194 5466 :
3229 5414 3328 5469 Dei
3379 5420 3578 5472 autem

229 5521 463 5579 αἰώνιον.
491 5517 550 5571 '0
595 5513 723 5582 δοὺξ
769 5499 898 5590 λέγει
921 5533 934 5547 θ
966 5522 1069 5570 Τοῦ
1102 5514 1362 5589 βασιλέως
1418 5499 1562 5588 ημῶν
1623 5516 1828 5588 τυγχά-

1954 5506 2052 5566 nei
2083 5511 2141 5563 et
2196 5504 2516 5563 Salvatoris
2572 5503 2707 5560 Jesu
2761 5499 2989 5557 Christi
3025 5516 3274 5574 regnum
3325 5508 3414 5558 est
3463 5503 3579 5558 im-

225 5628 344 5674 νεις
384 5611 720 5687 στρατιώτης·
765 5607 1012 5666 πείσθητι
1060 5600 1159 5658 ,οὖν
1237 5608 1326 5658 καὶ
1391 5605 1687 5659 ὑπάκουσον
1736 5610 1826 5658 τοῦ

1949 5600 2182 5661 mortale
2207 5601 2384 5671 atque
2414 5597 2735 5652 aeternum:
2776 5590 2950 5666 cujus
2975 5591 3079 5664 qui
3113 5590 3410 5666 particeps
3451 5589 3574 5650 eﬂl~
