4114 6262
560 300 666 376 259

1975 305 2235 364 MENSIS
2276 302 2496 362 MAIUS
2510 349 2523 363 .

3834 305 3965 360 260

563 448 733 513 citur,
785 449 1020 501 aeternae
1088 442 1223 498 vitae
1293 444 1510 497 sortem
1569 438 1867 512 percipiet.
1929 438 2090 490 Tunc
2144 433 2218 487 ait

2331 433 2733 505 προστάγματος
2771 428 2933 481 αὐτοῦ
2985 432 3072 480 καὶ
3130 426 3401 484 ἐπίθυσον.
3432 428 3491 482 Ὀ
3540 429 3694 500 ἅγιος
3742 434 3963 502 Βίκτωρ

560 535 726 590 dux:
761 538 906 591 Cum
952 531 1326 602 imperatoris
1384 528 1567 584 nostri
1618 527 1787 583 miles
1826 525 1924 588 sis,
1986 523 2216 578 obtem-

559 640 701 694 pera
732 621 1104 693 imperatoris
1136 620 1345 684 edicto,
1379 624 1432 672 et
1473 617 1585 672 diis
1633 614 1917 671 sacriﬁca.
1952 611 2038 665 Ad
2090 609 2216 664 haec

560 710 868 782 respondit
898 714 1139 763 sanctus
1206 707 1533 762 Victor:Si
1599 721 1709 775 ego
1771 718 1883 775 quo
1953 706 2214 770 tempore

562 799 674 854 sub
704 800 1056 870 imperatore
1096 794 1449 864 militabam,
1481 800 1619 849 tunc
1662 793 1840 848 etiam
1881 788 2129 845 Domino
2159 790 2214 841 et

561 890 675 943 Deo
704 902 839 942 meo
870 884 1092 941 occulte
1123 883 1480 947 serviebam,
1522 880 1823 954 quomodo
1855 892 2014 934 nunc
2054 890 2213 931 com-

562 977 791 1033 mittere
844 991 1116 1048 possum,
1153 978 1215 1028 ut
1272 973 1371 1028 illo
1423 971 1717 1035 derelicto,
1770 969 1945 1025 idolis
2000 963 2209 1021 vestris

2327 516 2502 571 εἷπεν’
2542 526 2640 572 Καὶ
2693 520 2774 570 ὅτε
2833 517 2972 587 αὐτῷ
3047 516 3431 590 ἐστρατευόμην
3486 523 3578 570 καὶ
3634 522 3702 571 τά
3784 519 3960 571 αὐτοῦ

2325 613 2582 681 ἐφρόνουν,
2640 612 2811 680 Κυρίῳ
2865 614 2938 676 τῷ
2999 614 3112 676 Θεῷ
3172 626 3269 678 μου
3328 605 3375 657 ἐν
3432 615 3505 670 τῷ
3579 617 3777 680 κρνπῷ
3836 607 3966 659 ἐλά-

2322 716 2519 768 τρευον,
2565 701 2653 747 καὶ
2708 704 2795 747 νῦν
2851 696 2909 746 οῦ
2973 691 3204 766 δύναμαι
3263 695 3575 766 καταλείψαι
3630 697 3802 747 αὐτόν
3862 703 3959 747 καί

2321 781 2556 846 εἰδώλοις
2608 784 2893 837 ἐπιθύσαι’
2944 788 3079 835 ποίει
3132 780 3219 835 οὖν
3274 784 3299 835 ὃ
3352 785 3507 846 θέλεις
3559 785 3627 845 εἰς
3688 784 3828 856 ἐμέ·
3864 792 3959 836 τοῦ

2319 877 2409 944 μὲν
2435 878 2534 947 γὰρ
2569 878 2805 945 σώματος
2844 892 2944 945 μου
2994 872 3231 935 ἐξουσίαν
3267 875 3427 943 ἔχεις,
3460 881 3553 935 τῆς
3600 871 3663 926 δὲ
3692 874 3905 945 ψυχῆς
3934 875 3959 924 6

2322 964 2443 1024 Θεός
2473 968 2647 1035 μόνος,
2683 965 2707 1014 6
2741 960 3025 1034 δυνάμενος
3066 970 3237 1014 σῶσαι
3261 967 3351 1014 καὶ
3377 960 3653 1015 ἀπολέσαι.

566 1063 943 1120 sacriﬁcam?
971 1065 1170 1133 Itaque
1214 1061 1307 1117 fac
1345 1059 1640 1133 quidquid
1682 1058 1841 1114 libet.
1882 1059 1965 1112 En
2014 1067 2233 1125 corpus
2263 1067 2466 1107 meum
2517 1052 2573 1106 in
2622 1067 2808 1107 manu
2840 1057 2940 1107 tua
2984 1055 3110 1107 est:
3145 1050 3363 1106 animae
3399 1066 3537 1106 vero
3572 1054 3956 1123 potestatem

567 1156 719 1208 Deus
751 1152 955 1217 habet,
994 1152 1093 1221 qui
1126 1149 1385 1204 salutem
1412 1152 1466 1204 et
1490 1164 1726 1203 ruinam
1759 1145 1964 1203 afferre
1998 1145 2208 1215 potest.

638 1241 703 1295 Il.
744 1242 885 1295 Tum
919 1239 1041 1293 dux
1066 1237 1160 1293 ille
1191 1255 1203 1292 z
1238 1237 1422 1292 Video
1455 1241 1507 1293 te
1539 1236 1727 1291 multa
1766 1232 2058 1305 sapientia
2121 1244 2212 1284 or-

568 1334 795 1393 natum,
831 1343 1020 1399 eaque
1048 1327 1106 1381 in
1129 1324 1547 1397 respondendo
1570 1323 1741 1379 valde
1763 1327 2041 1378 utentem.
2068 1321 2211 1387 Mea,

567 1416 759 1488 inquit
791 1417 1001 1477 Victor,
1029 1414 1312 1485 sapientia
1364 1430 1482 1470 non
1523 1419 1613 1470 est
1652 1428 1723 1467 ex
1770 1425 1885 1474 me,
1917 1408 2019 1465 sed
2062 1407 2215 1462 Deus

569 1522 739 1561 meus
761 1505 920 1559 illam
946 1504 1090 1558 mihi
1121 1502 1383 1558 contulit.
1418 1502 1504 1557 Ad
1543 1502 1672 1557 haec
1701 1516 1923 1572 praeses
1954 1515 1967 1553 :
2013 1495 2211 1551 Libera

568 1595 826 1664 teipsum
884 1608 921 1647 a
973 1590 1173 1647 multis
1234 1590 1617 1658 cruciatibus,
1658 1595 1714 1645 et
1766 1589 1878 1642 diis
1930 1585 2214 1641 sacriﬁca.

570 1682 849 1747 Quinimo
934 1680 1204 1744 libenter,
1284 1680 1476 1751 inquit
1571 1679 1779 1743 Victor,
1891 1674 2219 1732 cruciatum

570 1769 844 1841 quemvis
877 1767 1084 1839 patiar,
1120 1783 1193 1821 ne
1226 1766 1517 1821 sacriﬁcia
1543 1765 1683 1821 talia
1715 1765 1963 1820 offeram
1995 1780 2007 1817 :
2037 1760 2135 1815 sed
2167 1763 2221 1813 et

2398 1227 2449 1281 B'
2487 1208 2642 1300 Λέγει
2690 1228 2829 1298 αὐτῷ
2880 1230 2904 1279 6
2955 1225 3121 1290 δούξ’
3155 1228 3290 1302 Ὀρῶ
3350 1248 3406 1281 σε
3458 1227 3507 1280 ἓν
3557 1237 3619 1301 τῇ
3682 1228 3961 1301 ἀπολογίᾳ

2329 1336 2422 1369 σου
2454 1316 2644 1375 πολλὴν
2674 1321 2863 1388 σοφίαν
2911 1321 3258 1389 περικείμενον
3292 1334 3304 1347 ’
3341 1317 3545 1389 σχέψαι
3589 1314 3681 1370 οὖν
3712 1322 3777 1369 τὸ
3821 1337 3958 1388 συμ-

2325 1411 2491 1479 φέρον.
2533 1406 2590 1458 Ὀ
2645 1406 2796 1477 ἅγιος
2855 1410 3052 1480 Βίκτωρ
3109 1405 3280 1477 λέγει·
3334 1413 3374 1458 Η
3418 1404 3511 1478 ἐμὴ
3565 1412 3752 1478 σοφία,
3784 1404 3831 1458 ὦ
3878 1404 3957 1458 δι-

2325 1498 2517 1560 καστά,
2547 1496 2639 1547 οῦκ
2671 1498 2810 1547 ἔστιν
2860 1493 2912 1557 ἐξ
2942 1493 3085 1566 ἐμοῦ,
3121 1492 3229 1545 ἀλλ’
3263 1496 3287 1546 6
3319 1500 3448 1556 Θεός
3490 1516 3589 1567 μου
3622 1492 3957 1570 ἐδωρήσατό

2328 1602 2416 1654 μοι
2487 1583 2668 1641 αὐτὴν.
2726 1586 2783 1635 Ὸ
2859 1580 2987 1645 δοὺξ
3042 1582 3220 1654 λέγει’
3281 1582 3457 1636 Ῥὐσαι
3541 1589 3767 1637 σεαυτόν
3852 1583 3956 1635 ἀπὸ

2342 1671 2536 1723 πολλῶν
2591 1670 2855 1745 βασάνων,
2914 1677 3003 1723 καὶ
3052 1672 3345 1745 προσελθὼν
3406 1675 3561 1725 θῦσον
3618 1680 3729 1733 τοῖς
3792 1676 3955 1735 θεοῖς.

2343 1765 2385 1809 0
2441 1759 2583 1830 άγιος
2636 1765 2832 1832 Βίκτωρ
2888 1757 3022 1812 εἶπεν
3056 1780 3068 1791 ·
3130 1759 3258 1831 Ἐγὼ
3318 1762 3443 1835 ὑπὲρ
3499 1769 3589 1813 τοῦ
3640 1766 3716 1833 μὴ
3788 1764 3960 1814 θῦσαι

569 1857 715 1913 illud
741 1854 997 1920 afﬁrmo,
1026 1855 1414 1910 vehementer
1454 1870 1549 1909 me
1592 1853 1873 1925 gaudere,
1912 1849 2075 1923 quod
2133 1848 2218 1903 di-

2332 1842 2496 1907 ἡδέως
2550 1847 2910 1919 βασανίζομαι
2941 1853 3029 1899 καὶ
3074 1848 3222 1900 πλέον
3276 1845 3694 1922 διισχυρίζομαι
3746 1846 3960 1921 διαγω-

574 1962 729 2017 gnus
770 1944 959 1999 factus
987 1943 1119 2009 sim,
1153 1943 1255 2014 qui
1289 1958 1394 2014 pro
1428 1942 1637 1999 Christi
1663 1942 1901 1998 nomine
1931 1941 2218 1995 tormenta

2334 1939 2613 2007 νιζόμενος,
2664 1938 2744 1989 ὅτι
2802 1936 3132 1998 κατηξιώθην
3202 1938 3326 2009 ὑπὲρ
3402 1945 3492 1989 τοῦ
3547 1938 3800 2010 ὀνόματος
3866 1947 3958 1991 τοῦ

570 2033 786 2105 patiar,
816 2037 869 2087 et
913 2032 1131 2087 caelesti
1169 2031 1267 2086 illo
1302 2034 1454 2101 Rege
1498 2030 1610 2085 frui
1655 2045 1910 2102 sperem.
1965 2027 2052 2082 Ad
2098 2026 2225 2084 haec

568 2122 692 2177 dux
728 2121 828 2176 ille
863 2138 875 2175 :
914 2119 1195 2191 Nunquid
1230 2118 1699 2175 Christianorum
1744 2116 2019 2174 sacerdos
2049 2132 2107 2170 es
2140 2119 2221 2181 tu,

567 2212 670 2282 qui
712 2215 836 2266 tam
866 2209 1193 2280 prudenter
1247 2208 1417 2265 nobis
1445 2207 1770 2280 respondes
1801 2208 1827 2261 ?
1878 2214 2015 2271 Hoc,
2039 2203 2224 2276 inquit

572 2299 785 2364 Victor,
818 2314 1062 2353 munere
1093 2297 1378 2367 indignus
1399 2314 1522 2352 sum
1568 2313 1700 2366 ego,
1734 2296 1838 2352 sed
1868 2294 2076 2351 Christi
2104 2290 2221 2349 mei

568 2388 757 2457 gratia
780 2404 872 2442 me
905 2386 1074 2441 talem
1101 2385 1291 2441 effecit
1319 2402 1331 2441 :
1364 2386 1492 2442 hinc
1530 2386 1689 2441 enim
1726 2386 1843 2451 his,
1901 2384 2006 2457 qui
2062 2388 2219 2440 recto

570 2476 746 2531 corde
775 2480 927 2541 sunt,
949 2482 1004 2529 et
1030 2473 1238 2529 Christi
1285 2474 1572 2531 mandata
1618 2474 1961 2538 observant,
1994 2472 2221 2545 sapien-

571 2564 719 2621 tiam
755 2569 811 2619 et
843 2564 1043 2619 omnia
1081 2564 1375 2618 bonarum
1426 2580 1620 2618 rerum
1677 2562 1915 2633 copiam
1972 2577 2045 2616 ex
2102 2560 2221 2614 suis

572 2652 684 2708 illis
731 2652 1046 2705 immensis
1086 2650 1301 2704 divitiis
1365 2650 1632 2718 largitur.
1703 2648 2224 2714 Quemadmodum

572 2740 732 2795 enim
757 2740 1019 2808 agricola
1044 2740 1171 2808 ipse
1202 2755 1335 2792 cum
1363 2741 1581 2793 terram
1612 2737 1773 2803 colit,
1794 2744 2074 2808 paratam
2093 2753 2225 2792 eam

571 2828 764 2884 reddit
795 2828 868 2882 ad
894 2826 1115 2882 fructus
1153 2825 1427 2882 ferendos
1455 2842 1467 2880 :
1495 2826 1573 2882 ita
1625 2830 1681 2882 et
1705 2825 1808 2880 Dei
1839 2825 2122 2897 sapientia
2158 2841 2228 2881 ac

578 2917 772 2987 gratia
802 2932 905 2971 eos
930 2933 963 2970 a
987 2914 1211 2987 quibus
1245 2914 1607 2980 observatur,
1652 2914 1847 2981 fortes,
1909 2914 2227 2986 sapientes,

570 3022 639 3061 ac
666 3005 808 3060 tales
828 3004 1042 3068 reddit,
1083 3004 1185 3076 qui
1218 3005 1337 3059 Deo
1371 3003 1484 3075 ipsi
1516 3003 1771 3059 fructum
1796 3001 1945 3059 ferre
1971 3004 2226 3075 possint:

591 3109 798 3167 neque
824 3094 1139 3165 permittit,
1168 3097 1230 3149 ut
1281 3092 1358 3149 ab
1390 3092 1653 3149 hostibus
1691 3092 1954 3165 superari
1983 3092 2264 3164 queant."

2334 2032 2568 2094 Χριστοῦ
2624 2024 3053 2098 βασανίζσθῆναι
3096 2030 3184 2078 καὶ
3236 2025 3309 2088 εἰς
3360 2031 3451 2084 τὴν
3496 2025 3695 2097 ἀγαθὴν
3756 2025 3959 2080 ἐλπίδα

2334 2112 2493 2165 ἐλθεῖν
2557 2123 2645 2166 τοῦ
2724 2115 2982 2177 Βασιλέως
3036 2124 3132 2168 τῶν
3201 2116 3449 2188 οὐρανῶν.
3508 2120 3659 2187 Λέγει
3721 2116 3877 2187 αὐτῷ
3934 2119 3956 2168 6

2335 2198 2480 2264 δούξ·
2515 2208 2598 2262 Μὴ
2654 2206 2807 2277 ἱερεὺς
2857 2201 2903 2257 εἶ
2947 2213 3046 2259 τῶν
3100 2212 3445 2272 Χριστιανῶν,
3479 2207 3555 2257 ὅτι
3608 2205 3779 2267 οὕτως
3839 2226 3958 2257 συν-

2332 2300 2450 2353 ετῶς
2504 2291 2798 2368 ἀποκρίνῃ;
2844 2293 2902 2345 Ὀ
2946 2294 3094 2364 ἅγιος
3150 2299 3344 2369 Βίκτωρ
3406 2291 3537 2347 εἶπεν
3567 2312 3579 2323 ·
3631 2294 3769 2365 Ἐγὼ
3827 2298 3952 2347 ταύ-

2330 2390 2420 2440 της
2471 2389 2559 2441 τῆς
2609 2386 2863 2453 μεγίστης
2913 2384 3134 2455 χάριτος
3177 2387 3266 2435 καὶ
3314 2380 3513 2456 δωρεὰς
3559 2382 3773 2445 ἀνάξιός
3823 2384 3951 2457 εἰμι·

2332 2473 2360 2528 ἡ
2422 2466 2481 2521 δὲ
2530 2478 2620 2522 τοῦ
2665 2479 2899 2546 Χριστοῦ
2953 2492 3053 2543 μου
3109 2474 3273 2546 χάρις
3325 2476 3491 2542 ἤγαγέ
3532 2492 3595 2544 με
3643 2473 3719 2534 εἰς
3769 2482 3947 2525 τοῦτο·

2334 2558 2464 2614 αὕτη
2512 2560 2614 2630 γάρ
2663 2557 2802 2610 ἐστιν
2848 2561 2876 2617 ἠ
2926 2564 3240 2633 παρέχουσα
3266 2566 3371 2620 τοῖς
3416 2560 3587 2612 εὖθέσι
3631 2569 3694 2633 τῇ
3748 2558 3949 2635 καρδίᾳ

2334 2652 2420 2697 xui
2460 2654 2566 2706 τοῖς
2596 2646 2928 2718 φυλάσσουσι
2962 2651 3051 2709 τὰς
3082 2648 3287 2709 ἐντολὰς
3336 2657 3425 2701 τοῦ
3471 2656 3709 2722 Χριστοῦ
3759 2656 3944 2721 σοφίαν

2336 2739 2425 2786 καὶ
2490 2738 2692 2787 σύνεσιν
2768 2741 3003 2807 μετέχειν
3062 2740 3256 2798 παντός
3310 2736 3545 2808 ἀγαθοῦ·
3606 2740 3777 2811 ὥσπερ
3830 2740 3933 2812 γὰρ

2337 2828 2562 2898 γεωργὸς
2612 2824 2921 2897 καλλιεργῶν
2966 2825 3126 2877 αὐτοῦ
3177 2830 3270 2884 τὴν
3320 2834 3418 2897 γῆν
3466 2826 3724 2898 ἐτοιμάζει
3764 2828 3923 2883 αὐτὴν

2341 2913 2411 2974 εἰς
2460 2919 2834 2989 καρποφορίαν,
2875 2914 3036 2975 οὕτως
3083 2918 3171 2967 καὶ
3218 2917 3247 2972 ἡ
3302 2922 3391 2967 τοῦ
3437 2912 3571 2968 Θεοῦ
3620 2921 3775 2987 σοφία
3815 2919 3926 2975 τοὺς

2340 3001 2632 3065 ἐλπίζοντας
2678 3003 2746 3065 εἰς
2823 3003 2983 3060 αὐτὴν
3041 2999 3338 3075 ἐνδυναμοί,
3400 3009 3486 3057 καὶ
3574 3005 3799 3077 σοφίζει,
3851 3010 3940 3056 καὶ

2338 3098 2475 3144 ποιεῖ
2542 3099 2883 3165 καρποφορεῖν
2954 3098 3023 3161 τῷ
3093 3099 3226 3163 Θεῷ,
3279 3097 3351 3165 μὴ
3437 3100 3804 3167 συγχωροῦσα
3874 3102 3943 3164 τῷ

645 3271 744 3325 llI.
808 3276 951 3325 Tum
1000 3270 1116 3325 dux
1180 3270 1301 3325 ait:
1344 3272 1491 3325 Num
1555 3273 1615 3324 tu
1672 3268 1824 3324 mori
1874 3266 2227 3324 decrevisti?

568 3358 901 3430 Respondit
956 3357 1187 3413 Victor:
1246 3357 1594 3429 Hujusmodi
1652 3372 1813 3411 mors
1878 3356 1969 3410 his
2038 3359 2224 3409 Vitam

568 3446 871 3515 conciliat,
897 3448 1001 3517 qui
1032 3446 1235 3502 brevia
1264 3447 1390 3502 haec
1426 3451 1719 3501 tormenta
1747 3444 1970 3499 fortiter
1995 3442 2071 3498 ad
2130 3457 2224 3497 ex-

565 3538 824 3591 tremum
853 3551 1042 3606 usque
1076 3536 1401 3606 perferunt.
1429 3534 1517 3588 Ad
1548 3534 1673 3590 haec
1725 3536 1842 3587 dux
1888 3530 1980 3587 ille
2014 3548 2029 3585 :
2086 3532 2222 3587 Sen-

569 3623 895 3680 tentiamne
933 3623 1106 3678 istam
1157 3623 1393 3679 ﬁrmam
1445 3622 1659 3677 habes?
1709 3619 1974 3685 Maxime,
2033 3620 2223 3691 inquit

568 3710 777 3765 Victor.
836 3711 981 3763 Tum
1060 3711 1183 3763 dux
1234 3710 1554 3779 digitorum
1612 3709 1845 3763 Victoris
1902 3723 2222 3779 compages

568 3813 838 3869 eousque
865 3796 1159 3863 confringi
1201 3796 1396 3865 jussit,
1430 3796 1631 3865 quoad
1667 3812 1694 3848 e
1734 3795 1883 3867 pelle
1930 3795 2056 3865 ipsa
2106 3794 2221 3849 exi-

574 3890 722 3940 rent.
755 3886 879 3949 Quo
910 3885 1087 3950 facto,
1122 3883 1319 3937 Victor
1348 3882 1429 3937 ait
1456 3900 1467 3937 :
1503 3881 1731 3938 Gratias
1762 3898 1871 3954 ago
1902 3884 2021 3937 Deo
2066 3898 2222 3948 meo,

573 3973 738 4043 quod
809 3972 1057 4041 gratiam
1115 3986 1284 4026 suam
1337 3970 1674 4042 propiorem
1753 3970 1892 4025 mihi
1954 3972 2219 4027 ostendit.

568 4062 730 4115 Tunc
766 4058 1041 4131 quaesivit
1089 4059 1162 4113 ab
1204 4074 1271 4114 eo
1306 4058 1448 4127 dux,
1476 4074 1664 4131 quare
1716 4057 1917 4113 cibum
1968 4073 2090 4113 non
2133 4075 2225 4114 su-

566 4152 773 4204 meret.
807 4147 909 4202 Cui
940 4146 1247 4220 respondit
1277 4146 1475 4203 Victor
1505 4163 1517 4200 :
1569 4145 1768 4203 Habeo
1798 4146 1927 4219 ipse
1958 4146 2227 4221 spiritua-

564 4230 683 4291 lem
702 4235 922 4302 cibum,
950 4252 1070 4307 quo
1096 4237 1239 4291 ﬁtut
1266 4252 1384 4293 non
1412 4236 1741 4293 esuriamin
1764 4240 2222 4294 aeternum.Tum

563 4324 665 4381 ille
678 4325 859 4396 jussit
880 4324 1182 4382 fornacem
1198 4326 1829 4395 accendi,etVictorem
1852 4327 1910 4383 in
1933 4343 2064 4384 eam
2089 4344 2225 4385 con-

566 4413 790 4483 jectum
824 4413 900 4469 ad
930 4414 1163 4469 tertium
1194 4431 1383 4485 usque
1410 4415 1569 4468 diem
1592 4414 1830 4469 servari.
1858 4415 2223 4489 Factumque

2267 3209 2307 3264 Ο
2339 3180 2513 3254 ἐχθρῷ
2538 3182 2889 3253 περιγενέσθαι
2921 3180 3107 3235 αὐτῶν.

2408 3270 2479 3323 Γ’.
2541 3268 2880 3330 Σεϐαστιανός
2923 3270 2948 3321 ό
3009 3266 3139 3332 δοὺξ
3211 3269 3346 3323 εἶπεν
3381 3288 3391 3300 ·
3453 3270 3688 3346 Ἐκρινας
3747 3272 3945 3343 μᾶλλον

2335 3360 2419 3408 τὸν
2472 3360 2685 3409 θάνατον
2729 3357 2934 3410 ἑλέσθαι
2981 3359 3009 3417 ἣ
3067 3363 3159 3417 τὴν
3215 3358 3483 3427 ζωήν;Ὀ
3535 3361 3682 3432 ἅγιος
3739 3366 3943 3434 Βίκτωρ

2332 3443 2486 3498 εἶπεν·
2554 3446 2715 3506 Οὗτος
2764 3448 2789 3497 6
2845 3449 3057 3508 θάνατος
3112 3451 3247 3509 ζωὴν
3293 3447 3497 3500 αἰώνιον
3547 3449 3778 3522 προξενεῖ
3828 3458 3945 3510 τοῖς

2332 3539 2495 3609 μέχρι
2564 3535 2731 3595 τέλους
2784 3537 3101 3608 ὑπομένουσι
3180 3540 3268 3598 τὰς
3321 3544 3677 3613 προσκαίρους
3747 3544 3941 3603 ταυτας

2332 3622 2616 3695 βασάνους.
2681 3628 2832 3695 Λέγει
2890 3625 3029 3695 αὐτῷ
3088 3627 3113 3676 6
3173 3622 3317 3688 δούξ·
3382 3632 3481 3679 Καὶ
3560 3628 3684 3688 ὅλως
3742 3632 3933 3689 ταύτης

2332 3712 2686 3786 ἐπεκράτησας
2744 3721 2833 3773 τῆς
2883 3719 3133 3785 γνώμης;
3179 3714 3238 3766 Ὁ
3296 3715 3440 3786 ἅγιος
3497 3720 3693 3790 Βίκτωρ
3758 3717 3915 3769 εἶπεν·

2334 3808 2455 3856 Ναί.
2490 3806 2615 3855 Τότε
2661 3804 2685 3854 6
2736 3799 2865 3864 δούξ
2903 3802 3131 3855 ἐκέλευσε
3181 3804 3576 3875 συγκλασθῆναι
3623 3808 3717 3867 τὰς
3772 3806 3931 3878 ἁρμο-

2334 3896 2441 3951 νίας
2493 3900 2590 3942 τῶν
2655 3888 2920 3942 δακτύλων
3002 3890 3177 3955 αὐτοῦ,
3234 3893 3322 3953 ἕως
3389 3891 3447 3943 ἂν
3518 3892 3573 3944 ἐκ
3631 3902 3721 3953 τῆς
3783 3890 3938 3969 δορᾶς

2336 3978 2624 4040 ἐξέλθωσιν.
2679 3979 2735 4031 Ὀ
2803 3979 2952 4050 ἅγιος
3011 3984 3209 4053 Βίκτωρ
3271 3976 3436 4033 εἶπεν·
3494 3981 3812 4056 Εὐχαριστῶ
3864 3992 3937 4053 τῷ

2337 4075 2449 4137 Θεῷ
2502 4087 2602 4139 μου
2655 4070 2893 4136 πάντοτε,
2949 4070 3028 4120 ὅτι
3081 4072 3298 4140 ἤγγισεν
3351 4071 3380 4127 ἡ
3444 4072 3603 4143 χάρις
3650 4070 3813 4123 αὐτοῦ
3867 4072 3939 4132 εἰς

2335 4155 2443 4228 ἐμέ.
2476 4160 2627 4228 Λέγει
2678 4156 2818 4227 αὐτῷ
2872 4158 2896 4208 6
2948 4154 3094 4219 δούξ’
3129 4159 3223 4210 Διά
3278 4161 3328 4210 τί
3380 4162 3472 4217 τὴν
3517 4160 3692 4211 ἄνοιάν
3748 4179 3842 4212 σου
3877 4161 3936 4213 οὗ

2334 4243 2642 4317 λαμϐάνεις;
2673 4244 2732 4295 Ὀ
2780 4244 2922 4317 οἶγιος
2970 4250 3169 4319 Βίκτωρ
3219 4244 3374 4300 εἶπεν.
3430 4247 3553 4299 ’Ότι
3607 4246 3800 4320 βιαίως
3845 4252 3931 4301 καὶ

2334 4331 2531 4396 ἀδίκως
2585 4333 2905 4404 ἀπαιτεῐται,
2958 4340 3048 4387 καὶ
3096 4338 3212 4387 οὔτε
3254 4334 3529 4407 λαμϐάνειν
3578 4338 3695 4389 οὐτε
3741 4337 3931 4390 ἐσθίειν

2333 4421 2592 4495 βούλομαι
2631 4422 2683 4486 ἐξ
2732 4424 2908 4484 αὐτῆς
2938 4425 3046 4495 ἔχω
3097 4421 3156 4477 δὲ
3202 4429 3296 4484 τὴν
3338 4431 3689 4499 πνευματικὴν
3738 4432 3931 4501 τροφὴν

565 4502 675 4556 fuit
739 4503 841 4555 ita.
893 4501 1082 4555 Tertio
1135 4505 1329 4555 autem
1402 4501 1498 4555 die
1566 4517 1701 4555 cum
1768 4502 1861 4556 ille
1942 4504 2213 4574 opinare-

2331 4516 2416 4562 xui
2466 4511 2524 4562 οὐ
2575 4516 2644 4583 μὴ
2675 4513 2902 4564 πεινάσω
2942 4512 3013 4574 εἰς
3056 4516 3142 4564 τὸν
3199 4513 3383 4571 αἰῶνα,
3422 4521 3599 4566 Ταῦτα
3645 4513 3872 4576 ἀκούσας
3903 4517 3928 4567 6

566 4595 661 4644 tur
699 4588 995 4643 Victorem
1040 4588 1115 4643 ab
1162 4589 1296 4659 igne
1336 4594 1761 4659 consumptum
1805 4591 1999 4661 fuisse,
2043 4593 2217 4662 jussit

567 4677 869 4733 fornacem
913 4676 1144 4745 aperiri,
1199 4682 1254 4731 et
1312 4680 1589 4748 martyris
1631 4677 1855 4733 cineres
1896 4681 1954 4734 in
1990 4680 2217 4737 ﬂumen

565 4765 856 4836 demergi.
938 4765 1233 4820 Patefacta
1300 4764 1472 4834 igitur
1544 4764 1803 4833 fornace,
1864 4768 2218 4826 invenerunt

565 4856 852 4911 Victorem
883 4856 1082 4926 ipsum
1108 4856 1333 4920 vivum,
1369 4859 1425 4908 et
1454 4854 1635 4910 Deum
1665 4856 2026 4922 laudantem,
2049 4863 2209 4932 quod

563 4945 717 5012 ignis
758 4945 882 5013 ejus
931 4960 1145 5016 corpus
1193 4958 1313 4998 non
1374 4941 1658 5014 tetigerat.
1707 4946 1835 5001 Mox
1870 4947 2050 5018 jussit
2091 4950 2210 5008 dux

564 5048 789 5087 venena
817 5033 1093 5105 pestifera
1122 5048 1261 5087 cum
1294 5030 1573 5086 carnibus
1624 5036 1937 5093 commista
1980 5038 2212 5097 edenda

562 5119 643 5174 illi
663 5121 930 5191 proponi.
976 5123 1115 5185 Quae
1148 5137 1282 5175 cum
1313 5136 1349 5177 a
1372 5119 1636 5176 veneﬁco
1675 5125 1940 5193 quodam
1969 5126 2211 5185 homine

563 5214 837 5278 porrecta
868 5210 918 5264 ei
959 5210 1230 5278 fuissent,
1266 5214 1505 5264 sanctus
1556 5218 1779 5284 martyr
1828 5215 2022 5272 Victor
2087 5220 2202 5275 ait:

564 5296 702 5351 Mihi
734 5297 976 5368 quidem
1008 5314 1129 5354 non
1163 5300 1358 5355 liceret
1418 5316 1625 5355 carnes
1685 5308 1941 5373 gustare,
1998 5308 2104 5363 sed
2146 5314 2209 5364 ut

562 5401 889 5457 cognoscas
915 5388 1189 5444 veneﬁcia
1212 5394 1313 5444 tua
1343 5388 1511 5444 nihili
1540 5406 1687 5458 esse,
1721 5409 1792 5448 en
1825 5394 1969 5453 istas
1999 5414 2207 5454 carnes

562 5474 899 5531 comedam.
953 5478 1214 5547 Cumque
1276 5476 1407 5532 illas
1452 5494 1482 5533 e
1535 5480 1814 5539 manibus
1838 5485 2209 5543 veneﬁciho-

564 5562 738 5629 minis
804 5563 1145 5642 accepisset,
1212 5564 1508 5622 Christum
1559 5576 1857 5643 precatus,
1908 5574 2206 5646 ejusmodi

2330 4596 2479 4665 δοῦξ,
2536 4600 2792 4652 ἐκέλευσεν
2863 4600 3109 4660 ἐκκαῆναι
3177 4605 3388 4673 κάμινον
3448 4608 3536 4655 καὶ
3606 4602 3927 4675 ἐμϐληθῆναι

2327 4690 2479 4741 αὐτόν
2530 4688 2577 4741 ἐν
2637 4689 2789 4762 αὐτῇ,
2847 4691 3003 4765 ἄχρις
3077 4694 3278 4764 ἡμερῶν
3330 4701 3483 4765 τριῶν
3518 4711 3528 4721 ·
3588 4698 3676 4745 καὶ
3730 4693 3923 4764 ἐγένετο

2324 4779 2504 4840 οὕτως.
2563 4781 2709 4831 Μετὰ
2763 4776 2819 4831 δὲ
2869 4783 2954 4840 τὰς
3004 4789 3135 4854 τρεῖς
3184 4782 3401 4853 ἡμέρας,
3443 4787 3660 4853 νομίσας
3716 4785 3740 4833 6
3797 4781 3926 4847 δοὺξ

2323 4867 2620 4925 ἀνηλῶσθαι
2653 4867 2806 4919 αὐτόν
2857 4871 2955 4921 ὑπὸ
3003 4878 3092 4921 τοῦ
3138 4874 3319 4944 πυρὸς,
3368 4869 3621 4923 ἐκέλευσεν
3654 4869 3928 4943 ἀνοιγῆναι

2321 4963 2413 5015 τὴν
2464 4960 2681 5029 κάμινον
2714 4962 2802 5009 καὶ
2834 4958 3048 5032 ῥιφῆναι
3079 4961 3143 5010 τὰ
3177 4958 3305 5010 ὀστᾶ
3354 4959 3513 5011 αὑτοῦ
3545 4960 3616 5020 εἰς
3654 4963 3739 5011 τόν
3772 4982 3927 5013 ποτα.

2320 5052 2433 5118 μόν·
2493 5052 2580 5098 καὶ
2637 5045 2925 5109 ἀνοίξαντες
2981 5047 3160 5112 αὐτὴν,
3208 5047 3352 5122 εὖρον
3408 5048 3562 5100 αὑτὸν
3616 5049 3787 5108 ζῶντα
3838 5056 3927 5103 καὶ

2322 5131 2611 5197 ὃοξάζοντα
2659 5138 2744 5186 τόν
2802 5139 2951 5200 Θεὸν,
3008 5132 3079 5188 δι’
3126 5138 3203 5187 ὅτι
3259 5134 3371 5188 οὐδ’
3406 5136 3531 5199 ὅλως
3563 5136 3737 5208 ἥψατο
3768 5139 3928 5192 αὐτοῦ

2318 5226 2375 5274 τὸ
2424 5230 2551 5296 πῦρ.
2608 5228 2732 5275 Τότε
2778 5222 3036 5277 ἐκέλευσεν
3088 5227 3112 5276 6
3164 5222 3293 5287 ὃοῦξ
3343 5228 3592 5302 φάρμακα
3626 5228 3929 5302 ἀναιρετικὰ

2320 5307 2541 5369 δοθῆναι
2595 5312 2735 5382 αὐτῷ
2792 5322 2969 5385 φαγεῖν
3024 5317 3154 5386 μετά
3204 5322 3390 5386 κρεῶν
3439 5320 3528 5367 καὶ
3585 5313 3933 5371 ἓπιδοθέντων

2318 5399 2456 5470 αὐτῷ
2508 5408 2606 5452 τῶν
2660 5404 2942 5475 φαρμάκων
2996 5404 3094 5454 ὑπὸ
3150 5410 3240 5454 τοῦ
3295 5405 3487 5474 μάγου,
3545 5406 3639 5476 ἔφη
3691 5407 3717 5456 6
3776 5407 3932 5477 ἅγιος

2318 5493 2541 5561 Βίκτωρ·
2604 5491 2717 5542 Οὐκ
2766 5489 2876 5553 ἐξόν
2915 5510 3005 5562 μοι
3072 5486 3130 5550 ἦν
3188 5499 3346 5565 κρεῶν
3404 5492 3689 5563 ἅψασθαι·
3728 5496 3811 5548 ἵνα
3868 5494 3931 5549 δε

2316 5585 2468 5652 γνῷς,
2498 5580 2578 5632 ὅτι
2608 5577 2757 5634 οὐδέν
2789 5579 2920 5633 εἰσιν
2967 5581 3021 5633 αἱ
3068 5584 3284 5655 μαγεῖαί
3336 5599 3451 5654 σου,
3483 5587 3573 5636 καὶ
3619 5594 3927 5663 καταφρονῶ
