4114 6262
221 301 312 356 261
1323 301 1485 358 VITA
1527 299 1634 357 SS.
1682 297 2017 355 VICTORIS
2060 299 2144 354 ET
2186 300 2522 359 CORON/E.
3481 303 3592 360 262

224 427 401 490 αύτάς,
466 424 629 477 ἐσθίω
691 421 1062 494 ἀνυπερθέτως.
1122 429 1217 477 Καὶ
1285 422 1560 499 δεξάμενος
1607 424 1659 477 ἐκ
1729 433 1826 476 τῶν

1968 425 2223 480 :arnibus
2259 427 2409 480 vesci
2445 425 2640 497 coepit,
2673 438 2864 496 neque
2895 412 3226 496 quidquam
3261 427 3400 482 mali
3456 443 3593 500 pas-

223 523 412 590 χειρῶν
469 521 560 565 τοῦ
610 513 806 584 μάγου,
853 511 1268 584 προσευξάμενος
1323 523 1391 584 τῷ
1451 522 1682 586 Χριστῷ,
1739 518 1829 586 ἦρ-

1965 526 2040 566 ιιιε
2094 519 2199 568 est.
2265 515 2580 568 Veneﬁcus
2609 518 2806 567 autem
2835 512 2928 566 ille
2962 529 3068 583 pro
3118 513 3240 568 suis
3294 516 3590 572 veneﬁciis

227 605 344 668 ξατο
375 602 564 655 ἐσθίειν
600 620 610 630 ·
672 606 760 652 καὶ
804 605 977 671 φαγὼν
1025 597 1174 653 οὐδὲν
1211 604 1390 654 ἔπαθεν
1439 607 1621 654 κακόν.
1670 601 1726 653 Ὀ
1777 598 1834 652 δὲ

1963 600 2321 669 erubescens,
2377 603 2493 657 alia
2519 601 2795 672 quaedam
2851 600 3063 655 obtulit
3116 602 3416 672 prioribus
3473 603 3588 658 illis

229 696 390 764 μάγος
445 691 526 743 ἐπὶ
597 698 658 762 τῇ
717 689 882 760 οἰκείᾳ
943 695 1135 762 μαγείᾳ
1192 693 1620 762 καταισχυνθεὶς,
1675 709 1835 762 προσ-

1963 689 2146 758 )θ]οιἐι
2201 709 2212 739 :
2250 693 2397 755 llaec,
2433 689 2729 758 inquiens,
2777 689 3170 760 accipe:qua3
3198 707 3332 744 cum
3396 709 3588 747 come-

232 787 420 852 ἡγαγεν
477 779 614 849 αὐτῷ
683 778 836 830 πάλιν
911 779 1056 850 ἕτερα
1131 782 1380 852 φάρμακα
1430 789 1528 832 τῶν
1580 784 1833 853 προτέρων

1954 774 2117 841 ieris,
2179 778 2227 832 si
2257 777 2398 832 nihil
2455 777 2587 832 mali
2639 792 2855 848 passus
2903 775 3098 844 fueris,
3148 778 3347 834 statim
3397 785 3579 835 artem

231 867 490 941 δεινότερα
528 873 620 919 καὶ
653 867 790 938 λέγει
823 867 962 937 αὐτῷ
1009 886 1021 897 ο
1071 872 1168 919 Καὶ
1207 877 1294 919 νῦν
1337 865 1483 931 δέξαι
1528 873 1615 920 καὶ
1656 870 1783 939 φάγε
1817 884 1828 896 ’

1958 863 2239 936 nagicam
2266 865 2694 937 derelinquam,
2725 869 2782 918 et
2819 865 3057 919 credam
3086 865 3264 920 etiam
3291 867 3417 938 ipse
3466 868 3583 924 Deo

224 963 310 1010 καὶ
375 957 461 1010 ἐάν
521 961 699 1030 φαγὼν
762 952 928 1028 μηδεν
1005 957 1174 1028 πάθῃς
1230 961 1412 1027 κακὸν,
1465 957 1834 1029 καταλιμπάνω

1962 968 2120 1023 [uem
2152 959 2209 1007 tu
2238 953 2406 1010 colis.
2453 954 2596 1008 Cum
2623 953 2799 1024 igitur
2846 953 3056 1007 beatus
3105 951 3307 1008 Victor
3357 971 3587 1012 venena

219 1067 319 1120 μου
361 1052 453 1108 τάς
491 1051 730 1117 μαγείας,
779 1049 868 1096 καὶ
919 1049 1148 1097 πιστεύω
1196 1043 1341 1117 κάγὼ
1385 1054 1456 1116 τῷ
1517 1053 1628 1117 Θεῷ
1666 1046 1703 1114 ᾧ
1745 1044 1832 1096 λα-

1963 1040 2037 1096 lla
2065 1041 2438 1106 comedisset,
2457 1057 2645 1112 neque
2658 1040 2947 1120 quiddam
2979 1040 3115 1095 mali
3137 1043 3583 1111 passusfuisset,

217 1141 431 1205 τρεύεις.
508 1134 772 1196 Λαδόντος
833 1130 891 1186 δε
953 1141 1043 1185 τοῦ
1100 1139 1367 1206 μακαρίου
1422 1140 1681 1206 Βίκτορος,
1741 1143 1829 1190 καὶ

1960 1128 2241 1184 veneﬁcus
2297 1129 2390 1185 ille
2418 1145 2635 1200 magna
2677 1117 2819 1184 voce
2854 1128 3120 1183 clamans
3154 1146 3167 1182 :
3202 1127 3304 1195 En,
3373 1131 3585 1204 inquit,

217 1228 484 1296 φαγόντος,
541 1229 630 1275 καὶ
675 1219 840 1294 μηδὲν
871 1224 1148 1284 παθόντος
1201 1227 1380 1289 κακὸν,
1422 1222 1666 1280 ἀνεϐόησε
1707 1233 1836 1293 μετά

1964 1217 2149 1282 vicisti,
2195 1223 2247 1272 et
2279 1219 2546 1273 animam
2597 1233 2792 1272 meam
2846 1216 3081 1287 jamdiu
3138 1217 3453 1289 perditam,
3512 1221 3589 1277 ab

216 1322 382 1384 φωνῆς
433 1314 458 1363 6
511 1314 678 1384 μάγος
750 1315 836 1362 καὶ
898 1309 1073 1362 εἷπεν’
1109 1313 1400 1377 Ἐνίκησας,
1452 1311 1636 1383 ψυχήν
1686 1309 1836 1362 ἀπολ-

1967 1305 2140 1360 nt‘eris
2173 1307 2441 1361 eduxisti.
2473 1307 2629 1361 Sicut
2657 1305 2816 1360 enim
2845 1311 3039 1360 statua
3070 1321 3241 1372 terea,
3303 1324 3432 1379 qum
3457 1310 3585 1380 jam

211 1399 432 1472 λυμένην
491 1399 542 1463 ἐξ
593 1397 727 1470 ᾅδου
789 1399 1058 1471 ἀναγαγών
1130 1419 1140 1428 ·
1192 1403 1364 1474 ὥσπερ
1438 1403 1539 1473 γάρ
1620 1397 1836 1472 ἀνδριὰς

1965 1401 2260 1452 nveterata
2289 1400 2396 1462 est,
2429 1412 2462 1450 a
2493 1395 2664 1450 fabro
2694 1393 2896 1465 aliquo
2930 1394 3188 1465 expolita
3225 1405 3585 1454 renovatur:

210 1491 448 1562 χαλκοῦς
500 1489 811 1549 παλαιωθεὶς
856 1495 945 1540 καὶ
1013 1491 1113 1540 ὑπὸ
1162 1497 1253 1541 τοῦ
1300 1495 1539 1559 τεχνίτου
1573 1490 1834 1558 σμηχθεὶς

1964 1489 2018 1538 ta
2048 1489 2102 1539 et
2133 1500 2225 1539 me
2272 1485 2571 1542 miserum.
2626 1484 2684 1538 in
2737 1483 2911 1537 malis
2973 1483 3383 1555 inveteratum,
3434 1491 3585 1543 Deus

213 1578 604 1642 ἀνακαινοῦται,
652 1579 815 1637 οὕτως
858 1581 952 1629 καὶ
1006 1580 1030 1628 6
1063 1579 1338 1649 ἄνθρωπος
1380 1579 1404 1628 6
1454 1575 1500 1628 ἐν
1531 1584 1706 1636 κακοῖς
1733 1595 1834 1626 πα-

1951 1572 2060 1641 ipse
2092 1589 2198 1628 sua
2229 1573 2420 1641 gratia
2450 1587 2744 1626 renovans
2771 1573 3071 1638 convertit,
3105 1579 3158 1626 et
3199 1574 3274 1628 ad
3328 1575 3576 1631 salutem

209 1665 470 1733 λαιωθεὶς,
509 1666 592 1719 ἐὰν
623 1665 932 1740 ἐπιστρέψῃ,
973 1668 1134 1728 σώζει
1174 1664 1348 1716 αὑτὸν
1376 1666 1400 1716 6
1430 1669 1553 1724 Θεὸς
1577 1672 1638 1736 τῇ
1672 1663 1830 1714 αὐτοῦ

1956 1660 2199 1716 .raduxit
2232 1699 2244 1712 .
2269 1660 2466 1732 Itaque
2496 1659 2794 1715 veneﬁcus
2826 1659 2922 1714 ille
2961 1676 3170 1715 omnes
3211 1678 3351 1717 suos
3394 1662 3581 1719 libros

208 1757 416 1830 χάριτι.
477 1761 602 1808 Τότε
649 1756 674 1806 6
739 1757 927 1826 μάγος
1000 1762 1344 1828 παραχρῆμα
1389 1759 1676 1804 κατέκαυσε
1725 1761 1826 1816 πυρ

1958 1749 2199 1820 nagicos
2230 1748 2349 1819 igni
2379 1748 2728 1814 combussit,
2761 1753 2818 1803 et
2853 1749 3135 1804 omnibus
3160 1749 3337 1805 rebus
3369 1766 3583 1807 renun-

208 1848 386 1908 πάσας
416 1847 508 1907 τὰς
530 1846 762 1917 μαγικάς
797 1843 954 1896 αὐτοῦ
988 1841 1204 1916 βίϐλους
1233 1847 1321 1894 καὶ
1352 1849 1479 1894 πᾶσι
1514 1849 1617 1901 τοῖς
1643 1841 1826 1913 ὑπάρὶ-

1233 1847 1321 1894 καὶ
1352 1849 1479 1894 πᾶσι
1514 1849 1617 1901 τοῖς
1643 1841 1826 1913 ύπάρὶ·
1865 1837 1897 1842 “
1937 1837 2109 1903 tians,
2141 1837 2505 1894 Christianus
2535 1837 2725 1892 factus
2749 1841 2856 1892 est.

206 1937 402 2005 χουσίν
435 1935 592 1987 αὑτοῦ
628 1932 1060 2006 ἀποταξάμενος,
1092 1936 1291 2004 γέγονεν
1322 1935 1651 2004 Χριστιανὸς.

281 2023 352 2080 Δ’.
391 2027 596 2077 Τούτων
672 2021 730 2074 δε
787 2024 1006 2074 πάντων
1077 2022 1236 2080 οὕτως
1286 2024 1584 2092 γενομένων⁹
1642 2021 1731 2090 ἔφη
1798 2020 1823 2052 ⁰

2004 2019 2090 2072 IV.
2120 2019 2266 2074 Cum
2288 2017 2415 2074 hac
2447 2019 2528 2074 ita
2557 2034 2618 2074 se
2644 2017 2949 2084 haberent,
2979 2017 3098 2073 dux
3118 2017 3193 2074 ad
3223 2018 3460 2075 beatum
3493 2020 3579 2076 Vi-

207 2109 336 2174 δοῦξ
388 2122 457 2184 τῷ
492 2116 732 2183 μακαρίῳ
800 2117 1012 2184 Βίκτορι
1057 2127 1068 2138 ·
1105 2108 1348 2161 ἐπίθυσον
1399 2116 1502 2169 τοῖς
1557 2111 1823 2180 μεγίστοις

1948 2111 2155 2162 :torem
2187 2123 2510 2162 conversus
2542 2123 2554 2160 :
2591 2106 3110 2178 Sacriﬁca,inquit,
3131 2106 3242 2162 diis
3275 2108 3573 2175 maximis,

205 2202 357 2261 θεοῖς,
413 2206 501 2252 καὶ
555 2207 704 2270 γενοῦ
760 2197 946 2250 λοιπὸν
1013 2201 1234 2259 συνετός
1285 2202 1374 2249 καὶ
1450 2201 1700 2270 φρόνιμις.
1763 2194 1821 2247 Ὀ

1954 2194 2611 2266 :testoprudens.Victor
2626 2195 2964 2266 respondit:
2987 2196 3104 2266 Ego
3131 2195 3394 2267 prudens
3426 2213 3579 2252 sem-

200 2289 345 2361 ἇγιος
404 2295 602 2363 Βίκτωρ
660 2289 791 2340 εἶπεν
873 2305 884 2316 ·
954 2289 1100 2358 Ἐγὼ
1168 2291 1386 2340 πάντοτε
1465 2291 1666 2346 συνετὸς
1717 2285 1820 2358 εἰμι

1950 2299 2034 2338 )er
2073 2300 2230 2350 sum,
2272 2299 2408 2338 cum
2443 2284 2625 2339 Deum
2661 2299 3050 2354 cognoscam.
3083 2287 3208 2339 Non
3240 2291 3348 2352 est,
3384 2283 3575 2358 inquit

200 2383 286 2432 τὸν
318 2381 446 2430 Θεὸν
499 2377 833 2448 ἐπιγνωσκων
863 2395 874 2408 ·
909 2375 970 2428 Ὀ
1006 2372 1152 2438 δούξ
1180 2375 1316 2428 εἶπεν
1350 2396 1361 2408 ο
1393 2383 1557 2427 Τοῦτο
1585 2376 1679 2426 οῦκ
1709 2378 1818 2434 ἔστι

1944 2371 2540 2443 iux,prudentiae,sed
2556 2372 2808 2427 stultitiae
2832 2373 3086 2441 signum,
3106 2372 3255 2426 nolle
3286 2372 3397 2427 diis
3426 2373 3569 2444 ipsis

206 2471 428 2532 σύνεσις,
485 2466 612 2518 ἀλλά
667 2470 863 2538 μωρία,
919 2467 974 2516 τὸ
1030 2469 1100 2535 μὴ
1183 2463 1463 2536 βούλεσθαι
1523 2467 1656 2514 θύειν
1710 2471 1818 2524 τοῖς

1945 2460 2271 2516 sacriﬁcare.
2305 2461 2390 2516 Ad
2419 2461 2545 2516 haec
2589 2465 2830 2516 sanctus
2869 2460 3112 2516 Victor:
3147 2459 3570 2517 Stulta'mundi

206 2559 358 2619 θεοῖς.
399 2556 457 2608 Ὀ
506 2557 649 2627 άγιος
683 2560 896 2626 Βίκτωρ
949 2550 1083 2606 εἶπεν
1115 2573 1127 2585 ο
1161 2557 1236 2606 Tu
1279 2555 1430 2626 μωρὰ
1479 2559 1568 2604 τοῦ
1615 2557 1812 2623 κόσμου

1944 2547 2094 2618 elegit
2145 2553 2314 2613 Deus,
2375 2553 2438 2604 ut
2485 2549 2781 2621 sapientes
2825 2548 3151 2604 confundat
3190 2551 3230 2602 ¹.
3283 2549 3444 2605 Tunc
3486 2551 3569 2606 ait

207 2645 467 2708 ἐξελέξατο
496 2647 520 2696 6
550 2648 702 2708 Θεὸς,
763 2647 846 2696 ἱνα
892 2647 1014 2704 τοὺς
1063 2647 1249 2714 σοφούς
1292 2644 1647 2713 καταισχύνῃ.
1679 2639 1810 2713 Ἔφη

1942 2636 2040 2692 lux
2095 2653 2108 2691 :
2168 2640 2232 2692 Et
2278 2637 2526 2695 ubinam
2566 2637 2676 2692 hoc
2717 2637 2999 2708 scriptum
3034 2637 3246 2708 legitur
3275 2638 3302 2692 ?
3339 2639 3441 2693 Cui
3483 2654 3567 2694 re-

203 2739 335 2806 πρὸς
385 2735 541 2788 αύτὸν
573 2736 598 2785 ό
631 2731 760 2796 δούξ
795 2749 808 2764 ⁸
853 2739 961 2784 Ποῦ
1008 2737 1308 2805 γέγραπται
1349 2738 1516 2783 ταῦτα
1543 2747 1555 2795 ;
1581 2729 1638 2780 '0
1666 2730 1812 2800 άγιος

1928 2725 2160 2797 spondit
2185 2725 2374 2781 Victor
2407 2742 2419 2780 :
2451 2725 2668 2781 Paulus
2695 2725 2996 2796 apostolus
3028 2741 3136 2780 nos
3162 2726 3286 2781 haec
3333 2727 3553 2785 docuit.

201 2829 401 2896 Βίκτωρ
453 2819 588 2875 εἶπεν
624 2840 635 2851 ·
684 2821 883 2880 Παῦλος
938 2822 963 2871 6
1018 2819 1302 2879 ἀπόστολος
1362 2815 1600 2880 ἐδίδαξεν
1650 2820 1807 2889 ἡμᾶς.

1937 2817 2092 2879 tum,
2122 2815 2312 2885 inquit
2341 2814 2454 2880 ille,
2479 2815 2632 2870 Deus
2664 2821 2789 2870 erat
2847 2814 3058 2870 Paulus
3093 2815 3120 2869 ?
3171 2815 3272 2869 Cui
3328 2815 3522 2871 Victor
3549 2833 3562 2872 :

196 2911 256 2963 '0
291 2908 420 2972 ὃοὺξ
451 2908 585 2963 εἶπεν
636 2931 647 2942 ·
703 2909 907 2960 Οὐκοῦν
964 2911 1094 2968 Θεὸς
1141 2904 1202 2964 ἦν
1249 2909 1274 2957 6
1316 2904 1511 2964 Παῦλος
1544 2904 1639 2969 ;Ὀ
1669 2905 1812 2974 ἅγιος

1943 2902 2153 2956 dinime
2195 2901 2411 2956 Paulus
2442 2905 2590 2957 Deus
2620 2908 2724 2967 est,
2753 2903 2853 2957 sed
2905 2902 3004 2957 Dei
3038 2902 3363 2974 apostolus,
3393 2907 3449 2957 et
3477 2919 3568 2958 sa-

202 3004 398 3071 Βίκτωρ
450 2994 585 3050 εἶπεν
632 3017 644 3029 ·
680 2995 878 3056 Παῦλος
926 2997 1051 3054 Θεὸς
1104 2993 1196 3044 οῦκ
1247 2995 1404 3057 ἔστιν,
1467 2990 1597 3042 ἀλλὰ
1655 3001 1808 3057 Θεοῦ,

1938 2987 2089 3057 )iens
2131 2991 2516 3046 architectus:
2555 2991 2867 3046 aediﬁcavit
2918 2991 3078 3046 enim
3122 3007 3300 3062 super
3356 2990 3563 3047 funda-

201 3087 490 3149 ἀπόστολος
539 3091 627 3138 καὶ
671 3088 828 3157 σοφὸς
880 3082 1234 3156 ἀρχιτέκτων·
1288 3079 1372 3132 ἐπὶ
1421 3083 1520 3154 γὰρ
1551 3089 1621 3150 τῷ
1673 3082 1812 3151 θεμε-

1943 3080 2188 3132 uentum
2214 3079 2377 3150 quod
2433 3080 2693 3150 positum
2735 3079 2922 3135 fuerat
2959 3083 3001 3144 ³,
3035 3083 3092 3134 et
3137 3079 3410 3135 doctrina
3459 3095 3568 3136 sua

198 3177 292 3248 λίῳ
353 3185 425 3247 τῷ
473 3177 668 3228 τεθέντι
709 3170 1020 3244 ᾠκοδόμησε
1058 3176 1146 3223 καὶ
1199 3169 1465 3241 ἐπλήρωσε
1526 3173 1619 3226 τήν
1668 3168 1811 3220 οἰκον

1939 3164 2128 3220 )rbem
2161 3171 2447 3222 terrarum
2490 3168 2736 3238 replevit
2801 3188 2813 3226 :
2875 3169 2977 3240 qui
3024 3185 3160 3224 cum
3211 3168 3564 3240 sapientiam

198 3270 356 3339 μένην
400 3273 496 3324 τῆς
541 3260 786 3334 διδαχῆς
837 3262 1024 3314 αὐτοῦ·
1069 3264 1158 3311 καὶ
1208 3257 1377 3310 λαϐὼν
1435 3261 1615 3328 σοφίαν
1675 3252 1813 3331 παρὰ

1938 3251 2033 3307 sibi
2055 3269 2090 3308 a
2114 3255 2230 3309 Deo
2244 3254 2521 3310 traditam
2536 3255 3215 3326 accepisset,divinarum
3231 3257 3563 3312 Litterarum

202 3361 358 3419 Θεοῦ,
419 3352 573 3424 ἑσχεν
626 3350 677 3404 ἐν
730 3351 895 3420 ἐαυτῷ
925 3352 982 3400 τό
1022 3347 1278 3420 πλήρωμα
1319 3354 1417 3397 τῶν
1475 3351 1685 3417 Γραφῶν
1725 3354 1812 3400 καὶ

1937 3340 2160 3412 plenam
2205 3341 2641 3414 perfectamque
2671 3343 2940 3398 notitiam
2998 3343 3057 3397 in
3117 3360 3179 3398 se
3235 3344 3464 3410 habuit,
3508 3352 3562 3400 et

203 3439 393 3504 ἔδειξεν
425 3437 550 3492 ὁδόν
583 3446 691 3500 τοῖς
741 3439 976 3496 σωθῆναι
1010 3435 1363 3508 βουλομένοις.
1395 3432 1453 3485 '0
1498 3431 1626 3496 δοῦξ
1655 3432 1807 3486 εἶπενο

1934 3429 2032 3495 nis,
2063 3429 2165 3502 qui
2194 3429 2341 3486 salvi
2367 3446 2495 3486 esse
2539 3430 2799 3502 cupiunt,
2854 3431 3012 3486 viam
3071 3431 3349 3487 ostendit.
3400 3435 3559 3488 Tunc

207 3538 416 3584 Παῦσαι
473 3529 649 3580 λοιπὸν
693 3536 784 3588 τῆς
841 3531 1039 3598 μωρίας
1099 3543 1193 3576 σου
1241 3526 1448 3588 ταύτης,
1509 3527 1599 3574 καὶ
1653 3524 1810 3581 θῦσον

1936 3519 2000 3574 tit
2028 3521 2152 3574 dux
2184 3519 2431 3575 :Desine
2457 3519 2514 3574 in
2558 3526 2862 3592 posterum
2918 3520 2994 3575 ab
3041 3521 3158 3576 ista
3216 3521 3452 3576 insania
3507 3525 3561 3576 et

207 3628 316 3682 τοῖς
355 3615 502 3684 θεοῖς,
537 3617 646 3670 ἐπεὶ
679 3617 772 3669 οῦκ
823 3615 1146 3687 ὠφελήσουσί
1179 3633 1236 3666 σε
1278 3615 1344 3664 τά
1387 3613 1599 3685 ῥήματα
1622 3619 1806 3664 ταῦτα.

1944 3606 2029 3662 liis
2061 3607 2365 3673 sacriﬁca;
2396 3624 2514 3663 non
2542 3609 2701 3664 enim
2743 3608 2844 3664 tibi
2887 3609 3210 3680 proderunt
3235 3610 3410 3665 verba
3458 3611 3569 3665 ista

203 3708 262 3761 Ὁ
315 3707 462 3779 ἅγιος
513 3711 710 3777 Βίκτωρ
749 3702 902 3757 εἶπενο
955 3704 1064 3756 Ούκ
1105 3703 1208 3775 εἰμὶ
1255 3705 1443 3775 μωρὸς,
1499 3699 1626 3752 ἀλλὰ
1675 3703 1808 3752 πάνυ

1947 3711 2039 3749 ua.
2074 3697 2342 3763 Manime,
2375 3696 2563 3768 inquit
2597 3697 2816 3765 Victor,
2860 3697 3108 3752 insanus
3138 3713 3248 3768 ego
3274 3713 3432 3764 sum,
3462 3696 3567 3752 sed

209 3801 452 3870 φρόνιμος
526 3799 611 3846 τὸν
671 3802 798 3847 Θεον
859 3814 960 3867 μου
1019 3798 1088 3865 μὴ
1148 3792 1470 3866 ἀρνούμενος·
1531 3795 1697 3864 μωροὶ
1753 3786 1810 3842 δε

1937 3783 2091 3839 ralde
2125 3785 2407 3855 prudens,
2436 3802 2573 3840 cum
2608 3789 2792 3841 Deum
2820 3802 3020 3840 meum
3053 3802 3173 3841 non
3201 3802 3435 3855 negem.
3474 3787 3562 3840 In-

210 3885 313 3938 εἰσι
359 3891 448 3936 καὶ
497 3882 707 3957 ᾇφρονες
755 3885 802 3935 οἱ
847 3882 1118 3943 ἀκούοντές
1151 3900 1244 3932 σου
1275 3884 1364 3930 καὶ
1408 3876 1629 3950 δαίμοσι
1657 3881 1806 3930 θύον-

1949 3873 2047 3928 ani
2084 3879 2138 3929 et
2177 3873 2480 3930 dementes
2524 3880 2681 3941 sunt,
2709 3875 2812 3945 qui
2859 3881 2911 3930 te
2951 3876 3222 3941 audiunt,
3255 3881 3310 3930 et
3344 3876 3567 3931 daamo-

207 3991 302 4034 τες’
351 3977 438 4025 καὶ
488 3975 585 4046 γὰρ
641 3974 666 4024 6
717 3976 888 4045 πατὴρ
941 3971 1081 4042 ύμών
1133 3971 1158 4021 ό
1212 3965 1448 4028 διάϐολος
1497 3965 1585 4020 ἀπ’
1637 3966 1807 4042 ἀρχῆς

1939 3962 2093 4017 libus
2127 3963 2396 4018 victimas
2435 3963 2732 4023 offerunt:
2772 3965 2995 4019 Etenim
3023 3970 3193 4037 pater
3225 3970 3411 4020 vester
3441 3965 3564 4020 dia-

207 4061 441 4134 ψεύστης
487 4063 625 4114 ἐστὶν
673 4066 760 4112 καὶ
813 4065 906 4119 τὴν
961 4059 1202 4116 ἀλήθειαν
1250 4057 1342 4109 οῦκ
1392 4059 1539 4128 ἔγνω,
1598 4058 1666 4116 ὡς
1719 4061 1806 4108 καὶ

1941 4051 2089 4105 )olus
2120 4051 2378 4108 mendax
2420 4058 2525 4117 est,
2558 4058 2614 4108 et
2645 4053 2702 4107 in
2745 4052 2984 4108 veritate
3017 4068 3136 4108 non
3180 4053 3332 4108 stetit
3371 4070 3383 4107 :
3415 4052 3566 4109 sicut

208 4151 350 4222 ὑμεῖς
384 4152 432 4202 οἱ
480 4146 717 4202 διάκονοι
771 4149 949 4202 αὐτοῦ·
1008 4146 1136 4199 ἀλλά
1181 4151 1269 4198 καὶ
1317 4148 1372 4198 αἰ
1419 4142 1635 4218 καρδίαι
1666 4146 1806 4216 ὑμῶν

1938 4145 1974 4194 :t
2027 4155 2148 4203 vos,
2198 4141 2300 4211 qui
2365 4141 2508 4195 estis
2566 4139 2724 4194 illius
2785 4141 3034 4195 ministri
3086 4143 3128 4194 ⁸.
3186 4143 3336 4206 Quin
3387 4141 3563 4198 etiam

205 4245 557 4315 πεπήρωνται,
585 4242 676 4298 τὴν
703 4247 895 4310 γνῶσιν
926 4244 1016 4298 τῆς
1047 4235 1288 4296 ἀληθείας
1321 4238 1392 4306 μὴ
1427 4236 1671 4304 ἔχουσαι.

1938 4226 2101 4282 :orda
2131 4231 2326 4282 vestra
2351 4231 2648 4284 excaecata
2677 4233 2833 4293 sunt,
2862 4228 3117 4284 veritatis
3147 4229 3419 4285 notitiam
3447 4245 3563 4286 non

1917 4313 2222 4369 habenﬁa.

279 4423 346 4472 E‘.
390 4421 516 4470 Τότε
561 4417 814 4488 θυμωθεὶς
861 4416 886 4465 6
940 4410 1069 4474 δοῦ-ξ
1109 4411 1337 4462 ἐκέλευσε
1387 4411 1454 4462 τὰ
1489 4416 1643 4481 νεῦρα
1691 4406 1806 4458 ὅλου
1840 4483 1874 4488 _

1989 4405 2050 4457 V.
2095 4405 2254 4458 Tunc
2281 4401 2478 4458 furore
2523 4419 2807 4459 accensus
2849 4404 2970 4460 dux
3019 4405 3137 4476 ille,
3163 4406 3334 4476 jussit
3385 4406 3560 4462 totius

205 4514 298 4560 τοῦ
336 4513 576 4576 σώματος
627 4504 786 4556 αὐτοῦ
835 4501 1184 4562 ἀποκοπῆναι,
1231 4503 1319 4550 καὶ
1372 4500 1553 4550 τούτου
1604 4499 1804 4568 γενομέ-

1939 4493 2178 4562 :orporis
2212 4492 2484 4563 martyris
2513 4508 2729 4548 nervos
2767 4493 2988 4551 divelli.
3038 4497 3165 4560 Quo
3205 4495 3384 4560 facto,
3417 4495 3564 4551 dixit

206 4615 318 4658 νου,
371 4593 507 4645 εἶπεν
560 4594 584 4645 6
638 4591 782 4660 ἅγιος
839 4595 1056 4663 Βίκτωρ”
1092 4595 1279 4640 Ταῦτα
1331 4588 1505 4638 πάντα
1582 4587 1805 4656 πάσχων

1938 4586 2153 4635 ιδιιοῐιιε
2185 4580 2380 4636 Victor
2412 4597 2424 4634 :
2460 4582 2604 4636 Cum
2645 4583 2846 4638 omnia
2876 4583 3000 4638 haec
3031 4600 3066 4639 a
3099 4589 3152 4638 te
3195 4583 3406 4654 patior,
3427 4583 3563 4638 nul-

209 4685 309 4735 ὑπὸ
345 4689 459 4744 σοῦ,
491 4677 603 4732 οὐδ’
637 4679 759 4739 ὅλως
792 4679 1030 4752 ᾐσθόμην
1065 4672 1368 4748 ἀλγηδονος,
1404 4673 1496 4728 διὰ
1524 4679 1616 4732 τὴν
1647 4675 1806 4748 χάριν

1942 4688 2040 4726 um
2063 4671 2310 4726 omnino
2346 4687 2554 4726 sensus
2583 4671 2847 4727 dolorem
2891 4674 3150 4744 percipio
3178 4681 3421 4745 propter
3466 4673 3562 4728 Dei

208 4779 301 4824 τοῦ
353 4778 484 4823 Θεοῦ
539 4773 630 4827 τὴν
678 4765 1067 4840 ἐνδυναμοῦσάν
1117 4785 1199 4838 με,
1248 4767 1420 4839 ὥσπερ
1453 4766 1553 4838 γάρ
1603 4766 1807 4837 κέντρον

1934 4759 2189 4829 gratiam,
2260 4775 2390 4830 quae
2440 4776 2534 4814 me
2597 4760 2963 4816 corroborat.
3033 4761 3559 4826 Quemadmodum

209 4859 312 4912 ἀπὸ
367 4854 527 4918 ποδὸς
602 4856 929 4930 ἐκφερόμενον
1004 4859 1297 4929 συνεκφέρει
1350 4853 1513 4924 ἐαυτῷ
1569 4856 1660 4910 τὴν
1719 4871 1808 4902 κα-

1937 4849 2073 4903 enim
2107 4845 2348 4904 aculeus
2379 4865 2414 4904 a
2445 4848 2593 4919 pede
2629 4849 2880 4920 alicujus
2909 4849 3168 4915 evulsus,
3205 4865 3409 4904 secum
3443 4865 3562 4906 una

205 4952 432 5020 κουχίαν
508 4952 595 4998 καὶ
651 4953 822 4998 πᾶσαν
878 4950 968 5004 τὴν
1021 4941 1286 5016 ἀλγηδόνα
1347 4947 1435 4994 καὶ
1518 4941 1808 4993 ἀνάπαυσιν

1933 4937 2186 4992 iolorem
2213 4953 2450 4992 omnem
2475 4937 2681 5002 aufert,
2712 4944 2768 4992 et
2796 4938 3027 5009 corpori
3053 4937 3262 4992 deinde
3293 4939 3558 5011 requiem

207 5041 429 5110 παρέχει
484 5044 555 5105 τῷ
609 5041 832 5107 σώματι,
895 5034 1056 5094 οὕτως
1103 5031 1269 5103 κάγὼ,
1313 5041 1411 5083 τῶν
1466 5032 1653 5104 νεύρων
1708 5048 1806 5100 μου

1933 5025 2182 5098 praebet:
2227 5027 2305 5081 ita
2336 5032 2390 5081 et
2419 5042 2549 5096 ego,
2584 5027 2779 5082 nervis
2809 5027 2956 5081 meis
2998 5026 3264 5090 divulsis,
3301 5027 3558 5083 maxime

205 5125 678 5187 ἀποσπασθέντων,
721 5125 853 5175 πάνυ
905 5120 1273 5192 ἀνεπαυσάμην
1325 5117 1415 5172 diu
1447 5125 1538 5177 τὴν
1577 5117 1626 5169 ἐν
1685 5125 1810 5191 Χρι-

1931 5117 2218 5170 recreatus
2259 5131 2411 5179 sum,
2475 5115 2678 5170 divina
2725 5115 2912 5183 gratia
2965 5131 3058 5169 me
3115 5115 3556 5171 corroborante.

206 5223 315 5285 στῷ
356 5218 535 5265 πίστιν
583 5217 672 5264 καὶ
702 5216 790 5269 τὴν
836 5210 1189 5282 ἐνισχύουσάν
1238 5228 1299 5280 με
1327 5210 1508 5282 χάριν,
1560 5212 1686 5259 Τότε
1716 5208 1812 5258 πά·

1935 5207 2076 5260 l‘unc
2102 5204 2219 5259 dux
2247 5205 2437 5274 magis
2469 5205 2782 5275 magisque
2816 5205 3001 5260 iratus
3027 5205 3201 5275 jussit
3225 5205 3421 5260 oleum
3466 5223 3560 5262 ve-

202 5303 281 5356 λιν
341 5304 366 5354 6
437 5299 565 5364 ὃοῦξ
622 5300 702 5353 ἐπὶ
779 5299 948 5352 πλεῖον
992 5298 1274 5370 ὀργισθεὶς,
1335 5297 1588 5349 ἐκέλευσεν
1643 5295 1809 5346 ἔλαιον

1932 5299 2224 5349 nementer
2247 5292 2519 5357 caleﬁeri,
2553 5297 2606 5347 et
2646 5295 2705 5348 in
2740 5296 3005 5349 occultas
3056 5298 3253 5365 partes
3294 5295 3557 5367 corporis

208 5386 454 5467 σφοδρῶς
495 5391 802 5466 πυρωθῆναι
849 5392 937 5440 καὶ
990 5385 1296 5458 ἐπιχεθῆναι
1346 5385 1485 5456 αὐτῷ
1537 5386 1672 5436 κατά
1711 5392 1809 5435 τῶν

1933 5381 2172 5438 nfundi.
2235 5380 2362 5449 Quo
2428 5380 2600 5447 facto,
2655 5380 2866 5437 beatus
2935 5387 3159 5455 martyr
3209 5383 3289 5440 ait
3348 5401 3359 5438 :
3414 5384 3558 5450 Tam

283 5567 353 5624 1I
385 5568 514 5626 Cor.
539 5581 578 5636 1,
605 5569 694 5621 27.
773 5567 794 5600 ³
824 5565 846 5620 Ι
875 5564 1004 5622 Cor.
1028 5578 1110 5633 ιιι,
1155 5562 1238 5630 ll,
1275 5565 1353 5618 t2.
1433 5562 1455 5597 ³
1481 5561 1649 5618 Joan.
1676 5573 1798 5629 vui,
1824 5558 1914 5616 44.
