4114 6262
543 312 649 365 263

1934 284 2209 347 MENSIS
2260 282 2488 345 MAIUS

3824 266 3936 337 265

547 449 726 488 suave
758 431 901 486 mihi
943 430 1174 487 fervens
1216 426 1330 481 hoc
1373 424 1577 478 oleum
1618 420 1811 475 visum
1854 424 1960 483 est,
2004 433 2190 489 quam

2309 424 2540 487 κρυπτῶν
2598 412 2779 485 μελῶν.
2829 416 2930 464 Καὶ
2986 413 3169 463 τούτου
3201 414 3472 483 γενομένου
3530 404 3670 463 εἶπεν
3740 410 3770 460 ὁ
3832 428 3939 480 μα-

548 522 736 592 gelida
791 536 968 591 aqua,
1002 533 1138 571 cum
1178 516 1229 569 ei
1272 514 1462 573 datur,
1512 511 1606 579 qui
1655 514 1888 580 propter
1938 506 2191 561 nimium

548 617 756 663 aestum
802 607 895 661 siti
937 605 1201 659 laborat:
1232 617 1368 656 cum
1405 615 1533 653 eam
1575 597 1734 651 enim
1774 594 1997 657 biberit,
2022 593 2191 647 valde

546 702 861 753 recreatur.
893 697 1052 749 Tunc
1084 692 1203 745 dux
1249 689 1444 744 furore
1478 684 1832 741 intolerabili
1862 688 2188 754 correptus,

541 785 739 857 jussit,
768 785 827 838 in
857 783 1017 850 ligno
1049 786 1371 849 martyrem
1403 773 1708 846 suspendi,
1742 778 1799 828 et
1829 774 2032 843 igneas
2066 771 2192 840 ejus

550 874 783 943 corpori
831 872 987 926 faces
1042 867 1368 924 admoveri.
1419 865 1515 919 Ille
1574 879 1710 917 vero
1765 862 1967 916 divina
2006 860 2193 929 gratia

550 961 741 1029 magis
785 959 1225 1020 corroboratus,
1254 971 1461 1010 earum
1496 950 1844 1022 lampadum
1878 950 2036 1004 faces
2070 963 2193 1002 non

552 1048 867 1103 sentiebat.
909 1049 1036 1101 Mox
1085 1045 1161 1099 ad
1200 1044 1369 1097 illum
1420 1042 1534 1095 dux
1572 1057 1584 1094 :
1620 1039 1918 1102 Sacriﬁca,
1980 1038 2191 1109 inquit,

550 1136 791 1202 diis,diu
833 1135 993 1189 enim
1026 1138 1079 1187 te
1134 1132 1360 1203 pertuli.
1418 1129 1740 1201 Respondit
1792 1128 1985 1183 Victor
2030 1142 2041 1180 ε
2095 1125 2196 1179 Mi-

549 1225 708 1279 nime
757 1224 971 1278 faciam
1031 1220 1193 1292 quod
1250 1228 1309 1273 tu
1360 1220 1463 1281 vis,
1506 1217 1608 1271 sed
1661 1215 1825 1287 quod
1874 1215 1996 1269 vult
2044 1216 2195 1269 Deus

552 1329 751 1367 meus:
779 1326 959 1383 quem
992 1325 1219 1380 precor,
1253 1312 1316 1362 ut
1354 1305 1713 1362 sacriﬁcium
1766 1319 1986 1376 purum
2018 1310 2195 1374 atque

550 1407 782 1456 castum
813 1400 1098 1470 meipsum
1140 1397 1219 1450 illi
1258 1394 1464 1450 offerre
1495 1393 1739 1465 possim,
1789 1392 1849 1448 in
1878 1392 2049 1462 cujus
2094 1408 2198 1463 po-

554 1494 763 1545 testate
792 1489 994 1543 anima
1014 1491 1071 1541 et
1092 1501 1305 1557 corpus
1328 1500 1528 1539 meum
1560 1488 1663 1538 est.

623 1756 719 1810 Vl.
766 1756 924 1809 Tunc
949 1752 1125 1824 jussit
1156 1765 1451 1807 venenum
1480 1765 1617 1804 cum
1647 1751 1813 1803 aceto
1862 1746 2107 1802 mistum
2137 1746 2195 1800 in
2230 1760 2273 1816 Β

553 1845 681 1915 ejus
712 1844 911 1897 fauces
954 1841 1135 1911 injici.
1172 1845 1242 1895 At
1276 1839 1489 1894 beatus
1522 1837 1713 1891 Victor
1740 1837 1845 1895 ait:
1880 1841 2119 1891 Acetum
2144 1841 2200 1890 et

553 1948 849 1987 venenum
878 1931 990 1985 hoc
1016 1929 1160 1984 mihi
1202 1928 1431 1981 videtur
1453 1926 1571 1981 mel
1591 1931 1645 1980 et
1667 1925 1831 1980 favus
1848 1924 2076 1980 esse.ld
2096 1941 2198 1978 au-

554 2026 671 2075 tem
712 2020 848 2074 facit
883 2020 1143 2074 Christus
1198 2016 1337 2087 ipse.
1374 2016 1511 2069 Cum
1546 2019 1744 2068 autem
1786 2014 1908 2068 dux
1946 2013 2197 2068 liberam

554 2108 681 2179 ejus
711 2108 1042 2163 orationem
1073 2120 1194 2159 non
1244 2103 1432 2170 ferret,
1464 2102 1620 2156 illius
1652 2102 1848 2157 oculos
1878 2100 2196 2172 compungi

547 2196 754 2268 jussit.
791 2194 897 2251 Cui
920 2195 1066 2249 dixit
1106 2193 1304 2247 Victor
1333 2208 1344 2246 :
1373 2194 1517 2247 Cum
1562 2194 1825 2261 corporis
1866 2190 1979 2245 mei
2009 2191 2197 2244 visum

555 2285 959 2347 excaecaveris,
1002 2288 1140 2337 tunc
1174 2280 1438 2335 interiori
1480 2280 1694 2335 animae
1736 2294 1913 2334 sensu
1965 2278 2196 2334 acutius

554 2373 769 2428 videbo
784 2416 796 2428 .
825 2372 1096 2443 Corporei
1111 2369 1271 2425 enim
1286 2367 1442 2424 oculi
1457 2367 1663 2422 mundi
1678 2367 1853 2438 hujus
1867 2368 2195 2422 vanitatem

554 2463 892 2534 aspiciunt:
946 2466 1004 2515 at
1054 2458 1244 2513 cordis
1288 2458 1444 2513 acies
1486 2473 1688 2512 veram
1726 2455 1889 2512 illam
1939 2456 2197 2511 intuetur

554 2551 766 2607 lucem.
798 2549 970 2620 Cogis
994 2564 1107 2613 me,
1146 2546 1337 2618 inquit
1365 2546 1713 2607 dux,multa
1749 2551 1803 2598 et
1839 2560 2061 2613 magna
2088 2551 2198 2598 tor-

556 2646 759 2695 menta
797 2638 899 2693 tibi
940 2636 1181 2690 afferre:
1219 2637 1281 2688 Et
1321 2650 1430 2703 ego
1470 2633 1688 2703 gratias
1728 2648 1841 2701 ago
1882 2634 2001 2687 Deo
2042 2648 2196 2700 meo,

554 2728 659 2799 qui
697 2726 1038 2782 facultatem
1077 2730 1133 2778 et
1168 2722 1351 2778 robur
1400 2721 1545 2776 mihi
1594 2726 1835 2792 praestat
1868 2720 2198 2776 sustinendi

556 2819 852 2871 tormenta
890 2820 1016 2869 tua.
1075 2814 1142 2867 Ut
1169 2811 1343 2881 igitur
1378 2810 1536 2873 libet,
1580 2825 1674 2864 me
1724 2809 1969 2879 crucies,
2009 2826 2198 2881 neque

554 2904 670 2959 ulla
696 2903 755 2957 in
795 2918 855 2957 re
883 2900 1028 2956 mihi
1062 2915 1303 2971 parcas:
1334 2903 1575 2970 paratus
1631 2898 1789 2954 enim
1822 2914 1953 2952 sum
1986 2914 2197 2954 omnes

554 3006 875 3055 aerumnas,
934 3002 1324 3061 quascunque
1408 2986 1551 3041 mihi
1604 2986 1884 3053 attuleris,
1947 2987 2198 3044 libenter

553 3084 802 3157 perpeti,
830 3084 948 3137 Deo
973 3082 1101 3153 ipso
1139 3079 1283 3135 mihi
1350 3080 1505 3134 vires
1559 3084 1937 3149 suggerente.

2301 507 2481 578 κάριος
2539 508 2732 576 Βίκτωρ
2788 520 2799 532 ·
2860 502 3035 562 Οὕτως
3086 521 3174 573 μοι
3240 505 3298 553 τὸ
3376 500 3675 575 ἒκπυρωθὲν
3766 506 3934 551 τοῦτο

2300 594 2465 646 ὒιαιόν
2519 591 2679 655 ἐστιν,
2717 594 2888 665 ὥσπερ
2930 588 3073 661 ὕδωρ
3130 588 3278 643 δοθὲν
3328 591 3525 643 ἐλθόντι
3565 592 3671 641 ἀπὸ
3705 591 3936 639 xanimo-

2300 687 2381 744 νός
2433 702 2534 732 τινι
2593 678 2817 751 διψῶντι
2860 686 2948 732 καὶ
2988 684 3178 745 πιόντι,
3235 686 3321 733 καὶ
3364 678 3716 750 ἀναψύξαντι.
3757 678 3821 730 Ὀ
3872 675 3931 729 σ”ε

2303 769 2431 834 ὃόυξ
2490 773 2635 841 θυμῷ
2692 768 3038 840 ἁκατασχέτῳ
3097 771 3397 841 συσχεθεὶς,
3452 768 3720 821 ἐκέλευσεν
3768 766 3931 819 πάλιν

2302 862 2659 934 κρεμασθῆναι
2691 859 2843 911 αὐτόν
2898 859 2946 910 ἐν
2998 867 3068 928 τῷ
3109 858 3240 930 ξύλῳ
3283 863 3372 911 καὶ
3420 854 3710 930 λαμπάδας
3758 861 3929 929 πυρός

2302 951 2717 1024 προσενεχθῆναι
2773 956 2843 1017 τῷ
2914 954 3118 1018 σώματι
3176 949 3355 999 αὐτοῦ.
3414 946 3472 999 Ὀ
3530 944 3589 999 δὲ
3647 949 3931 1019 μακάριος

2304 1044 2499 1111 Βίκτωρ
2544 1045 2708 1089 ταῦτα
2762 1039 2989 1107 πάσχων
3034 1034 3148 1088 οὐδ’
3199 1036 3321 1096 ὅλως
3354 1036 3611 1107 ᾐσθάνετο
3654 1043 3765 1085 τῶν
3795 1034 3925 1105 λαμ-

2303 1123 2504 1192 πάδων,
2585 1125 2692 1177 ἀλλ’
2748 1122 3122 1197 ἐνεδυναμοῦτο
3178 1125 3325 1177 πλέον
3384 1127 3483 1176 ὑπό
3541 1133 3633 1184 τῆς
3687 1127 3929 1197 χάριτος

2304 1224 2393 1267 τοῦ
2449 1223 2601 1268 Θεοῦ.
2654 1217 2798 1267 Μετὰ
2829 1211 2887 1266 δὲ
2931 1222 3095 1266 ταῦτα
3145 1210 3278 1265 εἶπεν
3324 1214 3463 1283 αὐτῷ
3495 1214 3519 1264 ό
3553 1210 3688 1275 δούξ
3723 1231 3737 1242 ο
3780 1213 3929 1265 Ἐπί-

2307 1306 2463 1357 θυσον
2520 1303 2922 1355 λοιπόν-πολλὰ
2976 1306 3075 1376 γὰρ
3138 1322 3231 1355 σου
3301 1303 3625 1373 ἠνεσχόμην.
3670 1300 3733 1354 Ὀ
3768 1302 3925 1372 ἅγιος

2308 1398 2504 1466 Βίκτωρ
2536 1390 2669 1445 εἶπεν
2703 1410 2714 1420 '
2747 1392 2822 1443 Οὐ
2862 1395 2920 1443 τό
2968 1396 3056 1443 σόν
3090 1391 3287 1463 θέλημα
3336 1400 3487 1457 ποιῶ,
3522 1390 3657 1443 ἀλλὰ
3704 1395 3769 1442 τό
3828 1400 3925 1443 τοῦ

2306 1488 2431 1535 Θεοῦ
2464 1502 2584 1554 μου,
2619 1488 2705 1534 καὶ
2725 1485 2951 1553 εὔχομαι
2982 1489 3336 1553 προσαγαγεῖν
3363 1480 3502 1550 αὐτῷ
3528 1482 3723 1532 θυσίαν
3754 1482 3925 1531 καθαο

2305 1574 2397 1645 ραν
2427 1576 2516 1622 καὶ
2546 1570 2701 1641 ἁγνὴν
2733 1569 2959 1642 ἐμαυτῷ,
2989 1572 3067 1622 ότι
3095 1570 3249 1632 αὐτός
3279 1575 3367 1622 καὶ
3391 1569 3580 1642 ψυχῆς
3606 1574 3701 1622 καὶ
3734 1574 3925 1641 σώμα-

2305 1680 2388 1721 τος
2416 1659 2730 1723 ἐξουσιάζει.

2380 1750 2450 1813 ς’.
2490 1753 2587 1801 Καὶ
2631 1748 2887 1800 ἐκελευσεν
2927 1747 3077 1799 πάλιν
3131 1744 3316 1810 όδοὺξ
3364 1751 3535 1798 κονίαν
3580 1749 3717 1819 μετά
3766 1748 3927 1809 ὄξους

2309 1838 2379 1899 εἰς
2420 1841 2485 1889 τὰ
2538 1836 2807 1911 βραγχεῖα
2843 1838 3002 1888 αὑτοῦ
3058 1836 3379 1907 ἐμϐληθῆναι
3412 1857 3423 1868 ο
3457 1840 3544 1887 καὶ
3584 1839 3784 1887 τοῦτου
3836 1856 3921 1907 γε·

2306 1932 2514 1999 νομένου
2556 1928 2579 1977 6
2630 1926 2778 1996 ἅγιος
2824 1931 3018 1999 Βίκτωρ
3062 1921 3196 1977 εἶπεν
3244 1944 3256 1957 '
3310 1928 3378 1977 T6
3425 1924 3533 1986 ὄξος
3573 1930 3664 1976 καὶ
3695 1927 3726 1982 ἡ
3765 1932 3925 1977 κονίει

2306 2018 2418 2087 ἐμοὶ
2466 2018 2637 2087 ὧσπερ
2693 2015 2805 2086 μελι
2858 2019 2945 2065 καὶ
2994 2018 3176 2086 κηρίον
3235 2013 3337 2065 εἰσὶ
3371 2011 3461 2065 διὰ
3509 2018 3596 2065 τόν
3652 2021 3919 2086 Χριστόν.

2305 2110 2429 2157 Τότε
2476 2108 2546 2176 μῆ
2605 2108 2765 2176 φέρων
2823 2108 2915 2161 τῆν
2959 2102 3254 2177 παρρησίαν
3308 2104 3469 2154 αὑτοῦ
3519 2104 3544 2154 ό
3592 2099 3749 2167 δοὺξ,
3816 2103 3921 2156 ἐκέ-

2305 2192 2453 2245 λευσε
2483 2197 2600 2253 τοὺς
2627 2192 2919 2264 ὀφθαλμοὺς
2973 2193 3131 2244 αὐτοῦ
3178 2191 3542 2249 ἐκκεντηθῆναι
3582 2208 3594 2220 ⁸
3634 2198 3729 2243 καὶ
3784 2193 3920 2264 λέγει

2307 2282 2444 2352 αὐτῷ
2499 2284 2523 2333 6
2568 2282 2715 2352 ἅγιος
2761 2286 2957 2353 Βίκτωρ
3013 2299 3023 2309 ·
3067 2280 3177 2332 "Or"
3237 2278 3295 2331 ἂν
3362 2285 3454 2339 τὴν
3503 2287 3594 2332 τοῦ
3664 2288 3919 2353 σώματος

2306 2376 2558 2443 πηρῶσῃς
2608 2372 2808 2444 ὅρασιν,
2840 2374 2953 2420 τότε
3006 2365 3100 2420 διὰ
3147 2377 3236 2429 τῆς
3289 2365 3433 2420 ἔνδον
3482 2370 3715 2441 ὁράσεως
3767 2370 3916 2423 πλέον

2307 2461 2408 2531 όρῶ
2461 2467 2568 2519 τοῖς
2606 2465 2697 2519 τῆς
2753 2458 2941 2528 ψυχῆς
2995 2456 3291 2528 ὀφθαλμοῖς,
3343 2460 3408 2517 ὡς
3460 2455 3596 2509 εἶπεν
3652 2461 3913 2530 Πέτροςό

2307 2549 2453 2619 ἅγιος
2496 2546 2801 2611 ἀπόστολος,
2861 2548 2940 2597 ὅτι
3000 2566 3027 2597 ‹‹
3089 2547 3205 2599 Ἐὰν
3254 2552 3615 2604 κατανοῆσητε
3676 2551 3765 2599 τόν
3816 2558 3915 2609 τῆς

2307 2639 2488 2709 ψυχῆς
2518 2636 2800 2707 ὀφθαλμόν,
2851 2635 2909 2686 οὗ
2957 2639 3141 2705 χρείαν
3177 2637 3322 2705 ἔχετε
3367 2643 3465 2686 τῶν
3507 2634 3783 2707 ὀφθαλμῶν
3816 2645 3908 2688 τοῦ

2312 2733 2545 2797 σώματος
2574 2742 2585 2753 ·
2620 2727 2667 2775 οἱ
2696 2726 2795 2798 γὰρ
2839 2722 3091 2795 ὀφθαλμοὶ
3138 2730 3227 2774 τοῦ
3281 2729 3521 2795 σώματος
3557 2722 3800 2795 βλέπουσι
3833 2729 3898 2775 τὰ

2307 2819 2505 2887 μάταια
2547 2821 2637 2865 τοῦ
2677 2818 2876 2885 κόσμου
2922 2815 3129 2877 τούτου,
3179 2814 3227 2864 οἱ
3272 2809 3331 2864 δε
3376 2812 3635 2884 ὀφθαλμοὶ
3660 2821 3741 2874 τῆς
3767 2833 3888 2888 καρ-

2309 2901 2430 2965 δίας
2480 2907 2532 2955 τό
2587 2911 2688 2975 φῶς
2734 2906 2791 2954 τό
2844 2900 3083 2958 ἀληθινόν
3127 2902 3334 2973 ὁρῶσιν.
3376 2924 3395 2949 ι
3446 2900 3505 2953 Ὀ
3552 2899 3679 2965 δουξ
3720 2898 3844 2954 εἶπεν
3874 2920 3887 2932 ·

2304 2992 2641 3065 Ἀναγκάζεις
2693 3010 2754 3063 με
2823 2989 3013 3051 πολλὰς
3076 2994 3164 3042 καὶ
3220 2989 3448 3061 μεγάλας
3505 3009 3590 3042 σοι
3652 2991 3903 3044 ἐπιθεῖναι

2309 3082 2562 3143 κολάσεις.
2614 3080 2674 3133 Ὁ
2725 3080 2869 3151 ἅγιος
2940 3083 3135 3150 Βίκτωρ
3217 3086 3373 3134 εἶπεν.
3454 3078 3777 3151 Εὐχαριστῶ
3836 3090 3907 3150 τῷ

554 3179 668 3243 Θεῷ
708 3191 806 3244 μου
849 3178 920 3241 τῷ
972 3169 1312 3241 ἐνισχύσαντί
1359 3187 1422 3241 με
1468 3170 1733 3240 ὑπομένειν
1775 3170 1863 3230 τὰς
1921 3169 2183 3243 βασάνους
2240 3190 2353 3225 σου·
2420 3174 2486 3232 ὡς
2537 3166 2623 3222 οὖν
2671 3169 2845 3234 θελεις,
2900 3168 3086 3228 κόλαζέ
3141 3186 3203 3240 με
3251 3172 3341 3219 καὶ
3397 3172 3468 3239 μή
3528 3188 3628 3241 μου
3703 3166 3911 3241 φείδου,

553 3263 755 3333 ἕτοιμος
801 3263 902 3332 γάρ
947 3259 1052 3332 εἰμι
1108 3260 1276 3312 πάντα
1331 3262 1481 3310 πόνον
1539 3258 1638 3310 ὑπὸ
1697 3266 1791 3310 σοῦ
1846 3258 2158 3332 ἐπαγόμενον
2217 3281 2307 3335 μοι
2358 3262 2649 3331 ὑπομεῖναι,
2705 3264 2797 3310 τοῦ
2846 3264 2978 3309 Θεοῦ
3028 3275 3117 3328 μοι
3168 3260 3490 3331 παρέχοντος
3548 3253 3776 3330 δύναμιν
3825 3263 3915 3310 καὶ

554 3351 835 3422 ὑπομονὴν.

625 3439 737 3493 Vll.
765 3438 924 3491 Tunc
955 3435 1036 3490 ait
1063 3434 1183 3489 dux
1216 3453 1227 3490 :
1264 3434 1615 3506 Suspendite
1653 3434 1961 3490 hominem
2016 3436 2196 3492 istum
2228 3437 2268 3493 C

553 3529 743 3599 capite
772 3527 829 3581 in
864 3532 1082 3581 terram
1114 3526 1406 3589 revoluto,
1439 3524 1642 3596 quoad
1684 3526 1925 3595 sanguis
1966 3542 2037 3581 ex
2069 3527 2197 3598 ejus

551 3616 797 3672 naribus
851 3614 909 3668 in
948 3621 1163 3668 terram
1202 3612 1449 3668 deﬂuat.
1518 3612 1616 3667 Illo
1676 3612 1850 3681 igitur
1906 3631 2197 3685 suspenso

551 3704 765 3760 milites
796 3702 1215 3765 discesserunt,
1238 3716 1494 3770 eumque
1522 3708 1638 3754 tres
1667 3701 1793 3755 dies
1833 3704 1914 3756 ita
1958 3718 2199 3773 suspen-

552 3808 687 3848 sum
718 3789 1184 3860 dereliquerunt.
1225 3791 1371 3842 Cum
1401 3802 1534 3842 vero
1566 3789 1765 3842 tertius
1793 3788 1918 3843 dies
1967 3795 2199 3861 praeter-

549 3879 734 3943 iisset,
766 3878 899 3934 illuc
929 3875 1164 3939 reversi,
1203 3891 1340 3930 cum
1371 3875 1571 3929 vivum
1602 3876 1979 3946 reperissent,
2017 3894 2199 3950 quem

548 3973 851 4025 mortuum
883 3965 1061 4020 fuisse
1096 3963 1483 4027 crediderant,
1515 3964 1713 4019 statim
1745 3967 2027 4022 excaacati
2061 3972 2201 4023 sunt

550 4058 663 4114 Sed
701 4058 911 4112 beatus
936 4054 1127 4111 Victor
1173 4053 1579 4109 misericordia
1606 4060 1972 4122 commotus,
2006 4056 2193 4111 Deum

551 4162 754 4203 orans:
806 4145 868 4199 In
900 4143 1163 4213 nomine,
1210 4141 1417 4215 inquit,
1461 4140 1692 4198 Domini
1722 4143 1837 4198 mei
1870 4144 2010 4200 Jesu
2040 4145 2201 4201 Chri-

551 4236 625 4291 sti
679 4233 879 4289 visum
928 4232 1187 4304 recipite.
1228 4231 1432 4302 Itaque
1480 4231 1745 4288 restituta
1788 4233 2075 4289 militibus
2117 4234 2201 4289 vi-

550 4322 729 4379 dendi
763 4321 1051 4386 facultate,
1090 4320 1360 4375 abierunt
1391 4319 1493 4385 illi,
1527 4328 1584 4375 et
1623 4320 1764 4375 duci
1807 4322 2029 4386 omnia,
2060 4339 2195 4394 qua;

549 4408 704 4466 facta
734 4410 983 4473 fuerant,
1022 4410 1362 4463 retulerunt.
1402 4410 1563 4461 Tunc
1606 4408 1705 4462 ille
1766 4410 1955 4478 magis
2013 4411 2195 4465 iratus

551 4504 659 4565 est,
693 4504 749 4553 et
788 4498 1072 4553 militibus
1112 4496 1413 4565 praecepit,
1460 4501 1521 4550 ut
1558 4496 1851 4550 Victorem
1920 4498 2200 4569 deglube-

548 4592 700 4644 rent.
736 4586 837 4642 Cui
864 4586 1073 4640 beatus
1113 4590 1381 4655 martyr:
1451 4584 1622 4647 Licet,
1671 4585 1881 4655 inquit,
1938 4590 2199 4657 corporis

548 4675 765 4747 pellem
791 4672 1128 4736 abstuleris,
1164 4677 1420 4725 mentem
1445 4677 1644 4726 tamen
1671 4672 1865 4743 ipsam
1895 4680 1951 4728 et
1980 4676 2200 4747 cogita-

2376 3434 2448 3490 Z'.
2500 3440 2624 3488 Τότε
2667 3436 2692 3486 6
2737 3430 2865 3496 δοὺξ
2916 3432 3145 3487 ἐκέλευσε
3188 3437 3550 3508 κρεμασθῆναι
3600 3436 3759 3487 αὐτόν
3815 3456 3915 3489 κα-

2307 3524 2587 3596 τακέφαλα,
2646 3526 2736 3585 ἕως
2790 3521 2849 3573 ἂν
2906 3526 2959 3575 ἐκ
3004 3532 3101 3574 τῶν
3149 3522 3301 3596 ῥινῶν
3354 3523 3512 3576 αὐτοῦ
3566 3526 3699 3597 αἷμα
3749 3525 3907 3600 ῥεῦσπ

2310 3614 2393 3667 ἐπὶ
2446 3619 2537 3672 τὴν
2576 3620 2693 3685 γῆνο
2745 3617 2833 3664 καὶ
2878 3612 3121 3673 ἐάσαντες
3165 3612 3317 3664 αὐτόν
3349 3614 3396 3663 οἱ
3438 3622 3765 3685 στρατιῶται
3798 3635 3898 3686 κρε-

2308 3706 2549 3776 μάμενον,
2608 3702 2835 3760 ἀπῆλθον
2912 3693 2996 3753 ἀπ’
3050 3703 3208 3752 αὑτοῦ
3290 3703 3379 3762 ἕως
3444 3704 3650 3775 ἡμερῶν
3729 3713 3895 3776 τριῶνδ

2308 3796 2437 3865 μετὰ
2499 3789 2556 3844 δὲ
2626 3795 2683 3843 τό
2736 3790 2877 3852 τέλος
2945 3798 3043 3841 τῶν
3104 3798 3255 3863 τριῶν
3307 3790 3509 3865 ἡμερῶν
3564 3797 3913 3865 παρεγένοντο

2308 3886 2434 3955 πρός
2483 3881 2656 3945 αὐτόν,
2688 3880 2982 3951 νομίζοντες
3032 3878 3185 3930 αὐτόν
3215 3874 3322 3937 ἤδη
3357 3880 3616 3931 τεθνάναιο
3653 3884 3745 3932 καὶ
3796 3884 3913 3934 θεα-

2313 3974 2523 4041 σάμενοι
2580 3968 2731 4020 αὐτόν
2786 3975 3118 4042 παραχρῆμα
3174 3966 3558 4038 ἐτυφλώθησαν,
3610 3968 3917 4040 Σπλαγχνι-

2311 4061 2452 4118 σθεὶς
2501 4054 2559 4110 δὲ
2601 4055 2678 4108 ἐπ’
2727 4056 2898 4116 αὐτοῖς
2938 4057 2962 4106 6
3014 4053 3160 4126 ἅγιος
3212 4060 3406 4129 Βίκτωρ
3438 4061 3526 4108 καὶ
3558 4058 3918 4129 προσευξάτε-

2308 4166 2391 4207 νος
2443 4144 2594 4198 εἶπενο
2656 4147 2737 4198 Ἐν
2785 4153 2855 4215 τῷ
2915 4143 3125 4215 ὀνόματι
3179 4151 3267 4196 τοῦ
3326 4148 3518 4217 Κυρίου
3572 4164 3672 4216 μου
3727 4147 3920 4204 Ἰησοῦ

2308 4242 2561 4310 Χριστοῦ,
2610 4230 2682 4286 δι’
2737 4236 2788 4285 ὅν
2847 4232 2945 4304 ἐγὼ
2990 4228 3170 4285 ἐνθάδε
3218 4236 3506 4305 κρέμαμαι,
3564 4232 3915 4305 ἀναϐλέψατεο

2310 4327 2374 4375 Οἱ
2432 4321 2490 4377 δὲ
2556 4331 2873 4395 στρατιῶται
2948 4320 3323 4390 ἀναϐλέψαντες
3396 4330 3733 4396 παραχρῆμα
3822 4330 3919 4377 καὶ

2310 4411 2603 4473 ἀπελθόντες
2656 4409 2971 4483 ἀπήγγειλαν
3024 4419 3095 4479 τῷ
3149 4404 3301 4461 δουκὶ
3359 4411 3529 4461 πάντα
3586 4413 3650 4462 τὰ
3698 4429 3919 4482 γεγενη-

2308 4506 2452 4575 μένα.
2509 4506 2606 4554 Καὶ
2654 4501 2917 4572 ὀργισθεὶς
2957 4500 2981 4549 ό
3033 4495 3159 4559 δοὺξ
3202 4495 3457 4550 ἐκέλευσεν
3505 4498 3662 4549 αὐτόν
3714 4496 3919 4571 ἐκδαρ-

2311 4593 2461 4649 θῆναι
2518 4592 2632 4641 καθ’
2700 4590 2815 4640 ὅλου
2874 4595 2964 4638 τοῦ
3020 4592 3255 4657 σώματος
3329 4606 3426 4657 μου
3484 4583 3641 4659 δορὰν
3699 4587 3917 4658 ἀφέλῃς,

2310 4685 2525 4751 Βίκτωρ’
2572 4678 2629 4731 Εἰ
2676 4682 2765 4727 καὶ
2811 4680 2902 4733 τὴν
2934 4684 3022 4727 τοῦ
3074 4680 3313 4746 σώματός
3344 4695 3442 4746 μου
3490 4672 3648 4749 δορὰν
3696 4674 3918 4747 ἀφέλῃς,

549 4768 740 4821 tiones
766 4780 933 4819 meas
957 4778 1076 4817 non
1100 4760 1432 4831 superabis.
1472 4760 1631 4816 Tunc
1663 4762 1861 4817 militis
1879 4763 2191 4834 cujusdam

2311 4768 2438 4820 ἀλλὰ
2483 4769 2616 4819 κατὰ
2661 4774 2750 4818 τοῦ
2776 4765 3029 4836 λογισμοῦ
3061 4769 3283 4823 ποιῆσαί
3329 4784 3379 4815 τι
3410 4764 3465 4816 οὐ
3497 4761 3746 4818 δύνασαι.
3783 4770 3923 4816 Τότε

550 4868 720 4919 uxor,
762 4853 1059 4923 Stephana
1090 4850 1348 4915 nomine,
1402 4865 1537 4904 cum
1583 4851 1698 4907 illic
1730 4868 1986 4923 praesens
2022 4862 2194 4922 esset,

549 4958 741 4998 annos
799 4941 1095 4997 sexdecim
1150 4945 1310 5003 nata,
1366 4954 1508 4995 voce
1580 4956 1800 5010 magna
1875 4942 2194 5000 clamavit:

550 5030 757 5085 Beatus
786 5047 867 5095 es,
897 5029 1109 5097 Victor,
1142 5033 1198 5083 et
1239 5028 1417 5083 beata
1448 5036 1583 5083 sunt
1619 5045 1797 5101 Opera
1838 5036 1939 5088 tua
1974 5037 2196 5088 sancta.

553 5118 916 5173 Sacriﬁcium
950 5124 1117 5174 tuum
1178 5119 1290 5172 Deo
1348 5122 1655 5189 acceptum
1697 5125 1801 5185 est,
1871 5125 1932 5175 ut
2004 5121 2201 5176 Abelis

551 5204 811 5267 victima.
843 5208 1126 5277 quoniam
1182 5206 1437 5277 teipsum
1484 5206 1744 5262 obtulisti
1803 5214 1961 5264 recto
2002 5210 2200 5265 corde.

558 5294 649 5349 Sic
673 5294 824 5347 Deus
875 5300 929 5349 te
990 5295 1235 5366 accepit,
1283 5298 1345 5349 ut
1408 5294 1607 5351 Enoch
1646 5296 1811 5351 illum
1863 5296 2058 5352 virum
2111 5299 2201 5367 ju-

556 5383 733 5445 stum,
775 5380 877 5452 qui
930 5383 1248 5437 translatus
1305 5389 1410 5448 est,
1479 5400 1552 5438 ne
1611 5388 1870 5451 gustaret
1928 5392 2199 5452 mortem,

556 5468 997 5539 quoadcertum
1026 5472 1261 5540 tempus
1286 5471 1649 5539 praeterierit.
1672 5474 1868 5527 Justus
1888 5472 2082 5528 factus
2113 5490 2198 5541 es,

558 5558 625 5637 ut
650 5556 789 5624 Noe,
820 5555 1111 5614 bonorum
1162 5572 1410 5630 operum
1435 5556 1723 5615 fructibus
1768 5560 2034 5618 refertus.
2066 5561 2202 5618 Per-

2309 4863 2433 4929 γυνῆ
2477 4874 2551 4915 τις
2611 4859 2931 4927 στρατιώτου
2979 4857 3111 4912 τινός
3158 4851 3211 4903 ἐκ
3259 4859 3347 4912 τῆς
3379 4852 3537 4903 αὑτοῦ
3577 4852 3924 4924 παρεμϐολῆς

2311 4945 2523 5017 ὀνόματι
2576 4948 2834 5014 Στεφανὶς,
2882 4941 3045 4993 ἐκεῖσε
3088 4948 3423 5013 παρεστῶσα,
3480 4937 3614 4992 οὖσα
3659 4944 3728 5001 ὡς
3784 4942 3923 4992 ἐτῶν

2312 5030 2607 5097 ἑξκαίδεκα,
2667 5030 2911 5087 ἀνεϐόησε
2964 5030 3208 5101 λέγουσα·
3262 5030 3534 5103 Μακάριος
3587 5026 3649 5093 εἷ,
3685 5034 3919 5101 Βίκτωρ,

2310 5127 2399 5173 καὶ
2430 5122 2777 5194 παμμακάρια
2815 5121 2880 5170 τὰ
2926 5121 3052 5190 ἔργα
3092 5137 3184 5169 σου
3230 5120 3295 5169 τὰ
3341 5116 3487 5188 ἅγια·
3540 5114 3919 5189 προσδεχθείη

2315 5229 2408 5263 σου
2440 5211 2468 5267 ἡ
2516 5210 2676 5260 θυσία
2714 5210 2776 5267 ὡς
2827 5210 2855 5265 ἡ
2899 5208 3055 5258 θυσία
3085 5214 3175 5258 τοῦ
3201 5204 3375 5271 Ἀϐελ,
3422 5208 3501 5257 ὅτι
3544 5212 3926 5279 προσήνεγκας

2312 5295 2486 5349 ἑαυτὸν
2519 5294 2565 5347 ἐν
2614 5296 2858 5353 εὐθύτητι
2888 5292 3129 5369 καρδίας·
3182 5300 3269 5346 καὶ
3301 5295 3325 5344 6
3378 5298 3505 5354 Θεὸς
3555 5291 3925 5369 προσεδέξατο

2313 5386 2376 5444 ὡς
2405 5387 2577 5455 Ἐνὼχ
2620 5388 2704 5435 τόν
2739 5381 2962 5448 δίκαιον,
3018 5385 3073 5444 ὃς
3101 5384 3361 5455 μετετέθη,
3415 5384 3496 5433 ἵνα
3526 5388 3596 5454 μὴ
3652 5386 3926 5455 γεύσηται

2316 5475 2534 5525 θανάτου
2574 5481 2663 5525 τοῦ
2710 5472 2892 5533 αἰῶνος
2933 5490 3141 5536 τουτου,
3173 5472 3263 5532 ἕως
3311 5471 3372 5521 ἄν
3417 5470 3534 5542 ἔλθῃ
3573 5472 3599 5523 6
3640 5472 3926 5544 όρισμένος

2311 5566 2521 5639 χρόνος·
2565 5558 2883 5622 ἑδικαιώθης
2929 5562 3100 5636 ὥσπερ
3154 5565 3267 5612 Νῶε
3325 5557 3726 5632 πεπληρωμένος
3785 5578 3925 5638 καρ.
