4114 6262
573 349 678 403 267

578 469 788 528 alienis
828 461 1035 521 loculis
1083 472 1177 513 me
1220 449 1478 527 ponatis,
1509 459 1667 516 nequ

578 556 913 620 detineatis,
961 546 1286 622 quominus
1323 541 1383 595 in
1426 535 1734 609 proprium
1784 528 1982 583 locum
2020 534 2223 591 repor-

580 612 915 707 tentur.His
936 612 1135 700 dictis,
1168 630 1359 689 securi
1404 638 1715 699 percussus
1758 624 1863 682 est,
1906 612 2224 680 statimque

855 736 913 786 et
965 728 1057 783 lac
1095 699 1168 780 ex
1199 721 1326 791 ejus
1374 712 1717 771 vulneribus
1756 703 2004 766 efﬂuxit,
2052 700 2134 754 ita
2166 699 2228 751 ut

580 838 789 883 omnes
836 818 1213 875 mirarentur.
1265 805 1423 864 Multi
1477 816 1614 858 vero
1660 814 1726 854 ex
1750 796 2090 851 ercorum
2123 801 2225 841 nu-

582 927 772 978 mero,
801 924 938 964 cum
968 905 1193 960 factum
1222 896 1368 953 illud
1399 892 1704 958 vidissent,
1736 891 1789 942 et
1815 880 2051 938 victoris
2079 889 2232 931 mar-

588 1002 734 1076 tyris
758 965 1128 1070 patientiam,
1164 994 1219 1044 et
1245 988 1608 1041 constantem
1658 982 1836 1047 atque
1861 965 2232 1026 immobilem

589 1055 727 1076 ww
763 1055 776 1070 ,

585 1092 770 1148 ﬁdem
814 1077 1393 1142 animadvertissent,
1437 1066 1755 1126 consilium
1777 1068 1831 1118 et
1879 1055 2232 1115 sententiam

587 1179 845 1253 priorem
873 1170 1272 1229 mutaverunt.
1305 1163 1500 1231 Itaque
1544 1151 1852 1212 Christiani
1884 1146 2040 1207 facti,
2074 1142 2237 1199 exiis

1408 1249 1422 1253 ⁸
1438 1250 1445 1253 ”
1604 1250 1611 1253 ‘
1817 1240 1825 1249 '
1922 1252 1925 1253 ν
1951 1251 1963 1253 Α
1984 1250 2009 1253 κ-
2024 1232 2147 1253 13—...
2161 1230 2233 1253 -ιέ

587 1230 724 1341 quis
753 1264 842 1320 vir
880 1260 973 1315 ille
998 1260 1240 1314 sanctus
1268 1230 1637 1323 praedixerat,
1671 1240 1863 1310 magis
1905 1230 2236 1291 conﬁrmati

590 1331 745 1414 sunt.
770 1350 985 1410 Omnia
1010 1346 1193 1412 enim,
1212 1356 1347 1415 quae
1377 1355 1413 1394 a
1436 1338 1614 1392 beato
1648 1331 1746 1387 illo
1777 1332 2038 1397 martyre
2084 1336 2235 1394 prae-

775 1408 1028 1502 fuerant,
1060 1408 1357 1503 completa
1389 1428 1549 1489 sunt,
1582 1423 1659 1477 ita
1689 1423 1752 1474 ut
1778 1422 1835 1472 et
1848 1414 1944 1471 alii
1975 1408 2240 1481 complu-

591 1550 686 1592 res
734 1546 805 1587 ex
845 1543 917 1585 ea
962 1540 1025 1581 re
1079 1521 1158 1578 ad
1202 1498 1415 1574 Christi
1458 1511 1635 1567 ﬁdem
1684 1502 1955 1563 conversi
2003 1498 2238 1556 fuerint.

1976 303 2234 364 MENSIS
2273 296 2541 356 JUNIUS.

1673 459 1705 498 e
1734 436 2012 509 reliquias
2058 445 2223 487 meas
2254 462 2263 484 Δ

2371 422 2438 475 ιϐ’
2489 424 2681 492 ἡμέρας
2729 412 2856 466 ἐπτοὶ
2901 413 2950 462 οἱ
2997 409 3213 481 ῥήτορες
3263 401 3661 461 τελευτήσωσι,
3698 400 3795 445 καὶ
3832 396 3956 465 ὑμεῖς

2602 508 2605 509 ⁷
2957 498 2995 509 ⁸·
3060 498 3072 509 '
3142 498 3151 509 ’
3310 487 3413 509 “'9
3602 490 3698 509 "-41
3764 486 3783 509 ι
3850 481 3955 509 ἒμ-ιε

2332 513 2480 565 αὐτοὶ
2545 508 2809 560 τελευτᾶτε
2884 498 2995 572 μεθ’
3052 498 3243 568 ἡμέρας
3299 487 3532 551 δώδεκα,
3600 490 3704 537 καὶ
3760 486 3787 535 ὁ
3846 481 3954 545 δουξ

2333 600 2441 674 μεθ’
2496 600 2693 669 ἡμέρας
2743 594 2909 644 εἴκοσι
2960 596 3225 655 τέσσαρας
3276 580 3665 654 ἁρπαγήσεται
3724 575 3829 625 ὑπὸ
3874 583 3955 622 τῶν

595 1589 869 1691 λίατιγτὶο
936 1616 1137 1670 autem
1194 1604 1379 1662 functi
1436 1604 1573 1655 sunt
1630 1601 1873 1651 sanctus
1930 1589 2122 1643 Victor
2188 1590 2245 1640 et

592 1679 771 1767 beata
793 1703 1097 1776 Stephana
1122 1698 1336 1769 quarto
1361 1690 1595 1747 decimo
1625 1685 1720 1740 die
1745 1679 1964 1737 mensis
1996 1679 2241 1732 Novem-

595 1799 719 1856 bris
757 1796 817 1851 in
874 1791 1021 1847 urbe
1052 1791 1359 1845 Damasco,
1430 1777 1760 1848 imperante
1812 1765 2133 1827 Antonino,
2192 1766 2248 1815 et
2278 1781 2322 1836 Β
2356 1774 2466 1820 πεν,

600 1850 947 1946 Sebastiano
980 1879 1151 1935 duce.
1193 1876 1383 1939 Quare
1414 1868 1487 1922 sit
1537 1863 1727 1937 gloria
1784 1856 1941 1912 Patri
1997 1858 2054 1909 et
2107 1850 2247 1907 Filio

600 1983 657 2034 et
688 1971 928 2046 Spiritui
968 1969 1198 2026 sancto,
1230 1974 1391 2017 nunc
1438 1961 1493 2012 et
1541 1965 1793 2023 semper,
1827 1952 1883 2003 et
1922 1945 1983 1999 in
2031 1938 2249 1997 saecula

605 2062 984 2123 smeulorum.
1013 2061 1223 2110 Amen.

607 2152 844 2211 Ἰταλίας,
875 2146 958 2199 ἐπὶ
1010 2139 1263 2215 βασιλέως
1311 2135 1614 2187 Ἀντωνίνου
1668 2135 1757 2178 καὶ
1788 2123 1983 2177 Σεϐαστ-

3864 269 3953 323 268

3936 485 3955 519 ἴ

2336 692 2588 743 ἐναντίων·
2631 688 2721 735 καὶ
2770 681 2898 752 μετά
2943 678 3063 747 τρία
3110 675 3197 729 ἔτη
3254 668 3557 721 ἐλεύσονται
3623 665 3681 716 οἱ
3741 664 3955 733 ἡμέτεροι

2337 780 2420 833 ἐπὶ
2462 780 2518 828 τὸ
2569 769 2693 846 ἆραι
2739 772 2797 821 τὸ
2849 767 3001 838 σῶμά
3044 782 3143 835 μου
3170 780 3181 792 ·
3220 762 3326 831 ἔχω
3356 761 3455 827 γὰρ
3502 758 3608 805 καὶ
3663 756 3766 809 τήν
3828 754 3957 821 σορὸν

2339 866 2556 922 ἔκπαλαι
2609 862 2855 931 ἑτοίμην·
2911 860 2980 926 μὴ
3038 848 3126 904 οὖν
3187 848 3253 909 εἰς
3307 846 3586 917 ἀλλοτρίαν
3654 841 3819 903 τιθῶ,
3876 858 3958 890 πα-

2341 956 2567 1031 ρακαλῶ,
2620 946 2757 1023 μηδὲ
2804 944 3074 999 κωλύσητε
3133 939 3357 1011 ἀρθῆναι
3411 938 3469 985 τὸ
3521 931 3800 1001 λείψανον
3855 947 3955 998 μου.

2345 1047 2427 1098 ἵνα
2466 1044 2532 1103 εἰς
2574 1043 2638 1093 τὰ
2684 1034 2803 1090 ἴδια
2853 1031 3183 1102 ἀποκομισθῇ
3232 1025 3279 1078 ἐν
3325 1024 3523 1098 εἰρήνῃ.
3560 1027 3766 1073 Ταῦτα
3816 1017 3957 1069 εἰπόν-

2344 1154 2429 1195 τος
2488 1132 2663 1191 αύτοῡ,
2717 1131 2806 1177 καὶ
2859 1122 3155 1193 εὐξαμνου,
3218 1114 3479 1189 ἐκρούσθη
3533 1118 3621 1180 τῷ
3691 1107 3833 1179 ξίφει
3886 1111 3957 1156 καὶ

2347 1223 2548 1286 ἐξῆλθεν
2622 1219 2754 1289 αἷμα
2826 1218 2916 1264 καὶ
2987 1209 3143 1281 γάλα,
3200 1206 3334 1257 ὥστε
3407 1204 3611 1259 πάντας
3704 1198 3956 1266 θαυμάσαι

2347 1317 2465 1372 τοὺς
2519 1314 2881 1381 περιεστῶτας.
2940 1298 3127 1351 Πολλοὶ
3185 1292 3245 1347 δε
3295 1301 3394 1345 τῶν
3453 1289 3726 1346 Ἑλλήνων
3792 1288 3957 1357 Θεωρῂ-

2352 1420 2530 1461 σαντες
2578 1402 2671 1454 τὴν
2728 1394 3005 1465 καρτερίαν
3072 1390 3163 1438 καὶ
3240 1385 3504 1453 ὑπομονὴν
3565 1385 3676 1438 τῆς
3743 1374 3956 1433 ἀκλινούς

2352 1491 2511 1541 αὐτοῦ
2590 1490 2833 1546 πίστεως,
2892 1474 3328 1551 μεταϐαλλόμενοι
3388 1473 3469 1521 τὸν
3538 1471 3777 1541 τρόπον,
3836 1468 3959 1534 γεγο-

2352 1598 2474 1631 νασι
2524 1575 2854 1650 Χριστιανοὶ.
2888 1569 3227 1624 Ἀκούσαντες
3274 1557 3335 1613 δὲ
3387 1562 3476 1610 καὶ
3518 1560 3657 1629 περὶ
3709 1555 3782 1603 ὧν
3811 1556 3958 1625 προεί-

2355 1685 2529 1741 ρηκεν,
2588 1663 2734 1716 πλέον
2784 1657 3182 1730 ἐστηρίχθησαν
3214 1669 3225 1680 ’
3261 1653 3429 1702 πάντα
3475 1648 3582 1718 γὰρ
3648 1646 3760 1695 ὅσα
3812 1648 3959 1714 προεῖ-

2522 1756 2769 1824 ἒγένοντο,
2825 1750 2891 1808 ὡς
2941 1745 2995 1797 ἐκ
3044 1745 3228 1795 τούτου
3278 1737 3494 1795 πολλοὺς
3549 1740 3853 1786 πιστεῦσαι
3905 1736 3961 1797 τῷ

2360 1850 2591 1917 Χριστῷ.
2637 1838 2933 1892 Ἐτελειώθη
2986 1831 3044 1886 δὲ
3089 1833 3114 1884 ὁ
3164 1830 3307 1899 ἅγιος
3356 1830 3445 1877 καὶ
3491 1822 3804 1881 καλλίνικος
3850 1822 3957 1889 μάρσ

2358 1954 2451 1994 τυς
2492 1938 2582 1982 τοῦ
2632 1932 2866 2001 Χριστοῦ
2916 1928 3110 1994 Βίκτωρ
3165 1922 3256 1971 σύν
3306 1923 3367 1987 τῇ
3421 1916 3670 1986 μακαρίᾳ
3704 1902 3959 1981 Στεφανίδι

2361 2025 2488 2095 μηνὶ
2540 2015 2810 2089 Νοεμϐρίῳ
2889 2008 3160 2080 ἑνδεκάτῃ,
3231 2009 3279 2058 ἓν
3342 2003 3485 2055 πόλει
3562 2003 3838 2071 Δαμασκῷ
3887 2002 3960 2052 τῆς

1990 2125 2131 2171 ιανοῦ
2165 2113 2373 2176 δουκός,
2408 2111 2479 2172 εἰς
2524 2106 2680 2170 δόξαν
2732 2110 2823 2156 τοῦ
2858 2103 3073 2172 Πατρός,
3109 2100 3199 2147 καὶ
3235 2101 3325 2146 τοῦ
3370 2093 3514 2155 Υἱοῦ,
3546 2093 3648 2141 καὶ
3700 2094 3794 2138 τοῦ
3836 2084 3959 2154 ἁγίου

612 2244 925 2313 Πνεύματος,
955 2242 1043 2285 νῦν
1067 2235 1157 2284 καὶ
1186 2227 1283 2294 ἀεὶ,
1325 2230 1415 2277 καὶ
1446 2222 1517 2283 εἰς
1540 2223 1655 2277 τούς
1685 2216 1875 2275 αἰῶνας
1898 2220 1997 2265 τῶν
2030 2209 2244 2261 αἰώνων.
2282 2204 2466 2273 Ἀμήν.

610 2332 3944 2433 gmw

1406 2539 1867 2729 ΜΕΝ
1893 2532 2227 2719 SIS

2352 2518 3175 2714 JUNIUS.

1189 2993 1387 3113 DE
1468 2988 1575 3110 S.
1668 2974 2426 3105 SAMPSONE
2517 2959 3411 3091 XENODOCHO

1960 3185 2609 3248 CONSTANTINOPOLI
2625 3228 2637 3240 .

1015 3379 1189 3441 (Anno
1209 3375 1300 3423 530
1330 3370 1415 3421 vel
1440 3369 1549 3424 531,
1579 3365 1723 3415 Junii
1754 3363 1839 3412 die
1867 3360 1946 3410 2'7.
1975 3383 2037 3396 —
2059 3357 2192 3405 Acta
2219 3354 2304 3403 SS.
2337 3349 2579 3401 Bolland.
2615 3348 2683 3397 ad
2712 3347 2850 3396 hanc
2875 3345 3035 3403 diem,
3072 3344 3249 3395 Grece
3284 3346 3336 3393 et
3363 3340 3594 3402 Latine.)

1429 3671 2454 3779 COMMENTARIUS
2535 3663 3171 3760 PRZEVIUS.

636 3920 665 3991 §
720 3922 762 3974 ι.
815 3945 884 3955 -
947 3912 1166 3968 Auctor
1248 3905 1378 3991 (ita:

1243 3972 1698 4043 Metaphrastes.

709 4096 818 4149 Leo
846 4088 1108 4155 Allatius,
1142 4086 1201 4139 in
1223 4100 1329 4139 sua
1357 4080 1430 4136 de
1480 4080 1844 4149 Symeonum
1876 4067 2106 4139 scriptis
2161 4066 2285 4122 Dia-

638 4182 814 4247 triba,
843 4178 942 4235 ubi
966 4177 1039 4232 de
1062 4177 1358 4246 Symeone
1386 4165 1773 4239 Metaphraste
1803 4159 1992 4218 fusius
2013 4157 2151 4225 agit,
2186 4170 2285 4210 va-

636 4271 756 4328 rias
796 4272 1137 4325 sanctorum
1174 4262 1356 4328 Vitas,
1393 4273 1527 4332 quae
1560 4253 1671 4310 sub
1733 4249 2002 4322 ejusdem
2044 4245 2284 4301 nomine

637 4359 858 4434 passim
910 4355 1176 4419 veniunt,
1205 4356 1331 4407 tum
1367 4345 1528 4419 quod
1569 4343 1716 4398 alios
1768 4343 2041 4393 auctores
2083 4332 2286 4405 praefe-

639 4422 795 4512 rant,
816 4451 943 4499 tum
967 4440 1133 4512 quod
1162 4455 1197 4493 a
1226 4434 1523 4493 scribendi
1548 4428 1831 4485 methodo
1853 4430 1908 4480 et
1934 4422 2087 4494 stylo
2105 4430 2285 4491 atque

642 4508 811 4591 (etate
835 4508 1243 4598 Metapbrastis
1276 4521 1524 4577 multum
1557 4517 1849 4578 aberrent,
1887 4512 1939 4566 ei
1974 4510 2150 4581 plane
2180 4508 2285 4563 ab-

637 4621 867 4694 judicat
905 4634 918 4681 ;
951 4614 1099 4670 alias
1130 4626 1270 4666 vero
1300 4605 1619 4663 nonnullas
1662 4610 1951 4673 tanquam
1993 4597 2285 4668 genuinos

644 4685 798 4767 illius
824 4705 974 4762 fetus
1007 4700 1300 4769 designat,
1326 4712 1398 4751 ex
1424 4692 1720 4765 quibusde
1746 4687 1970 4744 caeteris
1992 4685 2118 4740 ﬁeri
2149 4700 2289 4755 pos-

645 4798 720 4855 sit
738 4794 1031 4869 judicium
1062 4804 1076 4855 ;
1099 4789 1173 4843 de
1196 4786 1323 4842 Vita
1350 4791 1547 4839 tamen
1574 4776 1926 4851 Sampsonis
1954 4771 2288 4830 Xenodochi

645 4868 791 4943 nihil
828 4875 1253 4956 pronuntiavit,
1323 4873 1470 4929 forte
1536 4869 1697 4941 quod
1739 4868 1998 4922 Graecum
2066 4868 2288 4916 textum

648 4975 847 5032 videre
878 4971 931 5026 ei
959 4985 1080 5025 non
1110 4965 1311 5029 licuit;
1345 4958 1582 5016 difﬁcile
1615 4958 1776 5013 enim
1804 4958 1890 5009 est
1926 4953 1998 5007 de
2030 4950 2289 5020 genuino

650 5062 907 5121 auctoris
960 5059 1080 5115 fetu
1140 5053 1433 5126 judicium
1487 5048 1657 5111 ferre,
1714 5044 1823 5098 nisi
1871 5059 2007 5097 eum
2047 5034 2290 5112 proprio

651 5152 930 5207 idiomate
958 5148 1301 5218 loquentem
1320 5138 1551 5195 audias.
1576 5138 1691 5191 Nos
1717 5132 1909 5186 Vitam
1931 5146 2063 5185 eam
2098 5130 2290 5183 Graece

652 5217 1062 5306 conscriptam,
1106 5247 1291 5305 quam
1336 5244 1408 5283 ex
1453 5243 1565 5281 ms.
1615 5220 1983 5278 bibliothecae
2024 5217 2291 5272 Mediceaa

652 5326 807 5395 regis
839 5322 1092 5380 Francia;
1136 5319 1294 5376 nacti
1320 5332 1547 5379 sumus,
1591 5310 1742 5367 infra
1770 5308 2065 5363 dabimus.
2100 5309 2168 5361 Ut
2197 5321 2291 5358 au-

656 5421 774 5472 tem
814 5415 1101 5484 appareat
1142 5425 1274 5463 eam
1306 5423 1341 5461 a
1368 5409 1661 5476 Symeone
1721 5397 2113 5469 Metaphraste
2163 5409 2294 5447 esse

655 5482 1069 5572 compositam,
1093 5512 1226 5566 quae
1248 5493 1422 5550 fuerit
1450 5493 1605 5547 illius
1636 5486 1933 5543 scribendi
1967 5482 2221 5539 formula
2241 5486 2297 5536 et

659 5589 900 5653 modus,
939 5601 1009 5641 ex
1039 5582 1227 5637 Psello
1259 5580 1531 5652 ejusdem
1560 5576 1937 5639 encomiaste,
1968 5572 2295 5641 iisdemque

1601 3894 1944 3965 Sampsonis
2030 3892 2281 3961 Symeon
2320 3887 2360 3944 C
2393 3885 2758 3957 temporibus
2791 3883 3003 3944 vicino,
3027 3878 3234 3951 paucis
3260 3876 3354 3931 hic
3375 3875 3544 3947 juvat
3569 3862 3944 3945 apponeret“

2392 3981 2479 4031 est
2499 3955 2661 4046 apud
2678 3975 2928 4027 Leonem
2941 3968 3214 4025 Allatium
3233 3967 3294 4021 in
3313 3962 3575 4020 Diatriba
3591 3955 3944 4032 prmlaudata-

2461 4068 2512 4117 2.
2562 4064 2695 4114 «Τὰ
2735 4063 2836 4131 ’γὰρ
2888 4062 3138 4133 προοίμια
3182 4062 3277 4107 τῶν
3325 4053 3489 4123 λόγων
3538 4050 3704 4103 αὐτοῦ
3731 4047 3947 4113 ἁπτόμενα

2393 4152 2540 4212 εὐθὺς
2590 4157 2680 4201 τοῦ
2727 4150 3082 4219 ὑποκειμένου,
3138 4149 3227 4195 καὶ
3281 4141 3463 4215 βαρχύ
3521 4160 3573 4191 τι
3627 4142 3837 4211 προιὼν,
3884 4132 3947 4178 τὸν

2394 4248 2487 4291 τοῦ
2542 4241 2954 4311 συγγράμματος
3009 4235 3274 4305 ἀναφαίνει
3332 4234 3544 4281 σκοπόν
3603 4233 3698 4279 καὶ
3750 4229 3835 4281 τὴν
3878 4221 3948 4268 πά-

2396 4349 2490 4381 σαν
2550 4328 2628 4379 ἐπ’
2685 4325 2834 4387 ἐνίοις
2893 4332 2991 4376 τῶν
3044 4322 3205 4393 λόγων
3264 4321 3511 4371 ὑπόθεσιν
3563 4310 3946 4389 κεφαλαιωσάμε·

2393 4437 2471 4478 νος
2526 4417 2676 4477 εὐθὺς
2746 4416 2879 4465 κατά
2926 4416 3053 4485 μέρη
3110 4414 3296 4480 τέμνει,
3348 4411 3471 4481 πρὸς
3519 4424 3573 4457 τε
3619 4408 3688 4455 τὰ
3737 4405 3949 4475 πρόσωπα

2395 4512 2481 4557 καὶ
2524 4509 2644 4565 τοὺς
2688 4506 2902 4574 καιροὺς
2946 4498 3347 4573 μεθαρμόζεται.
3404 4500 3504 4548 Καὶ
3552 4497 3608 4546 τὸ
3655 4497 3751 4563 μεν
3795 4493 3951 4561 χρῶμα

2395 4603 2484 4648 τοῦ
2541 4594 2696 4663 λογον
2748 4594 2805 4642 τὸ
2861 4589 2985 4641 αύτὸ
3039 4594 3191 4652 πᾶσι,
3248 4591 3336 4637 καὶ
3388 4586 3418 4642 ἡ
3474 4587 3693 4643 ποιότης
3750 4583 3838 4652 μία
3882 4577 3950 4626 τῆς

2396 4688 2646 4757 φράσεως,
2677 4684 2707 4739 ἡ
2767 4678 2825 4731 δέ
2870 4698 2928 4749 ’γε
2978 4686 3069 4730 τοῦ
3116 4679 3277 4737 ἤθους
3321 4673 3573 4748 μεταϐολὴ
3625 4669 3849 4729 ποικῦεη,
3890 4661 3955 4711 καὶ

2397 4776 2465 4833 ὡς
2514 4771 2572 4823 ἂν
2606 4774 2718 4842 εἰπῃ
2751 4787 2846 4832 τις,
2881 4772 3119 4837 τεχνικὴ.
3153 4764 3209 4816 ού
3258 4762 3348 4817 διὰ
3390 4768 3483 4821 τὴν
3524 4766 3716 4833 τέχνην
3762 4760 3823 4809 τὰ
3850 4749 3951 4823 πρά·

2396 4882 2571 4935 γματα
2615 4858 3026 4933 μεταϐάλλουσα,
3061 4855 3188 4906 ἀλλὰ
3242 4862 3314 4923 τῷ
3368 4852 3565 4922 ἑκάστῳ
3617 4858 3720 4901 τῶν
3768 4855 3954 4916 παραπι·

2402 4956 2623 5003 πτόντων
2675 4949 2993 5021 πραγμάτων
3051 4962 3104 4995 τε
3162 4948 3249 4994 καὶ
3305 4947 3594 5015 προσώπων
3662 4938 3840 4989 οἰκεῖον
3884 4928 3952 4994 ὑφ’

2399 5038 2893 5110 ερμηνεύουσαδώς
2942 5036 3070 5106 πρὸς
3124 5030 3399 5104 ἀρχέτυπα
3452 5026 3511 5081 δὲ
3561 5031 3623 5079 τὰ
3671 5025 3957 5100 ἀρχαιότερα

2399 5135 2493 5177 τῶν
2568 5125 2883 5197 πραγμάτων
2960 5120 3274 5182 ἐνατενίςων,
3341 5116 3539 5169 ἐκείνων
3615 5134 3667 5167 τε
3726 5114 3815 5166 οὐκ
3882 5104 3956 5171 ἀφ’

2326 5192 2367 5244 D
2404 5220 2633 5275 ίσταται,
2668 5214 2750 5262 ἵνα
2807 5215 2875 5282 μὴ
2925 5206 3051 5280 δόξῃ
3108 5207 3228 5258 ἄλλο
3280 5226 3330 5257 τι
3382 5212 3562 5268 ποιῶν,
3618 5208 3708 5255 καὶ
3756 5198 3881 5269 παρὰ
3914 5190 3956 5239 τὸ

2402 5299 2758 5375 παράδειγμα,
2801 5305 2887 5351 καὶ
2940 5304 3032 5356 τὴν
3090 5297 3210 5353 ὅλην
3261 5292 3402 5347 ἰδέαν
3455 5300 3741 5365 μετατυποῖ
3790 5288 3870 5341 οὔκ
3905 5298 3957 5329 ἔν’

2404 5391 2661 5442 αλλάττων
2709 5394 2801 5446 τὴν
2848 5387 2994 5453 ὕλην,
3028 5384 3153 5436 ἀλλά
3199 5388 3255 5435 τὸ
3302 5386 3665 5454 ἡμαρτημένον
3717 5390 3810 5431 τὼν
3840 5367 3959 5426 εἰδῶν

2406 5477 2790 5550 διορθούμενος,
2838 5473 2960 5527 οὐδὲ
3014 5481 3331 5543 καινοτομῶν
3374 5474 3468 5530 τὰς
3515 5469 3726 5536 ἑννοίας,
3773 5464 3883 5518 ἀλλὰ
3920 5456 3961 5505 τό

2407 5577 2502 5627 τῆς
2541 5567 2720 5629 λέξεως
2778 5571 2969 5636 σχῆμα
3014 5564 3326 5634 μετατιθεὶς,
3384 5558 3701 5631 ἀνωμαλίαις
3757 5574 3808 5608 τε
3851 5561 3963 5619 περι·
