4114 6262
157 334 260 389 269

1481 349 1645 405 VITA
1688 350 1751 403 SC
1790 349 2219 415 SAMPSONIS.

3449 380 3551 434 270

130 462 331 510 πίπτων
360 456 707 529 διηγημάτων
734 460 758 509 ὁ
797 458 948 529 λόγος
978 462 1136 534 αὐτῷ,
1168 473 1257 520 καὶ
1287 471 1629 543 μεταλλαγαῐς
1670 476 1764 526 ὑπο

1906 474 2104 544 fuisse,
2160 486 2217 538 et
2261 500 2541 558 perquam
2595 489 2947 548 familiarem
3002 496 3128 551 viro
3187 498 3245 553 in
3319 516 3562 559 summa

128 550 314 599 θέσεων
367 546 427 598 οὐ
486 554 787 617 συγχεῖται,
847 546 972 601 οὐδὲ
1039 556 1377 627 ταράττεται.
1438 579 1465 611 »
1503 562 1646 625 Quae
1712 564 1792 619 ita

129 637 302 691 vertit
334 635 577 690 Allatius
605 655 617 694 :

205 729 256 781 3.
290 742 319 774 ‹‹
361 724 717 794 Principium
756 726 886 796 ejus
939 729 1276 789 orationum
1306 736 1509 792 statim
1558 738 1795 809 attingit

133 813 487 884 subjectum,
520 818 575 868 et
606 830 822 885 parum
856 818 1207 887 procedens,
1237 825 1499 882 ostendit
1528 828 1617 883 sui
1657 830 1793 884 scri-

131 902 216 973 pti
246 918 494 972 scopum
532 918 545 968 ;
578 909 635 957 et
672 904 731 958 iu
763 906 1068 961 nonnullis
1098 912 1488 981 orationibus,
1531 933 1669 971 cum
1710 922 1792 973 to-

129 994 256 1045 tum
296 997 717 1059 argumentum
749 995 1178 1065 recapituletiu
1209 1016 1535 1069 summam,
1578 1005 1637 1059 id
1680 1012 1791 1062 sta-

125 1079 232 1134 tim
253 1079 310 1134 in
334 1086 531 1151 partes
557 1080 787 1137 dividit.
818 1083 889 1138 Se
925 1089 1121 1140 autem
1146 1094 1565 1149 accommodat
1591 1110 1791 1164 perso-

126 1169 219 1223 nis
248 1175 305 1223 et
352 1170 742 1241 temporibus,
784 1176 841 1227 et
869 1178 956 1228 est
992 1174 1235 1245 quidem
1290 1180 1575 1236 omnibus
1628 1183 1787 1241 idem

1491 1286 1505 1337 ;
1550 1286 1788 1328 morum

128 1350 326 1402 autem
360 1347 528 1403 varia
570 1354 660 1403 est
694 1350 961 1415 mutatio,
1015 1357 1091 1419 et,
1126 1359 1189 1409 ut
1219 1354 1431 1412 dixerit
1460 1358 1783 1430 quispiam,

125 1434 461 1501 artiﬁciosa,
513 1451 634 1491 non
662 1452 767 1507 per
796 1444 982 1494 artem
1005 1456 1098 1495 res
1137 1448 1399 1513 mutans,
1456 1447 1581 1512 sed,
1626 1448 1785 1513 quod

125 1256 288 1312 color
310 1258 593 1313 orationis
623 1264 682 1314 et
712 1276 832 1316 una
870 1263 1128 1333 qualitas
1159 1265 1436 1323 dictionis

127 1522 449 1596 unicuique
483 1525 562 1580 rei
594 1530 650 1580 et
704 1542 975 1597 personas
1030 1530 1309 1586 incidenti
1363 1535 1779 1601 conveniebat,

125 1613 541 1684 interpretans.
574 1613 889 1686 Tanquam
916 1622 1116 1673 autem
1138 1619 1214 1674 ad
1242 1620 1566 1693 archetypa
1583 1638 1780 1679 exem-

125 1700 314 1775 plaria
346 1718 415 1758 ac
446 1719 540 1758 res
576 1703 938 1775 antiquiores
968 1706 1223 1774 intuens,
1249 1724 1356 1764 nec
1394 1710 1472 1765 ab
1502 1710 1778 1768 illisrece-

1906 564 2193 632 dignitate
2232 576 2574 643 constituto,
2626 580 2801 633 Leoni
2843 580 3084 647 scilicet,
3118 586 3171 636 ὃν
3221 587 3246 637 ὁ
3273 595 3558 661 πατρικίων

1905 673 1957 706 τε
2009 661 2097 709 καὶ
2158 668 2515 732 πραιποσίτων
2592 663 2706 736 εἶχε
2781 672 2962 740 χορὸς,
3032 677 3119 724 καὶ
3197 674 3250 734 ὅς
3340 677 3560 746 μετῆλθε

1904 747 1992 813 μὲν
2047 750 2140 804 τὴν
2194 757 2284 801 τοῦ
2342 758 2697 827 Δρουγγαρίου
2754 761 2846 814 τὴν
2915 777 3014 810 των
3093 760 3355 833 πλωῒμων,
3441 785 3557 836 μετ-

1903 834 2025 890 ῆλθε
2074 832 2131 887 δὲ
2187 844 2276 890 καὶ
2346 845 2439 898 τὴν
2512 851 2602 893 τοῦ
2669 847 2956 915 Λογοθέτου
3030 856 3123 899 τοῦ
3191 855 3390 924 Δρόμου
3469 854 3556 927 ἁρ-

1900 926 2028 991 χὴν,
2067 944 2089 971 α
2132 926 2234 996 qui
2274 928 2332 982 in
2364 930 2746 997 patriciorum
2781 935 3357 1005 praepositorumque
3395 926 3558 998 ordi-

1897 1026 2035 1065 nem
2052 1012 2270 1069 relatus
2290 1016 2414 1077 fuit,
2438 1019 2658 1091 quique
2682 1022 2761 1075 rei
2784 1024 3098 1079 maritimas
3144 1027 3556 1096 praefecturam

1898 1114 1967 1153 ac
1990 1100 2327 1171 Logothetaa
2357 1106 2573 1162 Cursus
2597 1108 2826 1178 publice
2848 1113 3260 1182 magistratum
3291 1119 3489 1186 gessit,
3526 1141 3553 1168 »

1898 1202 2024 1257 quae
2042 1194 2181 1245 sunt
2210 1190 2359 1246 inter
2385 1209 2663 1265 suprema
2690 1197 3032 1269 reipublicae
3064 1199 3556 1278 Constantinopo-

1894 1273 2091 1331 litanae
2119 1292 2386 1337 munera.

1967 1409 1996 1461 6
2028 1449 2042 1463 .
2076 1410 2222 1464 Cum
2252 1426 2392 1467 vero
2424 1412 2575 1468 alius
2616 1416 2864 1486 quidam
2899 1420 3027 1483 Leo,
3064 1422 3169 1493 qui
3204 1425 3413 1481 Leonis
3446 1443 3551 1499 pa-

1894 1494 2042 1549 tricii
2075 1497 2398 1554 ministerio
2429 1501 2682 1565 suberat,
2715 1505 2937 1577 quique
2964 1514 3089 1563 erat
3129 1494 3549 1585 protospatha-

1891 1582 2013 1636 rius
2043 1583 2124 1653 (id
2154 1592 2239 1639 est
2272 1587 2548 1660 princeps
2577 1606 2783 1646 eorum
2816 1594 2921 1665 qui
2952 1596 3029 1651 ad
3059 1601 3318 1670 corporis
3336 1582 3546 1661 custo-

1886 1669 2048 1725 diam
2079 1677 2247 1729 erant
2277 1675 2554 1747 deputati)
2586 1678 2814 1735 domini
2846 1683 2935 1737 sui
2977 1669 3176 1753 gratia
3208 1703 3277 1745 ac
3321 1689 3541 1760 favore,

127 1759 182 1801 ,.
395 1792 406 1802 .
712 1759 738 1804 ,ι
819 1794 830 1804 _
889 1759 897 1760 κ
971 1759 1223 1805 fama
1250 1759 1353 1764 ν-
1396 1759 1467 1765 π
1502 1759 1753 1768 -···““ν
1886 1773 2066 1828 quam
2092 1759 2170 1815 ob
2192 1777 2438 1818 causam
2462 1766 2688 1833 nescio,
2720 1770 3055 1838 excidisset,
3090 1774 3409 1850 nullusque
3435 1759 3543 1852 pro

123 1792 228 1858 dit,
254 1807 327 1846 ne
357 1791 626 1847 vndeatur
650 1793 876 1865 aliquid
934 1795 1097 1850 aliud
1142 1796 1353 1867 facere,
1387 1804 1444 1854 et
1470 1799 1548 1855 ad
1579 1817 1775 1857 exem-
1810 1816 1853 1869 Β
1888 1847 2097 1869 μεμμ
2135 1849 2341 1869 ξμωη
2375 1852 2391 1869 ,
2624 1855 2640 1869 .
2752 1860 2761 1869 .
2961 1860 2975 1869 .
3046 1861 3147 1869 -.-η
3381 1866 3395 1869 -

120 1880 256 1952 plar
297 1895 535 1952 quoque
563 1886 747 1936 totam
798 1888 1158 1940 transmutat
1201 1886 1438 1942 dicendi
1490 1888 1774 1958 formam,

121 1984 245 2023 non
280 1969 581 2024 diversam
625 1968 850 2025 faciens
902 1974 1234 2039 materiam,
1273 1975 1377 2030 sed
1408 1977 1571 2048 quod
1598 1978 1657 2032 in
1686 1978 1775 2033 di-

123 2057 297 2113 cendi
327 2072 541 2127 genere
570 2064 880 2129 peccatum
901 2063 1353 2133 erat,corrigens
1384 2086 1395 2128 ;
1419 2080 1613 2137 neque
1643 2083 1776 2123 sen-

123 2146 336 2201 tentias
361 2147 676 2211 innovans,
699 2147 802 2203 sed
829 2155 1179 2206 convertens
1198 2152 1452 2222 ﬁguram
1475 2154 1772 2227 dictionis,

119 2239 175 2288 et
208 2233 261 2288 ei
301 2233 569 2288 incidens
599 2236 789 2291 oratio
827 2237 888 2291 in
919 2238 1321 2295 diversitatem
1362 2243 1776 2300 narrationum

118 2327 173 2379 et
204 2322 548 2379 varietatem
575 2331 1068 2395 argumentorum
1100 2344 1222 2384 non
1263 2330 1650 2387 confunditur
1678 2348 1778 2389 ne-

118 2428 237 2484 que
262 2412 663 2484 perturbatur,
696 2434 724 2463 »
755 2419 863 2469 etc.

193 2504 245 2556 4.
298 2501 423 2558 Haec
444 2502 543 2575 qui
579 2518 715 2558 cum
753 2503 1045 2559 Procemio
1069 2507 1325 2562 auctoris
1358 2508 1685 2577 contulerit,
1717 2510 1772 2564 in

120 2607 192 2647 eo
230 2591 681 2662 Metapbrastem
734 2597 1019 2662 agnoscet
1060 2610 1071 2649 :
1115 2594 1174 2649 in
1229 2596 1362 2667 ipso
1411 2597 1569 2652 enim
1608 2597 1772 2653 initio

119 2680 457 2753 scriptionis
486 2698 606 2737 suae
652 2698 893 2753 scopum
953 2683 1370 2756 intentumque
1423 2686 1768 2755 signiﬁcat;

116 2770 354 2834 deinde,
388 2786 523 2842 quae
554 2770 917 2826 documenta
956 2772 1031 2826 ad
1079 2772 1434 2843 Sampsonis
1462 2774 1768 2830 historiam

115 2859 434 2914 texendam
468 2858 767 2923 habuerit,
801 2859 1041 2928 exponit
1070 2876 1083 2924 ;
1114 2876 1248 2929 quae
1277 2862 1552 2930 quamvis
1580 2863 1771 2917 ineru-

112 2948 234 3002 dite
252 2951 311 3001 et
338 2947 592 3000 barbare
609 2952 807 2999 essent
823 2946 1177 3015 composita,
1206 2954 1546 3002 secuturum
1571 2955 1769 3004 tamen

116 3050 246 3089 sese
283 3032 605 3105 proﬁtetur,
634 3048 985 3104 quanquam
1012 3049 1083 3089 ea
1137 3034 1362 3088 meliori
1395 3036 1548 3106 stylo
1590 3044 1770 3092 meta-

114 3124 418 3197 phrastice
449 3125 714 3177 exornet.
749 3120 969 3176 Deinde
996 3122 1041 3176 si
1074 3126 1262 3177 totam
1292 3122 1474 3218 hujus
1506 3124 1770 3218 scriptio-
1798 3161 1839 3218 C

112 3211 206 3267 nis
232 3210 511 3274 formam,
566 3209 811 3281 stylum,
869 3209 1365 3281 frequentemque
1390 3211 1765 3280 adagiorum,

112 3301 249 3356 hinc
278 3299 417 3354 inde
444 3298 669 3354 erudite
711 3299 1250 3363 intercurrentium,
1295 3315 1466 3354 usum
1499 3300 1766 3356 conside-

112 3406 226 3455 res,
259 3394 437 3460 atque
459 3404 528 3444 ea
556 3388 761 3443 omnia
782 3404 918 3442 cum
952 3388 1221 3456 genuinis
1253 3386 1406 3442 illius
1436 3404 1507 3443 ac
1536 3403 1765 3457 germa-

116 3477 208 3532 nis
256 3477 490 3542 fetibus,
523 3475 595 3531 de
626 3476 846 3547 quibus
882 3479 1115 3531 constat
1163 3475 1325 3546 apud
1372 3475 1646 3531 Allatium
1699 3478 1761 3533 in

114 3566 359 3638 praefata
390 3564 667 3629 Diatriba,
719 3563 937 3635 ubique
969 3563 1429 3635 Metaphrastem
1469 3564 1759 3624 invenies.

115 3659 398 3712 Praeterea
436 3660 623 3711 certos
664 3669 774 3709 nos
818 3652 1013 3708 reddit
1058 3658 1264 3709 auctor
1319 3653 1463 3709 Vitas
1495 3653 1673 3724 hujus
1700 3655 1759 3709 in

112 3746 422 3810 Prooemio,
452 3760 513 3799 se
547 3742 866 3799 multorum
916 3742 1170 3797 aliorum
1209 3747 1563 3807 sanctorum,
1605 3759 1760 3798 mar-

114 3840 312 3905 tyrum
336 3833 579 3905 quidem
606 3831 843 3886 labores
873 3837 929 3885 et
961 3830 1305 3891 certamina,
1349 3829 1757 3887 confessorutn

116 3939 256 3978 vero
294 3923 446 3977 vitas
491 3927 547 3975 et
583 3936 676 3974 res
727 3924 921 3989 gestas
974 3918 1285 3989 diligenter
1316 3919 1752 3990 conscripsisse,

112 4012 294 4085 idque
325 4008 851 4081 Constantinopoli.
887 4008 985 4064 ubi
1020 4010 1074 4064 S.
1111 4009 1460 4080 Sampsonis
1491 4009 1756 4064 tumulus

112 4100 451 4157 coelestibus
499 4098 760 4153 clarebat
788 4096 1069 4169 prodigiis
1112 4116 1125 4164 ;
1183 4097 1321 4152 inde
1360 4101 1417 4151 et
1446 4112 1517 4152 ea
1555 4103 1756 4153 narrat

111 4188 414 4253 miracula,
468 4203 603 4259 quae
657 4192 760 4242 aut
820 4186 947 4258 ipse
976 4184 1162 4240 oculis
1193 4186 1520 4257 conspexit,
1552 4185 1644 4240 vel
1679 4187 1754 4241 ab

105 4278 358 4336 oculatis
387 4276 634 4333 testibus
666 4276 793 4345 ipse
824 4273 1053 4331 audivit
1088 4290 1256 4344 ;qua3
1287 4274 1380 4327 cui
1413 4274 1582 4328 istius
1612 4280 1752 4329 tem-

107 4368 266 4440 poris
296 4367 522 4424 auctori
558 4364 940 4428 ascribentur,
970 4362 1081 4417 nisi
1105 4362 1484 4431 Metaphrasti
1507 4360 1536 4415 ’ἲ

180 4462 231 4513 5.
266 4458 433 4512 Hunc
472 4470 593 4510 non
622 4452 1103 4522 ludimagistrum
1143 4448 1428 4505 trivialem
1463 4450 1657 4511 fuisse,
1694 4453 1756 4505 ut

102 4551 355 4625 quidam
369 4548 765 4617 somniarunt,
782 4544 887 4601 sed
904 4559 1144 4599 summa
1168 4543 1227 4597 in
1246 4541 1554 4613 republica
1565 4542 1752 4611 digni-

103 4645 222 4696 tate
248 4637 610 4701 excelluisse,
642 4638 843 4701 utpote
868 4633 970 4706 qui
1000 4630 1279 4703 Magistri
1306 4637 1360 4687 et
1420 4631 1753 4701 Logothetw

102 4726 349 4784 nomine
385 4722 716 4795 appelletur
756 4740 774 4793 ;
807 4720 970 4794 quod
999 4735 1206 4776 eorum
1251 4734 1469 4774 munus
1498 4723 1605 4787 est,
1646 4719 1747 4791 qui

98 4816 364 4875 rationes
389 4812 622 4868 ﬁscales
651 4811 741 4867 vel
780 4810 1040 4883 publicas
1071 4813 1442 4878 cognoscunt
1469 4811 1525 4862 et
1562 4807 1745 4863 disce-

98 4911 292 4981 ptant,
335 4908 729 4974 sumptusque
767 4900 860 4956 vel
884 4906 939 4956 et
983 4898 1210 4996 reditus
1240 4898 1322 4953 ita
1356 4896 1634 4966 dirigunt,
1685 4902 1748 4996 ut

92 4993 443 5069 reipublica:
469 4990 661 5062 potius
693 5006 876 5062 quam
927 4989 1291 5061 privatorum
1322 5001 1543 5041 munus
1574 4989 1747 5041 susti-

92 5087 303 5146 neant;
338 5083 539 5152 hujus,
573 5081 842 5151 inquam,
873 5075 1176 5146 dignitatis
1213 5074 1393 5130 fuisse
1427 5073 1742 5145 Metaphra-

92 5180 277 5238 stem,
302 5170 599 5227 evidenter
617 5169 1092 5223 demonstratum
1109 5161 1558 5219 lectorinveniet
1578 5162 1740 5233 apud

92 5261 455 5318 Bollandum
504 5262 771 5313 nostrum
810 5255 871 5310 in
900 5252 1245 5308 Prasfatione
1282 5266 1415 5319 gen.
1467 5250 1543 5306 ad
1584 5251 1740 5305 Vitas

93 5356 466 5413 sanctorum,
495 5363 625 5418 cap.
656 5353 700 5412 t,
734 5346 832 5417 §3,
867 5350 923 5399 et
967 5342 1159 5396 fusius
1182 5341 1340 5411 apud
1370 5337 1648 5393 Allatium
1678 5340 1736 5394 in

94 5439 365 5497 Diatriba
386 5437 684 5509 praedicta.
706 5438 980 5491 Nostrum
1013 5447 1148 5487 vero
1181 5437 1480 5486 auctorem
1505 5429 1736 5499 conspi-

93 5545 225 5586 cutn
256 5527 429 5583 fuisse
456 5526 517 5581 in
546 5524 852 5596 republica
870 5521 1195 5593 dignitatis,
1229 5535 1301 5574 ex
1321 5534 1390 5573 eo
1421 5517 1557 5572 licet
1594 5531 1738 5572 con-

93 5619 298 5692 jicere,
347 5614 515 5688 quod
553 5615 613 5671 in
652 5613 778 5671 Vita
820 5627 988 5669 num.
1030 5613 1093 5666 12
1124 5611 1351 5667 asserat
1382 5622 1444 5662 se
1473 5605 1735 5663 amicum

1888 1847 2104 1903 misero
2135 1849 2495 1908 intercedere
2523 1855 2786 1923 auderet,
2817 1860 2979 1929 quod
3026 1861 3281 1920 difﬁcilis
3310 1847 3395 1922 ad
3436 1847 3543 1940 pa-

1889 1934 2116 1990 tricium
2152 1944 2373 2007 pateret
2413 1941 2628 2008 aditus,
2672 1949 2729 2000 et
2757 1960 2931 2017 asper
2958 1955 3110 2005 esset
3146 1950 3207 2007 in
3251 1934 3542 2014 sermonis

1885 2037 2231 2092 congressu,
2253 2029 2570 2096 praesertim
2586 2031 2732 2086 inter
2743 2032 3011 2106 famulos;
3027 2037 3187 2093 solus
3204 2040 3386 2113 hujus
3400 2045 3539 2102 Vitas

1884 2118 2108 2178 auctor,
2129 2129 2238 2185 pro
2254 2131 2364 2171 sua
2382 2117 2604 2174 scilicet
2620 2135 2743 2191 qua
2760 2122 2926 2194 apud
2941 2123 3196 2182 Leonem
3228 2132 3536 2200 patricium

1884 2199 2149 2270 pollebat
2177 2205 2524 2261 auctoritate
2552 2213 2607 2261 et
2636 2208 2845 2279 gratia,
2878 2199 3245 2282 pertinacem,
3264 2218 3531 2277 animum

1885 2288 1963 2342 ad
1989 2289 2428 2360 impetrandam
2463 2295 2676 2351 misero
2697 2298 2931 2355 veniam
2960 2301 3329 2374 interpellare
3360 2311 3533 2366 susti-

1886 2376 2034 2442 nuit,
2070 2381 2133 2431 ut
2156 2377 2408 2449 ipsemet
2437 2381 2611 2438 refert
2632 2383 2763 2440 loco
2794 2388 3116 2458 praseitato.
3152 2392 3291 2448 Inde
3318 2395 3530 2453 inferre

1885 2462 2016 2518 licet
2058 2465 2221 2522 hunc
2265 2484 2507 2541 quoque
2546 2471 2727 2529 fuisse
2769 2475 2994 2530 eximias
3024 2478 3329 2547 dignitatis
3350 2489 3527 2556 atque

1883 2555 2266 2622 auctoritaiis,
2292 2556 2661 2632 dignumque
2687 2563 2785 2632 qui
2810 2564 2869 2619 in
2901 2567 3047 2621 tanti
3069 2568 3177 2623 viri
3205 2555 3523 2629 amicitiam

1883 2639 2467 2717 familiaritatemque
2527 2649 2953 2707 admitteretur.
3012 2656 3295 2714 Convenit
3350 2660 3526 2730 igitur

1879 2731 2101 2784 auctori
2149 2737 2350 2787 nostro
2384 2736 2575 2806 stylus
2595 2743 2653 2791 et
2680 2740 2979 2795 scribendi
3001 2742 3254 2800 formula
3275 2748 3525 2818 Symeo—

1878 2818 1971 2870 nis
2003 2817 2434 2889 Metaphrastis,
2458 2829 2734 2882 convenit
2762 2827 2895 2884 vita;
2919 2829 3275 2897 institutum,
3305 2817 3522 2893 conve-

1879 2904 1963 2958 nit
2004 2906 2261 2975 dignitas
2308 2927 2323 2975 ;
2378 2928 2534 2968 nunc
2581 2924 2868 2987 superest,
2913 2924 3112 2976 utrum
3157 2938 3294 2979 cum
3349 2933 3520 2985 astate

1877 2992 2145 3060 ejusdem
2194 2999 2511 3055 convenire
2542 3004 2748 3072 possit,
2783 3007 3134 3078 perspicere.

1946 3130 1999 3178 7.
2027 3125 2315 3183 Floruisse
2340 3129 2791 3203 Metaphrastem
2823 3138 3041 3195 ultimis
3081 3144 3255 3198 annis
3283 3146 3517 3219 imperii

1880 3214 2083 3268 Leonis
2121 3214 2486 3287 Philosophi,
2519 3222 2621 3291 qui
2660 3223 2807 3280 obiit
2835 3242 2995 3284 anno
3027 3231 3148 3299 909,
3184 3214 3414 3292 constat
3442 3254 3517 3296 ex

1872 3300 2185 3372 ipsiusmet
2206 3304 2537 3361 testimonio
2560 3309 2621 3363 in
2642 3310 2767 3366 Vita
2792 3313 2845 3367 S.
2872 3313 3255 3385 Theoctistes,
3283 3322 3381 3378 ubi
3404 3326 3511 3382 ait:

1872 3410 1899 3438 ‹‹
1947 3394 2198 3461 Γενομένῳ
2260 3397 2350 3463 μοί
2421 3413 2544 3447 ποτε
2601 3400 2736 3450 κατά
2798 3404 2885 3451 τὸν
2945 3405 3133 3477 Πάρον·
3191 3412 3380 3478 γέγονα
3433 3410 3512 3466 δέ’

1870 3481 1955 3529 καὶ
2010 3481 2109 3553 γὰρ
2186 3478 2268 3532 ἐπὶ
2332 3486 2539 3556 Κρήτην
2599 3482 2828 3539 διέπλεον
2896 3491 2995 3542 ὑπὸ
3053 3502 3139 3544 τοῦ
3222 3504 3511 3570 μακαρίτου

1873 3571 2086 3627 Λέοντος
2139 3567 2300 3621 ἐκεῖσε
2359 3575 2624 3643 πεμφθείς⁹
2696 3580 2933 3641 Λέοντος,
2983 3586 3133 3651 φημὶ,
3190 3592 3281 3635 τοῦ
3367 3588 3514 3641 εὐτυ-

1867 3663 2001 3725 χοῦς
2053 3655 2209 3719 ὅντως
2273 3657 2547 3729 βασιλέως,
2608 3669 2697 3715 καὶ
2776 3670 2868 3717 τὴν
2927 3668 3176 3739 εὐτυχίαν
3247 3672 3509 3746 Ῥωμαίων

1866 3751 1938 3812 τῷ
1986 3747 2125 3815 τάφῳ
2192 3746 2562 3818 ἁναθάψαντος·
2649 3750 2946 3826 ἐπεμπόμην
3019 3754 3077 3810 δὲ
3167 3779 3511 3835 συστρατευο-

1864 3851 2007 3904 μενος
2053 3833 2273 3909 Ἣμερὶῳ
2321 3846 2392 3907 τῷ
2468 3840 2623 3907 πάνυ,
2687 3850 2759 3912 τῷ
2809 3852 3280 3921 στρατηγικωτάτῳ
3348 3849 3506 3911 δηλαο

1866 3918 1956 3986 δὴ,
2011 3928 2099 3975 καὶ
2146 3924 2369 3996 ἄρχοντι
2406 3934 2497 3977 τοῦ
2540 3946 2592 3979 τε
2631 3924 2850 4002 δρόμου,
2896 3939 2985 3985 καὶ
3023 3943 3114 3986 τοῦ
3160 3938 3344 3991 στόλου
3383 3963 3505 3994 παν.

1864 4015 2028 4071 τό;,,,.
2124 4012 2460 4085 Ἐστελλομην
2544 4026 2816 4089 τοιγαροῦν
2895 4030 3047 4074 τοῦτο
3139 4028 3229 4095 μὲν
3336 4028 3507 4103 ἐκείνῳ

2648 4105 3087 4179 προϐιϐαξόμενος
3173 4114 3243 4176 εἰς
3327 4126 3505 4192 πεῖραν

1866 4192 2238 4259 στρατηγικὴν,
2286 4186 2370 4239 οἷα
2427 4192 2593 4251 πῶλος
2665 4201 2827 4265 μητρὶ
2882 4201 3011 4267 πρὸς
3063 4202 3126 4250 τὰ
3177 4210 3506 4271 γενναιότατα

1863 4282 1961 4324 τῶν
2003 4280 2452 4346 στρατηγημάτων
2500 4286 2815 4351 συσκαίρων,
2871 4285 3018 4336 Οὕτω
3070 4290 3171 4360 γὰρ
3230 4286 3291 4346 ἦν
3340 4293 3364 4341 ὁ
3416 4305 3505 4348 τοῦ

1865 4119 1929 4151 συ
1938 4106 2355 4172 στρατευόμενος,
2464 4108 2553 4154 καὶ

1785 4402 1830 4455 D
1862 4367 2146 4434 μακαρίτου
2204 4382 2302 4434 μου
2386 4365 2639 4428 Βασιλέως
2727 4376 2936 4432 σκοπός·
3023 4382 3173 4427 τοῦτο
3258 4374 3316 4430 δὶ
3379 4400 3503 4454 πρε-

1864 4450 2165 4523 σϐευόμενος
2229 4456 2353 4523 πρὸς
2408 4459 2527 4516 τοὺς
2588 4459 2681 4515 τὴν
2758 4464 2964 4531 Κρήτην
3048 4466 3266 4535 ἔχοντας
3346 4450 3504 4545 Ἄρα-

1861 4538 1969 4600 ϐας.
2026 4541 2195 4605 »Ουω
2248 4540 2328 4595 sic
2358 4542 2558 4599 Latine
2610 4553 2827 4602 sonant
2853 4548 3108 4608 Allatio:
3146 4575 3174 4607 ((
3202 4560 3351 4619 Cum
3400 4538 3502 4620 Au-

1858 4628 2101 4700 quando
2127 4628 2189 4684 in
2220 4632 2363 4685 Paro
2390 4647 2586 4687 essem
2614 4633 2810 4690 insula
2839 4656 2854 4704 ;
2887 4636 2968 4693 fui
2999 4647 3233 4701 autem:
3267 4666 3409 4708 nam
3440 4653 3500 4709 in

1858 4716 2089 4773 Cretam
2138 4718 2496 4788 uavigabam
2527 4736 2564 4776 a
2609 4723 2797 4779 Leone
2839 4724 3023 4783 beatae
3078 4740 3382 4794 memoriae
3429 4756 3501 4797 eo

1857 4805 2073 4861 missus
2100 4825 2112 4875 ;
2140 4809 2349 4872 Leone,
2382 4808 2651 4881 inquam,
2687 4811 2788 4868 illo
2819 4828 2952 4870 vere
2978 4815 3279 4881 fortunato
3308 4827 3501 4899 impe-

1854 4898 2064 4958 ratore.
2094 4895 2198 4966 qui
2225 4895 2420 4966 ipsam
2470 4899 2870 4957 Romanorum
2916 4901 3252 4967 felicitatem
3293 4895 3497 4973 secum

1852 4984 2084 5039 videtur
2128 4986 2187 5039 in
2234 4986 2574 5058 sepulcrum
2626 4988 2930 5047 intulisse:
2969 4995 3243 5056 mittebar
3298 5008 3497 5064 autem

1854 5089 1969 5128 una
2009 5072 2266 5128 militans
2293 5091 2427 5130 cum
2469 5076 2798 5135 clarissimo
2824 5079 2922 5135 illo
2952 5084 3235 5152 Hemerio,
3294 5098 3497 5163 utpote

1849 5162 2107 5217 ducendi
2167 5163 2455 5219 exercitus
2517 5167 2889 5235 peritissimo,
2946 5171 3138 5229 dromi
3205 5162 3493 5252 praefecto,

1848 5249 1949 5321 qui
1976 5254 2032 5304 et
2063 5250 2346 5307 universas
2378 5253 2549 5308 classi
2578 5255 2912 5325 imperabat
2936 5262 3292 5322 ....Mittebar
3320 5249 3497 5338 igitur

1848 5338 2059 5408 partim
2090 5355 2226 5394 cum
2253 5356 2323 5394 eo
2370 5341 2648 5407 militans,
2682 5350 2736 5398 et
2785 5345 2859 5399 ad
2904 5346 3295 5419 imperatoriae
3348 5362 3493 5417 artis

1846 5426 2271 5481 documentum
2315 5428 2557 5500 aliquod
2610 5437 3074 5506 promovendus,
3134 5448 3195 5497 ut
3240 5446 3494 5515 equulus

1849 5516 2044 5581 matri,
2078 5515 2156 5570 ad
2206 5518 2490 5587 praeclara
2529 5520 2655 5591 ejus
2704 5527 3128 5596 stratagemata
3173 5533 3491 5593 assiliens:

1848 5603 1907 5660 id
1966 5604 2125 5660 enim
2193 5605 2489 5679 praecipue
2535 5612 2838 5681 Augustus
2878 5617 3182 5686 spectabat
3244 5621 3491 5691 :partim
