4114 6262
600 342 697 396 271

2015 302 2272 361 MENSIS
2303 297 2570 357 JUNIUS.

3930 276 4029 329 272

573 469 638 519 ut
692 462 770 517 ad
807 456 1032 513 Arabas
1082 452 1313 506 Cretam
1364 442 1689 499 obtinentes
1741 433 2037 505 legatione
2083 430 2213 484 fun~
2242 426 2290 480 Α
2319 422 2589 494 (ingenii)
2618 411 3122 486 incomparabiles
3167 409 3362 465 statim
3407 411 3464 463 et
3496 422 3534 519 εξ
3562 404 4030 519 primo,Auise

2421 511 2434 519 ‘
2483 510 2519 519 "
2779 511 2788 519 -
3091 498 3330 519 α--ρ-ι-
3364 495 3511 519 ---ει
3544 510 3575 519 ,ι
3604 498 3789 519 Ληιη..
3852 506 3885 519 ι,
3942 494 4023 519 οι.

745 569 815 602 ,)ὶ

745 591 757 602 ,
802 569 815 595 ι

571 565 814 694 gegiarﬂir
864 634 955 688 his
993 630 1167 684 infert
1196 620 1517 679 Bollandus
1571 620 1788 677 noster,
1820 613 1879 666 in
1928 608 2211 681 pradicta

570 724 937 799 prafatione,
972 714 1433 787 Metapbrastem
1471 706 1531 761 id
1577 701 1857 774 temporis
1897 714 2015 753 non
2060 695 2210 751 adeo

570 784 749 870 inisse
780 784 933 867 natur
956 784 1324 878 provectum,
1353 803 1412 852 ut
1434 796 1536 868 qui
1563 788 1956 864 imperatoria
1990 784 2213 839 virtutis

574 900 914 959 tirocinium
934 908 1155 969 ponere
1187 888 1301 944 sub
1324 894 1598 941 veterano
1625 881 1775 936 duce
1795 877 2120 948 juberetur,
2139 872 2215 927 ei-

573 1009 691 1065 que
732 964 972 1047 additus
993 983 1163 1040 fuerit
1191 981 1276 1033 οἶα
1312 976 1478 1037 πῶλος
1513 977 1693 1047 μητρί,
1725 991 1752 1022 ‹‹
1776 968 1933 1023 velut
1963 964 2217 1037 equulus

576 1080 770 1146 matri,
804 1099 832 1128 ››
860 1076 1176 1143 solumque
1224 1069 1275 1124 ei
1304 1066 1507 1123 tribuit
1546 1078 1616 1117 xx
1645 1076 1725 1117 ou
1761 1074 1881 1113 xxu
1920 1067 2217 1111 annorum

574 1140 831 1226 atatem.
866 1140 1111 1219 Allatius
1141 1172 1279 1213 vero
1319 1157 1471 1209 hanc
1501 1146 1954 1206 similitudinem
1986 1157 2105 1197 non
2143 1140 2219 1196 ad

576 1263 830 1320 atatem,
855 1252 961 1308 sed
988 1249 1066 1306 ad
1096 1245 1450 1301 docilitatem
1476 1244 1531 1295 et
1561 1234 1938 1306 disciplinam
1964 1230 2221 1286 referens

576 1363 645 1401 ex
692 1343 909 1399 ultimis
950 1336 1163 1404 verbis,
1197 1340 1347 1385 τοῦτο
1402 1326 1460 1381 δὲ
1513 1324 1911 1401 πρεσϐευόμενος
1954 1324 2078 1394 πρὸς
2110 1321 2223 1377 τοὺς

578 1439 670 1493 τὴν
702 1436 910 1505 Κρήτην
942 1430 1153 1499 ἔχοντας
1182 1419 1436 1494 Ἄραϐας,
1479 1439 1506 1466 ‹‹
1540 1415 1750 1487 partim
1781 1418 1843 1466 ut
1875 1410 1951 1465 ad
1997 1409 2226 1463 Arabas

579 1495 808 1578 Cretam
848 1495 1183 1573 obtinentes
1212 1509 1504 1577 legatione
1528 1504 1824 1572 fungerer,
1858 1523 1875 1547 ι
1907 1495 2228 1575 concludit,

579 1611 725 1667 eain
744 1606 1119 1679 expeditione
1144 1596 1600 1667 Metaphrastem
1624 1586 2012 1664 provectioris
2046 1584 2231 1640 atatis

580 1699 782 1765 fuisse,
804 1674 940 1766 qua
962 1705 1153 1761 capax
1175 1691 1322 1742 esset
1350 1680 1708 1737 sustinenda
1739 1674 2127 1735 auctoritatis,
2147 1676 2229 1726 at-

2320 488 2440 567 mel
2463 488 2684 573 dicam,
2707 511 2860 569 ortu,
2884 502 3060 557 etiam
3091 498 3335 554 ﬂorente
3357 494 3578 567 capillo
3600 488 4023 557 ostendebat;

2317 616 2438 657 non
2466 614 2636 653 secus
2662 600 2843 666 atque
2870 592 3112 647 leonum
3144 587 3319 643 catuli
3359 584 3698 642 ostendunt
3731 579 4023 651 protinus

2322 687 2709 759 supercilium
2740 689 2795 737 et
2833 682 3087 736 densam
3129 677 3262 733 colli
3286 677 3524 748 jubam.
3560 671 3819 727 Etenim
3851 666 4022 722 ﬂores

2323 758 2707 849 pullulabant
2757 770 3175 838 intelligentiae,
3236 772 3289 821 et
3347 758 4019 831 habebatprudentia

2326 846 2686 937 profundam
2711 859 3032 933 quamdam
3057 852 3623 925 radicem,quodam
3648 846 4018 905 admirabili

2325 934 2552 1023 fulgore
2575 966 2745 1007 mens
2761 947 3040 1004 micabat.
3059 945 3193 1000 Hac
3207 940 3595 1015 aliisquidem
3614 934 4017 993 suﬂ'ecissent

2328 1044 2404 1100 ad
2451 1041 2901 1114 perfectionem;
2953 1036 3014 1090 in
3072 1034 3172 1090 illo
3232 1035 3430 1087 autem
3498 1026 4012 1099 agnoscebantur

2327 1131 2500 1188 veluti
2531 1129 2811 1202 quadam
2842 1126 3004 1196 prius
3034 1123 3345 1192 descripta
3376 1120 3605 1191 ﬁgura,
3636 1131 3794 1190 qua
3827 1114 4009 1186 perfe-

2330 1226 2487 1277 ctam
2527 1220 2657 1289 ejus
2692 1216 2953 1271 indolem
2988 1208 3549 1285 prasigniﬁcabant.
3586 1229 3617 1259 ››
3664 1205 3842 1271 Quid
3886 1204 4009 1257 miri

2331 1311 2521 1383 igitur,
2552 1309 2603 1362 si
2630 1304 3053 1377 Metaphrastes
3079 1301 3140 1356 id
3163 1299 3442 1370 temporis
3465 1296 3783 1365 legatione
3815 1292 4011 1364 aliqua

2336 1399 2680 1473 perfunctus
2736 1394 2922 1458 fuerit,
2964 1389 3280 1463 prudentia
3330 1386 3519 1455 magis
3571 1400 3777 1457 quam
3843 1388 4009 1437 atate

2338 1471 2656 1561 provectus
2677 1484 2705 1539 7
2737 1484 2885 1539 forte
2918 1482 3095 1537 etiam
3126 1479 3258 1534 aliis
3290 1477 3495 1546 legatis
3528 1472 3893 1529 senioribus
3917 1471 4011 1525 ho-

2339 1576 2500 1633 noris
2526 1590 2712 1631 causa
2740 1572 2997 1633 additus,
3034 1577 3095 1624 ut
3115 1564 3637 1639 quemadmodum
3663 1561 3796 1615 sub
3832 1561 4009 1615 Hime-

2339 1668 2427 1722 rio
2459 1672 2737 1721 veterano
2767 1662 2916 1716 duce
2943 1660 3024 1714 rei
3056 1656 3351 1718 militaris,
3381 1656 3461 1709 ita
3492 1653 3607 1707 sub
3642 1652 3718 1706 iis
3746 1654 3845 1705 rei
3874 1650 4013 1721 poli-

579 1803 696 1859 que
738 1744 897 1840 il’lilus
945 1777 1284 1853 prudentia,
1331 1786 1465 1843 qua
1518 1773 1577 1824 iu
1626 1768 1822 1839 legato
1873 1762 2225 1834 requiritur:
2269 1780 2309 1834 Β
2341 1757 2469 1812 tica
2502 1758 2653 1809 inter
2688 1759 2921 1808 exteras
2971 1749 3236 1803 nationes
3276 1744 3692 1800 rudimentum
3738 1747 4010 1812 poneret.

1931 1853 1941 1859 .
2048 1851 2079 1859 ..
2153 1849 2185 1859 ..
2419 1847 2466 1859 ..
2559 1845 2596 1859 Α
2662 1842 2721 1859 ,1
2782 1841 2956 1859 :_s._-h
2995 1837 3112 1859 12-..:
3178 1834 3362 1859 --a..:s
3440 1832 3668 1859 ι’..ηι-..ρη
3715 1830 4010 1859 ιηηδῖεῆηι

581 1849 767 1948 quare
797 1849 988 1928 annois
1038 1884 1125 1933 XL,
1166 1869 1269 1920 aut
1316 1861 1633 1916 minimum
1682 1871 1838 1912 xxxv
1896 1853 1944 1907 ei
1992 1849 2223 1906 tribuit.

582 1940 761 2017 Multa
791 1958 1036 2032 quidem
1082 1954 1177 2009 ille
1232 1956 1443 2023 prater
1474 1948 1590 2003 alia
1627 1959 1818 2015 eaque
1872 1940 2229 2011 gravissima

582 2028 1103 2115 eruditecongerit,
1121 2042 1276 2097 unde
1298 2037 1637 2111 opinionem
1650 2048 1812 2089 suam
1828 2028 2229 2085 verosimilem

584 2137 819 2194 reddat.

655 2227 708 2281 9.
738 2224 953 2282 Omnia
983 2225 1206 2283 tamen,
1247 2228 1620 2289 quacunque
1646 2209 1834 2272 aﬁ‘ert,
1896 2222 2020 2261 rem
2053 2203 2229 2275 plane

581 2330 705 2372 non
735 2312 1073 2373 conﬁciunt,
1106 2304 1489 2378 idquesolum
1504 2301 1876 2363 convincunt,
1903 2291 2229 2350 communi-

582 2410 670 2461 ter
693 2404 752 2459 id
783 2401 1124 2467 contingere
1163 2393 1495 2450 secundum
1524 2387 1873 2445 ordinariun
1901 2400 2097 2440 rerum
2123 2382 2230 2436 hu-

583 2507 901 2548 manarum
932 2502 1193 2550 cursum,
1227 2499 1347 2538 non
1395 2496 1538 2535 vero
1568 2477 1851 2541 absolute,
1896 2475 1979 2529 ita
2010 2472 2230 2527 factum

582 2595 872 2650 nunquan
903 2576 1260 2643 esse.Capax
1284 2570 1500 2626 etenim
1526 2573 1611 2621 est
1638 2577 2071 2632 nonnunquam
2092 2558 2233 2613 ado-

583 2669 865 2725 lescentia
891 2681 1086 2721 rerum
1129 2660 1550 2719 maximarum,
1578 2661 1701 2708 tum
1746 2654 1805 2707 in
1840 2650 2063 2713 militia,
2107 2653 2231 2700 tum

584 2758 646 2814 in
685 2755 1013 2829 republica,
1052 2747 1379 2823 prasertim
1431 2745 1477 2799 si
1536 2741 1845 2814 prudentia
1877 2746 1933 2793 et
1983 2736 2233 2792 exterior

584 2825 851 2918 corporis
896 2841 1139 2913 species,
1175 2842 1237 2892 ut
1270 2835 1635 2907 quandoque
1685 2830 1905 2885 factum
1949 2825 2229 2890 vidimus,

584 2913 769 2991 atatis
797 2932 1091 2987 defectum
1115 2926 1406 2997 suppleat.
1443 2923 1513 2979 Ut
1538 2922 1688 2975 alios
1722 2924 2085 2991 prateream,
2117 2913 2233 2969 Sci-

584 3024 684 3095 pio
716 3023 1041 3084 Africanus,
1062 3016 1226 3089 quod
1244 3017 1514 3069 Romana
1534 3010 1713 3065 habet
1739 3006 2002 3069 historia,
2039 3018 2231 3058 annos

585 3128 721 3166 xxnv
767 3116 961 3173 natus,
1007 3108 1329 3177 imperator
1355 3101 1569 3156 missus
1627 3103 1714 3152 est
1744 3097 1801 3151 in
1862 3093 2228 3164 Hispaniam,
2269 3123 2311 3180 ρ

585 3216 771 3271 quam
817 3203 1074 3269 quatuor
1106 3191 1399 3248 mensium
1442 3189 1624 3260 spatio
1673 3183 2230 3252 Carthaginensibus

584 3287 817 3359 eripuit.
850 3284 1169 3356 Pompeius
1192 3281 1463 3350 Magnus,
1502 3282 1642 3332 teste
1675 3274 1951 3329 Cicerone
1981 3273 2039 3326 in
2070 3276 2225 3325 Orat.

576 3358 693 3449 pro
756 3378 873 3447 lege
910 3373 1182 3437 Manilia,
1218 3391 1246 3422 «
1286 3371 1525 3424 ineunte
1570 3361 1971 3419 adolescentia
2010 3358 2231 3413 summi

582 3466 710 3537 ipse
758 3463 1044 3519 exercitus
1093 3461 1418 3531 imperator
1448 3455 1592 3518 fuit;
1625 3473 1646 3500 ι
1689 3456 1745 3505 et
1769 3456 1964 3503 tamen
2005 3451 2232 3517 quanta

583 3535 645 3607 in
678 3551 1040 3608 moderando
1071 3546 1495 3618 dirigendoque
1522 3540 1775 3595 exercitu
1813 3535 2124 3608 prudentia
2149 3551 2235 3590 re-

584 3657 839 3712 rumque
865 3656 1006 3693 usus
1027 3636 1341 3707 requiritur
1370 3632 1382 3684 l
1410 3632 1585 3685 Juvat
1610 3629 1705 3683 hic
1732 3633 2042 3681 annectere
2070 3623 2230 3695 quod

582 3729 755 3786 refert
770 3724 1148 3799 Beyerlinkin
1174 3723 1424 3778 Theatra
1438 3718 1767 3779 v2tahum.,
1783 3713 2160 3783 verbozLegat
2169 3729 2233 3768 us

588 3836 617 3870 (ι
636 3816 949 3879 Venerant,
981 3810 1193 3883 inquit,
1229 3805 1517 3878 superiori
1544 3820 1673 3858 avo
1702 3802 1780 3856 ad
1808 3803 2228 3871 imperatorem

587 3904 836 3962 Orientis
864 3900 1157 3957 imberbes
1178 3895 1376 3965 legati,
1409 3910 1561 3965 quos
1586 3906 1721 3945 cum
1754 3889 1849 3944 ille
1881 3890 2226 3960 despiceret,

586 3993 748 4066 quod
807 3988 1300 4047 adolescentiores
1338 3983 1505 4040 missi
1544 3984 1756 4047 essent,
1787 3978 1963 4033 libere
2026 3985 2081 4032 et
2119 3993 2227 4032 au-

584 4064 786 4138 dacter
823 4081 1125 4135 dixerunt:
1169 4074 1224 4130 Si
1257 4090 1327 4129 ex
1358 4070 1539 4127 menti
1568 4067 1850 4137 lanugine
1880 4064 2231 4121 aestimanda

589 4171 666 4226 sit
699 4168 968 4241 aptitudo
999 4171 1053 4221 et
1083 4163 1366 4235 dignitas,
1400 4161 1595 4217 hircos
1617 4158 1875 4231 potiores
1902 4162 2098 4228 partes
2126 4154 2231 4209 ha-

584 4260 838 4316 bituros.
873 4279 903 4307 »

656 4360 744 4413 10.
777 4354 946 4421 Quod
970 4354 1148 4423 igitur
1180 4352 1241 4406 in
1281 4348 1485 4422 paucis
1510 4345 1774 4415 contigit,
1805 4344 1863 4398 in
1906 4342 2230 4412 Metapbra-

584 4452 670 4500 ste
697 4446 1037 4513 contingere
1065 4441 1273 4510 potuit,
1300 4436 1620 4508 prasertim
1643 4450 1776 4486 cum
1808 4430 2056 4486 Michael
2080 4430 2232 4485 Psel-
2262 4464 2307 4518 Β

580 4533 676 4590 lus
709 4531 895 4602 ipsius
927 4528 1345 4593 encomiastes,
1372 4525 1500 4594 ejus
1539 4523 1598 4576 in
1631 4521 1824 4591 prima
1866 4524 2039 4573 atate
2074 4520 2232 4586 inge-

582 4622 768 4683 nium,
799 4618 1187 4687 innatamque
1210 4613 1382 4685 quasi
1412 4609 1787 4681 prudentiam
1807 4606 2046 4661 extollat
2070 4606 2231 4660 hisce

580 4709 815 4767 verbis:
884 4727 911 4759 (ι
972 4709 1069 4758 Καὶ
1121 4708 1178 4756 τὸ
1251 4702 1384 4753 κατὰ
1426 4701 1626 4750 πάντων
1677 4696 1991 4768 ἀσύγκριτον
2045 4697 2229 4768 κράτος

580 4804 669 4852 καὶ
715 4794 1088 4871 ἀπαράμιλλον,
1146 4788 1204 4849 ἧν
1257 4792 1344 4861 μὲν
1386 4787 1533 4846 εὐθὺς
1580 4789 1637 4837 τὸ
1683 4783 1737 4835 ἐκ
1776 4789 2004 4853 πρώτης,
2059 4786 2126 4844 ὡς
2158 4783 2227 4834 εἰ-

579 4895 711 4953 πεῖν,
769 4870 1031 4957 γενέσεως,
1090 4885 1177 4932 καὶ
1230 4878 1282 4940 ἐξ
1330 4875 1586 4934 ἀνθούσης
1644 4870 1749 4931 ἤδη
1801 4876 2003 4946 τριχὸς,
2054 4874 2226 4943 ὥσπερ

579 4979 628 5028 οἱ
678 4983 775 5027 τῶν
827 4974 1038 5025 λεόντων
1099 4971 1340 5039 σκύμνοι,
1398 4965 1543 5023 εὐθὺς
1594 4968 1686 5019 τὴν
1749 4962 1903 5036 ὀφρὺν
1975 4958 2230 5033 παραδει-

579 5067 830 5129 κνύοντες,
890 5067 979 5113 καὶ
1047 5068 1144 5111 τῶν
1213 5057 1533 5125 ἐπαυχενίων
1621 5058 1819 5121 τριχῶν
1889 5054 1945 5101 τὸ
2023 5049 2222 5103 λάσιον.

576 5151 813 5208 ’Υπήνθει
887 5153 987 5222 γὰρ
1066 5147 1204 5217 αύτῷ
1262 5146 1326 5197 τὰ
1367 5150 1462 5200 τῆς
1512 5143 1759 5197 συνέσεως
1808 5140 1960 5203 ἄνθη,
2015 5143 2102 5190 καὶ
2166 5142 2222 5189 τὸ

579 5243 814 5309 φρόνημα
862 5239 1013 5310 ῥίζαν
1071 5237 1186 5287 τινὰ
1266 5229 1376 5304 εἶχε
1445 5227 1679 5300 βαθεῖαν,
1738 5230 1824 5277 καὶ
1882 5228 1906 5277 ὁ
1968 5235 2087 5285 νοῦς
2148 5227 2224 5287 ἐξ-

576 5328 843 5397 ήστραπτέ
904 5346 952 5376 τι
1010 5326 1315 5395 θαυμάσιον.
1378 5322 1553 5374 Ταῦτα
1610 5312 1668 5367 δὲ
1726 5322 1833 5375 τοῖς
1888 5319 1975 5384 μὲν
2053 5314 2224 5375 ἄλλοις

576 5414 832 5487 ἁρκούντα
888 5411 1163 5483 ἐτύγχανεν
1213 5412 1281 5472 εἰς
1335 5409 1610 5469 τελείωσιν,
1661 5403 1831 5474 ἐκείνῳ
1888 5401 1943 5454 δὲ
2020 5422 2223 5473 προχα-

573 5503 818 5573 ράγματα
864 5509 957 5561 τῆς
1015 5500 1204 5561 τελείας
1256 5498 1556 5572 ἐγνωρίζετο
1611 5496 1829 5564 φύσεως.
1881 5513 1909 5545 ››
1951 5494 2092 5556 Qua
2149 5508 2220 5546 ex

575 5588 1061 5657 interpretatione
1082 5587 1275 5642 Allatii
1293 5585 1371 5640 ita
1393 5588 1637 5639 sonant:
1667 5602 1691 5631 α
1717 5582 1782 5635 Et
1810 5581 1957 5636 vires
1982 5578 2217 5651 quidem

2415 1847 2500 1902 11.
2555 1842 2727 1908 Quod
2782 1841 2957 1912 igitur
2995 1837 3117 1892 ﬁeri
3173 1834 3382 1907 potuit,
3440 1832 3671 1887 factum
3715 1830 4014 1899 tantisper

2340 1947 2781 2006 supponamus,
2798 1933 2978 1999 atque
2993 1925 3202 1981 ultimo
3220 1922 3427 1979 Leonis
3451 1919 3815 1990 Philosophi
3831 1934 4007 1983 anno,

2338 2039 2469 2079 ara
2500 2018 2839 2078 communis
2870 2017 2993 2082 9H,
3029 2014 3303 2085 Symeoni
3336 2010 3723 2079 Metapbrasti
3762 2024 3885 2063 xxx
3918 2012 4008 2061 aut

2339 2128 2491 2167 xxxu
2519 2124 2816 2165 annorum
2848 2111 3081 2160 atatem
3110 2102 3464 2157 tribuamus.
3500 2098 3720 2153 Poterit
3765 2104 3915 2152 tunc
3941 2095 4003 2151 ad

2339 2206 2617 2272 tempora
2631 2194 2941 2267 Nicephori
2960 2193 3171 2247 Phoca
3193 2189 3533 2261 pervenisse
3547 2188 3680 2258 (qui
3694 2202 3874 2242 anno
3887 2202 3996 2241 uni

2339 2288 2600 2360 ejusdem
2616 2286 2816 2342 saculi
2830 2282 3130 2354 imperium
3146 2278 3398 2336 Orientis
3411 2279 3659 2349 adeptus
3675 2276 3823 2344 fuit)
3840 2282 3987 2347 atque

2338 2378 2723 2447 octogenario
2768 2374 2960 2442 major
2990 2370 3193 2441 aliqua
3225 2369 3405 2423 etiam
3437 2366 3869 2422 elucubrasse.
3903 2368 4003 2420 Hoc

2342 2466 2673 2538 supposito,
2704 2463 3012 2517 videamus
3034 2476 3107 2514 an
3129 2456 3514 2523 chronologia
3534 2455 3662 2510 hac
3685 2455 4007 2510 convenire

2344 2555 2529 2626 possit
2552 2558 2752 2607 nostro
2776 2551 3023 2613 auctori,
3052 2547 3152 2619 qui
3174 2564 3339 2602 num.
3374 2545 3441 2599 19
3471 2560 3730 2599 narrans
3765 2545 4010 2599 miracu-

2341 2643 2464 2698 lum
2496 2641 2658 2714 quod
2684 2638 2895 2694 Barda
2933 2635 3413 2710 protospathario
3454 2634 3693 2697 accidit,
3729 2633 3813 2688 ait
3846 2638 4008 2703 ῖΣφὸ-

2345 2728 2449 2803 δρα
2514 2728 2571 2782 δὲ
2626 2726 2775 2789 οὗτος
2820 2728 3064 2797 Ῥωμανῷ
3116 2724 3324 2798 βασιλεί
3390 2733 3460 2794 τῷ
3520 2723 3732 2775 ἐπιεικεῖ
3802 2741 3857 2772 τε
3912 2726 4003 2772 καὶ

2342 2828 2565 2893 χρηστῷ
2640 2823 3029 2891 προσῳκείωτο,
3091 2818 3143 2867 ὃν
3219 2819 3308 2865 καὶ
3384 2816 3538 2864 ἴσασι
3618 2814 3807 2873 πάντες,
3879 2812 3996 2860 υἱὸν

2346 2912 2732 2962 Κωνσταντίνου
2812 2908 3071 2977 γενέσθαι,
3152 2910 3260 2967 τοῦ,
3345 2905 3408 2954 τὰ
3481 2904 3652 2954 πάντα
3727 2898 3989 2950 συνελόντα

2344 3000 2515 3065 εἰπὼν,
2550 2996 2991 3069 βασι)ικωτάτου.
3027 3017 3053 3043 ι(
3087 2993 3148 3047 Ei
3194 3009 3332 3047 vero
3363 2991 3614 3063 (Barda)
3656 3004 3883 3057 magna
3919 2992 3998 3043 in-

2344 3094 2683 3143 tercesserat
2731 3085 3100 3141 familiaritas
3152 3099 3290 3137 cum
3333 3081 3608 3135 Romano
3640 3081 3995 3149 imperatore

2342 3177 2686 3244 benignoet
2712 3174 3021 3237 clemente,
3045 3188 3227 3243 quem
3255 3172 3449 3225 sciunt
3478 3185 3690 3225 omnes
3713 3168 3906 3223 fuisse
3934 3168 3991 3221 ﬁ-

2339 3266 2483 3320 lium
2516 3262 2897 3327 Constantini,
2939 3262 3040 3333 qui
3072 3261 3157 3332 (ut
3186 3261 3392 3315 omnia
3422 3258 3605 3314 semel
3634 3256 3868 3328 dicam)
3900 3257 3994 3312 fuit

2341 3353 2662 3422 imperator
2710 3351 3002 3421 egregius,
3039 3371 3062 3400 ι
3109 3350 3328 3421 quibus
3371 3348 3569 3403 verbis
3601 3346 3675 3401 de
3726 3346 3995 3401 Romano

2343 3439 2710 3495 Constantini
2734 3437 3227 3510 Porphyrogeniti
3247 3437 3388 3502 ﬁlio,
3416 3443 3478 3492 ut
3493 3437 3619 3505 jam
3652 3442 3896 3491 mortuo
3923 3436 3993 3490 lo-

2342 3531 2438 3601 qui
2484 3530 2731 3595 videtur,
2773 3528 2889 3583 nisi
2933 3528 3081 3583 forte
3121 3527 3264 3582 verti
3297 3527 3508 3598 possit:
3542 3526 3655 3581 «Ei
3694 3541 3839 3580 vero
3877 3541 3993 3580 ma-

2344 3634 2458 3689 gna
2478 3616 3257 3673 intercedebatfamiliaritas
3279 3632 3415 3671 cum
3435 3614 3715 3670 Romano
3747 3615 3987 3681 impera-

2344 3716 2485 3774 tore,
2513 3724 2686 3778 quem
2707 3707 3124 3761 sciuntomnes
3154 3722 3287 3760 esse
3303 3704 3492 3760 ﬁlium
3522 3702 3918 3767 Constantini;
3950 3722 3971 3751 ν

2339 3806 2515 3869 atque
2537 3799 2617 3851 ita
2647 3796 2718 3851 ad
2758 3795 3005 3851 Romani
3042 3795 3417 3866 imperatoris
3451 3801 3746 3864 tempora,
3782 3794 3886 3864 qui
3916 3792 3985 3846 ab

2339 3902 2498 3940 anno
2528 3887 2630 3940 960
2657 3886 2731 3940 ad
2764 3890 2827 3940 63
2870 3884 3191 3954 imperium
3245 3884 3451 3948 tenuit,
3510 3882 3710 3938 referri
3771 3886 3989 3951 posset,

2338 3975 2485 4029 alias
2504 3976 2580 4029 ad
2613 3975 2964 4029 successoris
2991 3973 3141 4028 illius
3160 3973 3470 4045 Nlcephori
3501 3973 3701 4027 Phoca
3724 3978 3995 4043 tempora

2338 4062 2803 4128 transferendus,
2858 4062 3122 4133 adeoque
3159 4062 3305 4117 nihil
3335 4062 3429 4117 hic
3472 4068 3577 4126 est,
3633 4060 3803 4133 quod
3857 4076 3991 4116 cum

2338 4158 2506 4207 atate
2540 4151 2951 4221 Metapbrastis
2982 4156 3212 4222 pugnet.

2410 4252 2494 4305 12.
2527 4252 2597 4305 At
2627 4252 2826 4304 terruit
2860 4265 2952 4304 me
2974 4248 3135 4318 quod
3162 4265 3327 4303 num.
3364 4250 3429 4303 15
3457 4248 3703 4319 legatur,
3734 4255 3801 4306 ut
3826 4253 3991 4323 apud

2341 4341 2578 4396 Surium
2630 4339 2976 4394 translatum
3027 4343 3132 4402 est,
3186 4337 3433 4392 scilicet:
3481 4361 3501 4388 ι
3537 4338 3685 4393 Petit
3740 4357 3777 4396 a
3827 4340 3992 4397 bono

2338 4430 2563 4484 Joanne
2596 4427 2706 4499 (ille
2732 4427 2890 4482 enim
2915 4432 3049 4481 tunc
3069 4426 3376 4481 obtinebat
3395 4427 3740 4498 imperium)
3766 4436 3825 4484 ut
3846 4446 3991 4486 cura

2340 4519 2518 4588 hujus
2565 4519 2782 4573 domus
2833 4516 2944 4571 sibi
2982 4516 3479 4583 demandaretur;
3514 4538 3541 4570 »
3577 4518 3677 4573 ubi
3724 4521 3987 4576 Joannes

2341 4607 2627 4662 Zemisces
2653 4606 3019 4672 indigitatur,
3042 4606 3144 4678 qui
3167 4622 3326 4661 anno
3346 4612 3448 4663 969
3475 4622 3721 4677 regnare
3743 4609 3989 4681 incepit,

2341 4696 2416 4750 ad
2444 4696 2612 4766 cujus
2637 4702 2904 4763 tempora
2928 4694 3345 4765 Metaphrastes
3374 4711 3530 4765 agre
3558 4702 3743 4767 potest
3769 4700 3991 4768 pertin-

2341 4799 2496 4853 gere,
2531 4784 2641 4839 nisi
2673 4799 2809 4838 eum
2834 4784 3239 4852 nonagenario
3271 4786 3578 4856 majorem,
3616 4785 3808 4841 Vitam
3830 4787 3989 4843 hanc

2340 4874 2642 4943 scripsisse
2670 4872 2979 4927 fateamur.
3010 4874 3198 4937 Quam
3214 4874 3292 4928 ob
3319 4890 3439 4928 rem
3467 4891 3569 4944 pro
3590 4875 3820 4930 Joanne
3847 4877 3993 4932 scri-

2337 4961 2599 5017 bendum
2633 4967 2778 5032 puto
2806 4960 3289 5016 Constantinum:
3324 4962 3505 5034 idque
3527 4978 3597 5017 eo
3620 4962 3855 5018 facilius
3888 4966 3991 5020 ad-

2336 5050 2522 5104 ducor
2552 5056 2611 5104 ut
2649 5049 2908 5115 credam,
2950 5050 3092 5121 quia
3122 5051 3180 5104 in
3221 5052 3519 5123 ecgrapho
3551 5061 3746 5108 nostro
3780 5052 3991 5111 Graco

2334 5153 2551 5192 nomen
2573 5140 2824 5192 Joannes
2856 5138 3079 5206 integre
3110 5140 3391 5210 scriptum
3422 5156 3540 5195 non
3564 5141 3835 5207 habetur,
3882 5146 3989 5199 sed

2335 5224 2565 5278 duabus
2592 5229 2820 5279 tantum
2866 5225 3191 5280 initialibus
3238 5227 3441 5282 litteris
3497 5229 3594 5282 Ἰώ.
3630 5230 3695 5284 In
3737 5232 3991 5290 authen-

2336 5313 2449 5367 tico
2480 5311 2655 5380 igitur
2695 5329 2912 5367 nomen
2958 5316 3373 5371 Constantinus
3416 5333 3519 5387 per
3549 5321 3989 5389 compendium

2334 5401 2617 5469 scriptum
2650 5400 2819 5456 fuerit
2872 5402 3105 5457 duabus
3162 5410 3263 5459 aut
3286 5406 3469 5459 tribus
3512 5407 3720 5476 primis
3778 5408 3991 5466 litteris

2334 5496 2446 5542 Κῶν
2500 5494 2729 5544 tantum
2769 5507 3115 5560 expressum
3160 5511 3171 5557 ;
3223 5494 3379 5547 unde
3429 5496 3656 5550 extritis
3688 5497 3990 5557 edacitate

2333 5578 2637 5647 temporis,
2671 5578 2731 5633 in
2748 5578 3144 5647 primalittera
3172 5583 3235 5646 K,
3263 5581 3500 5639 duabus
3533 5587 3894 5644 transversis
3922 5589 3989 5644 li-
