4114 6262
134 308 242 363 273

1483 316 1650 372 VITA
1695 315 1754 371 S.
1797 314 2221 375 SAMPSONIS.

3443 327 3548 382 274

133 434 328 491 neolis
359 439 415 491 et
464 432 669 489 ultima
701 433 851 489 forte
884 433 1077 491 littera
1104 457 1150 500 ν,
1188 441 1272 492 ’Ιῶ
1315 442 1695 505 remanserit;
1727 456 1798 496 ex
1827 440 1873 495 A
1909 441 2063 497 illius
2121 445 2380 504 historim
2414 453 2599 522 putat,
2659 465 2788 522 quae
2825 449 3063 514 habeat,
3133 450 3548 506 nosocomium

134 538 330 596 eoque
359 525 653 579 Joannem
691 523 950 578 fecerint.
985 523 1133 580 Cum
1179 528 1356 596 igitur
1393 530 1492 585 illa
1523 533 1603 585 ita
1641 546 1800 585 com-

137 613 320 669 mode
337 613 616 684 explicari
642 611 888 683 possint,
909 618 1240 686 caeteraque
1255 619 1459 674 omnia
1477 619 1798 690 Metaphra.

137 702 210 757 sti
266 702 639 766 conveniant,
699 699 846 756 nihil
901 703 1085 767 obest,
1134 707 1460 776 quominus
1504 708 1697 764 Vitam
1740 710 1794 764 S.

136 788 488 862 Sampsonis
519 790 571 844 ei
602 791 996 850 ascribamus.
1031 807 1220 864 quam
1263 795 1322 849 in
1367 796 1664 868 decrepita
1691 813 1798 853 sua

137 884 438 935 senectute
455 880 870 949 composuerit,
890 887 1213 953 postquam
1227 883 1621 954 plurimorum
1641 903 1794 943 mar-

133 970 320 1038 tyrum
364 975 418 1024 et
463 968 901 1034 confessorum,
954 975 1016 1026 ut
1045 971 1296 1043 ipsemet
1340 975 1668 1042 conﬁtetur,
1703 993 1794 1032 res

137 1062 344 1127 gestas
375 1057 436 1112 in
469 1057 663 1113 lucem
691 1057 976 1114 ediderat.

211 1147 298 1201 13.
331 1146 606 1203 Notatum
656 1146 892 1202 invenio
936 1148 996 1203 in
1039 1148 1234 1207 Indice
1273 1156 1476 1207 nostro
1513 1153 1788 1221 viatorio,

133 1233 333 1291 Vitam
381 1237 745 1308 Sampsonis,
795 1252 930 1308 quas
988 1237 1214 1310 incipit,
1275 1240 1429 1294 Ἀλλὰ
1485 1245 1575 1314 μὲν
1630 1245 1792 1315 χάρι-

133 1342 224 1384 τος
275 1326 421 1398 ἔργον
477 1330 565 1377 καὶ
619 1328 909 1397 θεραπείας,
963 1335 1058 1389 τῆς
1120 1331 1252 1401 πρὸς
1306 1333 1393 1381 τὸν
1447 1334 1611 1402 μέγαν
1661 1339 1793 1404 Σαμ-

135 1412 251 1484 ψών
307 1418 440 1483 etc.,
495 1415 713 1470 servari
777 1417 1245 1488 manuscriptam
1309 1418 1368 1474 in
1419 1419 1793 1476 bibliothecis

136 1502 420 1558 Vaticana
446 1508 502 1558 et
530 1503 888 1559 Vallicellina
920 1507 1156 1571 Romae;
1184 1507 1325 1562 item
1357 1508 1412 1562 in
1450 1509 1786 1565 Florentina

135 1595 197 1647 et
238 1590 603 1647 Taurinensi.
633 1591 808 1647 Nobis
852 1593 950 1648 illa
983 1595 1213 1660 pridem
1273 1601 1534 1650 extracta
1579 1597 1686 1652 fuit
1719 1615 1790 1652 ex

135 1679 341 1734 codice
384 1697 517 1746 ms.,
563 1681 768 1751 utjam
815 1681 954 1744 dixi,
1001 1682 1275 1738 Medicaeo
1320 1684 1473 1754 regis
1523 1685 1791 1741 Christia-

1910 532 2276 604 Sampsonis,
2308 539 2518 594 eodem
2548 543 2811 609 rogante,
2845 555 2880 593 a
2903 538 3241 593 Iustiniano
3262 542 3546 603 erectum,

1909 635 2046 675 cum
2067 621 2387 696 Procopius
2409 625 2588 691 dicat,
2615 631 3028 691 restauratum,
3047 627 3208 698 quod
3225 627 3353 696 jam
3375 631 3551 682 antea

1907 707 2066 764 idem
2085 710 2382 782 Sampson
2401 715 2846 770 exmdiﬁcasset.
2868 715 3074 771 Verum
3098 716 3247 771 adeo
3268 716 3551 784 exiguum

1908 796 2014 853 fuit
2044 803 2300 871 primum
2331 803 2476 859 illud
2510 805 2860 876 Sampsonis
2901 803 3234 868 aediﬁcium,
3274 809 3396 858 tam
3426 803 3552 859 illu-

1905 891 2019 942 stre
2049 904 2183 944 vero
2203 895 2443 964 tamque
2468 893 2853 962 magniﬁcum
2881 909 2916 948 a
2940 891 3275 948 Iustiniano
3304 891 3548 961 factum,

1907 980 1968 1031 ut
2015 977 2157 1032 nihil
2209 980 2431 1036 veritati
2485 981 2812 1037 detraxisse
2873 979 3294 1052 Metaphrastes
3364 979 3549 1034 videri

1904 1066 2108 1135 possit.
2133 1067 2296 1132 Quod
2322 1069 2484 1124 addit
2513 1069 2806 1126 Baronius
2827 1069 2900 1123 de
2922 1065 3390 1137 conﬂagratione
3419 1067 3549 1138 ejus

1902 1156 2254 1216 nosocomii,
2295 1172 2468 1229 quam
2524 1163 2649 1212 tum
2680 1157 3003 1225 contigisse
3033 1157 3368 1220 arbitratur,
3413 1170 3551 1211 cum

1904 1240 2016 1295 sub
2047 1243 2356 1299 Anastasio
2402 1246 2628 1300 Sanctae
2661 1244 2894 1314 Sophiae
2943 1243 3233 1314 templum
3274 1247 3548 1299 exustum

1905 1327 2013 1384 fuit
2044 1347 2057 1395 ;
2091 1330 2318 1387 clarum
2350 1337 2437 1388 est
2473 1333 2533 1387 in
2573 1331 2832 1387 historiis
2869 1347 2990 1387 non
3022 1330 3204 1386 semel
3235 1330 3380 1386 illud
3404 1335 3549 1386 tem-

1906 1416 2071 1488 plum
2102 1419 2390 1474 incendiis
2438 1420 2765 1475 obnoxium
2809 1419 3021 1490 fuisse;
3064 1418 3376 1474 Iustiniani
3411 1433 3550 1474 vero

1905 1520 2064 1560 anno
2095 1524 2127 1560 v
2155 1507 2293 1562 illud
2309 1508 3050 1564 nosocomiumincensum
3071 1523 3200 1562 esse
3226 1507 3381 1562 idem
3415 1506 3551 1563 Pro-

1903 1595 2106 1665 copius
2135 1595 2307 1650 refert
2339 1597 2440 1651 lib.
2473 1614 2492 1649 1
2511 1599 2594 1652 De
2618 1597 2778 1666 aedif.
2804 1601 2856 1652 et
2887 1615 2902 1650 ι
2932 1597 3086 1652 Belli
3113 1598 3272 1652 Pers.
3300 1610 3429 1667 cap.
3457 1597 3548 1659 24,

1902 1689 1956 1736 et
2019 1683 2403 1754 Theophanes
2458 1686 2531 1740 ad
2563 1701 2787 1741 annum
2817 1701 2850 1738 v
2903 1684 3242 1740 Iustiniani.
3283 1686 3550 1739 Fortasse

134 1767 382 1834 nissimi,
435 1770 542 1824 sub
589 1769 703 1824 hoc
744 1770 930 1836 titulo,
965 1776 1080 1833 Βίος
1109 1777 1197 1824 καὶ
1241 1772 1476 1825 πολιτεία
1520 1782 1612 1826 τοῦ
1639 1776 1787 1826 ὁσίου

1905 1770 2148 1843 majoris
2182 1771 2466 1828 momenti
2493 1772 2557 1827 ﬁt
2590 1773 2649 1827 in
2673 1772 2785 1827 hac
2814 1787 2895 1837 re,
2929 1771 3090 1842 quod
3118 1772 3444 1842 Procopius
3475 1769 3549 1824 de

137 1862 339 1931 Πανρὸς
391 1860 535 1930 ἡμῶν
565 1858 788 1930 Σαμψὼν
828 1867 918 1912 τοῦ
968 1858 1251 1932 ξενοδοχου
1281 1881 1292 1892 ·
1351 1884 1372 1912 ι
1411 1864 1535 1918 Vita
1566 1871 1622 1918 et
1651 1880 1786 1920 con-

131 1947 392 2002 versatio
424 1949 611 2002 sancti
631 1948 818 2002 Patris
845 1951 1029 2004 nostri
1066 1951 1436 2018 Sampsonis,
1461 1954 1789 2025 exceptoris

131 2034 459 2106 hospitum.
495 2038 801 2092 »Latinam
837 2037 1274 2109 impresserunt
1307 2039 1668 2110 Lipomanus
1710 2048 1786 2098 to-

133 2139 238 2178 mo
265 2129 315 2187 6,
336 2128 392 2179 et
412 2140 482 2179 ex
514 2125 644 2195 ipso
673 2126 877 2182 Surius
901 2133 1064 2182 tomo
1083 2131 1114 2181 2
1143 2129 1336 2199 ;juxta
1363 2129 1792 2201 interpretatio-

131 2226 270 2266 nem
299 2211 569 2267 Gentiani
601 2213 833 2268 Herveti
857 2229 869 2268 :
894 2231 1076 2286 quam
1106 2217 1386 2273 eamdem
1414 2233 1524 2288 ego
1550 2235 1792 2292 quoque

126 2299 225 2354 hic
255 2298 503 2364 retineo,
544 2301 600 2354 in
626 2303 834 2373 paucis
868 2307 1067 2358 tamen
1097 2304 1418 2377 aliquibus,
1451 2323 1587 2362 cum
1630 2313 1792 2364 textu

130 2385 335 2443 Grmco
359 2387 610 2453 collatis,
643 2394 958 2444 mutatam.

556 2509 585 2581 ς
609 2511 672 2565 ll.
706 2540 775 2552 --
804 2511 1053 2580 Tempus
1078 2512 1308 2569 mortis.

201 2649 284 2704 14.
337 2649 509 2715 Quod
539 2649 616 2705 ad
656 2654 888 2706 aetatem
936 2652 1287 2722 Sampsonis
1329 2653 1557 2723 attinet,
1611 2656 1779 2710 Meta-

124 2737 414 2808 phrastes,
445 2739 838 2810 Menologium
869 2740 1064 2796 Basilii
1103 2741 1631 2813 Porphyrogeniti,
1675 2746 1781 2800 Me-

122 2842 260 2882 naaa
281 2843 522 2890 excusa,
555 2828 817 2896 Origines
849 2830 1519 2900 Constantinopolitanae
1544 2832 1777 2887 inedita;

1904 1859 2252 1930 Sampsonis
2309 1866 2476 1916 aetate
2525 1862 2641 1919 ait:
2697 1861 2853 1933 ’Δνήρ
2907 1879 2983 1921 τις
3034 1857 3277 1918 θεοσεϐὴς
3333 1857 3382 1910 ἓν
3439 1864 3549 1920 τοῖς

1901 1948 2005 1999 ἄνω
2060 1953 2292 2020 χρόνοις,
2326 1948 2549 2020 Σαμψὼν
2596 1953 2772 2020 ὄνομα.
2849 1949 2952 2004 Vir
2983 1947 3224 2019 quidam
3255 1946 3388 2014 pius
3451 1945 3552 2016 qui

1900 2039 2304 2105 superioribus
2329 2039 2506 2094 armis
2532 2038 2755 2107 ﬂoruit.
2792 2040 2864 2091 At
2891 2037 3006 2091 hoc
3045 2036 3223 2090 etiam
3254 2033 3399 2089 nihil
3425 2039 3546 2100 est;

1902 2141 2045 2180 nam
2105 2126 2424 2198 Procopius
2477 2126 2694 2181 librum
2744 2125 2910 2180 illum
2966 2125 3048 2180 De
3105 2124 3393 2191 (adiﬁciis,
3445 2121 3546 2178 ubi

1902 2214 2016 2270 hoc
2061 2215 2259 2280 habet,
2309 2219 2572 2270 extremo
2609 2213 2922 2270 Iustiniani
2975 2212 3226 2284 imperio
3292 2210 3544 2282 scripsit,

1903 2317 2120 2373 nempe
2157 2319 2257 2357 sex
2285 2309 2338 2358 et
2396 2303 2634 2372 triginta
2673 2307 2851 2372 atque
2895 2298 3153 2370 amplius
3185 2297 3356 2353 annis
3412 2299 3548 2367 post

1902 2397 2144 2446 mortem
2179 2391 2544 2462 Sampsonis.
2581 2390 2825 2460 Vigebat
2852 2394 3054 2444 tamen
3085 2386 3237 2442 adeo
3263 2386 3392 2457 ejus
3426 2400 3546 2440 me-

1900 2481 2099 2541 moria,
2163 2485 2221 2535 ut
2277 2479 2667 2547 Justinianus,
2724 2476 2962 2533 Novella
3015 2477 3082 2532 59
3136 2480 3192 2530 et
3261 2477 3382 2536 13t,
3441 2473 3545 2529 ubi

1896 2569 1968 2622 de
2017 2569 2346 2638 Sampsone
2400 2568 2681 2638 loquitur.
2720 2566 2779 2619 Ὀ
2822 2573 2916 2626 τῆς
2963 2567 3110 2625 ὁσίας
3167 2575 3376 2636 μνήμης
3412 2569 3547 2633 Σαμ-

1891 2654 2024 2727 ψών,
2057 2654 2240 2722 dicat,
2286 2659 2552 2712 «Sanctae
2585 2655 2888 2710 memoriae.
2931 2655 3270 2725 Sampson;
3318 2671 3347 2700 »
3376 2649 3546 2724 quod

1893 2747 1977 2815 (ut
2019 2744 2208 2801 obiter
2255 2747 2483 2813 notem)
2522 2759 2660 2799 cum
2699 2743 2759 2798 in
2790 2743 3050 2815 antiquis
3096 2738 3542 2811 manuscriptis,

1890 2832 2092 2887 litteris
2139 2833 2542 2901 singularibus
2575 2831 2632 2886 S.
2673 2831 2743 2884 M.
2802 2836 3070 2887 notatum
3099 2835 3269 2896 esset,
3307 2827 3462 2884 male
3482 2827 3545 2882 in

123 2921 296 2988 parte
325 2931 385 2979 ιι,
419 2929 557 2969 eum
580 2914 851 2969 ﬂoruisse
879 2915 1045 2969 aiunt
1082 2916 1195 2970 sub
1219 2916 1558 2972 Iustiniano
1590 2919 1782 2990 impe-
1891 2919 2484 2974 Latiniseditionibus
2500 2918 2856 2974 Novellaal3l
2878 2922 3185 2988 exceptum
3199 2917 3543 2972 est:Sanctaa

127 3009 344 3065 ratore,
399 3005 603 3072 utpote
655 3001 756 3072 qui
797 3001 875 3056 ab
906 3001 1118 3057 eodem
1175 3009 1382 3058 sancto
1414 3004 1474 3058 in
1502 3005 1651 3060 vivis
1681 3022 1782 3061 ex-

1893 3006 2083 3062 Μαι·ίὼ
2123 3008 2431 3077 Sampson.
2467 3007 2636 3071 Quod
2668 3011 2867 3062 autem
2900 3005 2962 3061 in
2991 3005 3378 3075 Metaphraste
3421 3017 3546 3058 cor-

129 3089 374 3145 sistente
403 3087 484 3145 ab
523 3087 948 3188 immed-icabili
992 3090 1202 3144 morbo
1242 3090 1415 3147 fuerit
1450 3092 1734 3148 liberatus
1767 3111 1780 3159 ;
1815 3134 1854 3188 Ο
1893 3095 2208 3163 rigendum
2254 3094 2427 3166 plane
2475 3109 2709 3159 censeo,
2750 3100 2835 3150 est
2885 3094 3035 3149 ratio
3079 3092 3361 3164 temporis
3415 3091 3545 3146 vita

127 3183 334 3250 atque,
364 3183 430 3234 ut
444 3193 550 3248 pro
564 3184 726 3233 tanto
745 3179 1032 3234 beneﬁcio
1050 3185 1242 3247 grates
1265 3181 1524 3244 referret,
1557 3183 1787 3252 magni-

127 3268 313 3324 ﬁcum
331 3267 524 3322 eidem
539 3265 920 3322 aediﬁcaverit
935 3267 1402 3329 xenodochium,
1425 3271 1589 3340 quod
1620 3271 1786 3326 dein-

129 3355 206 3412 de
265 3354 562 3426 Hospitale
604 3356 655 3411 S.
710 3354 1064 3426 Sampsonis
1106 3361 1191 3410 est
1241 3356 1629 3428 appellatum.
1687 3361 1790 3414 Ast

131 3445 451 3502 cardinalis
482 3444 770 3500 Baronius
798 3445 855 3500 in
879 3445 1041 3500 Notis
1063 3445 1139 3500 ad
1163 3445 1650 3516 Martyrologium
1677 3447 1787 3502 Ro-

132 3549 406 3598 manum,
449 3534 558 3589 hoc
593 3533 710 3598 die,
738 3550 808 3590 ea
838 3534 1045 3589 omnia
1089 3535 1304 3589 erroris
1354 3535 1565 3605 arguit,
1608 3551 1680 3591 ex
1727 3553 1793 3591 eo

125 3623 294 3697 quod
333 3621 681 3693 ProcOpius,
717 3623 819 3694 qui
855 3621 969 3677 illis
1004 3623 1378 3693 temporibus
1408 3625 1572 3689 vixit,
1607 3640 1794 3696 eaque

130 3712 211 3768 ob
261 3711 466 3767 oculos
505 3711 732 3775 habuit,
769 3711 872 3767 lib.
916 3730 932 3764 1
964 3712 1216 3778 zEdiﬁc.
1252 3713 1588 3768 Justiniam’
1624 3714 1792 3786 imp.,

133 3816 268 3870 cap.
302 3800 354 3864 2,
398 3805 661 3866 testetur,
694 3800 992 3871 HOspitale
1021 3802 1374 3872 Sampsonis
1411 3802 1674 3867 nomine,
1717 3803 1795 3858 ab

136 3889 343 3946 eodem
394 3891 728 3960 Sampsone
760 3896 1045 3954 erectum,
1089 3889 1231 3943 olim
1273 3889 1540 3946 incendio
1569 3890 1792 3947 conﬂa-

138 3994 374 4050 grasse;
394 3995 654 4051 cumque
672 3977 764 4034 vix
783 3979 1061 4050 quaedam
1080 3980 1506 4035 remansissent
1524 3982 1790 4050 vestigia,

137 4067 284 4123 illud
309 4068 502 4139 ipsum
524 4068 819 4140 hospitale
843 4067 916 4122 ab
937 4068 1152 4124 eodem
1177 4067 1204 4123 J
1215 4069 1514 4124 ustiniano
1539 4069 1791 4142 impera-

136 4160 263 4213 tore
291 4156 740 4213 muniﬁcentius
793 4155 1191 4213 instauratum
1233 4158 1434 4223 fuisse,
1490 4173 1792 4230 censuque

135 4261 338 4302 annuo
360 4246 617 4317 ingentis
634 4247 902 4318 pecuniae
933 4245 1380 4318 locupletatum.
1416 4251 1558 4302 Cum
1591 4253 1791 4302 autem

132 4337 566 4408 Metaphrastes
596 4352 763 4391 num.
798 4337 855 4390 ll
897 4339 1162 4400 testetur,
1195 4336 1418 4390 dictum
1446 4335 1790 4389 incendium

132 4425 456 4496 contigisse
486 4430 624 4496 post
647 4424 880 4478 obitum
917 4423 1288 4493 Sampsonis,
1322 4423 1568 4494 quando
1599 4428 1656 4477 et
1681 4424 1788 4477 So-

133 4514 286 4589 phi'ae
302 4514 498 4569 nobile
527 4513 818 4584 templum
842 4518 1112 4566 exustum
1133 4517 1236 4575 est,
1271 4527 1341 4566 ac
1369 4513 1587 4582 pariter
1611 4515 1787 4566 teste-

135 4610 232 4659 tur
271 4601 644 4658 Marcellinus
673 4601 732 4655 in
765 4598 1074 4662 Chronico,
1109 4599 1168 4654 id
1198 4601 1514 4669 contigisse
1551 4601 1608 4655 in
1642 4607 1790 4656 tem-

135 4692 388 4765 poribus
405 4688 704 4745 Anastasii
723 4688 1098 4761 imperatoris
1117 4688 1447 4755 ;concludit
1464 4689 1782 4761 prmlauda-

137 4787 236 4838 tus
289 4778 630 4845 cardinalis,
690 4779 866 4848 longe
919 4784 1054 4834 ante
1104 4779 1412 4834 Iustiniani
1470 4779 1786 4850 imperium

140 4873 540 4941 Sampsonem
570 4868 726 4923 diem
759 4884 933 4922 suum
965 4867 1217 4939 obiisse;
1252 4872 1431 4938 atque
1472 4884 1544 4922 ex
1575 4868 1786 4923 eodem

135 4957 433 5029 Procopio
466 4958 654 5012 multo
686 4956 878 5026 magis
909 4956 1216 5025 redarguit
1254 4956 1608 5016 Cedrenum.
1643 4956 1786 5011 dum

137 5047 636 5116 aitconﬂagrasse
657 5046 910 5101 domum
937 5044 1363 5116 Sampsoniam
1390 5060 1551 5100 anno
1586 5045 1790 5116 penul-

138 5137 284 5194 timo
313 5134 648 5192 Iustiniani.

211 5227 296 5282 15.
354 5227 466 5280 llas
504 5223 882 5278 dimcultates
921 5220 1186 5276 dissolvit
1226 5220 1497 5276 Nicolaus
1533 5221 1788 5277 Aleman-

140 5332 257 5371 nus
296 5315 352 5369 in
388 5313 537 5368 notis
569 5312 646 5368 ad
697 5311 870 5382 cap.4
911 5310 1185 5366 Historiae
1222 5325 1448 5366 arcanae
1498 5311 1787 5382 Procopii.

139 5405 313 5460 Juvat
342 5401 471 5474 ejus
493 5401 673 5457 verba
702 5399 798 5456 hic
829 5405 1176 5458 annectere:
1211 5418 1239 5450 «
1272 5401 1466 5470 Longe
1496 5399 1794 5470 antiquio-

141 5509 268 5550 rem
293 5490 626 5547 Justiniano
651 5492 1038 5560 Sampsonem
1064 5489 1250 5544 credit
1271 5487 1598 5543 cardinalis
1624 5489 1797 5544 Baro-

143 5581 278 5639 nius
311 5581 372 5636 in
401 5579 564 5636 Notis
599 5581 676 5637 ad
702 5577 1206 5653 Martyrologium,
1241 5585 1295 5633 et
1319 5575 1591 5634 vacillare
1613 5575 1792 5633 ﬁdem

1901 3183 2251 3253 Sampsonis
2297 3190 2353 3237 et
2393 3198 2688 3236 annorum
2731 3181 2964 3254 imperii
3010 3180 3326 3236 Iustiniani
3358 3199 3370 3245 ς
3401 3194 3545 3234 nam

1899 3271 2154 3326 antistite
2174 3273 2338 3328 Mena
2361 3272 2752 3340 Sampsonem
2793 3269 3176 3340 superfuisse,
3202 3267 3366 3323 haud
3393 3267 3545 3322 bene

1900 3360 2320 3431 Metaphrastes
2345 3362 2567 3420 narrat,
2592 3374 2728 3412 cum
2760 3363 2894 3413 ante
2917 3356 3297 3412 consulatum
3329 3355 3546 3410 Behza-

1901 3449 1969 3504 rii
2000 3448 2236 3511 obiisse,
2267 3463 2336 3502 ex
2369 3445 2603 3502 Novella
2629 3446 2698 3500 59
2729 3445 3039 3518 perspicue
3092 3446 3339 3500 constet.
3371 3443 3546 3498 Porro

1901 3537 2172 3608 ejusdem
2221 3535 2478 3591 Novellaa
2505 3534 2827 3607 publicatio
2869 3539 3046 3606 atque
3085 3532 3293 3588 electio
3339 3532 3542 3595 Menas,

1903 3627 2022 3682 fere
2047 3625 2106 3680 in
2134 3625 2290 3680 idem
2315 3631 2545 3696 tempus
2576 3623 2864 3689 incidunt,
2893 3637 3104 3694 nempe
3133 3621 3291 3677 circa
3318 3634 3546 3676 annum

1902 3713 2213 3770 Iustiniani
2245 3730 2305 3769 xi
2326 3730 2340 3778 ;
2365 3718 2424 3768 at
2457 3728 2594 3768 vero
2614 3718 2748 3768 ante
2772 3729 2998 3768 annum
3021 3711 3149 3782 ejus
3178 3725 3215 3764 v
3241 3714 3545 3765 mortuum

1907 3806 2300 3876 Sampsonem
2327 3803 2508 3857 fuisse
2549 3817 2724 3856 nemo
2762 3800 3005 3856 dubitet.
3046 3799 3133 3854 Ad
3156 3799 3315 3855 hunc
3353 3797 3545 3853 calcu-

1901 3894 2022 3950 lum
2065 3891 2402 3948 revocanda
2429 3897 2563 3946 sunt
2594 3907 2723 3964 qua:
2745 3898 2818 3946 de
2847 3888 3121 3945 incendio
3151 3886 3484 3944 nosocomii
3513 3901 3550 3942 a

1902 3983 2293 4056 Metaphraste
2323 3987 2658 4036 narrantur.
2717 3999 2747 4032 ›

1974 4073 2063 4128 16.
2115 4074 2245 4126 Haec
2302 4069 2526 4125 erudite
2575 4069 3069 4122 Alamannuszat
3123 4081 3283 4130 vero,
3341 4067 3548 4120 contra

1901 4158 2068 4232 quod
2108 4158 2204 4212 hic
2250 4157 2566 4221 existimat,
2609 4161 2817 4211 auctor
2852 4154 3120 4210 Chronici
3167 4151 3547 4208 Alexandrini

1902 4245 2350 4316 amplissimum
2381 4261 2450 4298 ea
2487 4248 2834 4315 tempestate
2861 4244 3047 4315 (anno
3079 4242 3298 4297 scilicet
3335 4242 3546 4313 quinto

1899 4331 2242 4400 Iustiniani)
2304 4331 2484 4386 fuisse
2543 4331 2623 4386 ait
2679 4330 3095 4385 nosocomium
3151 4328 3503 4400 Sampsonis

1901 4439 2038 4478 cum
2093 4421 2286 4475 dicat:
2321 4441 2341 4468 ι
2385 4422 2545 4472 Ξενὼν
2596 4426 2686 4470 τοῦ
2753 4417 2975 4488 Σαμψὼν
3029 4419 3053 4468 ὁ
3110 4421 3267 4490 μέγας
3327 4415 3544 4482 ἕκαύθη,

1900 4517 1988 4564 καὶ
2041 4509 2303 4562 ἀπώλοντο
2383 4509 2431 4560 οἱ
2507 4507 2555 4558 ἐν
2637 4507 2775 4576 αὐτῷ
2861 4505 3182 4574 ἀνακείμενοι
3265 4503 3546 4579 οῖῤῥωστοι.

1899 4597 2342 4657 Xenodochium
2391 4595 2739 4667 Sampsonis
2789 4609 3076 4663 magnum
3129 4592 3544 4662 conﬂagravit,

1899 4705 2140 4761 unaque
2181 4688 2397 4759 periere
2421 4685 2524 4757 qui
2555 4686 2614 4740 in
2653 4701 2722 4739 eo
2747 4689 2915 4740 erant
2939 4683 3180 4738 inﬁrmi.
3219 4704 3238 4732 ι
3283 4681 3546 4752 Hepara-
3587 4669 3594 4676 ’

1899 4783 2026 4834 tum
2063 4783 2262 4831 autem
2293 4781 2349 4830 et
2383 4773 2802 4828 reaediﬁcatum
2835 4788 2870 4826 a
2894 4770 3226 4825 Iustiniano
3250 4769 3414 4824 haud
3444 4767 3549 4825 diu

1898 4871 2107 4939 postea
2137 4866 2309 4928 stetit,
2339 4860 2631 4933 siquidem
2665 4875 2824 4916 anno
2848 4874 3043 4914 xxxvn
3069 4857 3337 4927 ejusdem
3363 4857 3548 4930 impe-

1899 4955 2112 5012 ratoris
2150 4969 2384 5008 rursum
2416 4951 2578 5017 arsit,
2627 4956 2688 5004 ut
2737 4948 2940 5004 scribit
2968 4946 3358 5020 Theophanes
3385 4952 3440 5003 et
3477 4962 3547 5004 ex

1901 5060 1972 5101 eo
2046 5042 2426 5100 Cedrenuszc
2487 5045 2570 5109 Τῷ
2635 5037 2709 5098 λζ’
2766 5039 2863 5089 Em
2932 5039 3134 5106 γέγονεν
3225 5033 3549 5107 ἐμπυρισμὸς

1901 5136 2078 5205 μέγας,
2179 5133 2267 5180 καὶ
2342 5125 2533 5182 ἐκαύθη
2611 5124 2807 5185 τελείως
2887 5124 2912 5174 ὁ
3005 5121 3151 5184 ξενὼν
3251 5130 3342 5173 τοῦ
3417 5129 3550 5193 Σαμι-

1901 5221 2032 5292 ψών.
2107 5223 2276 5272 Anno
2346 5213 2708 5287 (Iustiniani)
2781 5226 2978 5266 xxxvu
3047 5210 3268 5266 factum
3320 5215 3408 5266 est
3459 5211 3547 5265 in-

1902 5307 2173 5364 cendium
2210 5318 2518 5376 magnum,
2539 5307 2590 5357 et
2618 5297 3010 5367 conﬂagravit
3034 5298 3267 5369 penitus
3292 5297 3550 5354 xenodo-

1900 5396 2102 5452 chium
2134 5389 2499 5464 Sampsonis.
2534 5407 2562 5438 »
2591 5385 2874 5452 Quamvis
2900 5389 3110 5456 postea
3125 5385 3546 5442 remdiﬁoatum

1903 5487 2255 5638 colligitur.
2308 5566 2528 5622 frustra
2580 5561 2882 5634 redarguit
2933 5562 3147 5620 erroris
3223 5561 3547 5618 Cedrenum
