4114 6262
553 298 656 354 275
1968 279 2229 341 MENSIS
2268 279 2536 340 JUNIUS.
3876 282 4001 338 276

552 424 862 489 Baronius,
891 420 1056 494 quod
1087 418 1413 493 penultimo
1434 415 1667 488 imperii
1706 409 2012 469 Justiniani
2040 420 2196 463 :‘nno

2307 424 2391 479 νη·
2419 412 2476 461 τό
2507 406 2565 463 δὲ
2592 410 2828 481 λείψανον
2855 411 3016 463 αὐτοῦ
3045 410 3190 470 ἐτέθη
3219 411 3265 463 ἐν
3297 419 3369 482 τῷ
3393 418 3501 481 ναῷ
3529 417 3621 463 τοῦ
3649 408 3813 479 ἁγίου
3844 410 3995 479 μοίρ-

550 512 891 568 incendium
923 511 1035 565 hoc
1074 508 1361 581 posuerit:
1393 521 1530 561 cum
1574 519 1695 559 non
1716 516 1926 565 unum,
1961 498 2062 553 sed
2090 497 2195 551 du-

2307 517 2454 572 τυρος
2484 506 2716 551 Μωκίου.
2757 522 2776 548 ι

553 600 687 672 plex
716 600 869 654 illius
919 596 1272 653 xenodochii
1316 596 1543 650 constet
1586 592 1766 647 fuisse
1825 586 2191 644 incendium.
2380 589 2467 643 20.
2504 588 2803 644 «Sanctus
2848 592 3014 644 Pater
3057 594 3255 645 noster
3284 589 3583 660 Sampson
3616 604 3691 643 ex
3719 588 3993 659 antiqua

551 690 701 743 Dum
733 687 909 757 igitur
936 686 1062 741 haec
1088 685 1291 741 omnia
1318 690 1473 739 recte
1496 682 1582 736 sic
1612 679 1889 751 explicari
1918 678 2192 748 possunt,
2305 679 2492 732 Roma
2521 678 2776 732 ducebat
2818 678 3131 747 originem,
3184 680 3369 747 Magni
3397 677 3781 733 Constantini
3836 692 3995 731 οοη-

551 792 672 832 non
702 780 789 831 est
813 791 918 830 cur
945 774 1290 829 recedamus
1316 788 1352 827 a
1382 772 1802 842 Metaphraste,
1829 764 2190 837 Synaxariis,
2305 766 2694 837 sanguineus:
2729 766 2929 821 divisis
2974 783 3114 823 vero
3161 768 3311 823 inter
3350 782 3650 838 pauperes
3683 765 3991 821 omnibus

550 865 897 936 Menaeisque
922 862 1279 925 Graecorum,
1310 863 1704 931 Sampsonem
1728 856 1840 912 sub
1862 854 2192 911 Justiniano
2304 854 2425 907 suis
2459 854 2855 922 facultatibus,
2879 862 2936 911 et
2967 863 3206 928 propter
3237 856 3533 912 Christum
3586 855 3990 921 mendicans,

551 954 770 1009 vixisse
782 950 1202 1007 asserentibus.
1219 950 1400 1005 Porro
1414 965 1549 1004 cum
1564 947 1826 1019 primum
1839 940 2193 999 xenodochii
2305 945 2849 1016 ConstantinOpolim
2866 961 2927 1000 se
2941 945 3179 1015 recepit,
3201 951 3379 1017 atque
3395 946 3449 1000 in
3465 945 3611 1017 ipsis
3627 950 3931 1000 sanctoru
3942 963 3989 997 m

550 1042 707 1098 illius
747 1040 1088 1096 incendium
1130 1038 1415 1094 accidisse
1454 1054 1527 1093 ex
1577 1033 1928 1106 supradictis
1967 1036 2196 1086 constet
2306 1034 2727 1104 Prophetarum
2744 1034 3524 1091 ecclesiisorationiassidue
3540 1035 3987 1091 vacavit.Cum

551 1146 712 1186 anno
729 1129 1039 1184 Justiniani
1072 1128 1300 1200 quinto,
1328 1126 1508 1198 idque
1539 1142 1575 1181 a
1600 1124 1993 1194 Metaphraste
2026 1134 2192 1174 num.
2305 1128 2505 1177 autem
2525 1122 2814 1194 privatam
2828 1130 2884 1179 et
2904 1124 3224 1179 obscuram
3250 1130 3449 1193 ageret
3471 1125 3681 1188 vitam,
3710 1124 3991 1195 Scriptu-

552 1221 611 1276 11
665 1225 797 1291 post
834 1222 1086 1274 mortem
1136 1217 1486 1288 Sampsonis
1540 1213 1812 1269 evenisse
1871 1214 2191 1277 asseratur,
2305 1226 2503 1267 rarum
2532 1212 2872 1268 divinarum
2904 1212 3273 1268 meditationi
3318 1214 3600 1280 intentus,
3642 1213 3989 1269 virtutibus

551 1325 713 1366 anno
743 1308 1013 1379 ejusdem
1042 1304 1418 1378 imperatoris
1458 1320 1516 1360 ιιι
1547 1308 1650 1360 aut
1686 1320 1744 1359 1v
1782 1302 1866 1372 (id
1903 1306 1991 1356 est
2035 1314 2196 1355 anno
2307 1300 2448 1365 suis,
2484 1301 2851 1357 sanctissimo
2896 1301 3252 1373 patriarchas
3297 1304 3477 1358 Mense
3523 1301 3785 1366 enotuit,
3819 1307 3880 1356 et
3910 1302 3989 1356 ab

551 1397 759 1455 Christi
789 1397 895 1451 530
932 1395 1019 1450 vel
1050 1396 1170 1465 531)
1193 1395 1589 1466 Sampsonem
1627 1392 1706 1448 ad
1764 1405 2015 1463 superos
2046 1387 2195 1443 emi-
2307 1390 2438 1460 ipso
2467 1389 2775 1446 ordinatus
2796 1395 2885 1447 est
2907 1391 3187 1448 sacerdos
3210 1391 3440 1460 Magnm
3460 1390 3751 1447 ecclesiae.
3782 1392 3986 1447 Caete-

552 1500 755 1557 grasse
785 1485 1121 1540 statuimus.
2309 1494 2444 1534 rum
2476 1484 2679 1550 portus
2726 1479 3003 1535 salutaris
3047 1485 3171 1537 erat
3202 1480 3565 1552 pauperibus
3596 1486 3654 1535 et
3682 1479 3980 1543 inﬁrmis,

623 1576 710 1629 18.
743 1574 816 1627 At
856 1587 996 1628 vero
1029 1572 1161 1643 jure
1210 1572 1416 1626 merito
1454 1569 1821 1625 Alemannus
1870 1566 2201 1637 Metaphra-
2313 1566 2562 1623 scientia
2599 1569 2739 1623 artis
2762 1569 3007 1625 medicae
3036 1568 3325 1625 imbutus.
3353 1570 3500 1625 Cum
3540 1584 3683 1625 vero
3718 1569 3989 1640 impera-

554 1668 705 1719 stem
735 1662 930 1731 arguit
963 1660 1173 1715 erroris
1203 1658 1331 1731 (qui
1360 1674 1520 1714 error
1540 1658 1721 1713 etiam
1750 1656 1908 1712 estin
1941 1656 2201 1726 Synaxa—
2313 1662 2500 1713 torem
2555 1658 2958 1715 Justinianum
2985 1674 3021 1715 a
3063 1658 3285 1714 difﬁcili
3311 1659 3526 1715 morbo
3558 1664 3872 1723 sanasset,
3905 1659 3986 1714 ab

550 1753 650 1808 riis
683 1751 1034 1821 Menaeisque
1063 1748 1398 1804 Graecorum
1429 1748 1447 1819 )
1478 1747 1641 1818 quod
1672 1762 1839 1802 num.
1874 1748 1906 1799 4
1926 1744 2207 1813 Sampso-
2242 1754 2283 1809 Β
2313 1746 2428 1801 hoc
2447 1747 2705 1803 maxime
2726 1748 3077 1804 dilectusest
3092 1767 3109 1819 ;
3137 1747 3550 1820 tediﬁcatoque
3566 1747 3984 1812 xenodochio,

549 1858 687 1899 nem
719 1857 755 1897 a
783 1839 1124 1912 patriarcha
1147 1840 1207 1894 C.
1237 1840 1294 1893 P.
1339 1839 1528 1902 Mena,
1556 1835 1927 1892 sacerdotem
1968 1832 2206 1889 ordina-
2314 1837 2390 1892 ad
2422 1852 2755 1909 pauperum
2779 1842 2834 1894 et
2861 1839 3235 1894 infirmorum
3260 1839 3559 1903 solatium,
3590 1843 3730 1910 post
3789 1839 3989 1894 multa

549 1937 676 1987 tum
700 1945 827 1985 esse
852 1928 1068 1984 referat
1092 1942 1106 1993 ;
1139 1932 1265 1983 tum
1293 1932 1535 1998 propter
1555 1925 1813 1981 rationes
1830 1923 2100 1995 superius
2128 1924 2205 1979 ab
2316 1932 2469 1982 recte
2490 1929 2643 1981 facta
2671 1943 2741 1983 ac
2765 1927 3073 1993 miracula,
3092 1927 3454 1983 obdormivit
3479 1928 3536 1981 in
3569 1944 3758 1998 pace;
3785 1930 3985 2000 ipsius

550 2021 881 2075 Alemanno
912 2016 1143 2081 allatas,
1190 2022 1313 2071 tum
1347 2022 1632 2086 prmterea
1660 2012 1817 2084 quod
1861 2015 2058 2068 Menas
2090 2011 2204 2076 ille,
2315 2032 2457 2070 vero
2501 2032 2717 2088 corpus
2747 2017 3085 2088 depositum
3129 2022 3217 2072 est
3242 2017 3302 2071 in
3332 2016 3553 2088 templo
3588 2018 3642 2073 S.
3687 2019 3985 2088 martyris

552 2112 873 2179 antequam
889 2105 1236 2173 dignitatem
1255 2102 1710 2174 patriarchalem
1725 2105 2208 2172 consequeretur,
2319 2104 2507 2159 Mocii.
2543 2126 2570 2154 ι)

554 2197 766 2253 eodem
799 2194 1130 2249 Justiniano
1154 2194 1479 2264 imperante
1504 2191 1807 2263 prmtuerit
1832 2190 2208 2245 xenodochio
2388 2196 2474 2248 21.
2510 2193 2735 2250 Similia
2766 2193 2986 2249 habent
3012 2209 3157 2248 mss.
3186 2192 3416 2262 collegii
3446 2194 3632 2247 nostri
3658 2194 3985 2250 Divionen-

556 2283 931 2356 Sampsonis,
975 2282 1070 2336 cui
1117 2283 1415 2352 Sampson
1465 2281 1591 2352 ipse
1640 2295 1830 2351 usque
1867 2278 2011 2334 dum
2044 2279 2205 2343 vixit,
2318 2284 2398 2338 sis
2424 2288 2481 2338 et
2498 2281 2960 2345 Claromontani,
2985 2298 3145 2337 nunc
3177 2282 3456 2337 Ludovici
3478 2282 3883 2354 Magni.Huic
3910 2285 3976 2339 in-

555 2372 807 2448 praefuit,
845 2377 905 2427 ut
942 2370 1118 2427 refert
1154 2370 1524 2441 Nicephorus
1573 2368 1633 2425 C.
1669 2369 1730 2423 P.
1762 2368 1822 2423 in
1853 2368 2207 2424 Patriarchis
2321 2388 2501 2445 super
2527 2387 2784 2444 sequens
2810 2371 3049 2427 additur
3064 2370 3416 2443 dystichon:

556 2466 618 2520 C.
676 2462 737 2517 P.
772 2475 991 2516 vocans
1046 2459 1325 2515 eumdem
1370 2455 1659 2531 Ξενοδὸχον
1706 2465 1797 2509 τοῦ
1850 2456 2100 2528 Σαμψώνξ
2155 2464 2212 2517 et

560 2550 867 2608 Liberatus
905 2549 1197 2604 diaconus
1240 2548 1312 2603 de
1365 2548 1575 2603 eodem
1609 2547 1691 2602 ait
1741 2562 1870 2619 cap.
1903 2550 1971 2601 2:
2007 2566 2036 2595 «
2083 2547 2211 2610 Fuit

556 2640 663 2695 iste
678 2642 872 2694 Menas
889 2635 1246 2708 praepositus
1269 2635 1622 2690 xenodochii
1639 2634 1905 2704 majoris,
1923 2634 2090 2705 quod
2110 2650 2211 2690 vo-

556 2732 724 2784 catur
754 2727 1075 2797 Sampson,
1124 2738 1339 2792 genere
1381 2723 1843 2788 Alexandrinus;
1877 2743 1905 2773 »
1938 2722 2209 2795 adeoque

553 2820 693 2889 post
718 2818 969 2870 mortem
1004 2812 1351 2883 Sampsonis
1382 2810 1575 2867 solum
1607 2810 1685 2867 ad
1723 2811 2070 2880 dignitatem
2103 2826 2206 2882 pa-

554 2902 930 2961 triarchalem
963 2905 1054 2957 est
1082 2906 1344 2957 evectus.

2392 2493 2655 2568 ξΕξῆγενΔὸ
2680 2494 2879 2568 πρὶνΑέν
2903 2496 3099 2568 ’γνάθου
3123 2493 3345 2568 Σαμψὼν
3376 2490 3542 2568 ὕδωρ,

2390 2565 2446 2618 Ὀ
2472 2562 2559 2617 νῦν
2596 2562 2654 2618 δὲ
2682 2562 2919 2637 Σαμψὼν
2937 2565 2988 2616 ἐκ
3010 2568 3172 2637 τάφου
3194 2562 3390 2637 ’βλύζει
3418 2562 3634 2638 μύρους.

2388 2673 2622 2745 Aquam
2654 2673 2815 2727 dedit
2834 2673 3089 2745 maxilla
3111 2673 3456 2745 Sampsonis
3472 2673 3677 2741 prius;

2388 2744 2724 2813 Sdmpsonis
2741 2750 2801 2799 at
2829 2759 2987 2799 nunc
3013 2744 3181 2800 busta
3210 2744 3441 2800 stillant
3471 2744 3815 2800 balsamum.

2316 2868 2379 2923 In
2402 2868 2636 2923 Menaeis
2656 2882 2796 2923 vero
2813 2866 3043 2922 excusis
3068 2865 3337 2922 Oﬂicium
3360 2865 3544 2923 habet
3569 2866 3866 2939 proprium
3900 2872 3958 2921 et

2316 2958 2616 3012 Canonem
2649 2956 2760 3011 sub
2790 2956 2906 3011 hac
2937 2955 3368 3011 acrostichide:

556 3062 703 3137 51H.
736 3092 801 3103 -
832 3062 1047 3120 Cultus
1097 3076 1173 3119 ea:
1221 3060 1588 3159 Mgnologiu,
1639 3061 1900 3129 Menaeis,
1953 3062 2205 3133 aliisque
2242 3102 2282 3159 Ο

1272 3082 1588 3189 Ἐξξῗὲςθηδ
1639 3082 1900 3129 meum,
1953 3082 2205 3133 (“usque
2242 3102 2282 3159 C
2382 3082 2545 3153 Ὑμνώ
2578 3101 2653 3150 σε,
2687 3082 2929 3153 Σαμψὼν,
2960 3086 3184 3144 πίστεως
3213 3084 3366 3144 θείοις
3396 3082 3581 3153 λόγοις.
3619 3084 3860 3135 ἸΩΣΗΦ.

2382 3172 2689 3236 Sermone,
2721 3173 3032 3241 Sampson,
3083 3178 3135 3227 te
3174 3187 3341 3228 sacro
3367 3172 3508 3239 ﬁdei
3537 3187 3706 3228 cano.
3742 3174 3968 3228 Josern.

2314 3297 2457 3349 Cum
2489 3301 2687 3349 autem
2740 3311 2933 3350 canon
2965 3296 3060 3350 hic
3127 3296 3271 3351 nihil
3325 3296 3549 3352 habeat
3593 3296 3965 3368 particulare,

2312 3382 2423 3436 nisi
2447 3383 2611 3454 quod
2645 3383 2699 3437 in
2732 3383 2926 3454 elogio
2953 3384 3225 3451 habetur,
3258 3402 3395 3439 eum
3437 3385 3968 3457 praetermittimus.

2314 3469 2514 3539 Elogio
2544 3472 2665 3527 duo
2692 3472 2748 3526 hi
2778 3473 3220 3543 prmmittuntur
3250 3490 3482 3530 versus:

631 3310 713 3363 l9.
760 3307 1011 3364 Celebris
1060 3308 1221 3380 apud
1274 3307 1504 3364 Graecos
1535 3324 1765 3380 semper
1786 3308 1893 3363 fuit
1939 3311 1992 3364 S.
2030 3311 2201 3363 Sam-

556 3396 758 3468 psonis
787 3398 1094 3463 memoria,
1141 3401 1341 3469 utpote
1366 3398 1537 3468 cujus
1568 3398 1906 3467 sepulcrum
1945 3395 2141 3451 statim
2167 3411 2203 3450 a

554 3491 741 3541 morte
795 3485 1094 3541 miraculis
1144 3485 1438 3549 claruerit,
1492 3490 1547 3540 et
1595 3484 1915 3540 salutarem
1975 3484 2200 3539 morbis

554 3573 890 3641 omnigenis
919 3573 1213 3645 liquorem
1255 3573 1474 3629 stillare
1516 3574 1832 3647 inceperit;
1857 3572 2016 3628 unde
2042 3572 2198 3627 illius

554 3660 770 3715 festum
804 3661 952 3716 inter
993 3663 1359 3719 solemniora
1398 3663 2070 3733 Constantinopolitanaa
2098 3664 2195 3717 Ec.

554 3748 747 3803 clesiee
789 3755 1163 3806 numeratur:
1190 3751 1249 3803 in
1280 3750 1396 3804 hoc
1422 3752 1579 3805 enim
1608 3752 1758 3807 festo
1784 3769 1817 3805 ει
1844 3750 2085 3821 judiciis
2105 3767 2199 3803 va-

552 3837 813 3893 candum
844 3843 969 3891 erat
1001 3852 1188 3908 usque
1218 3837 1288 3891 ad
1318 3836 1501 3892 Otﬁcii
1533 3838 1712 3893 divini
1737 3840 1939 3903 ﬁnem,
1970 3846 2031 3895 ut
2058 3854 2198 3893 con-

555 3929 668 3980 stat
685 3940 754 3980 ex
784 3924 1200 3980 constitutione
1223 3925 1453 3981 novella
1476 3927 1869 3983 Emmanuelis
1893 3932 2198 3988 Commeni

552 4013 928 4084 imperatoris
952 4014 1025 4067 de
1056 4014 1233 4069 Feriis
1258 4014 1377 4071 lata
1412 4032 1570 4071 anno
1614 4017 1765 4071 1166.
1805 4020 2196 4089 Synaxarium

548 4101 923 4175 imperatoris
954 4101 1153 4158 Basilii
1193 4104 1677 4175 Porphyrogeniti
1708 4105 1766 4161 in
1801 4123 1909 4161 ms.
1964 4109 2197 4181 Cryptae

554 4192 799 4248 Ferrato:
851 4191 964 4247 hoc
1012 4192 1064 4246 in
1116 4191 1214 4247 illo
1259 4193 1438 4248 habet
1488 4194 1844 4263 elogium:«
1878 4198 2099 4270 Σαμψὼν
2148 4199 2197 4251 ἐν

551 4279 721 4350 ἁγίοις
790 4286 966 4353 [πατὴρ
1033 4282 1197 4354 ἡμῶν,
1271 4284 1480 4355 ὑπῆρχε
1554 4290 1641 4355 μέν
1700 4285 1753 4338 ἐκ
1809 4295 1904 4349 τῆς
1949 4267 2197 4349 ,ἀλωάς
2378 4267 2688 4343 Ξεινοδόχος
2716 4269 2765 4323 δ’
2793 4271 2862 4323 ἐνὶ
2893 4270 3062 4324 εἰκάδι
3090 4271 3355 4347 ἑϐδομάτῃ
3393 4277 3508 4328 θάνε
3535 4277 3784 4349 Σαμψών.

547 4368 762 4437 Ῥωμης,
878 4375 1133 4440 συγγενὴς
1246 4380 1336 4424 τοῦ
1429 4374 1655 4443 μεγάλου
1782 4382 2193 4431 Κωνσταντίνου.

2376 4361 2779 4417 Xenodochnm
2824 4362 3109 4430 Sampson
3154 4366 3428 4421 vicesima
3476 4368 3726 4435 septima
3783 4371 3960 4426 tollit.

552 4463 961 4529 Παρασχόμενος
1006 4462 1090 4509 τόν
1144 4459 1359 4511 πλοῦτον
1431 4462 1589 4511 αὑτοῦ
1665 4466 1833 4514 πάντα
1891 4474 1997 4527 τοῖς
2062 4486 2196 4518 πτω-

2376 4469 2463 4523 22.
2549 4468 2816 4537 Elogium
2868 4484 3009 4523 vero
3090 4470 3167 4526 ita
3242 4471 3667 4537 habet:OJro;
3732 4480 3758 4528 ό
3821 4479 3962 4549 ἅγιος

2382 3597 2602 3671 Σαμψὼν
2626 3595 2909 3671 ᾯμόῤῥους
2933 3597 3209 3671 ἐτροποῡτο
3236 3603 3324 3671 μεν
3353 3598 3531 3653 πάλαι.

2381 3665 2600 3739 Σαμψὼν
2636 3665 2695 3720 6“:
2717 3665 2893 3742 θρὰύει
2922 3665 3170 3741 δαίμονας
3196 3665 3363 3743 ἄρδην
3393 3674 3519 3732 νέος.

2376 3775 2661 3850 Sampson
2684 3776 3064 3850 fugavitolim
3096 3777 3513 3833 Homorrhzos
3546 3779 3823 3850 quidem:

2378 3847 2496 3901 Sed
2510 3848 2773 3902 vulnerat
2801 3863 2957 3903 nunc
2982 3848 3281 3904 daemonas
3303 3847 3583 3921 Sampson
3606 3866 3820 3906 novus.

2306 3968 2673 4041 Additurque
2703 3972 2876 4025 etiam
2910 3972 3219 4044 praemisso
3245 3973 3520 4045 dysticho
3549 3974 3965 4030 hexametrum

2307 4056 2484 4123 istud,
2503 4074 2573 4113 ex
2589 4074 2711 4129 quo
2729 4061 3106 4130 cognoscitur
3117 4062 3455 4134 praecipuus
3484 4066 3621 4120 Sam
3632 4065 3841 4135 psonis
3853 4065 3965 4121 hoc

2307 4146 2402 4201 die
2430 4146 2648 4210 cultus;

549 4552 672 4618 χοῖς
721 4549 810 4596 καὶ
865 4547 1128 4615 πτωχικὸς
1181 4542 1273 4597 διὰ
1348 4552 1594 4619 Χριστὸν,
1660 4555 2195 4608 Κωνσταντινούπολιν

548 4632 809 4701 κατέλαϐε,
865 4638 953 4684 καὶ
1008 4641 1116 4694 τοῖς
1183 4630 1318 4694 ναοῖς
1405 4645 1502 4686 τῶν
1574 4637 1732 4707 ἁγίων
1810 4647 2090 4712 Προφητῶν
2148 4644 2194 4696 ἐν

547 4724 717 4784 αὐτοῖς
764 4727 1176 4797 προσευχόμενος
1247 4721 1476 4777 διετέλει.
1542 4725 1799 4797 Ἡσυχίας
1846 4725 1903 4780 δὲ
1977 4730 2190 4804 λαϐόμε-

543 4832 646 4877 νος,
737 4817 825 4865 καὶ
907 4820 1017 4871 ταῖς
1093 4814 1444 4873 θεοπνεύστοις
1524 4820 1746 4887 Γραφαῐς
1822 4816 2188 4889 ἐμμελεῖ-ᾖσας,

544 4905 754 4974 φανερὸς
803 4901 995 4973 ἐγένετο
1050 4896 1121 4952 δι’
1199 4900 1383 4970 ἀρετὴν
1430 4910 1500 4970 τῷ
1558 4902 1827 4976 ἁγιωτάτῳ
1884 4912 2187 4983 πατριάρχη

542 4995 713 5061 Μηνᾷ,
778 4994 866 5042 καὶ
943 4997 1319 5062 χειροτονεῖται
1386 4990 1505 5063 παρ’
1577 4991 1767 5044 ἐκείνου
1847 4996 2193 5073 πρεσϐύτερος

540 5086 635 5138 τῆς
690 5080 912 5150 μεγάλης
961 5079 1292 5140 Ἐκκλησίας.
1347 5086 1445 5133 Καὶ
1496 5080 1671 5132 λοιπὸν
1719 5079 1777 5139 ἦν
1825 5084 1978 5155 λιμὴν
2020 5095 2191 5146 non}-

539 5186 645 5238 ριος
699 5174 801 5227 τοῖς
882 5173 1173 5241 πενομένοις
1262 5175 1350 5221 καὶ
1428 5168 1723 5234 ἀσθενοῦσι,
1792 5179 2022 5244 μετέχων
2105 5184 2193 5229 καὶ

541 5259 729 5326 τέχνης
791 5256 1047 5329 ἰατρικῆς.
1109 5263 1446 5332 Θεραπεύσας
1519 5256 1577 5312 δὲ
1656 5264 1744 5312 καὶ
1828 5266 1914 5312 τόν
1968 5263 2191 5335 βασιλέα

542 5342 902 5396 Ἰουστινιανόν
1004 5346 1103 5398 ἀπὸ
1198 5352 1395 5410 πάθους
1483 5347 1741 5402 δυσιάτου
1820 5348 2188 5424 ἐφιλοφρονήθη

536 5431 664 5504 παρ’
714 5430 903 5483 ἐκείνου
963 5437 1026 5485 τὰ
1070 5440 1313 5505 μέγιστα.
1362 5445 1460 5491 Καὶ
1508 5446 1691 5499 κτίσας
1738 5440 1924 5501 ξενῶνα
1963 5444 2028 5502 εἰς
2072 5444 2191 5497 ἀνά·

535 5538 731 5570 παυσιν
788 5527 885 5571 τῶν
965 5533 1189 5593 πτωχῶν
1246 5535 1333 5578 καὶ
1392 5528 1637 5595 ἀσθενῶν,
1688 5529 1777 5580 καὶ
1831 5530 1993 5581 πολλὰ
2066 5553 2187 5585 κατ-

535 5609 811 5679 ορθώμοιτα
887 5615 974 5663 καὶ
1049 5612 1287 5684 θαύματα
1342 5620 1581 5681 ποιήσας,
1637 5616 1887 5689 ἐκοιμήθη
1942 5620 1989 5671 ἐν
2042 5624 2180 5696 εἱρή.

2303 4556 2571 4631 [Σαμψὼν]
2628 4560 2837 4627 ὑπῆρχε
2887 4557 3130 4630 Ῥωμαῖος
3179 4565 3234 4611 τὸ
3305 4567 3466 4632 γένος·
3541 4566 3596 4626 ὃς
3645 4562 3961 4642 διασκορπί-

2305 4666 2396 4706 σας
2469 4650 2552 4697 τὸν
2622 4646 3019 4716 καταλειφθέντα
3088 4648 3225 4719 αὐτῷ
3292 4650 3510 4703 πλοῦτον
3560 4655 3659 4706 ὑπὸ
3719 4666 3819 4708 τῶν
3877 4679 3963 4728 γο-

2300 4740 2419 4787 νέων
2494 4743 2599 4796 τοῖς
2668 4738 2855 4791 πένησι
2921 4742 3008 4787 καὶ
3076 4746 3326 4809 πτωχοῖς,
3399 4746 3491 4798 τὴν
3566 4741 3958 4815 βασιλεύουσαν

2300 4823 2546 4876 κατέλαϐε
2598 4828 2684 4874 καὶ
2744 4827 2862 4882 τους
2914 4824 3215 4897 εὐκτηρίους
3263 4830 3438 4891 οἴκους
3489 4836 3579 4882 καὶ
3638 4832 3961 4907 σεϐασμίους

2300 4912 2623 4978 καταλαϐὼν,
2683 4918 2771 4964 καὶ
2816 4914 3087 4975 ὁσιότητος
3133 4916 3297 4967 αὐτῶν
3333 4920 3758 4988 καταπολαύσας,
3821 4928 3958 4982 ἠσυ..

2300 5007 2426 5073 χὶαν
2480 5002 2777 5072 λαϐόμενος,
2841 5012 2955 5065 ταῖς
3032 5007 3383 5068 θεοπνεύστοις
3450 5013 3676 5082 Γραφαῖς
3756 5018 3957 5091 ἐνετρύ-

2302 5110 2388 5162 φα,
2446 5096 2579 5161 μόνῳ
2646 5096 2752 5160 Θεῷ
2821 5097 3179 5163 προσανέχων.
3235 5094 3386 5147 Ὀθεν
3449 5096 3750 5163 κατάδηλος
3819 5112 3958 5175 γενό-

2301 5198 2443 5250 μενος
2517 5188 2586 5247 τῷ
2664 5184 2960 5250 τιμιωτάτῳ
3035 5186 3339 5257 πατριάρχῃ
3415 5194 3585 5258 Μηνᾴ,
3646 5204 3957 5265 χειροτονεῖ-

2304 5288 2390 5320 ται
2434 5268 2519 5319 ὑπ’
2549 5270 2707 5320 αὐτοῦ
2753 5270 3116 5341 πρεσϐύτερος,
3170 5274 3240 5333 εἷς
3286 5284 3384 5325 τῶν
3429 5286 3519 5328 τοὺ
3574 5279 3771 5353 κλήρου
3816 5292 3957 5353 γενό-

2301 5362 2463 5428 μένος.
2538 5363 2636 5410 Καὶ
2696 5360 2755 5415 ἧν
2818 5365 3073 5430 σωτήριος
3143 5362 3296 5432 λιμήν
3354 5372 3463 5427 τοῖς
3515 5375 3815 5440 πενομένοις
3867 5380 3959 5425 καὶ

2300 5446 2571 5516 χρηζουσι
2625 5444 2890 5516 βοηθείας·
2943 5455 3030 5499 καὶ
3085 5458 3177 5511 τῆς
3238 5451 3476 5523 ἰατρικῆς
3529 5454 3830 5530 ἐπιστήμης
3888 5468 3956 5515 ὧν

2298 5533 2345 5583 ἐν
2399 5540 2547 5605 πείρᾳ
2596 5536 2765 5601 αὐτὸς,
2819 5542 2906 5589 καὶ
2952 5543 3037 5589 τὸν
3088 5538 3311 5611 βασιλέα
3356 5544 3729 5601 Ἰουστινιανόν
3758 5550 3959 5607 ἀνιάτω

2300 5626 2451 5678 πάθει
2506 5632 2851 5698 περιπεσόντα
2906 5626 3257 5701 ἐλευθέρωσιν.
3321 5634 3406 5686 Ἐκ
3464 5639 3651 5689 τούτου
3711 5644 3737 5694 ό
3783 5612 3939 5713 βασι.
