4114 6262
510 311 615 366 279

1892 302 2155 361 MENSIS
2196 300 2459 359 JUNIUS.

3796 279 3908 339 380

511 437 912 501 contemnere,
943 432 1266 504 presertim
1320 449 1459 488 cum
1497 433 1547 488 is
1594 433 1745 489 adeo
1796 430 1970 487 nobis
2020 444 2157 500 pro—

2286 436 2561 501 mpoﬁvng,
2619 430 2707 479 καὶ
2760 424 2991 497 μάλιστα
3072 418 3231 478 οὕτως
3289 416 3555 489 ἐγγυτάτω
3636 411 3907 481 κειμένου

512 522 797 595 pinquus,
851 528 905 577 et
968 520 1260 591 sepulcro,
1332 522 1431 576 ubi
1501 520 1801 577 mirabilia
1856 526 2157 592 operatur.

513 610 943 685 propemodum
972 610 1199 665 vicinus
1233 610 1348 666 sit?
1396 610 1557 665 Adde
1600 610 1759 683 quod
1806 608 2038 665 nullum
2089 623 2161 663 ex

514 701 607 766 iis,
634 699 738 771 qui
766 713 876 754 nos
902 704 1345 769 praecesserunt,
1374 699 1793 764 invenerimus,
1837 697 1937 770 qui
1992 696 2163 751 fuerit

515 788 804 861 ejusdem,
839 787 1010 857 cujus
1040 802 1143 841 nos
1165 786 1373 849 animi,
1402 794 1458 842 et
1491 787 1680 842 Vitam
1729 787 1885 842 illius
1933 784 2160 858 scriptis

518 880 722 933 exacte
754 874 1151 932 mandaverit.
1183 875 1309 931 Non
1336 875 1578 947 quidem
1605 891 1699 930 me
1742 874 1898 940 latet,
1953 890 1989 930 a
2041 874 2162 927 viro

517 966 619 1038 pio
644 970 700 1020 et
745 962 1040 1036 pontiﬁce,
1090 969 1146 1018 et
1190 978 1311 1018 non
1365 979 1577 1035 parum
1650 964 1901 1028 erudito,
1960 960 2165 1030 magni

518 1051 868 1125 Sampsonis
924 1051 1323 1123 compositum
1390 1051 1576 1107 fuisse
1632 1052 1995 1107 encomium.
2042 1049 2165 1118 Ego

519 1146 720 1198 autem
751 1140 823 1195 de
849 1138 979 1195 Vita
1014 1140 1229 1211 loquor
1258 1139 1532 1195 distincte
1562 1141 1913 1212 composita,
1945 1154 2082 1211 quas
2111 1141 2169 1193 et

518 1244 614 1286 res
637 1228 715 1285 ab
743 1227 845 1284 illo
884 1227 1161 1299 preaclare
1186 1232 1383 1297 gestas
1416 1235 1691 1283 accurate
1715 1232 1939 1296 tractet,
1971 1231 2027 1283 et
2058 1226 2165 1281 mi-

519 1316 856 1373 raculorum
908 1316 1037 1386 ejus
1104 1316 1465 1372 mentionem
1522 1316 1700 1372 faciat
1752 1315 2164 1372 sufﬁcientem.

522 1407 644 1461 Hoc
696 1404 854 1460 enim
906 1403 1010 1476 qui
1068 1403 1461 1476 prastiterint,
1494 1405 1554 1460 in
1591 1404 1947 1460 hodiernum
1978 1419 2167 1475 usque

523 1494 704 1559 diem,
731 1508 923 1563 neque
952 1492 1099 1548 alios
1146 1493 1446 1559 novimus,
1498 1509 1693 1566 neque
1750 1510 1860 1550 nos
1885 1498 2171 1566 praestare

524 1598 872 1657 possumus,
900 1582 1004 1653 qui
1035 1580 1112 1636 ab
1142 1580 1255 1636 illis
1282 1580 1650 1652 temporibus
1674 1598 1885 1637 sumus
1913 1581 2168 1637 multum

526 1672 775 1735 remoti;
812 1686 1003 1741 neque
1027 1684 1345 1740 possumus
1376 1671 1504 1739 ejus
1535 1670 1714 1726 vitam
1746 1670 1999 1742 perfecte
2040 1686 2173 1743 pro-

2269 523 2357 569 καὶ
2401 519 2519 569 ὅσον
2568 515 2668 568 ἀπὸ
2718 522 2808 567 τοῦ
2847 507 3273 584 παραδοξοποιοῦ
3310 508 3471 577 τάφου
3513 506 3911 575 γειτονοῦντος

2270 607 2394 678 ἡμῖν
2428 622 2441 672 ;
2474 610 2562 657 καὶ
2606 612 2785 669 ταῦτα,
2846 598 3049 674 μηδένα
3103 606 3200 650 τῶν
3258 599 3357 668 πρὸ
3423 597 3568 666 ἡμῶν
3636 590 3909 663 εὐρόντες

2270 703 2364 754 τῆς
2416 694 2577 755 αὐτῆς
2629 696 2753 765 ἡμῖν
2796 696 3061 763 γενόμενον
3108 684 3359 749 διανοίας,
3413 688 3502 735 καὶ
3546 685 3641 733 τόν
3694 681 3909 730 ἐκείνου

2275 782 2389 856 βίον
2445 782 2879 855 συγγραψάμενον
2931 779 3232 852 φιλοπόνως.
3295 777 3395 827 Καί
3454 791 3515 844 με
3571 770 3637 822 οὐ
3712 765 3912 822 λέληθε

2273 877 2331 924 τὸ
2387 880 2475 925 τοῦ
2529 871 2791 943 θεοφιλοῦς
2845 865 3035 943 ἀνδρὸς
3088 870 3179 918 καὶ
3226 863 3530 937 ἀρχιερέως,
3588 857 3747 910 ἀλλὰ
3821 859 3913 906 καὶ

2275 956 2519 1022 παιδείας
2569 960 2627 1013 ού
2672 959 2899 1033 [μικρὸν]
2951 960 3179 1029 ἔχοντος,
3232 952 3304 1013 εἰς
3349 954 3435 1003 τόν
3481 951 3663 1019 Μέγαν
3725 962 3914 997 συντε-

2279 1050 2358 1101 θὲν
2406 1048 2658 1120 ἐγκώμιον
2692 1067 2703 1078 ·
2739 1047 2839 1118 ἐγὼ
2889 1042 2947 1099 δὲ
2998 1042 3113 1117 βίον
3165 1042 3316 1112 λέγω,
3364 1040 3501 1091 κατὰ
3547 1041 3722 1109 μέρος
3786 1051 3916 1084 συν-

2276 1143 2597 1209 τεταγμένον,
2668 1142 2755 1189 καὶ
2839 1139 2904 1188 τὰ
2984 1134 3175 1186 ἐκείνου
3242 1126 3675 1201 διαλαμϐάνοντα
3774 1125 3915 1194 πρὸς

2279 1225 2564 1298 ἀκρίϐειαν,
2613 1230 2745 1301 πρὸς
2798 1222 2855 1278 δὲ
2912 1229 3000 1276 καὶ
3047 1227 3143 1274 τὼν
3186 1223 3490 1291 θαυμασίων
3528 1218 3770 1287 μνήμην
3822 1209 3918 1281 ἁρ-

2277 1320 2495 1377 κούντως
2537 1319 2858 1388 ποιούμενον.
2917 1320 3081 1367 Τοῦτο
3137 1313 3238 1382 γὰρ
3295 1309 3404 1361 οὔθ’
3462 1306 3674 1379 ἑτέρους
3750 1303 3919 1388 ἔγνω-

2280 1425 2367 1478 μεν
2408 1408 2543 1479 οἰχρι
2571 1410 2655 1457 καὶ
2693 1384 2780 1456 νῦν
2813 1400 3128 1476 δράσαντας,
3182 1398 3290 1451 οὔθ’
3342 1400 3489 1468 ἡμεῖς
3528 1401 3791 1479 ποιῆσαι
3820 1384 3919 1441 δυ-

2280 1500 2425 1547 νατοὶ
2466 1496 2793 1565 τυγχάνομεν
2833 1496 2985 1560 ὄντες,
3019 1488 3264 1562 πάμπολυ
3316 1493 3425 1547 τοῖς
3477 1488 3708 1557 χρόνοις
3770 1478 3918 1529 ἀπο-

2280 1582 2569 1654 λειπόμενοι
2599 1602 2611 1614 ·
2646 1588 2735 1634 καὶ
2767 1579 3167 1654 ἀκριϐώσασθαι
3196 1579 3261 1628 τά
3307 1594 3366 1646 γε
3396 1582 3487 1626 τοῦ
3533 1570 3662 1645 βίον
3722 1567 3920 1625 καλῶς

2284 1676 2354 1742 μὴ
2412 1667 2709 1743 δυνάμενοι,
2756 1671 2886 1729 πλὴν
2935 1672 3055 1721 ὅσον
3110 1665 3494 1737 ἐπιμελέστερον
3548 1660 3693 1713 αὐτὰ
3769 1655 3919 1708 διελ-

529 1760 720 1833 sequi,
753 1759 856 1814 sed
887 1759 1079 1814 solum
1109 1774 1242 1813 eam
1272 1759 1485 1814 referre
1523 1760 1699 1831 paulo
1729 1759 2090 1832 diligentius,
2120 1765 2176 1815 et

2289 1761 2412 1825 θεῖν,
2444 1765 2532 1812 καὶ
2562 1759 2713 1831 ὀλίγα
2758 1769 2855 1811 τῶν
2898 1759 3173 1830 θαυμάτων
3219 1755 3285 1815 εἰς
3334 1751 3491 1814 δόξαν
3543 1756 3684 1803 Θεοῦ
3722 1764 3918 1818 παραο

526 1864 722 1923 pauca
751 1863 824 1904 ex
852 1849 980 1916 ejus
1013 1847 1306 1903 miraculis
1338 1847 1477 1903 viris
1508 1849 1617 1919 piis
1648 1850 1723 1904 ad
1771 1849 1872 1904 Dei
1922 1850 2174 1917 gloriam

528 1953 850 2009 exponere.
889 1936 1027 2007 Ejus
1068 1936 1228 1991 enim
1263 1952 1513 2007 parvum
1542 1939 1674 1994 Vitae
1703 1939 2081 2010 opusculum,
2115 1940 2174 1994 in

530 2026 711 2100 quod,
745 2042 781 2081 a
817 2024 974 2081 clero
1004 2031 1335 2096 acceptum,
1381 2026 1719 2091 incidimus,
1771 2028 1965 2083 visum
2010 2028 2178 2083 nobis

531 2121 620 2173 est
645 2131 767 2170 non
789 2114 981 2170 solum
1004 2114 1368 2184 negligenter
1405 2117 1831 2187 compositum,
1858 2118 1964 2171 sed
1986 2118 2180 2188 ipsum

533 2205 711 2262 etiam
745 2207 1009 2268 testatur,
1034 2219 1195 2269 eum,
1223 2205 1327 2277 qui
1367 2205 1425 2259 id
1472 2208 1822 2276 composuit.
1876 2207 2023 2262 nihil
2079 2208 2183 2263 lia-

532 2294 733 2351 buisse
784 2294 1167 2365 eruditionis,-
1201 2293 1323 2349 imo
1373 2310 1518 2350 vero
1566 2310 1675 2351 nec
1736 2312 1807 2351 ea
1865 2296 2018 2369 ipsa,
2049 2312 2180 2369 quin

532 2386 757 2448 narrat,
790 2381 932 2437 satis
984 2381 1232 2453 perfecte
1287 2388 1343 2437 et
1401 2382 1673 2440 absolute
1735 2386 2065 2451 traduntur,
2126 2391 2182 2443 et

532 2472 708 2541 longe
732 2472 954 2526 absunt
993 2487 1029 2526 a
1071 2486 1310 2527 summa
1364 2473 1737 2543 perfectione.
1794 2474 1945 2540 Quin
1999 2474 2181 2530 etiam

533 2560 675 2616 illud
707 2575 880 2630 opus,
905 2575 1027 2631 quo
1080 2559 1184 2614 diu
1230 2560 1319 2615 usi
1376 2578 1609 2626 sumus,
1675 2564 2073 2633 comperimus
2122 2580 2182 2618 se

533 2648 753 2705 habere
776 2648 1062 2712 similiter,
1095 2653 1151 2702 et
1188 2664 1257 2703 ex
1313 2650 1523 2705 eadem
1575 2651 1667 2721 (ut
1715 2652 1904 2722 aiunt)
1958 2651 2183 2707 factum

535 2753 663 2795 esse
687 2736 923 2802 ﬁdelia;
951 2735 1130 2806 idque
1156 2735 1501 2809 inscriptum
1539 2737 1782 2810 quidem
1813 2756 1941 2794 esse
2002 2742 2180 2795 Enco-

535 2825 723 2882 mium
762 2823 946 2880 divini
1002 2824 1363 2893 Sampsonis,
1420 2832 1477 2879 et
1541 2825 1761 2882 habere
1820 2828 2183 2899 singularem

532 2913 867 2987 quamdam
898 2911 1297 2968 narrationem
1329 2929 1557 2979 eorum,
1594 2931 1727 2987 quas
1755 2918 1831 2971 ab
1857 2916 1953 2971 illo
1979 2918 2038 2971 in
2065 2918 2184 2973 vita

534 3006 699 3074 gesta
728 3006 898 3056 sunt:
930 3001 1033 3056 sed
1064 3016 1238 3071 parce
1264 3001 1614 3068 admodum,
1647 3010 1701 3059 et
1758 3007 2005 3061 tenuiter
2045 3008 2183 3061 viris

535 3090 711 3146 bonis
737 3089 1011 3160 praebens
1035 3094 1282 3161 gustum
1322 3091 1452 3163 ejus
1510 3094 1956 3150 miraculorum.
2013 3097 2182 3161 Quod

534 3183 733 3235 autem
767 3194 873 3233 nos
911 3178 1183 3234 omnium
1213 3180 1463 3236 maxime
1493 3182 1826 3249 conturbat,
1865 3188 1973 3247 est,
2018 3186 2183 3257 quod

535 3267 647 3340 ipsi
702 3266 935 3323 illorum
1022 3268 1415 3324 narrationem
1462 3272 1677 3343 (neque
1730 3274 1888 3328 enim
1942 3275 2181 3329 aliunde

534 3355 870 3428 quidquam
930 3355 1253 3428 habemus)
1309 3359 1473 3431 sequi
1530 3360 1879 3416 debeamus.
1957 3364 2035 3416 Ea
2108 3364 2182 3417 de

533 3459 716 3501 causa
736 3446 991 3516 petimus
1021 3444 1194 3499 nobis
1224 3445 1355 3501 dari
1386 3448 1623 3502 veniam
1651 3448 1728 3502 ab
1751 3449 1820 3502 iis
1856 3449 1959 3519 qui
1986 3448 2183 3518 legent

533 3549 604 3590 ea
621 3549 757 3605 quae
790 3538 947 3597 sunt,
980 3549 1015 3589 a
1041 3534 1206 3589 nobis
1238 3534 1564 3598 elaborata,
1596 3541 1655 3590 ut
1706 3551 1816 3591 nos
1859 3553 1978 3591 non
2040 3553 2182 3592 con-

531 3622 817 3678 demnent
840 3622 1232 3692 negligentie,
1266 3638 1460 3695 neque
1496 3623 1651 3679 hanc
1680 3625 1923 3681 minime
1957 3626 2181 3681 exami-

533 3716 732 3766 natam
763 3710 1027 3780 rejiciant
1049 3712 1468 3766 narrationem.
1495 3714 1695 3785 Neque
1722 3715 1877 3768 enim
1913 3721 2177 3771 nostrum

535 3800 767 3857 esthoc
797 3815 961 3869 Opus,
989 3804 1050 3853 ut
1089 3800 1251 3869 prius
1298 3799 1579 3866 diximus,
1626 3804 1730 3857 sed
1784 3803 2017 3859 illorum
2075 3821 2183 3875 po-

534 3892 670 3959 tius,
703 3907 857 3964 quos
889 3906 1101 3946 sumus
1133 3888 1335 3944 secuti.
1372 3889 1520 3944 Illud
1550 3890 1751 3960 itaque
1783 3893 2057 3947 Herodoti
2089 3892 2183 3947 hic

535 3981 749 4053 poterit
772 3979 1087 4036 commode
1117 3978 1266 4033 dici:
1300 3994 1428 4032 esse
1460 3979 1657 4049 potius
1699 3979 1867 4035 Istiaei
1898 3980 2178 4044 calceum,

535 4070 766 4127 etiamsi
796 4069 997 4142 ipsum
1024 4066 1284 4125 induerit
1298 4068 1692 4141 Aristagoras.

2290 1850 2472 1901 θέσθαι
2501 1857 2603 1908 τοῖς
2634 1849 2881 1921 φιλοθέοις
2914 1865 2924 1875 ·
3031 1849 3131 1917 γὰρ
3178 1842 3479 1915 ἐνετύχομεν
3527 1838 3582 1891 ἐκ
3633 1843 3741 1888 τοῦ
3788 1833 3924 1889 κλή-

2288 1957 2380 2012 ρου
2410 1935 2650 1998 λαϐόντες
2679 1945 2848 2010 μικρῷ
2905 1937 3230 2005 συντάγματι
3277 1937 3419 1995 Βίου,
3457 1935 3609 1980 τοῦτο
3653 1921 3732 1982 δή
3783 1925 3925 2012 Δοὔτε

2287 2007 2530 2101 ρᾳθύμως
2560 2007 2711 2098 μόνον
2765 2007 2910 2087 ἔδοξε
2961 2022 3328 2093 συντετάχθαι,
3361 2018 3489 2070 ἀλλὰ
3517 2020 3607 2067 καὶ
3647 2007 3924 2101 παιδείας

2290 2095 2376 2167 τόν
2411 2095 2710 2185 συνθέμενον
2765 2111 2951 2173 ἐνδεῶς
2997 2114 3187 2183 ἔχοντα
3237 2113 3511 2180 μαρτυρεῖ,
3571 2102 3783 2174 μᾶλλον
3848 2095 3920 2185 δὴ

2292 2212 2457 2256 ταῦτα
2508 2210 2625 2278 περὶ
2672 2204 2738 2253 ὧν
2787 2207 3067 2259 πεποίηται
3121 2204 3213 2257 τήν
3272 2197 3545 2267 ἐξήγησιν,
3592 2196 3651 2244 ού
3688 2194 3793 2262 μὲν
3829 2184 3920 2241 οὖν

2291 2292 2494 2353 ἐντελῶς
2550 2276 2768 2365 ἔχουσιν
2827 2287 2942 2342 οὐδ’
2994 2286 3377 2361 ὴκριϐωμένως,
3429 2283 3598 2352 πολλῷ
3654 2277 3723 2332 δὲ
3784 2276 3923 2350 μάλ-

2290 2383 2373 2434 λον
2425 2381 2688 2455 ἀκριϐείας
2740 2379 3181 2450 ἁπολιμπάνονται
3214 2394 3226 2406 ⁸
3260 2378 3390 2449 πρὸς
3441 2369 3500 2425 δε
3548 2374 3641 2423 καὶ
3789 2387 3917 2419 συν·

2292 2473 2519 2542 τάγματι
2574 2469 2721 2521 πάλιν
2778 2468 3091 2541 ὡμιληκότες
3149 2465 3320 2537 ἐσμεν,
3376 2460 3767 2536 παραπλησίως
3828 2457 3916 2508 εὖ·

2292 2578 2444 2632 ρομεν
2476 2561 2597 2630 ἕχον
2644 2563 2733 2610 καὶ
2774 2566 2887 2620 τῆς,
2929 2558 2995 2618 ὥς
3037 2574 3187 2627 φασι,
3239 2556 3512 2624 κεραμείας
3550 2550 3907 2619 πεποιημένον

2294 2647 2547 2718 ἐγκώμιον
2591 2651 2679 2719 μὲν
2732 2642 2858 2699 εἶναι
2905 2653 2995 2697 τοῦ
3050 2647 3187 2697 θείου
3233 2642 3457 2714 Σαμψὼν
3512 2638 3903 2711 ἐπιγεγραμμέ-

2293 2756 2374 2788 νον
2424 2741 2511 2788 καὶ
2559 2739 2774 2809 μερικὴν
2821 2737 2944 2806 ἔχον
2994 2736 3109 2785 τινὰ
3160 2729 3415 2803 διήγησιν
3457 2737 3555 2781 τῶν
3606 2727 3774 2795 ἐκείνῳ
3799 2721 3889 2795 βε-

2295 2824 2575 2897 ϐιωμένων,
2635 2826 2767 2876 πάνυ
2830 2821 2888 2876 δὲ
2946 2819 3202 2893 φειδωλῶς
3254 2825 3343 2872 καὶ
3417 2816 3739 2891 μικρολόγως
3784 2821 3880 2863 τῶν

2294 2915 2453 2967 αὐτοῦ
2515 2916 2790 2986 θαυμάτων
2846 2912 3107 2984 ἀπογεύων
3160 2914 3276 2971 τοὺς
3328 2906 3657 2980 φιλοκάλους.
3712 2902 3777 2955 ΔΟ
3831 2898 3883 2953 δὲ

2293 3004 2440 3057 πλέον
2484 3003 2596 3056 ἐστὶ
2628 3006 2851 3068 πάντων,
2902 3006 2960 3054 τό
3006 3004 3257 3073 ταράττον
3307 3000 3463 3070 ἡμὰς,
3496 2998 3576 3049 ὅτι
3624 2999 3716 3046 καὶ
3747 2992 3893 3044 αὐτοὶ

2223 3113 2261 3166 C
2294 3096 2413 3146 ὅσον
2445 3092 2546 3145 ἀπὸ
2596 3100 2691 3154 τῆς
2734 3101 2833 3144 τῶν
2873 3094 3242 3163 πεπραγμένων
3290 3086 3587 3158 ἐξηγήσεως
3616 3078 3773 3151 (οὐδὲ
3795 3082 3897 3152 γὰρ

2294 3188 2458 3255 παρόν
2516 3184 2749 3253 ἄλλοθεν)
2809 3181 3101 3233 ἀκολουθεῖν
3173 3178 3346 3239 αὐτοῖς
3401 3175 3663 3247 μέλλομεν.
3719 3172 3895 3240 Ταύτῃ

2295 3294 2376 3325 τοι
2405 3278 2493 3324 καὶ
2536 3277 2850 3341 συγγνώμην
2897 3268 2996 3321 ἀπὸ
3045 3277 3143 3320 τῶν
3198 3266 3620 3337 ἐντυγχανόντων
3664 3268 3779 3321 τοῖς
3819 3277 3903 3311 πε-

2295 3366 2597 3431 πονημένοις
2645 3361 2769 3430 ἡμῖν
2823 3358 3085 3428 αἰτοῦμεν,
3140 3359 3275 3408 ὥστε
3322 3360 3393 3427 μὴ
3452 3351 3713 3425 ἀμέλειαν,
3770 3344 3900 3413 μηδ’

2296 3448 2570 3519 ὀλιγωρίαν
2626 3455 2716 3507 τῆς
2774 3446 3128 3499 ἀϐασανίστου
3187 3447 3380 3506 ταύτης
3429 3439 3903 3510 καταψηφίζεσθαι

2295 3535 2592 3607 διηγήσεως
2627 3554 2638 3565 ’
2688 3532 2810 3588 οὐδὲ
2860 3538 2958 3609 γὰρ
3018 3537 3284 3606 ἡμέτερον,
3342 3535 3514 3604 ὥσπερ
3570 3532 3789 3601 ἔφημεν,
3844 3530 3899 3578 τὸ

2292 3631 2619 3699 προκείμενον
2671 3627 2838 3697 ἔργον,
2905 3623 3010 3675 ἀλλ’
3082 3624 3239 3694 ἰχνῶν
3316 3622 3495 3691 ἐτέρων
3571 3617 3897 3691 παρακολού-

2296 3718 2456 3787 θημα.
2485 3713 2768 3788 Τοιγαροῦν
2818 3711 3084 3764 κάνταῦθα
3129 3717 3185 3764 τό
3220 3707 3541 3783 Ἠροδότειον
3573 3711 3742 3761 ἐκεῖνο
3772 3707 3889 3776 λέγε-

2295 3808 2419 3858 σθαι
2456 3809 2636 3877 χώραν
2684 3802 2802 3865 ἕξει,
2833 3801 3083 3855 Ἱστιαίου
3128 3806 3184 3853 τό
3235 3797 3489 3871 ὑπόδημα
3518 3796 3712 3869 μᾶλλον
3749 3795 3895 3857 εἶναι,

2293 3894 2337 3945 εἰ
2357 3898 2445 3944 καὶ
2478 3894 2859 3964 Ἀρισταγόρας
2887 3892 3013 3944 αὐτὸ
3040 3887 3351 3943 ἐπεδύσατο.
3386 3887 3540 3959 Ἔχει
3565 3891 3747 3959 μέντοι
3778 3881 3902 3937 τόδε

2292 4000 2471 4041 ουτως.

2061 4194 2294 4252 CAPUT
2323 4197 2366 4251 Ι.

708 4319 1040 4390 Sampsonis
1076 4336 1276 4393 genus,
1302 4322 1523 4391 patria,
1555 4322 1833 4386 studium,
1861 4321 2191 4391 benignitas
2224 4321 2289 4376 in
2309 4334 2595 4389 pauperes
2625 4325 2680 4377 et
2702 4325 2981 4390 aegrotos;
3010 4333 3154 4390 erga
3185 4319 3605 4387 imperatorem

1901 4409 2261 4479 beneﬁcium.
2315 4409 2527 4466 obitus.

604 4538 665 4589 ll.
701 4535 802 4590 Hic
852 4549 995 4602 ergo
1034 4548 1315 4603 magnus,
1365 4538 1423 4587 et
1468 4533 1635 4603 cujus
1684 4549 1920 4589 omnem
1975 4532 2178 4587 orbem
2210 4536 2254 4589 D

530 4627 697 4679 terrm
716 4621 974 4694 pervasit
994 4619 1174 4681 fama.
1201 4621 1518 4692 Sampson,
1543 4636 1732 4689 genus
1748 4621 1987 4693 quidem
2011 4620 2180 4675 duxit

529 4726 602 4767 ex
628 4710 731 4768 illa
755 4709 969 4766 celebri
994 4714 1051 4765 et
1088 4709 1311 4779 inclyta
1352 4711 1555 4764 Roma.
1615 4710 1788 4766 Ortus
1836 4714 1923 4763 est
1977 4715 2176 4766 autem

528 4816 646 4856 non
677 4816 746 4856 ex
775 4798 1133 4868 ignobilibus
1163 4814 1272 4853 nec
1304 4798 1653 4867 vulgaribus
1671 4798 2038 4870 parentibus,
2070 4799 2174 4855 sed

528 4888 702 4945 valde
727 4887 989 4943 honestis
1015 4892 1074 4941 et
1102 4886 1314 4942 claris:
1347 4901 1604 4958 quorum
1640 4902 1876 4956 magna;
1926 4887 2173 4960 quidem

529 4983 697 5031 erant
716 4992 882 5047 opes,
912 4990 1098 5044 genus
1141 4981 1342 5030 autem
1392 4975 1719 5030 ducebatur
1771 4992 1841 5031 ex
1885 4978 2172 5046 sanguine

528 5066 903 5135 imperatoris
929 5066 1029 5134 (1).
1061 5063 1173 5120 Sed
1224 5080 1362 5119 cum
1413 5064 1519 5117 viri
1567 5064 1748 5134 hujus
1798 5066 2045 5121 maximi
2078 5082 2171 5122 res

530 5159 785 5208 externae
810 5153 893 5208 ita
940 5169 1001 5207 se
1052 5152 1360 5216 haberent,
1394 5167 1589 5223 neque
1615 5154 1873 5208 internas
1903 5171 2169 5227 unquam

530 5239 805 5308 neglexit.
840 5243 985 5296 Nam
1008 5247 1065 5296 et
1088 5240 1324 5297 virtutis
1357 5256 1642 5312 magnam
1670 5257 1874 5297 curam
1905 5245 2168 5313 gerebat,

531 5336 587 5383 et
612 5327 829 5382 divinae
861 5329 1172 5400 Scripturae
1203 5331 1437 5387 lectioni
1462 5336 1586 5386 erat
1608 5332 1887 5398 intentus,
1944 5338 2000 5388 et
2047 5337 2171 5389 tan-

2363 4534 2432 4586 B'.
2480 4532 2539 4585 Ὀ
2582 4538 2740 4604 μέγας
2779 4534 2929 4595 οὗτος
2973 4537 3061 4584 καὶ
3108 4528 3201 4584 διὰ
3242 4532 3421 4593 πάσης
3452 4529 3777 4604 βεϐοημένος
3804 4539 3907 4593 τῆς

2289 4622 2596 4693 οἰκουμένης
2672 4622 2913 4693 Σαμψὼν,
2990 4620 3125 4674 εἷλκε
3184 4625 3272 4693 μὲν
3339 4624 3397 4673 τὸ
3453 4625 3598 4691 γένος
3668 4620 3725 4672 ἐκ
3800 4630 3903 4682 τῆς

2287 4714 2608 4783 περιωνύμου
2665 4716 2755 4761 καὶ
2816 4708 3097 4782 διαφανοῦς
3144 4710 3362 4781 Ῥώμης,
3407 4710 3637 4782 προῆλθε
3688 4707 3746 4762 δὲ
3798 4711 3901 4763 οὐκ

2288 4797 2339 4861 ἐξ
2371 4798 2585 4869 ἀσήμων
2616 4801 2719 4872 ἄρα
2772 4807 2939 4860 τινῶν,
2992 4797 3113 4852 ούδε
3166 4809 3265 4851 τῶν
3319 4798 3696 4871 ἐπιτυχόντων,
3762 4798 3900 4852 ἀλλὰ

2285 4892 2373 4938 καὶ
2435 4887 2546 4939 λίαν
2600 4887 2810 4957 εὐγενῶν
2867 4908 2920 4939 τε
2962 4894 3051 4940 καὶ
3106 4885 3391 4960 περιδοξων
3440 4906 3451 4917 ·
3510 4888 3739 4940 πλούτου
3802 4893 3899 4960 μεν

2284 4982 2586 5049 περιουσίαν
2671 4974 2871 5049 βαθέως
2949 4978 3197 5047 ἐχόντων,
3251 4975 3513 5049 βασιλικῷ
3589 4973 3648 5029 δὲ
3702 4979 3899 5049 αἵματι

2282 5067 2417 5116 κατά
2470 5070 2614 5134 γένος
2669 5062 3111 5137 φαιδρυνομένων.
3167 5064 3305 5122 Πλὴν
3356 5064 3481 5116 ἀλλὰ
3516 5073 3617 5117 τῶν
3665 5068 3895 5139 θύραθεν

2283 5154 2308 5203 ὁ
2359 5157 2638 5224 Παμμέγας
2704 5154 2861 5214 οὕτως
2915 5157 3068 5225 ἔχων,
3142 5150 3265 5206 οὐδὲ
3326 5162 3423 5205 τῶν
3479 5155 3659 5206 οἰκίων
3711 5158 3897 5227 ἠμέλει

2280 5242 2433 5292 πόθεν
2467 5256 2478 5267 ·
2512 5247 2598 5292 καὶ
2646 5244 2743 5313 γὰρ
2787 5241 2968 5313 ἀρετῆς
3024 5243 3283 5314 ἐφρόντιζε
3333 5242 3467 5306 λίαν,
3528 5249 3619 5295 καὶ
3675 5252 3738 5316 τῇ
3797 5254 3897 5305 τῆς

2284 5338 2423 5397 θείας
2485 5344 2688 5412 Γραφῆς
2743 5338 2957 5402 ἐντεύξει
3032 5336 3243 5412 σπουδῇ
3305 5345 3631 5413 προσέκειτο,
3681 5348 3774 5394 καὶ
3829 5345 3897 5403 ὦς

602 5476 1506 5566 ρζιιίοᾼιτοιλοβίυτηιροιιιεμιηίίιῄ
1535 5482 2023 5566 ῐξοιυρῑιγςοεορὶῑί
2051 5483 2250 5551 habet,
2283 5501 2422 5542 eum
2454 5486 2631 5544 fuisse
2681 5491 3195 5560 consanguineum
3260 5491 3633 5548 Constantini
3669 5494 3893 5566 Magni,

533 5547 756 5603 Menma
786 5561 1008 5604 excusa
1041 5548 1186 5605 nihil
1213 5550 1437 5609 habent
1456 5554 1528 5608 de
1558 5547 1748 5625 ipsius
1772 5547 2022 5611 familia.
