4114 6262
194 291 300 349 281

1519 290 1685 347 VITA
1730 289 1794 346 S.
1832 284 2163 349 SAMPSON
2170 294 2252 353 IS.

3457 302 3561 355 282

197 434 341 481 τινος
388 414 621 479 ἡδίστης
663 424 858 489 τροφῆς
896 415 1120 488 ἆμμελῶς
1151 420 1345 489 εἴχετο,
1378 423 1468 470 καὶ
1499 413 1571 469 δι’
1622 415 1794 486 ὀλίγου

1910 427 2089 483 quam
2130 419 2572 489 jucundissimo
2602 424 2733 482 cibo
2783 424 2833 481 ei
2859 425 3172 493 diligenter
3202 423 3560 480 adhaerebat

198 511 330 581 πρὸς
382 514 555 560 πᾶσαν
596 506 753 565 αὐτῆς
796 510 886 563 τὴν
940 514 1133 576 γνῶσιν
1168 507 1395 579 ἀφίκετο.
1438 504 1591 565 Μηδε
1642 506 1802 576 ἰατρι-

199 604 324 660 κῆς,
376 604 469 657 τῆς
545 594 901 666 φιλανθρώπου
960 599 1173 667 τέχνης,
1232 598 1257 648 6
1320 596 1802 669 φιλανθρωπότατος

202 682 492 757 ἀμελήσας.
546 683 700 736 Ἀλλὰ
747 688 836 736 καὶ
894 684 1022 757 αὐτῇ
1084 685 1371 757 φιλοπόνως
1414 687 1799 759 προσενεχθεὶς,

202 779 296 825 καί
328 794 406 826 τοι
449 773 597 843 ὀλίγα
647 776 737 845 μὲν
792 774 1004 847 ὑπῆρχε
1053 782 1112 846 τῇ
1163 780 1320 847 τέχνῃ
1380 780 1666 849 χρώμενος,
1702 780 1801 825 τῶν

202 858 254 915 δ’
314 862 475 914 ἄλλων
523 868 821 935 παρεχώρει
876 871 949 932 τῷ
1003 865 1227 939 θεουργῷ
1257 872 1347 925 τῆς
1402 866 1618 939 χάριτος
1646 868 1799 921 νοσή-

197 971 345 1022 ματα
395 956 484 1004 καὶ
540 953 682 1009 πάθη
742 950 927 1004 ἀνίατα
979 955 1286 1026 θεραπεύων,
1341 959 1430 1006 καὶ
1486 957 1548 1014 ὡς
1604 954 1799 1027 προκά-

195 1039 381 1113 λυμμα
410 1049 498 1101 τῆς
542 1042 761 1114 χάριτος
808 1043 1084 1115 ίπιχειρῶν
1123 1050 1183 1101 τῆ
1234 1048 1392 1115 τέχνῃ
1441 1039 1535 1095 διὰ
1562 1062 1795 1095 ταπεινο-

198 1133 466 1203 φροσύνης
494 1129 800 1203 ὑπερϐολήν.

275 1307 343 1362 Γ.
391 1306 474 1367 Ὠς
520 1304 579 1360 δε
634 1312 724 1359 καὶ
781 1310 829 1360 οί
875 1312 1091 1383 πατέρες
1138 1309 1297 1362 αύτοῦ
1340 1314 1427 1362 τὸν
1468 1308 1584 1383 βίον
1625 1308 1801 1362 ἀπέλι-

199 1417 319 1466 πον,
377 1396 470 1449 ούκ
529 1399 603 1448 ἔτι
657 1396 848 1467 μέλλων
908 1394 987 1461 ἧν,
1040 1395 1155 1451 οὐδ’
1210 1397 1633 1471 ἀναϐαλλόμενος,
1692 1397 1798 1450 ἀλλ’

198 1488 272 1547 ὡς
318 1493 501 1559 καιροῦ
549 1484 827 1557 λαϐόμενος
885 1485 1201 1552 ἐπιτηδείου,
1276 1487 1363 1539 άτε
1421 1486 1644 1551 μηδενός
1701 1488 1802 1538 ύπ-

196 1573 453 1649 ἀρχοντος
504 1582 596 1626 τοῦ
642 1575 978 1638 κωλύσοντος,
1037 1579 1103 1628 τὰ
1162 1580 1295 1628 κατὰ
1339 1582 1548 1648 γνώμην
1616 1576 1794 1638 ἐποίει,

198 1669 290 1715 καὶ
343 1664 563 1716 πλούτου
619 1666 709 1736 μεν
770 1666 998 1736 φθαρτοῦ
1054 1670 1143 1717 καὶ
1194 1669 1516 1738 προσκαίρου
1585 1664 1800 1717 πλοῦτον

1912 510 1968 559 et
1992 505 2158 562 brevi
2212 516 2475 583 tempore
2510 516 2663 571 venit
2700 516 2768 570 ad
2815 532 3054 571 omnem
3102 516 3232 586 ejus
3273 514 3561 581 cognitio-

1911 608 2073 651 nem.
2129 599 2339 656 Verum
2403 618 2535 658 cum
2588 620 2783 676 neque
2830 604 3208 665 medicinam.
3272 617 3406 673 (ἰυω
3462 616 3560 655 31⁵³

1909 682 2081 738 valde
2109 687 2388 745 conducit
2433 692 2709 747 humanae
2736 693 2929 762 saluti,
2978 691 3064 746 vir
3094 688 3561 748 humanissimus

1910 773 2272 843 neglexisset,
2327 781 2428 835 sed
2460 796 2520 836 se
2568 782 2747 837 etiam
2798 782 2851 836 ei
2906 780 3217 844 diligenter
3277 778 3556 843 dedisset,

1907 862 2013 916 etsi
2047 872 2169 921 arte
2206 883 2417 937 parum
2469 870 2799 926 admodum
2821 870 2898 926 ad
2929 873 3230 941 qumstum
3270 866 3340 921 sit
3391 880 3555 930 usus,

1904 951 1964 1008 in
1997 956 2362 1024 pauperibus
2407 962 2607 1014 tamen
2664 958 2836 1013 cessit
2866 958 3085 1013 divina:
3136 956 3339 1025 gratim
3389 952 3562 1008 mini-

1905 1040 2099 1105 sterio,
2126 1046 2365 1100 morbos
2406 1062 2621 1103 curans
2644 1045 3133 1111 immedicabiles,
3167 1050 3224 1099 et
3268 1050 3555 1115 tanquam

1905 1132 2105 1202 gratias
2136 1132 2466 1192 velamento
2495 1144 2616 1192 arte
2656 1144 2824 1193 utens
2848 1141 3089 1208 propter
3119 1148 3421 1188 summam
3451 1132 3555 1187 hu-

1906 1219 2241 1276 militatem.

1980 1310 2070 1363 111.
2104 1311 2420 1383 Postquam
2444 1318 2641 1367 autem
2682 1314 2810 1383 ejus
2849 1316 3126 1383 parentes
3154 1327 3185 1365 e
3216 1310 3332 1364 vita
3361 1322 3558 1364 exces-

1908 1396 2138 1463 sissent,
2170 1414 2290 1453 non
2321 1401 2585 1472 amplius
2609 1402 3012 1464 cunctabatur,
3058 1416 3165 1455 nec
3204 1396 3557 1464 differebat;

1909 1486 2007 1539 sed
2035 1494 2172 1555 apta
2200 1504 2343 1542 usus
2376 1492 2705 1553 occasione,
2734 1495 2935 1559 utpote
2956 1489 3117 1560 quod
3171 1487 3369 1542 nullus
3402 1490 3559 1540 esset

1911 1574 2330 1642 prohibiturus,
2365 1594 2433 1632 ea
2463 1578 2733 1643 faciebat,
2785 1594 2914 1648 quea
2957 1577 3062 1631 sibi
3096 1575 3470 1641 videbantur,
3503 1577 3558 1628 et

1908 1660 2114 1715 breves
2172 1664 2580 1737 periturasque
2645 1667 2881 1722 divitias
2962 1664 3374 1721 commutabat
3428 1677 3557 1715 cum

198 1752 405 1804 αἰώνιον
460 1751 829 1810 ἀντηλλάττετο
878 1756 1014 1805 κατά
1050 1759 1143 1811 τὴν
1203 1755 1340 1805 θείαν
1393 1762 1483 1805 τοῦ
1542 1759 1794 1805 Δεσπότου

1908 1751 2163 1817 aeternis,
2195 1736 2619 1822 obtemperans
2651 1755 2781 1809 voci
2804 1754 3140 1817 Dominicis,
3159 1750 3393 1823 jubenti
3418 1764 3558 1805 ven-

203 1846 393 1913 φωνὴν,
452 1845 482 1900 ἤ
536 1845 602 1893 τὰ
640 1843 945 1916 ὑπάρχοντα
990 1842 1235 1902 πωλῆσαι
1290 1842 1479 1895 κελεύει
1518 1848 1607 1895 καὶ
1637 1861 1801 1915 παρα-

208 1938 360 1999 σχεῖν
413 1929 780 2003 έλεημοσύνην,
835 1930 1057 1984 ἐντεῦθεν
1128 1950 1176 1983 τε
1235 1929 1490 2003 βαλάντια
1551 1936 1622 2004 μὴ
1704 1951 1803 1984 πα-

206 2016 487 2091 λαιούμενα
542 2022 865 2078 κτήσασθαι.
928 2018 1141 2074 Ἐδίδου
1200 2018 1258 2073 δὲ
1314 2025 1399 2073 τὸν
1451 2021 1683 2085 πλοῦτον,
1742 2021 1800 2073 ού

195 2110 338 2159 κατὰ
411 2112 597 2182 μικρὸν
683 2106 807 2162 ούδε
886 2107 1215 2182 φειδομένως,
1294 2114 1410 2163 οῦτε
1498 2115 1599 2183 μὴν
1667 2114 1801 2162 κατά

199 2198 445 2268 στράγγα
488 2198 635 2270 ῥέων,
694 2196 822 2249 ἀλλα
872 2204 960 2250 καὶ
1010 2199 1122 2250 λίαν
1166 2195 1347 2270 χύδην
1386 2204 1475 2251 καὶ
1510 2198 1797 2270 ἀνειμένως,

194 2282 385 2355 ἀμφοῖν
431 2293 654 2357 χειροῖν,
711 2290 768 2338 τό
812 2295 903 2339 τοῦ
953 2287 1131 2357 λόγου,
1181 2292 1310 2360 πρὸς
1366 2290 1455 2349 τὰς
1502 2297 1601 2339 τῶν
1655 2293 1798 2347 πενή-

196 2391 298 2424 των
348 2377 378 2431 ῆ
445 2379 732 2426 πεινώντων
802 2374 1067 2427 ἀπαντλῶν
1136 2380 1415 2448 γαστέρας,
1486 2382 1575 2429 καὶ
1648 2385 1800 2430 τοῦτο

194 2462 303 2534 οὐχ
331 2462 490 2527 ἅπαξ,
532 2460 656 2516 οὐδὲ
690 2460 794 2529 δὶς,
830 2462 956 2516 ἀλλὰ
1005 2461 1097 2516 διὰ
1122 2469 1313 2527 παντὸς
1342 2473 1433 2518 τοῦ
1461 2464 1584 2537 βίου
1615 2468 1799 2517 ποιού-

192 2569 363 2624 μενος·
414 2551 680 2613 ἡλικιῶτις
726 2556 827 2626 γὰρ
877 2554 1017 2624 αύτῷ
1059 2560 1150 2606 καί
1195 2558 1476 2627 σύντροφος
1535 2556 1668 2627 οἶχρι
1721 2558 1801 2606 τέ-

191 2638 316 2700 λους
366 2641 394 2697 ἠ
445 2638 785 2709 ἐλεημοσύνη.
839 2644 942 2702 Τὰς
992 2638 1050 2694 δε
1094 2651 1193 2694 τῶν
1234 2639 1431 2695 δούλων
1474 2642 1654 2714 ἀγέλας
1680 2643 1797 2695 ούκ-

200 2731 276 2780 ἐτι
326 2733 490 2800 μένειν
545 2730 668 2803 παρ’
726 2730 891 2800 ἑαυτῷ
950 2730 1119 2793 ἠξίου,
1173 2729 1295 2784 οὐδὲ
1347 2740 1445 2783 τῶν
1499 2729 1796 2803 ὁμοδούλων

197 2818 538 2889 ὑπερηφάνως
576 2820 687 2871 κατ’
748 2819 1036 2877 αύθεντίαν,
1090 2818 1196 2870 ἀλλ’
1256 2818 1538 2893 ἐλευθερίας
1607 2821 1793 2890 μᾶλλον

190 2906 411 2975 εὐγενῶς
462 2906 634 2968 ἠξίου,
703 2906 973 2977 αὐτάρκεις
1024 2906 1206 2967 αὐτοῖς
1258 2911 1503 2979 παρέχων
1556 2913 1643 2958 καὶ
1704 2912 1797 2968 τὰς

194 2997 322 3064 πρὸς
376 2998 434 3045 τό
486 2994 581 3065 ζῆν
631 2993 887 3067 ἀφορμάς.
936 2998 1000 3046 Τί
1047 2996 1148 3067 γὰρ
1198 2989 1364 3045 ἐδεῖτο
1401 3002 1490 3053 τῆς
1521 2993 1573 3056 ἐξ
1604 2993 1797 3069 ἀνθρώ-

1911 1837 2047 1893 dere
2065 1855 2136 1894 ea
2164 1856 2300 1912 quae
2322 1844 2453 1913 quis
2480 1843 2674 1911 habet,
2707 1848 2765 1897 et
2782 1844 3048 1914 prmbere
3068 1842 3550 1911 eleemosynam‘,

1911 1931 1969 1981 et
1990 1927 2126 1983 hinc
2153 1944 2357 2000 parare
2374 1947 2708 1995 crumenas,
2733 1948 2870 2002 quas
2899 1932 3142 1985 minime
3165 1930 3552 1983 veterascunt.

1914 2016 2100 2071 Dabat
2122 2034 2258 2072 vero
2285 2035 2429 2090 opes
2460 2036 2579 2075 non
2611 2036 2806 2090 parce,
2831 2020 3010 2091 idque
3033 2034 3141 2074 nec
3176 2017 3423 2073 tenuiter
3451 2030 3556 2069 uec

1910 2107 2181 2172 guttatim
2203 2105 2515 2173 distillans,
2542 2109 2648 2165 sed
2681 2108 2916 2179 profuse
2938 2107 3269 2163 admodum
3292 2111 3348 2159 et
3369 2104 3552 2171 large,

1908 2194 2230 2261 ambabus,
2285 2200 2348 2250 ut
2376 2196 2613 2261 dicitur,
2648 2198 2922 2254 manibus
2955 2196 3267 2252 effundens
3308 2194 3366 2249 in
3406 2208 3556 2247 ven-

1910 2288 2024 2338 tres
2052 2294 2525 2355 pauperum,aut
2555 2287 2934 2341 esurientium
2966 2302 2981 2351 ;
3011 2286 3191 2357 idque
3221 2298 3341 2338 non
3356 2280 3550 2345 semel,

1912 2379 2013 2427 aut
2045 2372 2155 2437 bis,
2186 2375 2288 2427 sed
2322 2390 2425 2445 per
2463 2381 2643 2431 totam
2676 2378 2854 2432 vitam
2881 2392 2893 2431 :
2936 2378 3195 2430 connata
3226 2374 3384 2426 enim
3416 2386 3552 2425 cum

1908 2460 2041 2532 ipso
2073 2474 2128 2523 et
2158 2466 2491 2521 connutrita
2530 2481 2717 2537 usque
2759 2465 2835 2520 ad
2884 2470 3132 2518 mortem
3166 2461 3275 2516 fuit
3304 2460 3554 2514 eleemo—

1909 2572 2081 2627 syna.
2117 2557 2435 2612 Servornm
2488 2559 2686 2611 autem
2738 2568 2947 2625 greges
2994 2551 3233 2607 nolebat
3292 2546 3554 2618 amplius

1909 2645 2073 2716 apud
2115 2662 2175 2700 se
2218 2661 2479 2708 manere,
2525 2660 2717 2715 neque
2752 2644 2809 2697 in
2852 2657 3051 2696 servos
3087 2641 3169 2694 uti
3202 2642 3549 2707 arroganter

1905 2734 2196 2805 imperio:
2232 2735 2337 2789 sed
2369 2734 2559 2798 potius
2580 2732 2843 2787 libertate
2882 2730 3137 2800 ingenue
3168 2725 3551 2796 dignabatur,

1906 2825 1989 2878 eis
2020 2824 2257 2878 abunde
2301 2824 2596 2894 praebens,
2652 2821 2813 2893 quod
2846 2820 2923 2875 ad
2961 2821 3185 2874 victum
3233 2814 3546 2871 sufﬁceret.

1906 2911 2055 2975 Quid
2078 2912 2234 2965 enim
2268 2912 2319 2965 ei
2346 2927 2488 2982 opus
2513 2917 2634 2965 erat
2666 2910 2937 2964 servitute
2984 2906 3320 2969 hominum,
3361 2902 3466 2974 qui
3490 2916 3552 2955 se

1909 3013 2113 3052 verum
2141 3006 2197 3054 et
2224 3014 2578 3068 germanum
2609 3014 2842 3053 servum
2879 2997 3128 3052 Domino
3162 3005 3548 3048 c.)nsecrave-

193 3100 302 3133 πων
336 3077 568 3141 δουλείας
599 3083 624 3133 ό
670 3078 853 3133 δοῦλον
900 3081 1078 3133 ἑαυτὸν
1122 3090 1192 3151 τῷ
1251 3086 1424 3155 Κυρίῳ
1453 3087 1667 3152 γνήσιον
1700 3082 1794 3153 ἀφν

1908 3086 2345 3159 rat?Sicitaque
2390 3103 2532 3157 erga
2583 3088 2890 3143 facultates
2928 3084 3196 3148 affectus,
3244 3080 3544 3151 rebusque

191 3173 546 3242 οσιωσάμενος
582 3187 595 3236 ;
629 3170 780 3222 Οὕτω
826 3178 950 3241 γοῦν
980 3174 1096 3243 περὶ
1125 3173 1191 3222 τὰ
1222 3174 1342 3222 ὄντα
1372 3168 1405 3223 δ
1411 3173 1647 3237 ιατεθεις,
1698 3180 1796 3223 τώ-

190 3263 524 3333 προσκαίρων
580 3265 669 3311 καὶ
718 3262 867 3311 οἱονεὶ
928 3256 1137 3330 δεσμῶν
1197 3279 1343 3311 τινων
1400 3259 1622 3323 ἀναθεὶς,
1678 3268 1797 3312 κοῦο

191 3367 278 3420 φος
319 3346 378 3407 ἦν
426 3352 655 3420 ἀτεχνῶς
700 3354 791 3401 καὶ
834 3349 1073 3409 εὔζωνος,
1125 3354 1315 3418 καὶτῷ
1347 3348 1536 3420 ἑνὶμεν
1579 3357 1796 3420 χιτῶνι-

193 3437 263 3490 ivi
316 3434 373 3491 δε
428 3446 527 3490 τῶν
585 3438 792 3491 οἰκετῶν
844 3437 1177 3511 ἀρκούμενος.
1236 3434 1362 3492 Εἶτα
1408 3443 1497 3490 καὶ
1537 3444 1630 3496 τὴν
1676 3437 1790 3495 Ῥώ.

197 3547 300 3599 μην
344 3526 604 3580 ἀπολιπὼν
648 3529 673 3580 6
706 3524 979 3593 Γεννάδας,
1021 3532 1145 3600 πρὸς
1178 3532 1269 3585 τὴν
1312 3532 1426 3580 νέαν
1476 3530 1671 3585 ταύτην
1703 3526 1793 3599 ἀφ-

193 3624 407 3668 ικνεῖται
462 3616 681 3688 Ῥώμην,
740 3621 826 3675 τὴν
884 3624 976 3669 τοῦ
1037 3618 1173 3669 θείου
1233 3622 1643 3680 Κωνσταντίνου,
1700 3636 1792 3689 φη-

190 3725 269 3777 μισ
329 3704 414 3777 ἀφ’
464 3706 526 3766 ἧς
580 3708 669 3775 μεν
747 3705 918 3765 αἰτίας
970 3708 1193 3766 κινηθεὶς
1242 3710 1370 3779 πρὸς
1427 3715 1580 3758 τοῦτο
1630 3706 1792 3776 λέγειν

191 3796 284 3845 ούκ
331 3795 455 3863 ἔχω·
514 3793 645 3850 πλὴν
703 3793 796 3844 ούκ
849 3792 984 3846 ἀθεεὶ
1032 3796 1248 3855 πάντως,
1307 3791 1420 3846 οὐδ’
1480 3794 1792 3854 ἀλυσιτελῶς

191 3889 253 3953 τῇ
306 3880 520 3956 λαμπρᾴ
558 3884 721 3954 ταύτῃ
779 3887 868 3935 καὶ
899 3880 1146 3955 βασιλίδι
1191 3892 1289 3935 τῶν
1333 3884 1523 3936 πόλεων
1577 3879 1791 3941 ἐνδεδη-

190 3975 384 4043 μηκὼς,
512 3975 687 4023 καὶτὸ
723 3972 853 4042 ἱερὸν
902 3972 1063 4024 αὐτοῦ
1115 3971 1437 4026 έναπόκειται
1493 3982 1664 4045 σῶμα,
1700 3975 1790 4031 θη-

194 4064 389 4133 σαυρὸς
434 4060 645 4127 ἄσυλος,
674 4060 889 4122 πλοῦτος
934 4057 1215 4129 ἀδάπανος,
1248 4065 1555 4136 νοσημάτων
1586 4064 1788 4115 πάντων

187 4147 534 4222 ἀλεξιτήριον.

259 4238 328 4293 Δ’.
381 4238 440 4291 Ὀ
495 4246 621 4311 γοῦν
674 4242 739 4292 τὰ
789 4241 955 4292 πάντα
999 4242 1159 4311 μέγας
1214 4240 1436 4312 Σαμψὼν
1490 4244 1583 4298 τὴν
1629 4241 1789 4311 μεγά-

186 4328 280 4385 λην
353 4325 512 4387 τήνδε
581 4329 728 4381 πόλιν
786 4327 1110 4386 καταλαϐὼν,
1168 4328 1216 4379 ἐν
1299 4335 1496 4402 σμικρᾴ
1548 4333 1637 4398 μέν
1690 4347 1791 4379 τινι

1907 3177 2342 3248 temporalibus
2373 3182 2662 3247 tanquam
2690 3175 2936 3230 vinculis
2968 3178 3553 3235 exutus,eratrevera

1903 3263 2049 3320 levis
2089 3272 2143 3319 et
2182 3265 2501 3329 accinctus,
2531 3270 2587 3318 et
2615 3280 2731 3318 una
2752 3264 2996 3332 quidem
3037 3262 3259 3323 tunica,
3290 3273 3409 3312 uno
3442 3272 3545 3312 au-

1904 3361 2024 3410 tem
2061 3354 2289 3409 famulo
2330 3359 2657 3408 contentus.
2698 3349 2916 3405 Deinde
2960 3352 3148 3403 Roma
3196 3348 3401 3401 relicta
3431 3344 3550 3401 hic—

1904 3444 1992 3499 vir
2024 3443 2295 3512 egregius
2335 3443 2394 3496 in
2427 3442 2581 3496 hanc
2610 3454 2842 3494 novam
2897 3437 3054 3492 venit
3130 3438 3401 3499 Romam,
3459 3433 3543 3487 di-

1903 3532 2043 3598 vini,
2094 3530 2361 3602 inquam,
2410 3527 2775 3586 Constantini
2815 3526 3133 3582 civitatem.
3176 3528 3364 3591 Atque
3394 3537 3553 3592 quaa-

1903 3637 2042 3676 nam
2074 3621 2305 3692 quidem
2336 3635 2475 3673 eum
2515 3634 2697 3673 causa
2737 3616 3114 3685 permoverit,
3160 3626 3547 3683 nequaquam

1902 3726 2133 3781 possum
2174 3710 2389 3764 dicere.
2428 3707 2540 3764 Sed
2581 3722 2698 3760 non
2742 3706 2867 3759 sine
2909 3705 3006 3759 Dei
3046 3702 3314 3766 numine,
3358 3714 3550 3771 neque

1902 3799 2147 3855 omnino
2180 3798 2457 3853 inutiliter
2515 3801 2780 3851 versatus
2834 3794 2891 3848 in
2936 3793 3050 3848 hac
3087 3792 3247 3862 regia
3282 3794 3367 3844 est
3415 3788 3553 3843 civi-

1900 3894 2037 3956 tate,
2060 3888 2121 3943 in
2159 3903 2279 3958 qua
2310 3893 2396 3941 est
2425 3885 2601 3942 etiam
2632 3899 2872 3939 sacrum
2904 3882 3027 3952 ejus
3068 3896 3289 3950 corpus
3332 3877 3555 3948 reposi-

1900 3984 2046 4041 tum,
2141 3976 2455 4031 thesaurus
2557 3976 2986 4033 sacrosanctus,
3082 3967 3324 4032 divitiae,
3413 3981 3549 4037 quae

1899 4066 2144 4121 minime
2172 4068 2631 4127 consumuntur,
2662 4061 2931 4116 omnium
2972 4057 3321 4114 morborum
3362 4069 3552 4111 reme-

1898 4154 2095 4209 dium.

1970 4242 2059 4294 IV.
2094 4238 2191 4293 Hic
2221 4253 2363 4307 ergo
2392 4238 2555 4295 omni
2603 4253 2675 4293 ex
2712 4241 2879 4308 parte
2916 4249 3174 4306 magnus
3231 4232 3546 4302 Sampson,

1900 4344 2038 4384 cum
2069 4329 2145 4383 ad
2189 4328 2345 4383 hanc
2391 4325 2755 4397 pervenisset
2797 4323 3113 4383 civitatem,
3172 4322 3230 4375 in
3283 4319 3551 4391 quadam

184 4416 349 4490 φαύλη
407 4412 589 4487 διῆγεν
619 4416 780 4487 οἰκίᾳ,
828 4415 875 4466 ἐν
917 4412 975 4467 δε
1008 4423 1079 4484 τῷ
1119 4416 1340 4472 πλησίον
1390 4412 1651 4473 κήδεσθαι
1695 4434 1788 4466 πο-

1907 4433 2083 4489 parva
2110 4422 2165 4472 et
2195 4415 2403 4472 humili
2443 4414 2626 4470 domo
2650 4412 2977 4476 habitabat,
3021 4413 3079 4467 in
3116 4408 3369 4482 proximi
3409 4422 3554 4463 cura

183 4506 273 4566 λύς
328 4502 410 4563 ἦν’
470 4509 563 4562 τήν
622 4507 722 4575 γὰρ
770 4505 936 4555 οἰκίαν
993 4506 1187 4561 ταύτην
1229 4503 1612 4576 φιλανθρωπίας
1668 4504 1791 4555 ὑπόο

190 4596 331 4645 θεσιν
360 4597 449 4643 καὶ
504 4593 725 4650 ἰατρεῖον
774 4593 1001 4663 ἄμισθον
1059 4594 1426 4663 ποιησάμενος.
1486 4597 1603 4654 τούς
1657 4599 1791 4663 νόσῳ

186 4683 518 4751 πιεζομένους
571 4681 777 4744 ξενίζων
829 4677 888 4739 ἧν
952 4686 1041 4733 καὶ
1095 4678 1414 4753 φιλαδέλφως
1469 4680 1793 4755 ὑποδεχόμε-

185 4790 286 4833 νος,
349 4774 433 4821 κοιὶ
494 4774 564 4839 μὴ
618 4777 768 4841 μονον
821 4770 1110 4843 ἐπιμελείας
1163 4770 1317 4833 ἀξιῶν
1368 4773 1558 4837 πάσης,
1617 4775 1790 4846 ὥσπερ

186 4862 237 4913 οἱ
282 4867 378 4921 τῆς
425 4862 614 4930 τέχνης
665 4858 942 4931 βούλονται
972 4866 1140 4931 νόμοι,
1176 4859 1303 4911 ἀλλὰ
1338 4865 1426 4912 καὶ
1455 4870 1646 4932 τροφῆς
1683 4881 1795 4914 κοι-

187 4957 357 5001 νωνῶν
413 4952 501 5000 καὶ
551 4958 841 5021 στρωμνῆς,
899 4948 1191 5011 ἀκολούθως
1244 4958 1359 5011 ταῖς
1415 4958 1505 5002 τοῦ
1556 4958 1790 5021 Χριστοῦ

189 5039 431 5103 ἐντολαῖς,
488 5043 576 5090 καὶ
633 5045 785 5090 τοῦτο
849 5042 937 5110 μεν
986 5042 1051 5090 τὰ
1106 5047 1193 5099 τῆς
1242 5044 1454 5111 τέχνης,
1526 5048 1676 5093 τοῦτο
1732 5038 1791 5094 δε

191 5128 378 5200 μᾶλλον
430 5132 520 5179 καὶ
568 5129 634 5179 τά
674 5136 768 5188 τῆς
808 5130 1028 5198 χάριτος
1084 5124 1480 5200 ἐνδεικνύμενος.
1532 5136 1638 5182 Ποῦ
1685 5132 1785 5203 γὰρ

190 5221 377 5288 τέχνης
427 5219 572 5290 ἔργον
629 5212 882 5287 δαίμονας
936 5216 1250 5281 ἀπελαύνειν,
1305 5222 1393 5269 καὶ
1437 5220 1613 5269 παθῶν
1647 5217 1787 5271 ἀνιά-

191 5325 291 5358 των
346 5307 755 5379 θαυματουργεῖν
800 5308 961 5371 ἴασιν,
1017 5305 1050 5356 οἱ
1096 5303 1266 5376 ἐκείνῳ
1310 5302 1527 5379 δρᾶσαι,
1582 5304 1665 5359 οἶα
1714 5303 1780 5365 δὴ

192 5400 280 5447 καὶ
328 5398 385 5446 τό
432 5394 645 5453 θελῆσαι
688 5390 873 5467 ῥᾴδιον
913 5399 1001 5446 καὶ
1051 5393 1223 5457 ἁπλῶς
1258 5394 1485 5461 ς”Αλλου
1526 5399 1615 5468 μεν
1663 5398 1783 5449 ἄλλο

270 5573 284 5606 ¹
327 5572 533 5631 Matth.
559 5588 673 5630 xix.

1901 4506 2165 4578 gerenda
2190 4505 2492 4562 assiduus.
2536 4506 2681 4558 Nam
2724 4518 2858 4557 cum
2900 4501 3055 4556 hanc
3093 4501 3342 4556 domum
3383 4497 3546 4554 beni-

1899 4595 2140 4667 gnitatis
2173 4598 2616 4663 argumentum,
2648 4597 2705 4645 et
2743 4589 3059 4660 gratuitam
3102 4590 3335 4645 fecisset
3368 4585 3553 4642 ofﬁci-

1902 4702 2067 4749 nam,
2096 4700 2219 4749 eos,
2248 4682 2349 4754 qui
2379 4681 2589 4737 morbo
2630 4680 3067 4752 premebantur,
3105 4678 3365 4750 hospitio
3404 4676 3551 4731 exci-

1902 4775 2120 4847 piebat,
2152 4780 2208 4828 et
2264 4771 2516 4827 fraterne
2556 4772 2884 4825 tractabat:
2932 4784 3039 4823 nec
3083 4768 3278 4822 solum
3330 4766 3389 4819 in
3445 4780 3547 4819 eos

1902 4863 2065 4919 omni
2097 4862 2372 4917 utebatur
2402 4876 2543 4916 cura
2575 4862 2629 4915 et
2661 4858 2989 4929 diligentia,
3033 4860 3094 4911 ut
3137 4854 3341 4909 volunt
3382 4852 3550 4923 leges

1901 4952 2067 5017 artis,
2124 4950 2226 5006 sed
2275 4955 2331 5005 et
2379 4950 2599 5013 cibum.
2654 4955 2707 5004 et
2766 4946 3094 5013 cubileeis
3157 4941 3546 5015 impertiebat,

1901 5040 2228 5097 secundum
2257 5038 2469 5094 Christi
2504 5041 2820 5109 prmeepta,
2856 5036 3070 5109 partim
3107 5031 3365 5105 quidem
3397 5030 3548 5089 artis

1898 5146 2040 5195 suae,
2075 5127 2290 5201 partim
2328 5143 2468 5183 vero
2501 5126 2720 5182 divinm
2758 5125 2960 5195 gratiae
3011 5121 3301 5178 beneﬁcia
3330 5120 3543 5191 imper-

1901 5219 2066 5275 tiens.
2115 5218 2266 5284 Ouid
2311 5214 2502 5272 enim?
2548 5218 2633 5270 An
2687 5216 2825 5271 artis
2891 5228 3043 5283 opus
3100 5216 3187 5267 est
3244 5211 3548 5266 daemones

1894 5307 2203 5380 expellere,
2236 5312 2293 5363 et
2329 5306 2679 5362 morborum
2724 5302 3047 5359 mirabilem
3082 5300 3314 5358 efﬁcere
3378 5313 3547 5354 cura-

1894 5397 2145 5455 tionem?
2170 5397 2312 5463 Qum
2350 5395 2593 5469 quidem
2624 5394 2676 5450 ei
2715 5392 2927 5459 facere,
2970 5408 3085 5449 non
3124 5393 3311 5449 minus
3356 5402 3543 5461 quam
