4114 6262
556 321 663 375 283

1968 299 2233 361 MENSIS
2272 298 2533 356 JUNIUS.

3854 290 3969 347 284

557 442 726 508 velle,
760 445 887 497 erat
937 439 1126 495 facile.
1166 439 1229 494 Et
1264 437 1426 493 alteri
1480 436 1727 509 quidem
1768 431 1995 504 aliquid
2028 426 2208 490 aliud,

2329 444 2393 477 τι·
2437 426 2658 498 Σαμψὼν
2714 424 2771 479 δὲ
2804 429 2831 485 ἡ
2884 424 3167 498 ξενοδοχία
3217 432 3306 478 καὶ
3365 424 3739 497 φιλανθρωπία
3804 422 3911 469 καὶ
3947 420 3975 467 ὀ

560 531 879 603 Sampsoni
931 535 1132 583 autem
1180 527 1548 599 hospitalitas
1590 531 1643 580 et
1676 523 2033 594 benignitas,
2069 523 2125 571 et
2157 517 2212 569 in

559 626 800 690 egentes
831 618 1254 682 misericordia,
1284 623 1408 671 erat
1438 616 1588 670 adeo
1623 614 1883 685 propria,
1914 616 1975 664 ut
2010 620 2215 679 prope-

562 708 812 764 modum
851 707 962 779 ipsi
995 707 1279 761 naturalis
1309 706 1493 767 ﬁeret,
1527 704 1677 757 sicut
1705 703 1811 756 soli
1843 699 2085 771 quidem
2127 705 2213 755 est

559 796 911 860 illuminare,
946 796 1067 863 igni
1098 799 1297 848 autem
1332 810 1516 847 urere.
1553 794 1693 847 Hinc
1742 792 1919 844 etiam
1958 785 2211 842 innotuit

560 886 609 939 ei
652 884 752 956 qui
792 887 935 937 tunc
975 888 1099 937 erat
1137 883 1346 937 Christi
1388 880 1684 935 Pontifex:
1732 878 2012 934 bonitatis
2053 878 2212 929 enim

563 972 846 1043 splendor
901 977 955 1026 ct
1006 972 1187 1026 decus
1241 987 1359 1035 eos,
1415 970 1517 1041 qui
1571 984 1705 1023 eam
1751 970 2038 1030 exercent,
2098 965 2214 1018 cito

562 1060 856 1132 propalat.
915 1063 964 1114 ls
1013 1066 1214 1114 autem
1270 1064 1395 1113 erat
1440 1061 1635 1112 Menas
1684 1060 1783 1126 (2),
1835 1055 2044 1109 virtute
2094 1069 2214 1107 non

560 1150 873 1204 obscurus.
907 1150 995 1202 Ab
1021 1149 1120 1203 illo
1146 1148 1457 1203 ordinatur
1489 1146 1788 1210 sacerdos,
1825 1144 2060 1212 triginta
2088 1143 2215 1213 jam

561 1254 753 1293 annos
792 1244 987 1302 natus,
1023 1243 1078 1292 et
1108 1238 1288 1307 paulo
1320 1236 1471 1307 plus.
1519 1236 1735 1289 Deinde
1766 1240 1820 1289 et
1851 1236 1901 1289 ei
1942 1234 2212 1295 innotuit,

558 1327 661 1400 qui
702 1326 1158 1383 administrabat
1197 1324 1536 1397 imperium.
1573 1327 1633 1379 ld
1667 1330 1869 1380 autem
1901 1339 1971 1377 ex
2012 1338 2082 1378 eo
2123 1339 2215 1378 ac-

566 1410 729 1470 cidit.

636 1505 699 1560 V.
763 1502 1126 1558 Justinianus
1183 1501 1427 1573 quidem
1491 1506 1634 1567 erat,
1699 1500 1800 1571 qui
1862 1499 2221 1569 imperabat,

561 1592 733 1662 cujus
792 1595 847 1645 et
902 1590 1128 1661 imperii
1173 1590 1521 1644 diuturnum
1563 1589 1673 1643 fuit
1730 1595 1963 1659 tempus
2021 1589 2119 1659 (3),
2171 1592 2227 1643 et

561 1680 682 1735 vita
728 1678 993 1733 illustris.
1039 1680 1099 1733 Ei
1159 1678 1405 1733 morbus
1464 1678 1731 1732 incubuit
1776 1678 1949 1732 valde
2006 1679 2223 1750 gravis,

2324 521 2439 588 περὶ
2498 520 2616 576 τοὺς
2672 513 2853 575 ἐνδεεῖς
2912 518 3080 578 οἶκτος
3144 520 3200 567 τὸ
3249 513 3567 577 ἰδιαίτατον,
3625 515 3697 571 ὡς
3753 514 3973 580 μικροῦ

2323 610 2411 656 καὶ
2464 604 2529 663 εἰς
2582 608 2775 675 φύσεως
2824 604 3117 657 ἀποϐαίνειν
3171 604 3582 674 ἀναγκαιοτητα,
3636 602 3749 651 οἷον
3830 601 3973 663 πλέῳ

2324 696 2411 764 μὲν
2458 698 2515 744 τὸ
2570 698 2829 765 φωτίζειν,
2886 700 3012 765 πυρὶ
3072 691 3128 745 δὲ
3176 698 3232 745 τὸ
3281 698 3465 745 καίειν.
3527 690 3813 743 Ἐντεῦθεν
3874 694 3969 735 καὶ

2323 790 2393 849 τῷ
2448 790 2732 839 τηνικαῦτα
2786 782 3022 855 ἀρχιερεῖ
3078 791 3167 834 τοῦ
3218 788 3452 853 Χριστοῦ
3512 776 3674 836 δῆλος
3735 780 3970 845 ’γίνεται

3872 882 3969 912 και

2325 870 2501 944 (ἀρετὴ
2557 874 2657 945 γὰρ
2708 879 2925 943 πρᾶγμα
2978 875 3073 924 ἴσα
3148 877 3275 943 φωτὶ
3356 871 3578 941 λάμπον,
3655 869 3780 917 ὅθεν

2324 964 2463 1030 ταχὺ
2548 960 2657 1011 λίαν
2738 959 3079 1033 ἀνακηρύττει
3153 964 3273 1020 τοὺς
3358 958 3677 1028 μετιόντας).
3758 961 3969 1011 Μῇνας

2325 1049 2468 1109 οὗτος
2546 1046 2605 1106 ἦν
2672 1051 2697 1101 ὁ
2759 1054 2850 1107 τὴν
2918 1048 3099 1122 ἀρετὴν
3166 1049 3258 1100 οὐκ
3314 1045 3527 1110 ἄδηλος,
3584 1045 3681 1097 καί
3752 1046 3961 1115 ἱερεύς

2325 1140 2409 1189 ὑπ’
2496 1138 2685 1190 ἐκείνου
2757 1148 3132 1213 χειροτονεῖται
3195 1141 3475 1212 τριάκοντα
3528 1132 3638 1194 ἤδη
3711 1136 3971 1204 γεγονὼς

2327 1230 2435 1290 ἔτη,
2486 1232 2574 1279 καὶ
2618 1233 2801 1300 μικρόν
2866 1248 2915 1280 τι
2964 1221 3109 1299 πρὸς.
3162 1228 3289 1281 Εἶτα
3337 1232 3547 1297 καὶτῷ
3615 1229 3715 1281 τὴν
3790 1220 3971 1293 βασιο

2327 1314 2463 1366 λείαν
2545 1312 2777 1368 διέποντι
2858 1322 3069 1389 φανερὸς
3124 1322 3340 1387 γίνεται·
3424 1314 3546 1388 παρ’
3625 1313 3823 1364 αἰτίαν
3908 1305 3968 1360 δε

2330 1407 2595 1461 τοιαύτην.

2407 1492 2472 1545 Ε’.
2509 1493 2872 1555 Ἰουστινιανός
2924 1500 3012 1567 μὲν
3068 1497 3130 1553 ἣν
3170 1497 3195 1546 ὸ
3242 1502 3465 1563 κρατῶν,
3526 1491 3587 1543 οὗ
3637 1494 3732 1542 καὶ
3792 1491 3825 1539 ὁ
3874 1498 3977 1548 τῆς

2337 1580 2513 1652 ἀρχῆς
2542 1590 2729 1655 χρόνος
2768 1584 2945 1649 πολὺς,
2993 1590 3080 1636 καὶ
3110 1586 3135 1635 ὁ
3179 1582 3292 1656 βίος
3342 1583 3612 1653 ἐπιφανής.
3646 1582 3851 1648 Τούτῳ
3888 1585 3976 1629 νο-

2342 1688 2427 1730 σος
2472 1671 2747 1729 ἐνσκήπτει
2795 1674 2933 1744 μάλα
2978 1673 3164 1749 βαρεῖα
3194 1682 3292 1724 τῶν
3340 1668 3559 1723 αἰδοίων
3609 1668 3761 1737 αὐτῷ
3797 1687 3979 1724 πονη-

564 1784 701 1823 cum
755 1769 802 1822 ei
863 1768 1016 1822 male
1066 1766 1279 1822 affecta
1329 1772 1526 1821 essent
1569 1767 1867 1835 pudenda,
1924 1772 1978 1823 et
2028 1769 2214 1823 vesica

2339 1768 2440 1830 ρῶς
2488 1758 2732 1831 ἐχόντων,
2785 1767 2870 1812 καὶ
2923 1770 3017 1823 τῆς
3047 1766 3277 1822 κύστεως
3324 1761 3456 1813 ἕλκει
3511 1758 3737 1831 χαλεπῷ
3782 1777 3975 1808 nocte.»

565 1858 731 1927 gravi
784 1857 1081 1912 laboraret
1121 1856 1334 1910 ulcere.
1378 1857 1569 1927 Atque
1610 1855 1703 1910 ille
1744 1856 1989 1926 quidem
2049 1859 2229 1927 patie-

562 1946 758 2009 batur,
802 1954 857 1999 et
894 1944 1228 2009 laborabat,
1263 1960 1371 1999 nec
1411 1945 1647 1999 dolores
1681 1946 1827 2000 ferre
1871 1951 2118 2015 poterat.
2160 1947 2217 2000 Ei

565 2038 765 2089 autem
818 2037 943 2087 erat
991 2032 1420 2087 circumfusum
1462 2049 1711 2087 examen
1756 2036 2125 2090 medicorum
2172 2046 2227 2097 et

561 2124 718 2178 circa
748 2138 911 2186 eum,
948 2127 1005 2175 ut
1039 2137 1168 2175 mos
1195 2126 1302 2185 est,
1344 2122 1591 2176 aderant
1623 2139 1842 2193 magno
1875 2124 2073 2179 studio
2104 2126 2220 2179 dis-

565 2214 893 2284 putantes:
948 2212 1050 2282 qui
1091 2210 1167 2265 ad
1211 2212 1675 2281 promittendum
1731 2212 1995 2283 quidem,
2039 2222 2093 2269 et
2151 2215 2227 2269 ad

565 2301 723 2355 bona
761 2316 866 2370 spe
904 2299 1273 2369 implendum
1310 2306 1449 2356 sunt
1488 2300 1657 2355 valde
1688 2303 1968 2372 prompti,
2013 2307 2075 2357 ut
2113 2304 2220 2376 qui

568 2392 622 2443 et
670 2389 797 2459 ejus
830 2404 1100 2451 manum,
1132 2388 1234 2459 qui
1266 2387 1519 2453 laborat,
1552 2388 1691 2443 hinc
1720 2390 1976 2456 incitent,
2011 2397 2067 2446 et
2104 2392 2225 2446 efﬁ-

568 2475 743 2540 ciant,
789 2481 849 2530 ut
887 2476 959 2529 sit
997 2476 1072 2531 ad
1111 2476 1381 2531 dandum
1422 2476 1703 2532 alacrior:
1749 2482 1813 2531 ut
1849 2484 2047 2534 autem
2089 2497 2227 2551 pro-

569 2563 757 2618 missa
794 2565 1094 2619 deducant
1134 2565 1208 2619 ad
1244 2564 1540 2630 effectum,
1583 2571 1639 2619 et
1676 2566 2048 2623 laborantem
2090 2569 2230 2626 libe-

566 2656 697 2706 rent
724 2651 799 2706 ab
826 2668 895 2706 eo
920 2653 1081 2722 quod
1110 2668 1246 2706 eum
1278 2653 1431 2707 male
1459 2654 1655 2717 habet,
1684 2670 1802 2708 non
1835 2656 2032 2710 solum
2061 2656 2225 2713 brevi

568 2754 691 2794 non
744 2746 996 2810 possunt
1052 2740 1301 2805 efﬁcere,
1346 2741 1452 2796 sed
1493 2757 1687 2813 neque
1726 2743 1909 2814 longa
1956 2761 2125 2802 mora
2177 2755 2233 2805 et

568 2826 872 2893 dilatione,
923 2844 1118 2900 neque
1156 2828 1319 2898 longi
1359 2830 1642 2901 temporis
1684 2837 1911 2887 utentes
1956 2834 2175 2890 auxilio
2210 2837 2223 2875 ε

570 2916 675 2971 sed
704 2917 894 2988 parati
924 2918 1165 2990 quidem
1196 2924 1333 2974 sunt
1357 2934 1563 2974 eorum
1594 2921 1695 2990 qui
1728 2920 2021 2987 laborant,
2055 2940 2230 2979 accu-

571 3021 700 3061 sare
747 3006 1103 3075 tarditatem,
1145 3022 1223 3062 au
1273 3008 1451 3062 etiam
1490 3008 1567 3063 ad
1608 3008 1686 3073 id,
1742 3010 1904 3080 quod
1938 3017 2026 3067 est
2064 3015 2221 3069 dete.

2342 1849 2537 1910 θείσης.
2586 1849 2643 1900 Ὀ
2700 1854 2788 1921 μεν
2845 1848 2932 1902 οὖν
2976 1854 3179 1921 ἔπασχέ
3216 1870 3268 1903 τε
3320 1856 3408 1901 καὶ
3467 1852 3651 1919 ἔκαμνε
3710 1852 3813 1899 καὶ
3872 1850 3972 1906 τὰς

2339 1934 2526 1997 ὀδύνας
2574 1944 2757 2010 φέρειν,
2791 1940 2849 1990 οὗ
2904 1936 3126 1999 δυνατὸς
3166 1937 3245 1997 ἦν’
3294 1939 3481 2013 ἰατρῶν
3524 1934 3584 1989 δὲ
3616 1944 3837 2007 σμῆνος
3874 1936 3972 1986 αὐ-

2338 2034 2408 2096 τῷ
2435 2032 2769 2098 περιεκέχυτο
2800 2035 2888 2080 καὶ
2918 2035 3033 2101 περὶ
3064 2030 3235 2091 αὐτὸν,
3272 2030 3444 2101 ὥσπερ
3476 2029 3609 2089 ἔθος,
3645 2023 3969 2077 σπουδαιο-

2336 2115 2633 2186 λογούμενοι
2663 2125 2926 2190 παρῆσαν,
2968 2120 3015 2169 οἱ
3058 2117 3464 2189 ἐπαγγείλασθαι
3512 2120 3602 2187 μὲν
3656 2120 3755 2165 καὶ
3816 2113 3966 2184 ἀγα-

2340 2206 2438 2254 θῶν
2468 2203 2689 2257 ἐλπίδων
2720 2206 2995 2280 πληρῶσαι
3041 2204 3233 2277 κομιδή
3278 2214 3574 2279 πρόχειροι,
3612 2205 3703 2255 ἁτε
3752 2201 3831 2260 δὴ
3870 2209 3965 2253 καὶ

2337 2297 2425 2350 τὴν
2476 2302 2635 2366 χεῖρα
2691 2303 2780 2347 του
2827 2298 3101 2367 κάμνοντος
3150 2295 3369 2348 ἓντευθεν
3410 2297 3805 2356 ὑποκινοῦντες,
3869 2298 3967 2343 καὶ

2337 2385 2728 2455 προθυμοτέραν
2799 2387 2870 2445 εἰς
2922 2383 3185 2446 ἐπιδόσεις
3238 2381 3368 2435 εἶναι
3422 2384 3959 2448 παρασκευάζοντες·

2340 2470 2411 2530 εἰς
2440 2473 2585 2544 ἔρυον
2618 2469 2676 2524 δὲ
2706 2476 2762 2525 τὸ
2803 2472 3108 2544 ἐπαγγελθεν
3156 2472 3389 2544 ἀγαγεῖν,
3440 2477 3528 2523 καὶ
3571 2478 3664 2522 τοῦ
3720 2470 3963 2522 λυποῦν-

2338 2578 2418 2619 τος
2463 2559 2750 2623 ἀπαλλάξαι
2780 2566 2864 2614 τὸν
2912 2563 3229 2634 πιεζόμενον,
3271 2562 3327 2613 οὐ
3379 2566 3532 2633 μόνον
3580 2560 3675 2612 οὐκ
3734 2560 3786 2611 ἐν
3834 2561 3957 2611 ὀλί-

2339 2668 2412 2718 γῳ
2462 2645 2675 2701 δυνατοὶ
2722 2653 2905 2714 ποιεῖν,
2962 2652 3065 2702 ἀλλ’
3120 2649 3241 2703 οὐδὲ
3308 2649 3459 2723 τριϐῇ
3534 2654 3627 2700 καὶ
3698 2649 3955 2720 μελλήσει

2340 2736 2602 2805 πολλάκις,
2658 2736 2780 2791 οὐδὲ
2833 2744 2917 2791 τὸν
2970 2744 3167 2812 μακρὸν
3218 2745 3409 2811 χρόνον
3465 2737 3814 2811 λαμϐάνοντες
3870 2737 3947 2798 εἰς

2342 2824 2609 2896 βοήθειαν⁹
2694 2828 2800 2881 ἀλλ’
2884 2831 3080 2901 ἕτοιμοι
3159 2829 3345 2902 μᾶλλον
3426 2832 3549 2888 τοὺς
3630 2830 3933 2897 πάσχοντας

2338 2915 2606 2969 αἰτιᾶσθαι
2636 2926 2725 2978 τῆς
2770 2916 3121 2992 βραδύτητος,
3167 2920 3196 2977 ἣ
3242 2924 3331 2970 καὶ
3360 2921 3454 2978 τὰς
3482 2922 3617 2990 πρὸς
3658 2920 3717 2968 τὸ
3762 2923 3930 2987 χεῖρον

2339 3004 2727 3076 συμϐαινούσας
2790 3014 3127 3080 περιπετείας,
3183 3011 3304 3060 ὡσεὶ
3356 3012 3427 3079 μὴ
3487 3014 3591 3067 τοῖς
3649 3004 3943 3079 παραγγέλ-

564 3094 706 3158 rius,
748 3094 1198 3165 proclivitatem,
1243 3101 1305 3150 ut
1341 3098 1441 3168 qui
1485 3097 1576 3152 vel
1618 3101 1924 3170 praeceptis
1970 3117 2089 3157 non
2127 3120 2214 3160 ac-

2337 3114 2497 3165 μασιν
2555 3100 2801 3165 εἴκοντας,
2855 3099 2884 3155 ii)
2941 3104 3057 3172 περὶ
3099 3101 3192 3158 τὰς
3241 3095 3467 3170 βρώσεις
3507 3097 3538 3155 ἦ
3586 3100 3777 3155 πόσεις
3816 3092 3947 3165 ἀφυ-

564 3183 897 3255 quiescant,
943 3184 1032 3239 vel
1072 3185 1203 3240 cibo
1244 3191 1297 3240 et
1337 3191 1480 3257 potu
1510 3203 1632 3243 non
1673 3204 1761 3255 ea,
1803 3205 1925 3261 qua
1965 3207 2075 3263 par
2113 3199 2221 3258 est,

563 3273 833 3327 cautione
877 3278 1158 3329 utantur:
1217 3290 1280 3329 se
1326 3281 1546 3341 autem,
1588 3281 1645 3332 et
1688 3294 1778 3341 ea,
1828 3295 1963 3351 qum
2010 3284 2088 3336 ad
2129 3299 2229 3337 cu—

559 3361 819 3417 randum
873 3362 1177 3429 adhibent,
1234 3365 1673 3422 medicamenta
1731 3367 1979 3422 minime
2031 3384 2229 3439 repre.

556 3449 845 3506 hendunt.
904 3452 1057 3517 Quid
1110 3468 1252 3522 ergo
1300 3454 1661 3525 imperator?
1702 3458 2021 3527 Postquam
2072 3458 2217 3513 vidi‘

556 3553 655 3593 eos
694 3539 880 3595 multa
923 3541 1168 3612 quidem
1210 3542 1426 3608 dicere,
1460 3546 1518 3597 et
1548 3558 1771 3613 magna
1810 3544 1992 3601 verba
2032 3546 2213 3620 loqui,

553 3626 699 3682 nihil
754 3634 947 3683 autem
1004 3630 1269 3685 conferre
1326 3631 1402 3686 ad
1457 3633 1847 3699 curationem,
1901 3634 2025 3689 imo
2080 3652 2220 3692 vero

551 3714 787 3780 laedere,
818 3723 878 3770 et
904 3718 1163 3785 majores
1190 3720 1427 3774 dolores
1459 3722 1689 3789 afferre,
1723 3724 1848 3794 ipse
1876 3725 2216 3793 agitabatur

552 3803 795 3873 quidem
834 3804 1162 3871 doloribus,
1205 3807 1355 3861 ferre
1395 3823 1532 3862 vero
1573 3825 1690 3864 non
1731 3817 1982 3882 poterat.
2024 3819 2212 3886 Atque

549 3906 759 3945 omnes
789 3892 1034 3963 quidem
1067 3893 1328 3949 medicos
1368 3910 1436 3949 ex
1469 3911 1642 3966 aequo
1687 3900 2117 3968 condemnans,
2154 3911 2216 3960 ut

549 3979 804 4044 inutiles,
855 3980 913 4034 in
967 3982 1193 4037 malam
1243 3999 1366 4037 rem
1418 3984 1580 4040 abire
1621 3988 1838 4056 jussit:
1892 3989 1970 4043 ad
2022 3990 2209 4046 Deum

548 4074 747 4122 autem
794 4068 1073 4140 confugit,
1115 4077 1173 4127 et
1214 4072 1265 4126 ei
1308 4087 1529 4142 magno
1572 4074 1768 4131 studio
1815 4077 2097 4147 adhaeret,
2148 4083 2205 4135 et

548 4155 704 4212 illinc
730 4159 944 4229 quaerit
970 4159 1279 4215 auxilium.
1315 4164 1759 4235 Nonnunquam
1788 4165 1947 4222 enim
1979 4175 2210 4238 egestas

541 4246 731 4318 docet,
765 4247 910 4321 quid
943 4248 1116 4305 nobis
1150 4251 1221 4307 sit
1264 4251 1436 4319 utile;
1469 4257 1525 4308 et
1554 4253 1747 4325 efﬁcit,
1784 4261 1848 4311 ut
1876 4257 2202 4323 discamus,

544 4337 847 4393 undenam
873 4354 1077 4394 verum
1101 4341 1300 4397 veniat
1322 4341 1644 4402 auxilium:
1671 4365 1700 4394 «
1722 4346 2025 4402 Auxilium
2042 4348 2205 4403 enim

543 4434 757 4491 meum,
789 4426 996 4499 inquit,
1029 4444 1064 4483 a
1100 4430 1350 4485 Domino
1382 4433 1423 4483 ³.
1458 4450 1483 4480 υ

611 4515 698 4568 VI.
740 4516 884 4569 Cum
922 4515 1121 4585 itaque
1155 4516 1536 4572 vehementer
1564 4519 1849 4590 petiisset,
1882 4537 2006 4577 non
2037 4524 2203 4579 tarde

538 4600 947 4672 consequitur,
1000 4601 1105 4656 sed
1157 4602 1208 4657 ei
1239 4603 1298 4657 in
1351 4605 1577 4660 somnis
1636 4608 1966 4665 ostenditur
2009 4611 2200 4667 multi-

538 4689 682 4745 tudo
715 4688 1104 4757 medicorum,
1134 4691 1236 4764 qui
1262 4692 1469 4747 ordine
1494 4696 1738 4765 quidem
1761 4699 2058 4764 astabant,
2088 4702 2189 4756 ho-

540 4781 707 4832 uesta
768 4793 929 4843 vero,
999 4784 1055 4833 et
1110 4795 1247 4851 quae
1314 4781 1722 4838 sacerdotibus
1783 4788 2194 4856 conveniebat,

542 4870 708 4920 erant
749 4872 904 4921 veste
957 4866 1167 4921 induti.
1223 4867 1371 4921 Vidit
1406 4875 1602 4924 autem
1651 4873 1976 4942 quemdam
2027 4892 2190 4932 acce-

540 4954 776 5010 dentem
810 4956 1174 5023 eunuchum,
1207 4971 1277 5012 ex
1304 4973 1451 5013 auro
1472 4959 1715 5027 quidem
1740 4968 2009 5021 contexta
2038 4972 2195 5028 veste

543 5041 841 5110 indutum,
867 5045 1191 5117 Praeposito
1211 5063 1349 5103 vero
1372 5047 1592 5102 amictu
1616 5051 1889 5118 similem,
1914 5054 2017 5124 qui
2045 5057 2203 5111 visus

544 5137 633 5186 est
654 5133 963 5188 ostendere
990 5151 1175 5191 unum
1201 5152 1575 5208 quemquam
1603 5154 1669 5194 ex
1696 5141 1955 5207 medicis,
1984 5159 2106 5215 quo
2133 5146 2205 5204 sit

614 5254 637 5287 ²
678 5254 803 5308 Psal
839 5296 849 5308 .
884 5270 1015 5324 cxx,
1042 5257 1093 5309 2.

619 5428 695 5511 (ᾖ)
728 5430 771 5483 Α
795 5430 1128 5511 Patriarcha
1155 5434 1323 5511 Mena
1354 5451 1471 5490 non
1506 5438 1767 5508 potuisse
1800 5441 2193 5511 Sampsonem

548 5499 825 5626 ordinari8
839 5501 1205 5558 sacerdotem
1233 5507 1455 5562 dictum
1489 5499 1573 5564 est
1600 5511 1659 5565 in
1683 5499 2009 5569 Comment.
2044 5529 2193 5585 prai-

551 5582 732 5624 viom.
833 5610 844 5621 .

551 5582 732 5624 νιοω.
765 5582 844 5624 18.

2336 3182 2536 3245 λάκτως
2593 3188 2824 3256 ἔχοντας’
2885 3187 3086 3246 ἑαυτοῖς
3138 3182 3197 3239 δὲ
3246 3191 3336 3237 καὶ
3389 3186 3469 3247 οἷς
3523 3188 3825 3256 κέχρηνται
3874 3183 3947 3241 εἰς

2341 3275 2605 3345 θεραπείαν
2656 3277 2961 3348 φαρμάκοις,
3030 3275 3224 3347 μέμψιν
3299 3277 3347 3327 οἱ
3432 3272 3699 3345 βέλτιστοι
3779 3291 3945 3346 προσ-

2338 3361 2592 3412 άπτουσιν
2642 3359 2911 3434 οὐδεμίαν.
2962 3368 3024 3419 Τί
3084 3365 3170 3415 οὗν
3227 3365 3252 3416 ὁ
3303 3362 3554 3435 βασιλεὺς
3585 3379 3598 3429 ;
3633 3365 3719 3413 ἐπὶ
3778 3361 3952 3413 πολλὰ

2335 3450 2424 3517 μὲν
2480 3449 2667 3509 αὐτοὺς
2715 3452 2953 3521 λέγοντας
3007 3453 3140 3525 ἑώρα
3182 3456 3270 3504 καὶ
3326 3450 3946 3525 μεγαλοῤῥημονοῡντας,

2333 3533 2483 3588 οὐδὲν
2533 3534 2591 3590 δὲ
2649 3543 2777 3611 πρὸς
2825 3542 3093 3614 θεραπείαν
3139 3543 3398 3603 ἀνύοντας,
3450 3542 3530 3591 ὅτι
3578 3545 3653 3610 μὴ
3687 3544 3780 3590 καὶ
3815 3538 3947 3611 βλά-

2330 3646 2550 3689 πτοντας
2600 3634 2688 3680 καὶ
2737 3629 2947 3682 ἀκεσίαν
2999 3630 3230 3691 ἅπαντας
3301 3626 3799 3700 ἀποδεικνυμένους,
3852 3630 3943 3679 αό-

2325 3721 2407 3776 τὸς
2444 3737 2497 3770 τε
2545 3715 2756 3780 ὀδύναις
2807 3718 3038 3772 ἐϐάλλετο
3091 3722 3199 3791 μὲν,
3251 3723 3413 3792 φέρειν
3458 3715 3517 3770 δὲ
3545 3718 3641 3770 οὐκ
3673 3715 3931 3775 ἠδύνατο.

2328 3806 2514 3879 ἰατρῶν
2567 3812 2655 3881 μὲν
2718 3808 2794 3861 ἐπ’
2849 3812 2970 3870 ἴσης
3024 3812 3223 3860 πάντων
3276 3814 3332 3859 τό
3388 3806 3712 3879 ἀνωφέλητον
3766 3827 3941 3858 κατα-

2322 3900 2494 3966 γνοὺς,
2541 3899 2781 3969 οἰμώζειν
2821 3902 3027 3971 ἔφασκε·
3064 3901 3375 3970 προσφεύγει
3431 3893 3490 3948 δὲ
3538 3896 3732 3967 μᾶλλον
3795 3904 3942 3965 Θεῷ,

2323 3990 2411 4035 καὶ
2467 3986 2626 4037 αὐτοῦ
2665 3986 2777 4037 λίαν
2826 3987 3046 4057 ἐμμελῶς
3104 3990 3417 4059 περιέχεται,
3454 3991 3544 4037 καὶ
3588 3990 3683 4042 τὴν
3735 3984 3945 4037 ἐκεῖθεν

2324 4073 2469 4133 ξητεί
2501 4072 2765 4145 βοήθειαν.
2799 4074 3079 4149 ’Ἐστιγὰρ
3129 4077 3209 4126 ὅτε
3258 4072 3325 4130 δὴ
3373 4078 3463 4125 καὶ
3508 4074 3537 4130 ἡ
3594 4071 3799 4146 ἀπορία
3852 4070 3943 4124 δι-

2321 4159 2585 4225 δάσκαλος
2626 4166 2749 4236 ἡμῖν
2796 4173 2885 4217 τοῦ
2923 4164 3309 4225 λυσιτελοῦντος
3351 4168 3568 4234 γίνεται,
3614 4168 3706 4214 καὶ
3746 4165 3865 4214 ὅθεν
3904 4166 3937 4220 ἡ

2318 4249 2552 4323 ἀψευδὴς
2610 4256 2722 4312 ἣκει
2776 4253 3015 4326 βοήθεια,
3070 4254 3341 4324 μανθάνειν
3390 4259 3547 4304 ποιεῖ.
3608 4272 3637 4304 ι(
3690 4252 3749 4304 Ἦ
3824 4256 3939 4325 ’γὰρ

2317 4340 2535 4414 βοήθειά
2561 4362 2680 4413 μου,
2706 4349 2856 4414 φησὶ,
2878 4345 3022 4416 παρὰ
3054 4344 3268 4414 Κυρίου.
3304 4362 3329 4392 ν

2235 4466 2279 4520 D
2523 4439 2735 4506 Θερμῶς
2775 4438 3046 4503 τοιγαροῦν
3095 4430 3339 4495 αἰτήσας,
3395 4430 3454 4482 οὐ
3501 4426 3750 4503 βραδέως
3817 4434 3937 4483 ἑπε-

2311 4525 2584 4593 τυγχάνει,
2645 4521 2771 4574 ἀλλὰ
2848 4522 2960 4573 κατ’
3011 4524 3129 4593 ὄναρ
3188 4519 3329 4589 αὐτῷ
3388 4516 3659 4572 δείκνυται
3731 4519 3935 4591 ἰατρῶν

2312 4611 2504 4671 πλῆθος
2565 4607 2827 4681 στιχηδὸν
2879 4611 3274 4681 παριστάμενοι,
3328 4613 3420 4666 τὴν
3459 4612 3548 4679 μέν
3593 4628 3674 4660 τοι
3727 4609 3932 4667 στολὴν

2316 4703 2623 4773 ἱεροπρεπῶς
2705 4702 3060 4769 περικείμενον
3141 4697 3387 4767 εὐνοῦχον
3461 4694 3521 4749 δέ
3597 4717 3717 4749 τινα
3787 4718 3933 4771 παρ-

2314 4788 2521 4841 ελθόντα
2562 4787 2714 4863 ἑώρα,
2769 4794 3048 4859 χρυσουφῇ
3099 4790 3187 4856 μεν
3240 4784 3698 4858 περιϐεϐλημένον,
3752 4794 3929 4862 Πραι-

2313 4882 2512 4948 ποσίτῳ
2568 4873 2626 4928 δὲ
2674 4882 2764 4934 τὴν
2798 4875 3047 4933 ἀναϐολὴν
3078 4878 3271 4945 ὅμοιον,
3322 4876 3375 4934 ὃς
3413 4880 3501 4926 καὶ
3552 4873 3931 4930 ὑποδεικνύειν

2315 4970 2454 5034 αύτῴ
2507 4966 2651 5037 ἐῴκει
2700 4974 2797 5017 τῶν
2853 4965 3037 5039 ἰατρῶν
3080 4965 3313 5029 ἕκαστον,
3379 4965 3513 5025 ὅπως
3576 4967 3691 5036 ἔχει
3747 4986 3934 5038 προσ-

2315 5060 2454 5105 ῶπου
2507 5061 2596 5106 καὶ
2656 5055 2854 5113 ἡλικίας
2927 5060 3014 5105 καὶ
3074 5058 3500 5127 παραστήματος,
3563 5052 3638 5125 ἐφ’
3700 5056 3774 5114 οἷς
3836 5058 3931 5108 ἕνα

2372 5442 2451 5515 (3)
2502 5443 2818 5515 Regnavit
2874 5441 3243 5496 Iustinianus
3306 5442 3555 5510 Magnus
3610 5444 3691 5499 ab
3754 5462 3929 5504 anno

2301 5514 2513 5571 Christi
2543 5516 2643 5568 527
2672 5514 2746 5569 ad
2776 5515 2899 5567 465.
