4114 6262
226 307 344 364 285

1558 312 1722 368 VITA
1758 313 1822 368 S.
1865 311 2207 371 SAMPSON
2212 318 2294 374 IS.

3515 326 3619 380 286

227 438 360 488 ὄντα
410 439 468 487 1'6
525 438 822 507 πρόσχημα
872 439 1131 496 ταπεινόν,
1194 440 1288 496 τὴν
1343 437 1526 490 πολιὰν
1589 439 1849 513 εὐπρεπῆ,

1967 439 2150 505 vultu,
2189 447 2358 500 aetate
2388 450 2444 502 et
2473 447 2708 515 habitu;
2741 449 2889 504 inter
2924 464 3079 521 quos
3109 463 3320 514 unum,
3350 451 3450 522 qui
3491 459 3620 512 erat

225 529 328 583 τὴν
358 521 569 576 ἔνδυσιν
616 523 860 583 εὐσταλῆ,
893 528 1149 596 γνωρίσαι
1195 544 1249 576 τε
1289 533 1466 578 τοῦτον
1517 535 1589 594 τῷ
1642 525 1854 597 βασιλεῖ

237 613 605 685 ἐμμελέστερον
661 617 748 665 καὶ
812 613 919 674 οἷός
973 612 1085 664 ἐστι
1151 616 1354 664 πάντων
1454 617 1855 685 παρασκευάσαι

238 704 578 773 καταμαθεῖν,
614 706 702 752 καὶ
749 702 812 761 ὡς
842 701 999 762 αὑτός
1036 705 1210 772 μόνος,
1245 702 1301 753 οὐ
1361 707 1454 774 μέν
1500 722 1578 756 τοι
1625 711 1721 754 τῶν
1769 703 1854 754 ἄλ-

239 790 340 842 λων
395 786 587 853 οὐδεὶς,
627 792 802 862 φάναι,
860 787 1083 850 δυνατός
1139 802 1222 842 σοι
1283 789 1473 843 δοῦναι
1519 800 1610 844 τοῦ
1655 793 1856 851 πάθους

239 878 564 950 ἀπαλλαγήν.
611 879 751 931 Ἐπεὶ
798 875 1024 932 οὖν’καὶ
1072 880 1234 932 ὕπνου
1284 879 1459 937 ἀνείθη
1509 881 1533 931 6
1584 879 1848 952 βασιλεὺς,

246 965 415 1025 ἀληθῆ
469 971 649 1040 κρίνας
699 970 782 1019 1'61:
834 972 1024 1040 ὄνειρον
1067 968 1255 1038 (ἐποίει
1301 972 1401 1040 γὰρ
1451 972 1712 1021 πιστεύειν
1761 971 1849 1020 καὶ

235 1063 411 1109 ταῦτα
443 1056 788 1127 οἰκονομήσας
835 1054 964 1109 ἰδεῖν
1014 1062 1102 1109 καὶ
1132 1057 1323 1129 μελλων
1370 1057 1422 1119 ἐξ
1452 1059 1602 1130 ἔργου
1632 1059 1698 1109 τά
1727 1059 1852 1131 690:-

237 1147 394 1196 θέντα
448 1146 870 1216 πιστώσασθαι),
920 1152 1097 1220 χαρᾶς
1153 1149 1242 1218 μὲν
1319 1146 1641 1217 πληροῦται·
1697 1165 1827 1217 μετα

233 1232 472 1285 καλεῖται
520 1229 578 1286 δὲ
627 1237 748 1294 τοὺς
797 1234 1004 1307 ἰατροὺς
1054 1236 1262 1296 εὐθέως.
1300 1240 1400 1288 Καὶ
1448 1237 1497 1286 οἱ
1525 1238 1614 1305 μὲν
1665 1234 1848 1292 συνῆλ-

237 1324 325 1374 θον
377 1327 466 1375 καὶ
517 1322 589 1382 εἰς
642 1323 760 1394 ὄψιν
815 1324 955 1395 αὐτῷ
1012 1329 1349 1398 παρέστησαν
1405 1323 1626 1385 ἅπαντες
1656 1345 1666 1355 ι
1703 1327 1728 1375 ό
1789 1320 1846 1374 δ’

229 1409 383 1498 ἐπῄει
460 1412 681 1465 ἕκαστον
735 1413 1166 1489 φιλοπραγμονών
1214 1412 1481 1485 ἐσχάτως,
1534 1419 1624 1465 καὶ
1679 1411 1849 1485 βασα-

234 1500 392 1560 νίζων
424 1499 529 1572 οὐχ
563 1501 742 1564 ἧττον,
774 1503 803 1560 ἡ
852 1505 938 1554 τόν
968 1505 1175 1574 χρυσόν
1208 1503 1236 1559 ἡ
1275 1498 1454 1555 Λυδία
1495 1501 1651 1567 λίθος,
1683 1505 1846 1569 πρόσ-

237 1594 377 1640 ωπόν
426 1607 480 1642 τε
536 1593 627 1642 καὶ
682 1599 874 1662 σχῆμα
925 1597 1014 1642 καὶ
1070 1590 1280 1648 ἠλικίαν
1328 1593 1464 1642 κατὰ
1514 1593 1578 1641 τά
1634 1586 1846 1640 ὑποδει-

237 1679 438 1748 χθέντα
487 1679 783 1752 παράσημα
839 1675 932 1730 διὰ
989 1688 1087 1730 τῶν
1158 1678 1382 1750 ὀνείρων.
1437 1678 1519 1738 Ὠς
1575 1674 1634 1730 δὲ
1693 1673 1842 1728 οὐδὲν

1965 529 2160 598 specie
2212 531 2472 601 humilis,
2531 539 2697 592 canis
2749 537 3018 604 decorus,
3070 539 3280 593 vestitu
3331 538 3617 594 honestus

1964 621 2018 670 et
2063 623 2456 689 compositus,
2498 625 2830 695 diligentius
2862 642 3087 691 curare,
3123 631 3183 680 ut
3235 630 3413 681 notus
3463 633 3619 684 esset

1965 704 2305 775 imperatori
2340 727 2352 764 :
2402 719 2456 766 et
2497 713 2748 782 efﬁcere,
2794 720 2857 770 ut
2908 716 3082 770 sciret
3132 714 3331 786 qualis
3371 716 3616 771 essetin

1962 795 2259 864 omnibus,
2301 804 2358 853 et
2395 801 2649 856 dixisse:
2685 803 2786 858 Hic
2814 803 2993 866 solus.
3029 809 3085 858 et
3115 802 3310 857 nullus
3354 819 3426 858 ex
3461 804 3614 869 aliis,

1962 882 2065 938 tibi
2114 891 2304 955 potest
2350 889 2514 958 dare,
2557 897 2616 946 ut
2657 909 2692 948 a
2729 898 2913 947 morte
2952 892 3239 947 libereris.
3289 892 3614 962 Postquam

1959 979 2161 1029 autem
2205 985 2498 1034 a'somno
2543 979 2649 1034 fuit
2694 982 2987 1036 excitatus
3027 982 3376 1050 imperator,
3409 996 3612 1034 verum

1954 1060 2230 1130 judicans
2273 1081 2403 1121 esse
2432 1069 2732 1125 somnium
2767 1071 2854 1139 (ut
2883 1069 3146 1124 crederet
3175 1071 3358 1135 enim,
3411 1069 3617 1124 effece-

1958 1157 2050 1205 rat
2084 1152 2134 1205 is
2171 1153 2272 1224 qui
2315 1157 2653 1225 providerat
2691 1163 2755 1212 ut
2800 1157 3041 1222 videret,
3075 1163 3130 1213 et
3167 1173 3300 1228 quas
3340 1159 3465 1212 visa
3495 1158 3616 1214 fue-

1959 1245 2110 1303 rant,
2138 1248 2260 1296 erat
2291 1259 2350 1296 re
2375 1244 2506 1313 ipsa
2526 1245 3033 1313 conﬁrmaturum,
3067 1246 3346 1317 impletur
3371 1247 3614 1317 quidem

1959 1327 2223 1394 gaudio:
2265 1333 2512 1387 accersit
2562 1343 2761 1388 autem
2818 1333 3021 1389 statim
3068 1334 3350 1390 medicos.
3412 1335 3478 1390 Et
3533 1333 3614 1388 illi

1957 1414 2198 1485 quidem
2239 1425 2664 1487 convenerunt,
2697 1426 2751 1477 et
2781 1437 2843 1476 se
2882 1422 2934 1476 ei
2960 1438 3170 1478 omnes
3219 1437 3423 1478 coram
3457 1422 3615 1478 stite-

1954 1510 2112 1560 runt.
2138 1507 2240 1562 Hic
2291 1523 2426 1564 vero
2473 1525 2966 1582 unumquemque
3012 1511 3318 1582 lustrabat,
3367 1511 3611 1581 diligen-

1959 1593 2180 1654 tissime
2238 1603 2636 1668 perscrutans,
2695 1606 2752 1654 et
2815 1615 2937 1655 non
2999 1599 3197 1654 minus
3258 1601 3614 1656 examinans

1954 1697 2138 1753 quam
2176 1701 2391 1740 aurum
2422 1686 2574 1758 lapis
2607 1688 2847 1758 Lydius,
2884 1687 3238 1760 vultumque
3270 1693 3326 1744 et
3354 1689 3615 1757 ﬁguram

238 1775 340 1818 τῶν
399 1772 665 1840 παρόντων
726 1767 858 1842 ἑώρα
935 1765 1138 1820 τοιόνδε
1204 1773 1500 1840 γνώρισμα,
1562 1769 1692 1838 λύπη
1753 1772 1842 1817 καὶ

1959 1776 2008 1826 et
2057 1776 2310 1838 aetatem,
2355 1775 2683 1830 secundum
2739 1776 2930 1845 signa,
2973 1792 3109 1847 quae
3160 1781 3334 1832 erant
3371 1783 3615 1834 ostensa

239 1853 434 1928 ἀπορίᾳ
492 1861 782 1927 συνείχετο,
843 1862 930 1908 καὶ
987 1858 1073 1910 οἶα
1127 1853 1540 1929 διψητικώτερος
1591 1859 1666 1908 ἔτι
1719 1857 1844 1906 καθ-

239 1949 418 1998 ίστατο
475 1954 566 1998 τοῦ
641 1945 1035 2016 ἐπαγγελθέντος
1113 1945 1513 2016 ἀποτυγχάνων.
1562 1947 1846 1996 Ἐντεῡθενι

238 2033 399 2091 πολλή
455 2055 508 2087 τε
562 2039 651 2086 καὶ
705 2037 865 2109 θερμὴ
916 2040 1001 2086 καὶ
1083 2034 1225 2097 όξειᾶ
1279 2038 1526 2101 ζήτησις,
1569 2033 1847 2104 ἐπαγγελία

239 2141 295 2175 τε
344 2120 550 2196 δωρεῶν
597 2129 686 2175 καὶ
736 2132 898 2194 τιμῶν
948 2129 1236 2194 μεγίστοιν,
1267 2123 1325 2184 ἃς
1373 2125 1398 2174 6
1429 2127 1515 2174 τόν
1562 2120 1732 2196 ἄνδρα
1760 2126 1845 2174 τόν

240 2211 560 2281 ζητούμενον
615 2210 928 2283 ἐμφανίσων,
982 2211 1274 2272 ἀκολούθως
1355 2213 1432 2272 οἷς
1488 2208 1594 2264 εἶδε
1650 2211 1842 2284 συμϐό-

239 2298 354 2360 λοις
414 2301 440 2351 6
514 2298 788 2372 βασιλεὺς,
843 2301 1039 2372 ἔμελλεν
1113 2301 1264 2362 εὐθὺς
1314 2299 1597 2371 λήψεσθαι.
1647 2299 1706 2352 Ὀ
1757 2306 1846 2372 μεν

238 2384 330 2440 οὖν
389 2387 620 2452 ἐζητεῖτο
677 2388 792 2440 λίαν
868 2388 1122 2460 ἐκθύμως,
1181 2394 1270 2441 καὶ¹
1325 2391 1382 2440 1'6
1434 2393 1711 2460 γνώρισμα
1763 2385 1843 2455 ἦν,

241 2477 300 2530 οὐ
350 2481 482 2530 κατά
510 2487 601 2530 τοῦ
650 2477 892 2543 Πέλοπος,
923 2480 1100 2552 ὥσπερ
1151 2474 1288 2530 οἶδεν
1337 2478 1363 2529 6
1406 2479 1590 2548 μῦθος,
1623 2476 1723 2529 ἀπὸ
1754 2486 1846 2530 τοῦ

243 2568 408 2639 ὤμου,
455 2567 560 2619 ἀλλ’
607 2566 710 2620 ἀπό
760 2576 852 2620 τοῦ
891 2572 1156 2641 περιόντος
1196 2574 1286 2627 τῆς
1334 2564 1517 2640 ἀρετῆς
1573 2571 1659 2617 καὶ
1711 2585 1842 2639 προ-

243 2660 534 2727 ηγουμένως
626 2655 726 2709 ἀπὸ
805 2663 897 2709 τοῦ
964 2657 1342 2731 μετριοπαθοῦς
1397 2659 1485 2707 καὶ
1565 2655 1840 2708 συνεσταλ-

237 2749 411 2818 μένου.

306 2922 379 2975 Ζ’.
425 2926 566 2974 Ἐπεὶ
601 2918 655 2973 δὲ
694 2925 784 2972 καὶ
827 2923 902 2972 ἔτι
951 2917 1226 2994 δυσχερὴς
1257 2916 1317 2976 ἧν
1348 2921 1378 2976 ἡ
1435 2921 1631 2992 εὕρεσις
1667 2919 1843 2994 (ἐκρύ-

235 3029 396 3063 πτετο
444 3012 544 3082 γὰρ
596 3009 656 3060 01’:
711 3013 804 3066 τὴν
859 3012 1060 3082 μορφὴν
1109 3005 1456 3079 μεταϐάλλων,
1502 3007 1586 3058 οἶα
1634 3003 1700 3064 δὴ
1753 3013 1840 3060 καὶ

1955 1877 2061 1932 per
2087 1862 2340 1917 somnia.
2375 1863 2701 1935 Postquam
2727 1871 2926 1920 autem
2954 1864 3184 1920 nullum
3215 1865 3361 1920 vidit
3395 1864 3506 1920 tale
3538 1865 3613 1920 si-

1956 1965 2139 2022 gnum
2196 1950 2256 2004 in
2296 1950 2382 2005 eis
2428 1952 2529 2022 qui
2576 1953 2845 2017 aderant,
2876 1953 3076 2008 dolore
3125 1953 3516 2018 afﬁciebatur,
3559 1958 3615 2008 et

1956 2040 2238 2112 perplexo
2279 2047 2402 2096 erat
2425 2041 2646 2106 animo,
2677 2042 2983 2112 multoque
3009 2041 3207 2097 factus
3245 2045 3334 2096 est
3358 2041 3613 2096 avidior,

1955 2129 2118 2201 quod
2170 2128 2439 2184 nondum
2479 2136 2632 2184 esset
2669 2131 3036 2201 promissum
3099 2134 3424 2185 assecutus.
3471 2130 3612 2184 Hinc

1956 2217 2204 2287 diligens
2234 2217 2389 2273 facta
2418 2224 2508 2274 est
2533 2218 2856 2290 inquisitio,
2890 2219 3307 2290 donorumque
3339 2222 3397 2273 et
3426 2218 3612 2274 maxi-

1959 2321 2193 2360 morum
2215 2305 2512 2361 honorum
2543 2308 2878 2376 promissio,
2906 2323 3059 2380 quos
3090 2315 3242 2362 esset
3267 2313 3615 2378 accepturus

1957 2392 2054 2464 qui
2100 2394 2289 2448 virum
2323 2394 2658 2450 ostenderet
2704 2411 2776 2450 ex
2807 2396 2877 2450 iis
2925 2394 3158 2450 indiciis
3203 2410 3338 2466 quas
3388 2395 3616 2449 viderat

1956 2479 2299 2552 imperator.
2360 2482 2460 2538 Hic
2514 2483 2763 2554 quidem
2817 2483 3127 2552 diligenter
3191 2483 3612 2556 quaerebatur;

1955 2569 2197 2638 signum
2229 2575 2448 2640 autem,
2480 2585 2602 2642 quo
2633 2577 3092 2640 cognosceretur
3119 2576 3264 2633 erat,
3308 2586 3427 2626 non
3462 2585 3613 2641 quo-

1953 2657 2137 2713 modo
2197 2657 2426 2730 Pelopis
2464 2664 2554 2728 (ut
2600 2666 2804 2714 narrat
2855 2658 3081 2731 fabula)
3121 2660 3451 2724 humerus;
3503 2657 3614 2714 sed

1951 2746 2136 2801 virtus
2193 2746 2472 2816 insignis,
2519 2751 2577 2803 et
2621 2747 2921 2820 praecipue
2971 2746 3260 2804 moderati
3301 2762 3495 2803 mores
3553 2752 3616 2804 et

1950 2834 2285 2904 compositi.

2020 2925 2130 2976 Vll.
2174 2924 2320 2978 Cum
2351 2927 2550 2978 autem
2590 2927 2741 2980 esset
2769 2923 3020 2979 difﬁcilis
3055 2923 3315 2979 inventio
3351 2923 3605 2996 (celaba-

1949 3010 2044 3063 tur
2094 3010 2274 3076 enim,
2319 3027 2443 3066 non
2482 3011 2741 3068 formam
2787 3018 3054 3078 mutans,
3098 3019 3159 3067 ut
3204 3012 3437 3082 ﬁngunt
3479 3027 3616 3084 pro-

231 3102 320 3150 1'61:
354 3102 568 3172 Πρωτέα
610 3096 948 3161 πλάττουσιν,
992 3094 1099 3147 ἀλλ’
1149 3095 1417 3166 οἰκονομίᾳ
1460 3099 1563 3147 τινὶ
1612 3096 1844 3167 θειοτέρα

1959 3103 2134 3162 leum,
2166 3098 2270 3153 sed
2301 3100 2571 3170 quodam
2605 3100 2811 3156 divino
2853 3102 2967 3156 hoc
3005 3102 3311 3156 eveniente
3342 3101 3612 3170 consilio,

229 3190 418 3240 τούτου
467 3185 864 3258 συμϐαίνοντος,
900 3187 984 3236 ἱνα
1011 3189 1100 3237 καὶ
1147 3186 1178 3234 ᾗ
1231 3180 1463 3258 βραδεῖα
1509 3179 1738 3244 δήλωσις
1767 3186 1845 3245 ἔτι

233 3275 425 3349 μᾶλλον
479 3275 637 3328 αὐτόν
686 3273 1000 3331 ἐπιπόθητον
1047 3272 1388 3344 καταστήσῃ)
1432 3271 1527 3342 ὀψε
1564 3277 1654 3324 καὶ
1697 3272 1847 3344 μόλις

230 3374 331 3419 τῶν
384 3366 567 3436 ἰατρῶν
616 3383 692 3423 τις
737 3371 835 3415 τῶν
869 3361 1184 3434 βασιλικῶν,
1218 3369 1290 3430 τῷ
1342 3363 1431 3432 μὲν
1476 3359 1684 3431 βασιλεῖ
1720 3365 1849 3431 γνώ-

237 3474 411 3529 ριμος,
447 3454 680 3514 συνήθης
723 3448 782 3504 δι
829 3459 901 3522 τῷ
957 3449 1199 3522 Μεγάλῳ,
1251 3455 1343 3503 καὶ
1387 3453 1451 3502 τὰ
1494 3452 1687 3502 ἐκείνου
1735 3451 1851 3523 ἄρι-

256 3563 357 3597 στα
386 3539 654 3607 συνειδώς,
688 3541 747 3593 οὐ
800 3544 866 3592 1'0':
917 3548 1007 3601 τῆς
1057 3538 1241 3614 ἀρετῆς
1289 3558 1460 3612 μονον,
1495 3538 1622 3591 ἀλλὰ
1650 3545 1739 3591 καὶ
1791 3542 1855 3591 τὰ

255 3641 351 3695 τῆς
397 3634 620 3704 χάριτός
665 3650 719 3684 τε
761 3636 850 3683 καὶ
891 3638 990 3682 τῶν
1041 3631 1336 3701 θαυμάτων,
1385 3630 1518 3681 ἔνθεν
1566 3628 1706 3698 αὐτῷ
1761 3625 1852 3680 καὶ

246 3721 526 3793 συμϐαλεῖν
576 3716 762 3792 ῥᾴδιον
821 3716 900 3784 ἦν,
959 3718 1144 3771 ἐκεῖνον
1219 3717 1349 3770 εἶναι
1406 3721 1490 3769 1'61:
1561 3718 1852 3788 ἰασόμενον,

249 3810 398 3868 αὐτὸς
445 3809 590 3869 οὗτος
624 3805 782 3866 δῆλον
831 3809 978 3867 εὐθὺς
1022 3811 1109 3859 τόν
1153 3812 1328 3878 Μέγαν
1357 3816 1428 3877 τῷ
1477 3805 1686 3879 βασιλεῖ
1724 3809 1858 3858 καθ-

251 3903 436 3956 ίστησι
489 3904 576 3949 καὶ
637 3903 815 3972 χαρᾶς
877 3897 1016 3966 αὐτῷ
1066 3902 1265 3966 γίνεται
1320 3896 1577 3964 πρόξενος,
1628 3898 1751 3956 ὅσης
1807 3895 1855 3948 οἱ

246 3989 398 4040 πάθει
465 3995 748 4057 σωματικῷ
805 3989 1079 4058 κάμνοντες
1140 3991 1230 4038 καὶ
1289 3984 1593 4056 ἀπαλλαγῆς
1665 3984 1855 4058 ἐφιέμε-

247 4096 344 4143 νοι,
380 4073 596 4129 δυνατοὶ
628 4080 780 4148 μόνον
826 4083 1072 4128 συνεῖναι.
1123 4075 1289 4137 Εὐθὺς
1342 4079 1430 4147 μὲν
1479 4072 1566 4127 οὖν
1608 4075 1678 4136 εἰς
1737 4075 1857 4146 ὅφιν

245 4168 272 4219 ό
319 4168 625 4238 θαυμαστός
677 4165 816 4235 αὐτῷ
867 4170 1061 4238 παρῄει
1107 4164 1370 4235 Σαμψώνο
1405 4161 1529 4216 οὐδὲ
1576 4167 1674 4236 γὰρ
1734 4161 1856 4216 οὐδὲ

245 4253 433 4330 βραχὺ
477 4258 535 4306 1'6
581 4259 740 4326 μέσον
791 4252 951 4316 ἀκοῆς
996 4273 1149 4325 φημι,
1183 4258 1272 4305 καὶ
1318 4261 1411 4314 τῆς
1455 4255 1572 4313 θέας
1615 4254 1852 4323 γενέσθαι

241 4353 471 4418 παρῆκεν
498 4361 510 4372 ·
549 4344 709 4404 οὕτως
759 4342 916 4394 αὐτόν
975 4345 1004 4400 ἠ
1061 4337 1152 4393 τοῦ
1231 4338 1360 4393 ἰδεῖν
1443 4340 1680 4412 ἰσχυρῶς
1732 4339 1856 4392 εἷλεν

246 4432 518 4506 ἐπιθυμία.
578 4427 729 4485 Ἰδὼν
777 4428 864 4483 οὖν
923 4430 1110 4500 ἀνέγνω
1156 4429 1328 4488 καλῶς
1381 4427 1480 4480 ἀπὸ
1523 4437 1621 4480 τῶν
1672 4432 1856 4490 νυκτός
1886 4461 1933 4520 D

247 4522 532 4592 ὁραθέντων
584 4523 651 4572 1'0':
723 4519 835 4592 μεθ’
890 4521 1085 4591 ἡμέραν
1140 4521 1433 4589 φαινόμενα,
1491 4518 1594 4569 οἷον
1668 4517 1853 4590 ὀφθαλ-

453 4611 775 4681 ἠμερότητα,
859 4616 1060 4682 μορφῆς
1166 4605 1461 4678 ἱλαρότητα,
1556 4607 1693 4664 ἠθῶν
1777 4607 1854 4659 εὖ·

252 4702 498 4769 κοσμίαν,
563 4702 808 4768 πώγωνος
861 4696 1185 4768 αὐχμηρίαν,
1248 4693 1494 4767 ὀμμάτων
1551 4701 1847 4767 κατήφειαν,

255 4784 489 4858 σύμϐολα
586 4803 640 4837 τε
730 4785 870 4855 αὐτῷ
972 4783 1311 4857 ἐπιτρέποντα
1391 4787 1846 4856 μετριοφροσύνης.

249 4881 427 4928 Ταῦτα
484 4873 690 4941 ἐκεῖνος,
745 4878 1053 4948 προσιόντος
1108 4881 1198 4926 τοῦ
1259 4875 1584 4946 θαυμαστοῦ,
1662 4876 1848 4927 θεασά-

248 4618 356 4682 μῶν

586 4803 640 4837 τε
730 4785 870 4855 αὐτῷ

248 4982 418 5038 μενος,
451 4960 575 5016 οὐδε
622 4964 868 5023 καθεκτὸς
898 4960 958 5021 ἧν
1004 4965 1095 5024 ἔτι,
1134 4961 1240 5014 ἀλλ’
1272 4963 1496 5023 ἀναστὰς
1525 4962 1577 5026 ἐξ
1627 4962 1846 5037 ἀμέτρου

247 5057 591 5127 περιχαρείας
660 5051 952 5125 περιϐάλλει
1002 5071 1053 5104 τε
1127 5055 1214 5104 τόν
1267 5051 1438 5112 εὐτελῆ
1489 5056 1548 5104 τό
1603 5058 1844 5124 φαινόμε-

245 5163 346 5207 νον,
411 5144 435 5193 ό
490 5146 584 5199 τὴν
637 5139 910 5212 βασιλείαν
967 5139 1319 5212 περίϐλεπτος,
1380 5145 1469 5194 καὶ
1525 5141 1659 5213 φιλεῖ
1714 5143 1844 5213 ἄγαν

247 5229 433 5298 ἡδέως,
486 5231 544 5283 οὐ
593 5235 762 5302 στόμα
812 5235 981 5301 μόνον,
1020 5228 1147 5281 ἀλλὰ
1193 5234 1281 5282 καὶ
1328 5229 1568 5301 κεφαλήν.
1626 5230 1688 5282 Ἧ
1741 5235 1842 5302 μὴν

247 5320 394 5380 αὐτός
447 5317 510 5383 εἷ,
561 5318 740 5391 λέγων,
798 5320 988 5390 Πάτερ,
1041 5319 1192 5378 αὐτὸς
1221 5316 1284 5383 εἶ,
1342 5321 1366 5369 ό
1419 5319 1533 5370 κατ’
1589 5323 1709 5394 ὄναρ
1752 5339 1841 5390 μοι

247 5403 556 5482 παραδόξως
606 5411 884 5478 ἐπιφανεὶς,
943 5405 1070 5458 ἀλλὰ
1126 5411 1215 5458 καὶ
1267 5411 1324 5458 τό
1378 5409 1545 5468 πάθός
1607 5412 1665 5459 τό
1718 5410 1838 5479 ἐμόν

249 5495 565 5568 ἔπαγγελθεὶς
636 5497 910 5550 ἰάσασθαι.
969 5496 1146 5557 Οὕτως
1221 5495 1392 5561 εἰπὼν,
1449 5495 1596 5556 εὐθὺς
1651 5496 1722 5557 εἰς
1772 5500 1839 5549 τά

249 5590 554 5660 προσωτέρω
627 5591 888 5658 συνεισῄει
962 5593 1061 5637 τῶν
1116 5583 1392 5656 βασιλείων
1466 5583 1716 5658 ἐγκρατὴς
1768 5587 1834 5638 ὡν

1955 3191 2017 3240 ut
2041 3185 2264 3241 tardior
2282 3188 2544 3242 ostensio
2565 3204 2704 3242 eum
2726 3189 3008 3245 redderet
3032 3189 3222 3258 magis
3248 3189 3616 3245 desiderabi-

1952 3274 2116 3339 leml,
2164 3274 2260 3330 vix
2303 3275 2545 3330 tandem
2601 3291 2753 3331 unus
2793 3293 2866 3332 ex
2917 3278 3163 3333 medicis
3211 3278 3612 3348 imperatoris,

1958 3368 2134 3418 notus
2160 3362 2405 3433 quidem
2431 3363 2789 3433 imperatori,
2818 3379 3042 3433 magno
3067 3371 3266 3420 autem
3289 3365 3610 3437 Sampsoni

1959 3449 2288 3517 familiaris,
2325 3455 2382 3506 et
2420 3451 2522 3523 qui
2572 3467 2665 3507 res
2708 3451 2866 3508 illius
2908 3453 3134 3524 optime
3183 3459 3445 3516 noverat,
3493 3469 3614 3510 non

1961 3541 2239 3596 virtutem
2284 3539 2500 3608 solum,
2543 3539 2648 3595 sed
2698 3540 2878 3596 etiam
2923 3541 3174 3613 gratiam
3205 3546 3260 3597 et
3307 3541 3613 3609 miracula,

1965 3644 2098 3684 eum
2125 3627 2505 3684 manifestum
2534 3628 2746 3684 reddit.
2783 3631 2926 3686 Hinc
2957 3633 3160 3685 autem
3185 3630 3264 3685 illi
3294 3630 3466 3686 facile
3491 3635 3620 3688 erat

1967 3718 2281 3790 conjicere,
2312 3733 2448 3773 eum
2491 3733 2620 3773 esse
2663 3718 2767 3790 qui
2799 3719 2966 3774 illum
2997 3725 3121 3774 erat
3149 3725 3480 3776 curaturus.
3514 3721 3614 3776 Hic

1967 3821 2110 3876 ergo
2129 3807 2252 3876 ipse
2275 3821 2566 3876 magnum
2585 3806 2751 3862 illum
2775 3808 3172 3879 Sampsonem
3199 3811 3406 3863 notum
3424 3808 3618 3864 reddit

1965 3894 2330 3966 imperatori,
2372 3902 2429 3950 et
2461 3895 2512 3949 ei
2542 3899 2767 3950 tantam
2798 3896 3071 3951 conciliat
3107 3895 3391 3961 laetitiam,
3423 3911 3613 3968 quan-

1966 3987 2087 4039 tam
2118 3984 2178 4049 ii,
2210 3984 2312 4055 qui
2342 3983 2619 4039 laborant
2649 3984 2862 4039 morbo
2903 3985 3170 4056 corporis
3223 3991 3279 4040 et
3307 3984 3386 4040 ab
3417 4000 3487 4040 eo
3513 4001 3616 4040 cu-

1963 4074 2134 4144 piunt
2193 4072 2451 4138 liberari,
2519 4072 2623 4126 soli
2697 4078 2950 4143 possunt
3004 4073 3350 4142 intelligere.
3424 4079 3614 4145 Atque

1964 4161 2156 4216 statim
2185 4160 2432 4230 quidem
2465 4161 2625 4216 venit
2656 4160 3026 4216 admirabilis
3061 4163 3386 4232 Sampson:
3420 4177 3614 4234 neque

1964 4249 2124 4304 enim
2172 4248 2323 4302 inter
2351 4248 2539 4302 visum
2580 4253 2638 4304 et
2683 4248 2955 4304 auditum
3008 4249 3334 4304 intercessit
3375 4256 3612 4321 tempus

1962 4336 2055 4392 vel
2084 4335 2535 4391 brevissimum:
2572 4340 2800 4390 tantum
2843 4335 2973 4407 ejus
3016 4337 3254 4391 videndi
3295 4338 3614 4408 imperato-

1962 4442 2088 4482 rem
2138 4431 2375 4496 ceperat
2411 4424 2799 4480 desiderium.
2832 4425 2976 4480 Cum
3008 4439 3150 4480 vero
3181 4440 3311 4479 eum
3345 4424 3611 4497 vidisset,

1962 4533 2036 4573 ex
2064 4516 2134 4570 iis
2158 4529 2295 4587 quae
2325 4519 2505 4569 noctu
2535 4514 2663 4569 visa
2709 4512 2962 4581 fuerant,
2996 4512 3237 4584 pulchre
3269 4515 3617 4586 recognovit

1961 4622 2031 4662 ea
2084 4621 2218 4678 quas
2268 4604 2666 4659 cernebantur
2716 4602 2995 4668 interdiu,
3049 4608 3250 4674 utpote
3306 4603 3616 4660 oculorum

1963 4692 2496 4758 mansuetudinem,
2528 4691 2733 4747 formae
2765 4691 3142 4757 hilaritatem,
3175 4707 3408 4747 morum
3430 4692 3617 4748 hone-

1961 4789 2197 4847 statem,
2231 4781 2436 4837 barbaa
2477 4779 2840 4852 squalorem,
2884 4787 3160 4851 aspectus
3201 4780 3515 4846 tristitiam,
3557 4785 3614 4837 et

1957 4888 2093 4946 quas
2134 4887 2270 4927 eum
2299 4869 2590 4925 decebant
2619 4867 2793 4940 signa
2825 4867 3273 4923 moderationis.
3310 4871 3438 4924 Haec
3467 4884 3607 4925 cum

1956 4962 2079 5027 ille,
2131 4958 2471 5016 admirabili
2517 4960 2822 5014 accedente
2861 4958 3210 5026 Sampsone.
3255 4960 3412 5012 esset
3461 4973 3607 5014 con-

1956 5050 2300 5120 templatus,
2333 5064 2450 5104 non
2486 5047 2670 5119 potuit
2699 5045 2956 5117 amplius
2997 5046 3304 5110 contineri,
3344 5045 3450 5100 sed
3480 5063 3608 5102 sur-

1954 5155 2100 5210 gens
2129 5155 2249 5211 prae
2282 5120 2678 5194 iminoderata
2708 5135 2928 5201 laetitia,
2953 5150 3089 5190 eum
3117 5133 3219 5206 qui
3237 5135 3430 5205 specie
3475 5136 3607 5191 vilis

1951 5233 2076 5284 erat
2113 5232 2170 5283 et
2213 5227 2510 5299 abjectus,
2553 5225 2699 5296 ipse,
2752 5224 2856 5296 qui
2897 5229 3025 5280 erat
3045 5223 3302 5293 insignis
3331 5223 3604 5297 imperio,

1949 5317 2344 5389 amplectitur,
2377 5319 2434 5370 et
2478 5314 2736 5370 suaviter
2766 5313 3101 5369 admodum
3132 5311 3455 5379 osculatur,
3485 5327 3607 5368 non

1947 5422 2014 5462 os
2046 5405 2262 5469 solum,
2297 5405 2400 5459 sed
2430 5402 2610 5458 etiam
2637 5407 2834 5472 caput,
2867 5401 3070 5456 dicens
3097 5419 3114 5456 :
3138 5403 3321 5469 Certe,
3341 5417 3378 5457 o
3403 5401 3599 5470 Pater,

1947 5501 2008 5552 tu
2041 5511 2105 5551 es
2136 5495 2287 5566 ipse,
2316 5493 2418 5566 qui
2451 5491 2594 5547 mihi
2627 5490 3051 5547 admirabiliter
3081 5491 3138 5545 in
3158 5490 3382 5546 somnis
3413 5505 3599 5561 appa-

1942 5584 2110 5642 ruisti
2146 5600 2157 5638 :
2191 5583 2335 5655 quin
2365 5581 2544 5639 etiam
2576 5587 2629 5637 te
2666 5581 2947 5638 morbum
2979 5596 3183 5637 meum
3213 5579 3507 5653 pollicitus
3529 5595 3592 5634 es
