  <div class='ocr_page' id='page_1' title='image "/cluster/home/n/w/nwhite01/storage/ocr_20150623/115/mdp.39015028574336/151.png"; bbox 0 0 4114 6262; ppageno 0'>
   <div class='ocr_carea' id='block_1_1' title="bbox 467 229 3838 301">
    <p class='ocr_par' dir='ltr' id='par_1_1' title="bbox 467 229 3838 301">
     <span class='ocr_line' id='line_1_1' title="bbox 467 229 3838 301; baseline -0.005 -1"><span class='ocrx_word' id='word_1_1' title='bbox 467 247 573 301; x_wconf 78' lang='grc'><strong>287</strong></span> <span class='ocrx_word' id='word_1_2' title='bbox 1907 229 2167 292; x_wconf 85' lang='lat' dir='ltr'><strong>MENSIS</strong></span> <span class='ocrx_word' id='word_1_3' title='bbox 2204 230 2473 290; x_wconf 86' lang='lat' dir='ltr'><strong>JUNIUS.</strong></span> <span class='ocrx_word' id='word_1_4' title='bbox 3726 231 3838 283; x_wconf 85' lang='lat'><strong>288</strong></span> 
     </span>
    </p>
   </div>
   <div class='ocr_carea' id='block_1_2' title="bbox 471 353 2096 439">
    <p class='ocr_par' dir='ltr' id='par_1_2' title="bbox 471 366 2096 439">
     <span class='ocr_line' id='line_1_2' title="bbox 471 366 2096 439; baseline -0.007 -13"><span class='ocrx_word' id='word_1_5' title='bbox 471 374 829 427; x_wconf 88' lang='lat' dir='ltr'><strong>curaturum.</strong></span> <span class='ocrx_word' id='word_1_6' title='bbox 877 370 1011 428; x_wconf 63' lang='lat' dir='ltr'><strong>Haec</strong></span> <span class='ocrx_word' id='word_1_7' title='bbox 1076 390 1213 430; x_wconf 91' lang='lat' dir='ltr'><strong>cum</strong></span> <span class='ocrx_word' id='word_1_8' title='bbox 1258 375 1520 439; x_wconf 84' lang='lat' dir='ltr'><strong>dixisset,</strong></span> <span class='ocrx_word' id='word_1_9' title='bbox 1562 369 1758 426; x_wconf 81' lang='lat' dir='ltr'><strong>statim</strong></span> <span class='ocrx_word' id='word_1_10' title='bbox 1798 366 2096 433; x_wconf 80' lang='lat' dir='ltr'><strong>ingressus</strong></span> 
     </span>
    </p>
   </div>
   <div class='ocr_carea' id='block_1_3' title="bbox 2211 353 3836 439">
    <p class='ocr_par' dir='ltr' id='par_1_3' title="bbox 2221 353 3836 432">
     <span class='ocr_line' id='line_1_3' title="bbox 2221 353 3836 432; baseline -0.002 -22"><span class='ocrx_word' id='word_1_11' title='bbox 2221 358 2411 412; x_wconf 85' lang='grc' dir='ltr'><strong>ἐκείνου</strong></span> <span class='ocrx_word' id='word_1_12' title='bbox 2442 370 2531 421; x_wconf 86' lang='grc' dir='ltr'><strong>τῆς</strong></span> <span class='ocrx_word' id='word_1_13' title='bbox 2582 380 2635 413; x_wconf 91' lang='grc' dir='ltr'><strong>τε</strong></span> <span class='ocrx_word' id='word_1_14' title='bbox 2671 360 2851 412; x_wconf 86' lang='grc' dir='ltr'><strong>Ὀσίου</strong></span> <span class='ocrx_word' id='word_1_15' title='bbox 2895 362 3095 432; x_wconf 85' lang='grc' dir='ltr'><strong>χειρὸς,</strong></span> <span class='ocrx_word' id='word_1_16' title='bbox 3128 353 3252 410; x_wconf 70' lang='grc' dir='ltr'><strong>ούδε</strong></span> <span class='ocrx_word' id='word_1_17' title='bbox 3298 359 3400 428; x_wconf 81' lang='grc' dir='ltr'><strong>γὰρ</strong></span> <span class='ocrx_word' id='word_1_18' title='bbox 3450 360 3575 427; x_wconf 84' lang='grc' dir='ltr'><strong>ᾤετο</strong></span> <span class='ocrx_word' id='word_1_19' title='bbox 3607 359 3751 427; x_wconf 82' lang='grc' dir='ltr'><strong>μέγα</strong></span> <span class='ocrx_word' id='word_1_20' title='bbox 3782 361 3836 407; x_wconf 84' lang='grc' dir='ltr'><strong>τί</strong></span> 
     </span>
    </p>
   </div>
   <div class='ocr_carea' id='block_1_4' title="bbox 473 447 2098 531">
    <p class='ocr_par' dir='ltr' id='par_1_4' title="bbox 473 460 2098 531">
     <span class='ocr_line' id='line_1_4' title="bbox 473 460 2098 531; baseline 0.001 -17"><span class='ocrx_word' id='word_1_21' title='bbox 473 466 562 515; x_wconf 89' lang='lat' dir='ltr'><strong>est</strong></span> <span class='ocrx_word' id='word_1_22' title='bbox 597 460 656 514; x_wconf 90' lang='lat' dir='ltr'><strong>in</strong></span> <span class='ocrx_word' id='word_1_23' title='bbox 697 462 871 531; x_wconf 64' lang='lat' dir='ltr'><strong>regiae</strong></span> <span class='ocrx_word' id='word_1_24' title='bbox 914 464 1252 531; x_wconf 80' lang='lat' dir='ltr'><strong>penetralia,</strong></span> <span class='ocrx_word' id='word_1_25' title='bbox 1295 469 1580 523; x_wconf 90' lang='lat' dir='ltr'><strong>Sanctum</strong></span> <span class='ocrx_word' id='word_1_26' title='bbox 1618 469 1787 523; x_wconf 88' lang='lat' dir='ltr'><strong>illum</strong></span> <span class='ocrx_word' id='word_1_27' title='bbox 1822 480 2006 520; x_wconf 89' lang='lat' dir='ltr'><strong>manu</strong></span> <span class='ocrx_word' id='word_1_28' title='bbox 2033 468 2098 517; x_wconf 91' lang='lat' dir='ltr'><strong>te-</strong></span> 
     </span>
    </p>
   </div>
   <div class='ocr_carea' id='block_1_5' title="bbox 2211 447 3836 531">
    <p class='ocr_par' dir='ltr' id='par_1_5' title="bbox 2222 447 3836 521">
     <span class='ocr_line' id='line_1_5' title="bbox 2222 447 3836 521; baseline -0.004 -20"><span class='ocrx_word' id='word_1_29' title='bbox 2222 458 2383 501; x_wconf 89' lang='grc' dir='ltr'><strong>ποιεῖν</strong></span> <span class='ocrx_word' id='word_1_30' title='bbox 2429 449 2619 507; x_wconf 79' lang='grc' dir='ltr'><strong>ἐκείνην</strong></span> <span class='ocrx_word' id='word_1_31' title='bbox 2662 458 2840 521; x_wconf 86' lang='grc' dir='ltr'><strong>τιμῶν,</strong></span> <span class='ocrx_word' id='word_1_32' title='bbox 2876 450 2937 511; x_wconf 77' lang='grc' dir='ltr'><strong>ἧς</strong></span> <span class='ocrx_word' id='word_1_33' title='bbox 2986 447 3281 499; x_wconf 83' lang='grc' dir='ltr'><strong>ἀπολαῦσαι</strong></span> <span class='ocrx_word' id='word_1_34' title='bbox 3323 447 3836 517; x_wconf 84' lang='grc' dir='ltr'><strong>θαυματουργούσης</strong></span> 
     </span>
    </p>
   </div>
   <div class='ocr_carea' id='block_1_6' title="bbox 474 538 2441 625">
    <p class='ocr_par' dir='ltr' id='par_1_6' title="bbox 474 538 2441 625">
     <span class='ocr_line' id='line_1_6' title="bbox 474 538 2441 625; baseline -0.001 -22"><span class='ocrx_word' id='word_1_35' title='bbox 474 562 625 603; x_wconf 79' lang='lat' dir='ltr'><strong>nens</strong></span> <span class='ocrx_word' id='word_1_36' title='bbox 658 564 671 601; x_wconf 92' lang='lat'><strong>:</strong></span> <span class='ocrx_word' id='word_1_37' title='bbox 705 564 899 620; x_wconf 90' lang='lat' dir='ltr'><strong>neque</strong></span> <span class='ocrx_word' id='word_1_38' title='bbox 938 552 1094 606; x_wconf 90' lang='lat' dir='ltr'><strong>enim</strong></span> <span class='ocrx_word' id='word_1_39' title='bbox 1136 555 1512 611; x_wconf 81' lang='lat' dir='ltr'><strong>existimabat</strong></span> <span class='ocrx_word' id='word_1_40' title='bbox 1544 572 1603 612; x_wconf 92' lang='lat' dir='ltr'><strong>se</strong></span> <span class='ocrx_word' id='word_1_41' title='bbox 1651 569 1941 625; x_wconf 84' lang='lat' dir='ltr'><strong>magnum</strong></span> <span class='ocrx_word' id='word_1_42' title='bbox 1966 549 2112 623; x_wconf 89' lang='lat' dir='ltr'><strong>quid</strong></span> <span class='ocrx_word' id='word_1_43' title='bbox 2224 538 2441 611; x_wconf 69' lang='grc' dir='ltr'><strong>ἔμελλεν.</strong></span> 
     </span>
    </p>
   </div>
   <div class='ocr_carea' id='block_1_7' title="bbox 474 635 2112 715">
    <p class='ocr_par' dir='ltr' id='par_1_7' title="bbox 474 635 2112 715">
     <span class='ocr_line' id='line_1_7' title="bbox 474 635 2112 715; baseline 0.002 -24"><span class='ocrx_word' id='word_1_44' title='bbox 474 635 686 700; x_wconf 85' lang='lat' dir='ltr'><strong>facere,</strong></span> <span class='ocrx_word' id='word_1_45' title='bbox 721 636 885 691; x_wconf 87' lang='lat' dir='ltr'><strong>illam</strong></span> <span class='ocrx_word' id='word_1_46' title='bbox 934 638 1256 708; x_wconf 90' lang='lat' dir='ltr'><strong>honorans,</strong></span> <span class='ocrx_word' id='word_1_47' title='bbox 1298 647 1467 715; x_wconf 90' lang='lat' dir='ltr'><strong>cujus</strong></span> <span class='ocrx_word' id='word_1_48' title='bbox 1493 644 1909 701; x_wconf 79' lang='lat' dir='ltr'><strong>admirabilem</strong></span> <span class='ocrx_word' id='word_1_49' title='bbox 1940 642 2112 696; x_wconf 87' lang='lat' dir='ltr'><strong>virtu-</strong></span> 
     </span>
    </p>
   </div>
   <div class='ocr_carea' id='block_1_8' title="bbox 476 728 1329 801">
    <p class='ocr_par' dir='ltr' id='par_1_8' title="bbox 476 728 1329 801">
     <span class='ocr_line' id='line_1_8' title="bbox 476 728 1329 801; baseline 0.009 -21"><span class='ocrx_word' id='word_1_50' title='bbox 476 728 594 781; x_wconf 87' lang='lat' dir='ltr'><strong>tem</strong></span> <span class='ocrx_word' id='word_1_51' title='bbox 618 740 759 779; x_wconf 92' lang='lat' dir='ltr'><strong>mox</strong></span> <span class='ocrx_word' id='word_1_52' title='bbox 789 732 941 781; x_wconf 89' lang='lat' dir='ltr'><strong>esset</strong></span> <span class='ocrx_word' id='word_1_53' title='bbox 970 736 1329 801; x_wconf 87' lang='lat' dir='ltr'><strong>experturus.</strong></span> 
     </span>
    </p>
   </div>
   <div class='ocr_carea' id='block_1_9' title="bbox 545 800 2170 892">
    <p class='ocr_par' dir='ltr' id='par_1_9' title="bbox 545 800 2113 892">
     <span class='ocr_line' id='line_1_9' title="bbox 545 800 2113 892; baseline 0.013 -27"><span class='ocrx_word' id='word_1_54' title='bbox 545 814 679 866; x_wconf 85' lang='lat' dir='ltr'><strong>VIII.</strong></span> <span class='ocrx_word' id='word_1_55' title='bbox 714 800 1268 885; x_wconf 12' lang='lat' dir='ltr'><strong>Postquamiautem</strong></span> <span class='ocrx_word' id='word_1_56' title='bbox 1300 820 1608 891; x_wconf 89' lang='lat' dir='ltr'><strong>ingressus</strong></span> <span class='ocrx_word' id='word_1_57' title='bbox 1641 829 1727 878; x_wconf 84' lang='lat' dir='ltr'><strong>est</strong></span> <span class='ocrx_word' id='word_1_58' title='bbox 1777 823 2113 892; x_wconf 72' lang='lat' dir='ltr'><strong>imperator.</strong></span> 
     </span>
    </p>
   </div>
   <div class='ocr_carea' id='block_1_10' title="bbox 2210 800 3835 892">
    <p class='ocr_par' dir='ltr' id='par_1_10' title="bbox 2300 800 3835 877">
     <span class='ocr_line' id='line_1_10' title="bbox 2300 800 3835 877; baseline -0.003 -19"><span class='ocrx_word' id='word_1_59' title='bbox 2300 806 2379 858; x_wconf 85' lang='lat' dir='ltr'><strong>H&#39;.</strong></span> <span class='ocrx_word' id='word_1_60' title='bbox 2414 805 2552 858; x_wconf 85' lang='grc' dir='ltr'><strong>Ἐπεὶ</strong></span> <span class='ocrx_word' id='word_1_61' title='bbox 2578 802 2638 857; x_wconf 75' lang='grc' dir='ltr'><strong>δὲ</strong></span> <span class='ocrx_word' id='word_1_62' title='bbox 2678 810 2767 857; x_wconf 87' lang='grc' dir='ltr'><strong>καὶ</strong></span> <span class='ocrx_word' id='word_1_63' title='bbox 2798 804 3029 877; x_wconf 75' lang='grc' dir='ltr'><strong>είσῇλθεν</strong></span> <span class='ocrx_word' id='word_1_64' title='bbox 3074 800 3216 856; x_wconf 79' lang='grc' dir='ltr'><strong>ἔνδον</strong></span> <span class='ocrx_word' id='word_1_65' title='bbox 3265 802 3535 874; x_wconf 80' lang='grc' dir='ltr'><strong>βασιλεὺς,</strong></span> <span class='ocrx_word' id='word_1_66' title='bbox 3567 808 3660 855; x_wconf 89' lang='grc' dir='ltr'><strong>καὶ</strong></span> <span class='ocrx_word' id='word_1_67' title='bbox 3692 821 3835 872; x_wconf 74' lang='grc' dir='ltr'><strong>συγ-</strong></span> 
     </span>
    </p>
   </div>
   <div class='ocr_carea' id='block_1_11' title="bbox 477 889 2102 976">
    <p class='ocr_par' dir='ltr' id='par_1_11' title="bbox 477 889 2102 976">
     <span class='ocr_line' id='line_1_11' title="bbox 477 889 2102 976; baseline 0.004 -21"><span class='ocrx_word' id='word_1_68' title='bbox 477 904 532 955; x_wconf 83' lang='lat' dir='ltr'><strong>et</strong></span> <span class='ocrx_word' id='word_1_69' title='bbox 584 916 721 955; x_wconf 91' lang='lat' dir='ltr'><strong>eum</strong></span> <span class='ocrx_word' id='word_1_70' title='bbox 776 901 987 958; x_wconf 83' lang='lat' dir='ltr'><strong>habuit</strong></span> <span class='ocrx_word' id='word_1_71' title='bbox 1039 923 1244 964; x_wconf 91' lang='lat' dir='ltr'><strong>secum</strong></span> <span class='ocrx_word' id='word_1_72' title='bbox 1298 889 1623 976; x_wconf 83' lang='lat' dir='ltr'><strong>sedentem,</strong></span> <span class='ocrx_word' id='word_1_73' title='bbox 1680 889 1953 967; x_wconf 82' lang='lat' dir='ltr'><strong>nondum</strong></span> <span class='ocrx_word' id='word_1_74' title='bbox 2010 923 2102 963; x_wconf 65' lang='lat' dir='ltr'><strong>sua</strong></span> 
     </span>
    </p>
   </div>
   <div class='ocr_carea' id='block_1_12' title="bbox 2218 889 3843 976">
    <p class='ocr_par' dir='ltr' id='par_1_12' title="bbox 2228 889 3843 967">
     <span class='ocr_line' id='line_1_12' title="bbox 2228 889 3843 967; baseline -0.002 -20"><span class='ocrx_word' id='word_1_75' title='bbox 2228 898 2511 967; x_wconf 86' lang='grc' dir='ltr'><strong>καθήμενον</strong></span> <span class='ocrx_word' id='word_1_76' title='bbox 2565 895 2720 946; x_wconf 76' lang='grc' dir='ltr'><strong>αὐτόν</strong></span> <span class='ocrx_word' id='word_1_77' title='bbox 2777 891 2939 965; x_wconf 81' lang='grc' dir='ltr'><strong>εἶχεν,</strong></span> <span class='ocrx_word' id='word_1_78' title='bbox 2995 897 3136 945; x_wconf 77' lang='grc' dir='ltr'><strong>οὔπω</strong></span> <span class='ocrx_word' id='word_1_79' title='bbox 3193 899 3342 967; x_wconf 90' lang='grc' dir='ltr'><strong>κόρον</strong></span> <span class='ocrx_word' id='word_1_80' title='bbox 3399 889 3687 964; x_wconf 84' lang='grc' dir='ltr'><strong>δεχόμενος</strong></span> <span class='ocrx_word' id='word_1_81' title='bbox 3740 901 3843 951; x_wconf 82' lang='grc' dir='ltr'><strong>τῆς</strong></span> 
     </span>
    </p>
   </div>
   <div class='ocr_carea' id='block_1_13' title="bbox 476 981 2101 1079">
    <p class='ocr_par' dir='ltr' id='par_1_13' title="bbox 476 990 2101 1079">
     <span class='ocr_line' id='line_1_13' title="bbox 476 990 2101 1079; baseline 0.006 -37"><span class='ocrx_word' id='word_1_82' title='bbox 476 1003 618 1079; x_wconf 81' lang='lat' dir='ltr'><strong>erga</strong></span> <span class='ocrx_word' id='word_1_83' title='bbox 659 1006 794 1079; x_wconf 88' lang='lat' dir='ltr'><strong>eum</strong></span> <span class='ocrx_word' id='word_1_84' title='bbox 820 990 1182 1062; x_wconf 81' lang='lat' dir='ltr'><strong>benignitate</strong></span> <span class='ocrx_word' id='word_1_85' title='bbox 1218 999 1490 1067; x_wconf 87' lang='lat' dir='ltr'><strong>satiatus,</strong></span> <span class='ocrx_word' id='word_1_86' title='bbox 1524 1001 1695 1073; x_wconf 90' lang='lat' dir='ltr'><strong>plura</strong></span> <span class='ocrx_word' id='word_1_87' title='bbox 1720 1000 1917 1055; x_wconf 90' lang='lat' dir='ltr'><strong>adhuc</strong></span> <span class='ocrx_word' id='word_1_88' title='bbox 1946 997 2101 1053; x_wconf 89' lang='lat' dir='ltr'><strong>facie</strong></span> 
     </span>
    </p>
   </div>
   <div class='ocr_carea' id='block_1_14' title="bbox 2216 981 3841 1079">
    <p class='ocr_par' dir='ltr' id='par_1_14' title="bbox 2230 981 3841 1059">
     <span class='ocr_line' id='line_1_14' title="bbox 2230 981 3841 1059; baseline -0.003 -23"><span class='ocrx_word' id='word_1_89' title='bbox 2230 985 2627 1059; x_wconf 73' lang='grc' dir='ltr'><strong>φιλοφροσύνης,</strong></span> <span class='ocrx_word' id='word_1_90' title='bbox 2684 986 2759 1035; x_wconf 84' lang='grc' dir='ltr'><strong>ἔτι</strong></span> <span class='ocrx_word' id='word_1_91' title='bbox 2806 988 2894 1035; x_wconf 86' lang='grc' dir='ltr'><strong>καὶ</strong></span> <span class='ocrx_word' id='word_1_92' title='bbox 2937 982 3083 1035; x_wconf 88' lang='grc' dir='ltr'><strong>πλέον</strong></span> <span class='ocrx_word' id='word_1_93' title='bbox 3124 981 3303 1042; x_wconf 80' lang='grc' dir='ltr'><strong>ἐποίει,</strong></span> <span class='ocrx_word' id='word_1_94' title='bbox 3346 981 3618 1054; x_wconf 88' lang='grc' dir='ltr'><strong>λαμϐάνων</strong></span> <span class='ocrx_word' id='word_1_95' title='bbox 3672 981 3841 1032; x_wconf 67' lang='grc' dir='ltr'><strong>αὐτοῦ</strong></span> 
     </span>
    </p>
   </div>
   <div class='ocr_carea' id='block_1_15' title="bbox 475 1071 2100 1161">
    <p class='ocr_par' dir='ltr' id='par_1_15' title="bbox 475 1071 2095 1161">
     <span class='ocr_line' id='line_1_15' title="bbox 475 1071 2095 1161; baseline 0.004 -28"><span class='ocrx_word' id='word_1_96' title='bbox 475 1075 597 1131; x_wconf 81' lang='lat' dir='ltr'><strong>bat.</strong></span> <span class='ocrx_word' id='word_1_97' title='bbox 649 1078 782 1148; x_wconf 87' lang='lat' dir='ltr'><strong>Ejus</strong></span> <span class='ocrx_word' id='word_1_98' title='bbox 810 1095 1028 1136; x_wconf 90' lang='lat' dir='ltr'><strong>manus</strong></span> <span class='ocrx_word' id='word_1_99' title='bbox 1055 1087 1312 1155; x_wconf 87' lang='lat' dir='ltr'><strong>capiens,</strong></span> <span class='ocrx_word' id='word_1_100' title='bbox 1345 1091 1465 1144; x_wconf 88' lang='lat' dir='ltr'><strong>suis</strong></span> <span class='ocrx_word' id='word_1_101' title='bbox 1513 1071 1863 1161; x_wconf 80' lang='lat' dir='ltr'><strong>imponebat</strong></span> <span class='ocrx_word' id='word_1_102' title='bbox 1910 1085 2095 1143; x_wconf 89' lang='lat' dir='ltr'><strong>oculis</strong></span> 
     </span>
    </p>
   </div>
   <div class='ocr_carea' id='block_1_16' title="bbox 2216 1071 3841 1161">
    <p class='ocr_par' dir='ltr' id='par_1_16' title="bbox 2228 1071 3841 1147">
     <span class='ocr_line' id='line_1_16' title="bbox 2228 1071 3841 1147; baseline -0.004 -22"><span class='ocrx_word' id='word_1_103' title='bbox 2228 1076 2319 1135; x_wconf 81' lang='grc' dir='ltr'><strong>τὰς</strong></span> <span class='ocrx_word' id='word_1_104' title='bbox 2368 1080 2572 1147; x_wconf 87' lang='grc' dir='ltr'><strong>χεῖρας,</strong></span> <span class='ocrx_word' id='word_1_105' title='bbox 2606 1077 2835 1145; x_wconf 80' lang='grc' dir='ltr'><strong>ὄμμασιν</strong></span> <span class='ocrx_word' id='word_1_106' title='bbox 2888 1071 3044 1124; x_wconf 78' lang='grc' dir='ltr'><strong>ἐτίθει</strong></span> <span class='ocrx_word' id='word_1_107' title='bbox 3087 1080 3195 1132; x_wconf 84' lang='grc' dir='ltr'><strong>τοῖς</strong></span> <span class='ocrx_word' id='word_1_108' title='bbox 3246 1071 3432 1123; x_wconf 82' lang='grc' dir='ltr'><strong>ἑαυτοῦ</strong></span> <span class='ocrx_word' id='word_1_109' title='bbox 3485 1074 3570 1121; x_wconf 86' lang='lat' dir='ltr'><strong>xui</strong></span> <span class='ocrx_word' id='word_1_110' title='bbox 3606 1090 3841 1141; x_wconf 73' lang='grc' dir='ltr'><strong>καταφι-</strong></span> 
     </span>
    </p>
   </div>
   <div class='ocr_carea' id='block_1_17' title="bbox 477 1156 2102 1246">
    <p class='ocr_par' dir='ltr' id='par_1_17' title="bbox 477 1156 2102 1246">
     <span class='ocr_line' id='line_1_17' title="bbox 477 1156 2102 1246; baseline 0.006 -29"><span class='ocrx_word' id='word_1_111' title='bbox 477 1168 536 1218; x_wconf 90' lang='lat' dir='ltr'><strong>et</strong></span> <span class='ocrx_word' id='word_1_112' title='bbox 560 1179 661 1219; x_wconf 87' lang='lat' dir='ltr'><strong>eas</strong></span> <span class='ocrx_word' id='word_1_113' title='bbox 685 1180 823 1221; x_wconf 90' lang='lat' dir='ltr'><strong>cum</strong></span> <span class='ocrx_word' id='word_1_114' title='bbox 845 1170 1109 1227; x_wconf 90' lang='lat' dir='ltr'><strong>maxima</strong></span> <span class='ocrx_word' id='word_1_115' title='bbox 1135 1174 1429 1246; x_wconf 85' lang='lat' dir='ltr'><strong>voluptate</strong></span> <span class='ocrx_word' id='word_1_116' title='bbox 1458 1156 1831 1243; x_wconf 74' lang='lat' dir='ltr'><strong>deosculans,</strong></span> <span class='ocrx_word' id='word_1_117' title='bbox 1856 1181 1911 1231; x_wconf 89' lang='lat' dir='ltr'><strong>et</strong></span> <span class='ocrx_word' id='word_1_118' title='bbox 1935 1176 1993 1230; x_wconf 90' lang='lat' dir='ltr'><strong>in</strong></span> <span class='ocrx_word' id='word_1_119' title='bbox 2019 1190 2102 1229; x_wconf 75' lang='lat' dir='ltr'><strong>ea:</strong></span> 
     </span>
    </p>
   </div>
   <div class='ocr_carea' id='block_1_18' title="bbox 2218 1156 3843 1246">
    <p class='ocr_par' dir='ltr' id='par_1_18' title="bbox 2227 1156 3843 1234">
     <span class='ocr_line' id='line_1_18' title="bbox 2227 1156 3843 1234; baseline -0.003 -20"><span class='ocrx_word' id='word_1_120' title='bbox 2227 1162 2326 1214; x_wconf 89' lang='grc' dir='ltr'><strong>λῶν</strong></span> <span class='ocrx_word' id='word_1_121' title='bbox 2364 1163 2475 1234; x_wconf 88' lang='grc' dir='ltr'><strong>μεθ’</strong></span> <span class='ocrx_word' id='word_1_122' title='bbox 2525 1164 2653 1224; x_wconf 83' lang='grc' dir='ltr'><strong>ὅσης</strong></span> <span class='ocrx_word' id='word_1_123' title='bbox 2702 1165 2833 1214; x_wconf 78' lang='grc' dir='ltr'><strong>εἴποι</strong></span> <span class='ocrx_word' id='word_1_124' title='bbox 2883 1181 2958 1221; x_wconf 88' lang='grc' dir='ltr'><strong>τις</strong></span> <span class='ocrx_word' id='word_1_125' title='bbox 3006 1158 3218 1226; x_wconf 80' lang='grc' dir='ltr'><strong>ἡδονῆς,</strong></span> <span class='ocrx_word' id='word_1_126' title='bbox 3273 1164 3363 1212; x_wconf 86' lang='grc' dir='ltr'><strong>καὶ</strong></span> <span class='ocrx_word' id='word_1_127' title='bbox 3414 1156 3623 1233; x_wconf 80' lang='grc' dir='ltr'><strong>δάκρυα</strong></span> <span class='ocrx_word' id='word_1_128' title='bbox 3676 1178 3843 1210; x_wconf 84' lang='grc' dir='ltr'><strong>κατα-</strong></span> 
     </span>
    </p>
   </div>
   <div class='ocr_carea' id='block_1_19' title="bbox 478 1247 2103 1335">
    <p class='ocr_par' dir='ltr' id='par_1_19' title="bbox 478 1250 2103 1335">
     <span class='ocr_line' id='line_1_19' title="bbox 478 1250 2103 1335; baseline 0.01 -31"><span class='ocrx_word' id='word_1_129' title='bbox 478 1250 760 1308; x_wconf 87' lang='lat' dir='ltr'><strong>distillans</strong></span> <span class='ocrx_word' id='word_1_130' title='bbox 798 1255 1115 1329; x_wconf 85' lang='lat' dir='ltr'><strong>lacrymas,</strong></span> <span class='ocrx_word' id='word_1_131' title='bbox 1158 1261 1486 1320; x_wconf 75' lang='lat' dir='ltr'><strong>laetabatur.</strong></span> <span class='ocrx_word' id='word_1_132' title='bbox 1541 1266 1726 1322; x_wconf 84' lang='lat' dir='ltr'><strong>Morbi</strong></span> <span class='ocrx_word' id='word_1_133' title='bbox 1778 1265 1961 1329; x_wconf 88' lang='lat' dir='ltr'><strong>enim,</strong></span> <span class='ocrx_word' id='word_1_134' title='bbox 2016 1279 2103 1335; x_wconf 73' lang='lat' dir='ltr'><strong>Qu</strong></span> 
     </span>
    </p>
   </div>
   <div class='ocr_carea' id='block_1_20' title="bbox 2221 1247 3846 1335">
    <p class='ocr_par' dir='ltr' id='par_1_20' title="bbox 2233 1247 3846 1321">
     <span class='ocr_line' id='line_1_20' title="bbox 2233 1247 3846 1321; baseline -0.003 -17"><span class='ocrx_word' id='word_1_135' title='bbox 2233 1252 2436 1312; x_wconf 80' lang='grc' dir='ltr'><strong>στάζων</strong></span> <span class='ocrx_word' id='word_1_136' title='bbox 2488 1252 2655 1303; x_wconf 75' lang='grc' dir='ltr'><strong>αὐτῶν</strong></span> <span class='ocrx_word' id='word_1_137' title='bbox 2706 1247 2904 1309; x_wconf 80' lang='grc' dir='ltr'><strong>ἧδετο’</strong></span> <span class='ocrx_word' id='word_1_138' title='bbox 2937 1252 2966 1308; x_wconf 80' lang='grc' dir='ltr'>ἡ</span> <span class='ocrx_word' id='word_1_139' title='bbox 3022 1252 3123 1321; x_wconf 80' lang='grc' dir='ltr'><strong>γὰρ</strong></span> <span class='ocrx_word' id='word_1_140' title='bbox 3177 1258 3268 1302; x_wconf 81' lang='grc' dir='ltr'><strong>τοῦ</strong></span> <span class='ocrx_word' id='word_1_141' title='bbox 3318 1250 3583 1310; x_wconf 73' lang='grc' dir='ltr'><strong>πιέζοντος</strong></span> <span class='ocrx_word' id='word_1_142' title='bbox 3636 1251 3846 1308; x_wconf 77' lang='grc' dir='ltr'><strong>πάθους</strong></span> 
     </span>
    </p>
   </div>
   <div class='ocr_carea' id='block_1_21' title="bbox 478 1336 2103 1421">
    <p class='ocr_par' dir='ltr' id='par_1_21' title="bbox 478 1343 2103 1421">
     <span class='ocr_line' id='line_1_21' title="bbox 478 1343 2103 1421; baseline 0.009 -29"><span class='ocrx_word' id='word_1_143' title='bbox 478 1353 617 1395; x_wconf 89' lang='lat' dir='ltr'><strong>eum</strong></span> <span class='ocrx_word' id='word_1_144' title='bbox 656 1343 979 1412; x_wconf 84' lang='lat' dir='ltr'><strong>premebat,</strong></span> <span class='ocrx_word' id='word_1_145' title='bbox 1022 1350 1340 1406; x_wconf 86' lang='lat' dir='ltr'><strong>necessitas</strong></span> <span class='ocrx_word' id='word_1_146' title='bbox 1370 1352 1678 1420; x_wconf 82' lang='lat' dir='ltr'><strong>efﬁciebat,</strong></span> <span class='ocrx_word' id='word_1_147' title='bbox 1712 1360 1774 1409; x_wconf 92' lang='lat' dir='ltr'><strong>ut</strong></span> <span class='ocrx_word' id='word_1_148' title='bbox 1797 1354 1980 1408; x_wconf 92' lang='lat' dir='ltr'><strong>homo</strong></span> <span class='ocrx_word' id='word_1_149' title='bbox 2020 1366 2103 1421; x_wconf 83' lang='lat' dir='ltr'><strong>ap</strong></span> 
     </span>
    </p>
   </div>
   <div class='ocr_carea' id='block_1_22' title="bbox 2221 1336 3846 1421">
    <p class='ocr_par' dir='ltr' id='par_1_22' title="bbox 2231 1336 3846 1414">
     <span class='ocr_line' id='line_1_22' title="bbox 2231 1336 3846 1414; baseline -0.001 -23"><span class='ocrx_word' id='word_1_150' title='bbox 2231 1340 2428 1410; x_wconf 83' lang='grc' dir='ltr'><strong>ἀνάγκη</strong></span> <span class='ocrx_word' id='word_1_151' title='bbox 2480 1342 2748 1414; x_wconf 81' lang='grc' dir='ltr'><strong>ἄνθρωπον</strong></span> <span class='ocrx_word' id='word_1_152' title='bbox 2803 1340 2964 1411; x_wconf 63' lang='grc' dir='ltr'><strong>αύτὸι</strong></span> <span class='ocrx_word' id='word_1_153' title='bbox 3026 1338 3185 1392; x_wconf 76' lang='grc' dir='ltr'><strong>ἐποίει</strong></span> <span class='ocrx_word' id='word_1_154' title='bbox 3237 1338 3427 1411; x_wconf 82' lang='grc' dir='ltr'><strong>μᾶλλον</strong></span> <span class='ocrx_word' id='word_1_155' title='bbox 3500 1339 3529 1397; x_wconf 82' lang='grc' dir='ltr'><em>ἡ</em></span> <span class='ocrx_word' id='word_1_156' title='bbox 3609 1336 3846 1410; x_wconf 78' lang='grc' dir='ltr'><strong>βασιλέα</strong></span> 
     </span>
    </p>
   </div>
   <div class='ocr_carea' id='block_1_23' title="bbox 481 1426 2106 1514">
    <p class='ocr_par' dir='ltr' id='par_1_23' title="bbox 481 1432 2106 1514">
     <span class='ocr_line' id='line_1_23' title="bbox 481 1432 2106 1514; baseline -0.01 -9"><span class='ocrx_word' id='word_1_157' title='bbox 481 1433 711 1514; x_wconf 63' lang='lat' dir='ltr'><strong>Pamrat</strong></span> <span class='ocrx_word' id='word_1_158' title='bbox 762 1432 959 1500; x_wconf 61' lang='lat' dir='ltr'><strong>Potius</strong></span> <span class='ocrx_word' id='word_1_159' title='bbox 1004 1451 1189 1506; x_wconf 89' lang='lat' dir='ltr'><strong>quam</strong></span> <span class='ocrx_word' id='word_1_160' title='bbox 1228 1438 1572 1510; x_wconf 82' lang='lat' dir='ltr'><strong>imperator,</strong></span> <span class='ocrx_word' id='word_1_161' title='bbox 1608 1448 1664 1498; x_wconf 90' lang='lat' dir='ltr'><strong>et</strong></span> <span class='ocrx_word' id='word_1_162' title='bbox 1706 1443 1809 1514; x_wconf 87' lang='lat' dir='ltr'><strong>qui</strong></span> <span class='ocrx_word' id='word_1_163' title='bbox 1847 1440 2106 1496; x_wconf 72' lang='lat' dir='ltr'><strong>humanis</strong></span> 
     </span>
    </p>
   </div>
   <div class='ocr_carea' id='block_1_24' title="bbox 2222 1426 3847 1514">
    <p class='ocr_par' dir='ltr' id='par_1_24' title="bbox 2233 1426 3847 1501">
     <span class='ocr_line' id='line_1_24' title="bbox 2233 1426 3847 1501; baseline -0.002 -20"><span class='ocrx_word' id='word_1_164' title='bbox 2233 1426 2534 1481; x_wconf 77' lang='grc' dir='ltr'><strong>δείκνυσθαι</strong></span> <span class='ocrx_word' id='word_1_165' title='bbox 2595 1434 2682 1481; x_wconf 85' lang='grc' dir='ltr'><strong>καὶ</strong></span> <span class='ocrx_word' id='word_1_166' title='bbox 2741 1427 3087 1501; x_wconf 66' lang='grc' dir='ltr'><strong>ἀνθρωπίναις</strong></span> <span class='ocrx_word' id='word_1_167' title='bbox 3149 1428 3534 1499; x_wconf 78' lang='grc' dir='ltr'><strong>καλυπτόμενον</strong></span> <span class='ocrx_word' id='word_1_168' title='bbox 3595 1426 3847 1484; x_wconf 78' lang='grc' dir='ltr'><strong>ἀθλιότη-</strong></span> 
     </span>
    </p>
   </div>
   <div class='ocr_carea' id='block_1_25' title="bbox 477 1513 2102 1601">
    <p class='ocr_par' dir='ltr' id='par_1_25' title="bbox 477 1513 2101 1601">
     <span class='ocr_line' id='line_1_25' title="bbox 477 1513 2101 1601; baseline 0.007 -32"><span class='ocrx_word' id='word_1_169' title='bbox 477 1513 824 1572; x_wconf 87' lang='lat' dir='ltr'><strong>ﬂectebatur</strong></span> <span class='ocrx_word' id='word_1_170' title='bbox 850 1521 1125 1590; x_wconf 88' lang='lat' dir='ltr'><strong>miseriis,</strong></span> <span class='ocrx_word' id='word_1_171' title='bbox 1154 1543 1339 1597; x_wconf 89' lang='lat' dir='ltr'><strong>quam</strong></span> <span class='ocrx_word' id='word_1_172' title='bbox 1377 1532 1479 1601; x_wconf 88' lang='lat' dir='ltr'><strong>qui</strong></span> <span class='ocrx_word' id='word_1_173' title='bbox 1520 1513 1899 1601; x_wconf 81' lang='lat' dir='ltr'><strong>imperatoria</strong></span> <span class='ocrx_word' id='word_1_174' title='bbox 1924 1528 2101 1583; x_wconf 81' lang='lat' dir='ltr'><strong>eﬂ&#39;ere</strong></span> 
     </span>
    </p>
   </div>
   <div class='ocr_carea' id='block_1_26' title="bbox 2219 1513 3844 1601">
    <p class='ocr_par' dir='ltr' id='par_1_26' title="bbox 2235 1516 3844 1589">
     <span class='ocr_line' id='line_1_26' title="bbox 2235 1516 3844 1589; baseline 0 -20"><span class='ocrx_word' id='word_1_175' title='bbox 2235 1536 2316 1569; x_wconf 89' lang='grc' dir='ltr'><strong>σιν</strong></span> <span class='ocrx_word' id='word_1_176' title='bbox 2417 1519 2446 1576; x_wconf 75' lang='grc' dir='ltr'>ἢ</span> <span class='ocrx_word' id='word_1_177' title='bbox 2540 1518 3000 1589; x_wconf 81' lang='grc' dir='ltr'><strong>μεγαλοπρεπείαις</strong></span> <span class='ocrx_word' id='word_1_178' title='bbox 3080 1516 3383 1589; x_wconf 84' lang='grc' dir='ltr'><strong>βασιλικαῖς</strong></span> <span class='ocrx_word' id='word_1_179' title='bbox 3481 1516 3844 1588; x_wconf 75' lang='grc' dir='ltr'><strong>ἐπαιρόμενον.</strong></span> 
     </span>
    </p>
   </div>
   <div class='ocr_carea' id='block_1_27' title="bbox 480 1602 2105 1686">
    <p class='ocr_par' dir='ltr' id='par_1_27' title="bbox 480 1602 2105 1686">
     <span class='ocr_line' id='line_1_27' title="bbox 480 1602 2105 1686; baseline 0.011 -30"><span class='ocrx_word' id='word_1_180' title='bbox 480 1602 654 1658; x_wconf 85' lang='lat' dir='ltr'><strong>batur</strong></span> <span class='ocrx_word' id='word_1_181' title='bbox 684 1610 1146 1675; x_wconf 88' lang='lat' dir='ltr'><strong>magniﬁcentia.</strong></span> <span class='ocrx_word' id='word_1_182' title='bbox 1184 1618 1701 1674; x_wconf 89' lang='lat' dir='ltr'><strong>Verumenimvero</strong></span> <span class='ocrx_word' id='word_1_183' title='bbox 1741 1620 1865 1673; x_wconf 67' lang='lat' dir='ltr'><strong>haec</strong></span> <span class='ocrx_word' id='word_1_184' title='bbox 1904 1631 2105 1686; x_wconf 66' lang='lat' dir='ltr'><strong>magna</strong></span> 
     </span>
    </p>
   </div>
   <div class='ocr_carea' id='block_1_28' title="bbox 2224 1602 3849 1686">
    <p class='ocr_par' dir='ltr' id='par_1_28' title="bbox 2238 1605 3849 1678">
     <span class='ocr_line' id='line_1_28' title="bbox 2238 1605 3849 1678; baseline -0.002 -20"><span class='ocrx_word' id='word_1_185' title='bbox 2238 1606 2373 1664; x_wconf 80' lang='grc' dir='ltr'><strong>Ιιλην</strong></span> <span class='ocrx_word' id='word_1_186' title='bbox 2424 1605 2529 1657; x_wconf 87' lang='grc' dir='ltr'><strong>ἀλλ’</strong></span> <span class='ocrx_word' id='word_1_187' title='bbox 2573 1608 2602 1665; x_wconf 82' lang='grc' dir='ltr'><strong>ἠ</strong></span> <span class='ocrx_word' id='word_1_188' title='bbox 2650 1606 2810 1664; x_wconf 83' lang='grc' dir='ltr'><strong>πολλή</strong></span> <span class='ocrx_word' id='word_1_189' title='bbox 2857 1608 2987 1664; x_wconf 81' lang='grc' dir='ltr'><strong>αύτη</strong></span> <span class='ocrx_word' id='word_1_190' title='bbox 3035 1614 3125 1658; x_wconf 83' lang='grc' dir='ltr'><strong>τοῦ</strong></span> <span class='ocrx_word' id='word_1_191' title='bbox 3174 1605 3436 1678; x_wconf 85' lang='grc' dir='ltr'><strong>βασιλέως</strong></span> <span class='ocrx_word' id='word_1_192' title='bbox 3468 1606 3849 1676; x_wconf 85' lang='grc' dir='ltr'><strong>μετριοπάθεια</strong></span> 
     </span>
    </p>
   </div>
   <div class='ocr_carea' id='block_1_29' title="bbox 480 1692 2105 1777">
    <p class='ocr_par' dir='ltr' id='par_1_29' title="bbox 480 1692 2105 1777">
     <span class='ocr_line' id='line_1_29' title="bbox 480 1692 2105 1777; baseline 0.008 -31"><span class='ocrx_word' id='word_1_193' title='bbox 480 1692 851 1763; x_wconf 87' lang='lat' dir='ltr'><strong>imperatoris</strong></span> <span class='ocrx_word' id='word_1_194' title='bbox 898 1700 1228 1759; x_wconf 85' lang='lat' dir='ltr'><strong>moderatio</strong></span> <span class='ocrx_word' id='word_1_195' title='bbox 1276 1714 1332 1761; x_wconf 89' lang='lat' dir='ltr'><strong>et</strong></span> <span class='ocrx_word' id='word_1_196' title='bbox 1364 1708 1588 1776; x_wconf 81' lang='lat' dir='ltr'><strong>religio,</strong></span> <span class='ocrx_word' id='word_1_197' title='bbox 1619 1724 1862 1777; x_wconf 80' lang='lat' dir='ltr'><strong>gravem</strong></span> <span class='ocrx_word' id='word_1_198' title='bbox 1913 1708 2105 1762; x_wconf 75' lang='lat' dir='ltr'><strong>Sanctt</strong></span> 
     </span>
    </p>
   </div>
   <div class='ocr_carea' id='block_1_30' title="bbox 2220 1692 3845 1777">
    <p class='ocr_par' dir='ltr' id='par_1_30' title="bbox 2236 1693 3845 1767">
     <span class='ocr_line' id='line_1_30' title="bbox 2236 1693 3845 1767; baseline -0.001 -21"><span class='ocrx_word' id='word_1_199' title='bbox 2236 1700 2325 1746; x_wconf 89' lang='lat' dir='ltr'><strong>xui</strong></span> <span class='ocrx_word' id='word_1_200' title='bbox 2375 1699 2432 1746; x_wconf 88' lang='grc' dir='ltr'><strong>τό</strong></span> <span class='ocrx_word' id='word_1_201' title='bbox 2488 1694 2635 1756; x_wconf 79' lang='grc' dir='ltr'><strong>σέϐας</strong></span> <span class='ocrx_word' id='word_1_202' title='bbox 2691 1694 2967 1767; x_wconf 76' lang='grc' dir='ltr'><strong>βαρύτητα</strong></span> <span class='ocrx_word' id='word_1_203' title='bbox 3021 1700 3110 1748; x_wconf 80' lang='grc' dir='ltr'><strong>καὶ</strong></span> <span class='ocrx_word' id='word_1_204' title='bbox 3164 1695 3331 1752; x_wconf 87' lang='grc' dir='ltr'><strong>λύπην</strong></span> <span class='ocrx_word' id='word_1_205' title='bbox 3386 1693 3692 1766; x_wconf 70' lang='grc' dir='ltr'><strong>ἐμϐέϐληκεν</strong></span> <span class='ocrx_word' id='word_1_206' title='bbox 3767 1701 3845 1763; x_wconf 82' lang='grc' dir='ltr'><strong>τῷ</strong></span> 
     </span>
    </p>
   </div>
   <div class='ocr_carea' id='block_1_31' title="bbox 480 1780 2105 1866">
    <p class='ocr_par' dir='ltr' id='par_1_31' title="bbox 480 1780 2103 1866">
     <span class='ocr_line' id='line_1_31' title="bbox 480 1780 2103 1866; baseline 0.009 -32"><span class='ocrx_word' id='word_1_207' title='bbox 480 1780 678 1851; x_wconf 90' lang='lat' dir='ltr'><strong>injecit</strong></span> <span class='ocrx_word' id='word_1_208' title='bbox 708 1784 1065 1857; x_wconf 86' lang='lat' dir='ltr'><strong>molestiam,</strong></span> <span class='ocrx_word' id='word_1_209' title='bbox 1099 1796 1153 1844; x_wconf 87' lang='lat' dir='ltr'><strong>et</strong></span> <span class='ocrx_word' id='word_1_210' title='bbox 1176 1795 1418 1863; x_wconf 86' lang='lat' dir='ltr'><strong>perinde</strong></span> <span class='ocrx_word' id='word_1_211' title='bbox 1446 1812 1514 1851; x_wconf 89' lang='lat' dir='ltr'><strong>ac</strong></span> <span class='ocrx_word' id='word_1_212' title='bbox 1546 1796 1592 1850; x_wconf 91' lang='lat' dir='ltr'><strong>si</strong></span> <span class='ocrx_word' id='word_1_213' title='bbox 1620 1797 1668 1851; x_wconf 91' lang='lat' dir='ltr'><strong>ei</strong></span> <span class='ocrx_word' id='word_1_214' title='bbox 1693 1796 1857 1850; x_wconf 89' lang='lat' dir='ltr'><strong>ﬁeret</strong></span> <span class='ocrx_word' id='word_1_215' title='bbox 1886 1793 2103 1866; x_wconf 89' lang='lat' dir='ltr'><strong>injuria</strong></span> 
     </span>
    </p>
   </div>
   <div class='ocr_carea' id='block_1_32' title="bbox 2226 1780 3851 1866">
    <p class='ocr_par' dir='ltr' id='par_1_32' title="bbox 2234 1781 3851 1857">
     <span class='ocr_line' id='line_1_32' title="bbox 2234 1781 3851 1857; baseline -0.001 -22"><span class='ocrx_word' id='word_1_216' title='bbox 2234 1782 2416 1854; x_wconf 83' lang='grc' dir='ltr'><strong>Ὀσίῳ,</strong></span> <span class='ocrx_word' id='word_1_217' title='bbox 2464 1790 2553 1835; x_wconf 83' lang='grc' dir='ltr'><strong>καὶ</strong></span> <span class='ocrx_word' id='word_1_218' title='bbox 2598 1787 2771 1857; x_wconf 81' lang='grc' dir='ltr'><strong>ὥσπερ</strong></span> <span class='ocrx_word' id='word_1_219' title='bbox 2816 1781 3001 1837; x_wconf 78' lang='grc' dir='ltr'><strong>ἄδικόν</strong></span> <span class='ocrx_word' id='word_1_220' title='bbox 3038 1804 3088 1836; x_wconf 92' lang='grc' dir='ltr'><strong>τι</strong></span> <span class='ocrx_word' id='word_1_221' title='bbox 3135 1787 3377 1855; x_wconf 81' lang='grc' dir='ltr'><strong>πάσχων,</strong></span> <span class='ocrx_word' id='word_1_222' title='bbox 3412 1789 3501 1835; x_wconf 85' lang='grc' dir='ltr'><strong>καὶ</strong></span> <span class='ocrx_word' id='word_1_223' title='bbox 3531 1784 3603 1844; x_wconf 84' lang='grc' dir='ltr'><strong>εἰς</strong></span> <span class='ocrx_word' id='word_1_224' title='bbox 3636 1801 3851 1854; x_wconf 83' lang='grc' dir='ltr'><strong>μετριο-</strong></span> 
     </span>
    </p>
   </div>
   <div class='ocr_carea' id='block_1_33' title="bbox 481 1869 2106 1955">
    <p class='ocr_par' dir='ltr' id='par_1_33' title="bbox 481 1869 2103 1955">
     <span class='ocr_line' id='line_1_33' title="bbox 481 1869 2103 1955; baseline 0.015 -34"><span class='ocrx_word' id='word_1_225' title='bbox 481 1874 536 1922; x_wconf 90' lang='lat' dir='ltr'><strong>et</strong></span> <span class='ocrx_word' id='word_1_226' title='bbox 577 1869 636 1923; x_wconf 93' lang='lat' dir='ltr'><strong>in</strong></span> <span class='ocrx_word' id='word_1_227' title='bbox 668 1886 805 1927; x_wconf 89' lang='lat' dir='ltr'><strong>eum</strong></span> <span class='ocrx_word' id='word_1_228' title='bbox 837 1876 1020 1931; x_wconf 90' lang='lat' dir='ltr'><strong>nimia</strong></span> <span class='ocrx_word' id='word_1_229' title='bbox 1058 1890 1425 1938; x_wconf 86' lang='lat' dir='ltr'><strong>exerceretur</strong></span> <span class='ocrx_word' id='word_1_230' title='bbox 1464 1884 1753 1950; x_wconf 87' lang='lat' dir='ltr'><strong>molestia,</strong></span> <span class='ocrx_word' id='word_1_231' title='bbox 1787 1900 1905 1939; x_wconf 87' lang='lat' dir='ltr'><strong>non</strong></span> <span class='ocrx_word' id='word_1_232' title='bbox 1937 1884 2103 1955; x_wconf 75' lang='lat' dir='ltr'><strong>potui</strong></span> 
     </span>
    </p>
   </div>
   <div class='ocr_carea' id='block_1_34' title="bbox 2221 1869 3846 1955">
    <p class='ocr_par' dir='ltr' id='par_1_34' title="bbox 2239 1873 3846 1946">
     <span class='ocr_line' id='line_1_34' title="bbox 2239 1873 3846 1946; baseline -0.001 -22"><span class='ocrx_word' id='word_1_233' title='bbox 2239 1875 2497 1944; x_wconf 83' lang='grc' dir='ltr'><strong>φροσύνην</strong></span> <span class='ocrx_word' id='word_1_234' title='bbox 2606 1873 3051 1946; x_wconf 77' lang='grc' dir='ltr'><strong>πλεονεκτούμενος</strong></span> <span class='ocrx_word' id='word_1_235' title='bbox 3138 1873 3231 1925; x_wconf 76' lang='grc' dir='ltr'><strong>οὐκ</strong></span> <span class='ocrx_word' id='word_1_236' title='bbox 3326 1877 3508 1943; x_wconf 82' lang='grc' dir='ltr'><strong>ἤνεγκε</strong></span> <span class='ocrx_word' id='word_1_237' title='bbox 3582 1878 3792 1941; x_wconf 79' lang='grc' dir='ltr'><strong>σιωπᾴν</strong></span> <span class='ocrx_word' id='word_1_238' title='bbox 3834 1890 3846 1903; x_wconf 92' lang='grc'><strong>·</strong></span> 
     </span>
    </p>
   </div>
   <div class='ocr_carea' id='block_1_35' title="bbox 481 1961 2106 2044">
    <p class='ocr_par' dir='ltr' id='par_1_35' title="bbox 481 1961 2105 2044">
     <span class='ocr_line' id='line_1_35' title="bbox 481 1961 2105 2044; baseline 0.011 -34"><span class='ocrx_word' id='word_1_239' title='bbox 481 1961 677 2013; x_wconf 89' lang='lat' dir='ltr'><strong>tenere</strong></span> <span class='ocrx_word' id='word_1_240' title='bbox 727 1961 1041 2033; x_wconf 90' lang='lat' dir='ltr'><strong>silentium,</strong></span> <span class='ocrx_word' id='word_1_241' title='bbox 1076 1969 1212 2024; x_wconf 92' lang='lat' dir='ltr'><strong>sed:</strong></span> <span class='ocrx_word' id='word_1_242' title='bbox 1261 1973 1340 2025; x_wconf 91' lang='lat' dir='ltr'><strong>Ne</strong></span> <span class='ocrx_word' id='word_1_243' title='bbox 1380 1974 1464 2028; x_wconf 90' lang='lat' dir='ltr'><strong>sic</strong></span> <span class='ocrx_word' id='word_1_244' title='bbox 1518 1974 1741 2040; x_wconf 75' lang='lat' dir='ltr'><strong>feceris,</strong></span> <span class='ocrx_word' id='word_1_245' title='bbox 1796 1990 1832 2028; x_wconf 96' lang='lat' dir='ltr'><strong>o</strong></span> <span class='ocrx_word' id='word_1_246' title='bbox 1875 1972 2105 2044; x_wconf 88' lang='lat' dir='ltr'><strong>impera</strong></span> 
     </span>
    </p>
   </div>
   <div class='ocr_carea' id='block_1_36' title="bbox 2226 1961 3851 2044">
    <p class='ocr_par' dir='ltr' id='par_1_36' title="bbox 2240 1961 3851 2034">
     <span class='ocr_line' id='line_1_36' title="bbox 2240 1961 3851 2034; baseline -0.003 -19"><span class='ocrx_word' id='word_1_247' title='bbox 2240 1962 2386 2026; x_wconf 83' lang='grc' dir='ltr'><strong>ἀλλὰ,</strong></span> <span class='ocrx_word' id='word_1_248' title='bbox 2433 1967 2517 2019; x_wconf 85' lang='grc' dir='ltr'><strong>Μή</strong></span> <span class='ocrx_word' id='word_1_249' title='bbox 2576 1963 2710 2014; x_wconf 74' lang='grc' dir='ltr'><strong>οὕτω</strong></span> <span class='ocrx_word' id='word_1_250' title='bbox 2752 1968 2906 2028; x_wconf 88' lang='grc' dir='ltr'><strong>ποίει,</strong></span> <span class='ocrx_word' id='word_1_251' title='bbox 2955 1961 2993 2014; x_wconf 84' lang='grc' dir='ltr'>ὦ</span> <span class='ocrx_word' id='word_1_252' title='bbox 3039 1961 3281 2034; x_wconf 81' lang='grc' dir='ltr'><strong>βασιλεῦ,</strong></span> <span class='ocrx_word' id='word_1_253' title='bbox 3328 1965 3398 2032; x_wconf 83' lang='grc' dir='ltr'><strong>μή</strong></span> <span class='ocrx_word' id='word_1_254' title='bbox 3453 1962 3616 2021; x_wconf 76' lang='grc' dir='ltr'><strong>οὕτως</strong></span> <span class='ocrx_word' id='word_1_255' title='bbox 3673 1961 3851 2033; x_wconf 71' lang='grc' dir='ltr'><strong>ἠρέμα</strong></span> 
     </span>
    </p>
   </div>
   <div class='ocr_carea' id='block_1_37' title="bbox 482 2047 2107 2132">
    <p class='ocr_par' dir='ltr' id='par_1_37' title="bbox 482 2048 2079 2132">
     <span class='ocr_line' id='line_1_37' title="bbox 482 2048 2079 2132; baseline 0.01 -32"><span class='ocrx_word' id='word_1_256' title='bbox 482 2048 593 2114; x_wconf 83' lang='lat' dir='ltr'><strong>tor,</strong></span> <span class='ocrx_word' id='word_1_257' title='bbox 639 2062 831 2120; x_wconf 84' lang='lat' dir='ltr'><strong>neque</strong></span> <span class='ocrx_word' id='word_1_258' title='bbox 878 2056 998 2108; x_wconf 91' lang='lat' dir='ltr'><strong>tam</strong></span> <span class='ocrx_word' id='word_1_259' title='bbox 1047 2055 1301 2113; x_wconf 90' lang='lat' dir='ltr'><strong>demisse</strong></span> <span class='ocrx_word' id='word_1_260' title='bbox 1327 2065 1381 2116; x_wconf 91' lang='lat' dir='ltr'><strong>et</strong></span> <span class='ocrx_word' id='word_1_261' title='bbox 1422 2061 1665 2132; x_wconf 91' lang='lat' dir='ltr'><strong>abjecte,</strong></span> <span class='ocrx_word' id='word_1_262' title='bbox 1705 2062 2079 2117; x_wconf 85' lang='lat' dir='ltr'><strong>exclamabat</strong></span> 
     </span>
    </p>
   </div>
   <div class='ocr_carea' id='block_1_38' title="bbox 2226 2047 3851 2132">
    <p class='ocr_par' dir='ltr' id='par_1_38' title="bbox 2239 2047 3851 2124">
     <span class='ocr_line' id='line_1_38' title="bbox 2239 2047 3851 2124; baseline -0.002 -21"><span class='ocrx_word' id='word_1_263' title='bbox 2239 2056 2328 2103; x_wconf 85' lang='lat' dir='ltr'><strong>xui</strong></span> <span class='ocrx_word' id='word_1_264' title='bbox 2382 2060 2647 2115; x_wconf 76' lang='grc' dir='ltr'><strong>ταπεινῶς,</strong></span> <span class='ocrx_word' id='word_1_265' title='bbox 2704 2053 2972 2123; x_wconf 78' lang='grc' dir='ltr'><strong>ὑπεφωνει,</strong></span> <span class='ocrx_word' id='word_1_266' title='bbox 3030 2047 3168 2123; x_wconf 76' lang='grc' dir='ltr'><strong>μηδὲ</strong></span> <span class='ocrx_word' id='word_1_267' title='bbox 3225 2059 3295 2121; x_wconf 83' lang='grc' dir='ltr'><strong>τῷ</strong></span> <span class='ocrx_word' id='word_1_268' title='bbox 3369 2050 3598 2124; x_wconf 78' lang='grc' dir='ltr'><strong>ἀμέτρως</strong></span> <span class='ocrx_word' id='word_1_269' title='bbox 3655 2049 3851 2101; x_wconf 81' lang='grc' dir='ltr'><strong>ἐθέλειν</strong></span> 
     </span>
    </p>
   </div>
   <div class='ocr_carea' id='block_1_39' title="bbox 483 2139 2108 2222">
    <p class='ocr_par' dir='ltr' id='par_1_39' title="bbox 483 2139 2103 2222">
     <span class='ocr_line' id='line_1_39' title="bbox 483 2139 2103 2222; baseline 0.012 -35"><span class='ocrx_word' id='word_1_270' title='bbox 483 2149 591 2188; x_wconf 89' lang='lat' dir='ltr'><strong>nec</strong></span> <span class='ocrx_word' id='word_1_271' title='bbox 635 2151 705 2190; x_wconf 90' lang='lat' dir='ltr'><strong>eo</strong></span> <span class='ocrx_word' id='word_1_272' title='bbox 737 2139 898 2209; x_wconf 94' lang='lat' dir='ltr'><strong>quod</strong></span> <span class='ocrx_word' id='word_1_273' title='bbox 943 2148 996 2196; x_wconf 89' lang='lat' dir='ltr'><strong>te</strong></span> <span class='ocrx_word' id='word_1_274' title='bbox 1034 2144 1161 2214; x_wconf 88' lang='lat' dir='ltr'><strong>ipse</strong></span> <span class='ocrx_word' id='word_1_275' title='bbox 1203 2148 1521 2219; x_wconf 80' lang='lat' dir='ltr'><strong>immodice</strong></span> <span class='ocrx_word' id='word_1_276' title='bbox 1551 2151 1794 2220; x_wconf 90' lang='lat' dir='ltr'><strong>dejicias</strong></span> <span class='ocrx_word' id='word_1_277' title='bbox 1841 2157 1894 2206; x_wconf 90' lang='lat' dir='ltr'><strong>et</strong></span> <span class='ocrx_word' id='word_1_278' title='bbox 1938 2151 2103 2222; x_wconf 88' lang='lat' dir='ltr'><strong>depri</strong></span> 
     </span>
    </p>
   </div>
   <div class='ocr_carea' id='block_1_40' title="bbox 2226 2139 3851 2222">
    <p class='ocr_par' dir='ltr' id='par_1_40' title="bbox 2240 2139 3851 2212">
     <span class='ocr_line' id='line_1_40' title="bbox 2240 2139 3851 2212; baseline -0.002 -20"><span class='ocrx_word' id='word_1_279' title='bbox 2240 2141 2394 2192; x_wconf 73' lang='grc' dir='ltr'><strong>αὐτόν</strong></span> <span class='ocrx_word' id='word_1_280' title='bbox 2452 2148 2783 2203; x_wconf 86' lang='grc' dir='ltr'><strong>ταπεινῶσαι,</strong></span> <span class='ocrx_word' id='word_1_281' title='bbox 2847 2140 2958 2211; x_wconf 82' lang='grc' dir='ltr'><strong>ἐμοὶ</strong></span> <span class='ocrx_word' id='word_1_282' title='bbox 3039 2148 3203 2212; x_wconf 85' lang='grc' dir='ltr'><strong>κρῖμα</strong></span> <span class='ocrx_word' id='word_1_283' title='bbox 3280 2139 3599 2212; x_wconf 87' lang='grc' dir='ltr'><strong>προξενήσας</strong></span> <span class='ocrx_word' id='word_1_284' title='bbox 3676 2140 3851 2212; x_wconf 78' lang='grc' dir='ltr'><strong>ὑπερ-</strong></span> 
     </span>
    </p>
   </div>
   <div class='ocr_carea' id='block_1_41' title="bbox 481 2224 2106 2312">
    <p class='ocr_par' dir='ltr' id='par_1_41' title="bbox 481 2224 2106 2312">
     <span class='ocr_line' id='line_1_41' title="bbox 481 2224 2106 2312; baseline 0.012 -37"><span class='ocrx_word' id='word_1_285' title='bbox 481 2238 633 2288; x_wconf 90' lang='lat' dir='ltr'><strong>mas,</strong></span> <span class='ocrx_word' id='word_1_286' title='bbox 675 2224 914 2294; x_wconf 87' lang='lat' dir='ltr'><strong>efﬁcias,</strong></span> <span class='ocrx_word' id='word_1_287' title='bbox 948 2236 1009 2286; x_wconf 90' lang='lat' dir='ltr'><strong>ut</strong></span> <span class='ocrx_word' id='word_1_288' title='bbox 1039 2233 1289 2290; x_wconf 87' lang='lat' dir='ltr'><strong>damner</strong></span> <span class='ocrx_word' id='word_1_289' title='bbox 1318 2247 1687 2307; x_wconf 64' lang='lat' dir='ltr'><strong>arrogantiae.</strong></span> <span class='ocrx_word' id='word_1_290' title='bbox 1722 2240 1785 2294; x_wconf 93' lang='lat' dir='ltr'><strong>In</strong></span> <span class='ocrx_word' id='word_1_291' title='bbox 1818 2255 1939 2312; x_wconf 89' lang='lat' dir='ltr'><strong>quo</strong></span> <span class='ocrx_word' id='word_1_292' title='bbox 1969 2241 2106 2294; x_wconf 86' lang='lat' dir='ltr'><strong>enin</strong></span> 
     </span>
    </p>
   </div>
   <div class='ocr_carea' id='block_1_42' title="bbox 2229 2224 3854 2312">
    <p class='ocr_par' dir='ltr' id='par_1_42' title="bbox 2241 2227 3854 2303">
     <span class='ocr_line' id='line_1_42' title="bbox 2241 2227 3854 2303; baseline -0.002 -22"><span class='ocrx_word' id='word_1_293' title='bbox 2241 2229 2413 2299; x_wconf 76' lang='grc' dir='ltr'><strong>οψίας.</strong></span> <span class='ocrx_word' id='word_1_294' title='bbox 2475 2234 2537 2281; x_wconf 91' lang='grc' dir='ltr'><strong>Τί</strong></span> <span class='ocrx_word' id='word_1_295' title='bbox 2588 2232 2688 2303; x_wconf 77' lang='grc' dir='ltr'><strong>γὰρ</strong></span> <span class='ocrx_word' id='word_1_296' title='bbox 2746 2229 2892 2281; x_wconf 71' lang='grc' dir='ltr'><strong>πλέον</strong></span> <span class='ocrx_word' id='word_1_297' title='bbox 2939 2232 3047 2300; x_wconf 86' lang='grc' dir='ltr'><strong>ἔχω</strong></span> <span class='ocrx_word' id='word_1_298' title='bbox 3100 2228 3198 2300; x_wconf 79' lang='grc' dir='ltr'><strong>ἐγὼ</strong></span> <span class='ocrx_word' id='word_1_299' title='bbox 3254 2238 3352 2280; x_wconf 90' lang='grc' dir='ltr'><strong>τῶν</strong></span> <span class='ocrx_word' id='word_1_300' title='bbox 3409 2237 3587 2280; x_wconf 82' lang='grc' dir='ltr'><strong>κοινῶν</strong></span> <span class='ocrx_word' id='word_1_301' title='bbox 3644 2227 3854 2301; x_wconf 82' lang='grc' dir='ltr'><strong>ἀνθρώ-</strong></span> 
     </span>
    </p>
   </div>
   <div class='ocr_carea' id='block_1_43' title="bbox 483 2318 2108 2401">
    <p class='ocr_par' dir='ltr' id='par_1_43' title="bbox 483 2318 2108 2401">
     <span class='ocr_line' id='line_1_43' title="bbox 483 2318 2108 2401; baseline 0.012 -36"><span class='ocrx_word' id='word_1_302' title='bbox 483 2328 616 2401; x_wconf 89' lang='lat' dir='ltr'><strong>sum</strong></span> <span class='ocrx_word' id='word_1_303' title='bbox 665 2318 1088 2375; x_wconf 91' lang='lat' dir='ltr'><strong>communibus</strong></span> <span class='ocrx_word' id='word_1_304' title='bbox 1138 2323 1483 2381; x_wconf 80' lang='lat' dir='ltr'><strong>hominibus</strong></span> <span class='ocrx_word' id='word_1_305' title='bbox 1525 2329 1811 2401; x_wconf 89' lang='lat' dir='ltr'><strong>superior,</strong></span> <span class='ocrx_word' id='word_1_306' title='bbox 1846 2330 1948 2401; x_wconf 90' lang='lat' dir='ltr'><strong>qui</strong></span> <span class='ocrx_word' id='word_1_307' title='bbox 1997 2346 2108 2384; x_wconf 86' lang='lat' dir='ltr'><strong>sun</strong></span> 
     </span>
    </p>
   </div>
   <div class='ocr_carea' id='block_1_44' title="bbox 2231 2318 3856 2401">
    <p class='ocr_par' dir='ltr' id='par_1_44' title="bbox 2240 2318 3856 2391">
     <span class='ocr_line' id='line_1_44' title="bbox 2240 2318 3856 2391; baseline -0.002 -20"><span class='ocrx_word' id='word_1_308' title='bbox 2240 2338 2368 2383; x_wconf 86' lang='grc' dir='ltr'><strong>πων,</strong></span> <span class='ocrx_word' id='word_1_309' title='bbox 2427 2318 2752 2391; x_wconf 88' lang='grc' dir='ltr'><strong>ταλαίπωρος</strong></span> <span class='ocrx_word' id='word_1_310' title='bbox 2800 2319 2865 2369; x_wconf 85' lang='grc' dir='ltr'><strong>ὢν</strong></span> <span class='ocrx_word' id='word_1_311' title='bbox 2918 2323 3007 2370; x_wconf 80' lang='grc' dir='ltr'><strong>καὶ</strong></span> <span class='ocrx_word' id='word_1_312' title='bbox 3060 2318 3342 2390; x_wconf 75' lang='grc' dir='ltr'><strong>ἁμαρτίαις</strong></span> <span class='ocrx_word' id='word_1_313' title='bbox 3398 2319 3705 2384; x_wconf 81' lang='grc' dir='ltr'><strong>ὑπεύθυνος,</strong></span> <span class='ocrx_word' id='word_1_314' title='bbox 3759 2324 3856 2368; x_wconf 82' lang='grc' dir='ltr'><strong>καὶ</strong></span> 
     </span>
    </p>
   </div>
   <div class='ocr_carea' id='block_1_45' title="bbox 482 2400 2107 2488">
    <p class='ocr_par' dir='ltr' id='par_1_45' title="bbox 482 2400 2107 2488">
     <span class='ocr_line' id='line_1_45' title="bbox 482 2400 2107 2488; baseline 0.013 -37"><span class='ocrx_word' id='word_1_315' title='bbox 482 2400 679 2488; x_wconf 88' lang='lat' dir='ltr'><strong>miser,</strong></span> <span class='ocrx_word' id='word_1_316' title='bbox 710 2409 766 2457; x_wconf 91' lang='lat' dir='ltr'><strong>et</strong></span> <span class='ocrx_word' id='word_1_317' title='bbox 795 2409 1049 2475; x_wconf 89' lang='lat' dir='ltr'><strong>peccatis</strong></span> <span class='ocrx_word' id='word_1_318' title='bbox 1082 2411 1399 2480; x_wconf 84' lang='lat' dir='ltr'><strong>obnoxius,</strong></span> <span class='ocrx_word' id='word_1_319' title='bbox 1428 2422 1481 2471; x_wconf 89' lang='lat' dir='ltr'><strong>et</strong></span> <span class='ocrx_word' id='word_1_320' title='bbox 1503 2400 1654 2488; x_wconf 89' lang='lat' dir='ltr'><strong>opus</strong></span> <span class='ocrx_word' id='word_1_321' title='bbox 1680 2400 1884 2473; x_wconf 18' lang='lat' dir='ltr'><strong>habeo,</strong></span> <span class='ocrx_word' id='word_1_322' title='bbox 1909 2434 2107 2487; x_wconf 67' lang='lat' dir='ltr'><strong>magn:</strong></span> 
     </span>
    </p>
   </div>
   <div class='ocr_carea' id='block_1_46' title="bbox 2225 2400 3850 2488">
    <p class='ocr_par' dir='ltr' id='par_1_46' title="bbox 2242 2406 3850 2479">
     <span class='ocr_line' id='line_1_46' title="bbox 2242 2406 3850 2479; baseline -0.002 -20"><span class='ocrx_word' id='word_1_323' title='bbox 2242 2406 2434 2469; x_wconf 79' lang='grc' dir='ltr'><strong>πολλῆς</strong></span> <span class='ocrx_word' id='word_1_324' title='bbox 2485 2414 2575 2468; x_wconf 85' lang='grc' dir='ltr'><strong>τῆς</strong></span> <span class='ocrx_word' id='word_1_325' title='bbox 2646 2409 2789 2479; x_wconf 87' lang='grc' dir='ltr'><strong>παρά</strong></span> <span class='ocrx_word' id='word_1_326' title='bbox 2846 2415 3079 2478; x_wconf 81' lang='grc' dir='ltr'><strong>Χριστοῦ</strong></span> <span class='ocrx_word' id='word_1_327' title='bbox 3159 2411 3523 2479; x_wconf 80' lang='grc' dir='ltr'><strong>χρηστότητος</strong></span> <span class='ocrx_word' id='word_1_328' title='bbox 3577 2410 3664 2457; x_wconf 81' lang='grc' dir='ltr'><strong>καὶ</strong></span> <span class='ocrx_word' id='word_1_329' title='bbox 3731 2406 3850 2477; x_wconf 81' lang='grc' dir='ltr'><strong>φιλ-</strong></span> 
     </span>
    </p>
   </div>
   <div class='ocr_carea' id='block_1_47' title="bbox 483 2487 2108 2568">
    <p class='ocr_par' dir='ltr' id='par_1_47' title="bbox 483 2487 2108 2563">
     <span class='ocr_line' id='line_1_47' title="bbox 483 2487 2108 2563; baseline 0.011 -23"><span class='ocrx_word' id='word_1_330' title='bbox 483 2487 687 2545; x_wconf 87' lang='lat' dir='ltr'><strong>Christi</strong></span> <span class='ocrx_word' id='word_1_331' title='bbox 725 2491 1087 2563; x_wconf 79' lang='lat' dir='ltr'><strong>benignitate</strong></span> <span class='ocrx_word' id='word_1_332' title='bbox 1122 2508 1176 2555; x_wconf 88' lang='lat' dir='ltr'><strong>et</strong></span> <span class='ocrx_word' id='word_1_333' title='bbox 1207 2502 1519 2560; x_wconf 88' lang='lat' dir='ltr'><strong>clementia</strong></span> <span class='ocrx_word' id='word_1_334' title='bbox 1548 2487 1576 2559; x_wconf 50' lang='lat' dir='ltr'><strong>ii</strong></span> <span class='ocrx_word' id='word_1_335' title='bbox 1610 2506 2108 2561; x_wconf 69' lang='lat' dir='ltr'><strong>Verumenimverc</strong></span> 
     </span>
    </p>
   </div>
   <div class='ocr_carea' id='block_1_48' title="bbox 2224 2487 3849 2568">
    <p class='ocr_par' dir='ltr' id='par_1_48' title="bbox 2244 2494 3849 2568">
     <span class='ocr_line' id='line_1_48' title="bbox 2244 2494 3849 2568; baseline 0 -22"><span class='ocrx_word' id='word_1_336' title='bbox 2244 2497 2537 2568; x_wconf 85' lang='grc' dir='ltr'><strong>ανθρωπίκς</strong></span> <span class='ocrx_word' id='word_1_337' title='bbox 2611 2494 2862 2561; x_wconf 81' lang='grc' dir='ltr'><strong>ἐπιδεής;</strong></span> <span class='ocrx_word' id='word_1_338' title='bbox 2924 2495 3059 2553; x_wconf 81' lang='grc' dir='ltr'><strong>Πλὴν</strong></span> <span class='ocrx_word' id='word_1_339' title='bbox 3140 2494 3268 2547; x_wconf 84' lang='grc' dir='ltr'><strong>ἀλλὰ</strong></span> <span class='ocrx_word' id='word_1_340' title='bbox 3356 2500 3414 2548; x_wconf 85' lang='grc' dir='ltr'><strong>τὸ</strong></span> <span class='ocrx_word' id='word_1_341' title='bbox 3472 2497 3689 2566; x_wconf 80' lang='grc' dir='ltr'><strong>ἄφθονόν</strong></span> <span class='ocrx_word' id='word_1_342' title='bbox 3752 2514 3849 2548; x_wconf 84' lang='grc' dir='ltr'><strong>σου</strong></span> 
     </span>
    </p>
   </div>
   <div class='ocr_carea' id='block_1_49' title="bbox 485 2575 2110 2659">
    <p class='ocr_par' dir='ltr' id='par_1_49' title="bbox 485 2575 2110 2657">
     <span class='ocr_line' id='line_1_49' title="bbox 485 2575 2110 2657; baseline 0.012 -28"><span class='ocrx_word' id='word_1_343' title='bbox 485 2575 614 2631; x_wconf 77' lang='lat' dir='ltr'><strong>haec</strong></span> <span class='ocrx_word' id='word_1_344' title='bbox 654 2583 753 2634; x_wconf 91' lang='lat' dir='ltr'><strong>tua</strong></span> <span class='ocrx_word' id='word_1_345' title='bbox 782 2582 922 2638; x_wconf 88' lang='lat' dir='ltr'><strong>ﬁdei</strong></span> <span class='ocrx_word' id='word_1_346' title='bbox 962 2586 1333 2646; x_wconf 87' lang='lat' dir='ltr'><strong>abundantia</strong></span> <span class='ocrx_word' id='word_1_347' title='bbox 1372 2602 1427 2647; x_wconf 88' lang='lat' dir='ltr'><strong>et</strong></span> <span class='ocrx_word' id='word_1_348' title='bbox 1475 2594 1683 2657; x_wconf 88' lang='lat' dir='ltr'><strong>fervor,</strong></span> <span class='ocrx_word' id='word_1_349' title='bbox 1738 2598 1826 2649; x_wconf 90' lang='lat' dir='ltr'><strong>est</strong></span> <span class='ocrx_word' id='word_1_350' title='bbox 1872 2594 2048 2649; x_wconf 89' lang='lat' dir='ltr'><strong>futuri</strong></span> <span class='ocrx_word' id='word_1_351' title='bbox 2100 2610 2110 2648; x_wconf 73' lang='grc' dir='ltr'><strong>ι</strong></span> 
     </span>
    </p>
   </div>
   <div class='ocr_carea' id='block_1_50' title="bbox 2225 2575 3850 2659">
    <p class='ocr_par' dir='ltr' id='par_1_50' title="bbox 2245 2584 3850 2659">
     <span class='ocr_line' id='line_1_50' title="bbox 2245 2584 3850 2659; baseline 0 -24"><span class='ocrx_word' id='word_1_352' title='bbox 2245 2592 2396 2636; x_wconf 83' lang='grc' dir='ltr'><strong>τοῦτο</strong></span> <span class='ocrx_word' id='word_1_353' title='bbox 2470 2592 2563 2645; x_wconf 85' lang='grc' dir='ltr'><strong>τῆς</strong></span> <span class='ocrx_word' id='word_1_354' title='bbox 2611 2590 2811 2645; x_wconf 86' lang='grc' dir='ltr'><strong>πίστως</strong></span> <span class='ocrx_word' id='word_1_355' title='bbox 2858 2590 2946 2637; x_wconf 85' lang='lat' dir='ltr'><strong>xui</strong></span> <span class='ocrx_word' id='word_1_356' title='bbox 3006 2587 3187 2659; x_wconf 88' lang='grc' dir='ltr'><strong>θερμόν</strong></span> <span class='ocrx_word' id='word_1_357' title='bbox 3243 2584 3457 2656; x_wconf 79' lang='grc' dir='ltr'><strong>ἄγγελός</strong></span> <span class='ocrx_word' id='word_1_358' title='bbox 3510 2604 3593 2637; x_wconf 88' lang='grc' dir='ltr'><strong>σοι</strong></span> <span class='ocrx_word' id='word_1_359' title='bbox 3647 2589 3850 2655; x_wconf 83' lang='grc' dir='ltr'><strong>γίνεται</strong></span> 
     </span>
    </p>
   </div>
   <div class='ocr_carea' id='block_1_51' title="bbox 488 2664 2113 2755">
    <p class='ocr_par' dir='ltr' id='par_1_51' title="bbox 488 2664 2110 2755">
     <span class='ocr_line' id='line_1_51' title="bbox 488 2664 2110 2755; baseline 0.01 -35"><span class='ocrx_word' id='word_1_360' title='bbox 488 2664 714 2723; x_wconf 84' lang='lat' dir='ltr'><strong>Christo</strong></span> <span class='ocrx_word' id='word_1_361' title='bbox 747 2672 947 2726; x_wconf 84' lang='lat' dir='ltr'><strong>auxilii</strong></span> <span class='ocrx_word' id='word_1_362' title='bbox 977 2680 1173 2730; x_wconf 90' lang='lat' dir='ltr'><strong>certus</strong></span> <span class='ocrx_word' id='word_1_363' title='bbox 1202 2681 1466 2747; x_wconf 89' lang='lat' dir='ltr'><strong>nuntius,</strong></span> <span class='ocrx_word' id='word_1_364' title='bbox 1501 2684 1602 2755; x_wconf 88' lang='lat' dir='ltr'><strong>qui</strong></span> <span class='ocrx_word' id='word_1_365' title='bbox 1636 2689 1721 2737; x_wconf 92' lang='lat' dir='ltr'><strong>est</strong></span> <span class='ocrx_word' id='word_1_366' title='bbox 1752 2686 1869 2737; x_wconf 80' lang='lat' dir='ltr'><strong>Rex</strong></span> <span class='ocrx_word' id='word_1_367' title='bbox 1902 2698 2110 2752; x_wconf 88' lang='lat' dir='ltr'><strong>regum</strong></span> 
     </span>
    </p>
   </div>
   <div class='ocr_carea' id='block_1_52' title="bbox 2216 2664 3841 2755">
    <p class='ocr_par' dir='ltr' id='par_1_52' title="bbox 2248 2669 3841 2748">
     <span class='ocr_line' id='line_1_52' title="bbox 2248 2669 3841 2748; baseline -0.001 -24"><span class='ocrx_word' id='word_1_368' title='bbox 2248 2669 2484 2743; x_wconf 73' lang='grc' dir='ltr'><strong>ἀψευδὴς</strong></span> <span class='ocrx_word' id='word_1_369' title='bbox 2535 2681 2626 2734; x_wconf 85' lang='grc' dir='ltr'><strong>τῆς</strong></span> <span class='ocrx_word' id='word_1_370' title='bbox 2679 2672 2777 2725; x_wconf 83' lang='grc' dir='ltr'><strong>ἀπὸ</strong></span> <span class='ocrx_word' id='word_1_371' title='bbox 2832 2682 3066 2748; x_wconf 79' lang='grc' dir='ltr'><strong>Χριστοῦ</strong></span> <span class='ocrx_word' id='word_1_372' title='bbox 3121 2673 3384 2747; x_wconf 78' lang='grc' dir='ltr'><strong>βοηθείας,</strong></span> <span class='ocrx_word' id='word_1_373' title='bbox 3442 2683 3532 2726; x_wconf 79' lang='grc' dir='ltr'><strong>τοῦ</strong></span> <span class='ocrx_word' id='word_1_374' title='bbox 3592 2674 3841 2733; x_wconf 73' lang='grc' dir='ltr'><strong>Βασιλέως</strong></span> 
     </span>
    </p>
   </div>
   <div class='ocr_carea' id='block_1_53' title="bbox 487 2757 2112 2842">
    <p class='ocr_par' dir='ltr' id='par_1_53' title="bbox 487 2757 2112 2842">
     <span class='ocr_line' id='line_1_53' title="bbox 487 2757 2112 2842; baseline 0.013 -37"><span class='ocrx_word' id='word_1_375' title='bbox 487 2757 546 2806; x_wconf 84' lang='lat' dir='ltr'><strong>et</strong></span> <span class='ocrx_word' id='word_1_376' title='bbox 571 2761 777 2842; x_wconf 84' lang='lat' dir='ltr'><strong>potest</strong></span> <span class='ocrx_word' id='word_1_377' title='bbox 818 2762 1021 2818; x_wconf 86' lang='lat' dir='ltr'><strong>omnia</strong></span> <span class='ocrx_word' id='word_1_378' title='bbox 1059 2763 1271 2822; x_wconf 89' lang='lat' dir='ltr'><strong>facere.</strong></span> <span class='ocrx_word' id='word_1_379' title='bbox 1303 2770 1449 2825; x_wconf 90' lang='lat' dir='ltr'><strong>Cum</strong></span> <span class='ocrx_word' id='word_1_380' title='bbox 1487 2771 1614 2826; x_wconf 66' lang='lat' dir='ltr'><strong>haec</strong></span> <span class='ocrx_word' id='word_1_381' title='bbox 1654 2770 1919 2834; x_wconf 85' lang='lat' dir='ltr'><strong>dixisset,</strong></span> <span class='ocrx_word' id='word_1_382' title='bbox 1954 2770 2112 2842; x_wconf 89' lang='lat' dir='ltr'><strong>impo</strong></span> 
     </span>
    </p>
   </div>
   <div class='ocr_carea' id='block_1_54' title="bbox 2199 2757 3824 2842">
    <p class='ocr_par' dir='ltr' id='par_1_54' title="bbox 2249 2758 3824 2836">
     <span class='ocr_line' id='line_1_54' title="bbox 2249 2758 3824 2836; baseline 0.001 -22"><span class='ocrx_word' id='word_1_383' title='bbox 2249 2758 2315 2819; x_wconf 85' lang='grc' dir='ltr'><strong>δή</strong></span> <span class='ocrx_word' id='word_1_384' title='bbox 2367 2770 2464 2813; x_wconf 85' lang='grc' dir='ltr'><strong>τῶν</strong></span> <span class='ocrx_word' id='word_1_385' title='bbox 2524 2761 2904 2833; x_wconf 82' lang='grc' dir='ltr'><strong>βασιλευόντων</strong></span> <span class='ocrx_word' id='word_1_386' title='bbox 2953 2768 3042 2815; x_wconf 91' lang='lat' dir='ltr'><strong>xui</strong></span> <span class='ocrx_word' id='word_1_387' title='bbox 3100 2766 3269 2815; x_wconf 86' lang='grc' dir='ltr'><strong>πάντα</strong></span> <span class='ocrx_word' id='word_1_388' title='bbox 3318 2760 3609 2836; x_wconf 75' lang='grc' dir='ltr'><strong>δυναμένου</strong></span> <span class='ocrx_word' id='word_1_389' title='bbox 3658 2770 3824 2815; x_wconf 83' lang='grc' dir='ltr'><strong>ποιεῖν.</strong></span> 
     </span>
    </p>
   </div>
   <div class='ocr_carea' id='block_1_55' title="bbox 490 2841 2115 2931">
    <p class='ocr_par' dir='ltr' id='par_1_55' title="bbox 490 2841 2115 2931">
     <span class='ocr_line' id='line_1_55' title="bbox 490 2841 2115 2931; baseline 0.012 -37"><span class='ocrx_word' id='word_1_390' title='bbox 490 2841 611 2931; x_wconf 87' lang='lat' dir='ltr'><strong>suit</strong></span> <span class='ocrx_word' id='word_1_391' title='bbox 651 2861 894 2904; x_wconf 90' lang='lat' dir='ltr'><strong>manum</strong></span> <span class='ocrx_word' id='word_1_392' title='bbox 928 2853 1078 2921; x_wconf 86' lang='lat' dir='ltr'><strong>parti</strong></span> <span class='ocrx_word' id='word_1_393' title='bbox 1111 2854 1357 2913; x_wconf 67' lang='lat' dir='ltr'><strong>affectae.</strong></span> <span class='ocrx_word' id='word_1_394' title='bbox 1392 2862 1457 2914; x_wconf 93' lang='lat' dir='ltr'><strong>Et</strong></span> <span class='ocrx_word' id='word_1_395' title='bbox 1487 2876 1558 2915; x_wconf 89' lang='lat' dir='ltr'><strong>ea</strong></span> <span class='ocrx_word' id='word_1_396' title='bbox 1586 2861 1827 2931; x_wconf 88' lang='lat' dir='ltr'><strong>quidem</strong></span> <span class='ocrx_word' id='word_1_397' title='bbox 1861 2876 1969 2914; x_wconf 91' lang='lat' dir='ltr'><strong>suo</strong></span> <span class='ocrx_word' id='word_1_398' title='bbox 2012 2859 2115 2914; x_wconf 88' lang='lat' dir='ltr'><strong>fun</strong></span> 
     </span>
    </p>
   </div>
   <div class='ocr_carea' id='block_1_56' title="bbox 2204 2841 3829 2931">
    <p class='ocr_par' dir='ltr' id='par_1_56' title="bbox 2248 2851 3829 2927">
     <span class='ocr_line' id='line_1_56' title="bbox 2248 2851 3829 2927; baseline -0.001 -24"><span class='ocrx_word' id='word_1_399' title='bbox 2248 2852 2426 2912; x_wconf 84' lang='grc' dir='ltr'><strong>Ούτως</strong></span> <span class='ocrx_word' id='word_1_400' title='bbox 2484 2851 2654 2917; x_wconf 82' lang='grc' dir='ltr'><strong>εἰπὼν,</strong></span> <span class='ocrx_word' id='word_1_401' title='bbox 2715 2861 2875 2927; x_wconf 86' lang='grc' dir='ltr'><strong>χεῖρα</strong></span> <span class='ocrx_word' id='word_1_402' title='bbox 2926 2852 3145 2905; x_wconf 76' lang='grc' dir='ltr'><strong>ἐπετίθει</strong></span> <span class='ocrx_word' id='word_1_403' title='bbox 3203 2861 3273 2923; x_wconf 81' lang='grc' dir='ltr'><strong>τῷ</strong></span> <span class='ocrx_word' id='word_1_404' title='bbox 3342 2856 3612 2924; x_wconf 84' lang='grc' dir='ltr'><strong>πάσχοντι</strong></span> <span class='ocrx_word' id='word_1_405' title='bbox 3662 2856 3829 2923; x_wconf 73' lang='grc' dir='ltr'><strong>μέρει·</strong></span> 
     </span>
    </p>
   </div>
   <div class='ocr_carea' id='block_1_57' title="bbox 490 2930 2115 3019">
    <p class='ocr_par' dir='ltr' id='par_1_57' title="bbox 490 2930 2115 3019">
     <span class='ocr_line' id='line_1_57' title="bbox 490 2930 2115 3019; baseline 0.01 -36"><span class='ocrx_word' id='word_1_406' title='bbox 490 2930 734 2999; x_wconf 91' lang='lat' dir='ltr'><strong>gebatur</strong></span> <span class='ocrx_word' id='word_1_407' title='bbox 750 2935 966 2994; x_wconf 87' lang='lat' dir='ltr'><strong>ofﬁcio.</strong></span> <span class='ocrx_word' id='word_1_408' title='bbox 994 2941 1123 3011; x_wconf 90' lang='lat' dir='ltr'><strong>Ipse</strong></span> <span class='ocrx_word' id='word_1_409' title='bbox 1146 2952 1343 3001; x_wconf 85' lang='lat' dir='ltr'><strong>autem</strong></span> <span class='ocrx_word' id='word_1_410' title='bbox 1366 2950 1539 3019; x_wconf 85' lang='lat' dir='ltr'><strong>copia</strong></span> <span class='ocrx_word' id='word_1_411' title='bbox 1559 2930 1909 3004; x_wconf 84' lang='lat' dir='ltr'><strong>humilitatis</strong></span> <span class='ocrx_word' id='word_1_412' title='bbox 1936 2949 2115 3004; x_wconf 79' lang='lat' dir='ltr'><strong>volen:</strong></span> 
     </span>
    </p>
   </div>
   <div class='ocr_carea' id='block_1_58' title="bbox 2223 2930 3848 3019">
    <p class='ocr_par' dir='ltr' id='par_1_58' title="bbox 2247 2938 3848 3015">
     <span class='ocr_line' id='line_1_58' title="bbox 2247 2938 3848 3015; baseline 0.001 -25"><span class='ocrx_word' id='word_1_413' title='bbox 2247 2944 2335 2991; x_wconf 85' lang='lat' dir='ltr'><strong>xui</strong></span> <span class='ocrx_word' id='word_1_414' title='bbox 2390 2943 2419 2997; x_wconf 83' lang='grc' dir='ltr'>ἡ</span> <span class='ocrx_word' id='word_1_415' title='bbox 2476 2945 2564 3012; x_wconf 70' lang='grc' dir='ltr'><strong>μὲν</strong></span> <span class='ocrx_word' id='word_1_416' title='bbox 2617 2940 2818 3015; x_wconf 75' lang='grc' dir='ltr'><strong>ἐνήργει</strong></span> <span class='ocrx_word' id='word_1_417' title='bbox 2870 2944 2932 2994; x_wconf 83' lang='grc' dir='ltr'><strong>τὰ</strong></span> <span class='ocrx_word' id='word_1_418' title='bbox 2982 2942 3260 3002; x_wconf 81' lang='grc' dir='ltr'><strong>ἑαυτῆς·ὀ</strong></span> <span class='ocrx_word' id='word_1_419' title='bbox 3321 2938 3381 2994; x_wconf 74' lang='grc' dir='ltr'><strong>δὲ</strong></span> <span class='ocrx_word' id='word_1_420' title='bbox 3441 2945 3683 3015; x_wconf 81' lang='grc' dir='ltr'><strong>κρύπτειν</strong></span> <span class='ocrx_word' id='word_1_421' title='bbox 3740 2940 3848 2992; x_wconf 75' lang='grc' dir='ltr'><strong>ἐθέ-</strong></span> 
     </span>
    </p>
   </div>
   <div class='ocr_carea' id='block_1_59' title="bbox 489 3019 2114 3111">
    <p class='ocr_par' dir='ltr' id='par_1_59' title="bbox 489 3019 2113 3109">
     <span class='ocr_line' id='line_1_59' title="bbox 489 3019 2113 3109; baseline 0.012 -37"><span class='ocrx_word' id='word_1_422' title='bbox 489 3019 682 3076; x_wconf 88' lang='lat' dir='ltr'><strong>celare</strong></span> <span class='ocrx_word' id='word_1_423' title='bbox 736 3025 1162 3087; x_wconf 84' lang='lat' dir='ltr'><strong>abundantiam</strong></span> <span class='ocrx_word' id='word_1_424' title='bbox 1223 3038 1444 3103; x_wconf 66' lang='lat' dir='ltr'><strong>gratiae,</strong></span> <span class='ocrx_word' id='word_1_425' title='bbox 1506 3038 1871 3109; x_wconf 85' lang='lat' dir='ltr'><strong>quibusdam</strong></span> <span class='ocrx_word' id='word_1_426' title='bbox 1935 3038 2113 3092; x_wconf 90' lang='lat' dir='ltr'><strong>rebus</strong></span> 
     </span>
    </p>
   </div>
   <div class='ocr_carea' id='block_1_60' title="bbox 2220 3019 3845 3111">
    <p class='ocr_par' dir='ltr' id='par_1_60' title="bbox 2247 3027 3845 3104">
     <span class='ocr_line' id='line_1_60' title="bbox 2247 3027 3845 3104; baseline 0.001 -26"><span class='ocrx_word' id='word_1_427' title='bbox 2247 3027 2343 3079; x_wconf 87' lang='grc' dir='ltr'><strong>λων</strong></span> <span class='ocrx_word' id='word_1_428' title='bbox 2394 3033 2861 3103; x_wconf 76' lang='grc' dir='ltr'><strong>ταπεινοφροσύνης</strong></span> <span class='ocrx_word' id='word_1_429' title='bbox 2939 3035 3216 3103; x_wconf 84' lang='grc' dir='ltr'><strong>περιουσίᾳ</strong></span> <span class='ocrx_word' id='word_1_430' title='bbox 3280 3034 3497 3104; x_wconf 87' lang='grc' dir='ltr'><strong>χάριτος</strong></span> <span class='ocrx_word' id='word_1_431' title='bbox 3577 3029 3845 3100; x_wconf 80' lang='grc' dir='ltr'><strong>ἀφθονίαν,</strong></span> 
     </span>
    </p>
   </div>
   <div class='ocr_carea' id='block_1_61' title="bbox 489 3115 2114 3198">
    <p class='ocr_par' dir='ltr' id='par_1_61' title="bbox 489 3115 2114 3198">
     <span class='ocr_line' id='line_1_61' title="bbox 489 3115 2114 3198; baseline 0.012 -36"><span class='ocrx_word' id='word_1_432' title='bbox 489 3123 645 3180; x_wconf 90' lang='lat' dir='ltr'><strong>quas</strong></span> <span class='ocrx_word' id='word_1_433' title='bbox 685 3116 832 3181; x_wconf 87' lang='lat' dir='ltr'><strong>parti</strong></span> <span class='ocrx_word' id='word_1_434' title='bbox 867 3115 1154 3175; x_wconf 86' lang='lat' dir='ltr'><strong>laboranti</strong></span> <span class='ocrx_word' id='word_1_435' title='bbox 1188 3139 1259 3177; x_wconf 91' lang='lat' dir='ltr'><strong>ex</strong></span> <span class='ocrx_word' id='word_1_436' title='bbox 1291 3131 1411 3179; x_wconf 90' lang='lat' dir='ltr'><strong>arte</strong></span> <span class='ocrx_word' id='word_1_437' title='bbox 1442 3125 1746 3198; x_wconf 82' lang='lat' dir='ltr'><strong>imposutt,</strong></span> <span class='ocrx_word' id='word_1_438' title='bbox 1779 3129 2114 3182; x_wconf 88' lang='lat' dir='ltr'><strong>curationen</strong></span> 
     </span>
    </p>
   </div>
   <div class='ocr_carea' id='block_1_62' title="bbox 2231 3115 3856 3198">
    <p class='ocr_par' dir='ltr' id='par_1_62' title="bbox 2251 3116 3856 3191">
     <span class='ocr_line' id='line_1_62' title="bbox 2251 3116 3856 3191; baseline 0.002 -24"><span class='ocrx_word' id='word_1_439' title='bbox 2251 3116 2526 3188; x_wconf 82' lang='grc' dir='ltr'><strong>ἐπιθέμασί</strong></span> <span class='ocrx_word' id='word_1_440' title='bbox 2574 3138 2684 3170; x_wconf 87' lang='grc' dir='ltr'><strong>τισι</strong></span> <span class='ocrx_word' id='word_1_441' title='bbox 2728 3126 2831 3179; x_wconf 87' lang='grc' dir='ltr'><strong>τοῖς</strong></span> <span class='ocrx_word' id='word_1_442' title='bbox 2875 3118 2928 3169; x_wconf 82' lang='grc' dir='ltr'><strong>ἐκ</strong></span> <span class='ocrx_word' id='word_1_443' title='bbox 2976 3124 3187 3191; x_wconf 80' lang='grc' dir='ltr'><strong>τέχνης,</strong></span> <span class='ocrx_word' id='word_1_444' title='bbox 3221 3120 3254 3171; x_wconf 83' lang='grc' dir='ltr'><em>ἃ</em></span> <span class='ocrx_word' id='word_1_445' title='bbox 3297 3128 3369 3189; x_wconf 82' lang='grc' dir='ltr'><strong>τῷ</strong></span> <span class='ocrx_word' id='word_1_446' title='bbox 3414 3119 3656 3191; x_wconf 73' lang='grc' dir='ltr'><strong>ἀλγοῦντι</strong></span> <span class='ocrx_word' id='word_1_447' title='bbox 3710 3123 3856 3190; x_wconf 79' lang='grc' dir='ltr'><strong>μέρει</strong></span> 
     </span>
    </p>
   </div>
   <div class='ocr_carea' id='block_1_63' title="bbox 492 3199 2117 3288">
    <p class='ocr_par' dir='ltr' id='par_1_63' title="bbox 492 3199 2117 3288">
     <span class='ocr_line' id='line_1_63' title="bbox 492 3199 2117 3288; baseline 0.01 -37"><span class='ocrx_word' id='word_1_448' title='bbox 492 3199 822 3288; x_wconf 83' lang='lat' dir='ltr'><strong>conabatur</strong></span> <span class='ocrx_word' id='word_1_449' title='bbox 867 3208 1183 3266; x_wconf 90' lang='lat' dir='ltr'><strong>ascribere.</strong></span> <span class='ocrx_word' id='word_1_450' title='bbox 1217 3213 1327 3268; x_wconf 92' lang='lat' dir='ltr'><strong>Sed</strong></span> <span class='ocrx_word' id='word_1_451' title='bbox 1362 3215 1746 3281; x_wconf 87' lang='lat' dir='ltr'><strong>medicinam,</strong></span> <span class='ocrx_word' id='word_1_452' title='bbox 1774 3233 1909 3288; x_wconf 67' lang='lat' dir='ltr'><strong>quae</strong></span> <span class='ocrx_word' id='word_1_453' title='bbox 1949 3216 2117 3287; x_wconf 37' lang='lat' dir='ltr'><strong>appli‘</strong></span> 
     </span>
    </p>
   </div>
   <div class='ocr_carea' id='block_1_64' title="bbox 2228 3199 3853 3288">
    <p class='ocr_par' dir='ltr' id='par_1_64' title="bbox 2251 3204 3853 3281">
     <span class='ocr_line' id='line_1_64' title="bbox 2251 3204 3853 3281; baseline 0.004 -26"><span class='ocrx_word' id='word_1_454' title='bbox 2251 3204 2534 3263; x_wconf 84' lang='grc' dir='ltr'><strong>ἐπέϐαλλεν,</strong></span> <span class='ocrx_word' id='word_1_455' title='bbox 2618 3206 2915 3280; x_wconf 73' lang='grc' dir='ltr'><strong>ἐπιγράφειν</strong></span> <span class='ocrx_word' id='word_1_456' title='bbox 2991 3207 3224 3281; x_wconf 86' lang='grc' dir='ltr'><strong>ἐπειρᾶτο</strong></span> <span class='ocrx_word' id='word_1_457' title='bbox 3302 3212 3393 3267; x_wconf 87' lang='grc' dir='ltr'><strong>τήν</strong></span> <span class='ocrx_word' id='word_1_458' title='bbox 3470 3212 3634 3263; x_wconf 82' lang='grc' dir='ltr'><strong>ἴασιν.</strong></span> <span class='ocrx_word' id='word_1_459' title='bbox 3714 3209 3853 3261; x_wconf 79' lang='grc' dir='ltr'><strong>Ἀλλ’</strong></span> 
     </span>
    </p>
   </div>
   <div class='ocr_carea' id='block_1_65' title="bbox 491 3286 2116 3371">
    <p class='ocr_par' dir='ltr' id='par_1_65' title="bbox 491 3286 2116 3371">
     <span class='ocr_line' id='line_1_65' title="bbox 491 3286 2116 3371; baseline 0.01 -30"><span class='ocrx_word' id='word_1_460' title='bbox 491 3286 753 3356; x_wconf 88' lang='lat' dir='ltr'><strong>cabatur,</strong></span> <span class='ocrx_word' id='word_1_461' title='bbox 815 3295 1106 3364; x_wconf 86' lang='lat' dir='ltr'><strong>vincebat,</strong></span> <span class='ocrx_word' id='word_1_462' title='bbox 1178 3318 1307 3371; x_wconf 64' lang='lat' dir='ltr'><strong>quae</strong></span> <span class='ocrx_word' id='word_1_463' title='bbox 1360 3303 1694 3367; x_wconf 89' lang='lat' dir='ltr'><strong>celabatur,</strong></span> <span class='ocrx_word' id='word_1_464' title='bbox 1765 3286 2043 3362; x_wconf 57' lang='lat' dir='ltr'><strong>veritasr</strong></span> <span class='ocrx_word' id='word_1_465' title='bbox 2086 3320 2116 3358; x_wconf 92' lang='lat' dir='ltr'><strong>e</strong></span> 
     </span>
    </p>
   </div>
   <div class='ocr_carea' id='block_1_66' title="bbox 2233 3286 3858 3371">
    <p class='ocr_par' dir='ltr' id='par_1_66' title="bbox 2252 3292 3858 3371">
     <span class='ocr_line' id='line_1_66' title="bbox 2252 3292 3858 3371; baseline 0.005 -28"><span class='ocrx_word' id='word_1_466' title='bbox 2252 3292 2392 3344; x_wconf 79' lang='grc' dir='ltr'><strong>ἐνίκα</strong></span> <span class='ocrx_word' id='word_1_467' title='bbox 2447 3293 2882 3366; x_wconf 85' lang='grc' dir='ltr'><strong>ἐπιπλαττομένην</strong></span> <span class='ocrx_word' id='word_1_468' title='bbox 2932 3297 3065 3349; x_wconf 71' lang='grc' dir='ltr'><strong>οὕτω</strong></span> <span class='ocrx_word' id='word_1_469' title='bbox 3121 3300 3390 3371; x_wconf 83' lang='grc' dir='ltr'><strong>θεραπείαν</strong></span> <span class='ocrx_word' id='word_1_470' title='bbox 3442 3300 3471 3357; x_wconf 82' lang='grc' dir='ltr'>ἡ</span> <span class='ocrx_word' id='word_1_471' title='bbox 3526 3301 3858 3370; x_wconf 77' lang='grc' dir='ltr'><strong>ύποκρυπτο-</strong></span> 
     </span>
    </p>
   </div>
   <div class='ocr_carea' id='block_1_67' title="bbox 492 3376 2117 3459">
    <p class='ocr_par' dir='ltr' id='par_1_67' title="bbox 492 3376 2116 3457">
     <span class='ocr_line' id='line_1_67' title="bbox 492 3376 2116 3457; baseline 0.01 -28"><span class='ocrx_word' id='word_1_472' title='bbox 492 3376 593 3446; x_wconf 91' lang='lat' dir='ltr'><strong>qui</strong></span> <span class='ocrx_word' id='word_1_473' title='bbox 651 3379 710 3433; x_wconf 90' lang='lat' dir='ltr'><strong>in</strong></span> <span class='ocrx_word' id='word_1_474' title='bbox 759 3381 887 3437; x_wconf 88' lang='lat' dir='ltr'><strong>aliis</strong></span> <span class='ocrx_word' id='word_1_475' title='bbox 936 3384 1122 3443; x_wconf 89' lang='lat' dir='ltr'><strong>fuerat</strong></span> <span class='ocrx_word' id='word_1_476' title='bbox 1170 3391 1444 3457; x_wconf 80' lang='lat' dir='ltr'><strong>cognitus</strong></span> <span class='ocrx_word' id='word_1_477' title='bbox 1491 3409 1689 3447; x_wconf 89' lang='lat' dir='ltr'><strong>rerum</strong></span> <span class='ocrx_word' id='word_1_478' title='bbox 1741 3392 1979 3448; x_wconf 76' lang='lat' dir='ltr'><strong>etfector</strong></span> <span class='ocrx_word' id='word_1_479' title='bbox 2040 3393 2116 3446; x_wconf 89' lang='lat' dir='ltr'><strong>mi</strong></span> 
     </span>
    </p>
   </div>
   <div class='ocr_carea' id='block_1_68' title="bbox 2231 3376 3856 3459">
    <p class='ocr_par' dir='ltr' id='par_1_68' title="bbox 2250 3381 3856 3459">
     <span class='ocr_line' id='line_1_68' title="bbox 2250 3381 3856 3459; baseline 0.004 -27"><span class='ocrx_word' id='word_1_480' title='bbox 2250 3385 2372 3451; x_wconf 87' lang='grc' dir='ltr'><strong>μένη</strong></span> <span class='ocrx_word' id='word_1_481' title='bbox 2426 3381 2658 3449; x_wconf 86' lang='grc' dir='ltr'><strong>ἀλήθεια,</strong></span> <span class='ocrx_word' id='word_1_482' title='bbox 2711 3388 2797 3435; x_wconf 87' lang='grc' dir='ltr'><strong>καὶ</strong></span> <span class='ocrx_word' id='word_1_483' title='bbox 2845 3386 2869 3435; x_wconf 89' lang='grc' dir='ltr'><strong>ό</strong></span> <span class='ocrx_word' id='word_1_484' title='bbox 2919 3384 2965 3436; x_wconf 85' lang='grc' dir='ltr'><strong>ἐν</strong></span> <span class='ocrx_word' id='word_1_485' title='bbox 3014 3386 3217 3449; x_wconf 85' lang='grc' dir='ltr'><strong>πολλοῖς</strong></span> <span class='ocrx_word' id='word_1_486' title='bbox 3266 3392 3353 3439; x_wconf 87' lang='grc' dir='ltr'><strong>καὶ</strong></span> <span class='ocrx_word' id='word_1_487' title='bbox 3403 3387 3570 3447; x_wconf 74' lang='grc' dir='ltr'><strong>ἄλλοῐς</strong></span> <span class='ocrx_word' id='word_1_488' title='bbox 3622 3390 3856 3459; x_wconf 85' lang='grc' dir='ltr'><strong>θαυματ-</strong></span> 
     </span>
    </p>
   </div>
   <div class='ocr_carea' id='block_1_69' title="bbox 491 3463 2116 3551">
    <p class='ocr_par' dir='ltr' id='par_1_69' title="bbox 491 3463 2116 3551">
     <span class='ocr_line' id='line_1_69' title="bbox 491 3463 2116 3551; baseline 0.01 -34"><span class='ocrx_word' id='word_1_489' title='bbox 491 3463 792 3534; x_wconf 89' lang='lat' dir='ltr'><strong>rabilium,</strong></span> <span class='ocrx_word' id='word_1_490' title='bbox 859 3471 917 3527; x_wconf 94' lang='lat' dir='ltr'><strong>in</strong></span> <span class='ocrx_word' id='word_1_491' title='bbox 972 3475 1095 3531; x_wconf 77' lang='lat' dir='ltr'><strong>haec</strong></span> <span class='ocrx_word' id='word_1_492' title='bbox 1161 3494 1402 3551; x_wconf 90' lang='lat' dir='ltr'><strong>quoque</strong></span> <span class='ocrx_word' id='word_1_493' title='bbox 1459 3480 1567 3535; x_wconf 85' lang='lat' dir='ltr'><strong>fuit</strong></span> <span class='ocrx_word' id='word_1_494' title='bbox 1617 3481 1884 3549; x_wconf 91' lang='lat' dir='ltr'><strong>cognitus</strong></span> <span class='ocrx_word' id='word_1_495' title='bbox 1934 3481 2116 3537; x_wconf 62' lang='lat' dir='ltr'><strong>feciss:</strong></span> 
     </span>
    </p>
   </div>
   <div class='ocr_carea' id='block_1_70' title="bbox 2231 3463 3856 3551">
    <p class='ocr_par' dir='ltr' id='par_1_70' title="bbox 2250 3473 3856 3549">
     <span class='ocr_line' id='line_1_70' title="bbox 2250 3473 3856 3549; baseline 0.005 -28"><span class='ocrx_word' id='word_1_496' title='bbox 2250 3476 2439 3545; x_wconf 90' lang='grc' dir='ltr'><strong>ουργός</strong></span> <span class='ocrx_word' id='word_1_497' title='bbox 2515 3476 2821 3545; x_wconf 79' lang='grc' dir='ltr'><strong>γνωρισθεὶς</strong></span> <span class='ocrx_word' id='word_1_498' title='bbox 2900 3474 2993 3525; x_wconf 74' lang='grc' dir='ltr'><strong>κᾶν</strong></span> <span class='ocrx_word' id='word_1_499' title='bbox 3051 3479 3214 3547; x_wconf 81' lang='grc' dir='ltr'><strong>τούτῳ</strong></span> <span class='ocrx_word' id='word_1_500' title='bbox 3292 3473 3359 3534; x_wconf 79' lang='grc' dir='ltr'><strong>δὴ</strong></span> <span class='ocrx_word' id='word_1_501' title='bbox 3445 3478 3856 3549; x_wconf 80' lang='grc' dir='ltr'><strong>θαυματουργῶν</strong></span> 
     </span>
    </p>
   </div>
   <div class='ocr_carea' id='block_1_71' title="bbox 494 3553 2119 3641">
    <p class='ocr_par' dir='ltr' id='par_1_71' title="bbox 494 3553 2115 3641">
     <span class='ocr_line' id='line_1_71' title="bbox 494 3553 2115 3641; baseline 0.013 -36"><span class='ocrx_word' id='word_1_502' title='bbox 494 3553 868 3641; x_wconf 81' lang='lat' dir='ltr'><strong>miraculum.</strong></span> <span class='ocrx_word' id='word_1_503' title='bbox 915 3564 1038 3618; x_wconf 88' lang='lat' dir='ltr'><strong>Non</strong></span> <span class='ocrx_word' id='word_1_504' title='bbox 1070 3567 1232 3621; x_wconf 91' lang='lat' dir='ltr'><strong>multi</strong></span> <span class='ocrx_word' id='word_1_505' title='bbox 1263 3568 1420 3623; x_wconf 91' lang='lat' dir='ltr'><strong>enim</strong></span> <span class='ocrx_word' id='word_1_506' title='bbox 1462 3569 1588 3623; x_wconf 91' lang='lat' dir='ltr'><strong>dies</strong></span> <span class='ocrx_word' id='word_1_507' title='bbox 1626 3571 2053 3641; x_wconf 72' lang='lat' dir='ltr'><strong>praeterierunt,</strong></span> <span class='ocrx_word' id='word_1_508' title='bbox 2084 3587 2115 3626; x_wconf 92' lang='lat' dir='ltr'>e</span> 
     </span>
    </p>
   </div>
   <div class='ocr_carea' id='block_1_72' title="bbox 2230 3553 3855 3641">
    <p class='ocr_par' dir='ltr' id='par_1_72' title="bbox 2249 3557 3855 3639">
     <span class='ocr_line' id='line_1_72' title="bbox 2249 3557 3855 3639; baseline 0.006 -30"><span class='ocrx_word' id='word_1_509' title='bbox 2249 3557 2575 3633; x_wconf 79' lang='grc' dir='ltr'><strong>έγνωρίζετο.</strong></span> <span class='ocrx_word' id='word_1_510' title='bbox 2611 3563 2683 3613; x_wconf 76' lang='grc' dir='ltr'><strong>Οὐ</strong></span> <span class='ocrx_word' id='word_1_511' title='bbox 2734 3563 2917 3615; x_wconf 84' lang='grc' dir='ltr'><strong>πολλαὶ</strong></span> <span class='ocrx_word' id='word_1_512' title='bbox 2959 3565 3220 3636; x_wconf 85' lang='grc' dir='ltr'><strong>παρῆλθον</strong></span> <span class='ocrx_word' id='word_1_513' title='bbox 3252 3568 3442 3638; x_wconf 77' lang='grc' dir='ltr'><strong>ἡμέραι</strong></span> <span class='ocrx_word' id='word_1_514' title='bbox 3494 3572 3578 3617; x_wconf 88' lang='lat' dir='ltr'><strong>xui</strong></span> <span class='ocrx_word' id='word_1_515' title='bbox 3623 3568 3647 3617; x_wconf 83' lang='grc' dir='ltr'>ὁ</span> <span class='ocrx_word' id='word_1_516' title='bbox 3701 3566 3855 3639; x_wconf 85' lang='grc' dir='ltr'><strong>βασι-</strong></span> 
     </span>
    </p>
   </div>
   <div class='ocr_carea' id='block_1_73' title="bbox 494 3638 2119 3729">
    <p class='ocr_par' dir='ltr' id='par_1_73' title="bbox 494 3638 2114 3729">
     <span class='ocr_line' id='line_1_73' title="bbox 494 3638 2114 3729; baseline 0.012 -36"><span class='ocrx_word' id='word_1_517' title='bbox 494 3638 821 3729; x_wconf 77' lang='lat' dir='ltr'><strong>imperator</strong></span> <span class='ocrx_word' id='word_1_518' title='bbox 870 3648 977 3703; x_wconf 88' lang='lat' dir='ltr'><strong>fuit</strong></span> <span class='ocrx_word' id='word_1_519' title='bbox 1012 3655 1258 3709; x_wconf 90' lang='lat' dir='ltr'><strong>omnino</strong></span> <span class='ocrx_word' id='word_1_520' title='bbox 1288 3655 1569 3712; x_wconf 87' lang='lat' dir='ltr'><strong>liberatus</strong></span> <span class='ocrx_word' id='word_1_521' title='bbox 1609 3638 1643 3711; x_wconf 75' lang='lat' dir='ltr'><strong>a</strong></span> <span class='ocrx_word' id='word_1_522' title='bbox 1684 3660 1915 3723; x_wconf 91' lang='lat' dir='ltr'><strong>morbo,</strong></span> <span class='ocrx_word' id='word_1_523' title='bbox 1958 3665 2011 3714; x_wconf 90' lang='lat' dir='ltr'><strong>et</strong></span> <span class='ocrx_word' id='word_1_524' title='bbox 2052 3675 2114 3713; x_wconf 91' lang='lat' dir='ltr'><strong>es</strong></span> 
     </span>
    </p>
   </div>
   <div class='ocr_carea' id='block_1_74' title="bbox 2213 3638 3838 3729">
    <p class='ocr_par' dir='ltr' id='par_1_74' title="bbox 2246 3651 3838 3729">
     <span class='ocr_line' id='line_1_74' title="bbox 2246 3651 3838 3729; baseline 0.004 -29"><span class='ocrx_word' id='word_1_525' title='bbox 2246 3653 2361 3711; x_wconf 81' lang='grc' dir='ltr'><strong>λεὺς</strong></span> <span class='ocrx_word' id='word_1_526' title='bbox 2414 3651 2539 3712; x_wconf 83' lang='grc' dir='ltr'><strong>ὅλως</strong></span> <span class='ocrx_word' id='word_1_527' title='bbox 2592 3651 2862 3723; x_wconf 79' lang='grc' dir='ltr'><strong>ἀπηλλάγη</strong></span> <span class='ocrx_word' id='word_1_528' title='bbox 2920 3661 3009 3705; x_wconf 74' lang='grc' dir='ltr'><strong>τοῦ</strong></span> <span class='ocrx_word' id='word_1_529' title='bbox 3079 3656 3277 3716; x_wconf 83' lang='grc' dir='ltr'><strong>πάθους</strong></span> <span class='ocrx_word' id='word_1_530' title='bbox 3326 3661 3415 3707; x_wconf 88' lang='lat' dir='ltr'><strong>xui</strong></span> <span class='ocrx_word' id='word_1_531' title='bbox 3466 3658 3701 3729; x_wconf 80' lang='grc' dir='ltr'><strong>καθαρᾶς</strong></span> <span class='ocrx_word' id='word_1_532' title='bbox 3756 3657 3838 3707; x_wconf 78' lang='grc' dir='ltr'><strong>ἀπ-</strong></span> 
     </span>
    </p>
   </div>
   <div class='ocr_carea' id='block_1_75' title="bbox 492 3725 2117 3818">
    <p class='ocr_par' dir='ltr' id='par_1_75' title="bbox 492 3725 2113 3818">
     <span class='ocr_line' id='line_1_75' title="bbox 492 3725 2113 3818; baseline 0.013 -38"><span class='ocrx_word' id='word_1_533' title='bbox 492 3725 775 3818; x_wconf 84' lang='lat' dir='ltr'><strong>integram</strong></span> <span class='ocrx_word' id='word_1_534' title='bbox 820 3746 1115 3793; x_wconf 83' lang='lat' dir='ltr'><strong>assecutus</strong></span> <span class='ocrx_word' id='word_1_535' title='bbox 1152 3743 1486 3805; x_wconf 87' lang='lat' dir='ltr'><strong>sanitatem,</strong></span> <span class='ocrx_word' id='word_1_536' title='bbox 1511 3744 1885 3816; x_wconf 85' lang='lat' dir='ltr'><strong>repletusque</strong></span> <span class='ocrx_word' id='word_1_537' title='bbox 1933 3750 2025 3800; x_wconf 87' lang='lat' dir='ltr'><strong>est</strong></span> <span class='ocrx_word' id='word_1_538' title='bbox 2044 3746 2113 3801; x_wconf 69' lang='lat' dir='ltr'><strong>lea</strong></span> 
     </span>
    </p>
   </div>
   <div class='ocr_carea' id='block_1_76' title="bbox 2231 3725 3856 3818">
    <p class='ocr_par' dir='ltr' id='par_1_76' title="bbox 2249 3740 3856 3818">
     <span class='ocr_line' id='line_1_76' title="bbox 2249 3740 3856 3818; baseline 0.004 -27"><span class='ocrx_word' id='word_1_539' title='bbox 2249 3740 2457 3792; x_wconf 79' lang='grc' dir='ltr'><strong>έλαυσεν</strong></span> <span class='ocrx_word' id='word_1_540' title='bbox 2502 3743 2737 3812; x_wconf 81' lang='grc' dir='ltr'><strong>ὑγιείαις,</strong></span> <span class='ocrx_word' id='word_1_541' title='bbox 2772 3742 2974 3815; x_wconf 82' lang='grc' dir='ltr'><strong>πλήρης</strong></span> <span class='ocrx_word' id='word_1_542' title='bbox 3015 3762 3068 3794; x_wconf 84' lang='grc' dir='ltr'><strong>τε</strong></span> <span class='ocrx_word' id='word_1_543' title='bbox 3117 3741 3176 3800; x_wconf 76' lang='grc' dir='ltr'><strong>ἦν</strong></span> <span class='ocrx_word' id='word_1_544' title='bbox 3224 3744 3543 3818; x_wconf 66' lang='grc' dir='ltr'><strong>εὐφροσύνης</strong></span> <span class='ocrx_word' id='word_1_545' title='bbox 3590 3751 3681 3797; x_wconf 82' lang='grc' dir='ltr'><strong>καὶ</strong></span> <span class='ocrx_word' id='word_1_546' title='bbox 3733 3749 3856 3797; x_wconf 88' lang='grc' dir='ltr'><strong>θαύ-</strong></span> 
     </span>
    </p>
   </div>
   <div class='ocr_carea' id='block_1_77' title="bbox 496 3815 2121 3908">
    <p class='ocr_par' dir='ltr' id='par_1_77' title="bbox 496 3815 2118 3905">
     <span class='ocr_line' id='line_1_77' title="bbox 496 3815 2118 3905; baseline 0.013 -37"><span class='ocrx_word' id='word_1_547' title='bbox 496 3815 619 3870; x_wconf 89' lang='lat' dir='ltr'><strong>titia</strong></span> <span class='ocrx_word' id='word_1_548' title='bbox 644 3825 700 3872; x_wconf 90' lang='lat' dir='ltr'><strong>et</strong></span> <span class='ocrx_word' id='word_1_549' title='bbox 745 3822 1161 3896; x_wconf 88' lang='lat' dir='ltr'><strong>admiratione,</strong></span> <span class='ocrx_word' id='word_1_550' title='bbox 1190 3827 1291 3883; x_wconf 89' lang='lat' dir='ltr'><strong>illa</strong></span> <span class='ocrx_word' id='word_1_551' title='bbox 1316 3829 1560 3900; x_wconf 91' lang='lat' dir='ltr'><strong>quidem</strong></span> <span class='ocrx_word' id='word_1_552' title='bbox 1613 3815 1853 3903; x_wconf 84' lang='lat' dir='ltr'><strong>propter</strong></span> <span class='ocrx_word' id='word_1_553' title='bbox 1900 3849 2118 3905; x_wconf 89' lang='lat' dir='ltr'><strong>recupe</strong></span> 
     </span>
    </p>
   </div>
   <div class='ocr_carea' id='block_1_78' title="bbox 2233 3815 3858 3908">
    <p class='ocr_par' dir='ltr' id='par_1_78' title="bbox 2251 3828 3858 3908">
     <span class='ocr_line' id='line_1_78' title="bbox 2251 3828 3858 3908; baseline 0.004 -29"><span class='ocrx_word' id='word_1_554' title='bbox 2251 3848 2431 3900; x_wconf 89' lang='grc' dir='ltr'><strong>ματος,</strong></span> <span class='ocrx_word' id='word_1_555' title='bbox 2466 3838 2559 3890; x_wconf 85' lang='grc' dir='ltr'><strong>τῆς</strong></span> <span class='ocrx_word' id='word_1_556' title='bbox 2607 3834 2695 3900; x_wconf 78' lang='grc' dir='ltr'><strong>μὲν</strong></span> <span class='ocrx_word' id='word_1_557' title='bbox 2743 3828 2835 3883; x_wconf 81' lang='grc' dir='ltr'><strong>διὰ</strong></span> <span class='ocrx_word' id='word_1_558' title='bbox 2881 3836 2974 3889; x_wconf 85' lang='grc' dir='ltr'><strong>τήν</strong></span> <span class='ocrx_word' id='word_1_559' title='bbox 3020 3830 3366 3908; x_wconf 84' lang='grc' dir='ltr'><strong>ἀνάστρωσιν,</strong></span> <span class='ocrx_word' id='word_1_560' title='bbox 3396 3842 3485 3886; x_wconf 83' lang='grc' dir='ltr'><strong>τοῦ</strong></span> <span class='ocrx_word' id='word_1_561' title='bbox 3518 3830 3576 3886; x_wconf 74' lang='grc' dir='ltr'><strong>δε</strong></span> <span class='ocrx_word' id='word_1_562' title='bbox 3625 3832 3718 3886; x_wconf 77' lang='grc' dir='ltr'><strong>διὰ</strong></span> <span class='ocrx_word' id='word_1_563' title='bbox 3766 3841 3858 3893; x_wconf 80' lang='grc' dir='ltr'><strong>τήν</strong></span> 
     </span>
    </p>
   </div>
   <div class='ocr_carea' id='block_1_79' title="bbox 491 3909 2116 3993">
    <p class='ocr_par' dir='ltr' id='par_1_79' title="bbox 491 3909 2116 3993">
     <span class='ocr_line' id='line_1_79' title="bbox 491 3909 2116 3993; baseline 0.012 -37"><span class='ocrx_word' id='word_1_564' title='bbox 491 3910 685 3993; x_wconf 86' lang='lat' dir='ltr'><strong>ratam</strong></span> <span class='ocrx_word' id='word_1_565' title='bbox 731 3909 1147 3979; x_wconf 89' lang='lat' dir='ltr'><strong>valetudinem,</strong></span> <span class='ocrx_word' id='word_1_566' title='bbox 1196 3916 1309 3971; x_wconf 89' lang='lat' dir='ltr'><strong>hac</strong></span> <span class='ocrx_word' id='word_1_567' title='bbox 1355 3922 1547 3975; x_wconf 85' lang='lat' dir='ltr'><strong>autem</strong></span> <span class='ocrx_word' id='word_1_568' title='bbox 1595 3926 1930 3991; x_wconf 82' lang='lat' dir='ltr'><strong>prapterea,</strong></span> <span class='ocrx_word' id='word_1_569' title='bbox 1979 3937 2116 3993; x_wconf 77' lang='lat' dir='ltr'><strong>qum</strong></span> 
     </span>
    </p>
   </div>
   <div class='ocr_carea' id='block_1_80' title="bbox 1672 3909 3297 3993">
    <p class='ocr_par' dir='ltr' id='par_1_80' title="bbox 1672 3919 3297 3993">
     <span class='ocr_line' id='line_1_80' title="bbox 1672 3919 3297 3993; baseline 0.006 -25"><span class='ocrx_word' id='word_1_570' title='bbox 1672 3926 1930 3991; x_wconf 66' lang='lat' dir='ltr'><strong>optet-ea,</strong></span> <span class='ocrx_word' id='word_1_571' title='bbox 1979 3922 2145 3993; x_wconf 83' lang='lat' dir='ltr'><strong>quod</strong></span> <span class='ocrx_word' id='word_1_572' title='bbox 2253 3925 2343 3969; x_wconf 79' lang='grc' dir='ltr'><strong>τοῦ</strong></span> <span class='ocrx_word' id='word_1_573' title='bbox 2370 3919 2682 3989; x_wconf 86' lang='grc' dir='ltr'><strong>ύγιάσαντος</strong></span> <span class='ocrx_word' id='word_1_574' title='bbox 2712 3924 2842 3993; x_wconf 85' lang='grc' dir='ltr'><strong>πρὸς</strong></span> <span class='ocrx_word' id='word_1_575' title='bbox 2868 3924 2995 3974; x_wconf 84' lang='grc' dir='ltr'><strong>Θεὸν</strong></span> <span class='ocrx_word' id='word_1_576' title='bbox 3022 3922 3297 3977; x_wconf 81' lang='grc' dir='ltr'><strong>οἱκείωσιν.</strong></span> 
     </span>
    </p>
   </div>
   <div class='ocr_carea' id='block_1_81' title="bbox 493 3992 2145 4072">
    <p class='ocr_par' dir='ltr' id='par_1_81' title="bbox 493 3992 2145 4072">
     <span class='ocr_line' id='line_1_81' title="bbox 493 3992 2145 4072; baseline 0.012 -26"><span class='ocrx_word' id='word_1_577' title='bbox 493 3992 595 4063; x_wconf 89' lang='lat' dir='ltr'><strong>qui</strong></span> <span class='ocrx_word' id='word_1_578' title='bbox 644 4010 779 4051; x_wconf 92' lang='lat' dir='ltr'><strong>eum</strong></span> <span class='ocrx_word' id='word_1_579' title='bbox 833 4015 1050 4058; x_wconf 90' lang='lat' dir='ltr'><strong>sanum</strong></span> <span class='ocrx_word' id='word_1_580' title='bbox 1097 4003 1335 4072; x_wconf 88' lang='lat' dir='ltr'><strong>fecerat,</strong></span> <span class='ocrx_word' id='word_1_581' title='bbox 1382 4009 1497 4064; x_wconf 90' lang='lat' dir='ltr'><strong>Deo</strong></span> <span class='ocrx_word' id='word_1_582' title='bbox 1548 4014 1701 4064; x_wconf 89' lang='lat' dir='ltr'><strong>esset</strong></span> <span class='ocrx_word' id='word_1_583' title='bbox 1750 3992 2145 4065; x_wconf 85' lang='lat' dir='ltr'><strong>familiaritate</strong></span> 
     </span>
    </p>
   </div>
   <div class='ocr_carea' id='block_1_82' title="bbox 493 4082 868 4153">
    <p class='ocr_par' dir='ltr' id='par_1_82' title="bbox 493 4082 868 4153">
     <span class='ocr_line' id='line_1_82' title="bbox 493 4082 868 4153; baseline 0.019 -18"><span class='ocrx_word' id='word_1_584' title='bbox 493 4082 868 4153; x_wconf 89' lang='lat' dir='ltr'><strong>conjunctus.</strong></span> 
     </span>
    </p>
   </div>
   <div class='ocr_carea' id='block_1_83' title="bbox 565 4171 2190 4264">
    <p class='ocr_par' dir='ltr' id='par_1_83' title="bbox 565 4171 2146 4245">
     <span class='ocr_line' id='line_1_83' title="bbox 565 4171 2146 4245; baseline 0.011 -19"><span class='ocrx_word' id='word_1_585' title='bbox 565 4171 651 4227; x_wconf 85' lang='lat' dir='ltr'><strong>IX.</strong></span> <span class='ocrx_word' id='word_1_586' title='bbox 704 4175 924 4233; x_wconf 91' lang='lat' dir='ltr'><strong>Deinde</strong></span> <span class='ocrx_word' id='word_1_587' title='bbox 952 4180 1147 4245; x_wconf 89' lang='lat' dir='ltr'><strong>etiam,</strong></span> <span class='ocrx_word' id='word_1_588' title='bbox 1208 4188 1272 4239; x_wconf 88' lang='lat' dir='ltr'><strong>ut</strong></span> <span class='ocrx_word' id='word_1_589' title='bbox 1318 4188 1498 4241; x_wconf 83' lang='lat' dir='ltr'><strong>tantae</strong></span> <span class='ocrx_word' id='word_1_590' title='bbox 1525 4186 2146 4244; x_wconf 82' lang='lat' dir='ltr'><strong>curationisbeneﬁcio</strong></span> 
     </span>
    </p>
   </div>
   <div class='ocr_carea' id='block_1_84' title="bbox 2231 4171 3856 4264">
    <p class='ocr_par' dir='ltr' id='par_1_84' title="bbox 2329 4186 3856 4264">
     <span class='ocr_line' id='line_1_84' title="bbox 2329 4186 3856 4264; baseline 0.007 -28"><span class='ocrx_word' id='word_1_591' title='bbox 2329 4189 2408 4242; x_wconf 73' lang='lat'><strong>6&#39;.</strong></span> <span class='ocrx_word' id='word_1_592' title='bbox 2452 4186 2668 4239; x_wconf 82' lang='grc' dir='ltr'><strong>Ἔπειτα</strong></span> <span class='ocrx_word' id='word_1_593' title='bbox 2708 4198 2796 4240; x_wconf 83' lang='grc' dir='ltr'><strong>και</strong></span> <span class='ocrx_word' id='word_1_594' title='bbox 2845 4192 2909 4251; x_wconf 83' lang='grc' dir='ltr'><strong>ὡς</strong></span> <span class='ocrx_word' id='word_1_595' title='bbox 2953 4188 3293 4263; x_wconf 77' lang='grc' dir='ltr'><strong>ἀμειψόμενος</strong></span> <span class='ocrx_word' id='word_1_596' title='bbox 3343 4196 3401 4243; x_wconf 86' lang='grc' dir='ltr'><strong>τὸ</strong></span> <span class='ocrx_word' id='word_1_597' title='bbox 3449 4197 3583 4264; x_wconf 79' lang='grc' dir='ltr'><strong>μέγα</strong></span> <span class='ocrx_word' id='word_1_598' title='bbox 3636 4202 3725 4253; x_wconf 82' lang='grc' dir='ltr'><strong>τῆς</strong></span> <span class='ocrx_word' id='word_1_599' title='bbox 3782 4196 3856 4246; x_wconf 76' lang='lat'><strong>6:-</strong></span> 
     </span>
    </p>
   </div>
   <div class='ocr_carea' id='block_1_85' title="bbox 493 4264 2118 4354">
    <p class='ocr_par' dir='ltr' id='par_1_85' title="bbox 493 4264 2118 4354">
     <span class='ocr_line' id='line_1_85' title="bbox 493 4264 2118 4354; baseline 0.01 -39"><span class='ocrx_word' id='word_1_600' title='bbox 493 4264 892 4354; x_wconf 74' lang='lat' dir='ltr'><strong>responderet,</strong></span> <span class='ocrx_word' id='word_1_601' title='bbox 940 4268 1003 4322; x_wconf 89' lang='grc' dir='ltr'><strong>Β.</strong></span> <span class='ocrx_word' id='word_1_602' title='bbox 1051 4272 1367 4345; x_wconf 89' lang='lat' dir='ltr'><strong>Sampsoni</strong></span> <span class='ocrx_word' id='word_1_603' title='bbox 1415 4290 1629 4331; x_wconf 91' lang='lat' dir='ltr'><strong>aurum</strong></span> <span class='ocrx_word' id='word_1_604' title='bbox 1670 4278 1915 4333; x_wconf 90' lang='lat' dir='ltr'><strong>donavit</strong></span> <span class='ocrx_word' id='word_1_605' title='bbox 1956 4277 2118 4348; x_wconf 89' lang='lat' dir='ltr'><strong>splen</strong></span> 
     </span>
    </p>
   </div>
   <div class='ocr_carea' id='block_1_86' title="bbox 2230 4264 3855 4354">
    <p class='ocr_par' dir='ltr' id='par_1_86' title="bbox 2257 4273 3855 4354">
     <span class='ocr_line' id='line_1_86' title="bbox 2257 4273 3855 4354; baseline 0.003 -25"><span class='ocrx_word' id='word_1_606' title='bbox 2257 4282 2469 4354; x_wconf 86' lang='grc' dir='ltr'><strong>ραπείας</strong></span> <span class='ocrx_word' id='word_1_607' title='bbox 2527 4273 2835 4351; x_wconf 77' lang='grc' dir='ltr'><strong>δωρήμασιν</strong></span> <span class='ocrx_word' id='word_1_608' title='bbox 2907 4277 3208 4353; x_wconf 84' lang='grc' dir='ltr'><strong>ἐπικαίροις,</strong></span> <span class='ocrx_word' id='word_1_609' title='bbox 3273 4286 3476 4353; x_wconf 89' lang='grc' dir='ltr'><strong>χρυσόν</strong></span> <span class='ocrx_word' id='word_1_610' title='bbox 3545 4301 3599 4334; x_wconf 84' lang='grc' dir='ltr'><strong>τε</strong></span> <span class='ocrx_word' id='word_1_611' title='bbox 3670 4278 3855 4334; x_wconf 78' lang='grc' dir='ltr'><strong>ἐδίδου</strong></span> 
     </span>
    </p>
   </div>
   <div class='ocr_carea' id='block_1_87' title="bbox 493 4349 2118 4457">
    <p class='ocr_par' dir='ltr' id='par_1_87' title="bbox 493 4349 2114 4457">
     <span class='ocr_line' id='line_1_87' title="bbox 493 4349 2114 4457; baseline 0.008 -52"><span class='ocrx_word' id='word_1_612' title='bbox 493 4349 631 4457; x_wconf 67' lang='lat' dir='ltr'><strong>dide</strong></span> <span class='ocrx_word' id='word_1_613' title='bbox 662 4369 730 4408; x_wconf 93' lang='lat' dir='ltr'><strong>ac</strong></span> <span class='ocrx_word' id='word_1_614' title='bbox 760 4358 1094 4425; x_wconf 80' lang='lat' dir='ltr'><strong>magnifice,</strong></span> <span class='ocrx_word' id='word_1_615' title='bbox 1120 4366 1176 4414; x_wconf 92' lang='lat' dir='ltr'><strong>et</strong></span> <span class='ocrx_word' id='word_1_616' title='bbox 1200 4378 1582 4433; x_wconf 72' lang='lat' dir='ltr'><strong>quaecunque</strong></span> <span class='ocrx_word' id='word_1_617' title='bbox 1611 4370 1881 4433; x_wconf 87' lang='lat' dir='ltr'><strong>poterant</strong></span> <span class='ocrx_word' id='word_1_618' title='bbox 1904 4364 2114 4420; x_wconf 89' lang='lat' dir='ltr'><strong>incitar</strong></span> 
     </span>
    </p>
   </div>
   <div class='ocr_carea' id='block_1_88' title="bbox 2231 4349 3856 4457">
    <p class='ocr_par' dir='ltr' id='par_1_88' title="bbox 2257 4349 3856 4441">
     <span class='ocr_line' id='line_1_88' title="bbox 2257 4349 3856 4441; baseline 0.002 -23"><span class='ocrx_word' id='word_1_619' title='bbox 2257 4349 2660 4439; x_wconf 70' lang='grc' dir='ltr'><strong>μεγαλοψύχως,</strong></span> <span class='ocrx_word' id='word_1_620' title='bbox 2717 4372 2805 4418; x_wconf 85' lang='grc' dir='ltr'><strong>καὶ</strong></span> <span class='ocrx_word' id='word_1_621' title='bbox 2878 4366 3007 4419; x_wconf 79' lang='grc' dir='ltr'><strong>ἄλλα</strong></span> <span class='ocrx_word' id='word_1_622' title='bbox 3080 4349 3178 4420; x_wconf 64' lang='grc' dir='ltr'><strong>ὅσα</strong></span> <span class='ocrx_word' id='word_1_623' title='bbox 3408 4370 3686 4441; x_wconf 76' lang='grc' dir='ltr'><strong>ἐπιθυμίαν</strong></span> <span class='ocrx_word' id='word_1_624' title='bbox 3743 4366 3856 4421; x_wconf 78' lang='grc' dir='ltr'><strong>οἶδε</strong></span> 
     </span>
    </p>
   </div>
   <div class='ocr_carea' id='block_1_89' title="bbox 494 4438 2119 4530">
    <p class='ocr_par' dir='ltr' id='par_1_89' title="bbox 494 4438 2119 4517">
     <span class='ocr_line' id='line_1_89' title="bbox 494 4438 2119 4517; baseline 0.009 -24"><span class='ocrx_word' id='word_1_625' title='bbox 494 4438 850 4497; x_wconf 89' lang='lat' dir='ltr'><strong>desiderium</strong></span> <span class='ocrx_word' id='word_1_626' title='bbox 884 4444 1034 4513; x_wconf 89' lang='lat' dir='ltr'><strong>ejus,</strong></span> <span class='ocrx_word' id='word_1_627' title='bbox 1068 4448 1168 4517; x_wconf 90' lang='lat' dir='ltr'><strong>qui</strong></span> <span class='ocrx_word' id='word_1_628' title='bbox 1218 4450 1548 4505; x_wconf 88' lang='lat' dir='ltr'><strong>secundum</strong></span> <span class='ocrx_word' id='word_1_629' title='bbox 1589 4467 1830 4507; x_wconf 89' lang='lat' dir='ltr'><strong>carnem</strong></span> <span class='ocrx_word' id='word_1_630' title='bbox 1861 4454 2018 4507; x_wconf 88' lang='lat' dir='ltr'><strong>vivit.</strong></span> <span class='ocrx_word' id='word_1_631' title='bbox 2059 4453 2119 4508; x_wconf 92' lang='lat' dir='ltr'><strong>Ill</strong></span> 
     </span>
    </p>
   </div>
   <div class='ocr_carea' id='block_1_90' title="bbox 2229 4438 3854 4530">
    <p class='ocr_par' dir='ltr' id='par_1_90' title="bbox 2259 4454 3854 4530">
     <span class='ocr_line' id='line_1_90' title="bbox 2259 4454 3854 4530; baseline 0.001 -23"><span class='ocrx_word' id='word_1_632' title='bbox 2259 4454 2587 4527; x_wconf 86' lang='grc' dir='ltr'><strong>παρακαλεῖν,</strong></span> <span class='ocrx_word' id='word_1_633' title='bbox 2635 4463 2725 4507; x_wconf 83' lang='grc' dir='ltr'><strong>τοῦ</strong></span> <span class='ocrx_word' id='word_1_634' title='bbox 2783 4459 2917 4507; x_wconf 88' lang='grc' dir='ltr'><strong>κατά</strong></span> <span class='ocrx_word' id='word_1_635' title='bbox 2972 4458 3153 4529; x_wconf 79' lang='grc' dir='ltr'><strong>σάρχα</strong></span> <span class='ocrx_word' id='word_1_636' title='bbox 3212 4458 3399 4519; x_wconf 81' lang='grc' dir='ltr'><strong>ζῶντός</strong></span> <span class='ocrx_word' id='word_1_637' title='bbox 3451 4478 3584 4530; x_wconf 87' lang='grc' dir='ltr'><strong>φημι</strong></span> <span class='ocrx_word' id='word_1_638' title='bbox 3618 4474 3629 4485; x_wconf 89' lang='grc'><strong>·</strong></span> <span class='ocrx_word' id='word_1_639' title='bbox 3682 4457 3854 4529; x_wconf 81' lang='grc' dir='ltr'><strong>ἐκείνῳ</strong></span> 
     </span>
    </p>
   </div>
   <div class='ocr_carea' id='block_1_91' title="bbox 494 4531 2119 4619">
    <p class='ocr_par' dir='ltr' id='par_1_91' title="bbox 494 4531 2119 4605">
     <span class='ocr_line' id='line_1_91' title="bbox 494 4531 2119 4605; baseline 0.009 -22"><span class='ocrx_word' id='word_1_640' title='bbox 494 4531 692 4583; x_wconf 87' lang='lat' dir='ltr'><strong>autem</strong></span> <span class='ocrx_word' id='word_1_641' title='bbox 740 4532 991 4586; x_wconf 90' lang='lat' dir='ltr'><strong>tenuiter</strong></span> <span class='ocrx_word' id='word_1_642' title='bbox 1027 4540 1083 4588; x_wconf 93' lang='lat' dir='ltr'><strong>et</strong></span> <span class='ocrx_word' id='word_1_643' title='bbox 1128 4534 1436 4605; x_wconf 84' lang='lat' dir='ltr'><strong>frugaliter</strong></span> <span class='ocrx_word' id='word_1_644' title='bbox 1488 4541 1704 4605; x_wconf 85' lang='lat' dir='ltr'><strong>vivere,</strong></span> <span class='ocrx_word' id='word_1_645' title='bbox 1751 4551 1874 4596; x_wconf 90' lang='lat' dir='ltr'><strong>erat</strong></span> <span class='ocrx_word' id='word_1_646' title='bbox 1918 4540 2119 4597; x_wconf 91' lang='lat' dir='ltr'><strong>bonun</strong></span> 
     </span>
    </p>
   </div>
   <div class='ocr_carea' id='block_1_92' title="bbox 2229 4531 3854 4619">
    <p class='ocr_par' dir='ltr' id='par_1_92' title="bbox 2258 4540 3854 4619">
     <span class='ocr_line' id='line_1_92' title="bbox 2258 4540 3854 4619; baseline 0.001 -23"><span class='ocrx_word' id='word_1_647' title='bbox 2258 4540 2316 4596; x_wconf 69' lang='grc' dir='ltr'><strong>δὲ</strong></span> <span class='ocrx_word' id='word_1_648' title='bbox 2363 4548 2419 4596; x_wconf 88' lang='grc' dir='ltr'><strong>τὸ</strong></span> <span class='ocrx_word' id='word_1_649' title='bbox 2467 4543 2615 4605; x_wconf 82' lang='grc' dir='ltr'><strong>λιτῶς</strong></span> <span class='ocrx_word' id='word_1_650' title='bbox 2669 4544 2801 4595; x_wconf 73' lang='grc' dir='ltr'><strong>οὕτω</strong></span> <span class='ocrx_word' id='word_1_651' title='bbox 2849 4550 2933 4595; x_wconf 90' lang='lat' dir='ltr'><strong>xui</strong></span> <span class='ocrx_word' id='word_1_652' title='bbox 2991 4545 3319 4618; x_wconf 80' lang='grc' dir='ltr'><strong>ἠμελημένως</strong></span> <span class='ocrx_word' id='word_1_653' title='bbox 3380 4548 3495 4619; x_wconf 76' lang='grc' dir='ltr'><strong>ζῇν,</strong></span> <span class='ocrx_word' id='word_1_654' title='bbox 3551 4547 3854 4618; x_wconf 71' lang='grc' dir='ltr'><strong>αὐθαίρετον</strong></span> 
     </span>
    </p>
   </div>
   <div class='ocr_carea' id='block_1_93' title="bbox 493 4622 2118 4709">
    <p class='ocr_par' dir='ltr' id='par_1_93' title="bbox 493 4622 2118 4709">
     <span class='ocr_line' id='line_1_93' title="bbox 493 4622 2118 4709; baseline 0.01 -37"><span class='ocrx_word' id='word_1_655' title='bbox 493 4633 597 4709; x_wconf 85' lang='lat' dir='ltr'><strong>per</strong></span> <span class='ocrx_word' id='word_1_656' title='bbox 635 4634 695 4673; x_wconf 86' lang='lat' dir='ltr'><strong>se</strong></span> <span class='ocrx_word' id='word_1_657' title='bbox 726 4622 1125 4690; x_wconf 90' lang='lat' dir='ltr'><strong>expetendum</strong></span> <span class='ocrx_word' id='word_1_658' title='bbox 1167 4626 1454 4681; x_wconf 91' lang='lat' dir='ltr'><strong>omnibus</strong></span> <span class='ocrx_word' id='word_1_659' title='bbox 1493 4629 1721 4699; x_wconf 89' lang='lat' dir='ltr'><strong>quidem</strong></span> <span class='ocrx_word' id='word_1_660' title='bbox 1755 4630 1974 4685; x_wconf 88' lang='lat' dir='ltr'><strong>divitiis</strong></span> <span class='ocrx_word' id='word_1_661' title='bbox 2005 4631 2118 4688; x_wconf 86' lang='lat' dir='ltr'><strong>bea</strong></span> 
     </span>
    </p>
   </div>
   <div class='ocr_carea' id='block_1_94' title="bbox 2229 4622 3854 4709">
    <p class='ocr_par' dir='ltr' id='par_1_94' title="bbox 2256 4632 3854 4709">
     <span class='ocr_line' id='line_1_94' title="bbox 2256 4632 3854 4709; baseline 0.001 -26"><span class='ocrx_word' id='word_1_662' title='bbox 2256 4632 2467 4703; x_wconf 85' lang='grc' dir='ltr'><strong>ἀγαθόν,</strong></span> <span class='ocrx_word' id='word_1_663' title='bbox 2524 4636 2713 4693; x_wconf 86' lang='grc' dir='ltr'><strong>παντὸς</strong></span> <span class='ocrx_word' id='word_1_664' title='bbox 2770 4636 2858 4704; x_wconf 76' lang='grc' dir='ltr'><strong>μεν</strong></span> <span class='ocrx_word' id='word_1_665' title='bbox 2932 4634 3155 4686; x_wconf 84' lang='grc' dir='ltr'><strong>πλούτου</strong></span> <span class='ocrx_word' id='word_1_666' title='bbox 3217 4642 3624 4709; x_wconf 80' lang='grc' dir='ltr'><strong>μακαριώτερον,</strong></span> <span class='ocrx_word' id='word_1_667' title='bbox 3679 4637 3854 4697; x_wconf 86' lang='grc' dir='ltr'><strong>πάσης</strong></span> 
     </span>
    </p>
   </div>
   <div class='ocr_carea' id='block_1_95' title="bbox 496 4707 2121 4795">
    <p class='ocr_par' dir='ltr' id='par_1_95' title="bbox 496 4707 2119 4795">
     <span class='ocr_line' id='line_1_95' title="bbox 496 4707 2119 4795; baseline 0.009 -34"><span class='ocrx_word' id='word_1_668' title='bbox 496 4707 628 4795; x_wconf 80' lang='lat' dir='ltr'><strong>tius,</strong></span> <span class='ocrx_word' id='word_1_669' title='bbox 660 4709 875 4781; x_wconf 88' lang='lat' dir='ltr'><strong>quavis</strong></span> <span class='ocrx_word' id='word_1_670' title='bbox 923 4726 1061 4767; x_wconf 86' lang='lat' dir='ltr'><strong>vero</strong></span> <span class='ocrx_word' id='word_1_671' title='bbox 1102 4712 1290 4785; x_wconf 90' lang='lat' dir='ltr'><strong>gloria</strong></span> <span class='ocrx_word' id='word_1_672' title='bbox 1321 4730 1389 4770; x_wconf 91' lang='lat' dir='ltr'><strong>ac</strong></span> <span class='ocrx_word' id='word_1_673' title='bbox 1420 4717 1709 4786; x_wconf 90' lang='lat' dir='ltr'><strong>dignitate</strong></span> <span class='ocrx_word' id='word_1_674' title='bbox 1740 4720 2119 4775; x_wconf 88' lang='lat' dir='ltr'><strong>excellentius</strong></span> 
     </span>
    </p>
   </div>
   <div class='ocr_carea' id='block_1_96' title="bbox 2227 4707 3852 4795">
    <p class='ocr_par' dir='ltr' id='par_1_96' title="bbox 2255 4718 3852 4795">
     <span class='ocr_line' id='line_1_96' title="bbox 2255 4718 3852 4795; baseline 0.001 -21"><span class='ocrx_word' id='word_1_675' title='bbox 2255 4718 2313 4774; x_wconf 79' lang='grc' dir='ltr'><strong>δὲ</strong></span> <span class='ocrx_word' id='word_1_676' title='bbox 2361 4719 2515 4784; x_wconf 86' lang='grc' dir='ltr'><strong>δόξης</strong></span> <span class='ocrx_word' id='word_1_677' title='bbox 2559 4721 3067 4793; x_wconf 84' lang='grc' dir='ltr'><strong>ἀξιωματικῶτερον·</strong></span> <span class='ocrx_word' id='word_1_678' title='bbox 3100 4723 3271 4795; x_wconf 84' lang='grc' dir='ltr'><strong>ἀμέλει</strong></span> <span class='ocrx_word' id='word_1_679' title='bbox 3314 4730 3403 4775; x_wconf 89' lang='lat' dir='ltr'><strong>xui</strong></span> <span class='ocrx_word' id='word_1_680' title='bbox 3448 4728 3504 4776; x_wconf 89' lang='grc' dir='ltr'><strong>τό</strong></span> <span class='ocrx_word' id='word_1_681' title='bbox 3552 4732 3644 4776; x_wconf 78' lang='grc' dir='ltr'><strong>τοῦ</strong></span> <span class='ocrx_word' id='word_1_682' title='bbox 3696 4722 3852 4795; x_wconf 83' lang='grc' dir='ltr'><strong>βασι-</strong></span> 
     </span>
    </p>
   </div>
   <div class='ocr_carea' id='block_1_97' title="bbox 493 4794 2118 4886">
    <p class='ocr_par' dir='ltr' id='par_1_97' title="bbox 493 4794 2118 4867">
     <span class='ocr_line' id='line_1_97' title="bbox 493 4794 2118 4867; baseline 0.009 -18"><span class='ocrx_word' id='word_1_683' title='bbox 493 4794 872 4867; x_wconf 88' lang='lat' dir='ltr'><strong>Imperatoris</strong></span> <span class='ocrx_word' id='word_1_684' title='bbox 921 4805 1073 4855; x_wconf 91' lang='lat' dir='ltr'><strong>certe</strong></span> <span class='ocrx_word' id='word_1_685' title='bbox 1122 4801 1526 4859; x_wconf 87' lang='lat' dir='ltr'><strong>liberalitatem</strong></span> <span class='ocrx_word' id='word_1_686' title='bbox 1575 4813 1631 4861; x_wconf 91' lang='lat' dir='ltr'><strong>et</strong></span> <span class='ocrx_word' id='word_1_687' title='bbox 1677 4807 2118 4864; x_wconf 86' lang='lat' dir='ltr'><strong>muniﬁcentian</strong></span> 
     </span>
    </p>
   </div>
   <div class='ocr_carea' id='block_1_98' title="bbox 2229 4794 3854 4886">
    <p class='ocr_par' dir='ltr' id='par_1_98' title="bbox 2250 4809 3854 4886">
     <span class='ocr_line' id='line_1_98' title="bbox 2250 4809 3854 4886; baseline 0.002 -25"><span class='ocrx_word' id='word_1_688' title='bbox 2250 4809 2375 4871; x_wconf 83' lang='grc' dir='ltr'><strong>λέως</strong></span> <span class='ocrx_word' id='word_1_689' title='bbox 2434 4811 2695 4883; x_wconf 86' lang='grc' dir='ltr'><strong>φιλότιμόν</strong></span> <span class='ocrx_word' id='word_1_690' title='bbox 2766 4830 2819 4863; x_wconf 90' lang='grc' dir='ltr'><strong>τε</strong></span> <span class='ocrx_word' id='word_1_691' title='bbox 2867 4818 2954 4864; x_wconf 86' lang='lat' dir='ltr'><strong>xui</strong></span> <span class='ocrx_word' id='word_1_692' title='bbox 3034 4810 3397 4886; x_wconf 77' lang='grc' dir='ltr'><strong>μεγαλόδωρον</strong></span> <span class='ocrx_word' id='word_1_693' title='bbox 3448 4814 3709 4886; x_wconf 75' lang='grc' dir='ltr'><strong>εὐκαίροις</strong></span> <span class='ocrx_word' id='word_1_694' title='bbox 3766 4818 3854 4865; x_wconf 87' lang='grc' dir='ltr'><strong>καὶ</strong></span> 
     </span>
    </p>
   </div>
   <div class='ocr_carea' id='block_1_99' title="bbox 493 4886 2118 4973">
    <p class='ocr_par' dir='ltr' id='par_1_99' title="bbox 493 4886 2098 4955">
     <span class='ocr_line' id='line_1_99' title="bbox 493 4886 2098 4955; baseline 0.009 -17"><span class='ocrx_word' id='word_1_695' title='bbox 493 4886 845 4955; x_wconf 88' lang='lat' dir='ltr'><strong>opportunis</strong></span> <span class='ocrx_word' id='word_1_696' title='bbox 904 4892 961 4942; x_wconf 88' lang='lat' dir='ltr'><strong>et</strong></span> <span class='ocrx_word' id='word_1_697' title='bbox 1015 4888 1220 4944; x_wconf 88' lang='lat' dir='ltr'><strong>validis</strong></span> <span class='ocrx_word' id='word_1_698' title='bbox 1277 4894 1574 4949; x_wconf 89' lang='lat' dir='ltr'><strong>recusavit</strong></span> <span class='ocrx_word' id='word_1_699' title='bbox 1626 4898 2098 4952; x_wconf 88' lang='lat' dir='ltr'><strong>recusationibus</strong></span> 
     </span>
    </p>
   </div>
   <div class='ocr_carea' id='block_1_100' title="bbox 2221 4886 3846 4973">
    <p class='ocr_par' dir='ltr' id='par_1_100' title="bbox 2256 4897 3846 4973">
     <span class='ocr_line' id='line_1_100' title="bbox 2256 4897 3846 4973; baseline 0.002 -23"><span class='ocrx_word' id='word_1_700' title='bbox 2256 4899 2509 4973; x_wconf 83' lang='grc' dir='ltr'><strong>ἰσχυραῖς</strong></span> <span class='ocrx_word' id='word_1_701' title='bbox 2540 4897 2884 4972; x_wconf 81' lang='grc' dir='ltr'><strong>διεκρούσατο</strong></span> <span class='ocrx_word' id='word_1_702' title='bbox 2933 4900 3251 4973; x_wconf 86' lang='grc' dir='ltr'><strong>ἀπολογίαις,</strong></span> <span class='ocrx_word' id='word_1_703' title='bbox 3297 4902 3495 4956; x_wconf 84' lang='grc' dir='ltr'><strong>Ἐκεῖνά</strong></span> <span class='ocrx_word' id='word_1_704' title='bbox 3544 4923 3631 4973; x_wconf 87' lang='grc' dir='ltr'><strong>μοι</strong></span> <span class='ocrx_word' id='word_1_705' title='bbox 3664 4898 3846 4965; x_wconf 83' lang='grc' dir='ltr'><strong>δίδως,</strong></span> 
     </span>
    </p>
   </div>
   <div class='ocr_carea' id='block_1_101' title="bbox 492 4972 2117 5063">
    <p class='ocr_par' dir='ltr' id='par_1_101' title="bbox 492 4972 2113 5063">
     <span class='ocr_line' id='line_1_101' title="bbox 492 4972 2113 5063; baseline 0.01 -38"><span class='ocrx_word' id='word_1_706' title='bbox 492 4972 596 5063; x_wconf 79' lang='lat' dir='ltr'><strong>Illa</strong></span> <span class='ocrx_word' id='word_1_707' title='bbox 627 4974 767 5063; x_wconf 79' lang='lat' dir='ltr'><strong>mihi</strong></span> <span class='ocrx_word' id='word_1_708' title='bbox 799 4975 927 5043; x_wconf 87' lang='lat' dir='ltr'><strong>das,</strong></span> <span class='ocrx_word' id='word_1_709' title='bbox 982 4978 1205 5045; x_wconf 90' lang='lat' dir='ltr'><strong>dicens,</strong></span> <span class='ocrx_word' id='word_1_710' title='bbox 1235 4997 1269 5036; x_wconf 94' lang='grc' dir='ltr'><strong>ο</strong></span> <span class='ocrx_word' id='word_1_711' title='bbox 1314 4982 1654 5055; x_wconf 89' lang='lat' dir='ltr'><strong>imperator,</strong></span> <span class='ocrx_word' id='word_1_712' title='bbox 1695 5002 1830 5057; x_wconf 63' lang='lat' dir='ltr'><strong>quas</strong></span> <span class='ocrx_word' id='word_1_713' title='bbox 1875 4986 2113 5042; x_wconf 90' lang='lat' dir='ltr'><strong>lubente</strong></span> 
     </span>
    </p>
   </div>
   <div class='ocr_carea' id='block_1_102' title="bbox 2223 4972 3848 5063">
    <p class='ocr_par' dir='ltr' id='par_1_102' title="bbox 2253 4984 3848 5063">
     <span class='ocr_line' id='line_1_102' title="bbox 2253 4984 3848 5063; baseline 0.002 -25"><span class='ocrx_word' id='word_1_714' title='bbox 2253 4984 2291 5039; x_wconf 85' lang='grc' dir='ltr'>ὦ</span> <span class='ocrx_word' id='word_1_715' title='bbox 2342 4987 2579 5059; x_wconf 83' lang='grc' dir='ltr'><strong>βασιλεῦ,</strong></span> <span class='ocrx_word' id='word_1_716' title='bbox 2618 4990 2788 5055; x_wconf 80' lang='grc' dir='ltr'><strong>εἰπὼν,</strong></span> <span class='ocrx_word' id='word_1_717' title='bbox 2826 4991 2892 5041; x_wconf 87' lang='grc' dir='ltr'><strong>ὧν</strong></span> <span class='ocrx_word' id='word_1_718' title='bbox 2934 4991 3085 5051; x_wconf 74' lang='grc' dir='ltr'><strong>αὐτὸς</strong></span> <span class='ocrx_word' id='word_1_719' title='bbox 3129 4988 3297 5052; x_wconf 78' lang='grc' dir='ltr'><strong>ἡδέως</strong></span> <span class='ocrx_word' id='word_1_720' title='bbox 3341 4990 3551 5054; x_wconf 77' lang='grc' dir='ltr'><strong>ἐξέστην</strong></span> <span class='ocrx_word' id='word_1_721' title='bbox 3597 4988 3690 5043; x_wconf 80' lang='grc' dir='ltr'><strong>διὰ</strong></span> <span class='ocrx_word' id='word_1_722' title='bbox 3729 4999 3848 5063; x_wconf 77' lang='grc' dir='ltr'><strong>Χρι-</strong></span> 
     </span>
    </p>
   </div>
   <div class='ocr_carea' id='block_1_103' title="bbox 493 5060 2118 5151">
    <p class='ocr_par' dir='ltr' id='par_1_103' title="bbox 493 5060 2118 5147">
     <span class='ocr_line' id='line_1_103' title="bbox 493 5060 2118 5147; baseline 0.01 -32"><span class='ocrx_word' id='word_1_723' title='bbox 493 5060 701 5131; x_wconf 88' lang='lat' dir='ltr'><strong>reliqui</strong></span> <span class='ocrx_word' id='word_1_724' title='bbox 734 5071 977 5136; x_wconf 89' lang='lat' dir='ltr'><strong>propter</strong></span> <span class='ocrx_word' id='word_1_725' title='bbox 1006 5068 1322 5135; x_wconf 89' lang='lat' dir='ltr'><strong>Cbristum,</strong></span> <span class='ocrx_word' id='word_1_726' title='bbox 1370 5076 1435 5125; x_wconf 89' lang='lat' dir='ltr'><strong>ut</strong></span> <span class='ocrx_word' id='word_1_727' title='bbox 1475 5073 1576 5143; x_wconf 92' lang='lat' dir='ltr'><strong>qui</strong></span> <span class='ocrx_word' id='word_1_728' title='bbox 1618 5073 1834 5129; x_wconf 90' lang='lat' dir='ltr'><strong>multas</strong></span> <span class='ocrx_word' id='word_1_729' title='bbox 1883 5075 2118 5147; x_wconf 86' lang='lat' dir='ltr'><strong>posside</strong></span> 
     </span>
    </p>
   </div>
   <div class='ocr_carea' id='block_1_104' title="bbox 2227 5060 3852 5151">
    <p class='ocr_par' dir='ltr' id='par_1_104' title="bbox 2256 5077 3852 5151">
     <span class='ocr_line' id='line_1_104' title="bbox 2256 5077 3852 5151; baseline 0.003 -24"><span class='ocrx_word' id='word_1_730' title='bbox 2256 5080 2397 5141; x_wconf 84' lang='grc' dir='ltr'><strong>στόν,</strong></span> <span class='ocrx_word' id='word_1_731' title='bbox 2430 5077 2590 5128; x_wconf 80' lang='grc' dir='ltr'><strong>πολλὰ</strong></span> <span class='ocrx_word' id='word_1_732' title='bbox 2638 5081 2727 5149; x_wconf 66' lang='grc' dir='ltr'><strong>μὲν</strong></span> <span class='ocrx_word' id='word_1_733' title='bbox 2772 5077 2825 5130; x_wconf 85' lang='grc' dir='ltr'><strong>ἐκ</strong></span> <span class='ocrx_word' id='word_1_734' title='bbox 2857 5085 3111 5150; x_wconf 87' lang='grc' dir='ltr'><strong>κτήμασι,</strong></span> <span class='ocrx_word' id='word_1_735' title='bbox 3140 5080 3360 5133; x_wconf 84' lang='grc' dir='ltr'><strong>πλεῖστα</strong></span> <span class='ocrx_word' id='word_1_736' title='bbox 3408 5077 3467 5133; x_wconf 77' lang='grc' dir='ltr'><strong>δε</strong></span> <span class='ocrx_word' id='word_1_737' title='bbox 3497 5086 3585 5132; x_wconf 91' lang='lat' dir='ltr'><strong>xui</strong></span> <span class='ocrx_word' id='word_1_738' title='bbox 3630 5079 3678 5131; x_wconf 89' lang='grc' dir='ltr'><strong>ἐν</strong></span> <span class='ocrx_word' id='word_1_739' title='bbox 3719 5084 3852 5151; x_wconf 84' lang='grc' dir='ltr'><strong>χρή-</strong></span> 
     </span>
    </p>
   </div>
   <div class='ocr_carea' id='block_1_105' title="bbox 493 5155 2118 5241">
    <p class='ocr_par' dir='ltr' id='par_1_105' title="bbox 493 5155 2118 5233">
     <span class='ocr_line' id='line_1_105' title="bbox 493 5155 2118 5233; baseline 0.007 -25"><span class='ocrx_word' id='word_1_740' title='bbox 493 5166 620 5208; x_wconf 89' lang='lat' dir='ltr'><strong>rem</strong></span> <span class='ocrx_word' id='word_1_741' title='bbox 680 5155 979 5221; x_wconf 75' lang='lat' dir='ltr'><strong>pecunias,</strong></span> <span class='ocrx_word' id='word_1_742' title='bbox 1022 5164 1077 5212; x_wconf 91' lang='lat' dir='ltr'><strong>et</strong></span> <span class='ocrx_word' id='word_1_743' title='bbox 1123 5158 1343 5215; x_wconf 88' lang='lat' dir='ltr'><strong>multas</strong></span> <span class='ocrx_word' id='word_1_744' title='bbox 1389 5161 1668 5217; x_wconf 91' lang='lat' dir='ltr'><strong>haberem</strong></span> <span class='ocrx_word' id='word_1_745' title='bbox 1712 5164 2118 5233; x_wconf 87' lang='lat' dir='ltr'><strong>possessiones</strong></span> 
     </span>
    </p>
   </div>
   <div class='ocr_carea' id='block_1_106' title="bbox 2226 5155 3851 5241">
    <p class='ocr_par' dir='ltr' id='par_1_106' title="bbox 2252 5165 3851 5241">
     <span class='ocr_line' id='line_1_106' title="bbox 2252 5165 3851 5241; baseline 0.002 -25"><span class='ocrx_word' id='word_1_746' title='bbox 2252 5186 2386 5237; x_wconf 87' lang='grc' dir='ltr'><strong>μασι</strong></span> <span class='ocrx_word' id='word_1_747' title='bbox 2428 5172 2751 5237; x_wconf 88' lang='grc' dir='ltr'><strong>κεκτημένος,</strong></span> <span class='ocrx_word' id='word_1_748' title='bbox 2802 5175 2915 5229; x_wconf 84' lang='grc' dir='ltr'><strong>Πῶς</strong></span> <span class='ocrx_word' id='word_1_749' title='bbox 2964 5165 3049 5220; x_wconf 81' lang='grc' dir='ltr'><strong>οὖν</strong></span> <span class='ocrx_word' id='word_1_750' title='bbox 3104 5168 3202 5240; x_wconf 76' lang='grc' dir='ltr'><strong>ἐγὼ</strong></span> <span class='ocrx_word' id='word_1_751' title='bbox 3256 5169 3491 5241; x_wconf 73' lang='grc' dir='ltr'><strong>λήψομαι</strong></span> <span class='ocrx_word' id='word_1_752' title='bbox 3547 5178 3728 5234; x_wconf 80' lang='grc' dir='ltr'><strong>ταῦτα,</strong></span> <span class='ocrx_word' id='word_1_753' title='bbox 3788 5171 3851 5219; x_wconf 82' lang='grc' dir='ltr'><strong>ὧν</strong></span> 
     </span>
    </p>
   </div>
   <div class='ocr_carea' id='block_1_107' title="bbox 494 5240 2119 5329">
    <p class='ocr_par' dir='ltr' id='par_1_107' title="bbox 494 5240 2119 5323">
     <span class='ocr_line' id='line_1_107' title="bbox 494 5240 2119 5323; baseline 0.007 -29"><span class='ocrx_word' id='word_1_754' title='bbox 494 5240 808 5307; x_wconf 84' lang='lat' dir='ltr'><strong>Quomodo</strong></span> <span class='ocrx_word' id='word_1_755' title='bbox 867 5259 1007 5312; x_wconf 73' lang='lat' dir='ltr'><strong>ergo</strong></span> <span class='ocrx_word' id='word_1_756' title='bbox 1056 5262 1125 5301; x_wconf 90' lang='lat' dir='ltr'><strong>ea</strong></span> <span class='ocrx_word' id='word_1_757' title='bbox 1167 5249 1477 5321; x_wconf 87' lang='lat' dir='ltr'><strong>accipiam,</strong></span> <span class='ocrx_word' id='word_1_758' title='bbox 1520 5252 1643 5306; x_wconf 90' lang='lat' dir='ltr'><strong>sine</strong></span> <span class='ocrx_word' id='word_1_759' title='bbox 1685 5252 1903 5323; x_wconf 90' lang='lat' dir='ltr'><strong>quibus</strong></span> <span class='ocrx_word' id='word_1_760' title='bbox 1955 5255 2119 5309; x_wconf 55' lang='lat' dir='ltr'><strong>viveri</strong></span> 
     </span>
    </p>
   </div>
   <div class='ocr_carea' id='block_1_108' title="bbox 2228 5240 3853 5329">
    <p class='ocr_par' dir='ltr' id='par_1_108' title="bbox 2252 5258 3853 5329">
     <span class='ocr_line' id='line_1_108' title="bbox 2252 5258 3853 5329; baseline -0.002 -15"><span class='ocrx_word' id='word_1_761' title='bbox 2252 5260 2309 5307; x_wconf 79' lang='grc' dir='ltr'><strong>τὸ</strong></span> <span class='ocrx_word' id='word_1_762' title='bbox 2376 5259 2537 5317; x_wconf 75' lang='grc' dir='ltr'><strong>ζῆσαι</strong></span> <span class='ocrx_word' id='word_1_763' title='bbox 2606 5261 2772 5329; x_wconf 85' lang='grc' dir='ltr'><strong>χωρὶς</strong></span> <span class='ocrx_word' id='word_1_764' title='bbox 2820 5267 3044 5328; x_wconf 84' lang='grc' dir='ltr'><strong>φανερῶς</strong></span> <span class='ocrx_word' id='word_1_765' title='bbox 3097 5259 3240 5329; x_wconf 77' lang='grc' dir='ltr'><strong>εὖρον</strong></span> <span class='ocrx_word' id='word_1_766' title='bbox 3298 5258 3709 5329; x_wconf 68' lang='grc' dir='ltr'><strong>ὠφελιμώτατον,</strong></span> <span class='ocrx_word' id='word_1_767' title='bbox 3767 5265 3853 5310; x_wconf 83' lang='grc' dir='ltr'><strong>καὶ</strong></span> 
     </span>
    </p>
   </div>
   <div class='ocr_carea' id='block_1_109' title="bbox 493 5334 2118 5417">
    <p class='ocr_par' dir='ltr' id='par_1_109' title="bbox 493 5334 2113 5413">
     <span class='ocr_line' id='line_1_109' title="bbox 493 5334 2113 5413; baseline 0.006 -26"><span class='ocrx_word' id='word_1_768' title='bbox 493 5334 698 5405; x_wconf 89' lang='lat' dir='ltr'><strong>aperte</strong></span> <span class='ocrx_word' id='word_1_769' title='bbox 740 5335 998 5403; x_wconf 88' lang='lat' dir='ltr'><strong>comperi</strong></span> <span class='ocrx_word' id='word_1_770' title='bbox 1032 5336 1226 5393; x_wconf 91' lang='lat' dir='ltr'><strong>utilius</strong></span> <span class='ocrx_word' id='word_1_771' title='bbox 1257 5354 1403 5400; x_wconf 90' lang='lat' dir='ltr'><strong>esse.</strong></span> <span class='ocrx_word' id='word_1_772' title='bbox 1428 5344 1484 5395; x_wconf 92' lang='lat' dir='ltr'><strong>et</strong></span> <span class='ocrx_word' id='word_1_773' title='bbox 1512 5355 1546 5394; x_wconf 90' lang='lat' dir='ltr'><strong>a</strong></span> <span class='ocrx_word' id='word_1_774' title='bbox 1569 5340 1790 5412; x_wconf 88' lang='lat' dir='ltr'><strong>quibus</strong></span> <span class='ocrx_word' id='word_1_775' title='bbox 1824 5342 2113 5413; x_wconf 90' lang='lat' dir='ltr'><strong>prudente</strong></span> 
     </span>
    </p>
   </div>
   <div class='ocr_carea' id='block_1_110' title="bbox 2227 5334 3852 5417">
    <p class='ocr_par' dir='ltr' id='par_1_110' title="bbox 2253 5343 3852 5417">
     <span class='ocr_line' id='line_1_110' title="bbox 2253 5343 3852 5417; baseline 0.003 -22"><span class='ocrx_word' id='word_1_776' title='bbox 2253 5345 2319 5395; x_wconf 84' lang='grc' dir='ltr'><strong>ὧν</strong></span> <span class='ocrx_word' id='word_1_777' title='bbox 2364 5348 2419 5395; x_wconf 89' lang='grc' dir='ltr'><strong>τό</strong></span> <span class='ocrx_word' id='word_1_778' title='bbox 2464 5343 2754 5403; x_wconf 80' lang='grc' dir='ltr'><strong>ἀποστῆναι</strong></span> <span class='ocrx_word' id='word_1_779' title='bbox 2814 5351 3087 5417; x_wconf 82' lang='grc' dir='ltr'><strong>φρονίμως.</strong></span> <span class='ocrx_word' id='word_1_780' title='bbox 3148 5352 3253 5417; x_wconf 83' lang='grc' dir='ltr'><strong>Θεῷ</strong></span> <span class='ocrx_word' id='word_1_781' title='bbox 3307 5348 3635 5405; x_wconf 85' lang='grc' dir='ltr'><strong>οἰκειωθῆναι</strong></span> <span class='ocrx_word' id='word_1_782' title='bbox 3694 5350 3852 5399; x_wconf 88' lang='grc' dir='ltr'><strong>καθα-</strong></span> 
     </span>
    </p>
   </div>
   <div class='ocr_carea' id='block_1_111' title="bbox 494 5421 2119 5508">
    <p class='ocr_par' dir='ltr' id='par_1_111' title="bbox 494 5421 2119 5498">
     <span class='ocr_line' id='line_1_111' title="bbox 494 5421 2119 5498; baseline 0.006 -20"><span class='ocrx_word' id='word_1_783' title='bbox 494 5421 899 5478; x_wconf 85' lang='lat' dir='ltr'><strong>discedentem</strong></span> <span class='ocrx_word' id='word_1_784' title='bbox 970 5421 1089 5477; x_wconf 91' lang='lat' dir='ltr'><strong>Deo</strong></span> <span class='ocrx_word' id='word_1_785' title='bbox 1142 5440 1267 5481; x_wconf 89' lang='lat' dir='ltr'><strong>esse</strong></span> <span class='ocrx_word' id='word_1_786' title='bbox 1311 5428 1716 5498; x_wconf 87' lang='lat' dir='ltr'><strong>conjunctum,</strong></span> <span class='ocrx_word' id='word_1_787' title='bbox 1765 5431 2025 5486; x_wconf 88' lang='lat' dir='ltr'><strong>dilucide</strong></span> <span class='ocrx_word' id='word_1_788' title='bbox 2057 5448 2119 5487; x_wconf 90' lang='lat' dir='ltr'><strong>es</strong></span> 
     </span>
    </p>
   </div>
   <div class='ocr_carea' id='block_1_112' title="bbox 2227 5421 3852 5508">
    <p class='ocr_par' dir='ltr' id='par_1_112' title="bbox 2254 5429 3852 5508">
     <span class='ocr_line' id='line_1_112' title="bbox 2254 5429 3852 5508; baseline 0.003 -25"><span class='ocrx_word' id='word_1_789' title='bbox 2254 5440 2356 5505; x_wconf 90' lang='grc' dir='ltr'><strong>ρῶς</strong></span> <span class='ocrx_word' id='word_1_790' title='bbox 2396 5429 2768 5485; x_wconf 80' lang='grc' dir='ltr'><strong>ἀποδέδεικται</strong></span> <span class='ocrx_word' id='word_1_791' title='bbox 2796 5452 2808 5499; x_wconf 87' lang='grc'>;</span> <span class='ocrx_word' id='word_1_792' title='bbox 2841 5439 2895 5487; x_wconf 83' lang='lat' dir='ltr'><strong>Ei</strong></span> <span class='ocrx_word' id='word_1_793' title='bbox 2928 5431 2985 5487; x_wconf 77' lang='grc' dir='ltr'><strong>δε</strong></span> <span class='ocrx_word' id='word_1_794' title='bbox 3018 5434 3193 5507; x_wconf 85' lang='grc' dir='ltr'><strong>βούλει</strong></span> <span class='ocrx_word' id='word_1_795' title='bbox 3243 5432 3334 5487; x_wconf 80' lang='grc' dir='ltr'><strong>διὰ.</strong></span> <span class='ocrx_word' id='word_1_796' title='bbox 3377 5435 3567 5493; x_wconf 80' lang='grc' dir='ltr'><strong>πολλὴν</strong></span> <span class='ocrx_word' id='word_1_797' title='bbox 3608 5442 3852 5508; x_wconf 78' lang='grc' dir='ltr'><strong>χρηστό-</strong></span> 
     </span>
    </p>
   </div>
   <div class='ocr_carea' id='block_1_113' title="bbox 493 5509 2118 5600">
    <p class='ocr_par' dir='ltr' id='par_1_113' title="bbox 493 5509 2118 5589">
     <span class='ocr_line' id='line_1_113' title="bbox 493 5509 2118 5589; baseline 0.007 -24"><span class='ocrx_word' id='word_1_798' title='bbox 493 5515 803 5565; x_wconf 85' lang='lat' dir='ltr'><strong>ostensum</strong></span> <span class='ocrx_word' id='word_1_799' title='bbox 832 5509 858 5562; x_wconf 87' lang='lat'><strong>?</strong></span> <span class='ocrx_word' id='word_1_800' title='bbox 892 5509 1065 5577; x_wconf 86' lang='lat' dir='ltr'><strong>Quod</strong></span> <span class='ocrx_word' id='word_1_801' title='bbox 1095 5510 1145 5564; x_wconf 90' lang='lat' dir='ltr'><strong>si</strong></span> <span class='ocrx_word' id='word_1_802' title='bbox 1176 5527 1284 5581; x_wconf 88' lang='lat' dir='ltr'><strong>pro</strong></span> <span class='ocrx_word' id='word_1_803' title='bbox 1314 5528 1553 5571; x_wconf 87' lang='lat' dir='ltr'><strong>summa</strong></span> <span class='ocrx_word' id='word_1_804' title='bbox 1584 5522 1682 5572; x_wconf 89' lang='lat' dir='ltr'><strong>tua</strong></span> <span class='ocrx_word' id='word_1_805' title='bbox 1705 5517 2067 5589; x_wconf 87' lang='lat' dir='ltr'><strong>benignitate</strong></span> <span class='ocrx_word' id='word_1_806' title='bbox 2095 5537 2118 5576; x_wconf 87' lang='grc' dir='ltr'><strong>ε</strong></span> 
     </span>
    </p>
   </div>
   <div class='ocr_carea' id='block_1_114' title="bbox 2227 5509 3852 5600">
    <p class='ocr_par' dir='ltr' id='par_1_114' title="bbox 2255 5524 3852 5600">
     <span class='ocr_line' id='line_1_114' title="bbox 2255 5524 3852 5600; baseline 0.004 -28"><span class='ocrx_word' id='word_1_807' title='bbox 2255 5540 2391 5579; x_wconf 89' lang='grc' dir='ltr'><strong>τητα</strong></span> <span class='ocrx_word' id='word_1_808' title='bbox 2445 5526 2533 5574; x_wconf 89' lang='lat' dir='ltr'><strong>xui</strong></span> <span class='ocrx_word' id='word_1_809' title='bbox 2587 5524 2968 5597; x_wconf 83' lang='grc' dir='ltr'><strong>φιλανθρωπίαν</strong></span> <span class='ocrx_word' id='word_1_810' title='bbox 3021 5529 3399 5600; x_wconf 81' lang='grc' dir='ltr'><strong>κεχαρισμένον</strong></span> <span class='ocrx_word' id='word_1_811' title='bbox 3449 5527 3572 5598; x_wconf 79' lang='grc' dir='ltr'><strong>ἡμῖν</strong></span> <span class='ocrx_word' id='word_1_812' title='bbox 3621 5532 3669 5578; x_wconf 85' lang='grc' dir='ltr'><strong>τί</strong></span> <span class='ocrx_word' id='word_1_813' title='bbox 3720 5531 3852 5597; x_wconf 84' lang='grc' dir='ltr'><strong>γίνε-</strong></span> 
     </span>
    </p>
   </div>
  </div>
