4114 6262
475 336 572 390 291
1886 320 2139 378 MENSIS
2176 316 2442 373 JUNIUS.

3742 307 3857 361 292

472 464 635 515 ctum
704 456 834 526 ejus
895 466 1115 523 corpus
1195 450 1513 522 deponitur
1574 447 2001 505 honorabiliter
2062 445 2123 499 in

2255 447 2464 513 ιεγίστῳ
2519 448 2622 492 ναῶ
2675 442 2889 491 Μωκίου
2946 444 3037 487 τοῦ
3091 438 3348 508 μάρτυρος
3402 436 3712 492 πανσέπτως
3765 432 3856 501 ἐγ·-

474 546 742 603 maximo
786 541 1006 612 templo
1060 539 1222 595 Moeii
1276 540 1550 609 martyris
1581 539 1682 610 (Ἰ),
1726 542 1927 607 utpote
1964 535 2125 606 quod

474 650 734 705 magnus
765 631 857 687 ille
890 632 1185 700 Sampson
1226 644 1295 683 ex
1326 644 1396 683 eo
1426 628 1716 683 diceretur
1757 625 1983 681 trahere
2027 639 2125 678 co-

475 723 839 794 gnationem,
890 734 1003 773 non
1044 733 1291 787 corpore
1338 716 1551 781 solum,
1582 715 1685 769 sed
1719 714 1905 769 multo
1939 712 2128 781 magis

475 812 678 867 animo
731 815 786 864 et
838 806 1124 861 moribus.
1153 805 1346 872 Quam
1416 804 1617 860 multis
1678 809 1877 859 autem
1937 801 2130 856 clarus

476 900 647 955 fuerit
674 895 993 958 miraculis,
1023 896 1123 965 qui
1156 900 1243 949 est
1273 894 1330 948 in
1362 893 1535 948 rebus
1560 892 1843 948 omnibus
1871 890 2130 946 maxime

479 986 867 1049 admirabilis,
905 984 1110 1039 nonin
1154 983 1269 1038 vita
1319 983 1541 1045 solum,
1586 984 1690 1036 sed
1716 981 1896 1036 etiam
1948 977 2132 1033 multo

478 1078 667 1146 magis
699 1079 831 1146 post
873 1076 1146 1135 mortem,
1185 1087 1379 1142 neque
1422 1071 1626 1142 lingua
1675 1076 1869 1140 potest
1917 1069 2131 1131 dicere,

2235 533 2567 582 κατατίθεται
2618 548 2630 560 ·
2692 527 2781 578 άτε
2830 522 2897 583 δὴ
2952 529 3042 575 καὶ
3100 527 3400 593 συγγένειαν
3446 521 3606 574 ἕλκειν
3657 520 3857 572 ἐκεῖθεν

2237 627 2327 671 τοῦ
2385 618 2617 689 Μεγάλου
2684 617 3059 687 φημιζομένου,

2237 711 2371 760 κατὰ
2442 716 2594 777 σῶμα
2659 711 2830 776 μόνον,
2887 703 3017 754 ἀλλὰ
3092 707 3181 753 καὶ
3250 701 3399 753 πλέον
3470 704 3606 751 κατὰ
3655 700 3857 770 ψυχὴν

3134 617 3223 663 καὶ
3277 612 3479 671 οἰκείως
3553 614 3719 681 ἔχειν,
3788 609 3857 660 οὐ

2241 793 2449 854 δηλαδὴ
2501 800 2589 846 καὶ
2640 798 2753 854 τοῦς
2805 798 3049 867 τρόπους.
3102 796 3283 850 ’Όσοις
3330 786 3389 842 δὲ
3427 798 3535 850 τοῖς
3581 791 3860 859 θαύμασιν

2241 883 2501 948 ἐδοξάσθη
2562 885 2587 935 ὁ
2639 887 2704 934 τὰ
2742 884 2912 934 πάντα
2958 884 3413 951 θαυμασιώτατος,
3466 879 3523 929 ού
3564 880 3702 928 κατὰ
3755 882 3858 933 τὴν

2242 976 2463 1027 ἐνταῦθα
2495 975 2631 1033 ζωὴν
2678 972 2868 1035 ἁπλῶς,
2920 970 3048 1021 ἀλλὰ
3096 972 3225 1041 μετὰ
3280 972 3368 1019 τὸν
3420 969 3635 1019 θάνατον
3676 966 3859 1035 πολλῷ

2244 1064 2451 1136 μᾶλλον,
2506 1066 2619 1113 οὔτε
2662 1061 2867 1132 γλῶττα
2917 1057 3115 1117 δυνατὴ
3158 1059 3340 1128 λέγειν,
3375 1060 3488 1108 οὔτε
3514 1056 3645 1113 ἀκοὴ
3681 1075 3863 1125 παρα-

2248 1150 2524 1222 δέχεσθαι.
2561 1158 2671 1211 Πώς
2700 1152 2820 1223 γὰρ,
2872 1153 2929 1201 οὐ
2975 1145 3113 1220 μηδὲ
3160 1151 3323 1219 μέχρι
3378 1151 3462 1197 καὶ
3516 1153 3603 1195 νῦν
3656 1146 3705 1195 οἱ
3755 1152 3863 1194 τῶν

2250 1242 2525 1312 θαυμάτων
2565 1241 2791 1296 ἔστησαν
2834 1239 3019 1311 ῥύακες
3066 1254 3076 1265 ⁸
3112 1235 3300 1306 μᾶλλον
3351 1231 3409 1286 δὲ
3452 1230 3574 1285 οὐδὲ
3626 1240 3865 1290 στήσον-

477 1179 673 1235 neque
706 1161 867 1218 auris
896 1159 1229 1216 admittere.
1265 1160 1576 1224 Quomodo
1611 1158 1791 1223 enim,
1826 1157 1996 1227 cujus
2026 1171 2136 1210 nec

477 1254 534 1307 in
598 1251 955 1306 hodiernum
985 1248 1230 1318 quidem
1279 1248 1437 1302 diem
1485 1248 1867 1302 constiterunt
1916 1243 2138 1299 ﬂuenta

478 1338 949 1396 miraculorum?
981 1340 1103 1391 lmo
1153 1352 1291 1391 vero
1349 1351 1456 1390 nec
1501 1334 1826 1390 consistent
1865 1332 2134 1405 quidem,

480 1428 670 1483 donec
698 1426 793 1480 ille
821 1425 976 1480 idem
1010 1423 1204 1487 fuerit,
1228 1427 1285 1478 et
1310 1422 1579 1493 ejusdem
1608 1420 2031 1476 misericordiae
2063 1419 2141 1475 ad

481 1513 965 1570 intercedendum
992 1527 1098 1583 pro
1132 1510 1481 1567 hominibus
1520 1510 1683 1581 apud
1710 1510 1918 1565 Deum.
1951 1509 2144 1563 Pauca

483 1618 646 1673 ergo,
676 1603 721 1656 si
749 1602 1007 1664 videtur,
1037 1600 1113 1655 ad
1138 1601 1237 1655 Dei
1266 1598 1533 1668 gloriam,
1563 1604 1618 1653 et
1648 1614 1878 1662 eorum,
1910 1597 2013 1667 qui
2044 1611 2146 1651 au-

482 1693 673 1757 diunt,
706 1689 1165 1745 delectationem
1199 1704 1269 1743 ac
1302 1688 1607 1743 utilitatem
1639 1702 1712 1741 ex
1740 1687 1810 1741 iis
1838 1702 1973 1757 quae
2015 1687 2148 1755 post

484 1781 611 1851 ejus
693 1779 832 1833 hinc
906 1794 1213 1833 excessum
1278 1776 1436 1832 facta
1514 1780 1673 1839 sunt,
1753 1779 2149 1847 prosequatur
2184 1802 2225 1855 Β
2261 1777 2428 1826 πτέον.

2249 1350 2356 1395 ται,
2402 1330 2495 1389 ἕως
2524 1326 2583 1379 ἂν
2633 1326 2820 1387 ἐκεῖνος
2850 1328 2874 1377 ό
2906 1326 3061 1387 αὐτὸς
3096 1326 3148 1397 ᾗ,
3177 1330 3266 1375 καὶ
3298 1331 3408 1383 τοῖς
3448 1322 3622 1382 αὐτοῖς
3647 1330 3867 1395 χρῆται

2253 1419 2580 1489 σπλάγχνοις
2612 1418 2736 1489 ὑπὲρ
2784 1415 3063 1488 ἀνθρώπων
3094 1418 3221 1487 πρὸς
3249 1416 3378 1465 Θεὸν
3411 1409 3862 1485 διαπρεσϐευόμε-

2252 1528 2337 1568 νος
2365 1525 2378 1568 ;
2410 1508 2590 1577 Ὀλίγα
2617 1510 2808 1571 τοίνυν,
2857 1505 2898 1556 εἰ
2930 1501 3093 1567 δοκεῖ,
3126 1506 3253 1575 πρὸς
3285 1499 3442 1564 δόξαν
3482 1508 3614 1554 Θεοῦ
3650 1505 3744 1551 καὶ
3771 1505 3868 1556 τὴν

2257 1597 2544 1649 ἀκουόντων
2575 1592 2769 1652 ἡδονὴν
2799 1594 2890 1645 καί
2940 1593 3199 1664 ὠφέλειαν,
3248 1600 3346 1643 τῶν
3390 1593 3519 1662 μετὰ
3568 1593 3664 1647 τῆν
3695 1588 3869 1640 ἐντεῦ-

2261 1687 2340 1736 θεν
2399 1684 2558 1735 αὐτοῦ
2617 1685 2894 1755 μετάθεσιν
2958 1686 3236 1753 γενομένων
3304 1688 3376 1748 τῷ
3433 1679 3567 1750 λόγῳ
3636 1677 3869 1749 μεταλη-

486 1866 698 1924 oratio.

2032 1986 2256 2042 CAPUT
2293 1988 2338 2039 ΙΙ

1799 2112 2102 2166 Miracula
2128 2117 2259 2178 post
2294 2116 2559 2167 mortem.

565 2239 649 2292 ΧΙ,
696 2239 761 2291 Et
798 2236 1061 2307 primum
1090 2235 1329 2306 quidem
1372 2235 1462 2302 sit,
1512 2235 1675 2308 quod
1703 2241 1759 2290 et
1804 2235 2002 2290 multaa
2044 2234 2145 2289 lin-

2341 2237 2444 2288 IA'.
2508 2240 2605 2287 Καὶ
2654 2238 2853 2307 πρῶτόν
2900 2254 2957 2305 γε
3007 2242 3180 2300 τοῦτο,
3227 2233 3251 2285 ὁ
3302 2239 3391 2285 καὶ
3420 2234 3643 2305 γλῶτται
3676 2234 3876 2286 πολλαὶ

491 2340 624 2397 guaa
682 2329 922 2392 canunt,
964 2330 1021 2378 et
1068 2323 1195 2377 libri
1247 2323 1457 2389 ferunt,
1505 2329 1562 2379 et
1615 2339 1823 2378 omnes
1886 2322 2151 2399 credunt,

490 2412 734 2485 quodin
760 2412 1029 2483 populari
1077 2412 1351 2478 tumultu,
1394 2412 1682 2467 adversus
1727 2411 2147 2474 Justinianum,

488 2516 777 2571 magnum
808 2501 974 2555 illum
1038 2505 1093 2555 et
1121 2499 1513 2555 clarissimum
1550 2501 1970 2572 imperatorem
2003 2499 2154 2554 exci-

491 2595 610 2646 tato
674 2589 883 2645 accidit
940 2590 1042 2660 (8).
1128 2588 1228 2644 Illo
1278 2595 1543 2660 tempore
1607 2588 2152 2644 audacissimorum

492 2684 671 2750 atque
713 2677 1006 2748 imprimis
1053 2678 1505 2732 temerariorum
1556 2677 1865 2732 hominum
1912 2691 2148 2739 manus,

495 2759 697 2836 ignem
729 2767 1000 2832 ferentes,
1029 2766 1511 2837 praeclarissimas
1542 2772 1598 2820 et
1626 2766 1949 2820 ditissimas
1994 2764 2151 2818 mdes

495 2856 942 2926 aggrediuntur,
989 2862 1167 2926 atque
1215 2854 1562 2924 principium
1609 2852 1882 2908 incendio
1927 2852 2074 2907 dant
2114 2866 2150 2907 θ.

494 2944 757 2999 maximo
805 2942 1019 3014 templo
1072 2942 1171 2997 Dei
1200 2942 1451 3012 Sophiaa,
1480 2942 1641 3014 quod
1683 2957 1819 2997 cum
1842 2941 1901 2995 in
1941 2942 2149 2996 orbem

494 3032 701 3087 omnia
742 3032 1049 3095 exedisset,
1094 3031 1311 3085 deinde
1355 3046 1599 3101 serpens
1637 3031 1799 3085 venit
1843 3046 2034 3101 usque
2073 3030 2149 3085 ad

496 3120 811 3191 praeclaras
842 3120 996 3175 ardes
1026 3118 1211 3174 divini
1241 3120 1599 3189 Sampsonis,
1619 3126 1673 3175 et
1702 3124 1915 3174 tectum
1946 3118 2153 3189 arripit

496 3208 775 3273 celeriter,
817 3216 870 3263 et
911 3209 1167 3263 fremens
1232 3208 1470 3263 ulterius
1511 3209 1815 3280 procedit:
1851 3209 2148 3263 existima-

497 3297 792 3369 baturque
832 3296 975 3361 fore,
1024 3302 1087 3350 ut
1130 3312 1270 3351 mox
1313 3303 1432 3351 tota
1463 3297 1682 3352 domus
1713 3296 1960 3351 omnino
2004 3296 2145 3349 inte-

2262 3297 2470 3349 ϐάνεται
2520 3304 2609 3349 καὶ
2676 3303 2733 3349 τὸ
2786 3304 3098 3372 προσωτέρω
3161 3298 3351 3373 βρέμον
3398 3299 3557 3371 ἐπῄει,
3611 3297 3858 3363 έπίδοξόν

497 3386 652 3441 riret.
704 3386 850 3450 Quid
896 3400 1035 3455 ergo
1088 3389 1177 3439 est
1216 3390 1423 3456 postea
1470 3389 1854 3440 consecutum
1886 3385 1915 3440 ?
1963 3382 2145 3438 Multae

2262 3404 2315 3437 τε
2363 3382 2423 3442 ἧν
2472 3388 2590 3437 ὅσον
2645 3389 2806 3451 οὔπω,
2884 3392 2972 3439 καὶ
3028 3389 3281 3448 παντελῶς
3355 3391 3537 3441 θέσθαι
3605 3396 3675 3457 τῷ
3735 3393 3865 3461 οἴκῳ

498 3474 741 3545 quidem
763 3490 835 3529 ex
860 3474 1109 3528 adverso
1130 3474 1189 3528 in
1218 3490 1289 3527 eo
1312 3473 1711 3528 movebantur
1736 3488 1948 3528 manus
1971 3476 2145 3539 grataa

2264 3476 2476 3549 φθοράν.
2518 3479 2581 3526 Τί
2627 3480 2794 3526 τοίνυν
2850 3480 2905 3528 τό
2950 3480 3081 3547 μετὰ
3128 3485 3294 3528 ταῦτα
3322 3495 3335 3544 ;
3366 3477 3552 3529 πολλαὶ
3723 3478 3865 3530 ἀντι-

499 3569 556 3616 et
605 3561 736 3633 piae,
786 3562 929 3616 nihil
973 3577 1093 3617 non
1151 3562 1448 3626 facientes,
1500 3560 1643 3616 nihil
1676 3577 1795 3616 non
1846 3560 2154 3616 molientes

498 3667 709 3706 eorum
740 3666 875 3721 quas
906 3655 1159 3721 possunt
1188 3651 1313 3705 ﬁeri
1345 3651 1420 3705 ad
1442 3651 1593 3719 ignis
1617 3650 2017 3706 cohibendum
2043 3649 2156 3704 im-

497 3744 724 3810 petum.
761 3738 873 3793 Sed
924 3737 1150 3791 malum
1192 3744 1317 3792 erat
1363 3738 1839 3807 inexpugnabile.
1877 3744 1933 3792 et
1978 3753 2155 3794 omne

500 3825 826 3895 superabat
878 3822 1188 3879 auxilium.
1242 3824 1503 3877 Vincitur
1551 3831 1771 3889 tamen,
1818 3830 1876 3879 et
1927 3841 1997 3880 eo
2054 3826 2158 3880 fuit

497 3914 794 3985 potentior
822 3930 961 3967 cura
998 3912 1201 3983 magni
1249 3912 1621 3981 Sampsonis.
1677 3914 1928 3967 Fuerunt
1972 3912 2154 3977 enim,

498 4001 756 4064 fuerunt,
789 4000 885 4071 qui
914 4005 1056 4055 tunc
1082 4001 1242 4071 digni
1272 4006 1411 4054 sunt
1440 4000 1623 4055 habiti
1660 4000 1926 4055 divinum
1962 4002 2157 4056 videre

501 4092 892 4161 Sampsonem
924 4106 1029 4162 per
1074 4094 1290 4145 tectum
1330 4090 1711 4145 circumcirca
1753 4090 2155 4155 cursitantem,

499 4184 553 4235 et
596 4179 793 4247 ignem
848 4180 1278 4249 increpantem,
1341 4184 1396 4233 et
1446 4178 1624 4234 veluti
1675 4179 2045 4243 frementem,
2102 4186 2157 4237 et

498 4267 929 4323 admirabiliter
984 4270 1110 4338 ejus
1160 4263 1451 4340 impetum
1510 4270 1926 4324 retardantem.
1975 4270 2153 4339 Cujus

498 4357 739 4428 quidem
772 4363 1014 4429 aspectu
1067 4357 1221 4428 ignis
1262 4358 1444 4413 veluti
1482 4358 1935 4429 obstupefactus
1978 4365 2152 4413 retro-

498 4446 711 4500 cessit:
746 4446 959 4499 deinde
990 4462 1127 4499 cum
1156 4448 1376 4500 tonitru
1406 4452 1646 4514 repente
1698 4448 2007 4517 erupisset,
2056 4462 2149 4501 co-

500 4532 675 4605 piosa
703 4548 943 4603 quoque
986 4532 1210 4587 afﬂuxit
1246 4532 1466 4603 pluvia,
1516 4548 1639 4604 quo
1685 4532 1904 4588 factum
1950 4539 2054 4597 est,
2088 4539 2153 4590 ut

498 4620 653 4690 ignis
699 4620 1191 4689 exstingueretur,
1226 4625 1281 4675 et
1315 4619 1534 4675 domus
1582 4626 2046 4677 conservaretur
2088 4622 2151 4676 il-

502 4710 648 4765 laasa
682 4714 894 4782 praeter
920 4714 1136 4765 tectum
1166 4709 1263 4780 (9).

2266 2319 2481 2392 ᾅδουσι,
2515 2329 2602 2375 καὶ
2636 2322 2809 2395 βίϐλοι
2855 2328 3087 2395 φέρουσι,
3139 2328 3226 2374 καὶ
3274 2324 3477 2391 πάντες,
3521 2327 3868 2387 πιστεύουσι,

2264 2416 2354 2462 καὶ
2412 2412 2436 2463 ὃ
2490 2415 2624 2463 κατά
2685 2418 2777 2469 τὴν
2835 2419 2925 2463 τοῦ
2978 2412 3224 2483 μεγάλου,
3280 2416 3433 2483 φημὶ,
3486 2417 3575 2463 καὶ
3633 2416 3772 2483 μέγα
3824 2413 3873 2463 ἐν

2266 2498 2544 2570 βασιλεῦσι
2596 2500 2895 2571 λάμψαντος
2967 2504 3337 2552 Ἰουστινιανοῦ
3397 2508 3488 2551 τοῦ
3543 2496 3720 2570 δήμου
3784 2522 3869 2572 φοι

2262 2592 2376 2661 ραν,
2411 2592 2525 2649 ἣτις
2576 2608 2634 2659 γε
2688 2590 2799 2640 κατ’
2853 2589 3011 2641 αὐτοῦ
3062 2594 3308 2653 συνέστη,
3337 2591 3578 2660 γενέσθαι
3630 2590 3819 2648 συνέϐη
3849 2611 3861 2622 ·

2263 2682 2349 2727 καὶ
2410 2678 2541 2736 ὅπως
2583 2677 2865 2749 πάντολμοί
2921 2697 3053 2738 τινες
3108 2686 3284 2750 χεῖρες
3335 2683 3423 2729 καὶ
3482 2676 3851 2749 φιλοκίνδυνοι,

2265 2774 2363 2837 πῦρ
2418 2764 2705 2836 ἀνάψασαι,
2766 2776 2868 2827 τοῖς
2916 2768 3171 2838 λαμπροῖς
3218 2776 3316 2819 τῶν
3370 2770 3522 2819 οἴκων
3571 2773 3655 2819 καὶ
3699 2768 3847 2819 πολυ-

2261 2858 2507 2925 χρύσοις,
2568 2858 2702 2908 κατὰ
2758 2860 2814 2907 τό
2882 2855 3133 2921 ἐξαίρετον
3192 2855 3523 2909 ἐπιτίθενται.
3600 2856 3842 2927 Ἀρχεται

2260 2946 2349 3014 μὲν
2408 2940 2493 2995 οὖν
2550 2949 2603 2996 τὸ
2657 2948 2813 2996 κακὸν
2866 2943 2964 2995 ἀπὸ
3023 2952 3112 2996 τοῦ
3157 2950 3407 3015 μεγίστου
3466 2953 3591 2995 ναοῦ
3637 2954 3729 3005 τῆς
3764 2954 3849 2996 τοῦ

2263 3040 2394 3085 Θεοῦ
2426 3039 2630 3102 Σοφίας,
2687 3040 2774 3085 καὶ
2819 3037 2882 3085 τα
2912 3034 3083 3104 κύκλῳ
3127 3030 3434 3104 διανεμηθεν
3480 3034 3705 3097 ἅπαντα,
3752 3031 3860 3085 εἶτα

2260 3126 2347 3173 καὶ
2404 3127 2567 3193 μέχρι
2612 3131 2703 3174 τοῦ
2740 3123 2979 3193 λαμπροῦ
3026 3119 3178 3173 τοῦδε
3221 3125 3364 3173 οἴκου
3409 3131 3497 3173 τοῦ
3549 3125 3684 3174 θείου
3725 3130 3857 3194 Σαμ-

2260 3210 2368 3279 ψὼν
2410 3211 2561 3282 ἕρπον
2616 3214 2848 3282 ἔρχεται,
2904 3216 2993 3262 καὶ
3046 3219 3141 3272 τῆς
3193 3211 3383 3283 ὀροφῆς
3438 3210 3589 3273 ὀξέως
3640 3211 3860 3284 ἐπιλαμο

2267 3568 2497 3635 στρόφως
2572 3571 2688 3624 ταῖς
2752 3564 3136 3638 προλαϐούσαις
3208 3564 3467 3617 ἐκινοῦντο
3536 3571 3655 3638 περὶ
3706 3568 3862 3620 αὐτὸν

2263 3660 2433 3723 χεῖρες
2476 3652 2847 3727 φιλοχάριστοι
2905 3659 2989 3705 καὶ
3038 3654 3405 3726 φιλάνθρωποι,
3462 3659 3513 3706 τί
3564 3659 3637 3727 μὴ
3671 3664 3853 3708 ποιοῦ-

2267 3760 2373 3806 σαι,
2434 3747 2522 3793 καὶ
2578 3748 2627 3794 τί
2664 3751 2759 3794 τῶν
2789 3745 3028 3813 γενέσθαι
3084 3741 3377 3814 δυναμένων
3429 3744 3487 3794 ού
3540 3753 3860 3816 μηχανώμε-

2264 3850 2346 3880 ναι
2393 3834 2516 3902 πρὸς
2565 3834 2842 3901 ἐπίσχεσιν
2889 3839 2981 3892 τῆς
3034 3839 3124 3883 τοῦ
3175 3839 3331 3905 πυρός
3376 3833 3547 3905 ῥύμης
3598 3853 3609 3865 ·
3648 3832 3776 3885 ἀλλα
3803 3838 3863 3886 τό

2268 3914 2431 3969 δεινὸν
2484 3920 2693 3989 ἄμαχον
2754 3917 2835 3985 ἧν,
2904 3926 2991 3971 καὶ
3068 3924 3241 3982 πάσης
3303 3922 3642 3995 ἰσχυρότερον
3728 3922 3865 3995 βοη-

2270 4007 2401 4065 θείας
2432 4023 2443 4034 ·
2477 4008 2689 4063 ἡττᾶται
2725 4005 2775 4059 δ’
2822 4004 2908 4060 οὖν
2957 4011 3113 4079 ὅμως,
3154 4014 3242 4061 καὶ
3294 4015 3537 4080 κρείττων
3569 4013 3597 4067 ἡ
3634 4020 3722 4063 τοῦ
3751 4019 3861 4065 Με-

2265 4094 2421 4165 γάλου
2460 4100 2759 4166 πρόστασία
2809 4101 3028 4166 γίνεται,
3084 4097 3252 4149 Ἦσαν
3303 4102 3425 4171 γὰρ,
3482 4095 3635 4164 ἦσαν,
3688 4099 3735 4151 οἱ
3769 4105 3860 4153 τὸν

2267 4184 2396 4233 θεῖον
2426 4190 2539 4234 τότε
2578 4183 2797 4254 Σαμψὼν
2841 4185 3077 4246 ἠξιοῦντο
3129 4187 3349 4259 θεωρεῖν,
3382 4186 3552 4257 κύκλῳ
3600 4194 3693 4249 τῆς
3744 4188 3863 4261 ὁρο-

2264 4278 2357 4341 φῆς
2409 4274 2725 4343 περιθέοντα,
2767 4271 3079 4345 ἐπιτιμῶντα
3134 4293 3184 4325 τε
3242 4282 3311 4343 τῷ
3370 4280 3515 4346 πυρὶ,
3557 4281 3645 4327 καὶ
3702 4279 3863 4328 οἱονεὶ

2262 4358 2665 4431 ἑμϐριμώμενον,
2752 4367 2840 4413 καὶ
2920 4370 3008 4421 τῆς
3094 4364 3251 4435 ὁρμῆς
3327 4364 3466 4432 αὐτῷ
3547 4362 3862 4439 παραδόξως

2263 4446 2689 4518 ἀναχαιτίζοντα,
2769 4450 2828 4501 οὗ
2913 4454 2995 4500 καὶ
3068 4455 3159 4507 τὴν
3245 4453 3359 4503 θέαν
3437 4451 3594 4504 ἐκεῖνο
3680 4455 3855 4527 ὥσπερ

2260 4536 2605 4606 καταπλαγὲν,
2648 4538 2718 4597 εἰς
2765 4538 3002 4589 τούπίσω
3063 4557 3113 4589 τε
3159 4537 3368 4611 ἐχώρει,
3422 4545 3510 4590 καὶ
3569 4540 3851 4593 ἀνεκόπτε-

2259 4642 2315 4674 το
2352 4640 2363 4651 °
2400 4626 2573 4676 ἔπειτα
2623 4624 2846 4697 βροντῆς
2900 4626 3082 4697 ἁθρόον
3136 4626 3587 4701 καταῤῥαγούσης,
3640 4630 3853 4702 ιῇαϐρος,

2258 4713 2363 4773 οἷος
2395 4709 2625 4783 δαψιλὴς
2673 4712 2912 4787 ἐπεῤῥύη,
2946 4717 3013 4775 ὡς
3063 4714 3305 4780 ἐντεῦθεν,
3356 4720 3413 4768 τό
3459 4720 3547 4788 μὲν
3577 4725 3679 4789 πῦρ
3723 4717 3856 4770 ἁπο-

2179 4808 2223 4861 D
2261 4799 2463 4865 σϐέσαι,
2500 4798 2825 4861 διασωθῆναι
2866 4799 2923 4855 δὲ
2962 4809 3050 4855 καὶ
3092 4807 3177 4855 τὸν
3214 4801 3349 4856 οἷκον
3376 4805 3504 4863 πλὴν
3534 4814 3627 4867 τῆς
3661 4808 3856 4881 ὀροφῆς

2265 4888 2438 4948 ἀπαθῆ
2452 4931 2464 4943 .

574 5082 653 5162 (Ἰ)
698 5082 803 5160 “De
885 5080 938 5135 S.
1023 5078 1206 5134 Mocio
1292 5080 1545 5147 martyre
1627 5081 1826 5132 actum
1901 5083 1987 5134 est
2060 5079 2155 5134 die
2337 5080 2413 5151 (9)
2451 5082 2944 5162 Hoemiraculum
2975 5102 3141 5162 aegre
3172 5088 3470 5162 conciliari
3500 5093 3691 5162 potest
3715 5108 3848 5147 cum

509 5158 561 5206 11
602 5152 753 5205 Maii.
958 5220 969 5230 .
1004 5220 1013 5230 .
1745 5219 1754 5227 ι
1806 5219 1815 5228 _
1911 5221 1919 5229 _
2264 5167 2353 5215 eo,
2387 5154 2548 5276 quod
2572 5153 2744 5208 habet
2773 5154 3102 5211 Chronicon
3137 5152 3519 5229 praecitatum'.
3554 5178 3851 5229 asserens,

575 5222 655 5276 (8)
688 5223 817 5273 Haec
849 5222 1056 5274 seditio
1078 5219 1233 5273 facta
1255 5224 1339 5273 est
1369 5234 1528 5273 anno
1555 5235 1588 5271 v
1612 5220 1942 5276 Justinianl.
1977 5226 2152 5276 atque
2262 5238 2382 5276 auo
2472 5225 2529 5276 in
2590 5227 2865 5276 Drmiilclo
2912 5228 3162 5276 tumulm
3223 5232 3511 5276 nnnnlm-i-
3544 5236 3705 5276 :nrzm
3762 5242 3851 5276 mi

575 5222 655 5301 (εξ)
688 5223 817 5301 Haec
849 5219 1339 5301 sedi-tiofaetaest
1368 5234 1528 5301 anno
1555 5235 1588 5271 v
1612 5219 1942 5301 J'ustiniani,
1977 5226 2152 5301 atque
2262 5219 2439 5301 quod»
2472 5225 2537 5301 in_
2590 5227 2865 5301 praedicto
2912 5219 3164 5283 tumultu
3223 5232 3511 5301 populari.
3544 5236 3705 5285 Ξενὼν
3762 5219 3855 5287 τοό

506 5290 759 5348 exeitata
783 5297 866 5366 est
898 5306 932 5366 a
962 5290 1305 5366 Victoriatis,
1359 5296 1440 5345 ita
1479 5290 1803 5366 appellatis,
1845 5292 2005 5366 quod
2049 5290 2145 5366 pro

2262 5293 2485 5363 Σαμψὼν
2516 5296 2540 5346 ὁ
2567 5300 2722 5366 μέγας
2771 5296 2984 5355 ἐκαύθη,
3014 5304 3102 5351 καὶ
3135 5290 3391 5353 ὸπῶλοντο
3420 5305 3467 5355 οἱ
3494 5301 3539 5354 ἓν
3573 5305 3708 5366 αὐτῷ
3736 5304 3857 5357 ἀνα-

505 5370 727 5443 tessera
756 5363 978 5443 rbnNixct
1025 5362 1208 5443 l’ince,
1240 5364 1823 5443 assumerentqlianc
1874 5362 1998 5416 fuse
2048 5364 2145 5443 de-

2262 5362 2787 5443 κείμενοιάῤῥρστοι.
2842 5370 3127 5443 Magnum
3178 5371 3541 5443 Sampsouis
3592 5364 3860 5432 xenodo-

507 5433 771 5517 scribilnt
803 5430 1132 5517 Et‘ocoi‘d'us
1152 5433 1217 5485 de
1249 5433 1411 5517 Ibello
1442 5433 1598 5517 Pers‘.
1634 5434 1733 5486 lib.
1789 5449 1824 5497 1,
1878 5449 2009 5517 cap;
2060 5435 2149 5517 ἓξ,
2260 5430 2457 5517 obium
2482 5430 2898 5517 conﬂagravit,
2934 5430 2988 5496 et
3019 5430 3366 5499 interierunt
3396 5445 3501 5517 qui
3531 5446 3591 5501 in
3623 5430 3860 5505 illoide-

506 5511 561 5559 et
613 5500 945 5558 Chronicon
981 5502 1460 5558 Alexandrinum
1516 5504 1592 5559 ad
1633 5520 1857 5559 annum
1906 5500 2153 5559 v'Justi-
2260 5500 2884 5565 cumbebantinﬁrmi.

507 5574 686 5640 niani,
723 5576 831 5628 etc.
