4114 6262
208 296 314 351 293

1519 301 1686 356 VITA
1725 297 1765 353 S
1778 343 1790 354 .
1839 295 2174 360 SAMPSON
2180 308 2260 365 IS.

3457 328 3558 381 294

282 420 382 473 IB’.
439 422 778 492 Προσκείσθω
827 427 917 473 καὶ
969 424 1254 496 ἓτερα¹τῶν
1319 429 1616 497 θαυμάτων,
1648 425 1705 478 ού
1745 427 1800 476 τὸ

1993 427 2101 484 XII.
2123 432 2486 504 Adjiciantur
2515 438 2631 496 alia
2659 456 2898 514 quoque
2932 443 3237 512 miracula,
3273 462 3393 503 non
3423 466 3560 521 quis

209 509 418 570 πολλοῖς
468 528 711 581 πρότερον
740 517 986 581 γενόμενα
1030 519 1264 585 χρόνοις,
1307 511 1378 566 δι’
1434 514 1653 586 ἀπορίαν
1697 534 1805 565 και-

211 607 308 650 νῶν
341 603 430 650 καὶ
481 601 792 670 προσφάτων
838 597 986 665 (ούδε
1037 606 1138 676 γὰρ
1186 603 1511 655 ἐκλείπουσιν
1560 605 1693 675 ἄχρι
1721 606 1811 654 καὶ

211 693 300 738 νῦν
339 695 435 738 τῶν
491 695 738 757 ποταμῶν
791 691 1086 760 μιμούμενα
1134 695 1254 752 τοὺς
1297 693 1504 766 ῥέοντας
1546 689 1808 761 ἀεννάως),

217 774 343 826 ἀλλὰ
400 779 462 826 τα
513 783 683 847 μικρῷ
734 779 957 848 πρόσθεν
1011 786 1342 852 γεγενημένα,
1394 782 1476 833 ἵνα
1531 785 1620 833 καὶ
1662 780 1809 832 πλέον

211 861 346 913 οὕτω
397 865 563 914 πιστὰ
614 867 714 930 εἴη,
775 869 840 917 τα
878 869 966 936 μὲν
1023 867 1213 930 αύτούς
1261 868 1478 932 ἐκείνους
1529 865 1808 940 διηγουμέ-

211 969 330 1012 νους
386 953 597 1022 ἔχοντα,
653 956 776 1014 τούς
828 964 928 1006 τῶν
972 960 1208 1028 χαρίτων
1246 955 1611 1028 ἁποναμένους,
1644 957 1806 1029 γλωτ-

208 1057 304 1100 τας
353 1039 644 1110 φιλαλήθης
694 1047 785 1094 xui
853 1052 920 1113 τῷ
976 1042 1164 1114 ψεύδει
1197 1050 1528 1098 παντάπασιν
1578 1045 1809 1116 ἀπεχθα-

207 1133 446 1198 νομένας⁸
501 1132 567 1180 τὰ
619 1127 678 1182 δὲ
728 1135 850 1193 τοὺς
895 1137 1028 1204 γένει
1077 1141 1438 1207 προσήκοντας
1471 1138 1499 1191 ἧ
1556 1136 1811 1206 ὑπηρετὴ-

212 1234 400 1276 σαντας
480 1221 510 1274 ἤ
579 1217 739 1280 ἄλλως
793 1221 1137 1292 ᾠκειωμένους
1192 1222 1370 1284 αύτοίς
1433 1223 1637 1283 ἐκείνοις
1705 1231 1812 1283 τοῖς

205 1312 304 1356 τῶν
389 1307 664 1378 θαυμάτων
713 1315 1124 1383 πεπειραμένοις.
1182 1311 1382 1363 Αύτίκα
1435 1322 1559 1382 γονν
1611 1309 1813 1364 Θεοδω-

215 1412 384 1466 ριτος,
447 1397 471 1446 ὁ
533 1404 605 1466 τῷ
652 1398 1335 1471 Σπαθαροκουϐικουλαρίων
1393 1397 1692 1473 διαπρέπων
1730 1403 1816 1451 τά·

209 1502 395 1553 γματι,
523 1485 681 1544 πολλή
727 1506 784 1557 γε
826 1489 856 1544 ἡ
910 1486 1062 1559 ἀρετὴ
1105 1497 1466 1560 μαρτυρεῖται,
1505 1493 1815 1559 χρηστότης

204 1573 337 1638 μετὰ
421 1579 514 1634 τῆς
591 1573 850 1640 ἀληθείας,

205 1658 369 1720 Οὗτος
455 1663 716 1735 ὑπηρέτης
793 1664 868 1726 ἦν,

923 1582 1013 1628 καὶ
1097 1579 1455 1650 μετριοπαθὴς
1549 1576 1810 1628 ἐπιείκεια·

947 1669 1038 1716 καὶ
1128 1666 1394 1737 ὑπηρετῶν
1477 1666 1809 1724 οἰκειότατοςι

1918 517 2120 574 multis
2155 530 2289 579 ante
2319 528 2491 581 annis
2518 527 2672 584 facta
2699 539 2856 600 sunt,
2888 533 3052 604 quod
3084 534 3284 591 desint
3316 517 3472 594 nova
3506 544 3564 594 et

1919 611 2175 665 recentia
2199 611 2344 682 (non
2377 616 2536 671 enim
2567 619 2626 672 in
2651 619 3004 676 hodiernum
3025 639 3214 694 usque
3240 625 3399 682 diem
3419 627 3564 684 deﬁ-

1921 693 2100 760 ciunt,
2152 708 2352 772 utpote
2403 720 2685 775 perennes
2735 706 3024 764 imitantia
3053 693 3313 784 ﬂuvios),
3349 715 3453 770 sed
3494 731 3565 772 ea

1919 797 2054 853 quae
2103 789 2280 857 paulo
2330 799 2466 846 ante
2494 796 2887 864 contigerunt,
2929 797 3186 871 ideoque
3213 809 3351 858 sunt
3376 806 3564 876 magis

1921 873 2224 932 credibilia
2269 895 2282 944 ;
2324 895 2583 952 quisque
2631 885 2812 940 relata
2863 885 3119 957 fuerunt,
3174 894 3303 947 tum
3365 892 3442 947 ab
3485 873 3563 948 iis

1918 957 2080 1030 ipsis,
2127 964 2231 1034 qui
2267 965 2556 1024 beneﬁcia
2586 974 2886 1029 consecuti
2913 981 3071 1040 sunt,
3107 976 3247 1032 viris
3272 979 3562 1047 veridicis,

1919 1052 1975 1103 et
1999 1053 2195 1105 omnis
2216 1055 2511 1112 mendacii
2532 1061 2810 1115 osoribus
2844 1079 2857 1116 :
2893 1068 3016 1116 tum
3051 1064 3128 1120 ab
3167 1065 3299 1132 illis,
3333 1070 3435 1140 qui
3465 1077 3568 1126 aut

1921 1142 2369 1209 consanguinei,
2389 1151 2492 1201 aut
2517 1145 2742 1214 famuli,
2769 1155 2872 1204 aut
2901 1150 3066 1206 aliter
3096 1152 3419 1211 familiares
3434 1157 3564 1213 fue-

1920 1231 2060 1310 runt
2097 1227 2184 1293 iis,
2218 1230 2276 1284 in
2327 1233 2548 1302 quibus
2604 1237 2895 1294 miracula
2941 1247 3173 1310 patrata
3217 1250 3373 1300 sunt.
3405 1246 3570 1302 Adsit

1921 1305 2099 1380 igitur
2171 1317 2575 1390 Theodoritus,
2661 1305 3357 1395 Spathardcubicularius
3430 1335 3569 1390 insi-

1925 1401 2058 1470 gnis
2108 1405 2240 1476 (1ο),
2287 1409 2454 1478 cujus
2495 1412 2879 1470 testatissima
2927 1423 3015 1472 est
3043 1419 3247 1490 virtus,
3280 1422 3566 1494 probitas,

1923 1492 2234 1560 veracitas,
2267 1501 2324 1551 et
2349 1514 2588 1556 summa
2613 1501 2799 1557 animi
2846 1506 3195 1563 moderatio.
3250 1492 3300 1564 Is
3327 1516 3454 1567 erat
3481 1513 3566 1570 fa-

1925 1577 2140 1647 mulus,
2173 1587 2230 1638 et
2246 1583 2603 1643 famulorum
2648 1588 3170 1663 familiarissimus,
3211 1603 3269 1653 et
3295 1598 3571 1656 ﬁdelissi-

1926 1683 2059 1721 mus
2094 1671 2298 1726 Leonis
2325 1673 2500 1746 illius,
2531 1677 2635 1749 qui
2663 1685 2787 1735 erat
2817 1696 2887 1736 ex
2918 1683 3125 1739 ordine
3157 1687 3566 1758 patriciorum,

221 1751 438 1810 Λέοντος
489 1749 678 1802 ἐκείνου
734 1757 890 1824 φημὶ,
936 1755 990 1804 ὃν
1043 1754 1068 1804 ὁ
1120 1762 1219 1824 τῷν
1275 1759 1566 1826 Πατρικίων
1623 1772 1677 1805 τε
1727 1772 1800 1802 xu.

1923 1759 1979 1810 et
1996 1760 2474 1829 praepositorum,
2494 1765 2718 1837 quique
2731 1769 2916 1836 gessit
2950 1749 3364 1841 magistratum
3383 1749 3568 1834 Drun;

202 1843 566 1909 πραιποσίτων
631 1837 744 1911 εἶχε
807 1845 995 1914 χορός,
1065 1847 1154 1894 καὶ
1214 1844 1263 1902 ὃς
1320 1842 1538 1914 μετῆλθε
1590 1846 1677 1913 μὲν
1728 1845 1813 1893 τὸν

201 1933 296 1978 τοῦ
349 1935 706 2003 Δρουγγαρίου
752 1939 851 1982 τῶν
883 1929 1162 2003 πλωίμων,
1219 1931 1437 2002 μετῆλθε
1485 1927 1543 1982 δὲ
1588 1936 1677 1982 καὶ
1721 1935 1814 1987 τὴν

206 2023 300 2065 τοῦ
333 2020 623 2088 Λογοθέτου
674 2027 766 2071 τού
807 2016 1008 2094 δρόμου
1061 2019 1265 2094 ἀρχὴν,
1305 2019 1380 2092 ἐφ’
1509 2025 1596 2072 xui
1643 2023 1818 2077 τέθνη-

204 2121 288 2154 κεν
334 2105 392 2156 ού
439 2105 586 2158 πλέον
628 2111 760 2178 μετὰ
805 2112 892 2160 τὸν
948 2108 1154 2161 ἐκείνου
1208 2111 1443 2174 θάνατον,
1494 2109 1523 2167 ἡ
1573 2117 1728 2180 μῆνες
1753 2113 1812 2161 τό

200 2196 469 2261 μέγιστον,
527 2199 690 2248 πέντε.
750 2202 924 2267 Τούτῳ
1002 2207 1288 2268 τοιγαροῦν
1364 2205 1436 2267 τῷ
1493 2195 1810 2270 Θεοδωρίτῳ,

195 2285 288 2332 καὶ
333 2280 500 2355 ἔτερος
560 2284 621 2341 ἧν
664 2285 829 2354 [Λέων
874 2286 1118 2356 τοῦνομα]
1180 2295 1280 2338 τῶν
1330 2287 1810 2358 συνυπηρετούντων

194 2377 268 2431 τῷ
322 2375 589 2442 περιφανεῖ
647 2376 850 2438 Λέοντι,
906 2373 1032 2425 ἀλλά
1088 2379 1176 2426 καὶ
1225 2374 1420 2434 οἰκείως
1457 2374 1682 2445 ἐχόντων
1720 2382 1808 2429 καὶ

197 2453 420 2508 ἰδιωτῶν
491 2478 589 2523 τις,
654 2463 1137 2534 πρωτοσπαθοίριός
1189 2481 1240 2513 τε
1289 2464 1390 2534 γὰρ
1463 2458 1545 2529 ἣν,
1595 2467 1684 2514 καὶ
1737 2465 1806 2524 ὡς

198 2547 410 2607 σύνηθες
456 2548 755 2619 ὀνομάζειν,
806 2548 892 2601 ἐπὶ
958 2557 1050 2601 τοῦ
1129 2548 1488 2620 Μαγκλαϐίου,
1549 2549 1687 2620 φίλος
1750 2567 1805 2601 τε

197 2642 271 2704 τῷ
322 2633 634 2710 Θεοδωρίτῳ
669 2639 717 2699 ἐς
766 2640 831 2690 τὰ
859 2637 1092 2710 μάλιστα
1137 2643 1227 2690 καὶ
1273 2642 1630 2712 συνυπηρέτης
1677 2640 1804 2710 ὁμό-

195 2723 397 2796 ψυχος.
439 2729 616 2797 Τούτῳ
644 2731 813 2778 τοίνυν
846 2735 918 2796 τῷ
966 2730 1149 2780 Λέοντι
1197 2727 1222 2778 ὁ
1272 2730 1620 2801 Δρουγγάριος
1665 2730 1800 2780 κατά

197 2832 318 2865 τινα
374 2818 634 2886 πρόφασιν
678 2814 996 2886 χαλεπήνας,
1062 2813 1114 2876 ἐξ
1171 2815 1336 2884 ὄψεώς
1390 2834 1443 2866 τε
1499 2817 1655 2879 ἔθετο,
1709 2825 1799 2873 καὶ

196 2901 506 2975 παρρησίας
574 2901 728 2954 αὐτὸν
802 2902 1064 2960 ἀπέστησε
1114 2909 1208 2962 τῆς
1275 2904 1550 2966 συνήθους,
1609 2907 1799 2974 χρόνον

207 2990 336 3060 οὐχι
378 2988 612 3063 βραχύν.
661 2993 876 3064 Μάρτυς
923 2990 1028 3061 εἰμί
1080 3009 1171 3040 και
1215 2990 1364 3048 αύτὸς
1410 2999 1504 3050 τῆς
1543 2994 1674 3062 πρὸς
1714 2995 1797 3042 τὸν

1925 1845 2072 1912 garii
2103 1847 2213 1919 (11)
2242 1848 2707 1919 classiariorum,
2741 1871 2974 1913 necnon
2995 1861 3422 1919 ratiocinatoris
3452 1866 3567 1938 (12)

1923 1949 2133 1990 cursus
2167 1953 2181 2001 ;
2209 1936 2267 1992 in
2315 1955 2437 2010 quo
2468 1941 2624 1996 diem
2657 1943 2873 2000 clausit
2901 1953 3253 2018 extremum,
3287 1967 3409 2008 non
3439 1936 3564 2010 am;-

1923 2023 2078 2094 plius
2122 2041 2308 2096 quam
2355 2044 2618 2096 menses,
2670 2038 2734 2087 ut
2774 2049 3101 2102 summum,
3131 2040 3397 2111 quinque
3427 2047 3566 2113 post

1921 2112 2150 2170 obitum
2199 2115 2373 2171 illius.
2410 2121 2543 2176 Erat
2568 2119 2921 2179 Theodorito
2958 2125 3099 2181 huic
3137 2128 3312 2184 etiam
3365 2112 3562 2188 socius

1919 2216 1991 2256 ex
2040 2217 2291 2260 numero
2335 2222 2539 2264 secum
2570 2209 3224 2271 famulantiumillustri
3271 2219 3461 2285 Leoni,
3507 2223 3564 2276 et

1918 2289 2045 2360 ipse
2063 2293 2172 2347 Leo
2185 2293 2398 2360 dictus,
2415 2295 2660 2352 domino
2673 2315 2782 2354 suo
2794 2300 3011 2356 cbarus
3027 2310 3202 2376 atque
3232 2305 3556 2363 familiaris.

1920 2379 2050 2434 Erat
2096 2380 2256 2436 enim
2304 2385 2812 2455 protospatharius
2851 2394 2906 2443 et
2959 2399 3020 2444 ut
3087 2408 3217 2447 mos
3248 2399 3338 2449 est
3368 2395 3560 2451 nomi-

1915 2480 2058 2522 nare
2107 2468 2241 2540 (13),
2287 2469 2346 2524 in
2399 2473 2726 2530 Manclabio
2773 2475 2911 2547 (14).
2970 2479 3067 2534 Hic
3124 2497 3397 2538 summus
3437 2490 3562 2539 erat

1911 2553 2245 2611 Theodoriti
2284 2559 2538 2628 amicus,
2584 2567 2640 2617 et
2685 2565 2985 2620 unanimis
3044 2569 3239 2624 socius
3286 2570 3348 2625 in
3387 2571 3560 2627 mini-

1913 2643 2109 2698 sterio.
2141 2644 2285 2700 Huic
2305 2653 2505 2702 autem
2539 2651 2716 2706 Leoni
2738 2667 2875 2707 cum
2899 2654 3101 2728 aliqua
3120 2657 3193 2713 de
3216 2675 3399 2716 causa
3425 2678 3556 2718 suc-

1908 2733 2236 2789 censuisset
2263 2734 2647 2805 Drungarius,
2694 2754 2832 2794 eum
2862 2741 3073 2798 habuit
3103 2752 3467 2817 suspectum,
3497 2755 3554 2807 et

1908 2823 2172 2892 tempore
2199 2838 2317 2878 non
2353 2839 2539 2895 parvo
2564 2842 2703 2883 eum
2734 2843 2770 2884 a
2799 2838 3082 2889 consueta
3108 2837 3362 2892 removit
3386 2838 3552 2894 fami-

1905 2905 2174 2974 liaritate,
2229 2916 2287 2965 et
2315 2912 2393 2967 ab
2419 2929 2510 2980 ea,
2539 2931 2724 2986 quam
2773 2919 2939 2989 prius
2979 2921 3264 2988 habebat,
3309 2925 3551 2984 ﬁducia.

1906 2993 2045 3048 Sum
2078 3011 2320 3069 quoque
2345 3015 2458 3069 ego
2479 3004 2638 3058 testis
2658 3005 2967 3076 Drungarii
2992 3009 3279 3068 adversus
3296 3014 3550 3072 Leonem

201 3082 401 3131 Λέοντα
448 3077 804 3149 χαλεπότητος
859 3086 949 3130 τού
999 3074 1206 3149 ἀνδρὸς,
1261 3083 1348 3129 καὶ
1400 3083 1492 3134 τὴν
1547 3077 1798 3150 ἀποστρο-

1915 3082 2351 3152 lndignationis,
2400 3089 2644 3162 vidique
2686 3095 3060 3153 aversionem
3089 3099 3217 3168 ejus
3246 3108 3302 3156 et
3329 3103 3548 3160 diutur-

203 3170 302 3238 φὴν
351 3163 494 3231 οἴδα,
550 3172 640 3220 καὶ
689 3172 783 3226 τὴν
830 3171 1047 3240 χρονίαν
1097 3166 1410 3220 ἀπόστασιν.
1455 3169 1682 3241 Καὶγὰρ
1710 3171 1798 3219 καὶ

199 3255 356 3316 αὐτὸς
409 3255 587 3318 ἠξίουν
635 3257 760 3328 ὑπὲρ
805 3263 897 3308 τοῦ
949 3259 1178 3319 Λέοντος,
1231 3253 1371 3326 φίλος
1416 3259 1483 3306 ὧν
1533 3260 1620 3306 xui
1675 3274 1796 3307 συν-

201 3346 331 3405 ήθης
384 3353 455 3414 τῷ
502 3349 858 3420 Δρουγγαρίῳ.
902 3344 1110 3395 Ἠνιᾶτο
1165 3347 1333 3396 τοίνυν
1385 3345 1410 3394 ό
1465 3349 1605 3396 Λέων
1657 3343 1796 3417 μάλα

202 3429 441 3507 σφοδρῶς
478 3438 567 3486 xui
612 3431 810 3505 ἀθυμίᾳ
857 3436 1148 3504 συνείχετο,
1192 3435 1281 3483 xui
1317 3437 1409 3490 τὴν
1455 3432 1618 3490 λύπην
1659 3434 1789 3504 εἶχε,

199 3526 288 3573 xui
355 3523 523 3574 αύτῶν
604 3521 796 3574 ὀστέων
881 3521 1171 3593 ἁπτομένην
1253 3525 1342 3573 xui
1415 3521 1628 3592 μυελῶν,
1704 3528 1793 3574 xui

205 3610 440 3684 ἰσχυρῶς
479 3617 762 3670 τόκουσαν.
812 3610 909 3662 Ἦν
959 3607 1018 3662 δὲ
1064 3613 1122 3662 τὸ
1168 3608 1359 3662 λυποῦν
1408 3610 1466 3662 ού
1514 3616 1666 3682 μόνον
1702 3620 1790 3664 τοῦ

204 3704 440 3762 Λέοντος,
490 3698 618 3750 ἀλλὰ
673 3702 760 3770 μὲν
817 3703 907 3750 καὶ
955 3695 1276 3770 Θεοδῶριτος
1330 3701 1414 3750 τόν
1467 3699 1620 3752 αὐτὸν
1662 3699 1793 3752 εἷλκε

201 3788 362 3857 ζύγόν
404 3795 498 3838 τού
542 3787 717 3858 λόγου,
751 3792 838 3838 xui
884 3787 1122 3858 συνήλγει
1151 3787 1290 3858 αύτῷ
1345 3792 1433 3839 xui
1469 3793 1789 3860 συνέπασχε,

203 3882 377 3947 νόμοις
433 3879 578 3928 εἴκων
633 3875 1033 3950 φιλανθρωπίας,
1104 3876 1190 3928 ἅτε
1242 3873 1310 3934 δὴ
1390 3876 1531 3948 φίλος
1585 3879 1652 3929 ὢν
1703 3885 1792 3932 xui

206 3969 581 4036 συνυπηρέτης,
615 3967 786 4036 ὥσπερ
813 3966 838 4016 ό
859 3964 1009 4034 λόγος
1037 3966 1242 4036 φθάσας
1265 3962 1542 4023 ἐδήλωσεν,

281 4057 376 4106 1Γ’.
409 4056 582 4124 Ταύτῃ
629 4057 796 4105 τοίνυν
825 4050 964 4124 μηδὲ
1006 4057 1165 4126 φέρων
1219 4054 1352 4106 οὕτω
1393 4057 1670 4127 πάσχοντα
1706 4061 1792 4109 τὸν

209 4147 401 4196 Λέοντα
445 4143 691 4215 καθορᾷν,

204 4251 314 4284 νευε
373 4239 482 4291 τοῖς
554 4231 726 4301 λόγοις
801 4239 910 4291 τοίς
971 4235 1095 4304 πρὸς
1150 4236 1236 4283 τόν
1294 4230 1484 4283 ἑαυτῶν
1539 4230 1796 4290 δεσπότην

201 4317 432 4395 (σφόδρα
468 4323 567 4393 γὰρ
598 4316 954 4392 δυσπρόσιτός
1002 4338 1056 4371 τε
1085 4325 1174 4370 xui
1206 4316 1610 4390 ὃνσομίλητοςό
1644 4320 1794 4392 ἀνὴρ,

201 4414 290 4460 xui
347 4409 572 4480 μάλιστα
620 4407 668 4458 ἐν
739 4409 1045 4478 ὑπηρέταις)
1098 4411 1187 4457 xui
1242 4406 1388 4466 ἠξίου
1467 4413 1582 4481 περὶ
1639 4409 1795 4461 αὐτού

200 4503 389 4569 τρόπον
445 4500 532 4547 τόν
574 4498 819 4568 ἔμφρονα·
868 4497 1114 4564 Οῖχεται,
1165 4493 1345 4562 λέγων,
1398 4493 1422 4544 ὁ
1476 4500 1612 4547 Λέων
1653 4501 1794 4568 οἶχε,

201 4605 307 4638 ται·
349 4583 464 4646 δέος
517 4589 587 4656 μὴ
636 4588 722 4634 xui
773 4580 971 4656 δρᾶσαι
1026 4586 1114 4652 μέν
1152 4601 1202 4632 τι
1232 4590 1330 4633 τῶν
1373 4583 1638 4653 χαλεπῶν,
1673 4588 1793 4658 ὅπερ

201 4676 440 4748 ἄντικρυς
483 4672 541 4724 ού
587 4671 896 4742 βουλόμεθα,
964 4666 1102 4740 μηδὲ
1155 4672 1373 4722 θανάτου
1457 4683 1792 4747 καταστῶμεν

772 4141 1034 4214 ἀπετόλμα
1082 4139 1287 4201 δηλαδὴ
1339 4149 1428 4195 xui
1486 4142 1795 4217 παρεκινδύ-

272 4851 388 4921 (10)
414 4849 708 4934 Spatharii
724 4848 1050 4934 ὀΐω-1,.ᾳυί
1079 4848 1371 4934 (διιείσάιὲ
1393 4852 1658 4921 corporis
1684 4851 1793 4934 im-

199 4919 500 5003 peratoris
513 4928 690 5003 erant.
706 4919 992 5003 deputati,
1013 4936 1044 4975 a
1069 4936 1214 5003 voce
1232 4922 1429 5003 Σπάθα,
1453 4919 1588 5003 qua;
1608 4923 1793 5003 Hgio-

199 4991 324 5049 rem
351 4992 621 5063 gtadz'um
644 4991 954 5063 rsigniﬁcat,
978 4991 1188 5063 quoilli
1207 4991 1612 5063 armabantur.
1639 4991 1785 5050 Vide

199 5062 487 5146 Cangiu‘m
512 5065 570 5145 in
594 5062 887 5143 Glossario
917 5062 1433 5146 Griecofbarbaro.
1469 5064 1788 5146 Spath‘arot

198 5133 620 5195 cubicularius,
661 5133 765 5205 qui
815 5133 982 5187 simul
1014 5133 1297 5204 spatharii
1338 5139 1395 5188 et
1440 5135 1786 5192 cubicularii

198 5207 880 5292 munerefungebatur.‘
1303 5291 1309 5292 γ
1376 5290 1390 5292 _
1706 5285 1724 5292 Ε

269 5279 378 5349 (ll)
413 5273 794 5359 Drungarius,
825 5274 988 5359 idest
1012 5273 1341 5359 praefectus,
1369 5290 1565 5359 a'voce
1594 5283 1784 5359 ρρουγ-

192 5347 305 5432 γος,
337 5365 472 5421 qum
504 5348 748 5404 Globum
775 5347 1036 5426 militum.
1059 5347 1368 5425 signiﬁcat.
1396 5347 1783 5431 Leunclavius

195 5438 254 5477 in
313 5421 689 5475 Ouomastico
735 5419 986 5488 Turcnco
1023 5421 1102 5471 ita
1139 5415 1356 5471 GI'tBCIS
1382 5418 1668 5488 appellari
1706 5424 1786 5474 ait

200 5493 472 5548 baculum
499 5489 742 5554 tribuni,
771 5504 949 5560 quem
973 5487 1156 5560 instar
1178 5487 1391 5559 sceptri
1406 5487 1572 5557 gerit,
1594 5489 1786 5547 fortes.

196 5578 338 5619 voce
362 5561 567 5618 Latina
589 5557 842 5628 truncus,
861 5564 922 5616 ut
936 5559 1014 5615 ait
1031 5557 1297 5630 Cangius
1315 5573 1523 5631 ;quem
1537 5560 1784 5618 consule

1906 3183 2048 3224 nam
2092 3174 2549 3242 separationem.
2597 3180 2721 3233 Imo
2775 3195 2882 3250 ego
2933 3199 3176 3256 quoque
3205 3190 3407 3258 rogavi
3438 3206 3546 3262 pro

1905 3259 2117 3323 Leone,
2163 3265 2225 3314 ut
2254 3262 2568 3332 quiessem
2589 3265 2917 3335 Drungario
2950 3277 3179 3328 amicus
3199 3282 3255 3330 et
3297 3259 3548 3335 familia-

1902 3347 2001 3402 ris.
2045 3347 2223 3404 Valde
2249 3349 2449 3421 itaque
2465 3353 2797 3421 angebatur
2824 3357 2954 3422 Leo,
2990 3364 3048 3413 et
3079 3377 3299 3431 magna
3330 3365 3547 3423 afﬁcie-

1902 3435 2077 3492 batur
2106 3437 2289 3492 animi
2336 3439 2706 3508 aegritudine,
2740 3443 3029 3517 dolorque
3054 3448 3147 3503 vel
3179 3451 3310 3521 ipsa
3331 3469 3470 3511 ossa
3489 3460 3546 3512 et

1903 3524 2192 3581 medullas
2246 3527 2545 3598 tangebat,
2606 3535 2662 3585 et
2723 3531 2896 3588 valde
2940 3540 3347 3596 consumebat.
3393 3543 3545 3608 Quin

1900 3613 2077 3668 etiam
2135 3614 2520 3671 Theodoritus
2552 3616 2707 3674 idem
2724 3619 2941 3689 jugum
2980 3625 3270 3696 trahebat,
3304 3633 3368 3686 ut
3405 3630 3545 3686 dici-

1900 3705 2014 3767 tur,
2081 3702 2332 3774 ejusque
2385 3707 2739 3762 movebatur
2774 3710 3202 3781 misericordia,
3264 3719 3546 3792 gravique

1899 3789 2102 3845 dolore
2158 3790 2546 3859 afﬁciebatur,
2586 3793 2818 3864 legibus
2876 3800 3092 3856 cedens
3152 3789 3463 3873 amicitiae;
3483 3813 3548 3866 ut

1899 3879 2000 3951 qui
2057 3885 2213 3934 esset
2272 3881 2528 3950 amicus,
2581 3888 2638 3939 et
2699 3885 2760 3939 in
2819 3887 3151 3947 ministerio
3207 3895 3423 3963 socius,
3483 3901 3546 3955 ut

1900 3967 2065 4039 prius
2097 3973 2186 4024 est
2209 3974 2537 4024 ostensum.

1972 4057 2104 4112 XIII.
2155 4059 2298 4112 Cum
2350 4059 2549 4130 itaque
2578 4058 2728 4115 ferre
2766 4077 2885 4117 non
2913 4072 3130 4137 posset,
3162 4069 3419 4127 Leonem
3462 4074 3546 4130 sic

1905 4144 2078 4208 afﬁci,
2131 4161 2319 4199 ausus
2350 4151 2437 4201 est
2465 4147 2660 4201 verbis
2693 4165 2870 4206 suum
2933 4156 3178 4224 aggredi
3227 4159 3544 4219 dominum

1907 4235 2124 4303 (neque
2165 4232 2324 4286 enim
2341 4231 2524 4286 facilis
2556 4234 2628 4288 ad
2645 4251 2780 4290 eum
2807 4240 3340 4311 patebataditus,et
3372 4265 3546 4321 asper

1906 4324 2032 4377 erat
2081 4321 2140 4375 in
2184 4321 2476 4375 sermonis
2508 4324 2948 4393 congressione,
2977 4332 3234 4388 maxime
3259 4335 3409 4392 inter
3461 4338 3545 4396 fa-

1829 4439 1876 4494 D
1908 4409 2123 4480 mulos)
2163 4416 2219 4464 et
2243 4409 2519 4480 prudenti
2547 4409 2691 4466 inita
2727 4414 2973 4482 ratione,
3024 4434 3132 4489 pro
3169 4437 3240 4477 eo
3274 4427 3540 4496 rogavit:

1904 4498 2073 4567 Perit,
2117 4498 2342 4565 dicens,
2397 4498 2509 4554 Leo
2558 4499 2710 4571 perit
2763 4521 2776 4557 :
2814 4502 3145 4563 timendum
3197 4516 3305 4582 est,
3332 4529 3406 4569 ne
3433 4516 3544 4572 sibi

1903 4603 2080 4660 grave
2110 4586 2333 4659 aliquid
2368 4587 2565 4657 faciat,
2600 4589 2764 4659 quod
2793 4592 3039 4662 quidem
3069 4603 3221 4655 certe
3262 4603 3540 4672 nolimus,

1902 4693 2094 4749 neque
2121 4677 2306 4731 simus
2334 4681 2602 4732 auctores
2633 4678 2764 4748 ejus
2792 4682 3017 4737 mortis.
3041 4685 3212 4742 Miser
3235 4691 3393 4746 enim
3415 4693 3544 4761 jam

1900 4853 1963 4909 in
2017 4857 2264 4931 utroque
2309 4852 2628 4931 Glo_ssario.
2679 4856 2777 4912 Hic
2813 4859 3175 4931 Drungarius
3216 4865 3296 4922 ad
3329 4867 3540 4925 classis

1901 4923 2313 4996 praefecturam
2338 4926 2604 4980 refertur.

1966 4997 2078 5066 (l2)
2166 4997 2474 5076 Aoyoes'rng'
2532 5003 2623 5048 τοῦ
2663 5001 2861 5076 Δρόμου
2907 5007 3038 5076 erat
3078 5003 3150 5069 is,
3210 5007 3309 5076 qui
3363 5011 3540 5067 ratio-

1893 5082 2000 5147 nes
2033 5083 2243 5121 cursus
2270 5067 2478 5138 publici
2511 5067 2900 5139 expendebat.
2937 5071 3078 5128 Vide
3105 5067 3392 5147 Cangium
3436 5082 3542 5139 ibi-

1893 5137 2051 5193 dem.

1965 5209 2080 5283 (t3)
2125 5211 2614 5283 Πρωτοσπαθάριος,
2661 5210 2970 5267 Praefectus
3039 5218 3358 5276 custodum
3414 5239 3542 5280 cor-

1892 5280 2078 5350 poris.

1961 5350 2077 5417 (14)
2144 5349 2476 5431 Μαγκλάϐιον
2517 5352 2778 5431 _Clavam
2827 5353 3142 5431 signiﬁcat,
3174 5375 3294 5431 qua
3339 5380 3539 5422 arma-

1891 5421 2109 5497 bantur
2152 5427 2254 5492 qni
2283 5428 2465 5497 erant
2505 5421 2907 5497 imperatoria“;b
2960 5421 3236 5497 cohortis;
3278 5432 3371 5489 hic
3401 5421 3540 5493 vero

1892 5493 2143 5566 sumitur
2156 5508 2262 5563 pro
2278 5492 2411 5564 ipsa
2431 5493 2667 5549 cohorte
2687 5494 3088 5566 imperatoria.
3114 5492 3366 5560 Rursum
3409 5492 3540 5566 vide

1892 5563 2202 5634 Cangium.
