4114 6262
608 284 711 338 295

2002 263 2251 324 MENSIS
2289 263 2553 321 JUNlUS.

3873 261 3985 317 296

607 422 883 488 extabuit,
916 427 970 477 et
996 424 1082 476 est
1098 435 1240 475 sane
1257 419 1665 488 consumptus,
1698 428 1821 469 non
1856 412 2049 467 ferens
2078 415 2223 464 tuan

2358 408 2535 457 αἴτιοι·
2577 411 2752 463 τέτηκε
2775 409 2872 481 γὰρ
2913 407 2939 457 ό
2972 402 3254 477 δυστυχὴς
3290 403 3399 465 ἤδη
3451 411 3540 458 καὶ
3571 401 3981 463 δεδαπάνηται,

605 514 1036 567 aversationem
1089 526 1103 575 ;
1158 514 1214 563 et
1264 508 1457 563 statim
1493 507 1719 561 amittet
1748 503 1930 558 etiam
1958 498 2242 554 animam.

604 601 725 656 Hoc
749 616 886 654 cum
918 614 1035 652 non
1066 596 1267 660 semel,
1300 594 1403 649 sed
1426 592 1857 664 saapedixisset,
1900 586 2245 643 assiduitate

603 696 659 743 et
705 693 1043 759 Opportuna
1072 684 1456 756 persuasione
1485 680 1637 736 belle
1684 676 2018 734 reconciliat
2067 672 2245 728 Leoni

602 776 918 831 dominum
969 790 1145 829 suum
1198 771 1601 843 ;jubeturque
1638 768 1839 839 ipsum
1865 764 2159 821 adducere
2184 761 2243 817 in

599 870 985 935 conspectum
1038 862 1184 932 ejus.
1245 860 1342 916 Ille
1376 874 1513 914 vero
1551 873 1670 929 prae
1700 856 1888 911 nimio
1921 852 2142 922 gaudio
2174 865 2243 905 ac

599 952 971 1008 festinatione
988 950 1156 1022 (dum
1187 948 1333 1004 forte
1361 947 1617 1002 debebat
1645 960 1746 1016 per
1773 943 1967 998 scalas
1996 940 2244 995 descen-

601 1042 763 1112 dere)
810 1039 1162 1112 impeditum
1220 1037 1439 1093 alicubi
1485 1036 1701 1107 pedem
1739 1032 1990 1103 graviter
2028 1030 2239 1095 luxat;

593 1130 871 1201 jacetque
915 1130 1040 1183 sine
1069 1143 1237 1195 voce,
1269 1125 1591 1181 immobilis
1643 1130 1700 1179 et
1742 1122 1944 1177 dolore
1996 1119 2237 1182 fractus,

598 1233 667 1273 ac
693 1233 843 1286 aegre
902 1216 1140 1271 tandem
1183 1215 1413 1269 delatus
1443 1220 1529 1267 est
1566 1212 1643 1267 ad
1676 1212 1911 1265 lectum.
1947 1208 2085 1262 Tres
2114 1206 2238 1260 dies

595 1305 1019 1375 praeterieram,
1073 1308 1129 1357 et
1176 1303 1301 1372 ipse
1332 1302 1414 1355 sic
1440 1298 1678 1370 jacebat
1708 1298 1976 1368 supinus,
2011 1300 2233 1359 mutus,

595 1392 981 1463 stupefactus,
1026 1392 1220 1445 somni
1251 1398 1306 1444 et
1327 1392 1440 1443 cibi
1463 1404 1690 1459 expers,
1724 1402 1831 1442 nec
1854 1400 2077 1456 aquam
2108 1385 2237 1453 qui-

594 1482 732 1537 dem
750 1481 1087 1545 admittens,
1112 1495 1220 1533 nec
1245 1479 1490 1533 omnino
1518 1492 1580 1531 se
1622 1491 1889 1538 movens,
1926 1472 2030 1527 sed
2062 1470 2236 1526 veluti

595 1569 742 1624 lecto
794 1568 1028 1637 afﬁxus,
1058 1575 1113 1623 et
1142 1584 1178 1623 a
1206 1583 1267 1621 re
1297 1567 1564 1621 inanima
1590 1564 1734 1619 nihil
1764 1561 2062 1617 differens.
2091 1562 2239 1616 San-

593 1662 749 1712 ctum
806 1663 1005 1711 tamen
1058 1657 1235 1709 etiam
1297 1655 1547 1709 tacendo
1592 1668 1831 1722 rogans,
1890 1650 2049 1704 videt
2099 1664 2235 1701 eum

2357 499 2449 551 τὴν
2494 493 2830 569 ἀποστροφὴν
2887 495 2945 547 ού
2987 500 3147 569 φέρων
3207 500 3297 553 τὴν
3332 500 3447 556 σὴν,
3504 501 3594 547 καὶ
3646 496 3773 547 ὅσον
3827 497 3983 545 οὔπω

2356 580 2631 635 ἀποϐάλλει
2660 589 2748 635 καὶ
2781 588 2872 641 τὴν
2924 583 3130 655 ψυχήν.
3190 590 3352 637 Τοῦτο
3402 583 3507 655 οὐχ
3548 583 3691 645 ἅπαξ
3721 583 3978 654 εἰρηκὼς,

2354 668 2481 721 ἀλλὰ
2528 675 2617 722 καὶ
2659 671 2922 734 πολλάκις,
2972 680 3043 743 τῷ
3100 680 3312 744 συνεχεῖ
3356 677 3442 724 καὶ
3494 672 3721 746 εὐκαίρῳ
3778 674 3977 733 πείθει,

2353 763 2438 810 καὶ
2525 764 2617 818 τὴν
2674 760 3001 831 καταλλαγὴν
3059 760 3333 835 πρεσϐεύει
3400 760 3563 821 καλῶς
3629 769 3703 831 τῷ
3760 766 3976 815 Λέοντι.

2355 845 2479 900 Εἶτα
2530 854 2618 902 καὶ
2666 849 2736 911 εἰς
2777 849 2896 921 ὄψιν
2950 850 3105 903 αὐτόν
3145 849 3353 922 ἀγαγεῖν
3411 849 3727 912 κελευσθεὶς,
3776 848 3979 910 ἐκεῖνος

2352 938 2405 989 ἐκ
2460 946 2556 990 τῶν
2614 940 2745 1009 ἄγαν
2800 946 3143 1012 περιχαρείας
3224 939 3476 1011 (κλίμακα
3535 940 3671 991 οὕτω
3754 937 3973 1011 συμϐὰν

2351 1030 2562 1095 κατιὼν)
2612 1032 2699 1079 καὶ
2747 1036 2816 1097 τῷ
2867 1030 3024 1099 τάχει
3079 1025 3485 1100 συμποδισθεὶς,
3539 1024 3877 1102 διάστροφός
3920 1047 3972 1079 τε

2348 1120 2435 1167 καὶ
2479 1113 2679 1189 ἔξεδρος
2729 1121 2822 1175 τὴν
2875 1124 2966 1169 τοῦ
3019 1114 3187 1179 ποδὸς
3218 1118 3454 1190 ἁρμογὴν
3483 1122 3703 1187 γίνεται’
3760 1122 3855 1167 καὶ
3892 1117 3971 1168 εύ-

2351 1204 2441 1263 θὺς
2492 1206 2691 1275 ἄφωνός
2746 1224 2799 1257 τε
2851 1212 2939 1257 καὶ
2984 1205 3229 1269 ἀκίνητος
3276 1203 3356 1267 ἦν,
3408 1207 3507 1265 ὑπὸ
3558 1215 3655 1266 τῆς
3694 1202 3970 1278 περιωδυ-

2345 1296 2453 1352 νίας
2484 1293 2809 1368 ἁπορῥαγεὶς,
2863 1298 2891 1352 ἡ
2943 1294 3088 1354 κλίνη
3134 1314 3187 1347 τι
3231 1293 3343 1367 εἶχε
3382 1303 3579 1359 τοῦτον,
3633 1300 3800 1366 μόγις
3832 1300 3967 1365 πρὸς

2346 1381 2506 1439 αὐτὴν
2577 1381 3022 1455 ἐκκεκομισμένον.
3078 1388 3224 1458 Τρεῖς
3286 1385 3547 1458 παρῆλθον
3598 1385 3821 1457 ἡμέραι,
3877 1390 3964 1434 καὶ

2347 1469 2498 1529 αὐτὸς
2550 1472 2708 1532 οὕτως
2786 1475 2948 1525 ἔκειτο
3002 1475 3209 1537 ὕπτιος,
3264 1475 3464 1545 ἄφωνος
3512 1474 3704 1532 οἰῦπνός
3758 1491 3817 1523 τε
3869 1478 3963 1523 καὶ

2348 1556 2548 1629 ἀχανὴς
2594 1566 2682 1613 καὶ
2730 1562 2932 1627 ἄσιτος,
2986 1559 3111 1615 οὐδὲ
3163 1559 3351 1622 ὓδατος
3398 1566 3733 1635 προσιέμενος
3787 1557 3961 1611 οὐδα-

2346 1655 2469 1718 μῶς,
2513 1645 2635 1700 ούδε
2686 1652 2908 1711 κινηθεὶς
2948 1650 3093 1712 ὅλως·
3144 1650 3248 1702 ἀλλ’
3295 1653 3445 1702 οἱονεὶ
3486 1658 3547 1722 τῇ
3597 1649 3749 1706 κλίνη
3783 1668 3959 1723 προσ-ς

594 1751 848 1800 stantem
875 1744 953 1800 ad
973 1751 1304 1799 extrcmum
1327 1742 1481 1810 lecti,
1504 1746 1845 1810 tangentem
1865 1738 2048 1793 talum
2070 1736 2223 1808 pedis

2347 1735 2602 1807 ηλωμένος
2648 1744 2737 1790 καὶ
2783 1747 2869 1798 τῆς
2920 1738 3135 1810 ἀψύχου
3188 1735 3444 1812 διαφέρων
3485 1736 3659 1791 οὐδέν.
3703 1743 3963 1809 Δεόμενός

594 1833 809 1898 affecti,
836 1839 888 1889 et
931 1834 1224 1888 dicentem
1253 1848 1263 1885 :
1309 1831 1518 1901 Surge,
1545 1830 1683 1885 nihil
1718 1829 1823 1883 erit
1850 1828 1954 1883 tibi
1977 1825 2235 1895 amplius

592 1922 754 1977 mali.
816 1922 1001 1978 Simul
1039 1927 1239 1976 autem
1270 1925 1447 1991 atque
1473 1920 1587 1974 hoc
1608 1919 1767 1986 dixit,
1822 1915 2000 1970 simul
2038 1914 2236 1984 dispa-

590 2011 725 2076 ruit,
785 2016 1083 2080 spectante
1130 2009 1502 2073 Theodorito,
1559 2014 1617 2063 et
1669 2022 1789 2078 prm
1820 2011 2058 2075 stupore
2089 2002 2235 2058 nihil

588 2098 887 2170 loquente.
946 2100 1267 2169 Postquam
1320 2112 1458 2151 vero
1516 2111 1771 2164 magnus
1816 2094 1910 2149 ille
1939 2095 2231 2163 Sampson

590 2187 799 2256 procul
830 2187 936 2241 fuit
967 2186 1043 2241 ab
1070 2184 1275 2251 oculis,
1301 2185 1380 2242 ad
1425 2202 1487 2239 se
1519 2184 1667 2240 redit
1716 2182 2123 2247 Theodoritus,
2179 2186 2235 2235 et

587 2289 747 2330 novo
779 2275 954 2329 veluti
986 2275 1185 2345 spiritu
1218 2274 1537 2338 animatur,
1586 2273 1816 2343 sibique
1864 2270 2186 2326 restituitur
2214 2286 2226 2335 ;

587 2363 705 2418 oris
757 2380 997 2436 quoque
1061 2369 1117 2418 et
1153 2362 1371 2432 linguae
1399 2378 1569 2416 usum
1600 2361 1908 2433 recipiens,
1934 2359 2068 2414 laeta
2090 2373 2230 2413 voce

587 2450 957 2520 gloriﬁcabat
985 2452 1169 2506 Deum
1200 2449 1783 2522 subsusurrabatque
1807 2466 1819 2504 :
1844 2451 2093 2504 Sanctus
2123 2446 2230 2501 iste

584 2545 672 2595 est
694 2542 984 2612 Sampson
1018 2557 1031 2605 ;
1064 2548 1120 2596 et
1145 2540 1342 2596 statim
1378 2540 1712 2594 ministrum
1770 2544 1857 2592 est
1913 2537 2227 2609 allocutus,

585 2627 785 2683 dicens
820 2645 831 2682 :
863 2632 1065 2699 Surge,
1095 2628 1275 2686 Basili
1299 2630 1402 2697 (ita
1422 2630 1579 2683 enim
1602 2628 1649 2680 is
1676 2624 2041 2695 vocabatur).
2068 2630 2121 2679 et
2152 2628 2231 2678 da

585 2717 729 2772 mihi
758 2724 1002 2781 vestem,
1036 2724 1100 2772 ut
1128 2732 1220 2772 me
1257 2718 1498 2772 induam
1526 2722 1615 2772 :et
1664 2714 1841 2770 simul
1865 2714 2075 2785 pedem
2110 2714 2231 2769 teti-

582 2807 684 2874 git.
714 2805 857 2860 Eum
884 2813 1081 2861 autem
1109 2807 1311 2860 videns
1367 2821 1604 2871 sanum,
1657 2804 1816 2860 alteri
1848 2819 2094 2858 manum
2127 2803 2229 2858 ad-

584 2896 788 2959 movit,
817 2895 919 2967 qui
950 2902 1074 2950 erat
1102 2894 1322 2949 illaasus
1341 2896 1419 2949 ab
1445 2894 1631 2949 initio.
1654 2894 1749 2949 Rei
1780 2894 1938 2948 enim
1971 2891 2228 2947 admira-

582 2982 779 3038 bilitas
802 3000 939 3038 eum
971 2984 1255 3038 reddebat
1282 2999 1468 3054 prope
1496 2989 1710 3038 emotus
1752 2985 1987 3045 mentis,
2016 2988 2070 3035 et
2101 2986 2228 3036 erat

2345 1829 2517 1895 μέντοι
2573 1831 2663 1878 καὶ
2714 1836 2920 1879 σιωπῶν
2995 1837 3081 1881 τοῦ
3145 1828 3342 1899 Ἃγίου,
3395 1830 3491 1899 ὁρᾷ
3565 1836 3749 1879 τοῦτον
3809 1831 3962 1899 παρὰ

2344 1917 2465 1975 τοὺς
2489 1911 2761 1986 πρόποδας
2804 1915 3063 1975 ἑστηκότα
3108 1926 3196 1978 τῆς
3226 1917 3419 1980 κλίνης,
3459 1924 3550 1968 τοῦ
3603 1914 3957 1988 ἀστραγάλου

2344 2005 2429 2053 τὸν
2481 2001 2804 2074 έπαφῶμενον
2861 2014 2955 2057 τοῦ
3006 2008 3316 2067 πεπονθότος
3382 2002 3565 2070 ποδὸς,
3624 2011 3720 2057 καὶ
3780 2004 3955 2076 ’Ἐγει-

2341 2110 2450 2165 ραι,
2494 2091 2752 2166 εἰρηκότα,
2808 2098 2966 2145 κακὸν
3014 2097 3115 2169 γάρ
3175 2093 3289 2147 ἐστί
3340 2113 3420 2146 σοι
3468 2098 3524 2145 τὸ
3578 2096 3841 2165 παράπαν
3872 2094 3950 2146 ού-

2343 2175 2448 2231 δέν·
2502 2180 2611 2252 ἅμα
2658 2201 2711 2233 τε
2749 2184 2840 2254 ἔφη
2898 2190 3063 2247 τοῦτο,
3118 2188 3206 2235 καὶ
3264 2182 3372 2255 ἅμα
3435 2182 3587 2255 ἐξῄει,
3650 2181 3939 2255 βλεττόντω)⁷

2340 2275 2430 2320 τοῦ
2485 2265 2810 2343 Θεοδωρίτου
2864 2281 2962 2323 τῶν
3013 2272 3303 2344 ὀφθαλμῶν.
3366 2279 3456 2323 τοῦ
3510 2277 3773 2343 στόματος
3811 2269 3933 2341 μηδι

2340 2359 2653 2428 φθέγγεσθαι
2708 2356 3016 2431 δυναμένου,
3076 2358 3287 2419 Ἐπειδὴ
3339 2366 3428 2413 καὶ
3473 2363 3498 2412 0
3554 2364 3725 2432 Μέγας
3764 2360 3942 2435 πόρρω

2339 2454 2437 2496 τῶν
2478 2445 2748 2519 ὀφθαλμῶν
2802 2446 2883 2516 ἦν,
2941 2449 3171 2503 ἐπάνεισι
3222 2454 3311 2522 μὲν
3369 2451 3442 2511 εἰς
3495 2450 3677 2503 ἑαυτὸν
3731 2452 3756 2501 ό
3820 2458 3942 2504 Θεο-

2341 2529 2576 2605 δωριτος,
2623 2542 2711 2588 καὶ
2765 2541 2915 2591 οἱονεὶ
2965 2539 3257 2611 ψυχοῦται,
3318 2545 3407 2592 καὶ
3462 2545 3747 2611 κινουμένῳ
3805 2560 3935 2612 παρ-

2339 2626 2511 2693 όμοιος
2569 2621 2854 2693 δείκνυται,
2901 2633 3068 2699 φωνὴ)
3116 2625 3175 2681 δὲ
3235 2634 3326 2681 καὶ
3402 2633 3461 2681 1'0
3518 2636 3691 2698 στόμα
3760 2633 3933 2702 ὥσπερ

2338 2717 2583 2785 πρότερον
2660 2716 2789 2787 εἶχε,
2866 2712 3101 2779 δοξάζων
3167 2737 3222 2770 τε
3291 2715 3351 2777 ἦν
3426 2722 3514 2770 τὸν
3563 2721 3702 2781 Θεὸν,

2339 2799 2680 2877 φαιδροτέρῳ,
2739 2806 2806 2866 ὡς
2865 2801 2923 2857 δὲ
2996 2812 3083 2859 καὶ
3138 2808 3599 2880 ύποφθεγγόμενος,
3666 2806 3716 2858 Ὀ
3773 2806 3913 2875 ἅγιός

2336 2890 2449 2942 ἔστι
2497 2892 2737 2963 Σαμψων.
2794 2899 2893 2946 Καὶ
2946 2894 3134 2946 αὐτίκα
3194 2894 3368 2969 [πρὸς]
3431 2900 3517 2948 τόν
3581 2897 3909 2961 ύπηρετούμε-

2334 2998 2437 3042 νον,
2500 2981 2746 3047 Ἀνάστα,
2800 2984 2910 3053 ἔφη,
2971 2984 3207 3037 Βασίλειε
3263 2984 3423 3053 (οὕτω
3498 2988 3599 3057 γὰρ
3656 2984 3925 3052 ἐκαλεῖτο),

3785 2726 3924 2789 rei???

585 3075 871 3142 tanquam
890 3072 983 3126 sui
1008 3071 1251 3133 oblitus,
1280 3078 1335 3126 et
1373 3071 1655 3126 dubitans
1674 3075 1731 3125 et
1751 3069 2042 3125 haesitanti
2067 3070 2223 3124 simi-

2334 3073 2422 3120 καὶ
2469 3073 2525 3121 1'0
2581 3072 2783 3142 ἱμάτιόν
2816 3091 2906 3143 μοι
2946 3068 3040 3132 δὸς
3069 3070 3475 3127 ἐπενδύσασθαι.
3533 3079 3631 3125 Καὶ
3678 3073 3793 3145 ἅμα
3842 3082 3928 3125 τοῦ

584 3157 677 3213 lis.
725 3160 980 3214 Nimium
1008 3161 1164 3214 enim
1198 3161 1477 3231 gaudium
1503 3166 1561 3215 et
1597 3161 1822 3214 bonum
1854 3160 2222 3230 inexspecta-

582 3252 705 3302 tum
737 3264 806 3303 ac
833 3255 1045 3320 praeter
1064 3249 1406 3320 opinionem
1435 3250 1730 3315 eveniens,
1762 3255 2019 3304 mentem
2076 3247 2222 3302 solet

579 3335 901 3391 dimovere.
938 3337 1040 3391 Ubi
1068 3344 1266 3391 autem
1299 3337 1589 3407 comperit
1613 3337 1828 3392 ambos
1854 3351 1981 3389 esse
2014 3350 2217 3399 sanos,

579 3422 759 3478 alacri
787 3426 1196 3479 statimanimo
1228 3433 1283 3479 et
1298 3426 1550 3495 pedibus
1577 3425 1758 3478 tendit
1789 3423 1863 3478 ad
1880 3422 2220 3494 sepulcrum

579 3511 727 3582 ejus,
760 3514 860 3584 qui
882 3515 1097 3568 misero
1128 3518 1498 3569 curationem
1530 3512 1912 3584 impertierat,
1954 3519 2009 3568 et
2041 3512 2220 3567 bene-

577 3599 778 3654 ﬁcium
806 3602 859 3655 ei
889 3601 1061 3656 refert
1116 3609 1443 3674 acceptum.
1499 3604 1843 3674 gratiasque
1875 3603 1967 3673 pie
1990 3603 2128 3672 agit,
2159 3606 2221 3657 ut

575 3687 727 3742 solet
753 3695 955 3756 gratus
977 3697 1032 3742 et
1062 3706 1290 3743 memor
1319 3691 1580 3744 animus.

2331 3154 2495 3218 ποδὸς
2575 3161 2781 3223 ἥπτετο,
2837 3166 2925 3213 καὶ
2981 3163 3106 3232 ὑγιᾶ
3160 3170 3339 3214 τοῦτον
3383 3166 3532 3232 ὁρῶν,
3591 3165 3792 3235 θατέρῳ
3842 3168 3929 3220 τὴν

2330 3253 2489 3316 χεῖρα
2538 3256 2772 3318 προσῆγε
2824 3257 2895 3318 τῷ
2946 3249 2997 3312 ἕξ
3045 3249 3215 3324 ἀρχῆς
3271 3251 3479 3304 ἀπαθεῖ·
3544 3248 3751 3303 ἐδείκνυ
3832 3254 3930 3326 γὰρ

2330 3333 2484 3385 αὐτόν
2537 3344 2727 3409 μικροῦ
2792 3343 2882 3390 καὶ
2958 3341 3175 3413 ἔκφρονα
3234 3342 3262 3397 ἡ
3340 3336 3762 3414 παραδοξοποιία
3843 3349 3933 3393 τοῦ

2329 3424 2652 3495 πράγματος.
2732 3431 2821 3478 καὶ
2902 3429 3073 3502 ὥσπερ
3156 3428 3489 3501 ἐκλαθόμενος
3564 3430 3775 3494 ἑαυτοῦ,
3846 3437 3933 3483 καὶ

2329 3509 2623 3583 ἀμφιγνοῶν
2678 3510 2919 3581 διέκειτο,
2969 3522 3057 3568 καὶ
3106 3521 3438 3592 ἀπορουμένῳ
3496 3519 3668 3573 ίοίκει.
3730 3518 3931 3582 ’Ἄλλως

2327 3619 2381 3652 τε
2434 3598 2491 3653 δὲ
2546 3604 2630 3656 κάὶ
2691 3605 2720 3662 ἡ
2775 3608 3087 3679 περιχάρεια
3133 3612 3221 3659 καὶ
3267 3612 3324 3659 τό
3381 3606 3636 3667 ἀδόκητον
3714 3609 3907 3681 ἀγαθὸν,

2327 3686 2465 3742 οἶδεν
2518 3691 2721 3765 ἐξιστᾴν
2772 3694 2829 3746 ού
2892 3701 3131 3769 μετρίως.
3187 3696 3273 3758 Ὠς
3330 3698 3415 3749 οὖν
3468 3704 3557 3751 καὶ
3606 3699 3912 3771 ἀμφοτέρους

576 3773 830 3849 ἐρρῶσθαι
864 3772 1068 3847 διέγνω,
1099 3777 1289 3827 αὐτίκα
1315 3779 1575 3848 πρόθυμος
1604 3779 1887 3851 προθύμοις
1915 3782 2062 3843 ποσὶ,
2092 3782 2218 3849 πρὸς
2249 3780 2335 3828 τὸν
2360 3788 2451 3829 τοῦ
2486 3783 2892 3856 θεραπεύσαντος
2922 3787 3099 3857 τάφον,
3134 3785 3372 3857 ὁμολογεῖ
3403 3806 3455 3839 τε
3484 3791 3577 3846 ’ὴν
3616 3792 3803 3860 χάριν,
3836 3788 3927 3840 καὶ

575 3867 669 3921 τὴν
698 3864 1061 3938 εὐχαριστίαν,
1097 3867 1269 3938 ὥσπερ
1302 3862 1441 3917 οἶδεν
1469 3866 1741 3937 εὐγνώμων
1770 3865 1949 3938 ψυχὴ,
1990 3866 2228 3939 θεοφιλῶς
2260 3863 2580 3925 ἀποδίδωσι.

643 3952 779 4008 XIV.
827 3954 968 4009 Huic
1006 3969 1141 4009 vero
1186 3954 1538 4010 Theodorito
1577 3954 1807 4019 accidit,
1843 3963 1903 4009 ut
1964 3956 2215 4010 Sanctus

573 4038 669 4095 ille
686 4042 744 4096 in
766 4041 879 4098 alio
909 4058 1150 4115 quoque
1182 4042 1495 4109 miraculo,
1521 4043 1683 4117 quod
1707 4044 1862 4098 circa
1878 4043 2212 4108 dominum,

571 4130 701 4201 ejus
730 4130 951 4186 factum
978 4138 1065 4186 est
1095 4132 1398 4204 (quisnam
1429 4140 1628 4189 autem
1655 4133 1704 4187 is
1745 4133 1835 4196 sit,
1864 4134 1991 4204 jam
2018 4138 2212 4188 osten-

571 4233 704 4273 sum
722 4226 830 4288 est)
854 4222 1179 4277 inserviret.
1203 4222 1314 4279 Sed
1345 4223 1653 4295 quomodo
1679 4222 1737 4277 id
1778 4222 1992 4278 accidit
2015 4221 2045 4274 ‘I
2067 4222 2213 4279 Cum

570 4306 944 4376 Drungarius
998 4309 1093 4365 hic
1128 4313 1238 4366 Leo
1257 4312 1581 4383 aliquando
1630 4311 1939 4382 equitaret,
1995 4312 2208 4375 evenit,

568 4400 632 4448 ut
664 4411 850 4466 equus
872 4396 1025 4451 illius
1057 4399 1270 4467 pedem
1326 4415 1498 4452 muro
1550 4398 1822 4463 allidens,
1846 4415 1983 4453 eum
2020 4398 2212 4455 feriret
2250 4387 2292 4441 D

569 4484 824 4549 graviter
885 4484 1031 4538 Male
1061 4491 1259 4539 autem
1292 4502 1353 4539 se
1382 4485 1639 4540 habebat
1688 4502 1811 4556 pes,
1872 4502 1993 4541 non
2057 4487 2211 4542 brevi

569 4569 771 4642 aliquo
803 4577 1087 4642 tempore,
1116 4573 1217 4626 sed
1250 4573 1689 4630 multisdiebus.
1711 4575 1929 4629 Deinde
1967 4591 2103 4630 cum
2130 4577 2210 4632 sic

568 4657 817 4714 affectus
849 4661 1255 4716 ostenderetur
1278 4662 1540 4726 medicis,
1575 4679 1676 4717 eos
1706 4662 1781 4717 ad
1811 4663 2209 4719 necessariam

568 4748 887 4804 sectionem
912 4750 1376 4818 etchirurgicam
1394 4752 1801 4823 operationem
1821 4750 2205 4822 propellebat.

567 4842 755 4908 Atque
797 4843 925 4894 erat
969 4839 1213 4910 quidem
1270 4840 1395 4894 dies
1453 4848 1722 4912 quartus,
1780 4856 1901 4913 quo
1960 4841 2207 4897 medicis

568 4924 761 4980 visum
817 4926 1009 4982 fuerat
1064 4928 1144 4982 sic
1185 4926 1396 4984 facere.
1444 4932 1508 4983 Et
1537 4928 1979 4999 Nicolaus(erat
2009 4938 2207 4986 autem

569 5012 620 5066 is
650 5029 884 5086 quoque
909 5032 1062 5071 unus
1088 5032 1155 5071 ex
1179 5016 1248 5071 iis
1271 5018 1369 5088 qui
1398 5017 1734 5072 serviebant
1763 5019 2109 5087 Drungario,
2151 5026 2207 5074 et

571 5099 699 5169 ejus
753 5104 997 5159 domum
1052 5106 1454 5177 complebant)
1505 5109 1794 5161 statuerat
1832 5106 1942 5176 ipsi
1997 5105 2205 5163 afferre

569 5190 909 5247 sectionem.
962 5193 1058 5247 llla
1114 5209 1255 5248 vero
1302 5200 1473 5250 nocte
1554 5200 1846 5266 apparent
1893 5194 2205 5253 Teodorito

566 5276 695 5331 iviri
728 5284 859 5345 tres,
913 5281 1160 5337 domum
1218 5283 1972 5354 Drungariiingredientes,
1998 5284 2203 5341 habitu

566 5372 622 5421 et
645 5366 865 5421 amictu
888 5371 1153 5424 Romani.
1180 5373 1407 5437 Quibus
1436 5374 1622 5429 factus
1646 5376 1909 5440 obviam.
1931 5377 2202 5440 Quonam

563 5454 658 5509 itis
696 5453 724 5509 ?
754 5455 997 5525 rogavit.
1024 5456 1110 5510 Illi
1139 5466 1334 5515 autem
1358 5477 1497 5516 voce
1529 5469 1585 5517 et
1617 5471 1861 5535 aspectu
1914 5464 2149 5536 placido
2187 5486 2200 5521 :

564 5543 649 5599 Ad
690 5543 1001 5600 dominum
1056 5549 1223 5601 tuum
1289 5550 1647 5606 accedimus.
1723 5552 1814 5609 Ad
1860 5556 1987 5610 haec
2009 5560 2205 5610 autem

2402 3956 2497 4010 IA'.
2552 3967 2634 4029 Τῷ
2691 3958 3001 4034 Θεοδωρίτῳ
3046 3960 3113 4021 δὴ
3163 3967 3325 4036 τούτῳ
3367 3969 3456 4018 καὶ
3486 3965 3638 4039 ἑτέρῳ
3669 3968 3929 4036 θαύματι,

2327 4045 2353 4095 ὅ
2384 4052 2500 4119 περὶ
2549 4052 2634 4100 τόν
2674 4049 2855 4102 ἐαυτόῦ
2905 4056 3197 4123 πέπρακται
3238 4057 3415 4125 κύριον
3471 4051 3653 4117 (δῆλος
3694 4052 3757 4108 δε
3785 4053 3928 4119 ἤδη,

2327 4138 2404 4196 τίς
2459 4135 2610 4199 οὗτός
2656 4136 2817 4209 ἔστιν)
2870 4138 3116 4211 ἐξεγένετο
3198 4143 3551 4214 ὑπουργῆσαι,
3612 4144 3722 4195 ἀλλ’
3783 4146 3932 4207 ὅπως

2324 4226 2427 4293 οῖρα
2482 4232 2569 4279 καὶ
2627 4226 2891 4298 ἐξεγένετο.
2943 4237 3045 4281 Τοῦ
3111 4237 3464 4305 Δρουγγαρίου
3526 4237 3763 4297 Λέοντος,
3832 4244 3930 4287 τοῦ

2325 4310 2382 4365 δὲ
2437 4316 2785 4388 ἱππαζομένου
2860 4322 2999 4383 ποτε,
3058 4319 3326 4390 συμϐαίνει
3395 4325 3481 4373 τόν
3538 4322 3692 4374 ἵππον
3750 4329 3927 4395 τοίχῳ

2324 4403 2755 4478 προσαρῥάξαντα
2807 4409 2890 4457 τόν
2949 4406 3137 4459 ἐκείνου
3211 4405 3353 4461 πόδα
3403 4410 3595 4473 πλῆξαι
3651 4412 3917 4482 χαλεπῶς.

2326 4490 2451 4564 Εἶχε
2481 4503 2756 4569 τοιγαροῦν
2788 4504 3019 4567 πονηρῶς
3054 4502 3079 4549 ό
3112 4506 3255 4562 ποῦς,
3294 4499 3351 4550 ού
3400 4500 3521 4574 παρ’
3578 4500 3773 4572 ὀλίγον,
3807 4501 3919 4552 ἀλλ’

2322 4581 2369 4632 ἐν
2426 4585 2637 4655 ἡμέραις
2692 4592 2916 4655 συχναῖς
3012 4583 3133 4638 Εἶτα
3196 4591 3285 4639 καὶ
3332 4595 3434 4649 τοῖς
3495 4589 3687 4663 ἰατροῖς
3752 4592 3921 4653 οὕτως

2321 4674 2455 4741 ἔχων
2503 4669 2934 4743 ἐπιδεικνύμενος,
2986 4678 3113 4748 πρὸς
3170 4682 3327 4748 τομὴν
3380 4678 3571 4740 αύτούς
3608 4677 3917 4750 ἀναγκαίως

2319 4761 2591 4835 παρεκάλει
2644 4766 2732 4813 καὶ
2784 4769 3139 4838 χειρουργίαν.
3188 4764 3245 4817 Ἦ
3307 4770 3396 4837 μεν
3463 4768 3549 4820 οὖν
3602 4771 3772 4843 ἡμέρα
3834 4791 3925 4825 τε·

2319 4853 2458 4923 τρὰς,
2498 4853 2579 4903 ὅτε
2609 4852 2741 4903 οὕτω
2773 4848 3022 4905 δέδοκται
3047 4863 3151 4915 τοῖς
3184 4855 3373 4928 ἰατροῖς
3416 4853 3566 4928 δρᾷν·
3612 4863 3699 4910 καὶ
3742 4862 3767 4911 ὁ
3817 4868 3919 4914 Νι-

2318 4939 2503 5001 κόλαος
2555 4941 2648 5010 (εἷς
2707 4937 2763 4992 δε
2811 4946 2899 4993 καὶ
2938 4944 3089 5003 αὐτὸς
3121 4947 3311 4996 τούτων
3352 4941 3433 5011 ἧν,
3463 4954 3533 5016 τῷ
3574 4954 3922 5024 Δρουγγαρίῳ

2316 5046 2367 5079 τε
2423 5029 2828 5099 ύπηρετούμενος
2876 5035 2964 5081 καὶ
3011 5034 3097 5082 τόν
3148 5032 3305 5085 αύτοῦ
3349 5032 3486 5087 οἶκον
3548 5037 3921 5113 συμπληροῦν)

2316 5116 2530 5188 ὡρίζετο
2582 5118 2861 5186 ἐπενεγκεῖν
2915 5118 3070 5179 αὐτὸς
3112 5124 3204 5178 τὴν
3253 5128 3433 5194 τομήν.
3494 5130 3644 5179 Κατὰ
3698 5124 3758 5180 δε
3820 5135 3922 5188 τὴν

2313 5206 2474 5255 νύκτα
2526 5202 2736 5267 ἐκείνην,
2808 5206 3158 5277 ἐπιφαίνονται
3236 5220 3305 5279 τῷ
3353 5210 3662 5288 Θεοδωρίτῳ
3719 5214 3924 5289 ἄνδρες

2316 5300 2469 5363 τρεῖς,
2503 5296 2587 5344 τὸν
2618 5289 2755 5344 οἶκον
2805 5294 3046 5356 εἰσιόντες
3087 5305 3175 5347 τοῦ
3202 5304 3577 5374 Δρουγγαρίου,
3620 5310 3677 5356 τὸ
3710 5314 3823 5377 σχῆ
3839 5330 3920 5361 ua

2313 5381 2554 5452 Ῥωμαῖοι
2606 5387 2691 5433 καὶ
2734 5387 2825 5439 τὴν
2892 5383 3182 5456 περιϐολήν.
3250 5389 3341 5448 Οἷς
3412 5390 3736 5459 ὑπαντησας,
3797 5402 3921 5450 Ποῦ

2317 5465 2375 5521 δὲ
2429 5471 2457 5527 ἡ
2514 5468 2681 5541 ἄφιξις
2714 5487 2727 5535 ;
2763 5474 2931 5534 ἤρετο·
2999 5478 3096 5524 Καὶ
3144 5474 3290 5525 αὐτοὶ
3336 5483 3524 5550 πραείᾳ
3580 5483 3689 5553 ἅμα
3737 5495 3915 5559 φωνῇ,

2316 5559 2466 5631 πράῳ
2506 5554 2564 5610 δὲ
2624 5563 2715 5611 καὶ
2778 5567 2850 5631 τῷ
2898 5558 3179 5633 βλέμματι,
3232 5565 3365 5636 Πρὸς
3437 5569 3523 5618 τόν
3566 5554 3751 5643 κύριόν
3809 5554 3919 5629 σόυ
