4114 6262
157 459 316 516 τόνδε
381 464 624 536 πάριμεν,
685 457 844 515 εἶπον.

157 550 327 623 λέγειν
363 551 508 622 ἐπῄει
541 568 552 580 ’
595 547 734 600 Ἀλλ’
778 549 1031 620 ἠγνόηται
1077 557 1168 603 καὶ
1213 554 1334 624 ὑμῖν
1378 559 1485 614 τοῖς
1537 559 1756 626 κυρίοις,

162 641 252 692 οἶα
281 641 420 698 λύπη
453 649 524 711 τῷ
557 637 892 714 δρουγγαρίῳ
941 647 1075 710 τῷγε
1120 649 1208 692 νῦν
1256 643 1389 712 ἔχει,
1438 647 1526 694 καὶ
1575 645 1642 702 ὡς
1671 647 1760 700 τή-

165 749 324 804 μερον
379 728 554 802 μέλλον
607 735 717 788 τοῖς
769 727 966 798 ἰατροῖς
1023 734 1186 799 τομὴν
1266 739 1336 800 τῷ
1391 727 1517 783 ποδὶ
1571 729 1760 783 ἐκείνου

167 817 449 888 ἐπενεγκεῖν
487 818 593 879 ;Οί
648 811 726 878 δὲ,
785 817 881 879 0-3,
935 821 1112 887 φασὶν,
1173 817 1302 870 ἀλλὰ
1348 824 1498 871 τοῦτό
1557 839 1640 871 σοι
1687 823 1757 891 μὴ

167 903 524 980 παραδεκτέον
577 921 590 933 ·
646 905 796 976 ἡμεῖς
869 907 970 976 γὰρ
1057 909 1188 978 πρὸς
1244 907 1398 958 αὐτόν
1453 906 1763 980 ἐλευσόμεθα

164 1003 261 1056 τῆς
337 1001 704 1066 Παρασκευῆς,
795 997 886 1044 καὶ
954 993 1104 1045 αὐτόν
1181 993 1496 1068 ἐποψόμεθα.
1577 1000 1762 1050 Ἕωθεν

165 1080 258 1135 οὖν
310 1087 426 1143 τοὺς
505 1083 710 1156 ἰατροὺς
763 1083 912 1152 ἔργον
987 1084 1208 1154 ἔχεσθαι
1265 1083 1623 1156 βουλομένους,
1675 1091 1764 1138 καὶ

165 1181 241 1244 τῷ
297 1169 425 1224 ποδὶ
469 1170 749 1241 ἐπαγαγεῖν
791 1174 887 1228 τὴν
937 1175 1119 1243 τομὴν,
1168 1171 1330 1246 εἶργεν
1361 1176 1385 1224 6
1418 1172 1762 1250 Θεοδώριτος,

168 1257 504 1331 ἓπιμνησθεὶς
581 1259 768 1310 αὐτίκα
853 1267 943 1320 τῆς
1029 1259 1210 1330 ὄψεως,
1295 1261 1556 1325 κάκείνοις
1631 1267 1766 1325 ὅπως

169 1344 316 1418 εἶχεν
367 1347 776 1419 ἐξηγησάμενος,
837 1353 926 1399 καὶ
981 1349 1130 1400 αὐτοὶ
1177 1348 1235 1402 δὲ
1283 1353 1553 1421 μαθόντες,
1585 1358 1674 1404 καὶ
1709 1352 1766 1403 οὗ

169 1439 469 1510 παροπτέαν
523 1438 652 1488 εἶναι
707 1439 801 1493 τήν
866 1435 1004 1506 ὄψιν
1043 1437 1266 1500 εὐσεϐῶς
1335 1445 1616 1511 κρίναντες,
1671 1440 1768 1492 ἐπ-

171 1531 342 1596 εῖχον.
379 1524 463 1586 Ὠς
502 1520 560 1576 δὲ
587 1529 673 1575 καὶ
704 1526 732 1581 ἡ
771 1529 1081 1598 Παρασκευὴ
1115 1535 1284 1600 παρῆν
1317 1524 1378 1598 (ὦ
1427 1533 1637 1602 Χριστε,
1667 1537 1766 1580 τῶν

173 1621 282 1664 σῶν
313 1613 608 1685 μεγαλείων,
653 1615 716 1670 ὡς
762 1613 1062 1684 θαυμαστὸς
1091 1612 1188 1665 εῖό
1237 1619 1362 1674 Θεὸς
1411 1616 1460 1666 ἐν
1503 1625 1605 1672 τοῖς
1656 1624 1767 1678 σοῖς

1105 1280 1122 1312 Ξ
1131 1281 1210 1320 Ὧς,

171 1701 343 1772 ἁγίοις
373 1701 384 1754 Ξ
415 1703 432 1772 )
467 1704 492 1752 6
532 1709 659 1762 ποῦς
689 1699 769 1768 ἧν,
805 1703 910 1762 οἶος
955 1705 1052 1775 πρὸ
1097 1711 1190 1754 τοῦ
1243 1705 1442 1770 παθεῖν,
1479 1704 1766 1778 ἀκραιφνὴς

171 1795 264 1842 καὶ
301 1791 414 1852 όλος
441 1793 807 1861 ὑγιεινότατος,
837 1791 940 1862 οὐχ
971 1793 1106 1852 ὅπως
1136 1800 1314 1863 τομῆς,
1347 1792 1454 1844 ἀλλ’
1485 1791 1608 1846 οὐδέ
1631 1815 1767 1858 τινος
1797 1813 1837 1865 Β

171 1879 336 1940 ἄλλης
374 1879 655 1950 ἐπιμελείας
694 1875 950 1950 δεόμενος.

251 1973 350 2020 ΙΕ’.
408 1971 484 2020 Οὐ
537 1971 731 2029 ταύτης
784 1971 934 2038 μόνον
1000 1967 1148 2030 οὗτος
1198 1970 1223 2020 6
1279 1976 1550 2042 περιφανὴς
1603 1978 1764 2040 Λέων,

175 2055 306 2108 ἀλλά
357 2061 446 2108 καὶ
499 2057 673 2120 ἑτέρας
727 2055 986 2108 ἀπέλαυσε
1034 2065 1124 2108 τοῦ
1165 2059 1390 2129 μεγάλου
1442 2062 1767 2133 θαυματουρ-

172 2149 299 2216 γίας
333 2165 345 2178 ι
387 2150 520 2215 νόσῳ
573 2153 670 2196 τῶν
725 2143 1036 2218 βαρυτάτων
1083 2150 1432 2218 περισχεθεὶς,
1459 2157 1563 2214 rei;
1607 2171 1660 2202 τε
1685 2153 1772 2203 ἄλ-

173 2233 286 2293 λοις
314 2240 404 2284 τοῦ
446 2239 689 2304 σώματος
719 2238 926 2306 μέρεσιν
976 2231 1276 2298 ἀδυνάτοις,
1333 2246 1440 2299 τοῖς
1482 2235 1540 2291 δὲ
1587 2245 1774 2310 γόνασι

174 2321 367 2394 μᾶλλον
397 2324 464 2382 ὡς
497 2318 694 2392 σχεδόν
749 2321 1047 2393 ἀχρήστοις
1097 2324 1294 2392 αὐτοῖς,
1345 2331 1432 2378 καὶ
1476 2325 1616 2399 μηδὲ
1643 2328 1772 2402 ἐνερ-

174 2417 292 2480 γοῖς
344 2405 510 2478 οὖσιν,
566 2409 819 2482 ἐκέχρητο
871 2428 882 2438 ·
919 2410 966 2461 ἐν
1020 2414 1110 2483 μὲν
1159 2417 1260 2485 γὰρ
1302 2415 1482 2485 όμαλεῖ
1517 2422 1656 2488 τόπῳ
1687 2425 1775 2470 καὶ

179 2495 374 2568 πεδινῷ
403 2495 646 2569 βαδίζειν
681 2501 808 2560 ’ἰσως
841 2499 981 2568 αὐτῷ
1013 2503 1148 2550 κατά
1179 2501 1381 2572 σχολὴν
1427 2503 1519 2554 οὐκ
1571 2503 1772 2557 ἀδύνα-

175 2605 286 2654 τον,
339 2586 568 2656 κλίμακα
617 2583 676 2638 δὲ
727 2585 972 2650 ἀνελθεῖν,
1024 2588 1051 2646 ἦ
1113 2585 1332 2641 ὁδεῦσαι
1377 2596 1504 2664 πρὸς
1555 2595 1770 2660 ἄναντα,

181 2673 242 2734 ἦν
277 2683 376 2727 τῶν
428 2673 737 2748 Ἡρακλείων
784 2677 952 2728 ἄθλων
1004 2676 1142 2747 αὐτῷ
1199 2681 1256 2730 τό
1307 2677 1621 2753 ἐγχείρημα.
1675 2685 1773 2736 Ἰα-

177 2773 312 2839 τρῶν
365 2760 451 2816 οὖν
481 2767 682 2817 πάντων
719 2769 806 2816 καὶ
853 2774 948 2816 τῶν
1007 2765 1169 2816 οἴλλων
1220 2766 1472 2838 βοηθειῶν
1527 2769 1773 2841 ἐπαγγελ-

175 2854 424 2925 λομένων,
471 2849 620 2903 οὐδὲν
661 2853 806 2903 πλέον
859 2861 958 2904 τῶν
1013 2851 1325 2922 ἐπαγγελιῶν
1379 2855 1636 2910 ἀπέλαυσε
1683 2866 1772 2912 καὶ

178 2949 292 3000 ταῖς
323 2940 523 2991 ἐλπίσιν
573 2939 854 2996 ἐνησθῆναι
903 2945 1103 3010 μόναις.
1139 2939 1264 2992 Εἶτα
1311 2950 1406 3002 τῆς
1453 2953 1543 2994 τοῦ
1596 2945 1774 3016 Ἀγίου

184 3035 392 3101 μνήμης
449 3026 819 3090 ἐπιλαϐούσης,
893 3035 1066 3099 φρονεῖ
1119 3047 1169 3078 τι
1238 3029 1622 3104 θεοσεϐέα-τερον
1689 3039 1778 3086 καὶ

1476 337 1640 394 VITA
1679 337 1742 396 s-.
1779 321 2206 401 SAMPSONIS.

925 463 1058 535 Πρός
1111 470 1278 516 ταῦτα
1324 471 1396 535 τῷ
1451 461 1757 540 Θεοδωρίτῳ

1886 466 2221 524 [‘heodorito
2243 467 2402 523 venit
2421 466 2484 522 in
2521 469 2804 532 mentem,
2829 469 2894 522 ut
2930 465 3149 522 diceret
3177 482 3196 523 :
3245 465 3362 524 Sed
3387 482 3518 537 vos,

3413 339 3519 402 298

1867 569 1904 610 ο
1941 555 2190 622 domini,
2224 555 2383 620 latet,
2401 560 2626 628 quanto
2647 555 2706 610 in
2729 554 3043 627 praesentia
3064 554 3268 612 dolore
3287 554 3521 612 laboret

1874 646 2255 714 Drungarius,
2289 651 2346 700 et
2375 645 2540 718 quod
2579 645 2694 701 sint
2733 644 2912 700 hodie
2943 643 3160 700 medici
3198 644 3354 700 illius
3379 644 3520 718 pedi

1872 733 2192 789 sectionem
2224 733 2692 790 adhibituri‘Hlli
2725 739 2956 790 autem:
2991 731 3409 805 Nequaquam,
3433 734 3520 788 in-

1873 821 2088 892 quiunt
2116 841 2128 878 :
2162 827 2218 878 et
2256 827 2317 878 tu
2341 822 2402 878 id
2423 839 2498 879 ne
2523 822 2868 879 credideris.
2891 824 3008 878 Nos
3032 821 3192 877 enim
3221 821 3298 878 ad
3317 822 3519 893 ipsum

1871 911 2103 966 venturi
2133 928 2342 966 sumus
2371 912 2432 966 in
2457 915 2800 976 Parasceve,
2833 914 2890 967 et
2909 909 3138 966 malum
3167 910 3296 982 ejus
3324 910 3519 982 inspe-

1875 1001 2040 1054 cturi.
2103 1001 2276 1056 Mane
2341 1016 2484 1070 ergo
2529 1001 2792 1056 medicos
2815 1000 2946 1069 jam
2975 999 3237 1056 volentes
3269 1013 3520 1056 manum

1874 1089 2194 1144 admovere
2220 1089 2399 1161 operi,
2437 1099 2494 1145 et
2521 1089 2661 1161 pedi
2688 1087 2902 1144 inferre
2935 1087 3280 1153 sectionem,
3321 1087 3521 1159 prohi-

1875 1175 2004 1232 buit
2053 1177 2460 1244 Theodoritus,
2530 1177 2730 1234 statim
2785 1177 3131 1232 recordatus
3163 1175 3434 1240 visionis,
3465 1179 3522 1232 et

1877 1263 1962 1318 eis
1987 1279 2237 1320 narrans
2266 1265 2782 1336 quemadmodum
2815 1281 2885 1320 ea
2901 1279 2962 1320 se
2981 1265 3308 1321 habuisset.
3329 1267 3521 1330 Quam

1879 1366 2014 1406 cum
2063 1353 2178 1423 ipsi
2215 1352 2659 1416 intellexissent,
2687 1357 2744 1408 et
2795 1353 3088 1408 visionem
3107 1367 3229 1408 non
3259 1369 3390 1408 esse
3421 1353 3522 1408 de-

1879 1439 2246 1510 spiciendam
2293 1441 2856 1511 piejudicavissent,
2904 1440 3340 1496 abstinuerunt.
3375 1443 3522 1496 Cum

1876 1543 2016 1583 vero
2023 1529 2150 1599 jam
2171 1529 2404 1585 adesset
2423 1533 2745 1586 Parasceve
2780 1529 2840 1602 (o
2862 1533 2984 1596 tua,
3011 1529 3255 1598 Christe,
3275 1543 3524 1599 magna-

1875 1615 1954 1672 lia
1987 1617 1999 1670 l
2035 1637 2064 1665 «
2099 1619 2288 1682 Quam
2315 1617 2680 1674 admirabilis
2713 1621 2863 1674 Deus
2893 1617 2954 1674 in
2971 1619 3190 1674 sanctis
3221 1618 3372 1673 tuis8
3415 1617 3426 1672 l
3459 1618 3524 1690 »)

1876 1720 1982 1777 pes
2035 1710 2158 1760 erat
2213 1706 2408 1778 qualis
2464 1711 2788 1778 antequam
2839 1706 3170 1770 laederetur,
3213 1721 3419 1778 purus,
3469 1710 3526 1761 et

1878 1799 2034 1850 totus
2050 1810 2255 1860 sanus,
2285 1810 2408 1850 non
2437 1795 2619 1850 modo
2647 1795 2809 1850 nulla
2830 1795 3108 1860 sectione,
3138 1793 3242 1850 sed
3273 1809 3380 1850 nec
3407 1793 3526 1850 ulla

1877 1883 1997 1938 alia
2035 1883 2310 1953 indigens
2348 1884 2672 1940 curatione.

1949 1972 2059 2026 XV.
2093 1973 2222 2028 Non
2251 1972 2362 2028 hoc
2393 1972 2588 2028 solum
2613 1972 2860 2043 insignis
2881 1971 2976 2028 hic
3009 1974 3142 2038 Leo,
3207 1971 3313 2028 sed
3365 1969 3529 2028 aliud

1877 2076 2120 2134 quoque
2145 2076 2180 2116 a
2211 2075 2430 2132 magno
2447 2059 2782 2132 Sampsone
2799 2064 2886 2116 est
2909 2064 3263 2117 consecutus
3274 2059 3529 2116 miracu—

1879 2149 2024 2204 lum.
2041 2149 2239 2206 Morbo
2253 2151 2408 2204 enim
2425 2150 2786 2220 gravissimo
2801 2149 3105 2216 laborans,
3121 2148 3268 2205 alias
3279 2148 3527 2220 quidem

1883 2239 2146 2310 corporis
2184 2239 2275 2294 sui
2304 2243 2500 2310 partes
2525 2238 2788 2295 habebat
2817 2238 2990 2310 plane
3019 2237 3340 2309 impeditas
3361 2254 3380 2308 ς
3431 2251 3529 2307 ge—

1885 2343 2006 2383 nua
2034 2343 2174 2382 vero
2201 2327 2640 2399 propemodum
2661 2326 2910 2392 inutilia,
2934 2329 2992 2381 et
3019 2341 3156 2398 quae
3183 2341 3294 2381 suo
3325 2323 3526 2380 ofﬁcio

1885 2416 2131 2472 minime
2178 2415 2344 2486 fungi
2397 2419 2689 2488 poterant.
2747 2416 2810 2470 In
2855 2415 2988 2471 loco
3040 2413 3201 2469 enim
3265 2412 3442 2484 plano
3473 2415 3530 2468 et

1883 2505 2099 2576 aequali
2137 2509 2436 2575 utcunque
2465 2504 2733 2560 fortassis
2757 2502 2984 2573 ingredi
3023 2505 3255 2574 poterat
3287 2516 3300 2556 :
3335 2500 3528 2558 scalas

1882 2597 2081 2648 autem
2114 2593 2562 2662 ascendere,aut
2583 2608 2687 2663 per
2707 2591 2908 2646 locum
2925 2590 3212 2646 acclivem
3231 2590 3524 2656 incedere,

1881 2686 2008 2737 erat
2035 2682 2140 2752 ipsi
2170 2681 2340 2736 labor
2389 2679 2670 2736 Herculeo
2693 2680 2906 2750 major.
2947 2681 3026 2734 Ex
3083 2678 3330 2734 medicis
3387 2693 3528 2734 vero

1881 2770 2186 2836 omnibus,
2232 2775 2290 2825 et
2335 2770 2559 2824 caeteris
2603 2769 2706 2840 qui
2763 2769 3024 2840 aliquam
3078 2767 3130 2822 ei
3176 2783 3354 2840 opem
3379 2766 3529 2822 ferre

1883 2859 2334 2930 pollicebantur,
2403 2857 2548 2913 nihil
2601 2863 2812 2928 praeter
2873 2857 3172 2927 promissa
3243 2861 3300 2911 et
3359 2869 3530 2926 spem

1885 2945 2110 3001 bonam
2149 2951 2588 3001 estassecutus.
2631 2943 2848 3000 Deinde
2905 2961 3042 3000 cum
3073 2960 3212 3000 eum
3256 2943 3532 2998 subiisset

1889 3035 2176 3090 memoria
2200 3034 2421 3100 Sancti,
2448 3036 2630 3105 agitat
2645 3034 2846 3088 animo
2873 3032 3100 3104 aliquid
3119 3031 3311 3102 magis
3339 3031 3526 3102 pium,

185 3121 319 3190 πρὸς
375 3119 432 3167 τό
486 3115 688 3186 ὠφελεῖν
741 3114 1102 3188 ἀληθέστερον,
1165 3125 1261 3167 τῶν
1337 3119 1499 3170 ἄλλων
1577 3124 1775 3174 πάντων

1889 3125 1946 3178 et
2001 3123 2192 3191 magis
2237 3125 2448 3192 aptum
2501 3123 2580 3178 ad
2619 3121 2936 3178 medelam.
2963 3121 3104 3176 Aliis
3129 3119 3411 3176 omnibus
3433 3119 3532 3175 de-

185 3207 250 3264 ὠς
305 3204 532 3260 ἀνοήτων
581 3200 841 3276 ὑπεριδὼν
893 3211 964 3272 τῷ
1018 3203 1207 3256 ἐκείνου
1263 3213 1468 3279 προσεὶς
1515 3213 1674 3282 τάφῳ,
1731 3212 1778 3264 ἐν

185 3295 226 3365 ᾧ
285 3299 554 3366 γενόμενος
627 3299 1007 3364 πραγματείαις
1060 3297 1150 3364 μὲν
1225 3295 1283 3346 οὗ
1349 3304 1552 3370 χρῆταί
1617 3320 1774 3368 τισιν,

186 3380 310 3434 οὐδὲ
335 3382 683 3456 πολυημέρόις
733 3381 898 3443 ἄλλως
943 3378 1306 3456 προσεδρίαις,
1357 3385 1490 3458 εὐχῇ
1545 3385 1604 3440 δὲ
1647 3395 1774 3464 μόνῃ

187 3477 300 3523 τότε
363 3477 451 3524 καὶ
509 3470 692 3542 ἀλοιφῇ
744 3479 836 3522 τοῦ
893 3471 1080 3523 ἐκεῖθεν
1142 3470 1420 3543 βλύζοντος
1476 3480 1642 3548 μύρου
1697 3479 1779 3533 ἐπὶ

187 3567 292 3618 τοῖς
319 3563 532 3630 γόνασιν
563 3558 720 3610 αὐτοῦ
765 3566 870 3618 τοῖς
913 3565 1260 3618 πεπονηκόσιν
1313 3577 1326 3588 ⁶
1389 3563 1446 3614 οὖ
1486 3571 1774 3639 γενομένου,

189 3645 532 3700 ἀποϐάλλεται
579 3649 666 3717 μὲν
715 3645 898 3706 ευθέως
953 3651 1047 3709 τάς
1093 3657 1186 3709 τῆς
1213 3654 1368 3701 νόσου
1423 3649 1606 3718 πέδας,
1653 3657 1780 3730 ῥών-

187 3755 339 3788 νυται
392 3731 451 3787 δὲ
505 3739 624 3794 τοὺς
693 3731 864 3796 πόδας
923 3737 1083 3809 ῥῶσιν
1137 3735 1502 3799 ἐντονωτάτην.
1561 3743 1778 3800 Ἔπειτα

191 3829 282 3876 καὶ
311 3825 594 3894 ὑγιαίνοντι
642 3821 738 3894 ὅλῳ
781 3828 987 3896 σώματι
1035 3830 1123 3877 καὶ
1173 3823 1399 3902 ἡδομένῃ
1453 3830 1607 3905 ψυχῇ
1651 3839 1780 3908 πρὸς

195 3916 280 3964 τόν
341 3909 479 3964 οἶκον
534 3910 764 3964 ἐπάνεισι
811 3915 897 3964 τόν
965 3913 1168 3968 οἰκεῖον.
1243 3918 1379 3976 Πλὴν
1433 3917 1558 3972 ἀλλά
1611 3919 1781 3987 δεῖξαι

199 4001 526 4073 βουλόμενος,
581 4003 657 4054 ὅτι
706 4005 774 4074 μὴ
823 4006 952 4077 πρὸς
1004 4003 1236 4077 ῥᾴθυμον
1274 4007 1478 4079 ψυχὴν,
1521 4017 1638 4086 περὶ
1689 4019 1784 4078 τὰς

195 4093 426 4164 χάριτας
472 4093 500 4148 ἡ
555 4091 840 4164 εὐεργεσία,
899 4091 1026 4144 ἀλλὰ
1077 4099 1202 4168 πρὸς
1252 4097 1548 4170 εὐγνώμονα
1593 4103 1782 4172 μᾶλλον

197 4185 286 4232 καὶ
314 4185 702 4254 (ιεραπευτικὴν,
737 4179 937 4256 ἐπείπερ
984 4183 1008 4232 6
1057 4191 1144 4234 τοῦ
1197 4187 1332 4237 θείου
1379 4185 1532 4239 τοῦδε
1563 4191 1786 4261 Σαμψὼν

197 4266 338 4329 οἶκος
367 4271 570 4340 κάμνων
629 4265 684 4326 ἦν
725 4273 838 4322 τότε
885 4274 974 4321 καὶ
1027 4271 1093 4330 εἰς
1141 4277 1264 4341 γόνυ
1309 4273 1518 4342 κλιθεὶς,
1571 4279 1689 4328 ὅσον
1739 4277 1786 4328 ἐν

197 4363 448 4432 χρήμασι
485 4363 574 4410 καὶ
609 4357 914 4429 ἀναλώμασι
961 4367 1068 4420 τοῖς
1125 4359 1196 4420 εἰς
1253 4357 1388 4429 δέον,
1435 4363 1656 4416 αἰτεῖται
1703 4369 1788 4417 τόν

1891 3212 2126 3282 spectis,
2184 3215 2468 3282 tanquam
2522 3209 2847 3276 inutilibus,
2904 3209 3132 3266 accedit
3156 3209 3234 3264 ad
3261 3209 3417 3264 illius
3446 3223 3532 3264 se-

1891 3299 2182 3371 pulcrum.
2209 3299 2299 3354 Ad
2337 3297 2502 3370 quod
2539 3313 2677 3352 cum
2727 3298 3002 3362 venisset,
3043 3313 3160 3352 non
3185 3298 3370 3352 utitur
3405 3295 3535 3367 qui-

1889 3389 2028 3444 dem
2109 3387 2406 3459 aliquibus
2452 3385 2773 3456 negotiosis
2857 3384 3286 3450 vacationibus,
3345 3398 3535 3456 neque

1891 3475 2105 3532 multas
2145 3475 2366 3548 alioqui
2409 3475 2536 3531 dies
2601 3473 2714 3528 illic
2762 3473 3002 3538 assidet,
3031 3471 3135 3528 sed
3161 3472 3290 3528 sola
3329 3487 3538 3544 preca-

1889 3566 2048 3620 tione
2086 3569 2142 3620 et
2167 3565 2444 3620 unctione
2485 3563 2791 3633 unguenti,
2845 3561 3012 3634 quod
3075 3561 3234 3617 illinc
3271 3559 3534 3626 scaturit,

1891 3654 2072 3710 utitur
2127 3653 2339 3708 liniens
2392 3667 2590 3722 genua
2646 3651 2800 3707 male
2849 3650 3150 3707 habentia.
3183 3649 3357 3718 Quod
3395 3663 3536 3704 cum

1887 3735 2113 3800 factum
2160 3747 2336 3810 esset,
2377 3741 2660 3797 continuo
2686 3739 2878 3796 morbi
2909 3738 3303 3794 incommodis
3327 3737 3540 3793 libera-

1889 3841 2006 3902 tus,
2029 3831 2407 3904 pedibusque
2436 3845 2594 3886 novo
2631 3829 2846 3886 robore
2875 3827 3123 3885 ﬁrmiter
3151 3827 3538 3884 conﬁrmatus

1889 3923 1998 3978 fuit
2029 3941 2042 3980 :
2070 3927 2128 3977 et
2181 3936 2320 3976 mox
2349 3925 2468 3976 toto
2519 3935 2702 3974 sanus
2741 3933 3010 3989 corpore,
3041 3921 3098 3973 et
3141 3917 3310 3972 laetus
3330 3915 3537 3972 animo

1891 4012 2138 4067 domum
2193 4009 2518 4064 revertitur.
2569 4009 2776 4062 Verum
2827 4007 3130 4062 enimvero
3191 4021 3328 4061 cum
3365 4003 3539 4060 vellet

1893 4099 2224 4162 ostendere,
2253 4113 2374 4152 non
2399 4098 2460 4152 in
2503 4097 2786 4166 ignavum
2811 4095 3139 4160 hominem,
3181 4098 3238 4148 et
3267 4091 3540 4148 beneficii

1897 4185 2123 4256 accepti
2165 4186 2602 4250 immemorem,
2653 4183 2712 4236 id
2767 4182 2949 4238 fuisse
2992 4181 3295 4250 collatum,
3346 4181 3452 4235 sed
3480 4181 3538 4234 in

1897 4276 2092 4330 virum
2144 4277 2378 4340 gratum
2418 4277 2474 4324 et
2495 4271 2660 4340 pium
2716 4285 2730 4336 ;
2777 4271 3066 4340 quoniam
3113 4267 3298 4323 divini
3357 4267 3540 4337 hujus

1903 4361 2252 4434 Sampsonis
2273 4359 2489 4414 domus
2511 4363 2648 4414 tunc
2669 4357 2826 4413 male
2843 4361 3002 4412 sarta
3021 4361 3288 4428 tectaque
3305 4357 3542 4412 ruinam

199 4449 436 4518 χρηστόν
493 4452 874 4498 Κωνσταντίνον
927 4446 1135 4516 (ἐκεῖνος
1171 4450 1272 4518 γὰρ
1323 4446 1382 4506 ἦν
1441 4453 1466 4502 ό
1513 4455 1624 4504 τότε
1671 4474 1775 4528 κρα

1901 4449 2260 4514 minabatur,
2284 4447 2496 4504 oblatis
2519 4445 2788 4518 pecuniis
2805 4461 2876 4501 ac
2901 4445 3236 4517 sumptibus
3261 4449 3542 4516 opportu-

201 4536 322 4604 τὼν)
357 4536 754 4608 ἐγχειρισθῆναι
797 4536 844 4585 οἱ
895 4541 986 4585 τοῦ
1039 4537 1182 4586 οἴκου
1231 4534 1386 4590 τοῦδε
1433 4543 1524 4598 τὴν
1563 4561 1794 4613 προστα-

207 4627 344 4676 σίαν.
373 4621 432 4672 Ὀ
465 4625 554 4693 μὲν
585 4619 672 4673 οὖν
713 4617 922 4686 ἐδίδου,
951 4618 1072 4694 ᾔδει
1100 4625 1198 4697 γὰρ
1227 4627 1332 4686 οἷος
1361 4631 1454 4685 τὴν
1501 4627 1790 4701 ἐπιμέλειαν

204 4711 228 4760 ό
254 4709 404 4782 ἀνὴρ,
436 4710 584 4770 αὐτὸς
615 4705 672 4762 δε
701 4709 889 4776 λαϐὼν,
922 4711 1014 4763 οὐκ
1043 4711 1192 4780 ἀνίει,
1235 4719 1323 4767 καὶ
1375 4722 1541 4790 χειρὶ,
1591 4723 1649 4770 τό
1701 4729 1790 4773 τοῦ

203 4799 382 4869 λόγον,
437 4803 526 4850 καὶ
573 4797 700 4852 ποδὶ
755 4800 1188 4874 συμϐαλλόμενος,
1219 4809 1310 4856 καὶ
1347 4813 1520 4858 πᾶσαν
1571 4809 1790 4881 εἰσάγων

205 4887 312 4940 ἐκεῖ
333 4891 425 4945 τὴν
460 4885 720 4956 σπουδὴν,
753 4893 842 4950 ἕως
869 4889 1124 4950 ἀνέστησέ
1149 4911 1201 4944 τε
1225 4899 1310 4945 καὶ
1339 4893 1624 4970 ἀρκούντως
1649 4901 1790 4971 ἔχειν

205 4978 320 5028 καθ’
350 4975 529 5028 ἑαυτὸν
555 4981 956 5052 παρεσκεύασεν.

1899 4541 2011 4606 nis,
2043 4538 2206 4612 quod
2237 4537 2524 4594 attinebat
2551 4535 2630 4591 ad
2658 4533 2938 4606 pecunias
2961 4537 3302 4605 etsumptus
3325 4547 3543 4604 oppor-

1904 4635 2096 4694 tunos,
2127 4626 2328 4700 petita
2353 4625 2515 4680 bono
2533 4625 2916 4679 Constantino
2945 4622 3052 4694 (-15)
3073 4623 3190 4694 (ille
3213 4621 3374 4678 enim
3402 4627 3544 4677 tunc

1899 4717 2211 4775 obtinebat
2239 4713 2577 4786 imperium)
2593 4717 2655 4768 ut
2674 4728 2814 4768 cura
2837 4711 2998 4766 illam
3023 4709 3398 4766 restaurandi
3429 4709 3544 4764 sibi

1900 4807 2383 4865 demandaretur.
2433 4806 2624 4876 Atque
2675 4803 2770 4858 ille
2821 4799 3283 4873 quidem‘dedit.
3314 4799 3546 4855 Sciebat

1901 4898 2059 4954 enim
2079 4901 2304 4967 quanta
2333 4897 2488 4949 esset
2509 4891 2612 4947 viri
2643 4888 2938 4946 industria
2965 4893 3018 4944 et
3047 4887 3370 4958 diligentia.
3415 4887 3546 4957 Ipse

1903 4993 2100 5044 autem
2134 5001 2270 5040 cum
2293 4981 2634 5054 accepisset,
2657 4993 2779 5036 non
2801 4977 3151 5045 remittebat,
3183 4975 3280 5031 sed
3304 4989 3548 5030 omnem

203 5065 518 5122 rudentem
548 5072 684 5138 apte
741 5069 1042 5135 movebat,
1104 5076 1160 5126 et
1211 5073 1507 5142 inanibus,
1547 5081 1608 5134 ut
1659 5079 1891 5149 dicitur,
1931 5075 2300 5152 pedibusque
2336 5069 2760 5134 confundebat,
2791 5071 2846 5122 et
2877 5080 3054 5120 omne
3085 5063 3161 5119 ad
3200 5063 3260 5118 id
3284 5063 3550 5120 studium

207 5153 552 5220 adhibebat,
593 5155 786 5212 donec
831 5171 966 5213 eam
991 5159 1256 5228 restituit,
1277 5167 1332 5217 et
1369 5169 1663 5236 quantum
1696 5170 1756 5226 in
1799 5185 1864 5228 se
1893 5163 2238 5234 fuit,eﬁ'ecit,
2273 5165 2336 5218 ut
2365 5174 2547 5216 sanus
2575 5158 2730 5217 bene
2771 5171 2832 5212 se
2857 5153 3127 5210 haberet.

283 5332 304 5368 ³
319 5330 472 5390 Psal.
505 5347 676 5398 vau,
713 5335 802 5390 36.

279 5525 396 5656 (153‘
411 5527 477 5584 In
495 5527 802 5610 Ecgrapho
831 5529 1033 5614 Graeco
1063 5533 1350 5616 scriptum
1380 5543 1507 5597 erat
1543 5539 1646 5615 Ἰώ,
1680 5557 1790 5616 pro

279 5612 324 5654 lo
397 5605 805 5656 onstantmum
833 5617 1032 5656 Dosul.
1064 5605 1284 5656 scilicet
1316 5609 1790 5656 Pnt‘nhvrnonni.

207 5611 324 5671 quo
355 5605 805 5658 Constantinum
833 5605 1032 5674 posui,
1064 5605 1284 5664 scilicet
1315 5605 1792 5686 Porphyrogéni-

601 5697 840 5757 Punon.
881 5699 984 5758 Cn.
1021 5701 1194 5764 CXV.

2155 5537 2216 5596 ui
2268 5535 2346 5595 ab
2372 5551 2530 5595 anno
2575 5533 2679 5591 912
2725 5543 2908 5606 usque
2936 5524 3010 5588 ad
3046 5531 3114 5606 6_0
3157 5527 3348 5606 tenuit
3371 5529 3558 5599 impe-

2155 5559 2216 5596 ιιι
2268 5559 2346 5595 an
2372 5559 2530 5595 anno
2575 5559 2679 5591 tu:
2729 5559 2908 5606 usque
2936 5559 3010 5588 du
3046 5559 3114 5586 υυ
3163 5563 3164 5578 ι

2107 5559 2248 5668 δὶάε
2282 5610 2610 5666 Comment.
2647 5609 2828 5662 Prtev.
2863 5619 3026 5660 num.
3062 5603 3164 5674 12,}

3211 5697 3282 5752 10

1897 5549 2046 5626 tum,

1897 5629 2075 5672 rium.
