4114 6262
579 353 684 415 299

623 481 784 537 “XVI.
817 464 954 535 Nee"
989 477 1101 533 hoc
1125 489 1367 548 quoque
1419 470 2012 547 praetermittendum,
2068 467 2227 540 quod
2261 468 2308 522 A

576 569 853 626 eumdem
895 565 1097 632 habet,
1145 563 1248 636 qui
1299 578 1518 635 passus
1547 565 1654 628 est,
1716 570 1768 616 et
1797 559 2095 621 eumdem,
2123 557 2227 629 qui

575 657 820 714 curavit.
857 658 1002 710 Nam
1033 652 1136 724 qui
1167 667 1382 723 passus
1406 651 1650 723 quidem
1691 654 1795 713 est,
1831 647 1939 702 fuit
1978 645 2225 713 insignis

576 745 1050 814 Leo:Sampson
1091 745 1290 795 autem
1324 739 1584 802 divinus,
1639 738 1739 809 qui
1801 734 2047 791 curavit.
2085 735 2224 804 Hye-

570 834 660 890 los
708 833 820 905 (16)
879 834 965 886 est
1019 844 1178 884 unus
1232 827 1472 884 morbus
1505 844 1571 882 ex
1601 827 1672 881 iis
1704 826 1804 897 qui
1837 824 2226 892 corrumpunt

573 920 778 978 oculos
811 917 1144 974 hominum.
1169 915 1439 983 Quicum
1469 915 1527 971 in
1550 914 1703 969 illius
1735 911 2019 968 canthum
2065 909 2226 963 incu-

570 1011 820 1071 buisset,
875 1021 1013 1060 eum
1071 1003 1240 1058 valde
1270 1003 1600 1074 premebat.
1634 1004 1778 1057 Eum
1827 1015 1965 1054 cum
2012 996 2224 1068 aliquis

571 1097 929 1154 exsecuisset
968 1093 1252 1156 medicus,
1289 1091 1538 1146 laedebat
1569 1089 1786 1162 potius,
1829 1103 2012 1161 quam
2055 1086 2226 1157 juva-

571 1185 675 1241 bat
699 1203 710 1240 :
733 1186 790 1239 in
822 1185 934 1238 hoc
966 1180 1092 1236 solo
1114 1179 1516 1246 excusandus,
1540 1177 1700 1250 quod
1727 1192 1842 1230 non
1879 1191 1989 1229 sua
2012 1178 2222 1244 sponte

569 1273 863 1328 damnum
895 1267 1106 1324 attulit.
1147 1268 1233 1322 Fit
1255 1267 1413 1321 enim
1441 1267 1621 1320 sectio
1646 1264 1929 1326 maxima,
1968 1267 2021 1316 et
2049 1261 2220 1316 valde

569 1361 926 1434 periculosa,
980 1372 1167 1429 quam
1217 1355 1411 1427 ipsam
1458 1369 1695 1426 quoque
1770 1352 2002 1406 divinus
2057 1354 2223 1404 curat

570 1449 891 1521 Sampson,
933 1446 1080 1501 dum
1133 1443 1285 1499 illius
1313 1448 1618 1513 unguento
1650 1440 1890 1509 ungitur
1941 1439 2219 1511 frequen-

571 1538 704 1602 tius,
763 1535 1031 1608 quodam
1076 1531 1409 1589 admodum
1435 1546 1619 1603 parvo
1669 1529 1868 1584 relicto
1909 1527 2218 1593 foramine,

569 1624 961 1698 idquededita
979 1637 1182 1694 opera,
1211 1625 1518 1693 etpropter
1559 1618 1881 1674 utilitatem.
1925 1615 2073 1671 Nam
2116 1631 2223 1688 per

567 1715 769 1785 ipsum
797 1714 1020 1768 humor
1049 1710 1299 1782 quidam
1342 1709 1510 1764 facile
1537 1707 1811 1776 efﬂuens,
1859 1711 1914 1762 et
1945 1705 2118 1760 oculo
2166 1709 2221 1760 et

569 1801 744 1874 capiti
797 1800 1050 1854 multum
1092 1797 1330 1868 profuit.

635 1891 766 1946 XVII
807 1887 1132 1958 Adjiciatur
1157 1885 1284 1941 aliis
1320 1884 1522 1956 magni
1562 1883 1918 1956 Sampsonis
1971 1883 2225 1938 miracn-

479 2042 484 2044 _
565 1979 637 2034 lis
669 1975 1025 2033 miraculum
1063 1988 1307 2046 quoque
1346 1973 1596 2029 Genesii.
1631 1975 1773 2028 Nam
1804 1975 2014 2044 praeter
2045 1975 2222 2025 terro-

564 2067 712 2131 rém,
771 2064 952 2121 habet
999 2064 1176 2119 etiam
1234 2063 1291 2116 in
1321 2078 1380 2116 se
1406 2061 1861 2131 jucunditatem,
1908 2065 1966 2115 et
2003 2065 2088 2114 est
2121 2074 2222 2114 au-

565 2157 690 2210 ditu
731 2153 1173 2224 dignissimum.
1205 2149 1304 2206 Hic
1337 2165 1477 2220 ergo
1510 2149 1790 2205 Genesius
1821 2153 1943 2204 erat
1973 2148 2215 2219 quidem

568 2260 720 2298 unus
748 2258 813 2297 ex
848 2241 1004 2296 clero
1053 2256 1066 2306 ;
1099 2239 1209 2295 fuit
1235 2244 1432 2295 autem
1455 2238 1673 2293 multos
1725 2253 1915 2292 annos
1955 2237 2218 2291 minister

562 2329 918 2387 xenodochii
987 2343 1163 2396 ;non
1209 2327 1406 2382 minus
1463 2325 1646 2395 enim,
1742 2341 1920 2393 quam
1985 2325 2217 2395 triginta

562 2435 850 2476 annorum
890 2416 996 2472 fuit
1018 2416 1146 2488 ejus
1186 2414 1598 2471 ministerium.
1644 2416 1776 2470 Erat
1816 2417 2012 2470 autem
2048 2413 2106 2467 in
2145 2429 2215 2468 eo

563 2507 893 2564 admodum
919 2521 1121 2562 socors
1160 2509 1216 2559 et
1256 2502 1580 2573 negligens.
1624 2500 1754 2557 Una
1808 2503 2004 2573 itaque
2046 2507 2215 2555 nocte

564 2595 857 2651 accedens
884 2593 1158 2658 Sanctus,
1189 2594 1408 2648 multas
1431 2591 1480 2646 ei
1511 2591 1720 2661 plagas
1740 2590 1970 2658 inﬂixit,
1985 2590 2210 2644 dicens:

565 2685 679 2738 Cur
725 2697 844 2738 non
876 2698 946 2738 ea
975 2680 1224 2754 praebes,
1267 2678 1486 2751 quibus
1514 2685 1686 2747 egent
1718 2677 1936 2732 inﬁrmi
1966 2676 1993 2730 εἶ
2022 2682 2078 2732 et
2115 2693 2216 2732 cur

566 2771 932 2841 negligenter
987 2767 1239 2824 versaris
1291 2768 1349 2821 in
1373 2767 1486 2821 hoc
1526 2771 1628 2822 tuo
1661 2765 1986 2820 ministerio
2023 2766 2049 2820 ?
2083 2766 2213 2820 Haac

564 2865 764 2914 autem
834 2871 956 2913 non
1010 2855 1072 2910 in
1112 2855 1362 2922 somnis,
1402 2869 1594 2925 neque
1624 2870 1730 2925 per
1767 2853 1988 2907 nudam
2018 2852 2212 2908 solum

563 2947 850 3002 visionem
895 2945 1073 3011 facta,
1131 2945 1236 2998 sed
1264 2958 1443 3014 opere
1471 2946 1606 3014 ipso
1655 2958 1794 2997 mox
1837 2941 2205 2998 manifestata

564 3033 823 3094 fuerunt.
855 3035 1019 3088 Mane
1061 3033 1219 3087 enim
1288 3037 1522 3086 mutum
1566 3031 1808 3100 quidem
1855 3037 1978 3084 erat
2016 3045 2083 3084 os
2110 3032 2211 3085 Ge-

564 3121 748 3183 nesio,
781 3120 928 3176 livor
959 3126 1160 3176 autem
1191 3123 1247 3175 et
1278 3117 1478 3174 tibiccs
1520 3118 1812 3172 manifesti
1845 3117 1902 3174 in
1939 3134 2205 3190 corpore,

563 3225 683 3265 non
740 3209 958 3275 minus,
1027 3223 1210 3280 quam
1268 3207 1494 3276 lingua,
1548 3206 1707 3278 quod
1742 3206 1961 3262 factum
1997 3207 2205 3271 fuerat,

562 3297 1002 3369 signiﬁcabant.
1030 3301 1175 3354 Cum
1202 3295 1705 3368 itaquequidnam
1737 3295 1845 3349 sibi
1877 3295 2204 3360 accidisset,

559 3391 802 3456 rogatus
843 3385 1133 3457 explicare
1167 3399 1285 3440 non
1317 3387 1538 3454 posset,
1581 3385 1631 3437 ei
1671 3383 1846 3437 datur
1885 3382 2108 3445 charta,
2146 3382 2206 3436 in

560 3489 680 3546 qua
719 3474 972 3546 scripsit,
998 3473 1301 3546 quomodo
1325 3487 1385 3527 se
1411 3471 1760 3526 habuissent
1791 3485 1858 3524 ea
1891 3486 2022 3540 quae
2054 3469 2206 3524 facta

558 3564 808 3619 fuerant.
874 3562 1016 3617 Tres
1063 3561 1298 3617 interim
1361 3560 1486 3615 dies
1531 3559 1954 3630 praeterierunt,
2014 3564 2069 3614 et
2110 3559 2204 3614 ille

557 3651 798 3723 quidem
833 3649 1026 3704 adhuc
1057 3655 1181 3705 erat
1204 3648 1474 3717 elinguis.
1512 3649 1650 3702 Cum
1686 3649 1812 3702 haec
1843 3653 2042 3702 autem
2077 3648 2202 3720 jam

559 3738 851 3794 audiisset
881 3736 1270 3805 Drungarius,
1299 3751 1418 3789 non
1450 3735 1706 3805 amplius
1725 3736 2008 3790 contineri
2042 3743 2200 3807 pote-

556 3831 668 3889 rat,
697 3826 801 3881 sed
827 3823 904 3880 ad
935 3839 1168 3880 sacram
1193 3823 1437 3877 domum
1467 3823 1661 3877 statim
1694 3823 2202 3895 accedit,cupiens

556 3931 662 3988 per
688 3911 1209 3983 interrogationem
1243 3915 1297 3966 et
1318 3911 1770 3983 responsionem
1801 3911 2004 3967 audire
2035 3929 2202 3984 aper-

553 4004 688 4069 tius,
720 4018 791 4059 ea
811 4017 940 4074 quae
978 4000 1134 4057 facta
1162 3999 1398 4056 fuerant
1431 4015 1442 4054 :
1477 3999 1580 4054 sed
1615 4001 1859 4054 modum
1888 4015 2007 4055 non
2033 4001 2197 4055 inve-

551 4092 722 4147 niens
761 4095 1000 4163 propter
1035 4089 1291 4153 vincula,
1339 4088 1556 4159 quibus
1621 4087 1818 4143 adhuc
1865 4093 1988 4144 erat
2028 4089 2200 4144 astri-

548 4186 644 4238 cta
682 4181 888 4252 lingua
938 4178 1298 4250 aegrotantis,
1340 4194 1466 4234 rem
1516 4178 1828 4234 committit
1872 4179 2145 4248 precibus
2180 4202 2192 4233 :

547 4271 755 4325 Sancte
789 4270 905 4333 Dei,
947 4269 1168 4334 dicens,
1195 4267 1327 4336 scis,
1365 4268 1476 4323 scis
1507 4275 1737 4338 quanta
1765 4284 1898 4323 mea
1929 4269 2000 4323 sit
2051 4269 2106 4323 in
2141 4274 2191 4324 te

547 4359 712 4422 ﬁdes,
744 4365 798 4413 et
827 4373 1010 4429 quam
1063 4357 1270 4411 fuerim
1302 4355 1361 4411 in
1389 4362 1488 4411 tuo
1538 4356 1860 4410 ministerio
1923 4355 2188 4426 diligens,

548 4446 821 4513 concede,
855 4450 914 4498 ut
941 4444 1223 4499 Genesius
1251 4459 1362 4497 sua
1388 4443 1512 4513 ipse
1544 4442 1766 4511 lingua,
1801 4459 1935 4514 qure
1979 4462 2190 4515 passus

545 4540 654 4597 est,
683 4532 963 4588 enuntiet.
986 4533 1130 4586 Cum
1150 4530 1243 4584 ille
1261 4529 1341 4583 sic
1364 4534 1515 4584 esset
1539 4536 1909 4599 precaturus,
1945 4547 2062 4586 non
2087 4533 2192 4588 fuit

544 4621 848 4677 fraudatus
881 4633 991 4674 sua
1035 4617 1313 4690 petitione
1352 4633 1364 4682 ;
1401 4618 1501 4672 sed
1541 4618 1616 4672 ab
1654 4618 1788 4688 ipso
1820 4629 2058 4688 rogatus
2090 4622 2190 4676 Ge-

542 4711 762 4774 nesius,
791 4708 1052 4781 primum
1077 4705 1315 4777 quidem
1356 4705 1738 4771 balbutiebat,
1773 4707 2113 4780 exiliterque
2135 4716 2190 4765 et

541 4799 816 4855 intercise
871 4797 1242 4868 loquebatur,
1303 4800 1358 4850 et
1396 4810 1465 4849 ea
1511 4795 1760 4860 dicebat,
1803 4813 1934 4869 quae
1990 4799 2187 4854 minus

541 4888 785 4959 intelligi
815 4888 1093 4958 poterant
1129 4885 1346 4953 Lingua
1378 4889 1578 4940 autem
1617 4886 1666 4938 ei
1709 4886 2000 4956 paulatim
2040 4888 2186 4943 rela-

539 4983 696 5043 xata,
747 4975 955 5032 omnia
1007 4973 1274 5045 explicat,
1331 4971 1615 5043 adjiciens
1647 4975 1821 5029 etiam
1864 4974 2086 5046 aliquid
2113 4976 2186 5031 de

538 5067 719 5120 domo
747 5066 949 5136 magni
995 5062 1360 5134 Sampsonis,
1387 5066 1628 5132 propter
1659 5059 1816 5116 illam
1849 5065 2007 5118 enim
2040 5064 2186 5120 indi-

539 5155 740 5222 gnatio
797 5153 1095 5225 praecipue
1147 5155 1276 5207 orta
1328 5155 1445 5205 erat
1475 5167 1488 5205 :
1524 5166 1652 5220 quae
1684 5151 1919 5221 quidem
1946 5152 2184 5228 domus,

537 5242 683 5296 dum
715 5242 802 5295 vir
828 5248 1071 5297 sanctus
1111 5240 1304 5296 adhuc
1329 5240 1562 5295 vivebat
1600 5240 1750 5294 inter
1781 5241 2050 5297 homines
2094 5262 2185 5300 su-

535 5333 780 5401 perstes,
814 5329 1031 5384 nullius
1057 5329 1221 5400 pretii
1247 5330 1358 5400 (17)
1383 5333 1525 5395 erat,
1559 5333 1616 5384 et
1656 5331 2179 5404 contemnebatur;

606 5451 974 5523 (l6)'1‘c).omi,
1015 5452 1203 5523 inquit
1259 5453 1514 5523 Cangius
1544 5453 1603 5509 in
1653 5454 1947 5512 Glossario
1974 5458 2172 5514 Graeco

535 5525 813 5596 oarbaro,
862 5529 967 5596 est
1002 5523 1206 5596 vitium
1238 5523 1741 5596 _in_accipitribus,
1775 5542 1909 5581 cum
1954 5527 2172 5585 scilicet

535 5593 746 5650 Baulos
797 5592 982 5667 quasi
999 5593 1212 5650 vitreos
1238 5592 1486 5652 habent:
1509 5595 1664 5654 Idem
1695 5597 1927 5655 videtur
1951 5599 2172 5672 signiﬁ-

1933 322 2230 400 ~MENSIS
2273 322 2544 398 J‘UNIUs.

3847 319 3958 394 360

2409 467 2507 530 ἶς’.
2553 463 2692 519 Οὐδὲ
2743 472 2892 517 τοῦτο
2942 461 3247 536 παραλιπεῖν
3302 463 3466 529 ἄξιον,
3514 464 3538 514 ὃ
3587 467 3680 514 καὶ
3737 467 3825 514 τὸν
3878 463 3956 515 ἱα-

2337 557 2552 627 σάμενον
2587 560 2674 606 καὶ
2721 557 2807 606 τὸν
2853 553 3006 604 αὐτὸν
3062 551 3146 603 ἐπὶ
3200 552 3353 623 ἄμφω
3406 551 3613 603 ἱαθέντα
3655 557 3906 622 σημαίνει
3937 571 3949 581 ·

2333 646 2357 695 6
2405 647 2493 716 μὲν
2541 646 2642 718 γὰρ
2682 639 2742 701 ἧν
2776 644 2800 693 6
2853 645 3131 715 περιφανὴς
3176 645 3337 705 Λέων,
3372 640 3594 712 Σαμψὼν
3628 638 3687 692 δὲ
3735 643 3761 690 6
3813 643 3951 700 Θείος

2332 734 2356 783 6
2418 733 2715 805 ἰασάμενος.
2773 730 2962 800 ’Υελωψ
3019 733 3076 781 τὸ
3141 731 3308 790 πάθος
3365 731 3411 780 ἓν
3471 729 3581 781 ἐστι
3639 735 3727 780 καὶ
3785 739 3948 781 τοῦτο

2332 830 2428 873 τῶν
2488 821 2782 893 ὀφθαλμοὺς
2837 818 3117 890 ἀνθρώπων
3172 817 3556 882 ἐπισαινόντων,
3611 821 3659 882 ὃ,
3721 823 3812 869 καὶ
3873 829 3948 889 τῷ

2332 909 2522 962 ἐκείνου
2582 911 2752 980 κανθῷ
2805 907 3123 977 ἐπισκῆψαν,
3182 904 3376 966 ἐπίεζεν
3454 906 3708 977 ἰσχυρῶς.
3773 914 3948 959 Τοῦτο

2335 999 2520 1073 ἰατρῶν
2585 1019 2664 1059 τις
2734 995 2978 1067 ἐκκόψας,
3051 994 3296 1067 βλάπτων
3369 997 3579 1068 ὑπῆρχε
3635 996 3832 1068 μᾶλλον
3914 997 3944 1054 ἦ

2331 1087 2552 1158 ὠφελῶν,
2587 1091 2674 1138 καὶ
2717 1089 2882 1156 τούτῳ
2924 1090 3062 1156 μόνῳ
3114 1080 3324 1141 δηλαδή
3374 1088 3445 1155 μὴ
3503 1091 3945 1156 πονηρευόμενος,

2331 1177 2406 1227 ὅτι
2464 1180 2535 1247 μὴ
2593 1174 2715 1226 ἑκὼν
2792 1173 2950 1242 ἐπῆγε
2997 1177 3090 1230 τὴν
3152 1171 3400 1244 βλάϐηνο
3457 1177 3682 1244 μεγίστη
3744 1177 3852 1248 γὰρ
3915 1177 3943 1231 ἡ

2327 1269 2457 1336 τομὴ
2513 1269 2712 1335 γίνεται
2769 1267 2857 1314 καὶ
2916 1264 3086 1332 ἄκρως
3139 1261 3442 1333 ἐπισφαλὴς,
3501 1263 3562 1320 ἣν
3619 1267 3708 1314 καὶ
3773 1264 3948 1320 αὐτὴν

2329 1355 2353 1404 6
2419 1355 2552 1413 θεῖος
2630 1351 2770 1403 ἰᾶται
2850 1349 3092 1422 Σαμψὼν,
3155 1357 3226 1420 τῷ
3313 1347 3505 1401 ἐκείνου
3587 1353 3947 1423 θαμινώτερον

2329 1441 2720 1516 ἐπιχριομένην,
2803 1445 2997 1513 μικρᾶς
3077 1458 3210 1498 τινος
3320 1440 3451 1510 ἄγαν
3536 1439 3947 1512 ὑπολειφθείσης

2331 1529 2477 1595 ὀπῆς,
2511 1534 2599 1581 καὶ
2645 1529 2807 1590 αὐτῆς
2837 1531 2970 1580 κατά
3017 1531 3259 1599 πρόνοιαν
3291 1524 3501 1586 δηλαδὴ
3534 1533 3621 1580 καὶ
3665 1537 3760 1580 τοῦ
3811 1530 3948 1600 ὠφε-

2327 1619 2429 1671 λεῖν
2478 1619 2655 1670 ἕνεκεν
2709 1615 2801 1670 διὰ
2844 1625 2938 1679 τῆς
2983 1616 3146 1678 αὐτῆς
3192 1619 3293 1690 γὰρ
3351 1616 3506 1688 ἰκμάς
3564 1638 3644 1679 τις
3698 1619 3946 1692 εὐχερῶς

2329 1706 2675 1781 ἀπορρέουσα,
2730 1708 2794 1758 τὰ
2846 1706 2958 1778 μεθ’
3013 1704 3104 1757 ὅλα
3159 1713 3231 1776 τῷ
3287 1712 3338 1757 τε
3415 1705 3658 1778 ὀφθαλμῷ
3713 1714 3809 1759 καὶ
3871 1716 3939 1779 τῇ

2803 1445 2997 1513 μικρᾶς
3077 1458 3210 1498 τινος

2257 1815 2300 1870 B
2329 1795 2520 1867 κεφαλῇ
2559 1799 2827 1847 συνέτεινε.

2403 1883 2500 1937 ΙΖ’.
2544 1886 2834 1956 Προσθὴτω
2885 1887 2974 1934 καὶ
3033 1886 3089 1934 τὸ
3147 1889 3238 1934 τοῦ
3292 1887 3526 1935 Γενεσίου
3579 1890 3689 1945 τοῖς
3759 1883 3942 1946 ἄλλοις

2329 1980 2420 2024 τοῦ
2465 1972 2701 2044 Μεγάλου
2753 1974 3061 2044 θαύμασιον·
3097 1974 3209 2043 ἔχει
3239 1974 3339 2046 γὰρ
3390 1975 3519 2044 μετὰ
3573 1979 3663 2024 τοῦ
3710 1972 3941 2049 φοϐεροῦ

2328 2066 2416 2112 καὶ
2465 2064 2520 2112 τὸ
2561 2065 2766 2133 χαρίεν,
2822 2065 2910 2112 καὶ
2967 2063 3103 2112 ἔστιν
3157 2059 3394 2122 ἐπιεικῶς
3446 2059 3821 2123 αξιάκουστον.
3885 2063 3943 2116 Ὀ

2327 2154 2495 2202 τοίνυν
2527 2155 2757 2211 Γενέσιος
2803 2149 2949 2210 οὗτος
2982 2146 3041 2206 ἧν
3090 2152 3179 2220 μὲν
3212 2150 3282 2210 εἷς
3329 2158 3424 2201 τῶν
3474 2157 3563 2200 τοῦ
3614 2152 3843 2223 κλήρου,
3883 2150 3940 2210 ἦν

2327 2234 2384 2290 δὲ
2439 2243 2528 2289 καὶ
2576 2240 2848 2310 ὑπουργῶν
2899 2243 3014 2309 περὶ
3063 2241 3156 2298 τὰς
3205 2246 3296 2289 του
3345 2238 3552 2301 ξενῶνος
3601 2237 3761 2291 τοῦδε
3808 2241 3938 2293 λειτ-

2323 2332 2556 2400 ουργίας,
2587 2330 2672 2384 ἔτη
2725 2329 2937 2397 συχνά·
2970 2331 3190 2400 καὶγὰρ
3239 2327 3330 2378 οὐκ
3384 2327 3603 2379 ἐλάττων
3653 2329 3684 2386 ἡ
3743 2337 3937 2401 χρόνοι

2321 2418 2596 2488 τριάκοντα
2626 2417 2655 2473 ἡ
2704 2417 2988 2487 ὑπηρεσία.
3019 2416 3306 2487 Ἐτύγχανε
3355 2413 3413 2468 δὲ
3457 2417 3523 2468 ὧν
3571 2415 3769 2489 ἀμελὴς
3819 2427 3932 2493 περὶ

2323 2504 2482 2561 αὐτὴν
2515 2508 2601 2555 καὶ
2648 2503 2877 2574 ἀτέχνως
2925 2506 3175 2578 ῥάθυμος.
3212 2507 3381 2577 Ταύτῃ
3429 2525 3504 2558 τοι
3555 2511 3642 2557 καὶ
3697 2514 3800 2578 μιᾷ
3831 2519 3930 2560 τῶν

2320 2601 2534 2656 νυκτῶν,
2598 2591 2813 2654 ἐπιστὰς
2882 2593 3020 2662 αὐτῷ
3091 2595 3115 2644 6
3166 2592 3369 2664 Ἄγιος,
3445 2593 3645 2664 πληγὰς
3719 2595 3924 2649 ἐντείνει

2322 2680 2530 2748 πολλὰς,
2583 2683 2677 2732 Διὰ
2734 2687 2785 2732 τί
2838 2687 2928 2752 μὴ,
2987 2681 3166 2751 λέγων,
3217 2686 3470 2756 παρέχεις
3523 2683 3590 2733 ὧν
3634 2690 3824 2756 χρείαν
3870 2690 3919 2738 οἱ

2320 2772 2594 2842 κάμνοντες
2640 2772 2849 2841 ἔχουσι,
2892 2775 2980 2822 καὶ
3028 2766 3118 2822 διὰ
3174 2775 3222 2822 τί
3266 2775 3384 2844 περὶ
3437 2774 3628 2828 ταύτην
3683 2792 3769 2824 σου
3816 2779 3905 2830 τήν

2321 2854 2587 2910 διακονίαν
2638 2858 2898 2933 ὀλιγώρως
2951 2862 3128 2930 ἓχεῖς,
3163 2865 3336 2911 Ταῦτα
3383 2855 3441 2911 δὲ
3488 2859 3580 2911 οὐκ
3626 2863 3741 2933 ὤναρ
3785 2857 3896 2913 οὐδε

2317 2951 2475 3020 μέχρι
2527 2953 2614 3000 καὶ
2657 2947 2810 3017 ψιλῆς
2866 2953 3151 3018 φαντασίας
3191 2951 3376 3018 ἔτυχεν
3429 2948 3760 3020 εἰργασμένα,
3807 2949 3899 3000 ἁλὶ.

2318 3035 2396 3086 ἐπ’
2449 3036 2615 3086 αὐτῶν
2664 3039 2905 3110 ἄντικρυς
2937 3045 3032 3088 τῶν
3078 3039 3236 3110 ἔργων
3289 3042 3378 3088 καὶ
3431 3039 3456 3095 ἦ
3510 3036 3777 3100 ὑποδειξις
3822 3059 3912 3110 φα-

2246 3163 2286 3216 C
2315 3125 2454 3195 νερά’
2486 3126 2632 3176 ἕωθεν
2677 3128 2774 3197 γὰρ
2821 3128 3018 3196 ἄφωνον
3066 3129 3155 3196 μὲν
3188 3123 3248 3183 ἦν
3303 3135 3372 3195 τῷ
3424 3132 3639 3197 Γενεσίῳ
3691 3131 3754 3178 τὸ·
3805 3137 3916 3178 σιο-

2315 3231 2408 3281 μα,
2443 3212 2678 3281 μελανίαι
2729 3211 2786 3264 δὲ
2836 3218 2924 3264 καὶ
2972 3211 3304 3275 πελιδνώσεις
3336 3219 3453 3286 περὶ
3504 3218 3557 3266 1'6
3605 3224 3758 3286 σῶμα
3807 3212 3919 3267 δια-

2317 3307 2503 3368 φανεῖς,
2585 3299 2818 3368 γλώττης
2903 3302 2996 3352 οὐκ
3095 3301 3301 3354 ἔλαττον
3387 3301 3777 3373 ἀπαγέλλουσαι
3857 3307 3921 3356 τὰ

2316 3389 2635 3458 πραχθέντα.
2699 3389 2834 3441 Ἐπεὶ
2893 3387 2979 3440 οὖν
3041 3396 3128 3442 καὶ
3187 3390 3506 3464 ἐρωτώμενος
3560 3392 3586 3444 ὃ
3643 3396 3914 3465 πεπόνθοι,

2316 3471 2650 3546 διασαφῆσαι
2696 3473 2950 3540 ἀδύνατος
2996 3477 3077 3545 ἧν,
3110 3483 3322 3552 χάρτης
3366 3479 3506 3551 αὐτῷ
3555 3478 3794 3544 δίδοται,
3829 3490 3916 3536 καὶ

2312 3565 2497 3634 τούτῳ,
2557 3566 2695 3626 ὅπως
2746 3562 2905 3637 εἶχεν,
2966 3567 3196 3626 ἐντίθησι
3250 3571 3313 3620 τὰ
3364 3574 3697 3642 γεγενημένα.
3765 3579 3914 3646 Τρεῖς

2311 3654 2368 3703 τὸ
2424 3652 2616 3724 μεταξὺ
2667 3654 2928 3726 παρῆλθον
2987 3657 3197 3730 ἡμέραι,
3250 3663 3339 3710 καὶ
3396 3660 3421 3709 6
3474 3661 3562 3730 μὲν
3623 3660 3894 3731 ἄγλωττος·

2309 3749 2380 3811 τῷ
2426 3738 2484 3793 δὲ
2533 3738 2868 3818 δρουγγαρίῳ
2917 3754 3016 3796 τῶν
3067 3751 3436 3821 πεπραγμένων
3481 3746 3757 3801 ἆκουστῶν
3797 3748 3895 3810 ἤδη

2306 3834 2602 3901 γενομένων,
2652 3834 2758 3894 οἷος
2810 3832 2994 3895 ἐκεῖνος
3047 3831 3170 3887 οὐδὲ
3219 3838 3463 3898 καθεκτὸς
3512 3834 3570 3895 ἦν
3624 3841 3722 3904 ἔτι,
3780 3839 3910 3893 ἀλλὰ

2306 3921 2430 3989 πρὸς
2478 3922 2561 3969 τὸν
2608 3921 2739 3990 ἱερὸν
2779 3918 2916 3973 οἶκον
2959 3927 3016 3974 τὸ
3065 3930 3367 3996 παραυτίκα
3406 3929 3623 3997 γίνεται.
3671 3933 3772 3980 Καὶ
3823 3927 3912 3982 δι-

2305 4003 2415 4073 ψῶν
2459 4008 2546 4076 μὲν
2588 4003 2681 4059 διὰ
2726 4012 2955 4070 πεύσεως
3005 4015 3094 4062 καὶ
3145 4009 3466 4087 ἀποκρίσεων
3516 4013 3740 4067 ἀκοῦσαι
3783 4037 3913 4090 τρα-

2303 4098 2535 4166 νέστερον
2582 4100 2648 4149 τὰ
2701 4105 3030 4172 γεγενημένα·
3083 4100 3286 4175 ἀπορῶν
3339 4099 3397 4155 δὲ
3453 4100 3545 4154 διὰ
3595 4107 3682 4164 τὰς
3737 4107 3914 4176 ἐγκει-

2302 4187 2457 4254 μένας
2507 4187 2581 4236 ἔτι
2630 4183 2793 4248 πέδας
2848 4197 2908 4260 τῇ
2958 4190 3174 4262 γλώσσῃ
3228 4198 3317 4242 τοῦ
3357 4194 3683 4259 πεπονθότος,
3735 4196 3910 4266 εὐχὴν

2301 4275 2365 4323 τὰ
2421 4280 2512 4324 τοῦ
2581 4277 2886 4348 πράγματος
2938 4277 3221 4353 ἐπιτρέπει·
3271 4278 3420 4352 Ἀγιε
3471 4289 3561 4333 τοῦ
3617 4289 3771 4349 Θεοῦ,
3823 4286 3909 4340 λέ-

2297 4381 2422 4430 γων,
2456 4364 2500 4412 εἴ
2545 4382 2644 4434 μου
2699 4361 2948 4427 σύνοιδας
2989 4371 3081 4425 τὴν
3133 4373 3309 4420 πίστιν
3354 4371 3451 4427 ὅση
3507 4373 3635 4444 πρὸς
3681 4375 3758 4436 σὲ,
3811 4383 3908 4428 καὶ

2298 4450 2436 4510 ὅπως
2489 4451 2864 4522 ἐμμελέστατος
2916 4456 3014 4526 ἐγὼ
3071 4461 3188 4528 περὶ
3244 4461 3328 4515 τὴν
3395 4457 3741 4532 λειτουργίαν,
3804 4460 3905 4525 δὸς

2300 4537 2427 4609 αὐτῇ
2482 4539 2678 4613 γλώττῃ
2737 4561 2826 4612 μοι
2873 4546 2958 4594 τὸν
3006 4549 3235 4597 Γενέσιον
3288 4545 3313 4597 ὃ
3355 4550 3595 4600 πέπονθεν
3641 4547 3902 4621 ἀπαγγεῖ-

2296 4624 2400 4680 λαι.
2441 4627 2616 4688 Οὕτως
2647 4627 2834 4691 ἐκεῖνος
2877 4631 3162 4704 εὐξάμενος,
3195 4634 3252 4685 οὗ
3301 4632 3556 4710 διήμαρτε
3604 4645 3694 4698 τῆς
3741 4639 3901 4699 αἰτή-

2300 4733 2446 4781 σεως,
2498 4715 2605 4767 ἀλλ’
2649 4716 2973 4790 ἐρωτώμενος
3017 4722 3105 4773 ὑπ’
3153 4722 3312 4774 αὐτοῦ
3354 4725 3378 4775 ὁ
3423 4729 3672 4795 Γενέσιος,
3706 4736 3902 4798 πρῶτα

2296 4806 2383 4875 μὲν
2432 4805 2827 4879 ὑποϐαταρίζων
2879 4805 2958 4873 ἦν,
3017 4807 3266 4885 ἀμυδρῶς
3309 4831 3363 4864 τε
3404 4817 3492 4865 καὶ
3538 4811 3901 4889 διακεκομμέ-

2295 4913 2386 4953 νως
2435 4895 2872 4968 ὑποφθεγγόμενος
2928 4903 3016 4950 καὶ
3072 4900 3225 4957 ἧττον
3299 4904 3484 4954 συνετὰ
3538 4902 3714 4975 λέγων’
3769 4908 3897 4960 κατ’

2297 4981 2462 5053 ὀλίγον
2496 4980 2554 5035 δὲ
2585 4982 2850 5047 ἀνεθείσης
2898 4987 3036 5057 αὐτῷ
3081 4997 3174 5050 τῆς
3212 4989 3446 5060 γλώττης
3492 4995 3660 5044 πάντα
3691 4990 3896 5048 διασα-

2297 5078 2395 5142 φεῖ,
2446 5074 2690 5146 προσθεὶς
2719 5081 2807 5127 καὶ
2859 5079 2922 5128 τὰ
2969 5081 3084 5149 περὶ
3137 5085 3234 5140 τῆς
3280 5080 3516 5150 Μεγάλου
3575 5081 3758 5143 οἰκίας.
3814 5085 3900 5136 Δι’

2296 5157 2487 5217 ἐκείνην
2533 5163 2632 5233 γὰρ
2680 5168 2769 5214 καὶ
2813 5164 3004 5236 μᾶλλον
3053 5167 3081 5223 ἠ
3136 5164 3514 5238 ἀγανάκτησις,
3566 5172 3678 5231 ἣτις
3731 5171 3901 5232 ζῶντι

2294 5251 2382 5320 μὲν
2433 5257 2504 5318 τῷ
2554 5248 2732 5321 Ἀγίῳ,
2785 5257 2872 5304 καὶ
2933 5256 3007 5304 ἔτι
3062 5258 3289 5328 περιόντι
3364 5265 3435 5328 τῷ
3495 5257 3618 5330 βίῳ,
3685 5261 3900 5332 φαύλως

2296 5334 2407 5408 εἶχε
2453 5342 2539 5389 καὶ
2595 5341 2777 5402 ἱκανῶς
2826 5338 3220 5403 ἐξουδενοῦντοο
3252 5349 3601 5415 μεταστάντος
3649 5345 3708 5401 δε
3759 5355 3904 5424 πρὸς

2283 5476 2424 5517 care
2444 5460 2664 5533 fratrm}.

2353 5532 2636 5616 (t7)li§ion.
2658 5533 2815 5616 adeo
2853 5536 3072 5593 scilicet
3103 5539 3476 5616 xenodochio
3527 5544 3892 5616 Sampsonis

2282 5601 2449 5679 (dum
2468 5604 2565 5662 hic
2587 5606 2821 5679 viveret)
2848 5615 3226 5682 prospectum
3257 5617 3382 5670 erat
3411 5613 3486 5670 de
3513 5601 3829 5672 reditibus
3851 5601 3890 5676 ο
