4114 6262
157 390 254 463 304

1465 399 1630 458 VITA
1669 396 1731 456 S.
1771 391 2196 466 SAMPSONIS.

3408 411 3518 469 302
3543 417 3545 420 ⁴

168 534 321 599 Θεὸν,
354 534 444 582 καὶ
488 525 594 587 ἤδη
637 534 850 600 φανεροῦ
895 532 1162 599 γενομένου
1204 532 1297 587 τὴν
1348 529 1625 600 ἁγιότητα,
1658 512 1764 578 ἔδει

1877 531 2008 597 post
2035 535 2288 592 mortem
2319 549 2460 593 vero
2490 536 2618 607 ejus
2647 539 2702 591 et
2731 532 3169 592 manifestatam
3200 533 3520 596 sanctimo-

164 624 372 682 πάντως
414 617 576 676 αὐτὴν
613 620 704 669 καὶ
761 623 916 688 τιμῆς
963 615 1262 683 ἀξιοῦσθαι,
1308 622 1398 671 καὶ
1444 621 1512 681 ὡς
1573 617 1765 670 ἐκείνου

168 711 341 764 οἰκίαν
368 707 695 780 λογίζεσθαι’
728 707 754 758 ὃ
799 703 866 765 δὴ
915 711 1004 758 καὶ
1043 711 1248 779 γέγονεν
1304 706 1526 770 εὐσεϐῶς
1578 727 1631 760 τε
1678 711 1768 758 καὶ

168 799 430 872 φιλοθίως·
483 796 548 857 εἰς
596 799 697 868 γὰρ
739 799 858 848 ναόν
909 795 1304 868 μεταϐέϐληται,
1355 803 1444 850 καὶ
1493 797 1767 869 ἁγιστείας

163 887 404 950 ἀξιοῦται
427 894 522 947 τῆς
550 888 945 960 προσηκούσης.

238 1063 345 1120 IH'.
397 1063 532 1117 Ἀλλ’
564 1059 688 1116 οὐδε
719 1067 776 1116 τὸ
818 1066 949 1137 πρὸς
992 1067 1077 1116 τόν
1117 1063 1434 1138 Εὐστράτιον
1481 1065 1673 1136 θαῦμα,
1709 1066 1762 1127 ὃς

162 1161 256 1208 τοῦ
305 1152 595 1224 καταλόγου
644 1155 734 1224 μεν
783 1161 880 1204 τῶν
934 1153 1342 1227 προσπαθαρίων
1393 1151 1500 1205 ἐστὶ
1556 1152 1654 1222 (ἔτι
1704 1149 1764 1205 δε

164 1243 267 1304 ζῶν
319 1245 408 1294 καὶ
447 1245 632 1314 περιὼν
671 1237 982 1312 δείκνυται),
1031 1243 1216 1314 μικρὸν
1241 1239 1347 1293 οἷον
1395 1245 1570 1292 καὶτὸ
1599 1244 1762 1312 τυχόν

165 1337 256 1386 καὶ
316 1328 440 1385 οὐδε
492 1335 704 1403 μνήμης
760 1330 923 1393 ἄξιον.
980 1329 1158 1399 "If/ys:
1245 1333 1333 1401 μὲν
1407 1332 1510 1404 γὰρ
1578 1329 1766 1389 ἐκεῖνος

167 1421 440 1494 ὀφθαλμῶν
496 1417 562 1477 δὴ
623 1424 712 1472 καὶ
767 1420 955 1494 ἕτερον,
1010 1423 1100 1470 καὶ
1147 1418 1260 1471 λίαν
1309 1414 1567 1492 σφοδρῶςο
1629 1415 1766 1488 φίλος

167 1507 228 1563 δε
265 1506 327 1568 ἦν
376 1509 516 1579 αὐτῷ
563 1513 651 1560 καὶ
702 1509 935 1569 συνηθης
993 1508 1017 1558 6
1070 1509 1536 1581 πρωτοσπαθάριος
1602 1509 1762 1574 Λέων,

165 1602 220 1652 ὃν
299 1603 390 1650 καὶ
474 1598 849 1669 ὑπηρετεῖσθαι
923 1603 996 1666 τῷ
1067 1592 1404 1668 δρουγγαριῳ
1477 1595 1765 1666 φθάσαντες

165 1685 523 1760 ἕδηλώσαμεν,
595 1688 645 1746 ὃς
696 1689 786 1737 καὶ
860 1689 954 1743 τὴν
1011 1692 1103 1736 τοῦ
1166 1683 1369 1746 ξενῶνος
1435 1685 1764 1757 προστασίαν

167 1776 596 1852 ἐπιτετραμμένος
645 1771 704 1833 ἦν
738 1773 792 1836 ἐξ
834 1772 1046 1844 ἐκείνου,
1095 1768 1306 1834 ὀδύναις
1331 1772 1466 1824 οὕτω
1513 1770 1765 1844 βαλλόμε-

1875 615 2052 684 niam,
2085 620 2342 681 debebat
2371 625 2534 682 omni
2566 624 2942 681 veneratione
2968 623 3248 681 honorari
3301 641 3372 683 ac
3425 643 3522 684 ve-

1869 702 1976 760 luti
2009 707 2197 779 ipsius
2227 713 2443 769 domus
2486 713 2771 785 reputari.
2826 712 2990 778 Quod
3021 713 3266 784 quidem
3297 714 3520 774 factum

1871 798 1957 849 est
1975 796 2068 867 pie
2095 803 2150 855 et
2173 801 2445 872 religiose
2475 818 2487 858 :
2519 807 2746 859 mutata
2773 801 2932 858 enim
2950 806 3042 856 est
3084 803 3146 858 in
3203 804 3517 876 templum,

1871 888 1926 938 et
1990 893 2264 946 assecuta
2340 895 2428 947 est
2478 907 2634 962 eam,
2706 906 2888 963 quam
2946 905 3056 962 par
3111 895 3217 962 est,
3276 907 3522 951 venera-

1870 973 2117 1032 tionem.

1940 1065 2115 1120 XVIII.
2152 1065 2263 1123 Sed
2297 1083 2483 1141 neque
2538 1068 2699 1141 quod
2752 1069 2813 1124 in
2879 1067 3244 1124 Eustratium
3297 1068 3520 1127 factum

1869 1157 1960 1207 est
2040 1153 2418 1225 miraculum,
2488 1158 2592 1230 qui
2662 1158 2849 1213 estin
2898 1157 3520 1229 protospathariorum

1870 1239 2116 1311 quidem
2148 1242 2360 1298 relatus
2390 1259 2710 1300 numerum
2741 1245 2851 1316 (est
2882 1249 3081 1300 autem
3114 1244 3315 1300 adhuc
3345 1246 3520 1302 vivus

1872 1332 1928 1382 et
1952 1334 2274 1400 superstes)
2305 1347 2558 1404 parvum
2591 1337 2681 1388 est
2733 1336 2788 1388 et
2826 1333 3094 1402 vulgare,
3126 1336 3183 1389 et
3208 1333 3521 1403 indignum

1871 1425 2363 1476 commemoratu.
2397 1423 2544 1476 Nam
2567 1420 2618 1476 ei
2635 1420 2880 1492 quidem
2909 1419 3082 1475 valde
3108 1421 3350 1478 dolebat
3378 1421 3524 1478 alter

1871 1520 1943 1559 ex
1973 1505 2177 1563 oculis.
2207 1508 2350 1564 Cum
2381 1509 2432 1564 ei
2457 1513 2655 1565 autem
2682 1511 2837 1565 esset
2853 1509 3108 1573 amicus,
3129 1512 3187 1564 et
3211 1509 3521 1566 familiaris

1873 1592 1985 1648 Leo
2006 1595 2536 1667 protospatharius,
2577 1612 2757 1668 quem
2813 1598 2976 1668 prius
3038 1596 3295 1651 diximus
3350 1597 3524 1653 mini-

1870 1687 2087 1737 strasse
2114 1683 2466 1754 Drungario,
2500 1684 2594 1740 cui
2621 1684 2800 1741 etiam
2829 1684 3024 1740 fuerat
3071 1684 3150 1741 ab
3203 1684 3306 1741 illo
3362 1701 3522 1742 com-

1871 1768 2058 1825 missa
2085 1787 2224 1826 cura
2246 1772 2622 1838 xenodochii,
2653 1777 2708 1828 et
2735 1771 2976 1828 vidisset
3005 1787 3141 1827 eum
3173 1772 3329 1828 afﬁci
3355 1777 3519 1829 tanto

165 1887 248 1920 νον
293 1873 404 1927 ταῖς
443 1868 497 1918 ἐκ
543 1871 634 1917 τοῦ
687 1863 950 1936 ὀφθαλμοῦ
999 1859 1212 1915 ἐπιδών·
1250 1862 1306 1915 Εἰ
1337 1866 1597 1926 ποιήσεις,
1645 1863 1759 1932 ἔφη,

1877 1857 2073 1914 dolore
2095 1860 2281 1918 oculi:
2319 1861 2374 1917 Si
2408 1861 2634 1926 feceris,
2696 1861 2902 1932 inquit,
2935 1877 2970 1917 ο
3001 1861 3197 1917 amice
3242 1862 3519 1926 Eustrati,

167 1956 278 2029 φίλε
322 1955 628 2030 Εὗστράτιε,
680 1954 800 2028 ὅπερ
834 1951 932 2024 ἐγώ
981 1971 1065 2004 σοι
1111 1953 1405 2024 ὑπόθωμαι,
1447 1947 1597 2002 οὐδὲν
1637 1949 1762 2012 ἔξεις

167 2049 225 2097 τὸ
284 2043 498 2112 κωλῦον,
552 2046 687 2115 ἔχων
743 2046 830 2094 τόν
879 2040 1140 2113 ὀφθαλμὸν
1187 2041 1330 2112 ὑγιᾶ.
1387 2041 1656 2113 Ἐρομένου
1704 2035 1763 2090 δὲ

167 2142 258 2186 τοῦ
311 2133 656 2204 Εὗστρατίου.
714 2135 776 2182 Τί
828 2149 951 2183 ποτε
1000 2129 1138 2182 ἐστιν
1191 2131 1214 2181 6
1268 2133 1514 2195 ποιήσω;
1557 2127 1762 2180 Ἐλαίου

166 2220 335 2274 δεῖται
387 2223 412 2272 6
461 2221 630 2288 ξενὼν,
689 2221 806 2290 ἔφη,
861 2223 950 2270 καὶ
1003 2219 1046 2270 εἰ
1102 2218 1336 2291 παρέξεις
1384 2221 1441 2269 τό
1495 2219 1625 2290 πρὸς
1672 2220 1764 2274 τὴν

162 2314 368 2384 χρείαν,
439 2307 822 2380 ἀναμφιλέκτως
901 2307 1147 2377 ὑγιανεῖς’
1213 2308 1370 2378 ὅμως,
1429 2306 1473 2357 εἰ
1565 2303 1761 2377 βούλει,

163 2406 254 2452 καὶ
301 2398 590 2471 ἐγγράφους
643 2415 727 2448 σοι
775 2397 962 2447 τούτου
1011 2394 1216 2468 παρέξω
1269 2397 1358 2456 τὰς
1396 2399 1620 2454 πίστεις.
1664 2392 1765 2444 Οὖ-

164 2508 262 2548 τως
296 2490 410 2560 ἔφη,
443 2492 529 2538 καὶ
578 2488 627 2538 οἱ
669 2484 814 2556 λόγοι
851 2483 909 2536 οὐ
953 2487 1117 2557 μέχρι
1164 2488 1250 2534 καὶ
1299 2482 1462 2554 λόγων
1511 2484 1761 2548 ἔστησαν,

168 2575 276 2629 ἀλλ’
326 2573 432 2635 ἤδη
481 2579 571 2628 καὶ
624 2574 694 2636 εἰς
742 2575 887 2646 ἔργον
937 2571 1208 2635 ἆξέϐαινον·
1279 2570 1640 2642 ἐπιθαρσὴσας
1697 2577 1759 2641 τῇ

167 2673 259 2718 τοῦ
307 2663 542 2736 Μεγάλου
583 2660 822 2735 δυνάμει,
878 2665 966 2714 καὶ
1013 2661 1085 2721 οἷς
1120 2660 1253 2731 ἑώρα
1299 2660 1386 2711 ὑπ’
1429 2659 1591 2711 αὐτοῦ
1642 2660 1764 2711 θαυ-

165 2757 639 2830 ματουργουμένεις
687 2754 712 2804 ό
757 2754 899 2804 Λέων
951 2757 1133 2802 πιστοῐ
1174 2752 1259 2801 τόν
1301 2748 1616 2822 Εὑστράτιον
1671 2744 1764 2800 διὰ

159 2852 387 2918 γραφῆς,
442 2843 606 2902 οὕτως
665 2839 914 2911 ἐχούσης·
989 2838 1118 2906 Ἐγὼ
1185 2840 1324 2888 Δίων
1371 2838 1628 2895 πεποιθως
1682 2834 1762 2888 ἐπὶ

160 2943 226 3005 τῇ
282 2940 372 2984 τοῦ
421 2935 600 3000 Ἀγίου
648 2925 886 2998 δυνάμει,
933 2930 1020 2976 καὶ
1139 2927 1265 2996 πρὸς
1295 2923 1448 2974 αὐτόν
1481 2922 1766 2993 ἐμϐεϐαίω-

163 3041 264 3093 μαι
294 3025 488 3082 πίστει,
539 3015 806 3087 ἐγγυῶμαί
857 3032 943 3064 σοι
982 3020 1052 3081 τῷ
1103 3011 1429 3082 Εὐστρατίῳ,
1480 3013 1765 3082 παρέχοντι

163 3112 268 3182 γάρ
305 3128 388 3162 σοι
420 3112 477 3160 τό
506 3125 564 3175 γε
602 3107 734 3176 πρὸς
775 3107 867 3160 τὴν
898 3105 1083 3174 χρείαν
1112 3107 1201 3152 τοῦ
1232 3102 1375 3151 οἶκου
1418 3101 1603 3162 ἔλαιον,
1638 3118 1766 3172 παρ-

1869 1947 1929 2002 id
1967 1948 2130 2020 quod
2153 1964 2263 2019 ego
2303 1949 2407 2006 tibi
2457 1965 2808 2022 suggessero
2840 1949 3006 2015 nihil,
3061 1949 3326 2017 habebis,
3361 1951 3521 2022 quod

1869 2036 2201 2108 prohibeat,
2253 2041 2413 2111 quod
2465 2039 2665 2095 minus
2723 2053 2936 2094 sanum
2985 2037 3208 2094 habeas
3255 2038 3522 2096 oculum.

1871 2125 2014 2181 Cum
2042 2142 2182 2183 vero
2235 2133 2502 2198 rogasset
2536 2126 2881 2196 Eustratius,
2944 2125 3186 2182 dicens:
3215 2127 3518 2192 Quidnam

1870 2217 1975 2279 est,
2003 2215 2168 2287 quod
2199 2233 2332 2271 sum
2383 2215 2687 2273 facturus?
2740 2216 2902 2281 Oleo,
2955 2215 3162 2287 inquit,
3222 2231 3375 2288 opus
3433 2220 3521 2271 est

1869 2303 2272 2360 xenodochio:
2306 2306 2470 2376 quod
2503 2305 2550 2360 si
2579 2304 2929 2376 praebueris,
2963 2303 3344 2359 convalesces
3371 2304 3521 2360 citra

1873 2391 2050 2448 ullam
2078 2393 2549 2449 dubitationem:
2584 2399 2658 2459 et,
2692 2394 2740 2448 si
2770 2394 2848 2450 ita
2871 2392 3040 2455 velis,
3095 2391 3155 2446 id
3197 2408 3308 2462 ego
3352 2407 3522 2448 man-

1869 2480 2029 2535 dabo
2057 2480 2259 2536 litteris
2285 2497 2297 2547 ;
2331 2481 2496 2554 quod
2517 2481 2621 2537 tibi
2652 2480 2954 2554 polliceor.
2997 2480 3086 2536 Sic
3118 2479 3218 2546 ait,
3251 2484 3308 2536 et
3335 2479 3520 2536 verba

1870 2583 1990 2624 non
2021 2568 2080 2623 in
2113 2569 2253 2624 solis
2277 2571 2474 2626 verbis
2501 2571 2904 2630 constiterunt,
2940 2570 3047 2625 sed
3077 2571 3260 2628 etiam
3283 2585 3520 2642 proces-

1869 2660 2069 2712 serunt
2093 2656 2171 2712 ad
2198 2672 2374 2730 Opus.
2428 2659 2630 2728 Magni
2675 2658 2833 2714 enim
2885 2659 3236 2730 Sampsonis
3302 2657 3518 2714 virtute

1868 2743 2071 2811 fretus,
2100 2750 2158 2800 et
2211 2745 2301 2811 iis,
2357 2762 2494 2818 quas
2538 2747 2616 2802 ab
2675 2762 2745 2802 eo
2811 2745 2956 2801 vidit
3011 2746 3157 2814 ﬁeri,
3189 2745 3519 2812 miraculis,

1872 2833 2156 2888 Eustratio
2186 2833 2363 2889 ﬁdem
2392 2835 2532 2891 facit
2563 2851 2668 2906 per
2699 2836 3076 2907 scripturam,
3100 2851 3231 2908 quae
3281 2835 3363 2890 sic
3405 2833 3523 2890 ha-

1870 2920 2086 2975 bebat:
2123 2922 2240 2990 Ego
2272 2924 2384 2978 Leo
2416 2923 2595 2979 fretus
2650 2923 2854 2979 virtute
2903 2924 3092 2979 sancti
3142 2923 3518 2994 Sampsonis,

1871 3011 1926 3062 et
1954 3009 2091 3073 fide,
2116 3024 2237 3080 qua
2271 3027 2404 3066 sum
2431 3012 2489 3066 in
2517 3027 2652 3066 eum
2675 3012 3081 3078 conﬁrmatus,
3133 3011 3402 3084 spondeo
3451 3026 3521 3066 ac

1873 3095 2301 3166 fidejubeotibi
2344 3099 2651 3166 Eustratio,
2709 3102 2875 3172 quod
2928 3099 3212 3171 praebenti
3275 3100 3378 3155 tibi
3444 3099 3522 3156 ad

166 3199 268 3260 ἐξει
329 3217 413 3250 σοι
467 3199 552 3248 καὶ
617 3195 642 3244 6
701 3196 877 3262 Μέγας
932 3193 1018 3241 τόν
1065 3192 1119 3240 ἐκ
1173 3196 1305 3241 Θεοῦ
1357 3188 1490 3240 ἔλεον
1533 3192 1619 3238 καὶ
1680 3191 1764 3238 τόν

1877 3201 2048 3239 usum
2077 3186 2204 3256 ejus
2230 3188 2446 3241 domus
2491 3187 2710 3253 oleum,
2765 3189 3056 3260 praebebit
3099 3205 3341 3261 quoque
3400 3205 3523 3244 ma-

166 3287 427 3359 ὸφθαλμόν
475 3283 722 3356 ἀλγήσεις
769 3280 958 3333 οὐκέτι.
1011 3278 1066 3332 Ὁ
1112 3282 1202 3350 μὲν
1243 3274 1328 3329 οὖν
1376 3275 1556 3348 Ἀγιος
1587 3278 1766 3347 ἔφθανε

167 3379 232 3428 τὰ
281 3375 401 3448 παρ’
446 3373 647 3438 ἑαστοῦ,
695 3377 852 3423 ποιῶν
884 3372 976 3426 τὴν
1017 3365 1207 3418 ἐκείνου
1253 3361 1424 3430 δόσιν,
1457 3370 1547 3416 καὶ
1587 3363 1759 3422 ἀπαθῆ

168 3469 258 3516 καὶ
311 3463 592 3534 ἀνάλγητον
649 3457 762 3530 εἶχε
836 3460 920 3508 τόν
1000 3455 1260 3528 ὀφθαλμόν
1317 3455 1342 3505 6
1419 3453 1759 3526 Εὗστράτιος.

171 3553 384 3613 Ἐκεῖνος
437 3547 516 3616 δὲ,
560 3556 696 3602 κατὰ
741 3550 798 3600 τὸ
853 3542 1122 3617 ᾀδόμενον,
1174 3543 1265 3616 οἶμ’
1320 3543 1523 3611 ἠλέητο,
1569 3547 1657 3593 καὶ
1690 3545 1764 3593 τέ-

172 3642 350 3698 θνηκεν
406 3641 435 3698 ἡ
519 3641 700 3710 χάρις’
754 3635 1057 3708 ὠλιγώρησε
1117 3634 1216 3706 γὰρ
1270 3632 1336 3682 ὧν
1400 3629 1759 3702 ἐπηγγείλατο,

168 3733 300 3802 μετά
337 3732 396 3781 τὸ
448 3735 629 3798 τυχειν
671 3725 738 3776 ὧν
790 3722 1018 3777 ἔϐοῦλετο
1055 3721 1168 3773 λίαν
1201 3719 1418 3782 ἀναξίως
1457 3724 1544 3770 καὶ
1576 3718 1766 3790 σφαλε-

168 3827 294 3892 ρῶς,
355 3821 586 3888 χορηγός
643 3833 695 3866 τε
751 3812 922 3864 ἕλαίου
974 3817 1066 3862 τοῦ
1123 3813 1250 3884 πρός
1306 3813 1392 3860 τόν
1441 3810 1571 3882 ἱερόν
1625 3805 1762 3860 οἶκον

168 3903 294 3958 οὐδὲ
345 3905 590 3978 βραχέως
642 3903 723 3960 ἦν.
771 3900 904 3953 Ἀλλ’
937 3902 962 3953 6
992 3903 1162 3970 Μέγας
1196 3901 1379 3958 νυκτός
1432 3896 1603 3968 ἐκείνῳ
1655 3895 1760 3948 ἐπι-

169 3999 348 4068 φανεὶς
399 3990 506 4066 (δεῖ
551 3989 608 4045 δὲ
641 3992 958 4066 χρησασθαι
1003 3995 1112 4049 τοῖς
1143 3987 1301 4039 αὐτοῦ
1339 3987 1550 4058 λόγοις),
1590 3987 1760 4057 Ἐμοὶ,

165 4087 281 4156 ἔφη,
342 4082 652 4154 ἐμπαίζειςς
709 4086 882 4153 Φρενοι
956 4082 1042 4131 τόν
1106 4077 1420 4148 Εὗστράτιον
1486 4077 1514 4133 ἡ
1572 4073 1766 4134 ἀληθὴς

163 4174 296 4229 αὕτη
352 4171 488 4241 ὄψις,
544 4174 633 4221 καὶ
691 4165 837 4228 δέους
881 4168 1036 4220 αὐτὸν
1090 4164 1428 4238 ἐμπίπλησιν·
1493 4163 1604 4234 οἶμα
1665 4165 1764 4236 γὰρ

163 4265 295 4334 φωτὶ
352 4263 410 4311 τό
469 4257 632 4310 ἐλαιον
685 4257 820 4309 ἅπαν
877 4259 1008 4329 πρός
1063 4257 1146 4308 τόν
1205 4258 1399 4306 Λέοντα
1447 4249 1764 4322 ἐπιπέμψας,

168 4349 426 4402 Ἀπέτισά
457 4365 559 4410 σοι,
611 4349 788 4417 φησὶν,
818 4339 924 4402 ἤδη
974 4346 1031 4394 τὸ
1081 4345 1257 4414 χρέος·
1294 4340 1448 4399 αὐτὸς
1489 4334 1548 4389 δέ
1577 4355 1666 4408 μοι
1692 4335 1765 4398 ἐξ·

175 4438 310 4490 ιλέου
340 4439 424 4488 τὸν
454 4434 651 4505 Ἀγιον,
687 4429 808 4484 οὐδὲ
837 4434 934 4506 γὰρ
969 4427 1182 4489 δυνατὸς
1209 4427 1305 4498 ὶγὼ
1337 4430 1500 4498 φέρειν
1527 4427 1616 4484 τὰς
1645 4423 1766 4498 παρ’

174 4527 338 4580 αὑτοῦ
369 4523 601 4583 ἀπειλάς.

247 4807 350 4864 ΙΘ’.
393 4809 461 4859 T6
519 4802 577 4858 δὲ
631 4808 746 4878 περὶ
797 4805 879 4856 τὸν
925 4799 1392 4875 πρωτοσπαθάριον
1442 4791 1647 4868 Βάρδαν
1686 4812 1769 4864 γε-

172 4902 327 4974 γονός
374 4901 564 4968 μικροῦ
616 4899 706 4946 καὶ
771 4895 992 4952 πίστεώς
1049 4887 1162 4941 ἐστι
1217 4893 1470 4962 κρεῖττον,
1528 4887 1578 4946 ὃς
1624 4882 1769 4953 ἐτύγ-

173 5006 308 5063 χανε
362 4988 454 5058 μὲν
504 4980 720 5054 ἀδελφός
769 4984 835 5032 ὧν
893 4981 1149 5046 Ἰωάννου,
1217 4981 1367 5049 φημὶ,
1442 4982 1531 5026 τοῦ
1586 4992 1771 5044 πατρι-

173 5084 311 5148 κίου,
371 5081 464 5127 τοῦ
514 5073 569 5124 ἐκ
619 5067 929 5125 Μακεδόνων
971 5071 1028 5120 τὸ
1082 5071 1224 5138 γένος
1268 5065 1519 5124 ἕλκοντος
1566 5057 1773 5134 σφόδρα

177 5165 237 5222 δὶ
285 5165 442 5226 οὗτος
481 5161 721 5234 Ῥωμανῷ
776 5157 988 5232 βασιλεί
1023 5163 1093 5226 τῷ
1143 5149 1356 5207 ἐπιεικεῖ
1401 5171 1453 5204 τε
1499 5156 1588 5204 καὶ
1636 5170 1772 5222 χρη-

180 5264 287 5327 στῷ
335 5256 750 5327 προσῳκειοῦτο,
799 5247 852 5298 ὃν
899 5250 987 5296 καὶ
1039 5247 1193 5296 ἴσασι
1235 5245 1418 5303 πάντες
1471 5242 1580 5292 υἱόν
1635 5245 1773 5292 Κων-

180 5347 455 5399 σταντίνου
497 5339 755 5412 γενέσθαι,
803 5342 914 5401 τοῦ,
948 5336 1013 5387 τὰ
1059 5335 1227 5385 πάντα
1273 5330 1546 5384 συνελόντα
1595 5328 1770 5397 εἰπὼν,

181 5430 630 5508 βασιλικωτάτου.
695 5427 874 5497 Τούτῳ
925 5428 1199 5496 τοιγαροῦν
1255 5428 1327 5492 τῷ
1381 5417 1558 5496 Βάρδᾳ
1610 5419 1773 5478 πάθος

183 5610 483 5677 censibus,
517 5604 792 5680 quamvis
821 5607 1118 5662 structura
1148 5602 1292 5658 satis
1320 5603 1475 5656 esset
1501 5598 1770 5670 magniﬁ‘

183 5699 345 5743 cum.

1874 3289 2028 3344 gnus
2055 3275 2349 3346 Sampson
2380 3291 2412 3329 a
2446 3276 2560 3329 Deo
2606 3276 3095 3345 misericordiam,
3166 3293 3359 3348 neque
3419 3276 3524 3331 tibi

1874 3362 2131 3433 amplius
2176 3362 2400 3418 dolebit
2441 3363 2674 3419 oculus.
2721 3365 2906 3435 Atque
2958 3365 3210 3420 Sanctus
3277 3364 3522 3436 quidem

1873 3450 2152 3522 praevenit
2176 3450 2330 3505 illius
2359 3451 2771 3517 donationem,
2799 3451 3178 3524 illaesumque
3219 3457 3275 3507 et
3326 3453 3522 3510 omnis

1873 3538 2094 3594 doloris
2123 3543 2426 3609 expertem
2471 3539 2712 3595 oculum
2745 3539 2956 3594 habuit
3015 3540 3370 3595 Eustratius.
3427 3540 3522 3595 llle

1873 3631 2070 3683 autem
2100 3626 2274 3682 simul
2302 3629 2385 3697 (ut
2432 3628 2612 3698 vulgo
2660 3627 2895 3698 dicitur)
2943 3633 3001 3683 et
3056 3628 3522 3684 misericordiam

1873 3720 1958 3770 est
1989 3721 2312 3774 assecutus,
2369 3721 2424 3772 et
2481 3716 2771 3772 memoria
2822 3717 2952 3786 ejus
3002 3716 3082 3771 illi
3130 3721 3367 3772 mortua
3413 3721 3518 3772 est.

1875 3805 2240 3876 Contempsit
2269 3805 2430 3860 enim
2475 3821 2611 3875 quas
2641 3810 2763 3860 erat
2794 3805 3113 3876 pollicitus,
3166 3810 3518 3878 postquam,

1872 3909 2006 3965 quae
2033 3893 2233 3956 voluit,
2266 3900 2356 3948 est
2387 3899 2765 3958 consecutus,
2794 3893 3039 3964 indigne
3087 3893 3416 3949 admodum
3465 3899 3522 3950 et

1873 3982 2205 4053 periculose
2238 3999 2254 4052 ;
2288 3985 2348 4036 et
2383 3989 2599 4038 sancta:
2630 3981 2838 4036 domui
2869 3998 2943 4038 ne
2969 3982 3222 4037 nimium
3271 3982 3518 4054 quidem

1875 4072 2130 4143 praebuit
2160 4071 2377 4126 oleum.
2415 4071 2526 4126 Sed
2559 4088 2694 4126 cum
2726 4071 2972 4137 Magnus
2996 4071 3075 4125 illi
3116 4079 3292 4126 noctu
3338 4086 3522 4143 appa-

1874 4160 2086 4214 ruisset
2115 4160 2365 4229 (oportet
2388 4165 2582 4214 autem
2626 4158 2709 4212 uti
2753 4159 2884 4228 ejus
2941 4158 3206 4229 verbis):
3265 4159 3375 4223 Me,
3439 4159 3525 4214 in-

1876 4246 2016 4317 quit,
2047 4246 2228 4300 habes
2257 4245 2560 4300 ludibrio?
2583 4245 2769 4300 Efﬁcit
2827 4261 2967 4301 vero
2997 4247 3123 4301 haec
3152 4247 3319 4312 visio,
3355 4252 3415 4302 ut
3445 4247 3524 4302 ad

1877 4349 1938 4390 se
1957 4333 2160 4389 redeat
2188 4335 2535 4397 Eustratius,
2565 4333 2774 4388 timore
2814 4339 3139 4405 correptus.
3191 4337 3337 4389 Nam
3385 4351 3522 4389 cum

1876 4422 2137 4478 diluculo
2177 4427 2366 4478 totum
2409 4421 2609 4477 oleum
2659 4421 2864 4477 misset
2919 4422 2995 4476 ad
3036 4425 3326 4478 Leonem:
3367 4424 3519 4486 Jam,

1801 4526 1846 4581 1)
1875 4511 2085 4583 inquit,
2111 4509 2332 4566 exsolvi
2366 4509 2468 4565 tibi
2493 4509 2804 4568 debitum:
2840 4515 2902 4565 tu
2955 4515 3154 4566 autem
3188 4510 3363 4582 placa
3418 4511 3522 4567 mi-

1877 4601 1935 4655 hi
2013 4599 2321 4656 Sanctum.
2414 4597 2614 4670 Neque
2668 4597 2827 4654 enim
2877 4614 3130 4671 possum
3188 4599 3340 4655 ferre
3390 4599 3521 4670 ejus

1877 4691 2102 4747 minas.

1947 4777 2076 4833 XIX.
2111 4774 2277 4840 Quod
2311 4779 2510 4831 autem
2557 4774 2618 4830 in
2669 4774 3209 4847 protospatharium
3264 4773 3518 4829 Bardam

1877 4866 2100 4922 factum
2139 4868 2244 4929 est,
2279 4862 2456 4918 fidem
2485 4879 2662 4935 prope
2705 4868 2967 4934 superat.
3015 4864 3147 4918 Erat
3197 4862 3293 4916 hic
3346 4860 3526 4917 frater

1875 4954 2120 5011 Joannis
2149 4952 2399 5025 patricii,
2431 4952 2531 5025 qui
2560 4951 2807 5008 ducebat
2844 4967 3033 5022 genus
3064 4967 3134 5006 ex
3160 4951 3520 5015 Macedonia,

1879 5051 1932 5100 et
1965 5057 2184 5112 magna
2209 5041 2262 5097 ei
2287 5040 2692 5097 intercesserat
2714 5039 3086 5096 familiaritas
3111 5055 3246 5094 cum
3266 5040 3524 5095 Romano

1878 5135 2254 5204 imperatore,
2306 5130 2562 5200 benigno
2598 5133 2656 5184 et
2720 5129 3014 5192 clemente,
3078 5142 3259 5198 quem
3331 5126 3526 5183 sciunt

1879 5237 2089 5279 omnes
2141 5219 2323 5275 fuisse
2380 5218 2567 5273 ﬁlium
2617 5215 2988 5272 Constantini
3039 5216 3158 5287 (18)
3207 5238 3220 5269 :
3279 5215 3381 5288 qui
3435 5217 3523 5288 (ut

1880 5310 2082 5368 omnia
2109 5308 2293 5364 semel
2325 5308 2544 5376 dicam)
2574 5305 2681 5361 fuit
2712 5305 3035 5376 imperator
3063 5304 3350 5376 egregius.
3381 5304 3527 5359 Huic

1881 5416 2021 5472 ergo
2052 5399 2254 5454 Bardaa
2285 5395 2531 5452 morbus
2552 5394 2844 5450 incumbit
2868 5393 2929 5449 in
2973 5393 3125 5450 latus
3154 5394 3327 5467 isque
3349 5394 3526 5465 longe

1953 5594 2065 5666 (18)
2106 5594 2406 5666 Romanus
2438 5587 2782 5666 imperator,
2807 5586 3529 5666 Con_stantipi_Porph)'ro-

1883 5658 2094 5737 gehitis
2121 5663 2301 5731 ﬁlius,
2342 5658 2606 5729 regnavit
2625 5658 2703 5715 ab
2734 5674 2886 5716 anno
2917 5663 3018 5715 960
3046 5658 3123 5715 ad
3163 5663 3252 5715 6t.
