4114 6262
259 261 371 318 305
1585 263 1754 320 VlTA
1795 261 1855 320 s.
1897 249 2325 330 SAMPSON'IS.
3533 261 3642 336 306

261 387 395 440 Εἶτα
443 389 533 438 καὶ
587 387 677 442 τήν
735 384 972 435 σύνοικον
1024 379 1194 448 ἡδέως
1243 392 1506 460 φωνήσας,
1563 395 1704 443 Δοκῶ
1760 411 1871 464 μοι,

2011 391 2166 448 mitti
2215 410 2246 449 e
2289 395 2490 454 latere.
2545 397 2766 456 Deinde
2820 397 3140 471 conjugem
3185 399 3447 460 hilariter
3494 403 3636 463 allo.

261 479 413 549 ἔφην,
447 471 588 548 μηδὲ
637 469 950 538 ὀδυνᾶσθαι,
986 471 1114 525 ἀλλὰ
1146 479 1210 526 σὺ
1257 481 1376 540 τοὺς
1419 477 1762 552 ἐπικειμένους
1807 489 1867 552 τῇ

2007 485 2196 538 :utus:
2244 485 2381 541 Mihi
2431 486 2654 552 videor,
2705 469 2975 561 inquam,
3007 469 3152 546 nihil
3206 491 3344 547 mali
3388 494 3632 552 sentire;

261 565 441 637 πληγῇ
526 561 750 634 δεσμοὺς
829 560 987 614 λῦσον
1075 565 1259 637 ἠρέμα.
1321 572 1422 620 Καὶ
1497 569 1628 627 αὑτὴ
1711 570 1873 631 οὕτως

2013 571 2086 625 ed
2117 577 2179 627 tu
2222 575 2440 630 sensim
2482 575 2644 632 solve
2692 560 2928 633 vincula
2975 577 3166 650 plagae
3211 581 3506 651 imposita.
3555 585 3633 638 Ea

265 653 449 720 ἐποίει,
482 657 569 704 καὶ
599 647 764 708 ἀηδία
793 650 952 709 πολλὴ
980 655 1176 711 ταύτην
1209 653 1340 726 εἶχε,
1375 661 1484 720 καὶ,
1521 660 1678 728 Οἵμοι
1707 657 1868 730 [Egon],

2004 663 2178 716 lutem
2214 661 2298 718 sic
2327 663 2480 730 fecit,
2515 681 2631 720 non
2665 666 2790 721 sine
2823 647 3056 738 magna,
3087 647 3210 740 qua
3240 647 3629 740 atiiciebatur,

265 747 350 806 τίς
378 739 520 802 οὗτος
551 742 576 793 ό
623 738 935 812 ἀμανίτηςὸ
985 747 1046 812 τῇ
1103 741 1278 814 πληγῇ
1321 743 1663 817 ἐπικείμενος
1692 751 1759 799 Τό
1811 745 1870 800 δὲ

2006 749 2246 806 nolcstia
2279 767 2290 817 ;
2325 757 2397 823 et,
2431 753 2534 809 Hei
2568 755 2732 821 mihi,
2767 754 2947 810 dixit:
2983 738 3128 820 Quis
3159 760 3246 811 est
3269 757 3364 812 hic
3406 738 3631 815 smine;

265 828 326 889 ἦν
361 826 758 902 διασεσημμένη
813 827 948 902 σὰρξ
999 833 1090 882 xui
1139 829 1426 894 ἀπόϐλητος
1501 842 1610 896 τοῖς
1661 835 1868 908 ἀμφίοις

2005 851 2062 892 es
2110 837 2240 909 (2i),
2286 841 2383 913 qui
2427 841 2618 913 plagae
2661 847 2746 898 est
2785 843 3098 914 impositus
3138 843 3164 897 τί
3204 845 3270 898 Id
3317 861 3458 900 vero
3506 850 3630 904 erat

261 921 710 972 συνεκσπαθεῖσα.
769 919 950 978 Οὕτως
1010 917 1172 982 ἰαθεὶς
1225 919 1322 992 ἐγὼ
1393 927 1482 975 καὶ
1551 921 1866 998 παραδόξως

2003 941 2112 982 ηειτο
2143 928 2474 998 putrefacta
2511 937 2566 986 et
2596 935 2886 1004 separata,
2926 947 3060 1004 quae
3096 947 3215 988 una
3244 949 3379 988 cum
3414 936 3628 1005 pannis

259 1005 635 1084 ἀναρρωσθεὶς,
692 1005 786 1059 ούκ
855 1008 931 1058 ἔτι
1002 1007 1108 1069 οἶός
1178 1008 1282 1082 εἰμι
1352 1009 1568 1084 ἐμαυτόν
1635 1012 1860 1085 ἐπέχειν,

2003 1015 2181 1072 vulsa
2212 1016 2417 1074 fuerat.
2453 1019 2546 1076 Sic
2579 1035 2690 1090 ego
2730 1025 2996 1086 sanatus,
3025 1025 3080 1076 et
3121 1025 3334 1091 praeter
3364 1037 3530 1092 spem
3572 1027 3628 1080 et

260 1095 390 1149 ἀλλὰ
439 1104 502 1170 τῇ
552 1101 644 1148 τοῦ
701 1095 982 1168 ἰασαμένου
1029 1099 1322 1170 πειθόμενος
1369 1100 1565 1173 ἐντολῇ,
1599 1105 1728 1174 πρὸς
1777 1108 1861 1156 τόν

2000 1104 2314 1174 ιρίηίοιιθω
2350 1107 2606 1177 pristinae
2649 1109 2950 1164 restitutus
2993 1107 3335 1175 valetudini,
3370 1125 3491 1165 non
3533 1125 3625 1166 me

260 1185 424 1238 αὑτοῦ
481 1185 667 1256 ἄπειμι
718 1187 898 1257 τάφον,
949 1193 1060 1247 τοῖς
1111 1186 1280 1248 ἄλλοις
1334 1193 1711 1262 συνεορτάσων.
1763 1193 1864 1244 Οὑ-

2000 1192 2137 1246 ιοιυί
2181 1194 2438 1265 amplius
2481 1197 2799 1265 continere,
2833 1195 2978 1268 quin
3023 1211 3291 1267 parerem
3339 1199 3625 1254 curatoris

259 1293 356 1335 τως
402 1273 576 1340 εἰπὼν,
611 1273 745 1326 οὕτω
790 1270 856 1332 δη
903 1279 994 1327 καὶ
1023 1285 1358 1351 παραχρῆμα
1384 1277 1562 1345 ἐποίει,
1596 1283 1684 1332 xui
1735 1284 1864 1354 πρὸς

1996 1280 2088 1335 nei
2117 1287 2433 1354 praecepto,
2458 1288 2514 1339 et
2544 1299 2639 1340 me
2666 1283 2995 1340 conferrem
3013 1285 3240 1355 adjejus
3261 1285 3621 1357 sepulcrum,

255 1367 342 1416 τόν
393 1362 573 1435 ’Ἅγιον
623 1363 824 1437 πλήρης
875 1361 1071 1427 ἡδονῆς
1128 1372 1216 1419 xui
1286 1374 1464 1440 χαρᾶς
1524 1367 1699 1442 ἀπῄει,
1754 1379 1863 1433 τοῖς

1994 1385 2108 1424 eum
2154 1369 2281 1426 aliis
2326 1371 2540 1428 festum
2570 1371 2998 1428 celebraturus.
3045 1374 3191 1428 Cum
3239 1374 3321 1428 sic
3360 1373 3619 1440 dixisset,

259 1461 556 1505 συναντῶσι
601 1456 777 1525 μέντοι
809 1457 896 1506 καὶ
945 1455 1165 1508 οἷπιστόν
1214 1475 1264 1508 τι
1312 1465 1504 1530 χρῆμα
1545 1454 1734 1524 ἐδόκει,
1769 1464 1858 1511 καὶ

1996 1459 2168 1514 .tatim
2199 1476 2438 1531 quoque
2469 1461 2551 1516 sic
2579 1461 2732 1528 fecit,
2762 1465 2816 1517 et
2843 1461 2920 1518 ad
2949 1463 3230 1518 Sanctum
3255 1461 3621 1534 abiitplenus

251 1545 350 1600 ’τὴν
378 1541 497 1614 ὄψιν
529 1541 1010 1616 ἀμφισϐητήσιμον.

1992 1548 2188 1614 gaudio
2213 1553 2269 1604 et
2295 1550 2508 1606 laetitia.
2539 1550 2614 1604 Iis
2642 1555 2860 1616 autem,
2891 1549 2992 1622 qui
3023 1550 3075 1606 ei
3103 1549 3326 1606 ﬁebant
3354 1550 3617 1618 obviam,

1965 1651 2058 1691 res
2104 1636 2421 1693 videbatur
2466 1637 2850 1708 incredibilis,
2904 1643 2957 1695 et
2999 1639 3088 1695 vel
3133 1639 3206 1696 de
3238 1639 3357 1695 suis
3387 1639 3620 1697 dubita-

1889 1739 1932 1794 B
1964 1725 2106 1781 bant
2136 1726 2342 1782 oculis.

332 1808 453 1864 KA'.
521 1813 860 1883 Συντετάχθω
907 1818 1014 1872 τοῖς
1064 1809 1384 1883 προλαϐοῦσι
1441 1817 1531 1865 καὶ
1585 1812 1710 1864 αύτὸ
1762 1821 1852 1865 τοῦ

2033 1817 2162 1871 XXI.
2219 1817 2625 1885 Conjungatur
2673 1815 3143 1886 praecedentibus
3198 1816 3428 1886 Georgii
3477 1831 3619 1888 quo-

249 1904 513 1974 Γεωργίου
555 1902 611 1952 τό
663 1901 857 1972 θαῦμα·
891 1900 948 1952 ού
1002 1899 1189 1972 φαῦλον
1236 1902 1360 1976 γὰρ,
1393 1897 1515 1954 οὑδὲ
1560 1905 1615 1953 τὸ
1663 1905 1851 1974 τυχόν,

1988 1918 2079 1974 [ue
2119 1904 2472 1960 miraculum
2505 1921 2516 1958 :
2551 1921 2668 1960 non
2713 1909 2802 1960 est
2837 1905 2993 1960 enim
3025 1903 3172 1968 leve,
3203 1920 3312 1960 nec
3351 1905 3613 1974 vulgare,

243 1984 370 2040 οὐδ’
423 1990 559 2040 ὥστε
617 1993 707 2040 καὶ
767 1985 1006 2064 παριδεῖν
1059 1989 1221 2052 ἄξιον.
1287 1989 1454 2051 Οὗτος
1510 1991 1710 2052 οἰκέτης
1763 1993 1851 2062 μὲν

1992 2007 2156 2064 teque
2198 1992 2316 2048 ullo
2344 1993 2525 2048 modo
2557 1993 3082 2050 contemnendum.
3117 1995 3168 2047 Is
3197 1998 3321 2048 erat
3351 1993 3617 2049 minister

241 2075 539 2146 ἐτύγχανεν
597 2077 662 2127 ὡν
727 2085 966 2149 μοναχοῡ
1019 2097 1156 2140 τινος
1225 2083 1314 2130 καὶ
1383 2081 1572 2151 ἱερέως,
1631 2079 1852 2153 Ἐφραίμ

1986 2081 2241 2136 nonachi
2262 2081 2576 2152 cujusdam
2599 2087 2652 2137 et
2675 2081 3018 2146 sacerdotis,
3045 2081 3286 2137 nomine
3311 2079 3611 2152 Ephraim.

239 2164 497 2236 τοῦνομα,
559 2174 626 2236 τῷ
687 2173 779 2217 τοῦ
861 2164 1106 2239 ὕδρωπος
1165 2164 1224 2219 δὲ
1289 2171 1622 2241 περισχεθεὶς
1678 2169 1848 2232 πάθει,

1987 2171 2106 2224 lum
2133 2175 2330 2225 autem
2369 2169 2643 2242 hydrope
2670 2170 2986 2238 laboraret,
3028 2169 3171 2226 etin
3210 2185 3378 2226 sacra
3409 2169 3612 2239 magni

235 2257 340 2304 xui
392 2260 464 2322 τῷ
521 2255 637 2323 ἱερῷ
697 2256 821 2325 οἴκῳ
875 2261 967 2305 τοῦ
1028 2254 1260 2326 Μεγάλου
1317 2254 1622 2315 ἀνακλιθείςο
1678 2258 1854 2308 ἔπειτα

1986 2259 2308 2329 ἰεωρεοηὶε
2340 2260 2466 2314 aede
2506 2265 2660 2315 esset
2691 2260 2999 2331 repositus,
3034 2259 3239 2314 omnia
3259 2258 3505 2330 quidem
3527 2275 3611 2314 re-

235 2347 341 2400 τὴν
391 2347 605 2415 χρονίαν
659 2343 968 2394 κατάκλισιν
1028 2339 1380 2416 δυσχεράνας,
1437 2343 1700 2396 ἀπολιπὼν
1767 2348 1852 2396 τὸν

1985 2347 2124 2412 )ulit,
2167 2363 2299 2420 quae
2331 2348 2380 2402 ei
2422 2363 2456 2402 a
2497 2347 2743 2402 medicis
2783 2349 2946 2418 prius
2986 2353 3150 2402 erant
3188 2347 3265 2401 ad
3315 2346 3610 2402 medelam

235 2433 383 2505 ἱερὸν
434 2437 524 2482 τοῦ
590 2427 845 2482 δεσπότου
916 2431 1149 2483 οἰκίσκον
1215 2433 1446 2484 ἄπεισιν.
1499 2432 1558 2483 '0
1614 2436 1704 2504 μὲν
1763 2430 1850 2484 οὖν

1986 2435 2250 2498 thibita,
2293 2439 2495 2507 utpote
2518 2451 2554 2492 a
2590 2435 2810 2507 quibus
2845 2434 3123 2490 omnibus
3151 2431 3293 2488 nihil
3318 2433 3442 2504 opis
3481 2449 3611 2489 sen-

237 2516 514 2581 δεσπότης
557 2519 650 2572 οὑκ
682 2518 810 2572 ἀνίει
856 2528 1120 2592 παραινῶν
1169 2519 1307 2591 αύτῷ
1347 2525 1435 2572 καὶ
1483 2522 1850 2592 ὑποτιθέμενος

1983 2523 2150 2578 ιὶεεθῐ.
2188 2523 2404 2580 Deinde
2433 2541 2571 2579 cum
2610 2539 2764 2594 aegre
2809 2522 3000 2587 ferret,
3041 2521 3198 2594 quod
3225 2522 3456 2578 tamdiu
3493 2521 3608 2578 illic

232 2607 468 2662 ἀνελθεῖν
517 2605 668 2670 αὖθις
711 2613 799 2660 καὶ
849 2617 920 2680 τῷ
969 2617 1065 2661 τοῦ
1115 2609 1294 2680 Ἀγίου
1335 2613 1459 2681 οἴκῳ
1511 2617 1842 2684 προσμεῖναι·

1984 2609 2359 2676 lecumberet,
2389 2627 2558 2667 sacra
2589 2611 2686 2666 illa
2715 2611 2842 2666 aede
2873 2611 3092 2681 relicta,
3119 2610 3264 2667 abiit
3295 2611 3355 2665 in
3382 2609 3609 2665 domini

229 2697 356 2751 ἐπεὶ
395 2695 452 2751 δὲ
495 2703 566 2771 μὴ
618 2700 808 2751 ἔπειθεν
860 2694 1108 2771 (ἐφείδετο
1155 2701 1256 2773 ’γὰρ
1309 2699 1700 2773 αὐστηροτέρων
1746 2701 1843 2773 ῥη-

1982 2699 2406 2755 lomunculam.
2451 2701 2574 2754 Non
2606 2699 2880 2754 cessabat
2921 2703 3120 2754 autem
3150 2685 3431 2753 dominus
3469 2713 3607 2753 eum

225 2791 422 2862 μάτων
457 2785 549 2840 διὰ
579 2792 670 2844 τὴν
719 2794 809 2838 τοῦ
840 2789 1036 2848 πάθους
1071 2785 1390 2860 βαρύτητα)·
1424 2785 1528 2840 Κᾶν
1570 2795 1694 2858 γοῦν
1721 2791 1844 2840 εἵσω

1982 2803 2199 2843 nonere
2243 2792 2298 2844 et
2347 2787 2589 2852 hortari,
2643 2793 2701 2842 ut
2758 2789 3166 2854 reverteretur,
3211 2791 3266 2842 et
3303 2785 3364 2842 in
3409 2785 3607 2842 Sancti

223 2885 331 2930 τοῦ
409 2876 682 2948 εύκτηρίου
761 2873 972 2938 εἴσελθε,
1055 2876 1170 2944 ἔφη,
1259 2873 1417 2930 αὑτήν
1498 2881 1590 2924 τοῦ
1661 2874 1844 2944 Ἀγίου

1982 2875 2138 2930 lomo
2178 2875 2374 2931 adhuc
2408 2879 2693 2932 maneret.
2729 2878 2874 2932 Cum
2903 2891 3045 2931 vero
3076 2891 3196 2930 non
3223 2874 3607 2946 persuaderet

225 2968 628 3038 προσκυνήσων
684 2963 854 3014 εἰκόνα
909 2959 1018 3013 εἶτα
1067 2969 1156 3014 τοῦ
1211 2959 1380 3012 ἐλαίου
1428 2959 1595 3012 λαϐὼν
1653 2981 1706 3013 τε
1757 2967 1846 3015 καὶ

1981 2979 2015 3019 a
2087 2963 2282 3018 verbis
2335 2964 2491 3021 enim
2546 2963 2882 3019 abstinebat
2934 2963 3337 3034 asperioribus
3367 2967 3605 3033 propter

232 3051 584 3124 ἀλειψάμενος
636 3059 697 3124 τῇ
755 3055 905 3123 κοίτῃ
967 3058 1028 3122 τῇ
1105 3059 1193 3122 σῇ,
1251 3049 1577 3106 ἀνακλίθητι,
1642 3055 1741 3103 Καὶ
1798 3051 1847 3111 ὃς

1979 3051 2150 3106 norbi
2180 3053 2551 3124 gravitatem)
2584 3070 2596 3107 :
2642 3051 3000 3120 Oratorium,
3039 3052 3247 3124 inquit,
3283 3050 3494 3107 saltem
3519 3051 3604 3106 in-

231 3140 409 3192 ἑποίει
467 3144 524 3192 τό
583 3139 872 3192 κελευσθέν.
929 3140 1068 3192 Ἐπεὶ
1125 3135 1184 3190 δὲ
1239 3143 1328 3190 καὶ
1385 3135 1686 3210 ἡμερα,ἧν,
1737 3137 1847 3191 ἐκε-

1976 3141 2218 3208 ;redere,
2236 3140 2589 3196 adoraturus
2607 3141 2798 3210 ipsam
2813 3140 3342 3210 Sanctiimaginem
3359 3159 3370 3194 :
3389 3139 3601 3194 deinde

224 3229 412 3280 λεύετο
469 3231 559 3300 μὲν
608 3229 752 3299 παρὰ
823 3235 914 3279 τοῦ
977 3224 1236 3278 δεσπότου
1286 3231 1375 3278 καὶ
1420 3229 1495 3278 ἔτι
1562 3229 1628 3279 τὰ
1692 3229 1847 3300 ὃμοια

1975 3243 2088 3282 :um
2129 3228 2327 3284 oleum
2368 3229 2685 3298 acceperis,
2725 3233 2781 3282 et
2819 3233 2872 3283 te
2903 3227 3160 3294 unxeris,
3207 3228 3268 3283 in
3319 3233 3412 3282 tuo
3451 3227 3600 3283 lecto

227 3325 405 3370 ποιεῖν
433 3335 444 3347 ·
477 3319 502 3369 ό
549 3313 625 3382 δὲ,
668 3316 808 3370 Ἀλλ’
857 3316 972 3388 ἐγὼ,
1019 3319 1196 3388 φησὶν,
1245 3315 1461 3390 ξόῥωκα,
1510 3320 1598 3368 καὶ
1641 3324 1703 3388 τῇ
1753 3325 1844 3369 τοῦ

1973 3317 2252 3372 'ecumbe.
2313 3315 2409 3372 llle
2454 3321 2650 3370 autem
2703 3315 2854 3376 fecit,
2917 3315 3078 3386 quod
3133 3315 3334 3385 jussus
3391 3315 3598 3371 fuerat.

225 3405 418 3476 Ἀγίου
471 3403 692 3478 δυνάμει
760 3407 990 3478 καθαρᾶς
1061 3403 1327 3456 ἁπέλαυκα
1370 3406 1588 3476 ὑγιείας·
1649 3407 1844 3468 ταύτης

1976 3407 2269 3477 ’ostquam
2299 3420 2439 3461 vero
2481 3403 2739 3468 advenit,
2789 3402 3110 3475 jubebatur
3151 3403 3397 3474 quidem
3427 3419 3462 3460 a
3501 3403 3601 3459 do-

227 3497 336 3570 γὰρ
404 3503 500 3556 τῆς
551 3498 736 3556 νυκτὸς
791 3494 902 3546 κατ’
965 3497 1084 3567 ὄναρ
1135 3491 1394 3565 ἐπιφανείς
1440 3513 1529 3564 μοι
1581 3495 1605 3544 ό
1661 3493 1845 3565 Ἀγιος

1973 3495 2117 3550 nino
2147 3493 2342 3549 adhuc
2370 3493 2559 3550 facere
2593 3491 2890 3558 similiter;
2919 3491 3014 3546 ille
3043 3496 3243 3547 autem
3271 3507 3283 3546 :
3315 3491 3428 3548 Sed
3467 3505 3598 3560 ego,

225 3593 329 3646 τῆς
383 3603 438 3636 τε
493 3583 690 3644 κοιλίας
741 3602 840 3656 μου
891 3582 1086 3653 ἥψατο,
1137 3586 1226 3634 καὶ
1283 3585 1456 3656 εἴρηκέ
1493 3599 1601 3654 μοι·
1660 3581 1844 3636 Ἀπιθι

1977 3585 2162 3656 nquit,
2191 3583 2314 3654 jam
2360 3581 2656 3646 convalui,
2697 3583 2752 3636 et
2797 3580 2992 3636 Sancti
3031 3580 3239 3636 virtute
3280 3595 3414 3635 sum
3458 3579 3602 3635 inte-

228 3675 511 3745 ὑγιαίνων,
565 3670 714 3725 οὑδεν
777 3675 876 3746 γὰρ
936 3674 1010 3724 ἔτι
1079 3690 1162 3723 σοι
1233 3679 1331 3723 τῶν
1381 3679 1549 3723 κακῶν
1620 3671 1839 3743 ἐνοχλεῖ.

1974 3688 2122 3743 ζΓᾶΠ]
2169 3674 2474 3728 assecutus
2514 3670 2850 3726 sanitatem.
2882 3669 3016 3724 Haec
3055 3672 3209 3724 enim
3251 3671 3420 3724 nocte
3457 3667 3599 3724 mihi

229 3759 372 3814 Οὐδ’
403 3764 552 3834 ἤρκει
598 3763 728 3832 πρὸς
772 3765 945 3812 πίστιν
995 3759 1130 3812 αύτά
1171 3769 1241 3831 τῷ
1287 3756 1540 3832 δεσπότῃ·
1589 3759 1714 3813 ἀλλὰ
1749 3766 1838 3814 xui

1975 3775 2246 3833 Lpparens
2277 3760 2336 3813 in
2369 3758 2597 3814 somnis
2631 3759 2902 3828 Sanctus,
2945 3771 3149 3812 meum
3173 3759 3436 3812 ventrem
3479 3755 3600 3812 teti-

229 3857 424 3923 πεῖραν
497 3857 748 3924 προσῆγε,
807 3853 896 3901 καὶ
963 3851 1354 3924 περιειργάζετο
1428 3853 1706 3923 πρόσωπόν
1783 3870 1837 3903 τε

1974 3851 2048 3916 git,
2106 3853 2163 3905 et
2217 3847 2365 3903 dixit
2424 3846 2609 3903 mihi:
2674 3845 2802 3913 Abi,
2857 3861 2997 3902 cum
3036 3845 3113 3900 sis
3174 3860 3393 3910 sanus;
3456 3843 3599 3900 nihil

226 3939 452 4004 ἐκείνου,
485 3943 572 3992 καὶ
625 3937 842 4005 κοιλίαν,
897 3941 985 3989 καὶ
1027 3934 1212 4003 πόδας,
1263 3941 1350 3990 καὶ
1398 3940 1462 3990 τὰ
1509 3937 1662 3990 λοιπὰ
1705 3937 1829 4010 μέλη

1977 3939 2099 3994 nim
2139 3937 2280 3994 mali
2311 3941 2364 3992 te
2394 3939 2568 3992 vexat
2607 3933 2888 4007 amplius.
2917 3941 3035 3992 Hac
3061 3937 3260 3990 autem
3301 3933 3380 3988 ad
3417 3933 3598 3988 ﬁdem

225 4049 282 4082 τε
312 4031 434 4080 ’καὶ
487 4031 638 4102 μέρη,
691 4031 780 4079 καὶ
824 4025 930 4080 ἐπεὶ
979 4025 1102 4080 οὐδὲ
1145 4025 1384 4098 λείψανόν
1430 4045 1481 4079 τε
1529 4027 1662 4100 ἑώρα
1708 4025 1832 4082 οὐδὲ

1973 4028 2188 4083 lomino
2218 4025 2557 4082 faciendam
2588 4039 2709 4080 non
2771 4023 3127 4080 suffecerunt
3158 4039 3170 4078 :
3209 4022 3312 4077 sed
3345 4022 3598 4094 ipsemet

221 4121 383 4191 ἵχνος
435 4125 526 4169 τοῦ
573 4118 768 4178 πάθους
815 4113 986 4183 ούδεν,
1022 4113 1150 4189 δόξῃ
1181 4125 1242 4190 τῇ
1295 4119 1420 4188 πρὸς
1461 4119 1590 4169 Θεὸν
1635 4115 1829 4189 ἐχρῆτο

1970 4115 2266 4170 .ericulum
2323 4113 2514 4169 facere
2569 4112 2768 4177 voluit,
2827 4115 2883 4168 et
2938 4110 3247 4182 diligenter
3303 4113 3595 4166 scrutatus

219 4211 313 4260 xui
391 4206 714 4279 εύχαριστίᾳ
787 4213 847 4277 τῇ
922 4208 1051 4278 πρὸς
1124 4209 1210 4257 τόν
1283 4211 1478 4276 Ἀγίον,
1545 4205 1720 4277 ἰατροῦ
1779 4224 1831 4257 τε

1972 4203 2171 4258 ἰιιίιιω
2194 4202 2342 4271 ejus,
2374 4205 2429 4256 et
2453 4205 2736 4264 ventrem,
2765 4205 2820 4254 et
2841 4198 3051 4270 pedes,
3081 4202 3137 4254 et
3155 4197 3387 4270 reliqua
3409 4213 3597 4253 mem-

215 4300 402 4369 τυχὼν
447 4293 678 4368 ἀμίσθου
728 4299 816 4348 καὶ
863 4293 1147 4366 ἀψευδοῦς,
1191 4297 1279 4345 xui
1326 4295 1485 4364 ὑγιῶς
1515 4295 1706 4364 ἔχοντα
1743 4295 1828 4344 τόν

1974 4307 2070 4356 .ra,
2103 4303 2240 4344 cum
2279 4287 2468 4342 nullas
2509 4287 2698 4342 morbi
2723 4287 3023 4359 reliquias,
3082 4290 3182 4342 aut
3221 4286 3474 4356 vestigia.
3513 4299 3599 4341 re-

217 4385 430 4442 οἰκέτην
459 4385 609 4460 ὀρῶν.

1966 4379 2174 4446 )eriret,
2231 4379 2420 4433 Deum
2471 4375 2762 4440 laudavit,
2804 4382 2858 4432 et
2915 4375 3132 4431 Sancto
3189 4375 3305 4444 egit
3351 4376 3591 4446 gratias,

213 4473 387 4548 quod
431 4472 500 4528 in
538 4473 670 4544 ipso
711 4469 1014 4526 medicum
1052 4471 1264 4524 nactus
1303 4465 1534 4536 fuisset,
1577 4468 1679 4540 qui
1725 4471 2115 4528 certissimam
2157 4465 2381 4522 famulo
2419 4481 2529 4522 suo
2570 4465 2694 4520 sine
2739 4463 3012 4521 mercede
3053 4463 3405 4520 reddidisset
3443 4463 3598 4519 salu-

213 4567 364 4618 tem.

295 4648 423 4704 KB’.
465 4646 623 4700 Ἀλλὰ
674 4651 762 4699 xui
807 4649 864 4700 τὸ
909 4654 1002 4708 τῆς
1050 4645 1274 4720 Εἰρήνης
1315 4645 1480 4705 πάθος
1529 4646 1716 4718 ὁμοίως
1764 4643 1824 4705 ἧν

2004 4645 2158 4703 XXII.
2207 4643 2424 4700 Similis
2453 4641 2563 4699 fuit
2592 4645 2768 4698 [renes
2794 4640 3110 4712 cujusdam
3144 4641 3410 4708 morbus,
3458 4657 3593 4714 quas

219 4742 368 4811 ἔχον·
405 4733 595 4810 ύδρωψ
640 4738 740 4808 γὰρ
786 4739 875 4788 καὶ
905 4735 1030 4786 αύτό
1081 4735 1239 4794 πάθος
1281 4736 1340 4785 τό
1381 4733 1824 4806 χαλεπώτατον,ὃ

1969 4736 2111 4792 tiam
2149 4735 2280 4806 ipsa
2321 4732 2586 4804 hydrope
2615 4731 2945 4795 laborabat,
2983 4744 3173 4801 eoque
3201 4729 3587 4798 gravissimo;

217 4833 310 4880 xui
375 4825 592 4886 ἀστείας
651 4821 718 4884 δὴ
772 4829 859 4876 xui
917 4825 1343 4896 θαυμασιωτέρας
1391 4825 1548 4893 ἔτυχε
1603 4831 1698 4884 τῆς
1751 4823 1826 4875 ἰά-

1968 4840 2004 4880 ,ο
2045 4823 2176 4878 ideo
2221 4821 2413 4890 magis
2450 4819 2752 4886 solemnis,
2797 4818 3111 4890 magisque
3155 4816 3431 4873 miranda
3485 4817 3593 4877 fuit

219 4936 370 4977 σεως.
433 4915 494 4967 Ἠ
542 4919 631 4986 μὲν
680 4910 766 4966 οὖν
815 4913 1000 4988 Εἰρήνη
1049 4916 1178 4984 γυνή
1227 4931 1302 4972 τις
1351 4908 1410 4969 ἧν
1457 4911 1564 4972 ἐνὸς
1613 4920 1709 4964 τῶν
1753 4920 1823 4976 τῷ

1966 4913 2061 4984 jus
2103 4910 2351 4967 curatio.
2387 4909 2656 4966 Habebat
2689 4908 2790 4966 illa
2817 4907 3100 4964 maritum
3129 4920 3201 4962 ex
3240 4919 3448 4961 eorum
3489 4923 3591 4962 nu-

221 5009 341 5080 ἰερῷ
405 5007 534 5075 οἴκῳ
611 4999 1010 5068 διακονούντων,
1065 4999 1138 5073 ἐφ’
1209 5001 1247 5068 ᾧ
1319 5004 1408 5052 xui
1467 4999 1819 5068 ἁνακλιθεῖσα,

1965 5015 2115 5066 uero,
2159 4999 2254 5072 qui
2311 4999 2424 5055 aedi
2474 5014 2660 5053 sacrae
2707 4995 3056 5060 inserviunt,
3099 4994 3160 5050 in
3203 5009 3326 5065 qua
3364 4998 3420 5050 et
3459 4995 3590 5066 ipsa

219 5099 346 5169 πρὸς
395 5097 488 5166 μὲν
539 5099 637 5143 τῶν
685 5091 868 5163 ἰατρῶν
924 5089 1172 5163 ἀπείρητο
1215 5093 1306 5146 τὴν
1351 5090 1573 5159 ὑγίειαν,
1610 5088 1668 5140 ὀ
1713 5094 1822 5160 μέν,

1975 5088 2350 5152 ecumbebat,
2385 5088 2776 5159 desesperans
2818 5084 3069 5140 salutem
3101 5098 3136 5139 a
3161 5081 3408 5138 medicis
3445 5082 3591 5140 obti.

219 5204 301 5237 τοι
357 5181 546 5253 Ἀιγιος
591 5182 778 5241 νυκτὸς
829 5181 1044 5240 ἐπιστὰς
1114 5179 1242 5249 μετά
1295 5197 1441 5228 τινων
1504 5183 1592 5230 xui
1645 5177 1822 5251 ἐτέρων

1964 5177 2212 5233 tendam.
2247 5179 2496 5232 Sanctus
2523 5179 2719 5230 autem
2751 5179 2928 5229 noctu
2956 5186 3252 5244 apparens
3283 5186 3421 5228 cum
3461 5171 3589 5228 aliis

223 5271 342 5338 δύο,
387 5270 502 5344 μεθ’
559 5267 624 5321 ὧν
669 5271 758 5342 μεν
807 5269 976 5320 εἴωθεν
1026 5269 1090 5327 ὡς
1132 5269 1198 5318 τὰ
1235 5265 1394 5319 πολλὰ
1440 5265 1819 5339 ἐπιφαίνεσθαι,

1963 5267 2198 5333 luobus;
2218 5282 2353 5320 cum
2381 5264 2600 5336 quibus
2621 5269 2683 5318 ut
2703 5261 3028 5335 plurimum
3057 5259 3276 5317 solebat
3299 5274 3588 5332 apparere

222 5365 344 5424 τοὺς
399 5363 566 5422 θείους
611 5377 662 5411 τε
720 5356 1038 5432 ἀναργύρους
1087 5355 1214 5408 εἶναι
1281 5357 1492 5416 τούτους
1544 5359 1670 5427 φασὶ
1729 5361 1824 5408 Κο-

1964 5371 2057 5412 eos
2113 5369 2247 5412 vere
2299 5369 2426 5410 esse
2465 5351 2668 5408 dicunt
2706 5348 2941 5407 divinos
2979 5349 3130 5418 illos,
3154 5350 3256 5424 qui
3301 5349 3427 5405 sine
3470 5347 3589 5406 ulla

306 5552 420 5626 (21)
450 5549 777 5618 Amanites,
806 5549 972 5622 fungi
1013 5548 1262 5622 species.
