4114 6262
315 232 423 294 309

1373 242 1539 300 VITA
1579 245 1640 303 S.
1681 241 2025 301 STEPHANI
2063 244 2153 300 ET
2192 245 2579 305 SOCIORUM.

3503 245 3636 336 ato.

251 384 3678 412 Μ

1464 401 1577 402 7,7
1952 401 3678 412 —_______—_____

1089 536 1544 724 ΜΕΝ
1578 538 1915 725 SIS

2045 542 2840 734 JULIUS.

459 999 647 1122 DE
743 997 932 1125 SS.
1023 997 1800 1126 STEPHANO
1887 1001 2581 1130 EPISCOPO
2671 1010 3466 1134 RHEGIENSI

1605 1334 1768 1422 ET
1851 1331 2300 1449 secus,

869 1537 1123 1598 SUERA
1167 1539 1560 1608 EPISCOPO,
1608 1539 1938 1611 AGNETE,
1987 1540 2438 1602 FELICITATE
2483 1543 2577 1603 ET
2624 1544 3023 1607 PERPETUA

1321 1667 1770 1722 MARTYRIBUS
1811 1667 2050 1723 RHEGII
2090 1669 2160 1724 IN
2204 1670 2570 1727 CALABRIA.

1259 1787 1401 1847 (Julii
1440 1789 1524 1838 die
1557 1788 1588 1837 5
1621 1789 1752 1838 Acta
1785 1787 1866 1838 SS.
1905 1787 2147 1848 Bolland,
2182 1789 2248 1842 ad
2287 1789 2423 1840 hanc
2459 1790 2639 1853 diem.)

289 2127 338 2180 1.
395 2129 660 2182 Notiores
693 2128 836 2184 olim
887 2129 1046 2186 fuere
1097 2131 1158 2186 hi
1181 2131 1372 2186 sancti
1403 2131 1560 2204 apud
1613 2131 1868 2194 Graecos,
1907 2132 1950 2186 A
1979 2133 2332 2207 episcopum
2367 2138 2715 2202 Boveusem,
2759 2138 2861 2210 qui
2911 2140 3321 2213 suﬁ‘raganeus
3365 2150 3452 2204 est
3493 2147 3639 2205 Rhe-

202 2228 396 2286 quam
429 2215 591 2287 apud
624 2217 881 2272 Latinos.
916 2219 1302 2274 Meminerunt
1334 2237 1541 2276 eorum
1582 2219 1870 2276 nonnulla
1977 2220 2217 2294 giensis.

201 2303 431 2358 Menam
461 2304 622 2376 apud
656 2320 785 2371 nos,
821 2306 1263 2362 Chifﬂetianum
1299 2315 1476 2380 atque
1499 2309 1869 2366 Sirmundia-

2049 2315 2099 2366 3.
2150 2313 2571 2372 Praedictarum
2607 2316 3046 2388 Scripturarum
3095 2321 3201 2392 (uti
3233 2321 3281 2377 is
3307 2323 3494 2391 addit,
3536 2326 3634 2397 qui

201 2407 396 2457 num;
457 2409 714 2464 quorum
774 2395 913 2450 illud
971 2397 1060 2452 die
1113 2412 1153 2451 v
1207 2396 1340 2451 Jliii
1395 2397 1575 2468 legit:
1609 2400 1865 2470 Στεφάνθν
1974 2396 2102 2452 illas
2129 2400 2302 2455 nobis
2332 2401 2632 2475 submisit)
2677 2406 2997 2477 archetypa
3046 2415 3426 2466 asservantur
3451 2395 3634 2484 penes

205 2479 438 2555 Καλαϐρ.
487 2488 576 2536 καὶ
630 2491 727 2536 τῶν
779 2487 870 2535 σὺν
928 2485 1086 2556 αὐτῷ·
1145 2486 1266 2540 Hoc
1311 2502 1446 2542 vero
1505 2486 1718 2542 eodem
1768 2486 1848 2541 die

1971 2485 2262 2544 Joannem
2309 2491 2610 2547 Simonem
2655 2493 2728 2548 de
2760 2494 3076 2561 Antonillo,
3123 2497 3184 2551 U.
3229 2499 3274 2553 J.
3328 2499 3390 2552 D.
3438 2479 3632 2557 virum

201 2569 380 2641 paulo
430 2571 821 2642 explicatius:
882 2579 984 2625 Τοῦ
1039 2571 1190 2645 ἁγῖου
1249 2575 1526 2648 Μάρτυρος
1583 2576 1859 2646 Στεφάνου,

200 2666 296 2710 τοὺ
365 2659 430 2720 εἰς
483 2663 540 2712 τὸ
611 2659 812 2734 Ῥήγιον
878 2662 1168 2736 Καλαδρίας
1251 2668 1504 2736 κειμένου,
1586 2668 1674 2716 καὶ

201 2750 300 2798 σὺν
358 2750 498 2819 αὐτῷ
558 2748 717 2820 ἁγίων
771 2754 1237 2825 μαρτυρησάντων·
1272 2775 1298 2802 ‹‹
1336 2752 1532 2808 Sancti
1575 2751 1859 2823 Stephani

203 2837 506 2908 martyris,
536 2839 636 2909 qui
661 2839 820 2908 jacet
849 2839 1057 2910 Rhegii
1084 2839 1142 2894 in
1167 2839 1460 2906 Calabria,
1487 2840 1857 2895 etsociorum

202 2923 336 2993 ej'is
395 2930 760 2991 sanctorum,
819 2925 1101 2997 quicum
1164 2943 1234 2981 eo
1303 2926 1651 2996 martyrium
1715 2925 1852 2980 sub-

205 3011 420 3067 ierunt.
454 3032 480 3064 »
512 3012 817 3069 Monachis
845 3029 1086 3086 quoque
1105 3015 1335 3087 Cryptze
1358 3017 1624 3082 Ferratee,
1645 3017 1702 3068 et
1725 3013 1854 3069 aliis

203 3099 623 3157 ecclesiasticis
658 3101 833 3158 Graeci
865 3103 1030 3168 ritus,
1065 3102 1486 3158 celebrandum
1516 3101 1728 3156 eodem
1760 3101 1856 3156 die

201 3188 596 3258 praescribitur
645 3188 878 3254 festum,
933 3196 1036 3243 Τοῦ
1110 3192 1262 3262 ἁγίου
1329 3192 1579 3262 Στεφάνου
1629 3193 1717 3242 καὶ
1766 3199 1856 3250 τῆς

201 3273 456 3340 συνοδίας
482 3278 658 3334 αὐτοῦ.
694 3278 917 3336 Similia
967 3279 1189 3336 habent
1235 3281 1453 3335 Menaea
1518 3280 1719 3335 Graeca
1770 3278 1855 3334 bi-

199 3365 505 3423 bliothecae
530 3368 826 3424 Vaticance
857 3385 870 3435 ;
891 3373 946 3424 et
961 3367 1102 3426 alibi
1127 3369 1244 3425 alia
1261 3367 1431 3425 facile
1458 3367 1848 3434 invenientur,

1758 2670 1858 2714 τῶν

1970 2574 2264 2632 eruditum
2294 2582 2349 2632 et
2398 2580 2583 2650 pium,
2617 2585 2672 2636 et
2701 2581 2814 2652 ipsi
2845 2583 2898 2635 S.
2949 2582 3254 2655 Stephano
3301 2587 3442 2643 satis
3469 2589 3632 2644 addi~

1967 2665 2150 2728 ctum,
2185 2665 2356 2736 cujus
2396 2666 2709 2724 devotione
2739 2673 2794 2724 et
2823 2671 3097 2741 eXpensis
3130 2673 3413 2730 sacellum
3441 2682 3629 2734 eastat

1966 2752 2198 2825 (utique
2231 2760 2362 2826 post
2392 2762 2702 2828 acceptum
2731 2757 2831 2814 illa
2863 2759 2935 2814 de
2965 2776 3025 2816 re
3055 2776 3410 2834 responsum
3443 2781 3629 2821 sacrae

1965 2838 2454 2912 Congregationis
2486 2847 2693 2918 Roma)
2726 2853 3088 2904 exstructum
3110 2850 3167 2904 in
3199 2851 3452 2909 ecclesia
3480 2857 3626 2909 Prae-

1965 2927 2297 2986 dicatorum
2343 2933 2398 2988 S.
2429 2935 2726 3006 Stephano
2752 2936 3036 3002 dicatum,
3072 2937 3128 2993 in
3163 2955 3278 3010 quo
3301 2941 3472 2996 annis
3511 2941 3630 2998 sin‘

1966 3015 2119 3086 gulis
2149 3021 2496 3077 condecenti
2532 3039 2667 3078 cum
2711 3024 3152 3092 magniﬁcentia
3182 3029 3364 3084 Missae
3401 3030 3628 3086 sacrifi-

1965 3103 2122 3160 cium
2150 3111 2207 3161 et
2243 3108 2511 3179 Vesperm
2545 3111 2782 3166 musicis
2815 3129 2948 3167 cum
2981 3116 3360 3171 concentibus
3390 3117 3451 3173 in
3478 3117 3627 3175 festo

1966 3195 2165 3250 Sancti
2209 3195 2548 3253 solemniter
2587 3199 2978 3258 celebrantur.
3023 3204 3188 3259 Circa
3219 3205 3451 3262 iconem
3486 3223 3625 3263 vero

1964 3283 2247 3340 antistitis
2271 3286 2573 3358 Stephani,
2598 3288 2864 3358 ejusdem
2883 3294 3015 3345 acta
3039 3295 3094 3346 et
3112 3294 3461 3364 martyrium
3486 3295 3626 3351 hinc

1961 3372 2100 3428 inde
2131 3372 2335 3444 ﬁguris
2367 3383 2422 3430 et
2453 3376 2720 3431 versibus
2746 3377 3138 3434 declarantur.

196 3470 326 3526 quae
360 3457 505 3512 mihi
537 3457 668 3514 visa
699 3473 818 3514 non
851 3461 1009 3526 sunt,
1035 3473 1282 3531 quaeque
1304 3458 1436 3530 jam
1462 3457 1619 3514 dicta
1650 3462 1852 3530 potue—
1889 3470 1930 3525 Β
2032 3465 2084 3518 4.
2127 3462 2338 3519 Iisdem
2379 3463 2497 3520 fere
2529 3465 2916 3536 temporibus,
2949 3467 3169 3539 quibus
3210 3471 3408 3526 Romae
3443 3472 3626 3542 petita

202 3549 335 3600 runt
372 3546 749 3603 conﬁrmare.

269 3637 322 3686 2.
356 3635 522 3691 Nulla
561 3641 760 3692 tamen
795 3637 958 3708 apud
991 3636 1414 3708 Martyrologm
1447 3635 1685 3692 Latinos
1721 3638 1847 3693 Ste-

201 3723 384 3793 phani
416 3725 594 3794 hujus
623 3731 676 3781 et
701 3726 998 3782 sociorum
1032 3733 1364 3797 martyrum
1409 3729 1600 3781 exstat
1631 3741 1852 3782 memo-

202 3809 308 3864 ria.
337 3813 504 3877 Quod
535 3813 824 3869 indicium
842 3829 972 3870 esse
999 3815 1207 3886 possit,
1233 3829 1352 3870 non
1374 3813 1520 3869 adeo
1544 3813 1846 3879 celebrem,

199 3899 554 3970 scriptorum
576 3901 809 3958 illorum
841 3903 1227 3974 temporibus,
1256 3903 1509 3975 viguisse
1536 3904 1763 3962 cultum
1791 3903 1849 3958 in

206 3990 456 4046 Ecclesia
471 3990 696 4048 Latina.
727 3997 914 4066 Atque
945 3993 1082 4049 hinc
1111 3992 1336 4049 factum
1359 3993 1449 4058 sit,
1475 3999 1535 4048 ut
1562 3992 1846 4064 Rhegien-

202 4077 280 4133 sis
313 4080 811 4154 archiepiscopus,
843 4081 1094 4138 Annibal
1133 4083 1206 4138 de
1254 4082 1517 4149 Afﬂictis,
1549 4083 1634 4137 vir
1675 4082 1849 4138 multa

201 4170 595 4227 sanctimonia
624 4171 838 4238 clarus,
869 4172 1036 4228 initio
1062 4171 1259 4228 szeculi
1291 4171 1604 4242 superioris
1633 4171 1849 4241 suppli-

199 4259 419 4314 caverit
473 4261 918 4333 congregationi
960 4276 1266 4316 sacrorum
1326 4259 1570 4314 Rituum
1645 4259 1848 4312 Romae

195 4362 315 4418 quo
359 4367 385 4399 «
425 4348 538 4404 sibi
587 4350 831 4420 suisque
876 4347 1308 4417 Rhegiensibus
1361 4345 1608 4402 facultas
1663 4344 1842 4411 ﬁeret,

192 4435 423 4506 publice
444 4437 783 4509 exponendi
798 4437 1140 4507 imaginem,
1155 4437 1213 4492 Ξ.
1240 4433 1542 4506 Stephano
1561 4433 1847 4506 episcopo

197 4541 304 4579 suo
323 4541 391 4580 ac
421 4527 684 4598 martyri,
711 4532 890 4598 atque
918 4525 1126 4581 altaria
1151 4527 1208 4579 et
1228 4523 1442 4594 templa
1468 4523 1527 4580 in
1556 4523 1846 4580 honorem

198 4613 456 4684 ejusdem
496 4615 774 4685 erigendi.
806 4637 832 4663 »
877 4613 1058 4670 Aﬂ‘ert
1090 4630 1194 4687 pro
1241 4613 1453 4669 motivo
1495 4613 1635 4670 talia
1663 4613 1848 4685 impe-

197 4701 412 4768 trandi,
447 4702 609 4775 quod
634 4725 661 4754 «
693 4703 944 4776 pridem,
978 4708 1157 4775 atque
1187 4703 1366 4759 etiam
1401 4707 1539 4758 tunc
1562 4701 1844 4774 temporis

1959 3567 2363 3624 concessaque
2395 3551 2504 3609 fuit
2532 3553 2782 3609 facultas
2813 3556 3192 3612 construendi
3227 3559 3281 3614 S.
3324 3559 3624 3630 Stephano

1961 3641 2190 3706 altaria,
2226 3641 2464 3708 sacella,
2501 3641 2729 3714 templa,
2763 3643 3369 3714 impressitl’errarius
3391 3651 3622 3703 utrum-

1961 3745 2073 3802 que
2121 3729 2460 3800 catalogum
2493 3746 2690 3798 suum,
2743 3731 2994 3787 alterum
3025 3747 3240 3804 nempe
3272 3740 3622 3792 sanctorum

1959 3820 2156 3885 Italiae,
2191 3833 2350 3875 anno
2387 3820 2539 3886 1613,
2565 3817 2816 3874 alterum
2848 3820 3085 3876 illorum
3131 3821 3230 3894 qui
3262 3823 3317 3877 in
3352 3825 3622 3880 Romano

1959 3907 2376 3980 Martyrologio
2409 3923 2529 3963 non
2562 3908 2872 3973 habentur,
2897 3924 3056 3964 anno
3086 3910 3238 3966 1625.
3277 3910 3340 3964 In
3376 3916 3620 3982 utroque

1959 4002 2412 4060 commemorat,
2437 3996 2528 4051 die
2550 3995 2748 4059 5Julii,
2776 3997 2830 4051 S.
2859 3996 3236 4067 Stephanum,
3269 3998 3373 4052 sed
3388 3999 3620 4070 absque

1959 4087 2175 4154 sociis;
2226 4087 2286 4140 in
2339 4084 2521 4155 priori
2568 4084 2813 4155 quidem
2865 4100 3003 4138 cum
3030 4085 3221 4153 elogio
3251 4086 3402 4141 hoc:
3443 4106 3470 4137 (ε
3497 4088 3618 4142 Ste-

1960 4172 2212 4242 phanus,
2246 4172 2390 4225 civis
2423 4171 2742 4239 Rheginus,
2777 4187 2812 4228 a
2842 4175 2899 4229 S.
2933 4172 3112 4227 Paulo
3144 4173 3440 4244 apostolo,
3477 4190 3616 4230 cum

1959 4275 2031 4315 ex
2083 4259 2253 4330 Syria
2306 4260 2556 4314 Romam
2616 4259 2853 4324 ductus,
2926 4260 3236 4329 Rhegium,
3285 4262 3616 4318 Brutiorum

1961 4346 2338 4418 metropolim
2368 4346 2713 4418 appulisset,
2751 4346 2828 4402 ad
2855 4347 3152 4403 Christum
3183 4365 3522 4417 csnversus,
3553 4355 3611 4406 et

1956 4436 2014 4492 in
2051 4437 2165 4491 ﬁde
2207 4435 2548 4504 instructus,
2606 4435 2836 4506 primus
2892 4435 3249 4506 Rhegiorum
3301 4438 3614 4510 episcopus

1956 4525 2033 4582 ab
2077 4524 2288 4581 eodem
2329 4522 2596 4595 apostolo
2643 4523 2968 4579 ordinatur.
3009 4524 3135 4590 Qui,
3186 4530 3320 4598 post
3350 4527 3610 4595 Apostoli

1955 4615 2307 4679 discessum,
2337 4613 2483 4668 dum
2510 4627 2729 4668 munus
2748 4612 3085 4684 episcopale
3106 4614 3484 4684 praedicando
3505 4616 3611 4671 im-

1955 4704 2574 4776 pigreexsequeretur,
2606 4700 2805 4756 multis
2828 4701 2956 4771 jam
2981 4701 3058 4757 ad
3078 4701 3258 4758 ﬁdem
3287 4703 3607 4775 perductis.

196 4791 605 4849 celebrabatur
624 4792 698 4849 de
723 4793 935 4850 eodem
975 4795 1174 4849 sancto
1199 4792 1498 4864 Stephano
1529 4791 1842 4864 sociisque,
1877 4814 1916 4871 ρ
1956 4793 2014 4850 in
2045 4791 2379 4849 Neroniana
2420 4790 2825 4862 persecutione
2856 4789 3379 4861 comprehenditur
3398 4810 3414 4861 ;
3449 4808 3611 4848 cum-

198 4879 290 4937 die
339 4896 377 4936 v
413 4881 546 4937 Julii
593 4881 767 4938 Missa
817 4886 872 4938 et
911 4881 1024 4938 alia
1052 4880 1276 4938 Ofﬁcia.
1324 4902 1347 4932 υ
1393 4883 1456 4936 Et
1488 4895 1662 4936 sacra
1713 4895 1846 4936 con-

194 4972 477 5041 gregatio,
537 4970 824 5027 referente
886 4969 1176 5026 illustriss.
1245 4975 1299 5026 et
1347 4968 1843 5026 reverendissimo

195 5060 255 5114 D.
288 5059 619 5124 Francisco,
652 5059 847 5117 Sancti
884 5058 1086 5130 Augeli
1118 5059 1172 5113 in
1201 5059 1351 5114 Foro
1384 5057 1640 5114 Piscium
1668 5058 1838 5114 Card.

197 5151 718 5220 Bnoncompagno,
787 5148 1038 5218 gratiam
1085 5147 1324 5218 petitam
1381 5146 1672 5203 concessit
1730 5163 1840 5203 an-

190 5252 265 5293 no
321 5237 474 5293 1622.
508 5239 587 5294 De
635 5237 792 5293 hisce
832 5236 975 5292 mihi
1007 5239 1258 5299 constat,
1301 5236 1378 5291 ita
1418 5234 1641 5292 factum
1688 5251 1835 5303 esse,

189 5342 256 5383 ex
291 5327 625 5384 testimonio
656 5325 874 5383 Nicolai
915 5325 1104 5383 Mariae
1133 5323 1434 5390 Modofari,
1469 5327 1606 5380 tunc
1636 5326 1838 5380 Romaa

189 5413 444 5471 ecclesias
475 5416 530 5472 S.
562 5415 801 5473 Thomas
831 5415 890 5470 in
930 5415 1172 5472 Parione
1203 5413 1464 5480 rectoris,
1506 5417 1562 5470 et
1592 5413 1840 5485 hujusce

193 5519 376 5562 causae
421 5506 682 5578 Agentis,
714 5509 891 5579 atque
938 5504 1150 5564 eodem
1195 5518 1354 5563 anno
1402 5502 1537 5562 1622
1569 5503 1734 5563 electi
1778 5505 1841 5562 in

1953 4898 2070 4956 que
2110 4885 2452 4937 constanter
2499 4879 2557 4934 in
2611 4879 2740 4935 ﬁdei
2775 4878 3146 4934 confessione
3182 4885 3608 4950 perseveraret,

1952 4977 2129 5044 atque
2174 4969 2372 5024 multis
2417 4968 2661 5024 aflectus
2709 4966 3030 5038 suppliciis,
3063 4967 3358 5024 cruciatus
3399 4984 3609 5026 omnes

1950 5062 2312 5131 superasset,
2371 5057 2618 5112 demum
2647 5055 2855 5127 capitis
2900 5055 3343 5112 obtruncatione
3390 5061 3609 5130 marty-

1947 5149 2106 5205 rium
2131 5145 2590 5203 consummavit.
2618 5165 2646 5193 »
2676 5144 2735 5199 In
2762 5143 3072 5216 posteriori
3096 5147 3297 5201 autem
3327 5145 3608 5218 Catalogo

1948 5237 2110 5293 idem
2165 5234 2463 5291 Ferrarius
2531 5233 2613 5288 sic
2669 5231 2879 5289 habet:
2916 5252 2944 5284 «
2978 5231 3186 5303 Rhegii
3261 5231 3319 5288 in
3373 5233 3604 5292 Brutiis.

1951 5328 2006 5383 S.
2043 5323 2348 5397 Stephani,
2402 5321 2579 5394 primi
2624 5320 2894 5392 ejusdem
2941 5320 3207 5395 episcopi
3244 5325 3301 5380 et
3329 5325 3605 5396 martyris

1949 5414 2062 5471 sub
2087 5416 2332 5470 Nerone.
2368 5433 2388 5460 ι

2021 5509 2070 5560 5.
2107 5505 2235 5561 Non
2286 5499 2450 5560 omni
2495 5513 2568 5559 ex
2604 5501 2769 5573 parte
2817 5497 3017 5559 isthmc
3069 5500 3433 5563 concordant
3461 5515 3606 5560 cum
