4114 6262
518 266 619 331 311

1938 257 2204 321 MENSIS
2243 255 2512 319 JULIUS.

3780 251 3919 311 312

516 398 674 457 Actis
700 395 932 461 Graecis,
962 411 1094 468 quae
1121 394 1265 449 mihi
1293 394 1364 449 ab
1393 393 1553 448 hisce
1574 392 1779 463 viginti
1808 390 1997 455 annis,
2022 392 2161 443 tunc
2192 384 2237 437 A
2270 388 2414 457 quid
2440 408 2600 461 luam
2640 390 2865 447 habent
2895 386 2968 442 de
3000 384 3305 456 sepultura
3341 386 3692 437 sanctorum
3726 396 3989 451 corpo-

518 490 722 544 Romte
767 485 981 555 agenti,
1014 501 1049 539 a
1080 487 1139 538 R.
1177 486 1234 537 Ρ.
1266 482 1521 553 Josepho
1563 481 1745 545 Denti,
1780 481 1997 534 domus
2029 491 2160 546 pro-

519 577 813 631 fessorum
838 572 1125 628 societatis
1142 576 1355 625 nostra;
1383 571 1720 641 praeposito,
1752 568 2038 623 Messanae
2064 580 2159 617 cu-

520 669 646 721 rata
676 664 912 718 fuerunt
949 659 1199 714 describi
1234 675 1263 713 e
1294 658 1601 713 codicibus
1635 674 1745 711 ms.
1793 649 2158 711 celeberrimi

518 766 699 824 prope
724 750 933 805 urbem
965 748 1126 803 illam
1167 746 1512 802 monasterii
1570 745 1765 801 Sancti
1818 740 2153 803 Salvatoris,

518 839 740 897 ordinis
791 838 845 891 S.
901 836 1120 901 Basilii;
1181 836 1262 890 uti
1319 835 1591 906 pluribus
1642 833 1761 889 dixi
1824 832 1900 888 ad
1960 830 2159 884 Vitam

523 931 579 985 S.
612 926 968 983 Sebastianae
999 926 1059 978 V.
1094 926 1161 979 M.
1198 927 1358 979 tomo
1393 924 1459 977 Vl
1502 923 1679 985 Junii,
1713 939 1846 994 qua:
1893 918 2160 975 indidem

522 1017 600 1073 ab
652 1015 882 1079 eodem,
937 1012 1018 1068 uti
1056 1012 1256 1067 multae
1309 1012 1454 1076 alim,
1499 1011 1643 1067 mihi
1691 1011 1883 1065 Graece
1924 1008 2161 1063 fuerunt

521 1105 855 1162 submissae.
889 1104 1040 1165 Hanc,
1073 1101 1341 1169 inquam,
1375 1105 1516 1156 Acta
1545 1104 1599 1154 S.
1635 1097 1915 1171 Stephani
1962 1096 2160 1151 viden-

523 1200 616 1250 tur
646 1194 777 1249 fons
803 1207 950 1256 esse,
984 1206 1054 1245 ex
1085 1206 1225 1261 quo,
1250 1191 1634 1262 quotquotde
1666 1189 1761 1243 illo
1796 1188 1992 1243 Latine
2026 1185 2162 1240 scri-

520 1297 711 1355 psere,
747 1296 856 1335 sua
880 1280 1225 1343 hauserunt,
1258 1278 1385 1334 aliis
1430 1278 1670 1341 additis,
1719 1277 1848 1332 aliis
1894 1274 2157 1342 mutatis,

520 1386 629 1444 pro
678 1385 788 1424 suo
832 1370 1119 1440 cujusque
1168 1383 1365 1422 sensu.
1411 1368 1502 1422 Sic
1536 1366 1889 1436 Stephanus,
1940 1364 2042 1435 qui
2100 1365 2159 1418 in

520 1460 677 1516 Actis
713 1457 928 1513 Graecis
984 1457 1196 1525 legitur
1243 1456 1429 1527 patria
1478 1455 1745 1510 Nicasnus
1793 1454 1850 1508 in
1895 1453 2163 1524 Bithynia

524 1549 724 1614 fuisse,
781 1550 1011 1602 etcum
1061 1548 1114 1601 S.
1148 1545 1330 1600 Paulo
1384 1543 1653 1615 apostolo
1711 1543 1994 1610 Rhegiam
2064 1558 2164 1612 ap-

517 1638 764 1709 pulisse,
796 1652 809 1702 ;
844 1635 1006 1706 apud
1038 1634 1363 1689 Ferrarium
1406 1633 1622 1687 dicitur
1661 1632 1801 1686 civis
1842 1632 2161 1699 Rheginns,

519 1730 575 1782 et
632 1725 708 1781 ab
775 1722 1107 1794 appellente
1178 1721 1306 1777 illas
1366 1722 1421 1776 in
1482 1737 1615 1775 oras

519 1815 813 1876 inventus,
865 1815 1039 1883 atque
1104 1810 1182 1866 ibi
1222 1810 1300 1866 ad
1349 1810 1555 1866 Christi
1599 1810 1779 1865 tidem
1841 1824 2164 1863 conversus

522 1902 722 1957 fuisse.

597 1995 647 2046 6.
688 1990 1084 2060 Hieronymus
1116 1988 1400 2044 Maraﬁoti
1428 1991 1489 2043 in
1520 2003 1627 2041 suo
1678 1986 1959 2042 Calabriae
1992 1987 2167 2041 Chro-

520 2081 675 2145 nico,
716 2078 912 2133 Italice
952 2093 1112 2132 anno
1136 2078 1265 2131 1601
1298 2092 1539 2141 excuso,
1575 2092 1704 2147 pag.
1738 2079 1825 2140 47,
1860 2081 1913 2130 et
1937 2076 2168 2130 Marcus

521 2168 820 2223 Antonius
847 2165 1013 2221 Politi
1039 2166 1097 2220 in
1119 2181 1226 2220 suo
1258 2165 1520 2219 similiter
1551 2164 1864 2231 Chronico,
1891 2166 2168 2219 Messana:

522 2258 812 2328 impresso
840 2270 982 2310 ann.
1014 2255 1171 2317 1617,
1205 2269 1336 2324 pag.
1374 2257 1458 2308 80.
1496 2253 1657 2307 Idem
1690 2252 1904 2307 Paulus
1941 2251 2167 2308 Gualte-

518 2345 642 2399 rius
680 2344 740 2398 in
772 2342 989 2398 sanctis
1031 2342 1334 2405 Calabriae,
1393 2342 1493 2412 qui
1535 2356 1695 2396 anno
1742 2343 1882 2396 1630
1922 2341 2166 2413 Neapoli

520 2433 885 2505 prodierunt,
934 2446 1073 2501 pag.
1127 2434 1211 2495 53,
1248 2435 1303 2485 et
1345 2430 1744 2485 Ferdinandus
1797 2430 2076 2500 Ughellus
2109 2431 2168 2484 in

522 2536 631 2575 suo
664 2521 846 2575 Italiae
873 2535 1057 2575 sacras
1088 2524 1250 2573 tomo
1280 2520 1343 2574 IX
1370 2518 1526 2573 edito
1568 2535 1727 2573 anno
1761 2521 1916 2584 1662,
1952 2520 2171 2573 habent

518 2608 712 2665 Vitam
740 2608 801 2662 S.
832 2607 1133 2678 Stephani,
1160 2622 1336 2678 quam
1367 2607 1593 2676 primus
1634 2623 1701 2661 ex
1722 2608 1921 2662 codice
1974 2610 2173 2662 Graeco

521 2697 934 2767 interpretatus
960 2699 1044 2749 est
1085 2695 1306 2755 Italice;
1362 2696 1652 2749 secundus
1686 2702 1739 2750 et
1784 2700 2033 2767 quartus
2073 2698 2173 2750 La-

521 2786 707 2841 tinam
734 2783 1046 2839 ediderunt
1076 2799 1147 2838 ex
1172 2782 1289 2838 alia
1316 2788 1493 2855 atque
1525 2784 1639 2839 alia
1670 2783 2167 2855 interpretatione.

519 2872 744 2929 Tertius
770 2888 800 2927 e
835 2876 991 2927 textu
1032 2872 1233 2927 Latino
1274 2872 1534 2929 Italicam
1576 2873 1707 2929 fecit
1745 2890 1881 2927 cum
1914 2872 2170 2928 oratoria

520 2961 992 3032 interpolatione.
1025 2961 1244 3016 Horum
1296 2977 1405 3031 ego
1436 2962 1793 3017 editionibus
1834 2962 1984 3017 inter
2015 2977 2075 3015 se
2115 2966 2169 3017 et

2268 495 2422 533 rum.
2480 479 2668 535 Facile
2726 478 3004 535 condono
3056 478 3112 541 P,
3172 472 3461 537 Cornelio,
3506 469 3840 538 Theologo
3923 475 3987 523 et

2270 568 2729 624 Commentatori
2757 567 2816 622 in
2845 581 3077 621 sacram
3112 562 3473 632 Scripturam
3498 558 3746 621 eximio,
3782 558 3986 629 quod

2267 656 2386 712 ﬁde
2417 662 2472 713 et
2510 658 2853 713 auctoritate
2895 651 3333 723 Rhegiensium,
3370 650 3634 704 virorum
3678 647 3982 703 erudito—

2267 761 2401 801 rum
2433 751 2485 801 et
2520 746 2965 818 primariorum,
3002 742 3139 797 talia
3179 738 3501 811 scripserit.
3544 741 3672 808 Ipse
3704 736 3981 791 interim

2268 835 2412 890 nihil
2444 850 2549 907 per
2578 851 2639 890 se
2679 836 3115 890 commentatur
3144 831 3219 884 de
3258 843 3427 884 mora
3458 833 3561 883 aut
3599 840 3729 881 non
3772 840 3981 879 mora

2271 923 2708 996 Pauliapostoli
2731 922 2894 995 apud
2924 920 3232 989 Rhegium.
3266 916 3607 989 Supposuit,
3637 929 3794 969 vera
3826 928 3980 968 esse

2269 1029 2405 1084 quae
2445 1013 2803 1083 Rhegienses
2832 1011 2905 1065 de
2933 1025 3094 1066 mora
3126 1010 3255 1079 ejus
3285 1006 3448 1078 apud
3489 1021 3549 1061 se
3590 1004 3779 1059 unius
3812 1001 3973 1065 diei,

2270 1107 2327 1157 et
2363 1102 2435 1156 de
2471 1117 2690 1172 magna
2721 1100 3109 1157 conversione
3141 1097 3446 1168 gentilium
3477 1094 3575 1149 illo
3616 1093 3720 1148 die
3755 1092 3971 1155 facta;

2270 1190 2409 1246 item
2451 1192 2524 1245 de
2556 1190 2714 1245 Actis
2743 1191 2797 1256 S,
2833 1188 3132 1260 Stephani,
3183 1184 3400 1241 saeculo
3468 1182 3677 1238 Christi
3748 1180 3970 1253 primo

2273 1282 2467 1335 Graece
2507 1278 2856 1349 conscriptis
2898 1275 3300 1333 afﬁrmabant.
3334 1275 3399 1329 Et
3449 1272 3494 1327 si
3524 1272 3666 1343 quid
3728 1270 3844 1325 illa.
3891 1268 3970 1322 de

2272 1384 2331 1422 re
2363 1384 2468 1439 per
2499 1384 2560 1423 se
2592 1371 3029 1423 commentatus
3061 1364 3285 1427 fuisset,
3327 1362 3531 1433 utique
3558 1361 3969 1415 observasset

2271 1458 2433 1528 quod
2475 1457 2524 1510 si
2566 1457 2779 1511 Paulus
2830 1471 2948 1510 uno
2988 1455 3084 1509 die
3132 1452 3333 1519 Rhegii
3371 1467 3592 1506 moram
3643 1449 3963 1512 traxisset,

2272 1561 2392 1599 non
2418 1546 2707 1615 potuisset
2733 1544 2997 1599 secundo
3024 1544 3118 1597 die
3152 1541 3417 1596 Putoleos
3445 1540 3742 1610 attigisse:
3775 1538 3959 1609 quod

2276 1635 2463 1688 Lucas
2498 1634 2715 1688 factum
2745 1649 2871 1689 esse
2904 1633 3002 1687 ait.
3048 1631 3159 1687 Sed
3180 1630 3253 1685 de
3285 1629 3380 1684 his
3414 1645 3550 1682 mox
3583 1628 3724 1681 alia.

1692 1720 1896 1784 Paulo,
1960 1719 2162 1788 Rhegii
2198 1728 2240 1783 Β
2346 1724 2397 1775 8-
2432 1726 2652 1777 Interea
2684 1739 2751 1777 ex
2782 1722 2972 1777 citatis
3013 1719 3373 1775 editionibus
3404 1717 3858 1781 animadverto,
3902 1716 3963 1770 in

2277 1817 2438 1867 textu
2471 1811 2673 1867 Graeco
2699 1816 2901 1866 nostro
2934 1810 3273 1881 sphalmata
3297 1806 3577 1879 quaedam
3608 1806 3964 1859 commissa

2277 1917 2426 1967 esse,
2462 1901 2874 1955 verosimiliter
2912 1898 3225 1955 oscitantia
3261 1895 3506 1959 librarii,
3542 1894 3630 1949 ills
3663 1894 3726 1948 in
3774 1894 3957 1956 locis,

2281 1990 2379 2045 ubi
2419 2006 2528 2057 ego
2559 2006 2663 2061 per
2713 1990 2943 2044 inclusa
2971 1988 3135 2043 hisce
3182 1985 3326 2055 sigis
3362 1983 3408 2057 []
3442 1983 3622 2039 verba
3664 1982 3958 2054 supplere

2278 2083 2528 2133 conatus
2573 2094 2727 2132 sum.
2782 2081 2931 2132 [nter
2982 2092 3132 2148 quas
3182 2073 3573 2129 correctiones
3605 2072 3796 2125 etiam
3840 2076 3954 2139 est,

2280 2167 2439 2238 quod
2479 2166 2709 2221 tertium
2742 2181 2963 2220 nomen
3012 2164 3349 2225 mulierum,
3386 2160 3561 2215 simul
3595 2176 3954 2231 passarum,

2282 2260 2567 2326 Perpetua
2605 2255 3074 2317 desiderabatur,
3117 2268 3254 2324 qum
3294 2254 3351 2307 in
3397 2250 3594 2305 Italico
3636 2254 3694 2303 et
3738 2250 3955 2304 Latino

2282 2349 2475 2401 Sueraa
2494 2346 2798 2416 episcopo,
2824 2344 3028 2412 Agneti
3055 2348 3111 2396 et
3136 2342 3413 2396 Felicitati
3436 2340 3834 2394 subnectitur.
3872 2342 3955 2393 Ex

2280 2436 2370 2489 his
2402 2441 2599 2489 autem
2631 2435 2772 2505 ipsis
2804 2432 3147 2488 nominibus
3178 2432 3428 2486 dubium
3459 2431 3594 2485 oriri
3625 2431 3843 2500 possit,
3871 2445 3952 2484 an

2282 2539 2490 2578 omnes
2522 2524 2611 2578 isti
2643 2540 2759 2577 una
2791 2540 2926 2577 cum
2952 2523 3254 2593 Stephano
3280 2520 3443 2592 passi
3477 2520 3691 2575 fuerint
3718 2521 3949 2573 seculo

2283 2612 2489 2667 Christi
2517 2612 2728 2683 primo.
2754 2617 2896 2666 Acta
2921 2611 3187 2682 quidem,
3222 2611 3399 2664 etiam
3426 2612 3644 2671 Graeca,
3676 2615 3945 2662 nontam

2282 2701 2529 2771 antiqua
2568 2706 2723 2764 sunt,
2757 2716 2863 2754 nec
2897 2700 3053 2761 talia,
3109 2705 3172 2754 ut
3221 2698 3364 2753 illud
3417 2698 3561 2768 ipsis
3604 2704 3717 2751 tuto
3771 2697 3940 2750 credi

2282 2790 2490 2860 possit.
2518 2789 2872 2845 Testimonia
2895 2788 3428 2859 Martyrologorum
3462 2787 3621 2841 nulla
3640 2788 3929 2855 reperiun-

2281 2884 2395 2932 tur.
2449 2878 2645 2933 Cultus
2674 2894 2781 2933 nec
2814 2878 2981 2933 valde
3014 2880 3297 2950 antiquus
3332 2876 3494 2948 apud
3531 2875 3779 2940 Latinos,
3822 2891 3930 2929 nec

2278 2968 2451 3022 valde
2483 2968 2723 3022 celebris
2754 2967 2859 3022 fuit
2898 2974 3032 3023 ante
3065 2967 3347 3022 saeculum
3374 2983 3493 3031 xvn,
3523 2965 3769 3037 quando
3812 2965 3942 3034 ejus

522 3066 659 3105 cum
682 3053 843 3105 textu
862 3053 1067 3105 nostro
1086 3052 1282 3105 Graeco
1313 3050 1564 3116 collatis,
1585 3067 1933 3123 quanquam
1957 3051 2165 3106 eodem
2206 3086 2245 3140 ρ
2278 3055 2660 3127 amplificatio
2706 3056 2885 3127 petita
2919 3056 3022 3110 fuit
3052 3072 3086 3111 a
3118 3058 3172 3111 S.
3211 3056 3446 3109 Rituum
3479 3059 3943 3123 congregatione

520 3137 638 3192 fere
663 3136 925 3193 recidant
957 3138 1180 3202 omnia,
1212 3138 1393 3194 malui
1423 3144 1619 3195 tamen
1640 3155 1857 3194 novam
1892 3140 2169 3211 interpre-

522 3225 805 3281 tationem
836 3225 1047 3294 facere,
1076 3226 1443 3282 consimilem
1474 3233 1673 3283 nostro
1702 3245 1811 3284 ms.
1846 3230 2070 3293 Graeco,
2105 3228 2167 3282 il-

520 3314 756 3385 lamque
785 3314 959 3369 simul
989 3315 1346 3385 imprimere,
1383 3321 1445 3371 ut
1470 3317 1671 3372 omnia
1703 3318 1892 3385 magis
1920 3318 2167 3371 authen-

520 3401 635 3456 tica
669 3402 799 3457 sint.
842 3401 1026 3458 Editio
1059 3402 1283 3469 Ughelli
1314 3404 1558 3474 propius
1580 3404 1796 3458 insistit
1826 3408 2021 3457 nostro
2053 3420 2165 3459 ms.

521 3491 750 3545 Grmco:
785 3491 1148 3547 Maraﬁotina
1179 3496 1233 3546 et
1260 3492 1543 3547 Politiana
1564 3490 1624 3546 in
1655 3491 1862 3563 paucis
1895 3492 2169 3563 aliquan-

520 3581 647 3633 tum
662 3579 1001 3634 discordant
1023 3594 1036 3645 ;
1059 3580 1183 3635 etin
1206 3580 1302 3635 illo
1326 3582 1644 3652 praecipue,
1671 3581 1833 3653 quod
1857 3580 2168 3649 designent

520 3664 679 3720 diem
735 3667 1002 3736 martyrii
1055 3668 1373 3737 septimum
1428 3669 1594 3724 Julii:
1646 3686 1826 3740 quem
1892 3669 2168 3738 Ughellus

516 3758 719 3809 noster
773 3757 964 3808 textus
1004 3754 1262 3822 Graecus,
1294 3758 1511 3810 Menaaa
1533 3762 1584 3811 et
1611 3757 1937 3825 Menologia
1968 3758 2162 3822 citata,

519 3841 877 3898 unanimiter
907 3846 1185 3897 asserunt
1222 3842 1497 3913 quintum
1527 3844 1680 3899 Julii.

590 3936 644 3985 7.
678 3929 982 3985 Cornelius
1023 3946 1058 3985 a
1088 3930 1306 4001 Lapide
1336 3930 1396 3984 in
1431 3936 1570 3987 Acta
1599 3933 2002 4004 apostolorum
2036 3950 2166 4004 cap.

519 4017 729 4073 ultimo
775 4017 852 4073 ad
891 4017 989 4074 illa
1019 4018 1216 4085 verba,
1259 4020 1609 4076 Devenimus
1644 4022 1953 4091 Rhegium,
2008 4038 2168 4078 com-

517 4114 810 4171 mentans,
838 4107 1001 4162 varia
1028 4107 1229 4172 habet,
1266 4124 1401 4179 quae
1432 4109 1563 4175 sibi,
1610 4114 1746 4166 tunc
1779 4113 1979 4167 Romae
2010 4128 2166 4167 com-

519 4196 797 4262 moranti,
848 4195 1148 4252 submissa
1186 4196 1425 4253 fuerunt
1454 4214 1489 4254 a
1519 4199 1971 4270 Rhegiensibus,
2028 4201 2168 4256 viris

519 4283 761 4340 eruditis
787 4288 842 4340 et
872 4284 1203 4355 primariis:
1246 4291 1423 4358 atque
1477 4304 1549 4343 ex
1587 4289 1823 4345 illorum
1876 4291 1993 4345 ﬁde
2042 4292 2168 4346 haec

517 4378 747 4429 narrat:
818 4372 993 4429 «Silet
1045 4374 1138 4429 hic
1196 4375 1380 4431 multa
1446 4377 1656 4440 Lucas,
1713 4395 1782 4433 ac
1842 4382 2168 4449 praesertim

517 4461 934 4529 Rhegiensium
960 4477 995 4514 a
1028 4461 1211 4515 Paulo
1238 4463 1707 4529 conversionem,
1743 4482 1862 4521 uno
1901 4467 2015 4532 die,
2050 4485 2171 4539 quo

520 4548 683 4619 apud
705 4563 806 4603 eos
839 4548 1028 4612 haesit,
1062 4546 1312 4605 factam:
1349 4566 1480 4621 quae
1521 4568 1591 4607 ex
1616 4554 1848 4609 Eclesire
1887 4556 2170 4624 Rhegien-

519 4636 599 4692 sis
624 4636 1037 4699 monumentis,
1060 4636 1271 4692 eodem
1298 4654 1425 4693 aavo
1452 4648 1684 4711 (nempe
1718 4644 1937 4698 saeculo
1960 4646 2168 4701 Christi

519 4726 732 4796 Primo)
775 4725 969 4780 Graece
1017 4725 1389 4798 conscriptis,
1439 4744 1506 4783 ac
1540 4729 1753 4785 deinde
1793 4732 1850 4784 in
1896 4733 2166 4789 Latinum

516 4814 742 4871 idioma
797 4815 1117 4882 translatis,
1159 4820 1214 4869 et
1268 4816 1329 4870 in
1388 4816 1874 4891 archiepiscopali
1908 4822 2166 4878 archivio

520 4902 857 4967 asservatis,
891 4918 927 4958 a
958 4902 1394 4973 Rhegiensibus
1425 4905 1563 4959 viris
1588 4908 1828 4961 eruditis
1868 4913 1920 4962 et
1952 4910 2167 4980 prima-

517 4990 619 5046 riis
658 4991 733 5046 ad
767 5008 861 5047 me
901 4994 1149 5047 Romam
1174 4992 1542 5057 transmissa,
1579 4995 1672 5049 hic
1704 4997 2112 5053 transcribam.
2136 5020 2162 5050 »

518 5080 879 5135 Transcribit
938 5086 1138 5136 autem
1178 5080 1259 5135 ibi
1315 5085 1457 5136 Acta
1512 5083 1713 5137 Latina
1771 5086 1823 5139 S.
1886 5087 2167 5157 Stephani

517 5166 802 5240 episcopi,
828 5185 865 5225 a
895 5169 1076 5226 Paulo
1102 5170 1372 5241 apostolo
1406 5170 1857 5241 Rhegiensibus,
1892 5180 1952 5229 ut
1980 5177 2164 5245 aiunt,

516 5254 578 5311 in
599 5256 849 5312 transitu
874 5258 1148 5324 ordinati,
1191 5274 1325 5330 quae
1354 5259 1469 5315 alia
1499 5276 1618 5316 non
1648 5269 1781 5316 sunt
1820 5280 2000 5335 quam
2034 5282 2165 5337 quae

520 5344 796 5399 nosinfra
826 5345 1039 5400 damus
1070 5348 1538 5413 Graeco-Latina;
1570 5367 1670 5405 nec
1698 5357 1895 5406 tamen
1919 5353 1999 5407 ibi
2033 5360 2168 5410 sunt

522 5430 780 5501 integra;
837 5449 975 5488 nam
1034 5435 1306 5490 desinunt
1356 5437 1414 5492 in
1460 5440 1743 5511 martyrio
1798 5441 1887 5495 his
1937 5442 2161 5499 verbis:

523 5534 551 5571 α
612 5518 780 5582 Quod
837 5519 1001 5595 digni
1055 5522 1292 5579 fuerunt
1346 5540 1453 5596 pro
1506 5526 1731 5585 Christo
1772 5530 1921 5586 mori
1956 5550 1966 5599 ;
1997 5551 2023 5583 »
2058 5546 2166 5588 nec

2277 3147 2474 3199 Romae
2497 3145 2825 3209 etobtenta,
2849 3161 2951 3215 per
2974 3144 3309 3200 facultatem
3340 3142 3677 3214 exponendi
3705 3142 3939 3211 publice

2276 3232 2600 3301 imaginem
2630 3234 2835 3301 sancti,
2869 3234 3115 3304 ejusque
3147 3233 3372 3287 nomini
3400 3231 3605 3286 altaria
3634 3238 3689 3285 et
3718 3232 3944 3302 templa

2276 3319 2621 3374 dedicandi:
2670 3337 2803 3392 quae
2862 3327 3105 3376 eatenus
3155 3321 3316 3376 nulla
3372 3320 3666 3375 habuerit.
3730 3321 3940 3383 Locus,

2277 3408 2379 3462 ubi
2398 3408 2694 3479 sepultum
2720 3410 2823 3464 fuit
2842 3426 3059 3480 corpus
3081 3411 3139 3464 in
3163 3410 3518 3465 hodiernum
3543 3425 3731 3478 usque
3755 3408 3937 3474 diem,

2277 3497 2359 3552 uti
2402 3497 2603 3552 scribit
2636 3498 2948 3554 historicus
2983 3500 3327 3568 Rhegiensis
3355 3498 3573 3553 Politus
3608 3514 3768 3553 anno
3811 3500 3937 3552 t6t7

2276 3585 2519 3656 reperiri
2548 3602 2667 3641 non
2698 3588 2906 3657 potuit.

2346 3675 2399 3730 9.
2463 3676 2676 3740 Exhis,
2725 3678 2993 3748 inquam.
3054 3676 3315 3733 dubitari
3341 3676 3551 3749 possit,
3598 3692 3672 3730 an
3726 3677 3780 3731 S.
3817 3678 3919 3731 Ste-

2278 3763 2514 3835 phanus
2529 3781 2665 3819 cum
2682 3765 2853 3821 sociis
2878 3766 2999 3820 suis
3019 3768 3359 3839 martyrium
3389 3783 3607 3838 passus
3627 3766 3700 3820 sit
3721 3765 3929 3820 saeculo

2279 3853 2507 3923 primo;
2549 3869 2738 3924 eoque
2774 3855 2967 3923 magis
3003 3855 3165 3927 quod
3208 3856 3340 3910 totis
3372 3855 3560 3910 tribus
3592 3856 3795 3926 primis
3827 3871 3933 3909 sae-

2279 3940 2425 3994 culis
2457 3943 2790 4012 episcopus,
2826 3961 2947 3999 suae
2975 3945 3225 4000 civitatis
3274 3944 3447 4009 alius,
3506 3943 3931 4013 Rbegiensibus

2279 4044 2397 4083 non
2444 4030 2513 4084 sit
2557 4036 2750 4087 notus.
2804 4034 2856 4088 Si
2890 4033 3070 4100 dicas,
3126 4050 3228 4105 per
3291 4034 3670 4089 traditionem
3724 4041 3928 4088 notum

2278 4132 2412 4171 csse
2445 4118 2503 4173 S.
2550 4119 2916 4191 Steqhanum
2958 4138 3066 4192 pro
3105 4123 3323 4178 saeculo
3377 4125 3591 4195 primo,
3641 4138 3923 4194 quaeram,

2278 4222 2383 4261 cur
2413 4206 2563 4261 alius
2606 4209 2943 4281 eplSCOpUS,
2975 4228 3081 4283 pro
3114 4213 3324 4267 eodem
3358 4213 3575 4267 saeculo
3606 4216 3664 4266 et
3694 4211 3925 4265 duobus

2279 4296 2679 4367 sequentibus,
2725 4298 2992 4353 similiter
3024 4300 3196 4355 noius
3228 4317 3346 4356 non
3377 4302 3465 4356 sit.
3506 4301 3758 4371 lnquies,
3786 4299 3925 4371 quia

2280 4383 2527 4455 antiqua
2581 4384 2829 4441 civitatis
2889 4388 3108 4459 scripta
3158 4390 3609 4453 interciderunt;
3668 4394 3924 4459 superest

2281 4476 2479 4527 autem
2510 4476 2626 4529 vita
2670 4476 2723 4530 S.
2760 4476 3059 4546 Stephani,
3099 4494 3233 4549 quae
3274 4478 3461 4548 ipsum
3509 4481 3561 4533 S.
3601 4478 3757 4533 Pauli
3787 4494 3919 4547 apo-

2281 4560 2784 4632 stolidiscipnlum
2815 4565 2969 4619 facit.
2996 4566 3207 4621 Audio.
3241 4568 3353 4622 Sed
3387 4567 3487 4622 illa
3514 4568 3643 4637 ipsa
3667 4569 3783 4621 vita
3808 4584 3914 4621 non

2279 4649 2429 4717 sapit
2455 4650 2697 4718 longam
2744 4652 3176 4723 antiquitatem,
3207 4672 3314 4710 nec
3356 4661 3551 4727 potest
3590 4663 3723 4710 ante
3751 4672 3919 4709 saecu-

2276 4737 2399 4791 lum
2415 4740 2712 4794 decimum
2729 4742 2943 4813 scripta
2966 4743 3164 4807 fuisse,
3184 4744 3232 4799 si
3258 4762 3374 4801 non
3396 4746 3600 4807 sitdiu,
3618 4752 3767 4817 post.
3791 4745 3919 4816 Spa-

2277 4827 2357 4879 tio
2388 4832 2582 4883 autem
2617 4844 2855 4896 novem,
2892 4831 3110 4893 decem,
3146 4839 3247 4889 aut
3281 4835 3543 4905 plurium
3577 4834 3914 4889 sreculorum

2277 4920 2415 4970 tunc
2465 4917 2691 4986 elapso,
2724 4920 2971 4990 quando
3023 4922 3239 4994 scripta
3280 4924 3403 4988 fuit,
3467 4930 3656 4996 potest
3688 4925 3916 4994 scriptor

2277 5004 2461 5057 multa
2478 5005 2778 5072 ignorasse
2794 5008 2865 5061 de
2884 5008 3062 5075 gestis
3079 5011 3269 5065 sancti
3289 5011 3911 5083 sui,quemadmodum

2276 5106 2435 5146 nunc
2476 5093 2618 5146 nihil
2650 5094 2723 5148 de
2754 5094 2866 5149 illis
2912 5097 3095 5152 scitur
3124 5115 3194 5153 ex
3236 5100 3593 5171 antiquitate
3630 5106 3834 5172 praeter
3860 5101 3912 5157 id

2276 5181 2435 5250 quod
2466 5180 2523 5234 in
2553 5181 2669 5236 vita
2701 5190 3018 5240 narrantur
3050 5204 3061 5237 :
3091 5190 3146 5241 et
3177 5189 3366 5255 magis
3401 5195 3589 5260 potest
3619 5190 3913 5259 ignorasse

2276 5273 2499 5323 certum
2528 5276 2758 5340 tempus
2788 5289 2903 5343 quo
2937 5275 3157 5339 vixertt,
3187 5281 3590 5350 martyrioque
3608 5286 3915 5335 coronatus

2276 5357 2463 5421 fuerit,
2512 5359 2573 5411 In
2606 5359 2717 5414 hac
2765 5376 2934 5431 porro
2983 5364 3351 5433 ignoratione
3384 5372 3485 5421 aut
3526 5368 3780 5435 maligna
3810 5373 3916 5424 tra-

2276 5444 2514 5500 ditionis
2560 5446 2709 5515 vulgi
2744 5450 2875 5505 luce
2919 5452 3175 5507 scribere
3229 5471 3438 5509 exorso
3491 5457 3685 5511 visum
3735 5456 3912 5528 fuerit,

2278 5533 2493 5605 aptiori
2543 5540 2802 5609 tempore
2834 5540 3189 5611 Stephanum
3233 5544 3451 5600 adduci
3487 5545 3771 5616 Rhegium
3800 5562 3912 5605 non
