4114 6262
229 297 347 358 313

1348 302 1515 361 VITA
1553 300 1614 360 S.
1651 300 2003 359 STEPHANI
2043 302 2131 360 ET
2169 301 2557 362 SOCIORUM.

3479 292 3583 356 314

230 442 430 500 posse,
450 441 637 500 quam
655 440 776 497 quo
793 423 1012 480 Paulus
1029 427 1340 497 apostolus
1353 429 1563 484 eodem
1582 429 1863 500 applllisst

1990 452 2129 504 runt
2184 447 2492 520 Rhegium.
2522 453 2649 505 Non
2677 449 2954 504 dicuntur
2984 447 3188 504 urbem
3230 444 3502 508 intrasse,
3541 457 3642 497 ne-

233 517 536 572 sciebatur
564 534 581 586 ;
608 519 660 570 et
692 514 975 585 praesumi
1009 521 1257 587 poterat,
1283 517 1478 589 ipsum
1518 516 1742 572 ibidem
1775 532 1883 589 pro

236 622 298 659 se
324 604 582 676 aliquem
615 602 925 674 reliquisse
958 603 1333 676 episcopum.

313 697 394 748 t0.
435 695 578 748 Tum
607 708 747 747 vero
778 692 965 764 quaeri
999 697 1190 764 potest
1218 693 1292 748 de
1316 694 1488 749 sociis
1529 699 1885 766 symmarty-

236 781 400 836 ribus
432 781 486 837 S.
523 780 823 851 Stephani,
857 782 1041 837 Suera
1057 781 1360 854 episcopo,
1422 786 1479 838 et
1514 781 1880 847 mulieribus,

233 871 477 938 Agnete,
504 869 797 925 Felicitate
825 873 883 924 et
913 872 1216 942 Perpetua,
1242 871 1399 927 unde
1428 871 1558 927 illos
1591 872 1881 944 acceperit

229 963 332 1015 aut
383 963 691 1014 mutuatus
728 957 873 1015 forte
905 961 977 1014 sit
1029 960 1277 1032 scriptor
1328 960 1490 1016 Vitae.
1546 964 1727 1033 Eque
1757 962 1881 1017 haec

228 1046 489 1103 obscura
507 1047 747 1103 aliunde
779 1053 947 1103 sunt:
976 1064 1085 1104 nec
1103 1049 1271 1105 facile
1293 1051 1546 1122 capiam,
1570 1050 1880 1122 quomodo

227 1135 340 1190 illis
366 1136 623 1192 inducta
655 1136 956 1205 religionis
985 1137 1324 1194 Christianae
1362 1139 1563 1206 initiis,
1593 1139 1710 1194 duo
1734 1139 1880 1194 Rhe-

228 1223 310 1297 gii
343 1224 557 1280 fuerint
586 1225 871 1296 episcopi,
904 1227 1147 1297 quando
1186 1227 1259 1281 de
1284 1243 1402 1283 uno
1432 1227 1558 1283 solo
1586 1243 1706 1282 non
1742 1243 1879 1281 con-

224 1317 340 1368 stat
364 1319 537 1368 certo.
576 1316 652 1369 De
676 1313 1021 1370 mulieribus
1071 1331 1314 1387 quoque
1373 1317 1622 1371 certiora
1652 1315 1881 1370 deside-

223 1416 341 1455 rari
370 1409 643 1473 possunt,
663 1418 736 1456 ne
766 1403 902 1474 quis
919 1410 1168 1471 cogatur
1188 1403 1498 1475 suspicari,
1531 1405 1876 1474 Perpetuam

225 1495 404 1560 atque
422 1489 800 1555 Felicitatem,
820 1491 1088 1546 omnium
1105 1492 1220 1547 fere
1234 1493 1614 1564 antiquorum
1639 1495 1870 1546 Patrum

223 1577 457 1648 scriptis
480 1578 827 1646 celebratas,
849 1580 904 1634 in
932 1580 1124 1635 Africa
1153 1596 1288 1634 cum
1308 1579 1438 1634 aliis
1452 1579 1625 1633 sociis
1659 1585 1876 1650 marty-

223 1681 316 1720 res
348 1667 586 1722 ineunte
617 1667 834 1722 saaculo
874 1668 1042 1723 tertio
1079 1684 1313 1740 passas,
1358 1667 1647 1736 Rhegium
1672 1667 1872 1722 tradu-

222 1760 344 1812 ctas
363 1756 563 1814 fuisse.

293 1847 380 1902 11.
416 1849 536 1916 Ego
576 1847 818 1918 quidem
848 1863 953 1919 per
977 1848 1102 1904 haec
1141 1847 1321 1902 dubia
1357 1863 1489 1902 mea
1529 1846 1670 1902 nihil
1693 1847 1866 1902 dero-

221 1939 421 2001 gatum
463 1936 637 1990 velim
673 1936 892 1992 veritati
937 1936 1079 2002 ;sed
1107 1936 1297 2006 magis
1332 1937 1526 2007 cupio,
1559 1937 1863 1991 veritatem

215 2039 288 2076 ex
326 2023 438 2078 illis
468 2023 842 2080 illustriorem
872 2024 996 2080 fieri
1039 2041 1140 2097 per
1170 2032 1340 2096 aptas
1399 2025 1472 2080 ad
1504 2024 1690 2080 dubia
1732 2040 1864 2079 mea

213 2110 613 2180 Rhegiensum
642 2112 984 2168 solutiones.
1015 2115 1183 2168 Aliud
1215 2129 1445 2185 quoque
1464 2113 1714 2168 dubium
1749 2113 1862 2168 huc

209 2201 460 2270 pertinet
495 2201 615 2262 ,ubi
648 2201 722 2255 de
757 2204 948 2272 prima
989 2202 1405 2271 Rhegiensium
1437 2201 1511 2256 ad
1545 2202 1756 2256 Christi
1797 2201 1860 2255 fi-

206 2286 346 2342 dem
413 2289 801 2344 conversione
862 2306 968 2362 per
989 2290 1234 2346 Paulum
1268 2291 1632 2361 apostolum,
1664 2305 1861 2344 sermo

209 2382 318 2432 est.
362 2377 735 2448 Popularium
771 2379 1430 2449 vox,etquodammodo
1455 2377 1859 2449 Evangelium,

211 2467 285 2519 de
312 2481 432 2536 quo
450 2465 719 2520 dubitare
735 2465 898 2521 nefas
923 2467 1556 2532 sit,insonatauribus,
1589 2466 1858 2529 Paulum,

215 2570 351 2608 cum
375 2571 403 2609 e
420 2555 588 2626 Syria
612 2555 901 2623 Rhegium
922 2556 1587 2627 appulisset,ducendus
1609 2559 1858 2610 Romam

218 2660 254 2698 a
286 2645 624 2699 centurione
647 2651 701 2699 et
732 2646 1080 2700 custodibus
1113 2647 1232 2701 suis
1268 2646 1345 2701 ad
1386 2643 1647 2700 tribunal
1673 2646 1863 2699 Ctesa-

213 2733 314 2796 ris,
383 2732 443 2787 in
511 2733 780 2800 ingressu
808 2733 970 2788 urbis
1020 2734 1390 2801 Rhegiensis,
1421 2733 1672 2804 coepisse
1703 2732 1864 2786 Chri-

212 2827 368 2876 stum
397 2822 750 2876 annuntiare
783 2839 795 2876 :
837 2822 1063 2877 incolas
1095 2828 1297 2876 autem
1320 2821 1616 2876 obstinato
1661 2822 1862 2876 animo

210 2909 262 2963 ei
294 2909 672 2979 prohibuisse
712 2909 1048 2964 istiusmodi
1071 2909 1540 2963 anuntiationem
1570 2927 1584 2977 ;
1619 2908 1858 2962 tandem

211 3003 432 3059 tamen,
487 2997 840 3067 deprecante
874 2997 1068 3065 Paulo,
1105 3002 1163 3050 ut
1189 3012 1249 3050 se
1269 2995 1558 3050 dicentem
1592 2995 1861 3050 audirent

1992 535 2138 591 dum
2180 553 2409 592 moram
2432 537 2708 593 diurnam
2741 538 2817 592 ibi
2850 537 3059 592 fecisse
3115 551 3128 600 ;
3162 532 3266 589 sed
3294 532 3490 604 potius
3532 531 3638 586 iter

1993 626 2310 694 prosecuti,
2344 642 2374 680 e
2399 631 2716 697 conspectu
2749 624 2974 693 Rhegii,
3007 623 3239 679 favente
3266 622 3638 688 austro,post

1996 727 2180 767 unum
2234 713 2389 768 diem
2449 714 2860 784 navigationis,
2929 715 3206 766 venerunt
3253 709 3345 764 die
3375 707 3636 762 secundo

1996 799 2282 857 Puteolos.
2318 805 2515 872 Neque
2547 805 2724 868 enim,
2789 802 2834 856 si
2893 818 3002 855 uno
3022 800 3116 854 die
3149 796 3353 864 Rhegii
3383 795 3634 849 subtitis-

1993 895 2142 955 sent,
2211 892 2534 962 potuissent
2585 892 2677 947 die
2727 893 2990 946 secundo
3038 886 3304 943 Puteolos
3349 883 3633 951 attigisse,

1991 977 2450 1051 quibuscunquc
2465 979 2753 1036 stantibus
2768 978 2974 1044 ventis,
2993 971 3632 1051 propterlonginquam

1989 1066 2254 1123 locorum
2287 1067 2652 1125 distantiam.

2062 1156 2148 1209 l3.
2175 1156 2257 1212 lta
2289 1156 2579 1212 intellecto
2611 1157 2760 1212 sacri
2790 1154 3093 1227 scriptoris
3130 1156 3311 1215 textu,
3346 1149 3427 1204 uti
3456 1147 3631 1220 plane

1989 1242 2222 1297 videtur
2252 1243 2489 1315 intelligi
2526 1245 2762 1308 debere,
2805 1241 3100 1299 evanescit
3147 1238 3488 1311 prodigium
3535 1250 3631 1289 co-

1990 1329 2211 1385 lumnae
2237 1347 2583 1387 marmoreas
2611 1331 2868 1387 ardentis
2911 1331 2968 1386 in
2996 1326 3445 1385 conversionem
3479 1323 3631 1379 Rhe-

1990 1418 2302 1488 giensium,
2336 1419 2456 1473 imo
2494 1424 2548 1474 et
2592 1420 2902 1475 conversio
2933 1419 3196 1488 ipsorum
3225 1430 3327 1486 per
3359 1410 3625 1476 Paulum,

1988 1513 2041 1559 et
2063 1507 2358 1562 ordinatio
2385 1508 2666 1578 Stephani
2701 1505 3139 1576 tunctemporis
3167 1505 3223 1558 in
3247 1504 3624 1572 episcopum.

1985 1596 2154 1660 Quod
2180 1595 2226 1650 si
2254 1613 2385 1668 qu
2415 1598 2590 1652 etiam
2633 1597 2920 1650 sustinere
2977 1593 3128 1660 velit,
3171 1590 3412 1647 Paulum
3437 1588 3629 1643 civita-

1984 1687 2098 1737 tem
2162 1683 2500 1753 ingressum
2555 1684 2754 1750 fuisse,
2785 1684 2979 1756 ibique
3025 1682 3118 1736 die
3154 1696 3273 1735 uno
3299 1676 3619 1746 mansisse,

1905 1771 1948 1825 B
1981 1771 2251 1828 nondum
2301 1773 2581 1828 columna
2613 1788 2947 1828 marmorea
2977 1770 3205 1826 arserit.
3236 1765 3386 1833 Quid
3405 1765 3565 1820 enim
3596 1764 3625 1820 ?

1978 1859 2034 1914 Si
2093 1860 2150 1914 id
2210 1861 2430 1916 factum
2463 1861 2686 1928 fuisset,
2735 1865 2939 1925 Lucas,
2979 1859 3136 1914 Pauli
3169 1855 3384 1918 socius,
3426 1854 3624 1923 utique

1975 1949 2254 2004 scivisset.
2318 1950 2370 2006 Si
2430 1949 2693 2005 scivisset
2753 1952 2955 2020 utique
3009 1946 3364 2018 scripsisset.
3420 1941 3622 2012 Utpote

1972 2039 2074 2110 qui
2124 2039 2312 2092 multo
2372 2039 2604 2094 minora
2648 2039 2810 2094 Pauli
2841 2042 3002 2108 gesta
3025 2037 3082 2091 in
3105 2035 3290 2091 Melita
3325 2031 3516 2087 insula
3568 2032 3623 2085 et

1971 2127 2132 2192 alibi,
2168 2133 2287 2182 tam
2312 2127 2519 2183 sedulo
2554 2128 2612 2182 in
2644 2127 2992 2182 memoriam
3027 2120 3378 2196 posteritatis
3405 2120 3621 2191 scripto

1973 2216 2367 2284 consignavit.
2389 2217 2574 2272 Utitur
2607 2215 2666 2270 in
2693 2232 2754 2270 re
2785 2213 2980 2278 simili,
3017 2211 3192 2265 simili
3237 2212 3622 2278 argumenta-

1975 2305 2127 2359 tione
2154 2306 2208 2360 S.
2241 2305 2652 2377 Hieronymus,
2682 2303 3011 2371 Legebatur
3031 2301 3222 2371 ipsius
3247 2297 3444 2352 adhuc
3471 2301 3619 2349 tem-

1974 2407 2116 2462 pore
2155 2392 2302 2447 liber
2330 2392 2404 2446 de
2435 2394 2613 2461 gestis
2644 2391 2816 2449 Pauli
2847 2396 2902 2446 et
2937 2388 3183 2448 Theclae.
3218 2387 3278 2441 in
3308 2400 3430 2457 quo
3461 2389 3516 2438 et
3545 2383 3615 2436 de

1975 2479 2270 2550 baptizato
2287 2481 2456 2535 leone
2487 2480 2860 2535 narrabatur.
2895 2477 3060 2544 Quod
3089 2475 3447 2531 refutaturus
3469 2471 3617 2541 ipse,

1972 2568 2053 2621 sic
2105 2570 2184 2624 ait
2335 2568 2517 2639 Igitur
2888 2565 3048 2620 Pauli
3085 2570 3140 2619 et
3171 2561 3420 2625 Theclaa,
3453 2563 3509 2616 et
3535 2564 3620 2614 to-

1971 2661 2092 2709 tam
2155 2655 2430 2726 baptizati
2478 2656 2660 2710 leonis
2709 2655 3002 2717 fabulam,
3033 2654 3182 2707 inter
3243 2647 3618 2721 apocryphas

1972 2743 2288 2814 scripturas
2305 2750 2748 2814 computamus.
2782 2741 2965 2811 Quale
2997 2741 3153 2796 enim
3173 2743 3279 2803 est,
3315 2742 3374 2792 ut
3399 2734 3616 2791 indivi-

1971 2831 2128 2885 duus
2157 2847 2357 2887 comes
2386 2833 2647 2903 Apostoli
2670 2833 2876 2896 Lucas,
2907 2832 3056 2886 inter
3083 2834 3324 2884 caeteras
3355 2825 3481 2895 ejus
3503 2838 3616 2890 res,

1971 2917 2086 2972 hoc
2116 2919 2308 2973 solum
2328 2919 2687 2988 ignoraverit
2707 2919 2736 2974 ?
2825 2918 3100 2974 Similiter
3129 2912 3436 2987 quomodo
3457 2911 3616 2965 idem

1969 3005 2350 3075 ignoraverit,
2405 3024 2722 3063 accensam
2765 3024 2800 3064 a
2829 3023 3010 3078 parva
3037 3001 3372 3066 caudelula,
3413 2996 3620 3070 praedi-

211 3084 441 3140 tantillo
463 3091 878 3155 tempore,quo
897 3083 1213 3156 parvulum
1229 3083 1492 3138 candelae
1521 3081 1860 3144 frustulum,
1973 3100 2141 3146 came
2173 3095 2373 3164 Rhegii
2405 3096 2605 3161 paulo,
2628 3096 2973 3151 columnam
3009 3105 3406 3148 marmoream
3444 3086 3613 3142 argis.

209 3175 376 3246 quod
409 3189 588 3227 manu
609 3172 837 3227 tenebat
859 3189 1205 3239 accensum,
1226 3171 1705 3240 deflagrasset,id
1739 3186 1864 3240 per-

212 3263 464 3317 misisse.
532 3263 679 3316 Tum
752 3276 890 3316 vero
943 3260 1192 3316 Paulum
1283 3260 1544 3314 candelae
1597 3258 1862 3314 ardentis

209 3350 527 3406 frustulum
547 3350 903 3420 imposuisse
926 3350 1270 3417 columellae,
1293 3364 1426 3420 quae
1441 3347 1586 3403 forte
1601 3347 1856 3412 astabat,

214 3455 560 3495 marmoreae
592 3455 604 3506 ;
647 3445 703 3494 et
729 3439 885 3494 hanc
917 3440 1280 3502 columnam,
1309 3443 1665 3509 consumpta
1701 3435 1861 3490 brevi

215 3528 530 3584 candelula
579 3528 888 3583 ammam
931 3528 1276 3599 concepisse
1303 3534 1357 3582 et
1389 3527 1717 3597 perrexisse
1762 3541 1859 3580 ar-

213 3616 370 3673 dere.
399 3619 526 3682 Quo
552 3616 680 3671 viso
712 3617 1006 3688 prodigio,
1033 3616 1258 3671 incolas
1281 3615 1457 3670 fidem
1490 3613 1699 3670 Christi
1739 3630 1862 3668 am-

213 3707 484 3778 plexatos
527 3705 727 3760 fuisse.

288 3797 373 3850 l2.
408 3795 526 3849 Hoc
563 3793 802 3860 factum,
832 3809 951 3849 non
977 3799 1204 3849 tantum
1239 3793 1401 3861 vulgi
1434 3807 1732 3854 sermone,
1757 3790 1862 3845 sed

213 3885 391 3940 etiam
425 3882 987 3953 scriptocelebratur
1014 3899 1044 3937 a
1081 3883 1279 3937 Marco
1317 3882 1568 3937 Antonio
1595 3879 1753 3936 Politi
1801 3879 1857 3934 iu

213 3973 500 4029 Chronico
556 3971 863 4041 Rhegiensi
915 3987 1050 4042 pag.
1109 3975 1194 4036 80,
1265 3971 1365 4026 sed
1395 3971 1578 4026 obiter
1608 3975 1855 4026 tantum.

209 4061 470 4116 Primum
533 4060 674 4115 mihi
727 4059 785 4113 in
843 4059 935 4114 his
960 4059 1203 4116 dubium
1249 4065 1354 4124 est,
1389 4065 1585 4114 utrum
1618 4058 1855 4113 Paulum

207 4148 412 4218 Rhegii
442 4149 727 4204 miracula
761 4147 956 4204 fecerit
977 4157 1078 4204 aut
1110 4149 1336 4220 aliquos
1376 4149 1454 4204 ad
1511 4147 1689 4201 fidem
1720 4161 1858 4199 con-

203 4239 458 4302 verterit,
490 4237 612 4293 imo
654 4253 729 4293 an
783 4238 954 4293 istam
1021 4239 1222 4292 urbem
1255 4254 1321 4292 ex
1352 4236 1730 4306 navigatione
1759 4234 1859 4288 illa

202 4327 524 4382 intraverit.
561 4326 770 4383 Scribit
805 4327 978 4392 Luca,
1023 4343 1224 4381 comes
1273 4328 1327 4381 S.
1375 4324 1534 4380 Pauli
1576 4324 1632 4377 in
1693 4321 1859 4376 navi-

203 4417 441 4486 gatione
479 4414 1060 4486 Syriaco-Romano,
1093 4431 1224 4484 qum
1264 4413 1442 4475 vidit;
1481 4417 1537 4466 et
1584 4417 1856 4466 accurate
1892 4456 1935 4510 D

205 4511 370 4559 notat
399 4519 626 4558 moram
654 4519 839 4574 quam
873 4503 929 4556 in
969 4501 1302 4557 civitatibus
1321 4501 1512 4556 obviis
1535 4505 1854 4565 traxerunt,

209 4593 303 4648 Sic
335 4592 542 4655 Militaa,
575 4593 674 4655 ait,
710 4590 1047 4646 hibernasse
1069 4591 1307 4645 Paulum
1347 4599 1463 4644 tres
1494 4605 1748 4654 menses,
1805 4597 1858 4644 et

210 4696 338 4754 quae
367 4679 584 4735 ibidem
617 4681 839 4735 interea
877 4680 1010 4736 fecit
1047 4679 1331 4735 miracula
1359 4685 1413 4735 et
1440 4681 1856 4736 conversiones

213 4769 565 4840 gentillium,
607 4767 899 4824 describit.
969 4767 1277 4839 Syracusis
1332 4769 1522 4824 triduo
1589 4769 1857 4824 substite-

210 4863 352 4915 runt
399 4876 412 4924 ;
472 4857 725 4913 Puteolis
783 4863 990 4926 rogatu
1031 4856 1270 4912 fratrum
1330 4863 1676 4913 manserunt
1732 4858 1856 4912 dies

211 4951 460 5018 septem.
491 4948 565 4999 De
598 4945 818 5013 Rhegio
846 4953 1041 5001 autem
1066 4945 1208 5000 nihil
1237 4945 1426 5001 simile
1457 4945 1724 5000 meminit
1750 4946 1857 4998 Lu-

209 5051 290 5090 cae
318 5041 526 5090 textus.
564 5036 643 5088 Eu
687 5033 875 5095 verba,
907 5040 1178 5089 Actorum
1205 5050 1336 5104 cap.
1385 5037 1468 5088 ult
1503 5050 1516 5088 :
1616 5036 1678 5087 Et
1716 5049 1853 5088 cum

205 5125 576 5179 venissemus
607 5123 990 5193 Syracusam,
1017 5123 1346 5177 mansimus
1375 5121 1448 5176 ibi
1475 5122 1686 5176 triduo.
1716 5121 1852 5176 Inde

204 5209 1070 5282 circumlegentes,devenimus
1095 5209 1407 5279 Rhegium,
1425 5217 1478 5266 et
1503 5217 1630 5281 post
1665 5226 1850 5264 unum

203 5302 384 5369 diem,
417 5304 607 5356 stante
628 5303 834 5354 austro
867 5321 877 5362 ;
905 5299 1164 5354 secundo
1202 5297 1298 5353 die
1339 5298 1610 5353 venimus
1651 5299 1854 5353 Puteo-

204 5389 313 5455 los,
360 5388 460 5444 ubi
518 5387 770 5444 inventis
801 5386 1100 5452 fratribus,
1147 5387 1336 5457 rogati
1377 5405 1579 5442 sumus
1613 5403 1852 5442 manere

208 5477 367 5547 apud
408 5493 527 5542 eos,
561 5477 688 5532 dies
717 5481 940 5548 septem
976 5496 990 5541 ;
1020 5481 1073 5530 et
1099 5476 1181 5530 sic
1212 5476 1482 5531 venimus
1512 5476 1787 5531 Romam.

210 5566 389 5635 Igitur
413 5565 624 5622 Paulus
655 5569 711 5622 et
743 5567 948 5637 Lucas,
972 5564 1322 5638 navigantes
1351 5566 1650 5637 Syracusa
1683 5579 1852 5621 vene-

1973 3195 2038 3234 se
2062 3179 2089 3232 2
2175 3181 2348 3236 Addit
2391 3184 2777 3255 Hieronymus
2799 3199 2866 3237 ex
2894 3181 3270 3246 Tertulliano,
3373 3176 3619 3246 Presby-

1974 3274 2161 3325 terum
2186 3271 2511 3341 quemdam
2534 3272 2592 3326 in
2624 3273 2761 3326 Asia
3153 3265 3399 3337 apostoli
3434 3262 3614 3328 Pauli,

1972 3358 2306 3412 convictum
2336 3374 2466 3414 esse
2497 3359 2656 3430 apud
2688 3361 2998 3422 Joannem,
3034 3355 3194 3428 quod
3239 3359 3444 3408 auctor
3469 3355 3620 3406 esset

1971 3445 2122 3510 libri,
2156 3450 2214 3500 et
2238 3447 2599 3511 confessum,
2624 3463 2685 3502 se
2715 3447 2829 3503 hoc
2855 3445 3040 3511 Pauli,
3067 3459 3269 3499 amore
3289 3441 3500 3498 fecisse
3530 3441 3620 3505 ;et

1971 3533 2050 3589 ob
2081 3534 2138 3589 id
2160 3534 2234 3589 de
2260 3535 2390 3591 loco
2412 3535 2721 3591 excidisse.
2803 3536 2992 3603 Digna
3017 3531 3325 3588 ctoribus
3354 3530 3414 3584 in
3443 3527 3617 3583 rebus

1971 3623 2157 3678 sacris
2178 3639 2247 3678 ac
2270 3625 2434 3679 seriis
2455 3640 2654 3695 pmua,
2685 3625 2808 3679 sive
2825 3621 3102 3678 nxerint
3122 3634 3325 3675 amore
3350 3631 3615 3689 personae

1975 3711 2238 3782 privatas,
2264 3713 2385 3768 sive
2404 3729 2606 3768 amore
2626 3713 2853 3784 patriae,
2875 3716 2936 3766 ut
2963 3727 3055 3766 res
3073 3710 3198 3780 ejus
3215 3712 3412 3777 gestas
3430 3719 3616 3776 quam

1973 3799 2256 3856 altissime
2288 3805 2575 3872 repetant,
2619 3805 2720 3856 aut
2740 3799 3191 3856 conversionem
3211 3796 3340 3866 ejus
3359 3793 3434 3849 ad
3458 3791 3618 3848 Chri-

1971 3889 2041 3946 sti
2072 3889 2254 3944 fidem
2286 3889 2365 3946 ab
2400 3889 2688 3962 apostolis
2720 3889 3044 3944 deducant.

2042 3981 2126 4034 14.
2159 3979 2560 4034 Procedamus
2616 3994 2817 4050 porro.
2866 3982 2986 4034 Non
3022 3979 3253 4032 tantum
3284 3971 3450 4028 Pauli
3475 3975 3616 4025 tem-

1966 4084 2110 4140 pore
2168 4069 2437 4135 ignotum
2493 4067 2601 4122 fuit
2630 4066 2964 4137 prodigium
2999 4062 3261 4120 ardentis
3295 4060 3613 4122 columnas,

1967 4171 2174 4210 verum
2213 4155 2392 4208 etiam
2423 4156 2578 4210 mille
2619 4155 2792 4209 annis
2821 4157 2974 4224 post,
3022 4167 3211 4223 usque
3252 4149 3327 4204 ad
3357 4153 3612 4218 tempus,

1967 4258 2088 4314 quo
2143 4241 2428 4313 primaria
2479 4243 2536 4296 S.
2593 4242 2874 4312 Stephani
2940 4241 3076 4302 vita,
3140 4253 3324 4310 quam
3377 4235 3615 4289 Graeco-

1972 4329 2230 4385 Latinam
2271 4329 2502 4394 damus,
2546 4330 2880 4400 conscripta
2926 4329 3051 4383 fuit.
3096 4328 3234 4397 Ejus
3259 4325 3482 4397 quippe
3514 4338 3615 4377 au-

1966 4424 2109 4483 ctor,
2142 4418 2415 4491 quamvis
2442 4418 2685 4472 Paulum
2713 4417 2956 4472 inducat
2977 4416 3264 4485 Rhegium
3298 4413 3529 4483 :ibique
3549 4412 3615 4465 -

1966 4507 2102 4563 dem
2144 4508 2549 4569 annuntiasse,
2583 4506 2798 4561 multos
2832 4505 3186 4576 baptizasse,
3223 4508 3400 4574 atque
3431 4501 3612 4556 etiam

1969 4596 2347 4668 presbyteros
2379 4595 2763 4667 etepiscopos
2801 4593 3111 4649 ordinasse
3138 4593 3310 4656 dicat,
3345 4590 3612 4660 adeoque

1965 4686 2177 4742 innuat
2204 4685 2532 4756 longiorem
2567 4698 2796 4739 moram
2820 4682 3040 4737 ibidem
3073 4682 3318 4735 traxisse
3363 4699 3376 4744 ;
3412 4684 3612 4733 tamen

1966 4789 2074 4829 suo
2093 4781 2353 4845 tempore
2378 4772 2644 4826 nondum
2667 4771 2853 4833 scivit,
2874 4769 3037 4841 quod
3063 4769 3270 4823 incolas
3293 4766 3609 4835 Rhegiens-

1967 4879 2057 4917 ses
2090 4862 2252 4918 initio
2280 4861 2652 4931 pertinaciter
2681 4859 3086 4930 prohibuerint
3121 4856 3298 4912 Paulo
3328 4854 3612 4926 praedica-

1963 4967 2024 5006 re
2061 4951 2257 5011 fidem,
2302 4949 2515 5004 deinde
2557 4963 2694 5002 vero
2751 4963 2857 5018 per
2915 4945 3257 5018 prodigium
3315 4943 3610 4998 columnas

1963 5053 2313 5095 marmoreae
2345 5036 2605 5092 ardentis
2629 5036 2896 5092 conversi
2926 5034 3147 5104 abipso
3182 5033 3412 5088 fuerint.
3457 5031 3610 5097 Quin

1961 5126 2083 5182 imo
2123 5126 2262 5180 satis
2303 5125 2562 5181 declarat
2604 5129 2810 5179 auctor
2843 5122 2988 5188 vitae,
3023 5121 3481 5190 Rhegiensesab
3507 5118 3612 5175 ini-

1964 5215 2062 5282 tio,
2102 5213 2328 5285 absque
2362 5212 2480 5267 ullo
2525 5211 2814 5281 singulari
2849 5210 3150 5274 miraculo,
3183 5208 3426 5265 Paulum
3473 5224 3608 5265 con-

1961 5303 2298 5358 cionantem
2321 5316 2539 5371 pronos
2558 5299 2918 5355 auscultasse
2953 5315 2964 5353 :
2993 5304 3049 5354 et
3067 5297 3238 5353 sicuti
3269 5303 3426 5353 terra
3452 5298 3612 5353 bona

1961 5396 2302 5460 susceptum
2345 5403 2544 5442 semen
2578 5386 2930 5458 multiplicat
2960 5386 3328 5456 centuplum,
3370 5385 3450 5440 ita
3479 5384 3612 5440 illos

1961 5478 2297 5550 suscepisse
2330 5475 2579 5531 verbum
2618 5475 2714 5529 Dei
2747 5489 2818 5529 ex
2857 5490 2958 5530 ore
2989 5473 3172 5530 Pauli.
3211 5474 3407 5528 Debet
3435 5471 3613 5537 igitur

1959 5565 2164 5623 fabula
2185 5565 2299 5622 ista
2327 5564 2587 5636 primum
2606 5568 2744 5621 nata
2772 5561 2952 5620 fuisse
2972 5562 3031 5619 in
3051 5563 3280 5634 vulgus,
3304 5564 3438 5634 post
3475 5566 3611 5616 acta-
