4114 6262
580 267 687 327 315

1909 261 2171 321 MENSIS
2210 259 2478 321 JULIUS.

3772 246 3899 306 316

511 398 633 450 tem
672 395 810 449 dicti
840 393 1138 465 scriptoris
1157 396 1214 449 et
1254 391 1395 447 forte
1421 391 1524 447 diu
1547 395 1702 463 Post,
1734 406 1802 446 ex
1843 389 2014 446 οῖίοεί
2060 388 2159 444 αῙί·
2190 388 2234 441 Α
2267 401 2536 474 discipuli
2565 404 2667 456 aut
2704 396 2912 456 Christi
2943 394 3198 461 Domini,
3233 398 3336 452 aut
3359 402 3709 451 sanctorum
3761 391 3968 455 Petri,

516 483 687 553 cujus
730 482 991 551 cerebro,
1046 497 1174 552 quae
1233 496 1374 536 mox
1405 480 1584 549 vulgo
1642 479 1950 550 placuerit,
1979 482 2157 549 atque

517 571 692 626 etiam
727 587 763 625 a
802 570 1082 642 praedicto
1114 569 1571 640 chronographo
1603 568 1936 637 Rhegiensi,
1970 570 2160 623 Marco

516 659 769 714 Antonio
800 657 989 723 Politi,
1031 662 1266 729 recepta
1318 656 1512 712 fuerit.
1567 655 1963 727 Scriptoribus
2007 654 2156 718 aliis,

517 746 839 802 Maraﬁotio
871 746 927 801 in
958 746 1244 801 Chronico
1265 745 1566 809 Calabriae,
1592 750 1770 816 atque
1810 742 2055 814 Ughello
2100 742 2161 797 in

516 836 812 907 episcopis
842 834 1270 905 Rhegiensibus
1312 852 1326 901 ;
1358 835 1497 891 item
1535 834 1716 891 Paulo
1765 833 2060 889 Gualterio
2102 831 2160 886 in

518 922 788 978 Calabriae
817 925 1067 992 Sanctis,
1101 928 1157 978 et
1187 923 1313 979 Vita
1344 924 1399 979 S.
1470 922 1771 994 Stephani,
1807 921 1903 993 qui
1943 925 2077 977 ante
2108 923 2165 975 et

515 1015 654 1083 post
716 1011 993 1081 Politum,
1058 1028 1161 1066 sua
1230 1013 1557 1076 ediderunt,
1619 1027 1740 1067 non
1798 1009 1957 1066 ausis
2019 1024 2165 1081 prae-

516 1099 659 1155 dicti
725 1101 997 1171 prodigii,
1040 1116 1107 1156 ac
1148 1101 1277 1156 talis
1306 1102 1708 1156 conversionis
1745 1099 2164 1169 Rhegiensium

518 1188 597 1244 ad
663 1189 842 1245 ﬁdem
874 1189 1096 1256 Christi,
1128 1189 1222 1246 vel
1268 1189 1451 1247 verbo
1484 1190 1843 1256 meminisse,
1876 1188 2039 1261 quod
2083 1187 2165 1243 fa-

525 1293 698 1335 eiam.

593 1372 676 1423 15.
720 1368 1013 1439 Superest,
1076 1371 1138 1424 ut
1175 1369 1249 1424 de
1279 1372 1446 1424 aetate
1479 1369 1532 1424 S.
1567 1366 1848 1439 Stephani
1871 1372 1927 1422 et
1966 1364 2162 1421 socio-

516 1472 651 1513 rum
682 1458 810 1527 ejus
834 1462 1181 1528 martyrum,
1218 1458 1461 1513 verbum
1494 1456 1811 1512 addamus.
1837 1455 2163 1523 Satis,con-

521 1549 679 1601 stare
748 1549 942 1615 potest
999 1561 1067 1601 ex
1123 1547 1412 1601 hactenus
1468 1544 1805 1616 disputatis,
1864 1544 2064 1616 ipsum
2127 1559 2162 1598 a

523 1636 577 1692 S.
613 1634 1225 1703 Pauloenavigatione
1259 1634 2163 1706 Syriaco-Romanaepiscopum

2270 492 2433 546 Pauli
2460 495 2562 546 aut
2579 487 2915 547 Clementis.
2944 485 3378 558 etc.,quodque
3409 484 3684 539 venerint
3724 482 3968 554 praedi-

2269 594 2402 635 care
2422 578 2809 648 Evangelium
2835 577 2896 632 in
2924 579 3124 632 vastas
3145 574 3326 630 hasce
3348 573 3687 645 provincias
3715 570 3966 626 saeculo

2268 668 2462 741 primo
2512 663 2961 731 Christianismi,
3016 665 3071 720 S.
3129 664 3405 719 Ursinum
3448 661 3957 725 Bituricensium,

2273 758 2328 822 S,
2387 755 2872 812 Austremonium
2904 758 3328 817 Arvernorum,
3361 754 3418 808 S.
3469 749 3813 806 Martialem
3855 752 3959 804 Le-

2271 845 2711 902 movicensium
2786 846 2841 900 S.
2910 846 3268 899 Frontonem
3339 839 3953 902 Petrocoricensium,

2276 935 2331 990 8.
2387 934 2773 1005 EutrOphium
2807 930 3293 996 Santonensium,
3320 949 3348 982 »
3378 932 3433 984 et
3459 943 3615 1000 quos
3629 942 3827 999 porro
3858 942 3954 981 re-

2274 1028 2471 1078 censet
2492 1038 2714 1093 magno
2743 1036 2997 1077 numero
3013 1020 3160 1076 alios
3203 1041 3216 1074 :
3252 1039 3276 1071 α
3302 1034 3456 1091 quos
3477 1017 3687 1088 inquit,
3722 1016 3955 1071 doctis-

2276 1112 2411 1168 simi
2442 1113 2569 1177 viri,
2638 1111 2842 1178 Faber,
2907 1114 3251 1181 Bosquetus,
3329 1109 3671 1178 Launoyus,
3742 1107 3952 1159 Patres

2275 1201 2628 1258 Sirmundus
2654 1205 2707 1257 et
2746 1202 3041 1265 Petavius,
3076 1198 3297 1271 aliique
3320 1196 3539 1269 plures,
3563 1199 3953 1250 censuerunt

2272 1305 2392 1346 non
2442 1291 2677 1346 venisse
2724 1289 2842 1345 nisi
2883 1289 3102 1345 saeculo
3152 1286 3325 1343 tertio
3369 1290 3471 1341 aut
3509 1288 3817 1356 quarto.»
3872 1285 3951 1338 De

2269 1378 2573 1435 nonnullis
2599 1382 2941 1436 sanctorum
2972 1376 3209 1433 illorum
3228 1380 3284 1431 et
3310 1390 3418 1431 nos
3450 1372 3861 1429 tractavimus
3887 1372 3946 1425 in

2271 1468 2426 1523 Actis
2488 1467 2733 1537 nostris,
2789 1471 2844 1524 et
2892 1466 3010 1523 fere
3062 1464 3469 1521 consentimus
3532 1477 3673 1517 cum
3734 1460 3949 1516 citatis

2272 1557 2637 1615 auctoribus.

2353 1651 2413 1701 17
2447 1646 2504 1700 In
2557 1645 2753 1702 Sicilia
2804 1660 3045 1718 quoque
3101 1642 3480 1716 Syracusani,
3521 1641 3621 1714 qui
3651 1643 3946 1696 sanctum

520 1722 720 1790 Rhegii
760 1722 1144 1777 constitutum
1178 1737 1301 1778 non
1341 1722 1519 1777 fuisse
1562 1740 1574 1778 :
1618 1721 1679 1777 id
1726 1720 1958 1777 interim
1999 1720 2163 1776 aiunt
2198 1735 2242 1790 Β
2274 1752 2448 1791 suum
2491 1734 3147 1805 Marcianummrimum
3178 1732 3426 1789 civitatis
3446 1732 3806 1804 episcopum
3835 1744 3945 1784 n0-

519 1810 898 1880 Rhegienses,
942 1815 1122 1882 atque
1148 1812 1296 1867 adeo
1327 1826 1396 1866 ex
1414 1810 1649 1866 illorum
1693 1810 1973 1881 opinione
2027 1825 2163 1865 con-

521 1898 755 1954 stitutus
785 1897 896 1955 fuit
925 1914 1085 1955 anno
1117 1899 1328 1955 Christi
1361 1901 1426 1955 56
1452 1915 1573 1971 quo
1610 1899 1741 1955 illac
1774 1898 2001 1955 transiit
2022 1899 2163 1953 Pau-

518 1986 630 2042 lus.
664 1990 739 2043 De
780 2003 939 2043 anno
969 1993 1165 2043 autem
1181 1987 1578 2045 determinato
1594 1987 2161 2059 martyriinihildum

522 2075 682 2146 apud
740 2077 904 2146 ipsos
957 2076 1087 2148 legi.
1156 2078 1454 2134 Ferrarius
1495 2077 1716 2145 scribit,
1741 2093 1986 2149 passum
2031 2092 2162 2131 esse

524 2163 886 2234 Stephanum
913 2165 1026 2220 sub
1048 2168 1273 2221 Nerone
1305 2182 1317 2219 :
1352 2168 1509 2238 quod
1525 2171 1703 2222 certat
1735 2182 1871 2221 cum
1896 2166 2074 2234 Actis,
2102 2165 2159 2220 in

521 2252 740 2325 quibus
776 2252 1003 2322 legitur,
1036 2253 1234 2324 ipsum
1265 2254 1569 2326 praefuisse
1591 2256 1937 2327 episcopum
1969 2270 2161 2311 annos

522 2340 726 2396 decem
755 2347 807 2395 et
839 2346 1087 2411 septem.
1132 2345 1207 2397 Ex
1264 2359 1386 2415 quo
1426 2344 1826 2415 consequitur,
1875 2344 2161 2415 martyrio

525 2428 871 2484 defunctum
896 2446 1025 2484 esse
1048 2446 1205 2486 anno
1236 2432 1324 2497 73,
1348 2434 1508 2504 quod
1544 2449 1711 2505 aeque
1742 2432 2019 2489 sustineri
2045 2447 2162 2487 non

522 2522 733 2589 potest.
760 2519 907 2583 Quia
934 2518 1127 2585 scitnr,
1157 2536 1263 2575 nec
1285 2521 1574 2585 illoanno,
1607 2537 1713 2576 nec
1753 2522 1979 2593 aliquot
2019 2538 2163 2592 prae-

521 2605 881 2671 cedentibus,
940 2624 1049 2662 nec
1093 2607 1322 2680 aliquot
1351 2610 1862 2681 subsequentibus,
1896 2626 2166 2681 persecu-

522 2696 740 2749 tionem
799 2695 979 2750 ullam
1041 2696 1221 2751 fuisse
1254 2701 1476 2752 motam
1531 2705 1736 2753 contra
1776 2698 2163 2754 Christianos.

524 2782 923 2849 Quamobrem
941 2784 1100 2839 aliud
1118 2790 1353 2857 tempus
1373 2786 1760 2857 quaerendum
1775 2792 1881 2852 est,
1913 2802 2033 2857 quo
2047 2788 2161 2859 epi-

523 2886 739 2940 scopus
770 2869 977 2941 factus,
999 2888 1239 2943 quoque
1256 2873 1610 2945 martyrium
1636 2891 1841 2945 passus
1866 2874 2008 2930 sitS.
2040 2877 2166 2931 Ste-

522 2957 778 3029 phanus.
804 2958 951 3014 Illud
984 2964 1184 3015 autem
1217 2961 1479 3016 invenire
1510 2977 1628 3017 non
1652 2962 1756 3016 erit
1784 2962 1948 3017 facile
1992 2980 2162 3018 :cum

2273 1824 2522 1890 minant,
2565 1824 3067 1894 contenduntque,
3110 1821 3421 1877 Antiochia
3451 1820 3561 1875 sibi
3592 1836 3626 1874 a
3650 1821 3709 1875 S.
3767 1822 3945 1873 Petro

2274 1903 2545 1975 apostolo
2566 1904 2935 1959 submissum
2947 1902 3152 1967 fuisse,
3168 1900 3570 1956 ostenduntur
3583 1898 3662 1955 ad
3678 1898 3857 1953 diem
3873 1901 3943 1955 14

2272 1993 2430 2048 Junii
2456 1992 2659 2058 nostri,
2700 1993 3009 2049 aberrasse
3041 1992 3359 2064 ipsumque
3392 1993 3696 2056 sanctum,
3742 1988 3941 2058 impe-

2271 2080 2545 2136 rantibus
2586 2080 2893 2136 Valeriano
2921 2084 2977 2135 et
3015 2079 3274 2135 Gallieno
3303 2076 3519 2134 saeculo
3543 2074 3733 2141 tertio,
3778 2090 3941 2129 mar-

2274 2170 2489 2241 tyrium
2508 2169 2875 2224 sustinuisse.
2909 2168 3110 2225 Umbri
3140 2166 3424 2231 similiter,
3460 2173 3522 2221 ut
3549 2181 3747 2237 nuper
3780 2164 3941 2219 dixi-

2272 2275 2426 2322 mus,
2480 2258 2539 2313 in
2598 2262 2849 2314 tractatu
2908 2257 3290 2329 praeliminari
3322 2256 3398 2312 ad
3430 2260 3665 2311 tomum
3709 2258 3727 2309 l
3772 2253 3935 2318 Julii,

2272 2346 2546 2404 affectant
2572 2348 2981 2419 antiquitatem
3015 2346 3347 2418 primorum
3374 2343 3915 2416 aliquotepiscopo

2272 2453 2401 2492 rum
2438 2453 2701 2501 suorum,
2722 2453 2874 2508 quos
2890 2436 3107 2492 aiunta
3137 2436 3190 2490 8.
3220 2432 3673 2505 Petroapostolo
3701 2448 3732 2487 e
3760 2431 3937 2501 Syria

2273 2525 2352 2581 ad
2374 2541 2434 2579 se
2456 2525 2669 2579 missos
2708 2526 2887 2580 fuisse
2920 2542 2933 2591 ;
2963 2526 3063 2597 qui
3098 2540 3209 2578 non
3242 2523 3354 2578 nisi
3385 2521 3760 2593 temporibus
3806 2522 3935 2575 Dio-

2275 2613 2509 2669 cletiani
2540 2620 2595 2669 et
2634 2614 2969 2670 Maximiani
3011 2613 3279 2668 vixerunt
3319 2628 3388 2668 ac
3436 2616 3732 2682 martyres
3789 2610 3929 2665 facti

2276 2706 2436 2758 sunt.
2482 2702 2632 2758 Nihil
2684 2704 2887 2758 attinet
2933 2702 3102 2775 plura
3139 2716 3458 2772 congerere
3482 2698 3775 2771 exempla.
3810 2700 3924 2752 Res

2275 2791 2518 2847 eruditis
2566 2792 2872 2847 notissima
2925 2796 3031 2847 est.
3097 2795 3172 2846 De
3228 2792 3283 2847 S.
3342 2788 3664 2861 Stephano,
3721 2786 3913 2857 primo

2276 2880 2693 2950 Rhegiensium
2724 2881 3027 2953 episcopo,
3052 2882 3173 2954 jam
3188 2879 3524 2936 ostendisse
3554 2876 3698 2932 mihi
3711 2874 3905 2929 videor

2274 2969 2469 3041 ipsum
2504 2985 2611 3024 nec
2643 2970 2859 3025 seaculo
2886 2970 3095 3042 primo,
3131 2984 3239 3024 nec
3266 2985 3301 3025 a
3327 2970 3381 3024 S.
3418 2966 3600 3022 Paulo
3616 2964 3916 3036 apostolo,

525 3044 1035 3142 [lghe'llusudicau-
1056 3066 1083 3098 «
1123 3053 1254 3118 post
1278 3048 1635 3142 Stephanum
1682 3066 1867 3142 usque
1900 3054 1980 3142 ad,
2017 3054 2163 3107 Con-
2195 3084 2235 3142 Ο
2274 3060 2518 3129 quando
2550 3059 2597 3112 is
2618 3058 2916 3128 navigavit
2938 3061 3205 3122 Romam,
3236 3057 3576 3113 ordinatum
3602 3054 3782 3109 fuisse
3807 3052 3922 3124 epi-

524 3133 760 3186 stantini
792 3134 984 3203 Magni
1026 3139 1278 3206 tempus,
1310 3136 1641 3209 epiSCOpos,
1685 3139 1779 3210 qui
1836 3140 1895 3195 in
1935 3141 2160 3196 civitate

524 3220 1193 3291 Rhegiensiﬂoruerunt,
1217 3225 1605 3283 desiderari.»
1627 3229 1788 3296 Rogo
1817 3229 1990 3298 igitur
2017 3231 2136 3285 Rhe

523 3308 777 3376 gienses,
819 3315 880 3365 ut
912 3310 1020 3382 ipsi
1071 3328 1229 3368 nova
1260 3329 1402 3370 cura
1437 3314 1498 3370 in
1528 3330 1654 3371 rem
1681 3315 1840 3372 illam
1875 3322 2159 3389 tanquam

522 3412 715 3464 suam,
739 3399 982 3469 propius
1021 3401 1343 3473 inquirant.

597 3486 678 3539 16.
734 3486 911 3542 Nobis
941 3489 1183 3560 quidem
1225 3491 1589 3563 experientia
1641 3496 1887 3556 constat,
1941 3493 2162 3566 ubique

521 3574 785 3643 gentium
815 3576 1143 3633 obtinuisse
1191 3583 1246 3634 et
1301 3579 1587 3646 obtinere,
1640 3587 1847 3654 estque
1891 3582 2161 3655 pluribus

522 3662 1273 3732 quodammodoinnatum,
1292 3675 1554 3724 utrerum
1576 3688 1814 3726 suarum
1843 3672 2160 3744 antiquita-

521 3754 639 3802 tem
694 3750 989 3817 aﬂectent,
1045 3769 1299 3825 eamque
1331 3772 1513 3826 quam
1532 3758 1821 3813 altissime
1860 3760 2157 3814 attollant:

520 3837 685 3907 quod
724 3843 780 3893 et
835 3838 1167 3911 frequenter
1202 3856 1305 3895 usu
1335 3844 1489 3897 venit
1516 3845 1573 3898 in
1606 3848 1761 3899 Actis
1794 3852 2156 3912 sanctorum,

520 3939 655 3996 quas
681 3926 1013 3996 postlonga
1040 3933 1307 4000 tempora
1345 3946 1413 3985 ex
1470 3932 1791 4001 caligiDOsa
1854 3934 2161 3989 traditione

521 4017 624 4069 aut
663 4015 1020 4087 apocryphis
1074 4018 1301 4089 scriptis
1350 4018 1724 4092 colliguntur.
1785 4023 1847 4077 Id
1879 4022 2161 4079 accidisse

519 4102 736 4158 sanctis
754 4106 946 4160 Galliae
962 4105 1261 4177 prioribus
1279 4110 1623 4182 espiscopis,
1642 4111 1959 4168 luculenter
1988 4117 2157 4169 testao

518 4194 612 4246 tur
641 4191 942 4266 Philippus
979 4194 1203 4261 Labbe,
1243 4198 1601 4270 antiquitatis
1632 4202 1917 4269 eruditus,
1950 4202 1996 4257 si
2024 4202 2158 4275 quis

518 4278 687 4348 alius,
716 4282 772 4336 in
787 4283 1081 4340 Breviario
1095 4301 1204 4341 suo
1227 4285 1647 4358 chronologico
1674 4291 1936 4348 Historias
1973 4308 2155 4349 sacras

517 4372 570 4423 et
594 4370 855 4439 profanae
873 4372 949 4427 ad
980 4389 1206 4429 annum
1240 4374 1447 4431 Christi
1479 4382 1564 4447 69,
1601 4379 1681 4434 ita
1712 4380 1970 4435 scribens
1997 4397 2157 4436 anno

2271 3162 2518 3218 scopum
2555 3164 2568 3213 ;
2601 3148 2849 3219 quando
2879 3151 3077 3204 autem
3105 3146 3415 3203 ordinatus
3444 3145 3632 3208 fuerit,
3689 3158 3921 3215 nequeo

2271 3235 2538 3291 divinare
2581 3253 2594 3301 ;
2620 3237 2760 3307 quia
2788 3237 2860 3291 de
2889 3237 3002 3292 hoc
3037 3236 3335 3308 Stephano
3364 3234 3531 3289 silent
3560 3239 3679 3289 tam
3716 3235 3923 3304 Marty-

2270 3323 2458 3393 rologi
2492 3324 2699 3393 Latini,
2742 3340 2927 3397 quam
2959 3325 3388 3396 aliiscriptores
3428 3322 3678 3395 antiqui,
3713 3321 3922 3375 saltem

2270 3411 2373 3482 qui
2431 3417 2568 3468 ante
2622 3413 2812 3469 Vitam
2865 3413 2991 3485 ejus
3020 3415 3301 3486 scriptam
3334 3412 3603 3469 vixerint.
3631 3410 3922 3467 Fortassis

2272 3505 2473 3571 posset
2523 3501 2651 3571 ejus
2693 3502 3041 3575 martyrium
3067 3503 3143 3559 ad
3174 3508 3440 3574 tempora
3473 3499 3818 3557 Diocletiani
3867 3503 3924 3554 et

2272 3590 2604 3646 Maximiani
2634 3591 2853 3657 referri,
2885 3593 3025 3663 quia
3056 3592 3200 3647 nulli
3227 3592 3324 3648 alii
3344 3596 3477 3647 ante
3501 3589 3646 3646 illud
3678 3594 3917 3661 tempus

2272 3679 2393 3734 noti
2448 3684 2584 3734 sunt
2637 3679 2900 3752 episcopi
2951 3681 3325 3752 Rhegienses.
3388 3683 3602 3737 Verum
3667 3677 3909 3734 certiora

2271 3768 2343 3821 de
2370 3767 2461 3822 his
2493 3769 2972 3841 exspectabimus
3002 3785 3037 3825 a
3057 3769 3483 3840 Rbegiensibus
3511 3768 3680 3840 ipsis,
3703 3770 3769 3822 ut
3794 3766 3916 3837 jam

2271 3854 2411 3909 dixi.

2347 3944 2427 3997 18.
2485 3944 2750 4000 Diximus
2809 3962 3064 4019 quoque,
3125 3946 3283 4003 unde
3333 3947 3737 4020 acceperimus
3781 3958 3918 4008 Acta

2272 4033 2487 4094 Graeca,
2519 4037 2573 4086 et
2603 4034 2744 4105 quia
2776 4037 2937 4091 tarde
2978 4035 3215 4093 fuerunt
3244 4036 3505 4102 collecta,
3540 4042 3917 4111 comperiun-

2269 4125 2364 4174 tur
2395 4136 2514 4176 non
2547 4138 2778 4193 magna:
2804 4124 2937 4181 ﬁdei
2958 4142 3108 4181 esse.
3137 4129 3215 4182 En
3249 4127 3402 4198 ipsa,
3439 4142 3576 4183 cum
3608 4134 3813 4186 nostra
3834 4132 3916 4186 in-

2268 4211 2696 4280 terpretatione.
2749 4214 2969 4269 Titulus
3020 4214 3146 4269 talis
3180 4214 3599 4287 przefigebatur
3630 4216 3916 4282 :‘A’ﬁmqi;

2267 4310 2356 4350 τον
2410 4299 2557 4351 ὁσίου
2617 4304 2814 4374 Πατρός
2871 4305 3016 4375 ἡμῶν
3078 4306 3441 4380 ἱερομάρτυρος
3493 4308 3772 4377 Στεφάνου,
3823 4329 3915 4381 μη-

2266 4388 2571 4460 τροπολίτου
2620 4398 2709 4451 τῆς
2742 4390 3037 4465 Καλαϐρίας
3066 4411 3078 4447 :
3136 4395 3450 4450 Certamen
3486 4397 3684 4451 sancti
3718 4398 3913 4453 Patris

519 4458 683 4554 1663i:
717 4461 830 4512 «Ab
870 4462 1040 4554 annis
1066 4461 1235 4554 facile
1258 4463 1602 4554 octingentis
1626 4467 1817 4536 plures
1858 4470 2153 4537 majorum
2191 4442 2235 4495 D
2266 4442 2943 4551 nostri,sacrimartyris
2960 4482 3272 4552 Stephani,
3292 4486 3686 4554 metropolin
3718 4489 3914 4546 civita-

518 4550 860 4601 nostrorum
884 4547 1445 4620 crediderunt,quod
1464 4552 1638 4622 primi
1671 4556 2156 4628 episcopifunda-

517 4637 669 4689 tores
709 4636 1101 4693 Ecclesiarum
1138 4640 1475 4694 nostrarum
1508 4656 1606 4711 per
1633 4643 1898 4710 Calliam,
1940 4643 2156 4707 fuerint

2268 4566 2339 4621 tis
2382 4566 2591 4637 Rhegiz’
2613 4570 2675 4623 in
2720 4570 3027 4628 Calabria.
