4114 6262
217 239 326 305 317

1311 250 1482 309 νιΤΑ
1518 250 1578 309 8.
1621 251 1973 310 STEPHANI
2017 253 2106 310 ET
2141 254 2523 315 SOCIORUM.

3485 263 3596 322 318

229 375 3578 406 ____________________________________________

954 500 1328 622 ACTA
1423 501 2081 628 AUCTORE
2167 507 2878 635 ANONYMO

1377 714 1523 781 Nisi
1577 715 1747 782 forte
1799 715 1884 782 sit

1934 716 2450 808 Metaphrastes.

594 855 676 911 Ex
702 853 906 910 codice
938 870 1050 912 ms.
1079 856 1423 914 monasterii
1463 857 1656 914 Sancti
1693 857 2054 925 Salvatoriis,
2087 862 2310 920 ordinis
2338 867 2392 921 S.
2427 865 2622 923 Basilii
2662 882 2848 939 prope
2873 871 3222 924 Messanam.

306 1152 385 1210 A'.
427 1153 592 1216 Οὗτος
645 1156 670 1206 6
727 1155 869 1227 ἅγιος
919 1157 1226 1232 ίερομάρτυς
1282 1162 1530 1230 Στέφανος
1586 1155 1900 1230 ὑπῆρχενΑ

231 1240 336 1294 ἀπό
387 1242 578 1303 πόλεως
624 1249 842 1306 Νικαίας
883 1261 897 1275 ⁹
930 1251 1315 1321 κατερχομένου
1369 1244 1426 1299 δε
1477 1244 1683 1300 Παύλου
1733 1252 1824 1298 τοῦ

230 1328 523 1383 ἀποστολου
567 1334 615 1384 ἓν
668 1340 728 1405 τῇ
768 1333 960 1408 Ῥώμῃ,
1008 1335 1458 1394 συνηκολούθησεν
1508 1335 1648 1406 αύτῷ
1691 1335 1825 1405 ἄχρι

228 1419 424 1483 πόλεως
457 1418 668 1492 Ῥηγίου
719 1430 814 1485 τῆς
867 1423 1178 1499 Καλαϐρίας.
1235 1427 1410 1499 Εὓρὼν
1454 1427 1480 1478 6
1513 1423 1826 1483 Ἀπόστολος

227 1512 326 1566 τήν
382 1508 528 1561 πόλιν
585 1507 745 1564 οὖσαν
796 1511 1130 1580 κατείδωλον,
1186 1513 1427 1587 ἐκήρυξεν
1467 1513 1514 1566 ἓν
1565 1513 1694 1585 αὐτῇ
1743 1511 1825 1564 λό-

226 1616 322 1668 γον
353 1603 566 1672 Κυρίου,
621 1605 710 1652 καὶ
760 1603 933 1676 ὥσπερ
985 1603 1156 1674 ἀγαθή
1189 1607 1276 1655 τόν
1322 1608 1512 1676 σπόρον
1558 1599 1820 1674 δεχομένη

227 1692 315 1740 νάὶ
346 1687 778 1756 ἱκατοστεύουσα,
813 1692 973 1753 οὕτως
1025 1695 1073 1746 οἱ
1123 1692 1172 1745 ἐν
1222 1693 1354 1766 αύτῇ
1401 1697 1486 1746 τόν
1515 1691 1666 1764 λόγον
1715 1686 1823 1743 ἐδέ-

231 1775 384 1838 ξαντο
417 1794 428 1806 ⁸
460 1783 776 1850 κατηχήσας
819 1780 970 1843 οὗτος
1012 1781 1201 1845 αὐτοὺς
1248 1784 1273 1834 6
1325 1781 1545 1846 Παῦλος,
1599 1784 1686 1833 καὶ
1727 1779 1824 1854 βα-

227 1870 426 1928 πτίσας
464 1866 736 1929 πλείστους
785 1869 850 1930 εἰς
890 1873 947 1922 τό
993 1875 1151 1944 ὄνομα
1194 1879 1284 1924 τοῦ
1339 1873 1561 1943 Πατρός,
1603 1875 1692 1923 καὶ
1731 1877 1824 1922 τοῦ

228 1956 376 2019 Υἱοῦ,
426 1959 514 2007 καὶ
576 1964 665 2009 τοῦ
714 1957 866 2028 ἁγίου
916 1962 1229 2032 Πνεύματος,
1278 1961 1604 2036 προχειρίζει.
1653 1959 1823 2020 αὐτοῖς

232 2041 650 2117 ἀρχιεπίσκοπον
705 2051 972 2119 Στέφανον.
1033 2049 1126 2112 ⁸ος
1182 2051 1350 2112 καλῶς
1409 2052 1662 2122 ποιμάνας
1728 2053 1822 2107 τὴν

229 2131 662 2203 ἐμπιστευθεῖσαν
715 2136 854 2207 αὐτῷ
907 2143 1154 2211 ποίμνην,
1204 2139 1423 2201 πολλοὺς
1474 2148 1544 2210 τῷ
1602 2139 1824 2210 ἑσπερίῳ

225 2225 418 2293 (μέρει)
469 2223 783 2295 ὑπέστρεψεν
869 2226 942 2289 εἰς
1019 2232 1114 2286 τὴν
1195 2236 1287 2281 τοῦ
1354 2236 1588 2301 Χριστοῦ
1643 2233 1823 2280 πίστιν

225 2315 337 2370 ταῖς
396 2310 552 2364 αὑτοῦ
604 2309 1003 2378 διδασκαλίαις.
1064 2318 1353 2390 Διατρίψας
1407 2319 1494 2370 οὖν
1552 2317 1599 2370 έν
1656 2320 1818 2390 ταύτῃ

226 2405 289 2470 τῇ
356 2399 498 2452 πόλει
546 2401 676 2454 ἐπτά
725 2408 816 2455 καὶ
865 2401 992 2457 δέκα
1037 2405 1322 2471 ἐνιαυτούς,
1373 2411 1462 2459 καὶ
1510 2407 1823 2466 ἐπισκόπους

1999 1160 2042 1214 Ι.
2077 1161 2326 1217 Sanctus
2351 1162 2448 1219 hic
2480 1168 2705 1236 martyr
2736 1165 3091 1236 Stephanus,
3123 1165 3356 1220 civitate
3394 1165 3592 1220 Nicaea

1932 1251 2116 1316 ortus,
2161 1265 2297 1304 cum
2336 1251 2556 1307 Paulus
2593 1252 2895 1323 apostolus
2947 1253 3424 1324 proﬁcisceretur
3478 1256 3587 1308 Ro-

1932 1349 2118 1401 mam,
2170 1337 2365 1408 ipsnm
2425 1339 2739 1396 comitatus
2794 1340 2902 1396 fuit
2946 1356 3137 1412 usque
3176 1341 3248 1396 ad
3293 1341 3585 1397 civitatem

1934 1422 2226 1495 Rhegium
2258 1426 2554 1483 Calabriae.
2590 1429 2898 1484 lnveniens
2929 1433 3126 1484 autem
3159 1427 3478 1500 Apostolus
3509 1428 3588 1483 ci-

1933 1516 2172 1568 vitatem
2224 1513 2401 1581 illam,
2457 1521 2645 1572 totam
2690 1516 3084 1583 idololatram,
3118 1516 3466 1589 praadicavit
3504 1515 3582 1572 ibi

1932 1599 2179 1656 verbum
2209 1602 2310 1658 Dei
2340 1624 2352 1662 :
2387 1607 2443 1659 et
2467 1605 2978 1676 quemadmodum
3004 1605 3166 1662 bona
3197 1609 3350 1660 terra
3377 1619 3582 1660 semen

1929 1689 2138 1761 recipit
2165 1691 2636 1766 multiplicatque
2662 1693 3028 1766 centuplum,
3052 1694 3134 1749 ita
3154 1691 3585 1766 incolasicivita-

1933 1777 2004 1833 tis
2045 1779 2292 1836 verbum
2327 1787 2694 1853 receperunt.
2741 1783 2970 1838 Interea
3009 1783 3379 1838 catechizans
3424 1781 3583 1853 ipsos

1931 1868 2168 1934 Paulus,
2219 1869 2541 1942 baptizavit
2583 1870 2871 1942 plurimos
2904 1873 2965 1926 in
3009 1870 3251 1926 nomine
3295 1869 3480 1926 Patris
3527 1873 3584 1926 et

1932 1957 2058 2012 Filii
2107 1962 2162 2013 et
2189 1957 2434 2030 Spiritus
2466 1958 2692 2025 sancti;
2727 1963 2903 2031 atque
2938 1959 3235 2015 ordinavit
3270 1958 3353 2014 ibi
3394 1957 3581 2014 archi-

1930 2045 2282 2118 episcopum
2312 2047 2697 2119 Stephanum,
2721 2048 2815 2118 qui
2843 2053 2998 2104 recte
3023 2062 3274 2120 pascens
3298 2045 3576 2102 commis-

1931 2152 2061 2190 sum
2096 2135 2205 2190 sibi
2233 2151 2493 2206 gregem,
2539 2137 2752 2192 multos
2781 2137 2842 2193 in
2881 2135 3348 2192 occidentalibus
3365 2134 3577 2206 plagis,

1928 2225 2213 2279 convertit
2249 2224 2518 2281 doctrina
2551 2242 2660 2282 sua
2683 2225 2760 2283 ad
2785 2225 2967 2281 ﬁdem
3000 2225 3229 2282 Christi.
3262 2227 3578 2295 Postquam

1931 2311 2108 2383 igitur
2133 2313 2551 2384 septemdecim
2575 2329 2762 2369 annos
2799 2314 2878 2370 ibi
2906 2314 3210 2384 exegisset,
3244 2313 3581 2383 episcopos-

1930 2415 2047 2472 que
2072 2406 2126 2455 et
2159 2402 2532 2473 presbyteros
2563 2407 2979 2466 consecrasset,
2997 2408 3170 2472 atque
3198 2400 3451 2456 Ecclesia
3476 2415 3582 2470 per

228 2492 317 2539 καὶ
370 2488 746 2563 πρεσϐυτέρους
793 2499 1186 2564 χειροτονήσας,
1238 2501 1328 2548 καὶ
1373 2493 1467 2556 τῆς
1512 2495 1821 2557 Ἐκκλησίας

1931 2489 2027 2544 Dei
2060 2489 2312 2558 gratiam
2344 2490 2652 2562 perampla
2683 2496 2835 2547 esset
2867 2508 2880 2546 :
2917 2495 3080 2546 mota
3110 2489 3219 2544 fuit
3249 2487 3577 2561 persecutio

230 2583 362 2629 Θεοῦ
393 2581 580 2652 χάριτι
606 2580 980 2653 μεγαλυνθείση
993 2605 1033 2650 ς,
1067 2583 1276 2643 ἐκινήθη
1308 2581 1542 2657 διωγμὸς
1566 2587 1701 2637 κατά
1721 2592 1820 2636 τῶν

227 2672 574 2739 Χριστιανῶν.

299 2754 366 2809 Β’.
411 2757 704 2832 Ἐκρατήθη
778 2761 877 2812 ύπό
959 2760 1178 2834 Ἱέρακος
1245 2765 1493 2834 ἡγεμόνος
1560 2765 1585 2815 6
1642 2762 1820 2834 Ἀγιος

224 2849 528 2918 προσαίτιος
585 2854 673 2898 τοῦ
728 2855 1170 2920 Χριστιανισμοῦ,
1231 2855 1321 2903 καὶ⁵
1369 2852 1675 2920 ἠναγκάσθη
1733 2850 1821 2923 ἀρ-

222 2935 492 2989 νήσασθαι
521 2937 606 2986 τόν
635 2939 884 3009 Χριστόν,
912 2942 1003 2987 καὶ
1038 2939 1198 2989 θῦσαι
1225 2944 1335 2998 τοῖς
1366 2935 1602 3000 εἰδώλοις
1631 2953 1644 2968 ⁸
1679 2937 1732 3000 ὃς
1763 2935 1822 2991 δὲ

228 3019 322 3071 οῦκ
377 3022 651 3093 ἠνέσχετο,
705 3023 830 3075 ἀλλά
881 3023 1068 3095 μᾶλλον
1125 3023 1397 3100 παρῥησίᾳ
1448 3029 1534 3076 τόν
1593 3028 1820 3100 Χριστόν

228 3109 578 3181 ὁμολογήσας,
631 3116 760 3164 Θεὸν
809 3116 933 3165 ὄντα
983 3119 1072 3166 καὶ
1117 3119 1345 3172 Ποιητήν
1385 3116 1587 3168 πάντων
1621 3131 1633 3144 ⁶
1667 3116 1733 3166 τὰ
1764 3110 1822 3166 δε

225 3195 434 3264 εἴδωλα,
488 3200 616 3262 ξύλα
685 3206 775 3254 καὶ
840 3201 1012 3263 λίθους
1078 3201 1388 3269 ἀναίσθητα,
1449 3206 1576 3278 ἔργα
1625 3210 1820 3277 χειρῶν

225 3285 524 3359 ἀνθρώπων,
575 3297 666 3341 τοῦ
727 3285 976 3342 διαϐόλου
1026 3291 1378 3363 ἐφευρήματα.
1435 3295 1522 3344 Διό
1570 3294 1819 3343 τύπτεται

227 3373 450 3449 ἀφειδῶς
488 3379 606 3449 (σὺν
656 3387 729 3448 τῷ
776 3385 980 3453 Σουηρᾷ
1027 3380 1317 3452 ἐπισκόπῳ)
1371 3385 1453 3431 καὶ
1506 3379 1668 3440 λίθοις
1724 3380 1819 3440 τὰς

226 3464 368 3536 ὄψεις
413 3468 749 3530 συνθλῶνται,
805 3473 894 3520 καὶ
953 3469 1019 3529 εἰς
1063 3471 1278 3541 κάμινον
1329 3473 1486 3542 πυρός
1545 3468 1810 3540 ἐμϐληθέν·

225 3573 323 3618 τες,
383 3553 589 3618 ἐξῆλθον
658 3555 892 3617 ἀϐλαϐεῖς
961 3575 974 3586 ·
1035 3559 1147 3610 ὅθεν
1212 3558 1445 3610 πλεῖστοι
1503 3557 1814 3610 ἐπίστευσαν

222 3652 294 3714 τῷ
349 3653 576 3716 Χριστῷ,
636 3651 745 3712 καὶ,
805 3650 980 3718 Μέγας
1036 3648 1061 3699 ὁ
1111 3650 1260 3713 Θεὸς,
1318 3647 1624 3712 ἀνεϐόησαν,
1658 3649 1814 3700 ὁύπό

224 3736 495 3805 Στεφάνου,
549 3739 638 3786 καὶ
694 3742 898 3808 Σουηρᾶ
947 3745 1046 3788 τῶν
1085 3735 1370 3811 ἀρχιερέων
1417 3741 1812 3809 κηρυττόμενος.

225 3820 306 3874 Ἐν
337 3823 409 3881 οἷς
455 3823 698 3895 ὑπῆρχον
745 3829 988 3894 γυναῖκες
1027 3829 1232 3896 σεμναὶ,
1274 3823 1477 3895 Ἀγνῆς,
1534 3825 1814 3888 Φιλικητάς
1843 3841 1887 3900 C

226 3911 337 3979 (καὶ
406 3911 721 3982 Περπετούα)
787 3917 1317 3986 προσαγορευόμεναι,
1380 3916 1669 3988 μαθήτριαι
1719 3933 1811 3967 του

223 3999 371 4050 ὁσίου
385 4001 632 4070 Στεφάνου
645 3999 1184 4076 ύπάρχουσαι,παῤῥη
1195 4003 1507 4075 σιασάμεναι
1524 4005 1810 4077 ἔμπροσθεν

224 4092 418 4138 στᾶσαι
464 4086 685 4161 Ἱέρακος
732 4089 998 4160 ἡγεμόνος,
1048 4091 1391 4162 ὡμολόγησαν
1441 4095 1499 4144 τό
1531 4096 1690 4164 ὄνομα
1721 4099 1812 4144 τοῦ

221 4182 474 4246 Χριστοῦ,
509 4180 636 4230 Θεὸν
664 4176 902 4236 ἀληθινόν
932 4184 1022 4232 καὶ
1057 4184 1282 4239 Ποιητην
1310 4182 1514 4234 πάντων
1552 4179 1813 4253 ἀνακηρύ-

221 4263 399 4326 ξασαι.

292 4352 364 4405 Γὀ
405 4359 532 4407 Τότε
593 4357 758 4428 θυμοῦ
811 4356 1082 4418 πλησθεὶς.
1142 4356 1402 4408 ἕκέλευσεν
1455 4357 1618 4418 αύτὰς
1679 4357 1812 4429 ξίφει

222 4440 590 4514 ἀποτμηθῆναι
644 4444 754 4516 ἅμα
811 4445 1044 4515 Στέφάνῳ
1100 4449 1188 4495 καὶ
1259 4451 1463 4516 Σουηρᾷ
1509 4453 1616 4506 τοῖς
1679 4443 1814 4519 ἀρχ-

225 4538 465 4604 ιερεῦσιν.
531 4531 607 4582 Οὔ
666 4537 956 4604 γινομένου,
1017 4537 1317 4606 παραυτίκα
1373 4530 1646 4586 ἀπέδωκαν
1724 4537 1812 4594 τὰς

225 4619 379 4690 ἀγίας
423 4619 590 4671 αὐτῶν
637 4620 824 4692 ψυχας
871 4629 942 4689 τῷ
996 4625 1193 4694 Κυρίῳ,
1241 4621 1676 4694 εὐχαριστοῦντες
1727 4628 1811 4676 καὶ

226 4705 617 4779 ἀγαλλιώμενοι,
649 4710 730 4762 ὃτι
760 4709 1061 4774 ἠξιώθησαν
1091 4711 1217 4785 ὑπὲρ
1244 4718 1479 4784 Χριστοῦ
1515 4711 1807 4769 ἀποθανεῖν.

222 4800 292 4850 T6
324 4792 384 4850 δε
413 4801 584 4869 τίμιον
629 4806 782 4870 σῶμα
819 4805 908 4852 τοῦ
955 4799 1104 4853 ὁσίου
1151 4801 1510 4874 ίερομάρτυρος
1541 4803 1809 4874 Στεφάνου,

223 4885 309 4939 ὑπ’
337 4881 542 4959 ἀνδρῶν
573 4885 794 4940 εὐσεϐῶν
842 4887 972 4960 ἀωρὶ
1010 4895 1105 4950 τῆς
1149 4892 1332 4950 νυκτός
1377 4892 1627 4962 κομισθὲν
1659 4891 1708 4943 ἐν
1739 4899 1810 4963 τῷ

221 4979 431 5046 νοτιαίῳ
457 4978 599 5048 μέρει
622 4983 715 5039 τῆς
740 4976 904 5040 αὐτῆς
932 4977 1144 5044 πόλεως,
1165 4979 1406 5036 κατετέθη
1435 4981 1483 5032 ἓν
1508 4987 1580 5050 τῷ
1600 4980 1811 5052 ἡσυχα-

225 5072 387 5134 στικῷ
405 5063 562 5116 αὐτοῦ
589 5064 865 5138 εύκτηρίῳ,
896 5069 965 5127 ὡς
987 5065 1086 5118 ἀπὸ
1111 5072 1329 5131 σημείου
1357 5067 1464 5130 ἐνὸς
1484 5075 1574 5129 τῆς
1600 5068 1806 5136 πόλεως,

221 5151 468 5213 πλείστας
501 5153 661 5214 ἰάσεις
692 5153 969 5209 ἐπιτελοῦν,
998 5157 1074 5208 Τά
1117 5151 1175 5208 δε
1203 5164 1303 5209 τῶν
1345 5155 1533 5209 λοιπῶν
1559 5156 1718 5228 ἁγίων
1745 5159 1810 5210 τὰ
1839 5189 1886 5247 D

225 5247 463 5313 σώματα,
546 5249 748 5316 Σουηρᾱ
813 5243 1124 5308 ἐπισκόπου,
1203 5252 1388 5315 σεμνῆς
1451 5244 1640 5316 ’Δγνῆς
1710 5238 1809 5300 ’καὶ

223 5328 568 5392 Φιλικητάτης
636 5331 744 5401 (καὶ
805 5331 1166 5406 Περπετούας),
1226 5333 1345 5384 ἔνθα
1405 5331 1803 5405 ἀπετμήθησαν,

223 5419 320 5470 ύπό
371 5427 571 5472 πιστῶν
634 5421 1002 5488 κατετέθησαν,
1073 5421 1198 5496 ὑπερ
1266 5428 1358 5474 τοῦ
1431 5426 1630 5495 κόσμου
1687 5443 1806 5498 πρε-

227 5504 509 5570 σϐεύοντες.

1930 2583 2136 2634 contra
2163 2579 2544 2635 Christianos.

2000 2755 2066 2810 ΙΙ.
2100 2757 2164 2811 In
2192 2755 2295 2812 illa
2321 2759 2518 2812 autem
2551 2755 3020 2827 comprehensus
3047 2754 3125 2811 ab
3168 2754 3406 2811 Hierace
3427 2769 3572 2826 prae-

1931 2845 2055 2899 side
2097 2844 2154 2899 S.
2189 2845 2545 2916 Stephanus,
2578 2851 2862 2917 tanquam
2886 2849 3092 2900 auctor
3123 2842 3574 2908 Christianismi,

1930 2935 2174 2986 coactus
2217 2931 2323 2987 fuit
2353 2947 2567 3004 negare
2599 2934 2892 2988 Christum
2946 2937 3001 2988 et
3033 2932 3365 2988 sacriﬁcare
3397 2930 3572 2986 idolis

1931 3019 2101 3084 Quod
2163 3019 2258 3074 ille
2302 3035 2423 3076 non
2493 3021 2810 3086 sustinens,
2873 3021 3070 3092 potius
3135 3018 3442 3075 confessus
3490 3023 3575 3074 est

1932 3107 2212 3163 Christum
2255 3111 2436 3164 Deum
2463 3125 2590 3165 esse
2617 3114 2672 3165 et
2710 3113 3036 3166 creatorem
3081 3109 3350 3164 omnium
3375 3124 3388 3176 ;
3413 3107 3573 3163 idola

1928 3211 2072 3252 vero
2109 3211 2240 3251 esse
2268 3197 2427 3265 ligna
2473 3203 2527 3252 et
2562 3197 2811 3269 lapides,
2855 3213 3032 3254 sensu
3070 3198 3353 3263 carentia,
3395 3212 3576 3267 opera

1927 3300 2222 3340 manuum
2250 3284 2586 3353 hominum,
2615 3290 2670 3340 et
2707 3285 2929 3340 diaboli
2968 3285 3224 3339 inventa.
3269 3285 3411 3339 Hinc
3449 3283 3575 3338 sine

1925 3374 2257 3429 cessatione
2281 3373 2622 3429 verberatur
2653 3389 2773 3429 una
2799 3389 2933 3428 cum
2973 3373 3252 3444 episcopo
3295 3373 3492 3436 Suera,
3520 3376 3577 3427 et

1925 3461 2105 3518 facies
2127 3478 2334 3518 eorum
2356 3461 2659 3534 lapidibus
2681 3467 3084 3529 conteruntur,
3109 3467 3165 3517 et
3196 3461 3255 3515 in
3271 3459 3577 3516 caminum

1924 3549 2078 3620 ignis
2116 3549 2333 3621 injecti,
2382 3549 2519 3605 inde
2562 3549 2830 3606 exierunt
2871 3549 3056 3606 illaesi.
3113 3551 3240 3615 Quo
3291 3547 3577 3604 miraculo

1926 3638 2166 3710 plurimi
2217 3639 2595 3695 crediderunt
2634 3640 2693 3695 in
2748 3639 3063 3706 Christum,
3123 3637 3572 3694 exclamantes:

1924 3730 2168 3797 Magnus
2217 3733 2305 3784 est
2331 3728 2508 3793 Deus,
2552 3743 2731 3799 quem
2779 3727 3114 3798 Stephanus
3143 3733 3198 3781 et
3238 3728 3421 3782 Suera
3458 3725 3577 3796 epi-

1923 3817 2088 3888 scopi
2126 3815 2470 3888 praedicant.
2505 3819 2652 3872 Inter
2680 3816 2792 3871 hos
2823 3830 3063 3888 quoque
3107 3817 3277 3870 erant
3314 3813 3575 3869 honestas

1919 3906 2177 3974 feminae,
2209 3907 2404 3978 Agnes
2435 3909 2492 3961 et
2519 3904 2785 3960 Felicitas
2823 3911 2878 3959 et
2917 3906 3201 3976 Perpetua
3252 3901 3574 3958 nominatas

1920 3994 2232 4067 discipulae
2256 3994 2445 4050 sancti
2467 3993 2780 4064 Stephani;
2802 4008 2936 4064 qua:
2956 3991 3142 4048 libera
3161 4007 3326 4055 voce,
3352 3995 3576 4046 stantes

1922 4100 2123 4139 coram
2146 4084 2380 4138 Hierace
2400 4082 2671 4154 praeside,
2695 4081 2980 4136 confessas
3003 4085 3139 4135 sunt
3164 4095 3383 4135 nomen
3416 4079 3576 4136 Chri-

1922 4171 2015 4237 sti,
2043 4172 2244 4240 ipsum
2278 4172 2463 4225 Deum
2498 4185 2700 4226 verum
2725 4174 2781 4224 et
2800 4169 3105 4225 Factorem
3132 4169 3402 4224 omnium
3429 4183 3574 4240 prte-

1921 4258 2208 4314 dicantes.

1993 4358 2084 4412 Ill.
2138 4357 2300 4410 Tunc
2349 4369 2588 4427 praeses,
2645 4353 2957 4411 iracundia
3011 4353 3242 4426 plenus,
3296 4353 3576 4426 praecepit

1921 4447 2065 4517 ipsis
2109 4444 2308 4514 gladio
2353 4443 2649 4514 amputari
2689 4448 2885 4514 caput,
2925 4443 3006 4498 uti
3065 4447 3120 4497 et
3175 4441 3476 4514 Stephano
3519 4446 3575 4498 et

1923 4535 2121 4590 Suerse
2151 4533 2469 4605 episcopis.
2512 4534 2640 4598 Quo
2698 4531 2874 4597 facto,
2917 4531 3306 4587 reddiderunt
3341 4537 3575 4587 sanctas

1923 4624 2155 4680 animas
2187 4638 2328 4678 suas
2374 4621 2644 4691 Domino,
2674 4620 2894 4692 gratias
2924 4623 3168 4690 agentes
3193 4625 3250 4676 et
3279 4619 3576 4676 exsultan-

1921 4717 2026 4778 tes,
2058 4712 2220 4785 quod
2253 4711 2418 4780 digni
2454 4710 2670 4766 fuerint
2707 4724 2816 4782 pro
2859 4708 3092 4764 Christo
3120 4708 3293 4765 mori.
3324 4710 3572 4764 Venera-

1920 4800 2036 4858 bile
2066 4806 2265 4858 autem
2296 4799 2480 4856 sancti
2503 4797 2787 4871 Stephani
2811 4811 3028 4869 corpus
3055 4811 3090 4852 a
3115 4797 3256 4852 viris
3280 4795 3572 4866 religiosis

1920 4893 2092 4946 nocte
2146 4888 2504 4960 intempesta
2545 4887 2924 4960 deportatum
2982 4883 3090 4942 fuit
3137 4884 3197 4940 in
3249 4883 3570 4942 australem

1919 4984 2150 5052 partem
2190 4977 2461 5049 ejusdem
2489 4975 2759 5042 civitatis,
2793 4989 2865 5030 ac
2885 4971 3220 5046 depositum
3250 4972 3310 5028 in
3343 4976 3572 5031 secreto

1919 5069 2048 5139 ejus
2079 5067 2356 5131 oratorio,
2389 5065 2553 5138 quod
2582 5064 2810 5121 circiter
2835 5061 3072 5118 milliari
3102 5077 3222 5117 uno
3261 5076 3297 5116 a
3338 5061 3572 5118 civitate

1922 5158 2111 5220 abest,
2161 5155 2452 5227 plurimas
2489 5169 2746 5226 operans
2789 5151 3143 5207 curationes.
3186 5148 3568 5222 Reliquorum

1851 5238 1880 5298 ῗ
1918 5261 2058 5301 vero
2080 5249 2420 5300 sanctorum
2437 5257 2690 5314 corpora
2719 5243 2913 5297 Sueras
2947 5239 3234 5311 episcopi,
3265 5238 3572 5296 venerabi-

1914 5333 1987 5390 lis
2014 5333 2272 5404 Agnetis,
2307 5331 2614 5388 Felicitatis
2653 5335 2710 5386 et
2743 5329 3069 5401 Perpetuus,
3107 5328 3187 5384 ibi
3226 5345 3263 5385 a
3289 5327 3569 5384 ﬁdelibus

1914 5421 2183 5496 deposita
2207 5420 2388 5486 fuere,
2417 5419 2521 5478 ubi
2542 5419 2946 5477 occubuerant
2973 5433 2990 5487 ;
3015 5433 3125 5491 pro
3151 5416 3380 5475 mundo
3398 5416 3574 5473 inter-

1915 5511 2215 5570 cedentes.
