4114 6262
594 298 697 357 319
1968 290 2225 348 MENSIS
2265 287 2531 348 JULIUS.
3880 285 4007 343 320

1112 549 1304 667 DE
1417 544 2013 665 SANtlTlS
2099 541 2384 659 XLV
2477 535 3418 657 MARTYRIBUS

1965 753 2287 812 NICOPOLI
2318 755 2386 809 IN
2420 752 2735 807 ARMENIA

1395 929 2419 1026 COMMENTARIUS
2535 926 3129 1021 PRfEVIUS

1752 1140 1903 1199 (Acta
1938 1136 2022 1187 SS.
2082 1134 2342 1195 Bolland',
2378 1134 2481 1184 Mai
2542 1133 2625 1183 die
2662 1134 2760 1195 10.)

606 411 4006 438 _________________________________

656 1426 702 1478 1.
727 1421 1020 1492 Nicopolis
1042 1420 1096 1473 in
1124 1417 1503 1481 Armenia,ab
1520 1416 1648 1471 aliis
1664 1414 1936 1486 pluribus
1958 1413 2227 1483 ejusdem
2244 1410 2507 1467 nominis
2526 1408 2860 1465 civitatibus
2880 1408 3181 1465 additione
3197 1408 3375 1480 hujus
3396 1408 3738 1480 provincias
3760 1405 3981 1462 distin-

584 1518 697 1577 cta,
732 1529 766 1567 a
797 1516 1074 1581 Pompeio
1107 1514 1314 1579 Magno
1346 1506 1585 1562 condita
1615 1505 1693 1560 ob
1726 1504 2110 1559 Mithridatem
2144 1503 2223 1557 ibi
2253 1501 2639 1564 debellatum,
2670 1506 2911 1554 auctore
2936 1499 3120 1554 Dione
3152 1501 3374 1564 Cassio,
3408 1498 3509 1555 lib.
3548 1516 3735 1553 xxxv:
3774 1498 3979 1553 Histo-

582 1603 806 1657 riarum
835 1603 1255 1663 Romanorum,
1290 1596 1507 1652 exstitit
1527 1594 1997 1650 clarissimorum
2020 1595 2355 1662 martyrum
2385 1592 2512 1645 XLV
2542 1588 3197 1659 paltestra,constantia3
3225 1605 3432 1644 eorum
3458 1587 3627 1643 testis
3651 1592 3709 1642 et
3739 1591 3978 1658 specta-

582 1690 710 1750 trix,
742 1704 807 1743 ac
825 1686 1024 1757 gloriae
1052 1688 1343 1741 theatrum
1369 1701 1381 1748 ;
1416 1684 1622 1739 civitas
1647 1698 1789 1738 sane
1822 1688 1945 1737 tum
1973 1680 2190 1749 insigni
2222 1680 2333 1734 hoc
2367 1677 2669 1749 triumpho
2696 1677 3070 1742 nobilis,tum
3102 1678 3346 1733 miriﬁce
3372 1676 3697 1750 praedicari
3728 1676 3971 1739 merita,

581 1776 745 1847 quod
769 1775 1135 1845 temporibus
1157 1774 1414 1828 Valentis
1434 1771 1806 1843 imperatoris
1826 1772 2181 1826 inconcussa
2200 1768 2419 1822 steterit
2448 1766 2735 1821 adversus
2760 1767 3105 1821 Arianorum
3128 1767 3517 1838 procellas,ut
3540 1765 3828 1838 pluribus
3848 1780 3975 1819 me-

581 1864 747 1919 minit
780 1864 838 1918 S.
872 1862 1123 1918 Basilius
1154 1862 1215 1917 in
1242 1861 1474 1930 epistol.
1506 1860 1710 1926 addit.,
1736 1860 1883 1915 sicut
1908 1859 2099 1928 signat
2128 1856 2411 1912 Baronius
2440 1856 2498 1909 in
2529 1854 2936 1911 notationibus
2957 1856 3070 1921 hic,
3102 1861 3152 1920 6,
3178 1857 3232 1923 9,
3267 1858 3354 1921 10,
3385 1858 3536 1922 il,et
3566 1857 3629 1910 l2
3663 1854 3814 1909 edit.
3851 1857 3969 1909 Ναί

579 1952 1105 2008 celebratissimam
1129 1966 1265 2006 vero
1285 1958 1629 2006 sanctorum
1650 1954 1981 2020 martyrum
2014 1946 2369 2004 memoriam
2406 1943 2584 2001 fuisse
2611 1944 2672 2000 in
2703 1945 2886 2001 sacris
2928 1944 3163 2011 tabulis,
3185 1945 3427 2001 abunde
3455 1944 3765 2000 constabit
3796 1959 3874 1999 ex
3898 1944 3968 1997 iis

582 2057 715 2112 quae
749 2040 821 2094 de
848 2056 1053 2094 eorum
1085 2040 1247 2094 cultu
1279 2039 1708 2094 subnectimus.

648 2128 701 2181 2.
727 2127 1121 2196 Menologium
1158 2126 1539 2192 Basilianum,
1566 2126 1642 2181 ad
1671 2125 1892 2181 calcem
1924 2124 2062 2180 tomi
2093 2124 2265 2196 primi
2298 2124 2477 2194 hujus
2504 2124 2725 2179 mensis
2750 2127 2879 2196 post
2912 2124 3431 2180 annuntiationem
3460 2141 3471 2179 :
3497 2123 3720 2180 Eodem
3744 2139 3967 2179 mense

583 2215 759 2287 (Julio
783 2215 876 2270 die
906 2216 985 2284 ι),
1010 2215 1210 2287 passio
1245 2222 1587 2271 sanctorum
1606 2215 1745 2269 XLV
1777 2220 2129 2285 martyrum,
2171 2213 2274 2285 qui
2301 2212 2361 2267 in
2389 2212 2645 2284 Nicopoli
2674 2214 2957 2284 martyrio
2982 2213 3178 2269 affecti
3201 2218 3357 2277 sunt,
3382 2234 3409 2266 »
3442 2215 3523 2269 ita
3548 2214 3621 2267 de
3658 2212 3779 2268 illis
3809 2228 3968 2283 pra:-

584 2304 778 2359 dicat:
814 2326 840 2353 ‹‹
869 2305 1272 2371 Quadraginta
1293 2304 1561 2376 quinque
1585 2302 1788 2357 Christi
1813 2308 2101 2372 martyres
2133 2303 2405 2356 vixerunt
2436 2301 2547 2356 sub
2571 2317 2754 2371 regno
2786 2302 2983 2357 Licinii
3010 2308 3064 2357 et
3089 2302 3438 2373 praefectura
3472 2302 3966 2373 Lysiae,quorum

584 2392 883 2465 principes
910 2392 1068 2447 fuere
1096 2393 1387 2456 Leontius,
1433 2392 1753 2454 Mauritius,
1786 2390 1983 2446 Daniel
2009 2396 2064 2446 et
2106 2391 2422 2448 Antonius.
2468 2391 2896 2462 Comprehensi
2938 2393 3135 2463 itaque
3164 2390 3637 2446 astiteruntduci
3684 2389 3878 2461 Lysiae
3908 2391 3967 2444 in

585 2480 847 2551 Nicopoli
882 2482 1186 2545 Armeniaa,
1218 2481 1629 2552 Christumque
1653 2480 1905 2535 confessi
1932 2485 1987 2535 et
2011 2479 2171 2535 idola
2204 2480 2508 2543 exsecrati,
2529 2480 2787 2551 caesique
2815 2497 2883 2535 ac
2906 2480 3206 2551 lapidibus
3238 2495 3343 2535 ora
3368 2483 3422 2535 et
3450 2480 3659 2533 faciem
3694 2478 3965 2541 contriti,

590 2569 649 2623 in
675 2584 970 2624 carcerem
1000 2570 1262 2624 conclusi
1289 2575 1444 2634 sunt,
1480 2586 1583 2640 per
1612 2570 1739 2624 dies
1768 2568 1964 2639 plures
1996 2570 2229 2640 absque
2256 2568 2389 2624 cibo
2416 2574 2854 2640 permanentes.
2893 2569 3114 2634 Milites,
3148 2585 3354 2624 eorum
3388 2569 3790 2623 constantiam
3820 2584 3967 2623 con-

594 2657 824 2727 spicati,
858 2657 1085 2711 Christo
1113 2657 1737 2712 crediderunt.Deinde
1760 2673 1789 2711 e
1812 2672 2045 2712 carcere
2072 2657 2259 2726 ejecti,
2286 2662 2341 2712 et
2365 2672 2536 2712 crura
2570 2657 2877 2711 securibus
2907 2658 3175 2722 abscissi,
3199 2658 3259 2713 hi
3282 2657 3525 2729 quidem
3551 2657 3677 2727 jam
3708 2656 3959 2717 mortui,

590 2745 674 2800 illi
700 2750 897 2799 autem
929 2745 1126 2801 adhuc
1158 2746 1466 2815 spirantes,
1508 2747 1567 2801 in
1609 2745 1911 2801 caminum
1944 2745 2097 2814 ignis
2135 2746 2353 2814 injecti.
2388 2762 2629 2801 cursum
2661 2753 3174 2813 consummarunt,
3214 2748 3581 2818 accipientes
3615 2745 3947 2799 immortale

584 2848 852 2903 regnum,
887 2834 1045 2904 quod
1078 2839 1351 2904 paratum
1376 2834 1520 2904 ipsis
1547 2834 1651 2889 fuit
1678 2852 1710 2888 a
1742 2834 1964 2889 Christo
1984 2838 2119 2888 ante
2138 2834 2345 2889 mundi
2370 2834 2867 2890 constitutionem.
2896 2856 2922 2884 »
2956 2837 3103 2891 Alibi
3129 2837 3347 2907 saepius
3374 2837 3591 2892 horum
3624 2840 3939 2905 martyrum

587 2920 832 2976 recurrit
864 2922 1151 2977 memoria
1181 2923 1238 2977 in
1260 2921 1474 2978 Graecis
1505 2922 1768 2986 fastis,ac
1798 2924 2151 2992 plerumque
2172 2939 2311 2977 cum
2336 2939 2519 2994 parvo
2539 2924 3036 2994 elogio,videlicet
3056 2926 3113 2979 in
3138 2926 3369 2980 Menaeis
3396 2925 3703 2996 impressis
3717 2938 3937 2977 eorum-

588 3008 987 3080 queindiceet
1033 3009 1349 3079 Horologio
1383 3012 1755 3075 Graecorum;
1790 3011 1928 3064 item
1965 3011 2022 3063 in
2057 3011 2483 3081 Supplemento
2526 3012 2602 3066 ad
2642 3015 2855 3067 Mentea
2899 3030 2967 3067 ex
3010 3013 3341 3085 Synaxario
3386 3012 3691 3068 Sirmondi
3734 3017 3791 3065 et
3835 3028 3948 3066 ms.

588 3095 876 3162 Chifﬂetii,
910 3098 965 3151 in
1000 3098 1232 3152 Menaeis
1272 3098 1644 3153 bibliothecae
1699 3098 2136 3165 Ambrosianaa,
2170 3101 2386 3154 Menmo
2424 3100 2710 3165 Chifﬂetii,
2754 3102 3081 3170 Menologio
3126 3103 3301 3158 Slavo
3334 3102 3599 3168 Russico,
3636 3100 3805 3173 quod
3842 3115 3951 3169 pro

586 3185 822 3240 Leontio
840 3185 1042 3240 scribit
1070 3187 1297 3255 Leonis,
1320 3187 1577 3241 Maximo
1600 3188 1982 3258 Cythetorum
2002 3189 2315 3259 episcopo;
2337 3188 2557 3259 quibus
2584 3189 2721 3243 addi
2742 3196 2933 3260 potest
2954 3208 3062 3245 ms.
3094 3208 3163 3246 ex
3185 3191 3333 3245 libro
3355 3191 3573 3261 linguae
3592 3189 3860 3245 Arabicae
3878 3192 3945 3243 de

585 3273 697 3329 vita
730 3272 1147 3329 nonnullorum
1171 3280 1515 3330 sanctorum
1542 3275 1826 3347 Typicum
1869 3278 1923 3331 S.
1961 3275 2144 3341 Sabae,
2175 3292 2283 3330 nec
2312 3292 2431 3331 non
2466 3278 2721 3348 epitome
2752 3294 2969 3333 excusa
3027 3280 3331 3347 Menologii
3360 3296 3373 3335 :
3408 3279 3668 3350 denique
3699 3278 3949 3333 Menolo-

584 3361 746 3431 gium
784 3362 1003 3417 Sirleti:
1036 3380 1065 3417 e
1086 3379 1208 3434 quo
1234 3368 1438 3435 postea
1470 3380 1675 3418 eorum
1711 3364 1997 3419 memoria
2058 3364 2284 3417 transiit
2317 3364 2391 3419 ad
2426 3364 2909 3436 Martyrologium
2945 3369 3304 3433 Romanum,
3336 3368 3419 3423 sic
3452 3369 3581 3422 illos
3626 3367 3891 3422 referens
3935 3371 3947 3407 ε

587 3469 613 3500 ί(
644 3451 905 3521 Nicopoli
935 3450 993 3505 in
1031 3452 1325 3519 Armenia,
1369 3455 1716 3507 sanctorum
1750 3456 2080 3523 martyrum
2118 3452 2365 3516 Leontii,
2403 3454 2669 3516 Mauritii,
2710 3455 2967 3510 Danielis
2996 3462 3051 3511 et
3090 3456 3408 3521 sociorum,
3443 3458 3544 3528 qui
3572 3455 3687 3511 sub
3728 3455 3950 3511 Licinio

580 3538 935 3609 imperatore
957 3544 1011 3593 et
1032 3539 1207 3609 Lysia
1233 3540 1487 3611 preside
1516 3540 1674 3595 varie
1697 3539 2288 3603 excruciati,tandem
2311 3542 2370 3596 in
2391 3541 2590 3611 ignem
2619 3543 2888 3614 conjecti,
2921 3547 3185 3618 martyrii
3212 3562 3451 3601 cursum
3475 3545 3884 3601 confecerunt.
3920 3566 3942 3595 υ

583 3624 847 3680 Molanus
878 3627 1009 3681 illos
1042 3629 1218 3683 etiam
1249 3629 1449 3695 habet,
1485 3634 1541 3684 et
1571 3628 1918 3684 Galesinius.

648 3717 703 3768 3.
735 3716 947 3769 Menaea
984 3716 1294 3785 impressa,
1323 3718 1401 3771 uti
1428 3718 1607 3772 etiam
1630 3717 1855 3771 dictum
1897 3732 2103 3772 eorum
2146 3718 2661 3789 Supplementum,
2691 3736 2861 3777 sacro
2894 3728 3227 3794 martyrum
3258 3724 3483 3794 agmini
3515 3724 3596 3780 ita
3629 3724 3922 3781 accinunt:

1528 3820 1832 3893 Παρεμϐολή
1864 3841 1942 3882 τις
1982 3822 2160 3896 εὑρέθη
2195 3831 2425 3895 τῷνθεῷ
2455 3828 2541 3878 νέα

1534 3909 1706 3982 Τόλμῃ
1740 3909 2147 3984 παρεμϐαλοῦσα
2175 3916 2263 3963 καὶ
2291 3917 2456 3984 πυρὸς
2485 3918 2661 3985 μέσον.

1523 4004 1721 4051 κτεῖνεν
1755 3996 2050 4071 ἁρισθενέας
2075 3995 2266 4057 δεκάτη
2291 4009 2392 4075 πῦρ
2418 4002 2788 4068 Νικόπολίτας.

1520 4114 1683 4169 Nova
1714 4120 1908 4170 castra
1946 4115 2178 4171 Numen
2214 4117 2457 4173 militem
2500 4118 2724 4175 invenit
2754 4137 2968 4179 novum

1515 4186 1829 4262 Audacter
1858 4202 2068 4262 ausum
2096 4188 2334 4262 tendere
2361 4189 2423 4244 in
2455 4191 2643 4246 medio
2674 4208 2864 4262 rogos.

1513 4257 1789 4314 Flamma
1816 4262 1981 4315 necat
2004 4260 2230 4315 decima
2253 4275 2527 4331 generosa
2552 4257 2935 4332 Nicopolitas.

569 4363 1257 4456 ldemrSupplementum
1296 4371 1476 4428 habet
1513 4373 1625 4428 hoc
1667 4374 1965 4442 singulare
2017 4373 2090 4429 de
2143 4390 2194 4430 et

2306 4392 2349 4431 n
2382 4376 2539 4433 cultu
2570 4395 2583 4433 :
2615 4379 2843 4433 Τελεῐται
2876 4378 2934 4435 δὲ
2973 4385 3002 4440 ἡ
3058 4384 3224 4437 αὐτῶν
3258 4385 3465 4449 σύναξις
3513 4404 3560 4438 εν
3605 4394 3676 4456 τῷ
3709 4392 3814 4455 ναῷ
3843 4394 3931 4445 τῆς

574 4450 726 4522 ἁγίας
749 4454 1025 4516 Ἀκυλίνης
1048 4457 1267 4514 πλησίον
1293 4468 1383 4511 τοῦ
1416 4465 1594 4531 φόρου.
1625 4461 1963 4517 Celebratur
1993 4470 2187 4518 autem

2306 4482 2434 4521 rum
2494 4467 2840 4524 solemnitas
2899 4470 2956 4526 in
3014 4473 3237 4546 templo
3272 4476 3329 4531 S.
3389 4450 3682 4547 Aquilinaa
3749 4450 3928 4547 prope

573 4541 805 4633 Forum.
832 4562 861 4593 »
892 4542 969 4633 De
1000 4544 1219 4615 templo
1252 4545 1314 4604 S.
1349 4547 1638 4618 Aquilinaa
1671 4549 1790 4618 agit
1830 4551 2086 4619 Cangius
2126 4552 2226 4607 lib.
2264 4571 2316 4608 ιν
2353 4555 2557 4611 CPolis
2591 4558 2971 4627 Christianae,
3006 4541 3155 4633 pag:
3194 4563 3310 4619 144.

641 4632 690 4683 4.
718 4629 1005 4723 Daronius
1033 4636 1172 4723 tom.
1197 4633 1283 4699 lll,
1312 4650 1446 4705 pag.
1480 4635 1594 4701 162,
1627 4653 1792 4692 num.
1827 4640 1917 4703 46,
1946 4654 2127 4708 agens
2149 4641 2220 4696 de
2242 4642 2405 4699 hisce
2434 4647 2816 4717 martyribus,
2840 4629 3326 4718 agonemieorum
3358 4652 3711 4723 afﬁgitanno
3731 4653 3925 4708 316.ln

570 4717 905 4814 Menologio
939 4720 1705 4814 Slavo-Russicoponuntur
1731 4727 1888 4798 passi
1928 4744 2086 4784 anno
2110 4734 2231 4785 307.
2283 4732 2451 4787 Liber
2474 4734 2690 4803 linguae
2713 4717 2994 4805 Arabicae,
3026 4741 3099 4796 de
3124 4757 3245 4814 quo
3280 4717 3494 4814 supra:
3514 4742 3745 4798 videtur
3769 4743 3924 4814 ipsos

566 4805 805 4875 alligare
838 4810 1206 4901 temporibus
1240 4812 1576 4901 Diocletiani
1611 4837 1621 4878 ;
1648 4831 1784 4869 cum
1828 4821 1961 4886 post
1990 4820 2500 4875 annuntiationem
2525 4822 2744 4878 ibidem
2770 4826 3026 4882 addatur
3050 4805 3327 4887 Actorum
3352 4805 3489 4887 sitae
3512 4836 3613 4887 aut
3643 4805 3834 4901 elogii,
3864 4839 3923 4889 ut

568 4903 848 4992 autumo:
867 4898 1224 4992 principium
1248 4900 1375 4992 «Lin
1403 4900 1613 4992 diebus
1648 4903 1988 4992 Diocletiani
2020 4925 2031 4960 :
2066 4927 2092 4958 »
2120 4912 2176 4961 et
2207 4910 2532 4975 ascribitur,
2567 4912 2666 4967 fol.
2701 4915 2786 4969 13.
2823 4918 3004 4973 Tomo
3038 4920 3097 4970 V.
3134 4920 3281 4986 Maii,
3308 4936 3443 4992 pag.
3480 4926 3598 4984 151,
3627 4921 3684 4975 in
3718 4898 3913 4976 a'nnot.

568 4981 640 5037 ad
663 4984 851 5081 capi}
878 4986 1159 5081 A_ctorum
1275 4989 1479 5081 Donati
1502 4993 1559 5081 et
1591 4991 1889 5081 sociorum
1916 5002 2245 5066 martyrum
2278 4996 2359 5052 lit.
2391 4997 2427 5065 f,
2458 5000 2695 5069 ponitur
2713 5002 2963 5059 Licinius
2984 5008 3234 5078 coepisse
3259 4981 3534 5081 perseiqui
3566 4981 3918 5066 Christianos

567 5086 726 5125 anno
748 5074 868 5170 31d.
899 5076 1078 5170 Sec-us
1099 5076 1390 5170 _opinatur_
1415 5078 1628 5149 Pagius
1661 5080 1719 5133 in
1753 5083 1959 5137 Critica
1988 5083 2123 5138 hist.
2157 5086 2427 5141 Chronol.
2460 5092 2602 5143 tom.
2626 5090 2664 5151 Ι,
2699 5106 2836 5160 pag.
2872 5074 3282 5163 38|,censens-,
3315 5074 3507 5153 nullos
3540 5106 3825 5170 martyres
3859 5100 3911 5154 in
3956 5128 3963 5131 -

567 5161 973 5258 persecutione
995 5163 1291 5258 Liciniana
1313 5164 1497 5219 fuisse
1522 5182 1733 5237 passos
1765 5174 1898 5225 ante
1921 5187 2146 5227 annum
2175 5174 2297 5236 319,
2324 5190 2515 5246 neque
2541 5183 2676 5233 ante
2706 5178 2850 5234 illud
2884 5186 3118 5253 tempus
3144 5161 3428 5241 Licinium
3455 5161 3909 5258 persecutionem

569 5246 840 5301 Ecclesiae
865 5249 1149 5306 intulisse.
1180 5251 1580 5345 Tillemontius
1622 5260 1762 5311 tom.
1795 5260 1855 5327 V,
1879 5275 2017 5330 pag.
2050 5262 2173 5327 51"2,
2198 5263 2387 5318 obiter
2418 5280 2485 5318 ex
2512 5266 2726 5320 Graecis
2760 5268 2977 5323 tabulis
3009 5246 3239 5327 sanctos
3272 5246 3479 5330 Christi
3512 5275 3740 5345 pugiles
3760 5291 3911 5331 com-

568 5347 941 5434 memorans,
960 5354 1184 5396 annum
1215 5344 1479 5434 martyrii
1501 5360 1619 5401 non
1651 5345 2025 5403 determinat.
2052 5350 2116 5404 Et
2137 5366 2274 5406 vero
2304 5368 2371 5407 ea
2412 5356 2691 5424 temporis
2733 5358 2899 5425 ratio,
2932 5375 3117 5431 quam
3143 5360 3272 5430 ﬁgit
3293 5344 3531 5432 Pagius,
3556 5379 3675 5418 non
3700 5364 3912 5421 videtur

566 5420 1003 5524 impiqbabilis:
1029 5443 1221 5524 neque
1238 5431 1399 5524 enim
1424 5438 1691 5524 apparet.
1706 5449 1888 5524 quem
1908 5438 2287 5507 potissimum
2311 5420 2593 5511 martyrio
2611 5460 2768 5515 saepe
2790 5420 3243 5518 dicto‘assigne's
3272 5420 3527 5519 annuum,
3542 5468 3725 5524 quam
3756 5420 3911 5511 illum

570 5520 685 5577 quo
706 5504 957 5568 Licinius
984 5514 1146 5571 varia
1174 5516 1235 5572 in
1264 5519 1624 5580 Christianos
1649 5523 2019 5583 machinatus
2049 5531 2155 5594 est,
2200 5543 2302 5585 eos
2336 5545 2366 5585 θ
2391 5529 2612 5601 palatio
2646 5504 2753 5589 suo
2780 5534 3024 5608 pellens,
3062 5504 3314 5598 concilia
3352 5504 3670 5608 celebrare,
3696 5556 3789 5600 eos
3813 5558 3910 5600 ve-
