4114 6262
179 313 280 390 321
1255 323 1693 396 MARTYRIUM
1733 338 1838 394 ss.
1880 336 2028 394 XLV
2069 319 2503 400 MARTYRUM.
3445 332 3550 407 322

183 465 337 524 tans,
365 457 604 528 aliaque
625 470 811 527 quam
833 456 1088 527 plurima
1104 465 1314 517 contra
1333 478 1434 518 eos
1451 468 1715 520 statuens
1737 480 1806 520 ac
1832 479 2041 534 gerens
2071 463 2130 521 in
2161 467 2363 522 odium
2389 466 2752 524 Constantini
2775 467 2847 522 de
2870 467 3090 540 quibus
3113 470 3402 528 Eusebius
3448 474 3548 528 lib.

186 563 207 602 1
231 547 314 603 De
344 546 475 602 Vita
504 545 1104 616 Constantini,capite
1139 550 1308 614 51,52
1332 556 1385 605 et
1405 567 1572 623 seqq.
1598 553 1718 624 agit
1743 571 1754 619 ;
1783 567 1916 624 quas
1940 553 2216 610 Petavius
2255 555 2462 625 alligat
2495 572 2655 611 anno
2681 555 2881 611 Christi
2911 557 3035 622 319,
3074 565 3132 612 ut
3155 559 3354 615 videre
3389 564 3551 618 estin

191 641 357 707 parte
381 634 564 689 altera
586 633 660 688 De
681 632 957 690 doctrina
993 641 1192 704 temp.,
1212 652 1344 708 pag.
1396 643 1532 705 718;
1563 640 1814 705 addens,
1841 656 2052 711 passos
2074 658 2200 697 esse
2224 643 2280 698 in
2305 660 2376 699 ea
2396 645 2802 716 persecutione
2828 645 2910 700 XL
2941 653 3230 718 martyres
3255 649 3310 703 in
3331 649 3552 722 Cappa-

193 725 385 793 docia,
417 723 630 791 frigore
657 727 918 786 enectos,
951 728 1006 778 et
1034 723 1346 794 Basiliam,
1381 730 1632 784 Amas-ias
1674 729 1927 784 Pontica
1957 731 2326 802 episcopum,
2361 733 2646 804 martyrio
2687 732 2987 797 affectum,
3042 740 3275 806 citaque
3318 739 3553 793 Eusebii

192 811 538 867 Chronicon.
574 811 788 864 Actum
813 809 886 864 de
912 811 1010 866 illo
1033 819 1124 868 est
1153 821 1295 868 tom.
1340 815 1412 869 IIl
1440 816 1674 888 Aprilis,
1703 833 1841 889 pag.
1869 819 1995 886 416,
2037 821 2311 891 apposita
2337 822 2584 892 epocha,
2616 822 2770 878 circa
2799 838 2938 877 ann.
2974 826 3109 887 322;
3154 824 3227 878 de
3251 825 3320 878 iis
3350 831 3551 882 autem

189 901 286 956 die
322 905 384 955 lO
415 898 624 955 Martii.
659 899 732 954 ad
760 899 888 955 haec
917 901 1143 956 Eusebii
1175 901 1504 960 Clironicon
1537 907 1736 962 Latine
1778 923 2015 963 versum
2047 909 2208 979 apud
2245 910 2565 980 Josephum
2597 909 2961 981 Scaligerum
2995 927 3131 982 pag.
3186 913 3305 978 180,
3343 914 3419 968 ad
3449 930 3547 970 an.

186 987 575 1044 cccxnhabet
595 1008 605 1051 ;
629 988 915 1042 «Licinius
936 989 1300 1046 Christianos
1313 991 1387 1047 de
1403 994 1622 1064 palatio
1636 1011 1741 1050 suo
1760 996 1970 1066 pellit.»
1996 997 2268 1052 Dicamus
2289 1013 2448 1068 ergo.
2474 1004 2760 1070 martyres
2775 998 2989 1054 obiisse
3012 999 3166 1054 circa
3188 1017 3406 1055 annum
3422 1004 3547 1061 319.

188 1148 198 1158 .
258 1083 310 1132 5.
332 1076 484 1142 Quid
502 1075 760 1130 sentiam
777 1075 850 1130 de
871 1077 1048 1142 Actis,
1079 1094 1110 1133 e
1130 1078 1335 1136 Graeco
1358 1081 1416 1136 in
1448 1082 1720 1138 Latinum
1734 1101 2074 1140 sermonem
2093 1103 2128 1140 a
2147 1102 2240 1141 me
2267 1088 2594 1152 conversis,
2613 1088 2818 1158 paucis
2846 1086 3122 1156 intellige.
3165 1090 3292 1143 Non
3318 1089 3550 1148 sincera

185 1163 286 1220 llla
323 1180 473 1225 esse,
508 1164 613 1218 sed
645 1165 910 1235 episodio
942 1165 1072 1237 plus
1100 1183 1219 1223 uno
1251 1169 1539 1226 adornata
1569 1171 2005 1243 dramaticeque
2041 1175 2392 1244 composita,
2435 1175 2838 1230 indubitatum
2879 1174 3023 1230 mibi
3058 1175 3306 1233 videtur.
3353 1178 3552 1250 Spirat

186 1253 494 1309 enimvero
525 1251 1024 1323 inillisingenium
1043 1255 1472 1328 Metaphrastis,
1497 1259 1584 1315 vel
1603 1260 1812 1315 saltem
1827 1260 2066 1316 alterius
2093 1261 2407 1330 cujusdam
2439 1263 2623 1318 einon
2655 1261 2962 1329 absimilis,
2988 1265 3247 1329 trzegaadi
3274 1265 3425 1320 sacri
3449 1283 3553 1337 po-

184 1341 296 1397 tius
327 1356 513 1413 quam
545 1341 758 1396 sinceri
787 1342 1048 1399 historici
1081 1359 1302 1402 nomen
1333 1348 1658 1417 promeriti.
1684 1351 2047 1417 Argumento
2074 1354 2212 1404 sunt
2241 1355 2553 1421 sequentes
2577 1350 3042 1404 observationes.
3076 1352 3291 1418 Primo,
3325 1369 3551 1424 preces,

184 1429 378 1486 verbis
407 1429 782 1501 psalmorum
813 1431 990 1487 nimis
1017 1435 1367 1506 compositae
1388 1435 1779 1502 concinnatae,
1808 1441 1869 1492 ut
1897 1437 2116 1492 videsis
2137 1452 2309 1495 num.
2337 1440 2370 1491 8
2401 1444 2455 1493 et
2480 1440 2561 1494 l2.
2599 1438 2891 1504 Secundo,
2921 1437 3185 1495 inductio
3231 1447 3550 1513 martyrum

187 1520 494 1590 utriusque
525 1534 700 1573 sexus
724 1534 830 1574 nec
852 1535 973 1576 non
987 1523 1328 1594 exemplum
1351 1523 1409 1580 S.
1447 1525 1826 1590 Potamiente,
1874 1527 2241 1597 temporibus
2259 1525 2594 1582 Maximiani
2619 1543 2725 1598 pro
2749 1526 2971 1582 tuenda
2990 1527 3273 1596 pudicitia
3310 1530 3370 1584 in
3399 1529 3556 1586 lebe-

188 1613 327 1674 tem,
359 1608 488 1680 pice
514 1607 888 1673 instructum,
916 1626 950 1665 a
977 1626 1088 1666 suo
1105 1611 1348 1668 domino
1369 1613 1616 1684 injectus,
1645 1629 1841 1669 nonne
1873 1615 2168 1670 theatrum
2203 1615 2478 1687 spirant?
2510 1616 2564 1668 S.
2596 1615 2886 1682 Leontius,
2923 1631 2992 1670 ea
3039 1631 3290 1672 narrans
3330 1623 3393 1674 ut
3431 1620 3556 1674 ani-

189 1713 319 1752 mos
349 1697 558 1752 excitet
584 1696 660 1752 ad
694 1698 912 1753 fortiter
934 1714 1040 1770 pro
1066 1697 1297 1755 Christo
1320 1701 1754 1766 dimicandum,
1789 1703 1930 1758 dicit
1961 1720 2022 1758 se
2053 1719 2122 1759 ea
2152 1703 2454 1774 accepisse
2489 1725 2516 1755 «
2545 1721 2580 1759 a
2612 1703 2898 1773 magistro
2919 1720 3047 1768 suo,
3071 1704 3174 1776 qui
3195 1704 3468 1762 veniebat
3489 1723 3556 1762 ex

188 1787 433 1857 Egypto,
467 1792 522 1841 et
545 1785 786 1841 audisse
818 1803 880 1842 se
909 1787 1080 1843 aieba
1111 1805 1146 1844 a
1169 1791 1224 1846 S.
1257 1791 1511 1846 Antonio
1542 1796 1757 1846 asceta.
1790 1812 1817 1842 »
1841 1793 2050 1856 Quaero
2078 1793 2179 1864 qui
2207 1793 2300 1847 hic
2331 1793 2621 1847 Antonius
2639 1799 2804 1848 aceta
2829 1795 2856 1848 7
2877 1793 3162 1847 Antonius
3183 1810 3457 1862 magnus,
3493 1799 3555 1850 ut

183 1875 419 1946 opinor,
453 1874 874 1930 celeberrimus
896 1875 1144 1945 plurium
1175 1879 1607 1934 monachorum
1637 1879 1826 1934 abbas
1851 1895 1863 1932 :
1886 1881 1930 1934 si
1962 1879 2052 1934 ille
2075 1886 2178 1950 est,
2205 1896 2384 1952 quem
2411 1881 2685 1951 conjicio,
2711 1879 2851 1935 satis
2873 1880 3180 1952 disparata
3205 1888 3551 1938 connectere

182 1963 419 2018 videtur
439 1962 724 2035 scriptor;
749 1979 888 2018 cum
914 1965 962 2019 is
992 1971 1114 2021 tam
1141 1966 1244 2022 diu
1275 1967 1488 2023 obierit
1520 1973 1652 2039 post
1683 1970 1737 2023 S.
1775 1968 2105 2034 Leontium,
2129 1984 2289 2024 anno
2323 1969 2524 2039 utique
2546 1973 2668 2023 356.
2698 1969 2806 2023 Res
2837 1968 2944 2023 illa:
2963 1973 3299 2033 narrantur,
3325 1987 3359 2026 a
3380 1987 3548 2026 num.

183 2054 215 2106 8
245 2050 303 2105 in
331 2050 468 2106 ﬁne.
493 2052 698 2113 Tertio,
738 2051 1033 2117 diabolus,
1064 2053 1471 2127 Esculapium
1495 2059 1796 2122 mentitus,
1829 2056 2166 2129 ducemque
2194 2056 2426 2127 Lysiam
2463 2063 2672 2112 contra
2696 2061 2986 2128 martyres
3018 2058 3346 2122 concitans,
3377 2059 3552 2131 quid-

182 2155 327 2194 nam
369 2144 457 2194 est
485 2139 600 2194 nisi
632 2155 812 2195 scena
841 2140 1184 2207 dramatica,
1239 2160 1406 2199 num.
1447 2145 1514 2198 l2
1537 2145 1565 2200 ?

255 2231 306 2282 6.
331 2227 563 2291 Quinto,
590 2243 750 2283 mors
769 2236 1120 2302 martyrum,
1142 2232 1253 2287 hoc
1275 2233 1452 2287 modo
1468 2233 1813 2296 accelerate,
1835 2234 1934 2304 qui
1963 2233 2207 2287 refertur
2229 2249 2391 2287 num.
2425 2233 2507 2296 16,
2531 2233 2702 2288 fallor
2729 2232 2775 2286 si
2800 2231 3037 2303 plenam
3062 2232 3242 2287 ﬁdem
3270 2233 3553 2290 inveniat.

181 2315 378 2381 Sexto,
414 2315 677 2386 proditin
697 2332 942 2372 scenam
972 2319 1204 2384 mulier,
1236 2322 1458 2376 sanctis
1481 2338 1704 2392 aquam
1721 2323 1833 2375 sub
1859 2320 2118 2374 vestibus
2150 2321 2302 2375 clam
2329 2321 2388 2375 in
2417 2337 2651 2375 carcere
2670 2321 2958 2385 deferens,
2989 2337 3154 2374 num.
3184 2327 3231 2375 ll
3269 2337 3282 2386 ;
3309 2322 3559 2392 quaide-

185 2421 305 2460 nuo
335 2404 480 2459 redit
513 2421 676 2459 num.
719 2405 795 2459 19.
830 2409 1028 2472 Erunt,
1054 2408 1366 2478 utopinor,
1386 2409 1604 2480 quibus
1629 2425 1828 2478 preces
1859 2416 1914 2464 et
1943 2425 2105 2480 aqua
2131 2426 2160 2463 e
2180 2425 2325 2479 rupe
2352 2409 2544 2464 elicita
2563 2425 2681 2463 non
2722 2409 2969 2463 omnino
3000 2409 3366 2474 arridebunt,
3388 2426 3555 2464 num.

184 2497 275 2548 22.
314 2493 570 2564 Denique
602 2499 882 2549 Actorum
917 2495 1238 2552 sinceritati
1284 2513 1402 2551 non
1443 2497 1819 2551 mediocriter
1840 2497 2290 2568 ofﬁcitsequens
2322 2496 2613 2562 clausula,
2634 2513 2668 2552 a
2692 2496 2966 2566 genuinis
2996 2497 3154 2552 Actis
3187 2498 3394 2552 abesse
3422 2513 3559 2552 con-

188 2587 376 2646 sueta,
407 2598 540 2654 quae
575 2582 823 2638 habetur
852 2600 1022 2640 num.
1053 2586 1143 2653 23,
1171 2584 1229 2639 in
1261 2601 1384 2658 qua
1417 2585 1802 2641 Sisinniusita
1820 2587 1999 2639 Deum
2031 2585 2431 2655 oratjamjam
2463 2587 2808 2640 moriturus.
2845 2606 2868 2634 «
2899 2585 3038 2655 Opis
3068 2592 3175 2640 tuae
3204 2585 3457 2654 indigos,
3486 2591 3561 2640 te-

185 2687 304 2744 que
317 2676 518 2726 nostro
537 2672 866 2726 interventu
884 2673 1250 2743 invocantes,
1274 2675 1473 2730 statim
1495 2673 1728 2732 exaudi.
1751 2672 2014 2735 Domine,
2031 2673 2091 2727 in
2117 2688 2472 2743 quacunque
2488 2672 2831 2726 necessitate
2854 2680 2910 2726 et
2960 2671 3317 2740 indigentia;
3342 2689 3556 2744 quam-

179 2761 273 2815 vis
304 2760 362 2815 in
393 2759 673 2815 viduitate
704 2765 761 2816 et
797 2761 1045 2816 orbitate
1087 2777 1100 2826 ;
1144 2763 1420 2833 quamvis
1460 2762 1520 2816 in
1555 2761 2028 2833 peregrinatione
2071 2777 2085 2826 ;
2127 2761 2401 2831 quamvis
2425 2762 2483 2814 in
2526 2759 2866 2814 inﬁrmitate
2906 2761 3172 2831 corporis
3211 2767 3266 2814 et
3302 2760 3512 2816 anima;
3544 2778 3556 2827 ;

176 2849 463 2920 quamvis
493 2849 554 2902 in
583 2864 699 2902 tere
725 2847 920 2902 alieno
941 2854 996 2902 et
1028 2849 1378 2913 calumniis;
1408 2849 1689 2919 quamvis
1713 2848 1774 2902 in
1806 2848 2020 2903 acerba
2053 2849 2336 2903 servitute
2368 2849 2678 2918 ;quamvis
2707 2849 2766 2902 in
2797 2848 3113 2902 hominum
3149 2865 3216 2903 ac
3261 2849 3553 2919 pecudum

176 2935 541 3003 contagione
573 2951 586 2999 ;
629 2935 907 3006 quamvis
946 2934 1007 2989 in
1042 2937 1190 2990 mari
1229 2936 1526 3006 quispiam
1570 2936 1640 2989 sit
1683 2934 2036 3004 naufragus,
2078 2940 2183 2989 etc.
2225 2937 2303 2990 Tu
2338 2935 2438 2999 illi,
2474 2952 2597 2999 rex,
2630 2951 2736 3007 per
2767 2953 2875 2990 nos
2903 2936 3116 2992 solatio
3143 2936 3240 3001 sis,
3275 2943 3330 2991 et
3361 2936 3557 2991 statim

182 3023 422 3086 exaudi,
451 3028 516 3077 ut
540 3028 904 3093 cognoscant
932 3023 1139 3078 mundi
1163 3024 1342 3092 hujus
1369 3023 1588 3087 incolae,
1625 3023 1879 3076 multum
1910 3039 2016 3076 nas
2045 3022 2210 3090 diligi
2248 3023 2358 3078 abs
2384 3029 2457 3086 te,
2497 3029 2553 3077 et
2575 3024 2864 3086 exaudiri,
2900 3041 2967 3079 ac
2995 3024 3153 3079 malo
3183 3024 3421 3078 cuilibet
3456 3025 3556 3080 ﬁat

182 3129 346 3184 aqua
369 3113 488 3167 hie:
519 3112 576 3166 in
605 3110 921 3176 medelam,
947 3127 1090 3166 nam
1123 3112 1198 3166 ad
1232 3111 1673 3167 invocationem
1706 3111 1785 3164 tui
1817 3109 2025 3164 ebullit
2053 3117 2107 3164 et
2141 3111 2487 3165 innovatum
2517 3117 2604 3165 est
2635 3119 2800 3165 vetus
2833 3111 3186 3167 miraculum
3215 3113 3270 3166 in
3304 3113 3552 3181 gloriam

184 3201 372 3256 Patris
404 3206 459 3255 et
501 3199 621 3255 Filii
651 3206 709 3254 et
738 3200 988 3271 Spiritus
1023 3201 1230 3268 sancti,
1272 3200 1331 3254 in
1370 3199 1606 3254 laudem
1637 3205 1694 3253 et
1723 3199 2076 3252 memoriam
2108 3203 2439 3267 martyrum
2470 3205 2701 3252 tuorum
2735 3199 3001 3269 quinque
3049 3207 3105 3255 et
3134 3201 3549 3270 quadraginta.

256 3295 308 3344 7.
335 3290 792 3360 Intermartyres
821 3289 1039 3342 XXXVI
1063 3287 1433 3343 Alexandriae
1462 3304 1685 3358 passos,
1706 3286 1778 3340 de
1799 3286 2019 3357 quibus
2033 3287 2148 3340 hoc
2169 3285 2364 3339 itidem
2387 3284 2480 3338 die
2507 3287 2699 3354 agitur
2722 3289 3013 3354 superius,
3035 3287 3156 3341 duo
3181 3288 3344 3356 primi
3375 3290 3551 3342 Leon-

189 3379 308 3434 tius
339 3383 394 3433 et
418 3376 736 3441 Mauritius,
781 3383 834 3431 et
865 3377 1104 3448 quintus
1129 3376 1347 3441 Daniel,
1369 3376 1554 3430 tribus
1570 3375 1785 3429 nostris
1810 3375 2174 3444 martyribus
2197 3373 2640 3444 Nicopolitanis,
2657 3389 2916 3444 quorum
2933 3390 3276 3443 expressum
3296 3374 3553 3430 vidimus

192 3482 432 3531 nomen,
465 3481 707 3538 prorsus
736 3465 1090 3537 homonymi
1121 3471 1276 3521 sunt.
1314 3467 1455 3530 Quae
1479 3464 1866 3535 homonymia
1887 3463 2295 3532 suspicionem
2323 3461 2566 3516 fortasse
2599 3461 2865 3516 nonnulli
2901 3463 3163 3532 praebere
3195 3464 3427 3533 poterit,
3459 3463 3554 3519 hic

197 3572 386 3629 aeque,
412 3571 480 3610 ac
505 3554 664 3622 alibi,
694 3552 829 3625 plus
861 3555 1062 3620 semel,
1091 3553 1347 3610 inductas
1361 3551 2030 3621 alicujus,confusionis,
2056 3567 2174 3605 una
2201 3550 2449 3605 fortasse
2469 3556 2796 3621 martyrum
2823 3553 3022 3605 turma
3060 3552 3120 3606 in
3154 3551 3303 3606 duas
3343 3551 3554 3607 distra-

197 3650 312 3710 cta,
347 3644 456 3709 vel,
485 3644 535 3697 si
563 3643 677 3698 hoc
715 3658 836 3697 non
867 3645 969 3708 vis,
1005 3643 1244 3698 alterius
1264 3643 1325 3696 in
1351 3643 1600 3698 alteram
1633 3640 1977 3695 nominibus
2007 3638 2306 3696 derivatis.
2343 3640 2556 3692 Verum
2595 3638 2877 3710 quoniam
2901 3638 3042 3709 quid
3082 3639 3174 3694 hic
3211 3639 3392 3694 lateat
3425 3656 3558 3712 my-

197 3733 376 3797 sterii,
407 3731 580 3786 nobis
603 3729 840 3802 assequi
869 3746 988 3786 non
1013 3737 1100 3785 est
1141 3736 1502 3802 promptum,
1545 3729 1604 3784 in
1644 3727 1796 3784 duas
1835 3743 1937 3782 eos
1971 3727 2190 3783 classes
2230 3726 2633 3793 dsitinximus,
2667 3729 2848 3782 secuti
2890 3728 3309 3799 Martyrologia
3334 3727 3557 3786 Hierto-

199 3820 526 3892 nymiana:
561 3820 644 3872 uti
677 3818 1069 3874 indicavimus
1111 3835 1313 3890 supra,
1351 3819 1451 3874 ubi
1489 3818 1557 3873 de
1597 3816 1765 3873 dictis
1806 3816 2043 3886 triginta
2074 3831 2176 3872 sex
2198 3815 2556 3888 martyribus
2585 3815 2842 3886 egimus,
2869 3821 2925 3870 et
2957 3815 3371 3874 difﬁcultatem
3401 3817 3558 3873 hanc

200 3925 322 3965 non
351 3907 859 3980 praetermisimus.

271 4001 322 4054 8.
359 3998 652 4068 Tamayus
679 3996 862 4052 solius
894 3998 954 4052 S.
998 3996 1216 4052 Leontii
1247 4011 1465 4051 nomen
1491 3995 1786 4066 exprimit,
1833 3998 1889 4050 et
1924 3995 2117 4049 socios
2152 4000 2435 4065 martyres
2491 3993 2772 4048 confuse:
2807 4012 2836 4044 ‹‹
2866 3991 3130 4064 Nicopoli
3167 3995 3225 4048 in
3257 3995 3556 4061 Armenia,

200 4089 256 4144 S.
296 4086 510 4142 Leontii
544 4085 840 4157 martyris,
872 4085 972 4157 qui
1004 4101 1141 4140 cum
1173 4084 1302 4140 aliis
1335 4085 1508 4139 sociis
1538 4099 1793 4153 agonem
1825 4082 2234 4136 admirabilem
2281 4082 2620 4152 complevit.
2660 4103 2686 4130 »
2719 4081 2837 4134 Hoc
2868 4084 3058 4145 recte;
3097 4083 3196 4135 sed
3229 4082 3558 4137 clausulam

199 4179 565 4247 sequentem,
597 4197 624 4225 α
651 4175 820 4245 cujus
842 4175 1059 4230 exuviae
1087 4190 1271 4229 sacrae
1305 4173 1360 4226 in
1391 4171 1613 4242 oppido
1650 4169 1986 4231 Alcaudete,
2024 4169 2296 4221 dimcesis
2331 4169 2678 4223 Giennensis
2711 4168 2768 4221 in
2802 4167 3078 4221 coenobio
3106 4168 3460 4224 monialium
3492 4170 3554 4223 Β.

198 4265 382 4320 Clara:
401 4263 602 4320 debita
621 4264 817 4318 cultus
843 4262 1295 4318 honoriﬁcentia
1322 4265 1652 4321 servantur,
1676 4278 1703 4307 »
1729 4271 2018 4327 quorsum
2040 4254 2136 4324 adj
2150 4254 2316 4310 unxit
2337 4254 2524 4310 ?Cum
2550 4255 2607 4309 in
2634 4255 2786 4309 notis
2808 4255 2883 4308 ad
2904 4254 3064 4308 hunc
3084 4255 3279 4309 locum
3303 4256 3558 4310 candide

201 4353 544 4426 proﬁteatur
576 4371 604 4403 ς(
631 4351 922 4422 suspicari
947 4366 1026 4414 se,
1061 4364 1228 4404 erase
1261 4348 1519 4402 amicum
1557 4345 1874 4407 eruditum,
1910 4365 1938 4392 »
1970 4342 2254 4397 nimirum
2281 4347 2336 4398 P.
2379 4343 2692 4399 Martinum
2722 4342 2989 4397 Xemena
3019 4342 3264 4406 Jurado,
3298 4358 3362 4398 ex
3393 4344 3561 4413 cujus

203 4442 486 4499 relatione
510 4439 799 4510 praedictis
830 4437 1032 4493 Sancti
1061 4435 1326 4507 reliquiis
1377 4434 1556 4488 istum
1599 4434 1796 4488 locum
1849 4431 2203 4501 assignarat,
2265 4451 2292 4483 «
2325 4437 2378 4487 et
2428 4431 2556 4486 haec
2614 4430 2862 4502 pignora
2892 4446 3019 4485 esse
3054 4431 3292 4487 alterius
3335 4431 3560 4486 Leontii

207 4529 484 4600 martyris
512 4529 714 4581 Romte
745 4525 908 4597 passi
932 4543 945 4592 ;
979 4524 1052 4580 de
1079 4539 1194 4594 quo
1212 4529 1395 4591 agunt
1420 4521 1819 4593 Maurolycus,
1845 4520 2193 4584 Galesinius,
2218 4525 2272 4576 et
2290 4519 2595 4590 Philippus
2618 4520 2913 4574 Ferrarius
2932 4521 2989 4574 in
3009 4519 3268 4589 generali
3288 4520 3560 4589 catologo

214 4621 567 4675 Sanctorum
596 4615 689 4669 die
717 4618 748 4669 9
796 4613 932 4668 Julii
981 4612 1089 4668 fol.
1156 4613 1281 4679 284,
1341 4618 1396 4666 et
1450 4611 1780 4666 suademur
1839 4625 1909 4664 ex
1955 4625 2019 4664 eo
2060 4608 2224 4680 quod
2255 4611 2451 4664 comiti
2484 4607 2902 4662 Beneventano
2930 4608 3059 4680 ejus
3088 4609 3325 4662 exuvias
3351 4608 3562 4663 obtulit

211 4705 430 4761 Paulus
459 4705 524 4769 V,
562 4706 718 4758 Pont.
750 4705 894 4759 Max.
924 4706 1214 4757 extractas
1245 4716 1317 4755 ex
1349 4701 1626 4755 Romanis
1657 4697 2004 4754 caemeteriis
2036 4716 2050 4763 ;
2089 4712 2196 4751 nec
2226 4697 2343 4752 huc
2394 4712 2585 4768 usque
2639 4698 2859 4751 sciatur
2901 4695 3290 4766 Nicopolitani
3358 4698 3559 4750 Romae

213 4793 494 4850 advectas
521 4791 719 4848 fuisse.
753 4813 778 4840 ››
813 4790 1008 4855 Recte,
1041 4795 1102 4844 ut
1130 4789 1362 4861 opinor,
1388 4788 1483 4843 hic
1516 4804 1576 4842 se
1607 4792 1664 4842 et
1692 4787 1874 4843 alium
1892 4801 2068 4840 suum
2091 4786 2306 4839 ducem
2336 4784 2904 4854 corrigit'l‘amayus.
2939 4784 3170 4838 Utinam
3203 4782 3261 4836 in
3293 4782 3561 4852 pluribus

212 4882 343 4940 aliis
371 4882 575 4937 eadem
590 4880 857 4936 felicitate
883 4884 938 4934 et
967 4877 1242 4934 facilitate
1271 4893 1329 4932 se
1358 4877 1702 4934 correxisset
1725 4874 1736 4929 ἔ
1757 4875 1845 4931 Sic
1871 4874 2054 4947 pluris
2090 4874 2294 4929 ﬁerent
2318 4874 2446 4944 ejus
2467 4889 2689 4928 merces
2716 4871 2874 4944 apud
2902 4871 3164 4926 eruditos
3193 4869 3557 4940 hagiophilos

212 4971 395 5028 etiam
424 4971 742 5042 Hispanos,
766 4967 1170 5038 indignatione
1195 4966 1390 5038 potius
1429 4981 1498 5023 ac
1528 4966 1645 5021 risu
1685 4979 1842 5037 saepe
1863 4963 2184 5034 digniores,
2212 4977 2398 5035 quam
2428 4962 2635 5033 pretio.
