4114 6262
541 384 645 454 3-23

1920 348 2181 425 MENSIS
2221 346 2489 420 JULIUS.

3806 332 3939 405 set

549 479 3931 535 _________________________________________________

1774 606 2654 732 ΜΑΡΤΥΡΙΟΝ

1460 840 1683 928 ἾΩΝ
1728 833 2066 925 ΑΙἾΩΝ
2098 818 2277 923 ME’
2332 821 2965 918 ΜΑΡΤΥΡΩΝ.

1782 1139 2661 1267 MARTYRIUM

1191 1449 1981 1553 SANCTORUM
2089 1441 2352 1537 XLV
2476 1433 3251 1531 MABTYRUM.

2059 1819 2285 1875 CAPUT
2324 1816 2371 1871 Ι.

767 1982 1008 2052 Vulgato
1041 1993 1076 2033 a
1112 1974 1328 2032 Licinio
1359 1972 1540 2028 edicto
1572 1974 1774 2025 contra
1807 1965 2201 2025 Christianos,
2237 1959 2524 2015 sistuntur
2552 1970 2750 2012 coram
2777 1954 2924 2009 duce
2964 1953 3143 2023 Lysia
3168 1951 3361 2007 sancti
3391 1954 3705 2023 martyres.

622 2137 660 2187 l.
698 2131 947 2188 Licinius
978 2130 1301 2198 imperator
1343 2133 1818 2194 quaquaversum
1852 2114 2042 2170 edicta
2068 2110 2194 2165 vul-
2231 2110 2276 2162 A

550 2221 725 2292 gavit,
763 2218 1005 2289 utsiqui
1044 2214 1437 2286 reperirentur
1462 2204 1804 2271 Christiani,
1830 2198 2194 2258 omnimodis

550 2291 961 2382 plecterentur.
989 2302 1171 2359 Edicti
1198 2315 1337 2356 vero
1363 2296 1668 2367 exemplar
1690 2305 2043 2364 expressum
2071 2291 2196 2382 erat

552 2398 670 2453 sic:
709 2396 959 2452 Licinius
998 2395 1331 2463 imperator,
1368 2387 1689 2450 maximus,
1724 2387 2043 2450 angustus,
2076 2376 2191 2443 his,

553 2487 654 2559 qui
686 2501 784 2557 per
813 2484 1019 2539 orbem
1060 2486 1345 2536 terrarum
1375 2478 1657 2547 praesunt,
1691 2470 1944 2526 salutem
1972 2484 1984 2522 :
2030 2468 2189 2521 Post-

552 2556 734 2646 quam
765 2571 1036 2627 divinitas
1067 2572 1272 2623 nostra
1303 2565 1460 2620 facta
1500 2566 1591 2617 est
1630 2559 1839 2614 certior
1877 2556 1979 2626 (t),
2012 2568 2195 2646 quos-

555 2641 697 2716 dam
729 2675 934 2715 eorum
961 2659 1061 2729 qui
1085 2652 1403 2709 Christiani
1431 2649 1828 2722 appellantur,
1854 2658 1972 2698 non
2003 2641 2193 2695 solum

555 2749 836 2805 beneﬁcis
849 2748 960 2802 diis
974 2760 1092 2800 non
1113 2741 1467 2804 sacriﬁcare,
1513 2737 1616 2793 sed
1636 2736 1809 2790 etiam
1827 2733 1924 2804 pio
1944 2731 2195 2785 deorum

553 2836 734 2894 cultui
770 2835 1015 2906 injurias
1054 2833 1314 2900 irrogare
1357 2844 1369 2893 ;
1430 2825 1579 2898 quin
1618 2825 1738 2879 imo
1786 2823 2071 2893 praetextu
2110 2818 2193 2871 eis

554 2924 948 2989 sacriﬁcandi,
976 2922 1268 2993 plurimos
1293 2919 1433 2972 «leos
1456 2914 1542 2970 vel
1572 2915 1706 2984 ipso
1728 2915 2019 2965 nocturno
2053 2912 2191 2962 tem-

552 3030 694 3086 pore
717 3012 1075 3073 COnlrivisse,
1107 3008 1470 3080 punitosque
1487 3003 1705 3074 saepius
1722 3015 1842 3055 non
1872 2997 2195 3068 resipuisse

554 3084 655 3158 aut
676 3099 1005 3156 honoribus
1035 3097 1298 3161 affectos,
1333 3100 1433 3150 aut
1469 3098 1625 3147 metu
1646 3088 2024 3151 absterritos;
2060 3084 2193 3139 ideo

557 3195 819 3262 potestas
842 3194 1044 3243 nostra
1073 3185 1261 3255 jubet,
1305 3189 1364 3237 ut
1424 3181 1767 3250 ubicunque
1823 3177 2194 3230 invenientur

557 3276 888 3340 Christiani,
908 3275 1023 3329 diis
1040 3274 1101 3330 hi
1120 3272 1471 3339 sacriﬁcent,
1488 3269 1844 3339 magnisque
1861 3262 2191 3319 honoribus

556 3383 625 3424 ac
663 3366 836 3422 donis
872 3365 1141 3420 fruantur
1183 3381 1195 3417 :
1238 3361 1592 3417 reluctantes
1632 3362 1850 3420 autem,
1894 3368 2015 3407 una
2054 3367 2190 3405 cum

2379 2107 2453 2163 A'.
2517 2110 2743 2165 Λικίνιος
2798 2106 2822 2155 ὁ
2901 2102 3150 2175 βασιλεὺς
3228 2101 3495 2154 ἀπέστειλε
3559 2098 3929 2174 διατάγματα

2305 2199 2439 2248 κατὰ
2486 2202 2656 2248 πᾶσαν
2715 2198 2806 2251 τὴν
2862 2192 3185 2263 οἰκουμένην,
3245 2194 3313 2251 ὡς
3370 2193 3413 2242 εἰ
3470 2209 3602 2251 τινες
3660 2192 3923 2264 εὑρεθεῖεν

2304 2290 2631 2359 Χριστιανοὶ,
2697 2285 2907 2341 τούτους
2973 2285 3127 2332 παντὶ
3186 2285 3359 2352 τρόπῳ
3432 2278 3779 2339 κολάζεσθαι.
3864 2279 3925 2331 Ὀ

2306 2371 2364 2426 δὲ
2422 2377 2578 2432 τύπος
2630 2380 2718 2424 τοῦ
2772 2368 3129 2441 διατάγματος
3183 2376 3362 2420 τοῦτον
3429 2365 3541 2439 εἶχε
3592 2372 3677 2419 τὸν
3742 2389 3901 2441 χαρα

2303 2470 2488 2537 κτῆρα·
2554 2466 2783 2520 Λικίνιος
2839 2459 3197 2533 αὐτοκράτωρ,
3277 2462 3541 2529 μέγιστος,
3626 2456 3917 2523 σεϐαστός,

2303 2558 2411 2611 τοῖς
2434 2552 2569 2602 κατὰ
2612 2554 2705 2608 τὴν
2741 2548 3044 2618 οἰκουμένην
3092 2549 3354 2619 ἄρχουσιν
3402 2550 3630 2617 χαίρειν
3688 2544 3915 2605 Ἐπειδὴ

2305 2636 2574 2711 ἐδιδάχθη
2626 2641 2655 2696 ἡ
2717 2640 2941 2709 ἡμετέρα
2982 2639 3203 2699 θειότης,
3259 2637 3339 2687 ὄτι
3377 2638 3502 2695 τινες
3548 2643 3644 2687 τῶν
3687 2633 3912 2706 λεγομέ-

2304 2750 2399 2780 νων
2470 2734 2797 2800 Χριστιανῶν
2865 2726 2922 2777 ού
2975 2730 3126 2797 μόνον
3182 2724 3239 2776 ού
3297 2726 3481 2775 θύουσι
3541 2729 3642 2784 τοῖς
3692 2723 3897 2792 εὐεργέα

2304 2825 2419 2878 ταῖς
2469 2819 2621 2879 θεοῖς,
2684 2815 2810 2867 ἀλλὰ
2860 2820 2949 2865 καὶ
3003 2813 3334 2887 ἐνυϐρίζουσι
3413 2817 3508 2870 τὴν
3571 2809 3733 2868 εὐσεϐῆ
3787 2818 3890 2861 τῶν

2307 2908 2426 2959 θεῶν
2482 2908 2779 2979 θρησκείαν,
2836 2903 3109 2965 πλείστους
3162 2899 3221 2954 δὲ
3299 2903 3445 2962 θεοὺς
3525 2906 3612 2952 καὶ
3678 2899 3724 2951 ἐν
3774 2900 3885 2961 νυξὶ

2306 2994 2615 3068 συνέτριψαν
2645 2995 2902 3069 προφάσει
2950 3000 3040 3043 τοῦ
3090 2994 3224 3043 θύειν
3265 2987 3463 3054 αὐτοῖς,
3519 2996 3606 3041 καὶ
3652 2987 3898 3047 πολλάκις

2302 3084 2633 3144 κολασθέντες
2684 3083 2741 3135 ού
2801 3084 3169 3153 μετετέθησαν,
3212 3079 3270 3131 ού
3324 3087 3503 3151 τιμαῖς
3549 3079 3795 3140 εἴξαντες,
3844 3078 3904 3129 ού

2303 3172 2438 3244 φόϐῳ
2491 3173 2934 3243 μεταπεισθέντες,
3000 3166 3092 3221 διὰ
3150 3176 3296 3220 τοῦτο
3359 3167 3547 3219 κελεύει
3606 3169 3662 3218 τὸ
3720 3168 3904 3237 ἡμετε-

2298 3280 2385 3333 ρον
2433 3262 2637 3333 κράτος,
2694 3261 2838 3311 ὅπου·
2877 3255 2926 3310 δ’
2974 3256 3032 3309 ἂν
3092 3259 3335 3329 εὑρεθεῖεν
3395 3260 3724 3328 Χριστιανοὶ,
3784 3259 3902 3307 τού-

2300 3367 2414 3409 τους
2474 3350 2631 3399 θῡσαι
2710 3354 2818 3407 τοῖς
2883 3348 3035 3415 θεοῖς,
3092 3351 3181 3398 καὶ
3257 3354 3418 3418 τιμῶν
3494 3350 3755 3416 μεγίστων
3808 3350 3902 3395 καὶ

555 3455 839 3511 uxoribus
864 3470 931 3509 ac
953 3450 1176 3520 liberis,
1201 3450 1324 3519 igni
1347 3464 1418 3503 ac
1446 3448 1599 3502 ferro
1630 3444 1939 3499 tradantur
1963 3456 1976 3505 ;
2012 3437 2192 3494 facul-

2304 3433 2505 3510 δωρεῶν
2560 3435 2849 3487 ἀπολαύειν·
2914 3439 3032 3495 τοὺς
3088 3431 3146 3487 δὲ
3184 3438 3255 3503 μὴ
3312 3435 3615 3494 πεισθέντας
3674 3437 3771 3483 σὺν
3811 3444 3905 3503 γυ-

553 3549 696 3601 tates
725 3543 972 3613 insuper
1003 3541 1236 3596 illorum
1283 3552 1492 3593 omnes
1523 3532 1917 3606 publicentur,
1949 3529 2009 3583 in
2051 3533 2191 3582 tem-

551 3633 806 3704 plorum,
829 3630 1027 3685 furtim
1054 3629 1129 3684 ab
1154 3627 1294 3699 ipsis
1312 3639 1672 3689 eversorum,
1711 3637 1818 3675 nec
1840 3634 1959 3674 non
1994 3632 2194 3671 muro-

551 3737 683 3777 rum
716 3725 769 3775 et
823 3718 1196 3789 publicorum
1236 3716 1587 3770 balneorum
1630 3710 1959 3765 utilitatem.
1997 3705 2193 3760 invio-

552 3808 729 3864 labile
768 3808 966 3876 itaque
998 3803 1312 3875 imperium
1345 3807 1614 3855 nostrum
1647 3797 1857 3860 edocti,
1901 3798 2191 3866 quantum

553 3895 774 3951 conniti
802 3894 1062 3966 potestis,
1097 3890 1154 3946 id
1188 3890 1351 3961 quod
1382 3888 1732 3944 mandatum
1763 3888 1865 3953 est,
1901 3896 2194 3952 exsequa-

553 3984 718 4049 mini,
748 3998 819 4038 ne
851 3998 971 4036 una
997 3996 1104 4035 vos
1155 3995 1292 4034 cum
1341 3976 1709 4049 impiissimis
1759 3969 2189 4046 periclitamini.

554 4074 717 4129 Hisce
735 4072 932 4143 itaque
952 4067 1277 4137 vulgatisin
1302 4066 1510 4139 plateis
1534 4064 1771 4119 urbium
1795 4059 2018 4143 edictis,
2057 4072 2190 4113 san-

552 4162 625 4218 cti
650 4161 743 4216 Dei
767 4142 970 4215 famuli
997 4157 1183 4227 gavisi
1211 4162 1369 4223 sunt,
1398 4155 1658 4212 oblatam
1685 4142 1953 4223 martyrii
1975 4162 2193 4221 oppor-

552 4250 859 4306 tunitatem
900 4246 1363 4303 considerantes.

624 4424 683 4479 II.
709 4423 996 4478 lutet-haec
1027 4421 1327 4492 publicato
1370 4416 1830 4487 Nicopolitarum
1867 4412 1925 4467 in
1957 4412 2192 4468 civitate

550 4512 760 4573 edicto,
789 4509 1035 4578 quando
1063 4506 1679 4575 timoresingruerent,
1704 4508 1759 4557 et
1784 4501 2083 4556 instructae
2106 4516 2192 4555 es-

551 4604 684 4653 sent
713 4594 1090 4658 carnificinae,
1124 4600 1316 4647 erecta
1353 4592 1513 4661 ligna
1571 4590 1649 4647 ad
1721 4589 2191 4659 suspensionem,

550 4685 785 4755 ungulae
800 4683 995 4739 ferreae
1009 4688 1195 4738 acutae
1209 4681 1285 4737 ad
1304 4680 1685 4745 abrasionem,
1702 4677 1963 4732 cassides
1980 4675 2188 4745 ignitae,

550 4775 677 4831 ollas
702 4774 1008 4837 ferventes,
1042 4776 1204 4837 rotae,
1238 4767 1408 4831 clavi,
1442 4769 1605 4822 nervi
1645 4766 1858 4822 bubuli
1899 4764 2190 4831 indurati,

2304 4777 2390 4823 καὶ
2446 4766 2721 4823 κασσίδων
2779 4787 2943 4842 πεπυρ
2953 4770 3272 4838 ακτωμένων,

547 4863 762 4935 aliique
784 4862 1073 4917 cruciatus
1096 4858 1415 4915 atrociores
1442 4872 1455 4924 ;
1484 4860 1539 4911 et
1555 4855 1697 4910 dum
1721 4852 2191 4909 advenissetdux

548 4953 763 5023 Lysias,
797 4951 899 5005 ubi
920 4949 1197 5005 universa
1217 4945 1665 5014 Armeniaelegio
1695 4943 1898 4998 sortito
1922 4946 2046 4996 erat
2075 4941 2192 4995 dis-

548 5043 789 5105 tributa,
823 5038 1237 5111 comprehensi
1292 5039 1429 5091 sunt
1453 5034 1743 5099 nonnulli,
1777 5032 1875 5104 qui
1913 5030 2192 5087 Christia-

548 5146 659 5186 nos
680 5146 741 5185 se
764 5129 1169 5191 declarabant,
1194 5124 1465 5181 Leontius
1488 5129 1543 5179 et
1569 5121 1873 5178 Maurilius
1903 5125 1958 5175 et
1988 5118 2192 5175 Daniel

548 5218 655 5273 viri
684 5218 968 5273 natalium
983 5214 1300 5288 splendore
1330 5211 1664 5285 conspicui,
1695 5216 1751 5266 et
1782 5209 2188 5265 doctrinarum

550 5305 896 5375 eruditione,
919 5305 1175 5376 vitaeque
1197 5303 1275 5359 ad
1298 5302 1508 5359 Christi
1534 5301 1692 5370 leges
1718 5296 2190 5355 conformatione

621 5481 698 5551 (t)
723 5480 837 5536 Isto
862 5480 1170 5552 quondam
1200 5481 1363 5536 titulo
1386 5481 1774 5552 imperatores
1803 5478 1987 5552 fuisse
2022 5494 2184 5552 nune

550 5550 822 5622 cupatos,
881 5550 1170 5619 colligitur
1224 5567 1295 5606 ex
1350 5550 1600 5615 etis’tola
1667 5550 2057 5605 Valentiniani
2107 5551 2185 5606 ad

547 5620 946 5678 Theodosium
976 5623 1394 5695 imperatorem
1450 5623 1613 5687 data,
1646 5636 1780 5693 quae
1810 5628 1900 5677 est
1929 5637 2182 5678 numero

2299 3526 2435 3588 ναιξὶ
2492 3530 2581 3577 καὶ
2626 3528 2820 3585 τέκνοις
2868 3529 2993 3597 πυρὶ
3045 3529 3132 3576 καὶ
3168 3527 3415 3597 μαχαίρᾳ
3464 3518 3897 3595 παραδίδοσθαι,

2299 3620 2389 3673 τὴν
2436 3612 2495 3667 δέ
2539 3634 2597 3685 γε
2644 3614 2862 3689 ὕπαρξιν
2916 3613 3084 3665 αὐτῶν
3116 3619 3289 3665 πᾶσαν
3345 3609 3771 3684 δημοσιευθῆναι
3828 3614 3896 3673 εἰς

2301 3703 2589 3776 ἐπιμέλειαν
2634 3711 2785 3767 ναῶν,
2844 3711 2943 3754 τῶν
2991 3703 3074 3753 ὑπ’
3130 3702 3297 3753 αὐτῶν
3344 3700 3506 3773 κλοπῇ
3568 3702 3886 3775 καθαιρεθεί-

2301 3813 2420 3861 των,
2466 3797 2554 3844 καὶ
2603 3800 2795 3863 τειχῶν
2836 3796 2924 3843 καὶ
2970 3791 3194 3863 λουτρῶν
3229 3786 3519 3862 δημοσίων.
3566 3786 3783 3851 Εἰδότες
3813 3786 3893 3841 οὖν

2300 3885 2357 3933 τὸ
2417 3880 2748 3953 ἀπαράϐατον
2802 3889 2898 3942 τῆς
2954 3882 3207 3953 ἡμετέρας
3254 3879 3527 3939 κελεύσεως
3569 3884 3722 3930 παντὶ
3774 3881 3900 3930 σθέ-

2303 3989 2373 4021 νει
2430 3974 2486 4021 τὸ
2542 3972 2875 4041 προσταχθὲν
2943 3969 3009 4029 εἰς
3071 3971 3216 4042 ἔργον
3276 3967 3526 4038 ἐνέγκατε,
3574 3970 3643 4029 ὡς
3680 3972 3751 4039 μὴ
3806 3972 3897 4019 καὶ

2302 4059 2434 4131 ὑμᾶς
2492 4055 2932 4129 συγκινδυνεύσαι
2990 4065 3097 4117 τοῖς
3152 4055 3476 4117 ἀθεωτάτοις.
3538 4059 3743 4108 Τούτων
3797 4064 3897 4107 τῶν

2302 4149 2712 4220 προσταγμάτων
2775 4147 3116 4220 προτεθέντων
3175 4144 3221 4196 ἐν
3278 4152 3388 4205 ταῖς
3453 4145 3720 4204 πλατείαις
3796 4152 3896 4195 τῶν

2302 4236 2510 4300 πόλεων,
2566 4238 2614 4288 οἱ
2666 4235 2807 4305 ἅγιοι
2860 4231 3038 4286 δοῦλοι
3086 4240 3177 4285 τοῦ
3231 4240 3465 4306 Χριστοῦ
3523 4240 3758 4305 ἔχαιρον,
3806 4236 3892 4284 τὸν

2305 4329 2479 4398 καιρὸν
2512 4332 2600 4376 τοῦ
2623 4328 2910 4397 μαρτυρίου
2944 4327 3266 4382 σκοποῦντες.

2375 4414 2446 4467 Β¹.
2510 4420 2607 4466 Καὶ
2655 4409 2720 4471 δὴ
2751 4417 2839 4464 καὶ
2871 4411 2916 4463 ἐν
2943 4421 3003 4485 τῇ
3035 4410 3388 4464 Νικοπολιτῶν
3424 4412 3752 4483 προτεθέντος
3804 4418 3890 4463 τοῦ

2306 4502 2676 4575 διατάγματος,
2727 4508 2815 4554 καὶ
2866 4511 2964 4553 τῶν
3014 4500 3179 4573 φόϐων
3240 4500 3621 4572 ἐπισειόμένων,
3674 4504 3763 4552 καὶ
3794 4508 3890 4551 τῶν

2303 4594 2658 4664 κολαστηρίων
2763 4591 2875 4664 εύτρ
2884 4592 3210 4654 επισθέντων,
3293 4589 3453 4650 ξύλων

2305 4682 2606 4755 ἁνάρτησιν,
2641 4679 2844 4750 ὀνύχων
2893 4699 2946 4731 τε
2987 4674 3219 4751 σιδηρῶν
3260 4676 3494 4749 ἀκμαίων
3548 4677 3617 4737 εἰς
3648 4676 3888 4743 εἰσξεσιν,

2763 4591 3210 4665 εὐτρεπισθέντων,
3293 4589 3453 4650 ξύλων
3560 4588 3745 4662 ὀρθίων
3822 4588 3891 4651 εἰς

3354 4769 3585 4836 τηγάνων
3634 4771 3724 4818 καὶ
3779 4786 3837 4838 τρ
3847 4787 3891 4819 ο-

2302 4869 2433 4932 χῶν,
2493 4864 2579 4911 καὶ
2635 4857 2786 4921 ἥλων,
2834 4861 2921 4908 καὶ
2977 4854 3266 4929 βουνεύρων
3320 4854 3507 4929 ξηρῶν,
3569 4859 3657 4906 καὶ
3712 4853 3889 4927 ἐτέρων

2300 4949 2671 5022 χαλεπωτέρων
2721 4946 3096 5017 κολαστηρίων,
3172 4949 3259 4995 καὶ
3316 4947 3731 5016 παραγενομένου
3800 4952 3889 4995 τοῦ

2302 5035 2490 5098 δουκός
2544 5040 2739 5101 Λυσία,
2794 5032 2926 5107 ᾧπερ
2988 5029 3046 5091 ἧν
3100 5031 3561 5105 ἁπόκεκληρωμένη
3608 5034 3637 5089 ἡ
3709 5031 3887 5102 λεγεὼν

2298 5133 2445 5179 πᾶσα
2508 5126 2538 5181 ἡ
2601 5124 2891 5195 Ἀρμενίας,
2969 5121 3363 5193 συνελήφθησαν
3446 5140 3597 5186 τινες,
3680 5119 3887 5182 ἑαυτοὺς

2298 5208 2623 5271 καταδήλους
2670 5216 2998 5275 ποιήσαντες,
3052 5213 3127 5262 ὅτι
3168 5213 3477 5284 Χριστιανοί
3526 5208 3679 5271 εἰσιν,
3738 5214 3887 5261 Λεον-

2298 5321 2403 5361 τιος
2446 5305 2536 5353 καὶ
2592 5304 2895 5374 Μαυρίκιος,
2971 5304 3059 5350 καὶ
3113 5297 3318 5364 Δανιὴλ,
3373 5294 3557 5371 ἄνδρες
3640 5294 3891 5370 ἐπίσημοι

2297 5478 2581 5533 vicesima
2610 5477 2838 5547 quinta,
2859 5480 2912 5531 et
2936 5475 3188 5531 habetur
3218 5478 3384 5547 parte
3414 5490 3433 5528 1
3464 5473 3693 5529 concilii
3729 5475 3890 5532 Chal-

2298 5550 2426 5605 ced.
2460 5565 2514 5605 a.
2556 5550 2669 5604 col.
2703 5551 2824 5602 512.
