4114 6262
164 315 265 388 325

1223 313 1660 385 MARTYRIUM
1701 324 1806 383 ss.
1847 317 1990 383 XLV
2030 310 2471 389 MARTYRUM.

3411 317 3517 391 3'26

168 466 263 510 τῶν
310 455 358 509 ἓν
410 462 471 528 τῇ
530 451 673 506 πόλει
721 459 853 523 γένει
909 469 959 502 τε
1009 456 1096 504 καὶ
1130 450 1404 506 παιδεύσει
1454 454 1619 526 λόγων
1673 455 1764 505 καὶ

1877 453 2151 520 illustres,
2185 460 2239 512 et
2271 472 2390 513 una
2417 473 2554 513 cum
2585 457 2734 528 ipsis
2776 456 3174 530 quadraginta
3204 458 3320 524 alii,
3352 459 3520 516 Chri-

170 543 269 618 βίῳ
317 546 453 597 κατά
501 544 728 616 Χριστόν
778 535 1172 612 διαπρέποντες,
1211 545 1304 592 σὺν
1350 541 1528 604 αὐτοῖς
1575 539 1634 594 δὲ
1676 545 1765 593 καὶ

169 635 328 708 ἕτεροί
398 651 451 685 τε
518 628 568 702 μ’
622 628 851 700 λέγοντες
925 628 1136 690 ἑαυτοὺς
1201 626 1331 681 εἶναι
1396 633 1762 702 Χριστιανοὺς,

170 728 257 775 καὶ
330 721 772 794 αύτοπροαιρέτως
851 716 1182 790 προελθόντες
1267 727 1336 790 τῷ
1411 724 1607 790 Λυσίᾳ.
1670 717 1763 779 Ὃς

171 813 471 882 θεασάμενος
529 813 622 866 τὴν
698 808 959 864 τοσαύτην
1030 815 1129 858 τῶν
1189 804 1390 882 ἀνδρῶν
1446 809 1758 883 προθυμίαν,

166 898 340 972 ἠρώτα
385 897 595 958 αὐτοὺς,
639 894 817 966 λέγων·
878 896 1035 946 Πόθεν
1086 892 1236 962 Euri;
1269 901 1358 948 xui
1411 900 1486 957 τίς
1541 895 1681 948 ἐστιν
1735 897 1760 947 6

164 990 348 1046 πείσας
379 987 511 1058 ὑμᾶς
555 989 625 1056 μὴ
676 982 920 1049 εύσεϐεῖν,
955 987 1087 1055 μήτε
1135 985 1269 1037 θύειν
1323 992 1429 1047 τοῖς
1479 986 1612 1046 θεοῖς
1656 991 1763 1045 τοῖς

165 1072 552 1148 ούρανίοις;Ὀ
605 1073 753 1144 οἶγιος
811 1076 1047 1134 Λεόντιος
1114 1071 1294 1144 λέγει·
1351 1072 1523 1146 Ἡμεῖς
1578 1075 1764 1134 πάντες

169 1168 474 1238 Χριστιανοί
541 1161 712 1234 ἐσμεν.
767 1166 866 1213 Καὶ
938 1163 986 1213 οἱ
1051 1164 1140 1233 μὲν
1193 1166 1286 1219 τὴν
1365 1162 1509 1214 πόλιν
1570 1164 1762 1218 ταύτην

165 1251 422 1324 οἰκοῦμεν,
457 1253 504 1303 oi
551 1247 609 1302 δε
652 1254 740 1302 xui
787 1248 841 1301 ἐκ
887 1257 980 1311 τῆς
1012 1255 1192 1323 χώρας
1222 1257 1312 1310 τῆς
1355 1251 1454 1302 ὑπὸ
1497 1254 1589 1308 την
1619 1249 1765 1301 πόλιν

167 1343 456 1413 ὥρμηνται.
517 1343 616 1392 Καὶ
694 1342 879 1413 πατρὶς
933 1341 1023 1410 μεν
1075 1338 1200 1410 ἡμῖν
1250 1338 1381 1396 αὕτη
1437 1341 1465 1396 ἡ
1524 1337 1763 1409 ἐπίγειος,

165 1435 339 1504 πατὴρ
391 1425 450 1481 δὲ
494 1431 717 1501 Χριστός
762 1429 787 1479 ό
819 1426 1156 1501 ἐπουράνιος·
1207 1431 1297 1479 καὶ
1351 1427 1501 1487 αὐτός
1553 1425 1692 1478 ἐστιν
1740 1428 1766 1478 6

167 1515 389 1581 διδάξας
438 1520 579 1591 ἡμᾶς
621 1521 709 1568 καὶ
756 1520 944 1578 πείσας
993 1518 1126 1577 θεοῖς
1169 1518 1378 1588 κούφοις
1422 1521 1510 1568 καὶ
1557 1515 1766 1587 τυφλοῖς

165 1612 237 1680 μὴ
289 1607 573 1682 λατρεύειν,
627 1611 758 1679 μήτε
805 1607 972 1679 ἔργοις
1018 1612 1210 1678 χειρῶν
1264 1603 1544 1677 ἀνθρώπων
1602 1623 1766 1677 προσ-

165 1703 332 1749 κυνεῖν
341 1737 354 1752 .

238 1785 289 1838 I"
376 1790 420 1839 A
508 1788 516 1800 ⁸
672 1781 690 1798 ³
735 1801 754 1812 ⁸
788 1799 799 1811 ⁸

297 1827 309 1840 .
425 1803 577 1844 υσιας
648 1803 780 1836 ειπον

165 1874 312 1945 Οὐχὶ
365 1872 668 1944 ἐσταυρώθη
723 1876 812 1923 καὶ
865 1869 1146 1938 ἀπέθανεν;
1203 1870 1261 1923 '0
1324 1871 1468 1943 ἅγιος
1525 1877 1764 1932 Λεόντιος

162 1961 318 2033 λέγει·
367 1967 451 2021 Μὴ
500 1966 651 2035 μόνον
710 1964 766 2012 τό
825 1960 1068 2012 ἀπέθανεν
1120 1958 1382 2024 ἀκούσεις,
1442 1958 1547 2011 ἀλλ’
1602 1959 1762 2018 ἐννοή-

169 2052 293 2108 θητι
339 2053 418 2103 ὁτι
469 2055 557 2102 xui
587 2051 778 2121 ἠγέρθη
828 2053 918 2100 καὶ
949 2049 1049 2108 ζῶν
1080 2048 1220 2100 ἐστιν
1266 2047 1314 2099 ἐν
1354 2056 1462 2110 τοῖς
1503 2048 1756 2121 οὐρανοῖς·

164 2139 290 2191 ἑκὼν
333 2141 432 2213 γὰρ
485 2138 730 2190 ἀπέθανεν
778 2133 851 2188 δι’
898 2139 1058 2208 ἡμᾶς,
1106 2143 1196 2189 xui
1250 2137 1401 2189 πάλιν
1446 2139 1662 2212 ἠγέρθη,
1694 2141 1763 2198 ὡς

162 2229 271 2286 υἱός
298 2227 364 2276 ὢν
397 2234 486 2278 τοῦ
532 2233 685 2279 Θεοῦ.
725 2229 925 2285 Λυσίας
982 2224 1141 2277 εἶπεν·
1184 2225 1386 2277 Οὐκοῦν
1431 2227 1494 2298 ζῇ
1545 2235 1631 2278 νύν
1661 2245 1673 2293 ;
1704 2234 1762 2279 '0

161 2315 312 2386 ἅγιος
367 2320 603 2375 Λεόντιος
655 2314 832 2384 λέγει·
887 2312 925 2364 ὧ
998 2317 1194 2376 Λυσία,
1249 2316 1297 2365 οἱ
1362 2317 1598 2388 ὑμέτεροι
1664 2318 1762 2369 θεοὶ

166 2403 505 2464 ἀποθανόντες
553 2403 610 2454 ού
667 2403 847 2462 ζῶσιν·
883 2404 908 2452 6
965 2399 1024 2454 δε
1076 2403 1322 2476 ἡμέτερος
1370 2409 1630 2462 Δεσπότης
1673 2409 1761 2454 καὶ

166 2497 312 2557 Θεὸς,
342 2495 366 2545 6
397 2495 460 2544 τὰ
512 2494 682 2545 πάντα
725 2499 786 2563 τῇ
843 2487 957 2562 ἰδίᾳ
1011 2488 1158 2562 δεξίᾴ
1200 2496 1558 2564 καταρτήσας,
1610 2493 1762 2565 ούρα-

162 2585 268 2645 νόν,
324 2590 442 2651 γῆν,
501 2579 789 2644 Θάλασσαν,

164 2671 309 2741 ἡμῶν
361 2667 627 2732 ἀπέθανεν,
685 2668 768 2719 ἱνα
812 2669 948 2738 ἡμᾶς
1007 2665 1289 2739 ἀποσπάσῃ
1344 2675 1438 2729 τῆς
1491 2664 1759 2720 εἰδωλολα-

160 2761 368 2831 τρείας·
432 2755 618 2818 ἐκεῖνος
678 2756 766 2826 ζῇ,
825 2760 910 2806 xui
970 2756 1106 2826 ἡμᾶς
1187 2752 1424 2816 ἐδίδαξεν
1498 2757 1762 2826 ὑπεραπο-

164 2848 407 2903 θνησκειν
460 2845 642 2907 αὐτοῦ,
702 2846 784 2894 ἵνα
846 2846 934 2892 καὶ
1005 2844 1170 2912 ἡμεῖς,
1229 2841 1583 2908 ἀποθανόντες,
1645 2861 1763 2893 συν-

866 2583 956 2630 καὶ
1013 2581 1204 2640 πάντας
1261 2577 1577 2652 ἀνθρώπους,
1633 2580 1756 2652 ὑπὲρ

162 2935 409 3004 ζήσωμεν
469 2931 634 3001 αύτῷ.
689 2934 892 2989 Λυσίας
949 2925 1105 2980 εἶπεν·
1165 2928 1308 2998 Ούχὶ
1366 2925 1575 2980 δώδεκά
1634 2929 1761 2980 εἰσιν

165 3025 271 3073 θεοὶ
315 3021 581 3091 ο·3ράνιοι;
628 3025 773 3069 ποῖον
827 3013 912 3069 οὖν
961 3021 1026 3067 σὺ
1079 3017 1238 3087 λέγεις
1292 3017 1458 3089 ἕτερον
1505 3019 1652 3079 Θεόν,
1708 3016 1762 3075 ὃς

163 3109 404 3166 ἐποίησεν
458 3108 692 3182 ούρανόν,
742 3111 829 3158 xui
875 3113 991 3176 γῆν,
1043 3110 1130 3156 xui
1188 3104 1455 3156 θάλασσαν
1485 3123 1496 3170 ;
1524 3103 1582 3156 Ὀ
1621 3105 1763 3176 ἅγιος

168 3202 406 3258 Λεόντιος
460 3195 614 3268 λέγει·
673 3200 820 3248 Ποίοί
877 3194 1005 3246 εἰσιν
1064 3195 1112 3245 οἱ
1166 3196 1270 3246 θεοὶ
1322 3195 1502 3265 ὑμῶν;
1557 3199 1764 3256 Λυσίας

164 3287 340 3358 λέγει·
391 3289 537 3349 Ζεὺς,
589 3292 675 3336 xui
725 3283 1003 3347 Ἀπόλλων,
1059 3286 1148 3334 xui
1203 3282 1518 3348 Ασκληπιός,
1571 3287 1659 3334 καὶ
1715 3284 1763 3334 οἱ

169 3374 337 3444 ἄλλοι,
373 3375 455 3435 οὓς
509 3373 644 3426 σέϐει
692 3375 721 3432 ἡ
777 3375 1052 3445 σύμπασα.
1097 3371 1154 3424 Ὀ
1204 3371 1350 3442 ἅγιος
1402 3376 1638 3432 Λεόντιος
1687 3370 1762 3423 λέ-

168 3483 270 3536 γει·
350 3467 475 3526 Ζεύς
544 3459 631 3515 οὖν
689 3463 796 3520 θεός
851 3460 1028 3524 ἐστιν;
1090 3465 1290 3520 Λυσίας
1366 3457 1499 3512 εἶπεν
1533 3478 1545 3489 ·
1608 3461 1760 3525 Ούαὶ,

171 3553 426 3625 ἐμμάνης,
481 3553 716 3626 ἄνθρωπε
765 3549 1089 3623 βλασφημῶν
1126 3569 1138 3581 ·

170 3650 272 3694 τῶν
325 3646 445 3703 τοὺς
496 3641 761 3712 οὐρανοὺς,
802 3643 970 3712 πατὴρ
1026 3635 1228 3712 ἀνδρῶν
1280 3658 1333 3690 τε
1380 3643 1468 3690 καὶ
1520 3640 1661 3691 θεῶν.
1708 3636 1766 3689 Ὀ

1328 3726 1466 3778 ἐστιν
1543 3727 1566 3778 6
1645 3729 1770 3788 Ζεύς

1187 3549 1340 3611 αὐτός
1391 3548 1529 3600 ἐστιν
1572 3549 1597 3600 6
1645 3568 1766 3624 κρα-

186 3730 206 3746 η
464 3733 472 3742 ,
711 3733 718 3743 .
927 3727 937 3738 .
1029 3724 1049 3741 τ
1208 3732 1216 3739 .

171 3750 324 3801 αγιος
379 3735 612 3788 Λεοντιος
665 3727 818 3799 λεγει·
884 3735 940 3780 Ει
994 3747 1080 3778 ουν
1141 3729 1246 3786 θεος

174 3821 396 3881 πάντως,
432 3820 511 3868 ὅτι
563 3821 651 3868 xui
702 3817 926 3890 ἰσχυρός
969 3814 1126 3878 ἐστιν,
1160 3821 1250 3866 καὶ
1297 3817 1437 3887 ὑμῶν
1486 3824 1582 3866 τῶν
1615 3813 1764 3867 ἐκδί-

173 3927 278 3958 κων
330 3907 387 3958 ού
430 3906 624 3978 χρῄζει
674 3904 1046 3976 ἀσεϐούμενος·
1079 3907 1280 3966 πάντως
1326 3901 1384 3956 δὲ
1431 3908 1520 3956 xui
1564 3901 1770 3966 δίκαιός

176 3996 311 4060 ἐστι,
385 4000 469 4047 xui
547 3999 916 4066 μισοπόνηρος,

516 4091 684 4155 μισῶν
766 4081 1157 4157 ἀρῥητοποιίαν,

1008 4002 1174 4064 μισῶν
1257 3998 1521 4065 μοιχείαν,
1601 4001 1768 4066 μισῶν

175 4088 434 4160 πορνείαν,
516 4091 684 4155 μισῶν
766 4081 1157 4157 ἀρῥητοποιίαν,
1234 4091 1400 4154 μισῶν
1477 4079 1766 4154 ἀδελφογα-

174 4178 323 4246 μίαν,
374 4181 542 4244 μισῶν
589 4173 858 4243 πολέμους,
911 4175 1001 4222 καὶ
1068 4170 1222 4242 φιλῶν
1281 4171 1502 4243 εἰρήνην.
1555 4170 1612 4222 Ὀ
1663 4174 1764 4243 γὰρ

175 4265 304 4322 Θεὸς
355 4261 539 4333 ὀφείλει
590 4260 772 4319 τέλειος
831 4257 978 4327 εἶναι,
1037 4264 1126 4310 καὶ
1179 4255 1494 4329 ἀπροσδεὴς,
1545 4264 1632 4310 καὶ
1685 4258 1767 4309 ἀν-

174 4352 493 4424 αμάρτητος.
543 4350 660 4402 Ἐὰν
732 4351 830 4422 γὰρ
890 4347 1094 4418 ἁμάρτῃ
1157 4347 1181 4396 ό
1241 4348 1352 4406 θεός
1407 4347 1570 4416 ὑμῶν,
1626 4345 1766 4398 ἐστὶν

173 4439 500 4511 ἁμαρτωλός,
533 4441 621 4488 xui
664 4435 817 4487 ἄλλου
851 4440 975 4488 Θεοῦ
1021 4438 1204 4506 χρείαν
1247 4437 1353 4504 ἔχει
1408 4433 1765 4506 ἀναμαρτητου

174 4529 250 4589 εἰς
278 4525 561 4598 διόρθωσιν
594 4524 799 4578 ἑαυτοῦ.

252 4614 322 4669 Δ’.
369 4619 571 4676 Λυσίας
601 4610 767 4665 εἶπεν·
803 4615 869 4663 Σὺ
916 4607 962 4663 εἷ
1000 4611 1024 4662 6
1078 4607 1308 4673 δικάζων
1362 4613 1426 4664 τὰ
1477 4619 1575 4664 τῶν
1622 4614 1765 4683 θεῶν,

172 4707 314 4760 κακὴ
363 4701 594 4774 κεφαλὴτ,
629 4703 713 4754 Μὰ
764 4704 856 4758 τὴν
908 4703 1164 4772 σωτηρίαν
1217 4708 1313 4751 τῶν
1368 4701 1510 4768 θεῶν,
1541 4705 1627 4752 xui
1676 4707 1767 4761 τὴν

172 4793 326 4866 ἐμὴν,
378 4799 548 4852 κακῶς
601 4789 833 4842 ἀπολέσω
889 4790 1038 4860 ὑμᾶς.
1093 4787 1150 4840 Ὁ
1207 4787 1351 4859 ἅγιος
1405 4793 1639 4850 Λεόντιος
1689 4791 1766 4843 λέ-

168 4897 294 4954 γει.
355 4884 438 4936 Μὴ
520 4878 791 4950 ἀγανάκτει
871 4882 955 4934 τὴν
1031 4876 1271 4935 ἀλήθειαν
1347 4875 1584 4928 ἀκούων·
1658 4885 1767 4941 τοῖς

170 4969 465 5041 ἀνθρώποις
515 4973 648 5018 πᾶσι
694 4970 838 5037 νόμοι
890 4966 1158 5030 τέθεινται,
1217 4967 1264 5016 οἱ
1311 4968 1400 5036 μὲν
1447 4965 1670 5037 λογικοὶ,
1720 4970 1768 5020 οἱ

171 5056 238 5112 δὲ
286 5062 519 5130 φυσικοὶ,
580 5057 644 5116 ὡς
697 5055 754 5106 ού
812 5057 920 5127 χρὴ
977 5055 1243 5126 ἄνθρωπον
1298 5053 1569 5130 ἀλλοτρίαν
1626 5058 1767 5128 ἔχειν

169 5153 421 5220 γυναῖκα,
469 5149 584 5198 οὔτε
633 5141 1027 5216 ἀδελφογαμεῖν,
1078 5145 1192 5194 οὔτε
1244 5143 1511 5215 πολέμους·
1541 5143 1766 5216 ἀγαπᾷν,

172 5242 268 5289 xui
320 5234 573 5309 προξενεῖν
626 5233 830 5306 ὄλεθρον
878 5238 985 5291 τοῖς
1037 5229 1343 5303 ἀνθρώποις.
1394 5235 1547 5305 Εἴπερ
1601 5242 1768 5292 σωτῆ-

175 5344 274 5398 ρας
322 5323 512 5384 αὐτοὺς
562 5322 748 5386 καλεῖς,
813 5318 1020 5392 ὤφειλον
1072 5319 1258 5392 μᾶλλον
1315 5319 1369 5373 ἐκ
1421 5329 1514 5383 τῆς
1566 5322 1770 5397 εἰρήνης

183 5412 391 5477 σώζειν,
424 5415 512 5463 xui
560 5410 941 5484 περιποιεῖσθαι
990 5411 1107 5468 τοὺς
1158 5407 1481 5481 σεϐομένους,
1525 5410 1585 5462 Εἰ
1637 5406 1694 5463 δὲ
1741 5413 1766 5463 6

183 5501 294 5559 θεὸς
346 5501 486 5571 ὑμῶν
538 5506 755 5551 τοιαῦτα
805 5492 1198 5569 διαπράττεται,
1248 5502 1337 5550 xui
1392 5502 1514 5561 τοὺς
1565 5496 1767 5572 ἀνθρώ-

180 5605 318 5650 πους
356 5590 583 5642 πεισάτω
624 5586 784 5640 λῦσαι
825 5588 942 5646 τοὺς
990 5589 1192 5660 νόμους·
1228 5587 1260 5646 ἢ
1306 5591 1400 5641 xui
1449 5588 1522 5651 ὡς
1564 5588 1769 5663 ἄνθρω-

880 1787 978 1835 Καὶ
1047 1789 1147 1834 ποῦ
1196 1781 1334 1834 ἐστιν
1401 1783 1426 1833 6
1497 1786 1838 1857 Χριστός;Β

1875 543 2096 598 stianos
2123 560 2185 600 se
2215 544 2546 601 dictitantes
2568 545 2718 601 ultro
2749 545 2824 602 ad
2861 547 3089 617 Lysiam
3119 553 3513 604 accesserunt.

1874 627 1982 694 Qui
2007 634 2183 685 talem
2215 630 2273 686 in
2297 629 2434 686 viris
2455 632 2890 702 contemplatus
2907 632 3091 687 animi
3109 632 3517 689 celsitudinem

1872 723 2276 787 percontatus,
2308 719 2436 775 illos
2454 724 2559 786 est,
2584 719 2788 774 dicens
2820 737 2834 774 :
2864 721 3093 790 Cujates
3115 721 3277 789 estis,
3302 726 3359 778 et
3387 721 3519 794 quis

1871 813 2079 862 auctor
2117 807 2286 862 vobis
2327 813 2435 872 est,
2469 824 2541 862 ne
2573 808 2797 863 cultum
2825 813 2928 863 aut
2971 809 3326 864 sacriﬁcium
3363 809 3520 865 defe-

1869 895 2009 950 ratis
2048 894 2161 951 diis
2195 897 2529 953 coelestibus
2552 896 2579 952 ?
2611 895 2712 952 Cui
2743 902 2985 953 sanctus
3037 900 3350 955 Leontius:
3385 897 3520 954 Om-

1871 998 1977 1038 nes
2025 999 2135 1040 nos
2187 984 2498 1040 Christiani
2529 1001 2757 1050 sumus,
2786 991 2839 1040 et
2868 1001 2980 1040 nos
3017 985 3262 1057 quidem
3311 985 3519 1042 urbem

1872 1071 2028 1127 hanc
2045 1071 2382 1138 incolimus,
2407 1073 2485 1128 illi
2501 1089 2643 1129 vero
2665 1089 2695 1129 e
2711 1073 2972 1144 regione,
2993 1090 3127 1145 quae
3148 1074 3277 1129 urbi
3295 1073 3516 1139 subest,

1873 1160 2259 1216 advenerunt.
2290 1162 2353 1215 Et
2376 1160 2572 1232 patria
2601 1161 2848 1232 quidem
2899 1161 3186 1217 terrestris
3217 1163 3389 1218 nobis
3421 1178 3514 1219 ea-

1873 1248 2011 1302 dem
2059 1254 2165 1312 est,
2208 1251 2371 1304 Pater
2403 1264 2538 1303 vero
2586 1249 2836 1304 caelestis
2876 1249 3134 1304 Christus
3169 1256 3385 1322 ;atque
3423 1250 3519 1306 hic

1875 1343 1979 1402 est,
2009 1337 2111 1406 qui
2141 1352 2250 1391 nos
2275 1336 2497 1403 docuit,
2530 1341 2586 1392 et
2605 1337 2902 1409 persuasit
2929 1339 3074 1392 deos
3092 1345 3290 1394 mutos
3320 1354 3389 1394 ac
3411 1354 3520 1394 cae-

1876 1439 1977 1478 cos
2015 1439 2136 1479 non
2163 1424 2377 1493 colere,
2403 1439 2510 1480 nec
2535 1440 2718 1496 opera
2758 1441 3047 1481 manuum
3069 1425 3384 1482 hominum
3419 1427 3520 1482 ad-

1875 1526 2068 1568 orare.

1943 1777 2033 1832 Ill.
2076 1777 2225 1834 Dixit
2265 1778 2502 1850 Lysias:
2537 1779 2791 1836 Ubinam
2823 1783 2909 1836 est
2976 1779 3234 1836 Christus
3261 1780 3288 1835 ?
3340 1784 3519 1839 Num-

1873 1866 2018 1938 quid
2040 1867 2198 1922 cruci
2219 1866 2433 1922 aﬂixus
2455 1873 2509 1923 et
2531 1874 2798 1923 mortuus
2814 1873 2899 1923 est
2921 1867 2949 1922 ?
2966 1867 3064 1924 Cui
3086 1875 3322 1925 sanctus
3337 1870 3522 1926 Leon-

1872 1956 1986 2011 tius
2018 1974 2030 2013 :
2073 1961 2200 2011 Non
2253 1956 2446 2011 solum
2483 1956 2624 2011 audi
2665 1962 2966 2013 mortuum
3018 1973 3164 2022 esse,
3194 1957 3298 2014 sed
3329 1974 3520 2015 resur-

1870 2045 2084 2100 rexisse
2124 2045 2456 2114 considera,
2485 2049 2540 2100 et
2595 2045 2789 2100 vivere
2845 2045 2906 2100 in
2956 2045 3116 2101 ccelis
3145 2063 3158 2114 ;
3191 2047 3296 2102 sed
3361 2049 3520 2102 enim

1871 2139 2141 2189 mortuus
2166 2139 2252 2188 est
2277 2133 2463 2188 libens
2493 2137 2734 2205 propter
2772 2149 2904 2198 nos,
2938 2140 2994 2189 et
3023 2135 3231 2191 iterum
3264 2151 3521 2192 resurre-

1871 2222 1970 2286 xit,
2008 2229 2292 2293 tanquam
2323 2222 2610 2277 exsistens
2670 2223 2842 2278 Filius
2909 2223 3030 2278 Dei.
3064 2225 3210 2279 Dixit
3268 2225 3468 2296 Lysias
3505 2243 3518 2280 :

1872 2312 2093 2381 Nempe
2123 2310 2302 2365 etiam
2335 2325 2493 2365 nunc
2513 2309 2654 2365 vivit
2679 2309 2707 2364 ?
2735 2310 2837 2365 Cui
2864 2317 3104 2366 sanctus
3131 2312 3404 2368 Leontius
3437 2329 3448 2368 :
3476 2315 3518 2370 Ο

1873 2397 2066 2469 Lysia,
2098 2399 2178 2452 dii
2210 2399 2403 2462 vestri,
2439 2405 2756 2470 postquam
2805 2399 3019 2454 mortui
3070 2406 3221 2466 sunt,
3255 2417 3376 2456 non
3433 2402 3519 2455 vi-

1869 2491 2014 2540 vunt
2037 2503 2056 2556 ;
2078 2493 2137 2541 at
2159 2501 2296 2541 vero
2323 2486 2612 2542 Dominus
2635 2493 2827 2542 uoster
2857 2503 2925 2542 ac
2946 2487 3120 2552 Deus,
3153 2488 3255 2559 qui
3278 2488 3520 2544 dextera

1871 2589 1983 2628 sua
2009 2573 2304 2642 gubernat
2329 2575 2554 2640 omnia,
2583 2576 2821 2641 emtum,
2859 2580 3094 2641 terram,
3141 2592 3304 2632 mare
3333 2582 3388 2632 et
3411 2577 3522 2632 ho-

1872 2662 2060 2716 mines
2114 2677 2346 2726 omnes,
2381 2677 2488 2734 pro
2542 2662 2733 2728 nobis,
2767 2669 3036 2718 mortuus
3063 2669 3167 2730 est,
3204 2671 3266 2720 ut
3295 2680 3404 2719 nos
3448 2681 3520 2720 ex

1869 2751 2166 2806 idolorum
2209 2751 2370 2806 cultu
2397 2752 2747 2808 extraheret.
2783 2752 2935 2808 Vivit
2963 2753 3031 2817 is,
3065 2759 3119 2808 et
3157 2754 3361 2809 docuit
3410 2770 3520 2809 nos

1870 2853 1974 2908 pro
2015 2853 2075 2892 se
2110 2839 2280 2900 mori,
2308 2845 2370 2892 ut
2438 2840 2676 2906 mortui,
2708 2855 2845 2894 cum
2909 2839 3005 2894 illo
3038 2841 3329 2896 vivamus.
3366 2841 3521 2896 Dixit

1874 2927 2076 2996 Lysias
2112 2942 2125 2980 :
2167 2927 2370 2980 Nonne
2395 2926 2712 2982 duodecim
2740 2928 2822 2982 dii
2853 2927 3116 2984 caelestes
3151 2936 3287 2984 sunt
3314 2930 3342 2982 ‘2
3373 2931 3522 2995 Qua-

1871 3012 1989 3067 lem
2021 3027 2160 3082 ergo
2193 3019 2250 3068 tu
2284 3013 2466 3068 alium
2495 3015 2643 3071 dicis
2671 3017 2880 3084 Deum,
2919 3017 3018 3088 qui
3053 3017 3185 3072 fecit
3215 3023 3430 3074 coelum
3467 3026 3523 3076 et

1871 3109 2089 3164 terram
2116 3108 2171 3156 et
2204 3117 2364 3156 mare
2389 3103 2418 3153 τι
2456 3104 2708 3159 Sanctus
2746 3105 3018 3160 Leontius
3050 3106 3231 3166 dixit:
3264 3109 3518 3172 Quinam

1814 3175 1836 3195 ³
1872 3192 1950 3246 dii
1983 3192 2158 3246 vestri
2190 3195 2329 3245 sunt
2352 3191 2380 3242 ‘?
2405 3191 2608 3261 Lysias
2647 3191 2790 3246 dixit
2825 3210 2837 3246 :
2864 3198 3108 3264 Insuper
3137 3203 3193 3250 et
3229 3198 3437 3266 Apollo
3467 3206 3525 3254 et

1873 3279 2272 3350 Esculapius,
2288 3279 2526 3351 aliique,
2546 3295 2698 3351 quos
2711 3280 2872 3335 orbis
2885 3281 3021 3336 colit
3035 3283 3365 3339 universus.
3380 3286 3527 3341 San-

1873 3375 2000 3425 ctus
2029 3367 2305 3423 Leontius
2327 3367 2476 3422 dixit
2502 3385 2514 3423 :
2547 3368 2771 3439 Jupiter
2807 3384 2948 3438 ergo
2974 3370 3130 3424 Deus
3159 3377 3245 3426 est
3273 3371 3300 3426 ?
3321 3373 3524 3445 Lysias

1875 3457 2041 3513 dixit:
2070 3455 2223 3511 Vah!
2257 3455 2500 3525 insanis,
2521 3456 2703 3512 homo
2735 3457 3083 3530 blaspheme
3110 3476 3120 3512 :
3144 3458 3269 3530 ipse
3292 3467 3394 3525 est,
3422 3463 3526 3533 qui

1875 3545 2057 3601 cmlos
2107 3549 2283 3612 tenet,
2315 3545 2748 3616 hominumque
2804 3552 2969 3618 pater
2997 3552 3053 3602 et
3077 3547 3347 3604 deorum.
3381 3552 3520 3606 San-

1879 3639 2006 3690 ctus
2031 3631 2310 3688 Leontius
2331 3632 2474 3687 dixit
2504 3649 2516 3686 :
2552 3633 2607 3688 Si
2633 3633 2811 3703 igitur
2831 3635 2975 3689 deus
3002 3641 3087 3690 est
3109 3637 3348 3707 Jupiter,
3380 3638 3525 3710 quia

1879 3722 2125 3778 omnino
2149 3720 2315 3776 fortis
2330 3727 2436 3786 est,
2455 3721 2626 3776 vobis
2648 3721 3080 3790 defensoribus,
3103 3725 3347 3796 quando
3375 3725 3455 3796 inj
3469 3726 3524 3781 ui

1879 3811 1967 3867 ria
1992 3810 2246 3875 laeditur,
2280 3826 2402 3866 non
2429 3811 2653 3880 indiget
2681 3826 2694 3877 ;
2727 3813 2974 3869 omnino
2990 3814 3185 3884 justus
3199 3820 3287 3871 est
3303 3820 3359 3870 et
3379 3814 3522 3870 mali

1879 3916 2036 3963 osor,
2068 3915 2205 3956 osor
2234 3899 2660 3968 fornicationis,
2707 3917 2846 3956 osor
2903 3902 3195 3968 adulterii,
3238 3919 3379 3959 osor
3416 3903 3523 3960 ob-

1880 3988 2180 4044 scenitatis
2236 3987 2531 4054 nefandae,
2564 4004 2700 4042 osor
2748 3988 3024 4055 incestus,
3056 4006 3193 4046 osor
3234 3991 3523 4047 bellorum

1879 4081 1933 4130 et
1963 4091 2175 4130 amans
2205 4075 2388 4144 pacis.
2421 4075 2643 4130 Etenim
2673 4077 2825 4130 Deus
2855 4077 3146 4148 perfectus
3182 4080 3520 4150 sitoportet,

1877 4162 2276 4231 egestatisque
2331 4176 2400 4215 ac
2455 4163 2680 4231 peccati
2729 4179 2978 4234 expers:
3036 4181 3176 4220 nam
3227 4167 3272 4220 si
3313 4174 3525 4237 peccat

1877 4252 2021 4305 deus
2049 4255 2254 4313 vester,
2284 4254 2560 4320 peccator
2589 4255 2674 4304 est
2706 4267 2720 4315 ;
2753 4257 2808 4305 et
2837 4252 2954 4307 Deo
2980 4257 3108 4321 eget
3148 4255 3330 4310 altero
3385 4272 3524 4327 pec-

1876 4354 2010 4396 care
2039 4338 2263 4405 nescio,
2291 4337 2368 4394 ad
2396 4338 2875 4395 emendationem
2904 4357 3095 4397 suam.

1948 4609 2034 4662 ιν.
2070 4607 2271 4680 Lysias
2322 4606 2470 4662 dixit
2502 4622 2513 4662 :
2543 4608 2623 4662 Tu
2661 4623 2908 4664 causam
2952 4610 3101 4665 dicis
3147 4627 3352 4668 eorum
3385 4629 3522 4686 quas

1879 4697 1957 4753 ad
2009 4696 2152 4752 deos
2195 4696 2462 4759 attinent,
2497 4696 2724 4752 malum
2773 4705 2950 4769 caput
2980 4699 3007 4754 ?
3038 4699 3146 4754 Per
3176 4700 3425 4756 deorum
3465 4708 3522 4758 et

1878 4800 2073 4840 meam
2106 4783 2376 4849 salutem,
2404 4783 2557 4838 male
2601 4799 2706 4838 vos
2759 4785 3026 4856 perdam.
3063 4788 3311 4842 Sanctus
3340 4789 3524 4844 Leon-

1878 4874 1990 4932 tius
2020 4873 2159 4929 dicit
2188 4891 2204 4927 :
2235 4873 2317 4928 Ne
2347 4871 2589 4942 indigne
2621 4872 2774 4929 feras
2815 4874 3021 4930 audire
3051 4876 3381 4932 veritatem.
3413 4880 3523 4934 Ho-

1877 4963 2142 5019 minibus
2171 4961 2451 5018 omnibus
2484 4968 2605 5018 tam
2635 4963 2782 5018 ratio
2813 4979 2996 5035 quam
3021 4970 3232 5020 natura
3265 4968 3520 5036 praescri-

1878 5054 1991 5126 psit
2011 5053 2189 5121 leges,
2221 5067 2340 5106 non
2371 5067 2501 5106 esse
2535 5067 2664 5123 par,
2690 5055 2755 5110 ut
2785 5051 2968 5108 homo
3000 5052 3255 5110 alienam
3303 5055 3522 5113 habeat

1878 5156 2148 5204 uxorem,
2172 5145 2354 5213 utque
2382 5141 2709 5195 committat
2737 5139 3050 5206 incestum,
3081 5148 3183 5197 aut
3214 5143 3368 5199 bella
3392 5144 3521 5200 dili-

1878 5236 1997 5299 gat,
2030 5235 2130 5284 aut
2160 5228 2503 5284 hominibus
2533 5228 2855 5300 perniciem
2876 5228 3106 5286 inferat.
3135 5231 3189 5287 Si
3216 5247 3318 5288 eos
3341 5249 3519 5290 vocas

1878 5319 2279 5391 sospitatores,
2314 5317 2596 5373 deberent
2621 5316 2815 5388 potius
2834 5332 2903 5372 ex
2936 5333 3084 5390 pace
3112 5335 3346 5377 servare
3371 5323 3521 5379 etde

1877 5409 2197 5464 cultoribus
2227 5407 2347 5463 suis
2377 5406 2525 5462 bene
2559 5407 2787 5462 mereri.
2816 5407 2874 5462 Si
2904 5408 3048 5464 deus
3078 5416 3268 5467 vester
3297 5414 3408 5469 ista
3433 5412 3522 5470 fa-

1876 5499 1972 5566 cit,
2019 5497 2268 5554 suadeat
2316 5496 2660 5553 hominibus
2703 5496 2931 5554 solvere
2983 5499 3185 5571 leges;
3216 5501 3310 5557 vel
3368 5502 3521 5559 sicut

1875 5588 2082 5656 homo,
2109 5587 2258 5644 deus
2276 5590 2470 5644 vester
2498 5590 2657 5657 agat,
2682 5591 2740 5644 et
2765 5586 3041 5645 homines
3067 5589 3347 5647 imitetur.
3370 5589 3528 5649 Nam.
