  <div class='ocr_page' id='page_1' title='image "/cluster/home/n/w/nwhite01/storage/ocr_20150623/115/mdp.39015028574336/171.png"; bbox 0 0 4114 6262; ppageno 0'>
   <div class='ocr_carea' id='block_1_1' title="bbox 617 254 720 336">
    <p class='ocr_par' dir='ltr' id='par_1_1' title="bbox 617 254 720 336">
     <span class='ocr_line' id='line_1_1' title="bbox 617 254 720 336; baseline -0.019 -2"><span class='ocrx_word' id='word_1_1' title='bbox 617 254 720 336; x_wconf 66' lang='lat'>327</span> 
     </span>
    </p>
   </div>
   <div class='ocr_carea' id='block_1_2' title="bbox 2009 239 3992 320">
    <p class='ocr_par' dir='ltr' id='par_1_2' title="bbox 2009 239 3992 320">
     <span class='ocr_line' id='line_1_2' title="bbox 2009 239 3992 320; baseline -0.004 0"><span class='ocrx_word' id='word_1_2' title='bbox 2009 241 2271 320; x_wconf 78' lang='lat' dir='ltr'>MENSIS</span> <span class='ocrx_word' id='word_1_3' title='bbox 2308 239 2581 319; x_wconf 84' lang='lat' dir='ltr'>JULIUS.</span> <span class='ocrx_word' id='word_1_4' title='bbox 3897 255 3992 312; x_wconf 74' lang='lat'>323</span> 
     </span>
    </p>
   </div>
   <div class='ocr_carea' id='block_1_3' title="bbox 620 383 2257 473">
    <p class='ocr_par' dir='ltr' id='par_1_3' title="bbox 620 389 2257 473">
     <span class='ocr_line' id='line_1_3' title="bbox 620 389 2257 473; baseline -0.008 -17"><span class='ocrx_word' id='word_1_5' title='bbox 620 404 669 458; x_wconf 87' lang='lat' dir='ltr'>si</span> <span class='ocrx_word' id='word_1_6' title='bbox 699 403 798 468; x_wconf 86' lang='lat' dir='ltr'>illi,</span> <span class='ocrx_word' id='word_1_7' title='bbox 831 400 929 473; x_wconf 91' lang='lat' dir='ltr'>qui</span> <span class='ocrx_word' id='word_1_8' title='bbox 965 398 1188 454; x_wconf 88' lang='lat' dir='ltr'>faciunt</span> <span class='ocrx_word' id='word_1_9' title='bbox 1217 411 1285 452; x_wconf 91' lang='lat' dir='ltr'>ea</span> <span class='ocrx_word' id='word_1_10' title='bbox 1325 411 1453 466; x_wconf 66' lang='lat' dir='ltr'>qum</span> <span class='ocrx_word' id='word_1_11' title='bbox 1482 395 1572 451; x_wconf 77' lang='lat' dir='ltr'>lex</span> <span class='ocrx_word' id='word_1_12' title='bbox 1617 410 1739 450; x_wconf 91' lang='lat' dir='ltr'>non</span> <span class='ocrx_word' id='word_1_13' title='bbox 1764 392 1956 464; x_wconf 80' lang='lat' dir='ltr'>jubet,</span> <span class='ocrx_word' id='word_1_14' title='bbox 1985 389 2257 463; x_wconf 63' lang='lat' dir='ltr'>praevari-</span> 
     </span>
    </p>
   </div>
   <div class='ocr_carea' id='block_1_4' title="bbox 2365 383 3993 473">
    <p class='ocr_par' dir='ltr' id='par_1_4' title="bbox 2377 383 3993 459">
     <span class='ocr_line' id='line_1_4' title="bbox 2377 383 3993 459; baseline -0.004 -19"><span class='ocrx_word' id='word_1_15' title='bbox 2377 407 2467 448; x_wconf 86' lang='grc' dir='ltr'>πος</span> <span class='ocrx_word' id='word_1_16' title='bbox 2518 390 2783 459; x_wconf 85' lang='grc' dir='ltr'>πραττέτω</span> <span class='ocrx_word' id='word_1_17' title='bbox 2837 387 2862 436; x_wconf 99' lang='lat'>6</span> <span class='ocrx_word' id='word_1_18' title='bbox 2949 387 3054 445; x_wconf 90' lang='grc' dir='ltr'>θεὸς</span> <span class='ocrx_word' id='word_1_19' title='bbox 3110 385 3273 456; x_wconf 78' lang='grc' dir='ltr'>ὑμῶν,</span> <span class='ocrx_word' id='word_1_20' title='bbox 3325 387 3417 435; x_wconf 89' lang='grc' dir='ltr'>καὶ</span> <span class='ocrx_word' id='word_1_21' title='bbox 3490 383 3838 455; x_wconf 82' lang='grc' dir='ltr'>μιμησάσθω</span> <span class='ocrx_word' id='word_1_22' title='bbox 3889 389 3993 443; x_wconf 72' lang='grc' dir='ltr'>τούς</span> 
     </span>
    </p>
   </div>
   <div class='ocr_carea' id='block_1_5' title="bbox 619 482 2264 554">
    <p class='ocr_par' dir='ltr' id='par_1_5' title="bbox 619 482 2264 554">
     <span class='ocr_line' id='line_1_5' title="bbox 619 482 2264 554; baseline -0.01 -6"><span class='ocrx_word' id='word_1_23' title='bbox 619 497 846 548; x_wconf 90' lang='lat' dir='ltr'>catores</span> <span class='ocrx_word' id='word_1_24' title='bbox 888 489 1183 550; x_wconf 91' lang='lat' dir='ltr'>dicuntur,</span> <span class='ocrx_word' id='word_1_25' title='bbox 1216 501 1575 554; x_wconf 89' lang='lat' dir='ltr'>summoque</span> <span class='ocrx_word' id='word_1_26' title='bbox 1624 482 1921 554; x_wconf 92' lang='lat' dir='ltr'>supplicio</span> <span class='ocrx_word' id='word_1_27' title='bbox 1975 488 2028 535; x_wconf 90' lang='lat' dir='ltr'>et</span> <span class='ocrx_word' id='word_1_28' title='bbox 2077 484 2264 534; x_wconf 89' lang='lat' dir='ltr'>morte</span> 
     </span>
    </p>
   </div>
   <div class='ocr_carea' id='block_1_6' title="bbox 617 565 2263 650">
    <p class='ocr_par' dir='ltr' id='par_1_6' title="bbox 617 565 2263 650">
     <span class='ocr_line' id='line_1_6' title="bbox 617 565 2263 650; baseline -0.01 -15"><span class='ocrx_word' id='word_1_29' title='bbox 617 580 749 650; x_wconf 90' lang='lat' dir='ltr'>ipsa</span> <span class='ocrx_word' id='word_1_30' title='bbox 795 577 954 646; x_wconf 81' lang='lat' dir='ltr'>digni</span> <span class='ocrx_word' id='word_1_31' title='bbox 1007 573 1294 639; x_wconf 90' lang='lat' dir='ltr'>sunt;dii</span> <span class='ocrx_word' id='word_1_32' title='bbox 1348 573 1522 628; x_wconf 80' lang='lat' dir='ltr'>vestri</span> <span class='ocrx_word' id='word_1_33' title='bbox 1555 571 2040 643; x_wconf 64' lang='lat' dir='ltr'>praevaricatores</span> <span class='ocrx_word' id='word_1_34' title='bbox 2097 565 2263 639; x_wconf 85' lang='lat' dir='ltr'>quali</span> 
     </span>
    </p>
   </div>
   <div class='ocr_carea' id='block_1_7' title="bbox 615 653 2263 732">
    <p class='ocr_par' dir='ltr' id='par_1_7' title="bbox 615 653 2263 732">
     <span class='ocr_line' id='line_1_7' title="bbox 615 653 2263 732; baseline -0.009 -10"><span class='ocrx_word' id='word_1_35' title='bbox 615 667 858 722; x_wconf 83' lang='lat' dir='ltr'>tandem</span> <span class='ocrx_word' id='word_1_36' title='bbox 887 664 1089 718; x_wconf 87' lang='lat' dir='ltr'>mortis</span> <span class='ocrx_word' id='word_1_37' title='bbox 1117 677 1330 732; x_wconf 85' lang='lat' dir='ltr'>genere</span> <span class='ocrx_word' id='word_1_38' title='bbox 1363 667 1501 715; x_wconf 90' lang='lat' dir='ltr'>sunt</span> <span class='ocrx_word' id='word_1_39' title='bbox 1529 660 1693 729; x_wconf 84' lang='lat' dir='ltr'>digni</span> <span class='ocrx_word' id='word_1_40' title='bbox 1724 660 1751 714; x_wconf 84' lang='lat'><strong>?</strong></span> <span class='ocrx_word' id='word_1_41' title='bbox 1782 657 2061 712; x_wconf 84' lang='lat' dir='ltr'>Homines</span> <span class='ocrx_word' id='word_1_42' title='bbox 2102 653 2263 708; x_wconf 90' lang='lat' dir='ltr'>novi-</span> 
     </span>
    </p>
   </div>
   <div class='ocr_carea' id='block_1_8' title="bbox 617 746 2263 824">
    <p class='ocr_par' dir='ltr' id='par_1_8' title="bbox 617 746 2263 824">
     <span class='ocr_line' id='line_1_8' title="bbox 617 746 2263 824; baseline -0.009 -14"><span class='ocrx_word' id='word_1_43' title='bbox 617 771 751 810; x_wconf 86' lang='lat' dir='ltr'>mus</span> <span class='ocrx_word' id='word_1_44' title='bbox 808 753 906 824; x_wconf 90' lang='lat' dir='ltr'>qui</span> <span class='ocrx_word' id='word_1_45' title='bbox 943 752 1019 807; x_wconf 93' lang='lat' dir='ltr'>ab</span> <span class='ocrx_word' id='word_1_46' title='bbox 1072 749 1194 805; x_wconf 84' lang='lat' dir='ltr'>istis</span> <span class='ocrx_word' id='word_1_47' title='bbox 1252 765 1313 803; x_wconf 91' lang='lat' dir='ltr'>se</span> <span class='ocrx_word' id='word_1_48' title='bbox 1367 749 1661 820; x_wconf 89' lang='lat' dir='ltr'>spurcitiis</span> <span class='ocrx_word' id='word_1_49' title='bbox 1718 749 2172 803; x_wconf 78' lang='lat' dir='ltr'>continuerunt:</span> <span class='ocrx_word' id='word_1_50' title='bbox 2208 746 2263 796; x_wconf 91' lang='lat' dir='ltr'>et</span> 
     </span>
    </p>
   </div>
   <div class='ocr_carea' id='block_1_9' title="bbox 612 830 2264 914">
    <p class='ocr_par' dir='ltr' id='par_1_9' title="bbox 612 830 2264 914">
     <span class='ocr_line' id='line_1_9' title="bbox 612 830 2264 914; baseline -0.008 -16"><span class='ocrx_word' id='word_1_51' title='bbox 612 841 1158 914; x_wconf 87' lang='lat' dir='ltr'>justiappellantur,</span> <span class='ocrx_word' id='word_1_52' title='bbox 1178 837 1485 893; x_wconf 86' lang='lat' dir='ltr'>libidinem</span> <span class='ocrx_word' id='word_1_53' title='bbox 1505 843 1865 892; x_wconf 80' lang='lat' dir='ltr'>aversantes.</span> <span class='ocrx_word' id='word_1_54' title='bbox 1903 837 2048 902; x_wconf 81' lang='lat' dir='ltr'>Ergo</span> <span class='ocrx_word' id='word_1_55' title='bbox 2078 830 2264 886; x_wconf 91' lang='lat' dir='ltr'>homi-</span> 
     </span>
    </p>
   </div>
   <div class='ocr_carea' id='block_1_10' title="bbox 615 923 2259 995">
    <p class='ocr_par' dir='ltr' id='par_1_10' title="bbox 615 923 2259 995">
     <span class='ocr_line' id='line_1_10' title="bbox 615 923 2259 995; baseline -0.009 -7"><span class='ocrx_word' id='word_1_56' title='bbox 615 949 721 988; x_wconf 88' lang='lat' dir='ltr'>nes</span> <span class='ocrx_word' id='word_1_57' title='bbox 748 931 1112 986; x_wconf 86' lang='lat' dir='ltr'>continentes</span> <span class='ocrx_word' id='word_1_58' title='bbox 1143 927 1258 982; x_wconf 89' lang='lat' dir='ltr'>diis</span> <span class='ocrx_word' id='word_1_59' title='bbox 1292 926 1789 982; x_wconf 90' lang='lat' dir='ltr'>incontinentibus</span> <span class='ocrx_word' id='word_1_60' title='bbox 1818 923 2259 995; x_wconf 70' lang='lat' dir='ltr'>praestantiores</span> 
     </span>
    </p>
   </div>
   <div class='ocr_carea' id='block_1_11' title="bbox 617 1010 2260 1081">
    <p class='ocr_par' dir='ltr' id='par_1_11' title="bbox 617 1010 2260 1081">
     <span class='ocr_line' id='line_1_11' title="bbox 617 1010 2260 1081; baseline -0.009 -5"><span class='ocrx_word' id='word_1_61' title='bbox 617 1025 772 1076; x_wconf 88' lang='lat' dir='ltr'>sunt.</span> <span class='ocrx_word' id='word_1_62' title='bbox 807 1021 864 1076; x_wconf 93' lang='lat' dir='ltr'>Si</span> <span class='ocrx_word' id='word_1_63' title='bbox 898 1034 1017 1073; x_wconf 88' lang='lat' dir='ltr'>non</span> <span class='ocrx_word' id='word_1_64' title='bbox 1059 1017 1134 1071; x_wconf 86' lang='lat' dir='ltr'>ita</span> <span class='ocrx_word' id='word_1_65' title='bbox 1175 1033 1268 1072; x_wconf 88' lang='lat' dir='ltr'>res</span> <span class='ocrx_word' id='word_1_66' title='bbox 1307 1031 1368 1071; x_wconf 90' lang='lat' dir='ltr'>se</span> <span class='ocrx_word' id='word_1_67' title='bbox 1407 1015 1606 1081; x_wconf 87' lang='lat' dir='ltr'>habet,</span> <span class='ocrx_word' id='word_1_68' title='bbox 1641 1014 1744 1068; x_wconf 90' lang='lat' dir='ltr'>sed</span> <span class='ocrx_word' id='word_1_69' title='bbox 1792 1012 1946 1068; x_wconf 87' lang='lat' dir='ltr'>male</span> <span class='ocrx_word' id='word_1_70' title='bbox 2005 1010 2148 1074; x_wconf 82' lang='lat' dir='ltr'>dixi,</span> <span class='ocrx_word' id='word_1_71' title='bbox 2182 1012 2260 1063; x_wconf 91' lang='lat' dir='ltr'>te-</span> 
     </span>
    </p>
   </div>
   <div class='ocr_carea' id='block_1_12' title="bbox 618 1097 2256 1176">
    <p class='ocr_par' dir='ltr' id='par_1_12' title="bbox 618 1097 2256 1176">
     <span class='ocr_line' id='line_1_12' title="bbox 618 1097 2256 1176; baseline -0.007 -14"><span class='ocrx_word' id='word_1_72' title='bbox 618 1108 960 1164; x_wconf 86' lang='lat' dir='ltr'>stimonium</span> <span class='ocrx_word' id='word_1_73' title='bbox 1001 1105 1143 1160; x_wconf 91' lang='lat' dir='ltr'>mihi</span> <span class='ocrx_word' id='word_1_74' title='bbox 1184 1104 1448 1176; x_wconf 91' lang='lat' dir='ltr'>perhibe.</span> <span class='ocrx_word' id='word_1_75' title='bbox 1479 1107 1676 1174; x_wconf 81' lang='lat' dir='ltr'>Neque</span> <span class='ocrx_word' id='word_1_76' title='bbox 1704 1101 1861 1156; x_wconf 89' lang='lat' dir='ltr'>enim</span> <span class='ocrx_word' id='word_1_77' title='bbox 1903 1099 2056 1154; x_wconf 88' lang='lat' dir='ltr'>male</span> <span class='ocrx_word' id='word_1_78' title='bbox 2087 1097 2207 1152; x_wconf 81' lang='lat' dir='ltr'>dixi</span> <span class='ocrx_word' id='word_1_79' title='bbox 2243 1113 2256 1162; x_wconf 89' lang='lat'>;</span> 
     </span>
    </p>
   </div>
   <div class='ocr_carea' id='block_1_13' title="bbox 615 1186 2261 1263">
    <p class='ocr_par' dir='ltr' id='par_1_13' title="bbox 615 1186 2261 1263">
     <span class='ocr_line' id='line_1_13' title="bbox 615 1186 2261 1263; baseline -0.009 -10"><span class='ocrx_word' id='word_1_80' title='bbox 615 1213 756 1253; x_wconf 89' lang='lat' dir='ltr'>nam</span> <span class='ocrx_word' id='word_1_81' title='bbox 788 1196 864 1250; x_wconf 91' lang='lat' dir='ltr'>dii</span> <span class='ocrx_word' id='word_1_82' title='bbox 895 1210 1013 1249; x_wconf 89' lang='lat' dir='ltr'>non</span> <span class='ocrx_word' id='word_1_83' title='bbox 1047 1197 1202 1257; x_wconf 88' lang='lat' dir='ltr'>sunt,</span> <span class='ocrx_word' id='word_1_84' title='bbox 1232 1192 1335 1263; x_wconf 90' lang='lat' dir='ltr'>qui</span> <span class='ocrx_word' id='word_1_85' title='bbox 1363 1196 1617 1256; x_wconf 81' lang='lat' dir='ltr'>servant,</span> <span class='ocrx_word' id='word_1_86' title='bbox 1644 1190 1742 1244; x_wconf 92' lang='lat' dir='ltr'>sed</span> <span class='ocrx_word' id='word_1_87' title='bbox 1771 1189 2011 1260; x_wconf 80' lang='lat' dir='ltr'>pessimi</span> <span class='ocrx_word' id='word_1_88' title='bbox 2040 1186 2261 1241; x_wconf 66' lang='lat' dir='ltr'>daemo-</span> 
     </span>
    </p>
   </div>
   <div class='ocr_carea' id='block_1_14' title="bbox 615 1277 1696 1352">
    <p class='ocr_par' dir='ltr' id='par_1_14' title="bbox 615 1277 1696 1352">
     <span class='ocr_line' id='line_1_14' title="bbox 615 1277 1696 1352; baseline -0.01 -11"><span class='ocrx_word' id='word_1_89' title='bbox 615 1301 739 1351; x_wconf 81' lang='lat' dir='ltr'>nes,</span> <span class='ocrx_word' id='word_1_90' title='bbox 774 1283 991 1339; x_wconf 88' lang='lat' dir='ltr'>animis</span> <span class='ocrx_word' id='word_1_91' title='bbox 1025 1281 1343 1352; x_wconf 76' lang='lat' dir='ltr'>perniciem</span> <span class='ocrx_word' id='word_1_92' title='bbox 1366 1277 1696 1334; x_wconf 74' lang='lat' dir='ltr'>afferentes.</span> 
     </span>
    </p>
   </div>
   <div class='ocr_carea' id='block_1_15' title="bbox 687 1450 2260 1516">
    <p class='ocr_par' dir='ltr' id='par_1_15' title="bbox 687 1450 2260 1516">
     <span class='ocr_line' id='line_1_15' title="bbox 687 1450 2260 1516; baseline -0.006 -2"><span class='ocrx_word' id='word_1_93' title='bbox 687 1462 753 1516; x_wconf 85' lang='lat' dir='ltr'>V.</span> <span class='ocrx_word' id='word_1_94' title='bbox 780 1460 1033 1516; x_wconf 88' lang='lat' dir='ltr'>Sanctus</span> <span class='ocrx_word' id='word_1_95' title='bbox 1067 1457 1266 1512; x_wconf 88' lang='lat' dir='ltr'>Daniel</span> <span class='ocrx_word' id='word_1_96' title='bbox 1297 1456 1438 1511; x_wconf 91' lang='lat' dir='ltr'>dicit</span> <span class='ocrx_word' id='word_1_97' title='bbox 1462 1461 1660 1511; x_wconf 89' lang='lat' dir='ltr'>sancto</span> <span class='ocrx_word' id='word_1_98' title='bbox 1691 1454 1928 1509; x_wconf 82' lang='lat' dir='ltr'>Leontio</span> <span class='ocrx_word' id='word_1_99' title='bbox 1957 1472 1970 1508; x_wconf 91' lang='lat'>:</span> <span class='ocrx_word' id='word_1_100' title='bbox 2009 1451 2157 1506; x_wconf 90' lang='lat' dir='ltr'>Belle</span> <span class='ocrx_word' id='word_1_101' title='bbox 2178 1450 2260 1505; x_wconf 92' lang='lat' dir='ltr'>di-</span> 
     </span>
    </p>
   </div>
   <div class='ocr_carea' id='block_1_16' title="bbox 617 1542 2260 1616">
    <p class='ocr_par' dir='ltr' id='par_1_16' title="bbox 617 1542 2260 1616">
     <span class='ocr_line' id='line_1_16' title="bbox 617 1542 2260 1616; baseline -0.009 -8"><span class='ocrx_word' id='word_1_102' title='bbox 617 1551 774 1616; x_wconf 77' lang='lat' dir='ltr'>xisti,</span> <span class='ocrx_word' id='word_1_103' title='bbox 797 1551 980 1613; x_wconf 87' lang='lat' dir='ltr'>Pater,</span> <span class='ocrx_word' id='word_1_104' title='bbox 1001 1554 1055 1602; x_wconf 89' lang='lat' dir='ltr'>et</span> <span class='ocrx_word' id='word_1_105' title='bbox 1078 1546 1250 1601; x_wconf 87' lang='lat' dir='ltr'>nobis</span> <span class='ocrx_word' id='word_1_106' title='bbox 1267 1545 1546 1600; x_wconf 88' lang='lat' dir='ltr'>omnibus</span> <span class='ocrx_word' id='word_1_107' title='bbox 1565 1545 1795 1599; x_wconf 90' lang='lat' dir='ltr'>animos</span> <span class='ocrx_word' id='word_1_108' title='bbox 1815 1542 2112 1597; x_wconf 82' lang='lat' dir='ltr'>addidisti.</span> <span class='ocrx_word' id='word_1_109' title='bbox 2139 1542 2260 1595; x_wconf 88' lang='lat' dir='ltr'>Dux</span> 
     </span>
    </p>
   </div>
   <div class='ocr_carea' id='block_1_17' title="bbox 621 1630 2259 1704">
    <p class='ocr_par' dir='ltr' id='par_1_17' title="bbox 621 1630 2259 1704">
     <span class='ocr_line' id='line_1_17' title="bbox 621 1630 2259 1704; baseline -0.007 -10"><span class='ocrx_word' id='word_1_110' title='bbox 621 1639 796 1694; x_wconf 79' lang='lat' dir='ltr'>dixit:</span> <span class='ocrx_word' id='word_1_111' title='bbox 824 1637 1037 1692; x_wconf 89' lang='lat' dir='ltr'>Malum</span> <span class='ocrx_word' id='word_1_112' title='bbox 1085 1639 1284 1704; x_wconf 88' lang='lat' dir='ltr'>caput,</span> <span class='ocrx_word' id='word_1_113' title='bbox 1320 1638 1374 1686; x_wconf 93' lang='lat' dir='ltr'>et</span> <span class='ocrx_word' id='word_1_114' title='bbox 1403 1632 1564 1687; x_wconf 86' lang='lat' dir='ltr'>omni</span> <span class='ocrx_word' id='word_1_115' title='bbox 1617 1632 1915 1686; x_wconf 87' lang='lat' dir='ltr'>dementia</span> <span class='ocrx_word' id='word_1_116' title='bbox 1970 1630 2213 1702; x_wconf 88' lang='lat' dir='ltr'>plenum</span> <span class='ocrx_word' id='word_1_117' title='bbox 2247 1646 2259 1696; x_wconf 92' lang='lat'>;</span> 
     </span>
    </p>
   </div>
   <div class='ocr_carea' id='block_1_18' title="bbox 2373 471 3994 549">
    <p class='ocr_par' dir='ltr' id='par_1_18' title="bbox 2373 471 3994 549">
     <span class='ocr_line' id='line_1_18' title="bbox 2373 471 3994 549; baseline -0.002 -22"><span class='ocrx_word' id='word_1_118' title='bbox 2373 476 2670 549; x_wconf 78' lang='grc' dir='ltr'>ἀνθρώπους</span> <span class='ocrx_word' id='word_1_119' title='bbox 2699 492 2711 505; x_wconf 86' lang='grc'><strong>·</strong></span> <span class='ocrx_word' id='word_1_120' title='bbox 2747 475 2788 527; x_wconf 82' lang='grc' dir='ltr'>εἰ</span> <span class='ocrx_word' id='word_1_121' title='bbox 2818 477 2917 548; x_wconf 78' lang='grc' dir='ltr'>γὰρ</span> <span class='ocrx_word' id='word_1_122' title='bbox 2970 476 3017 526; x_wconf 85' lang='grc' dir='ltr'>οἱ</span> <span class='ocrx_word' id='word_1_123' title='bbox 3067 476 3374 546; x_wconf 89' lang='grc' dir='ltr'>πράττοντες</span> <span class='ocrx_word' id='word_1_124' title='bbox 3422 471 3457 524; x_wconf 83' lang='grc' dir='ltr'><em>ἃ</em></span> <span class='ocrx_word' id='word_1_125' title='bbox 3504 477 3577 545; x_wconf 78' lang='grc' dir='ltr'>μὴ</span> <span class='ocrx_word' id='word_1_126' title='bbox 3629 474 3656 523; x_wconf 93' lang='lat'>6</span> <span class='ocrx_word' id='word_1_127' title='bbox 3704 477 3876 544; x_wconf 79' lang='grc' dir='ltr'>νόμος</span> <span class='ocrx_word' id='word_1_128' title='bbox 3923 493 3994 524; x_wconf 79' lang='grc' dir='ltr'>κε-</span> 
     </span>
    </p>
   </div>
   <div class='ocr_carea' id='block_1_19' title="bbox 2374 563 3988 639">
    <p class='ocr_par' dir='ltr' id='par_1_19' title="bbox 2374 563 3988 639">
     <span class='ocr_line' id='line_1_19' title="bbox 2374 563 3988 639; baseline -0.002 -24"><span class='ocrx_word' id='word_1_129' title='bbox 2374 564 2527 632; x_wconf 84' lang='grc' dir='ltr'>λεύει,</span> <span class='ocrx_word' id='word_1_130' title='bbox 2587 567 2876 639; x_wconf 79' lang='grc' dir='ltr'>παράνομοι</span> <span class='ocrx_word' id='word_1_131' title='bbox 2933 563 3188 632; x_wconf 84' lang='grc' dir='ltr'>λέγονται,</span> <span class='ocrx_word' id='word_1_132' title='bbox 3244 567 3332 613; x_wconf 78' lang='grc' dir='ltr'>καὶ</span> <span class='ocrx_word' id='word_1_133' title='bbox 3388 565 3643 635; x_wconf 76' lang='grc' dir='ltr'>τιμωρίας</span> <span class='ocrx_word' id='word_1_134' title='bbox 3707 565 3988 632; x_wconf 71' lang='grc' dir='ltr'>μεγίστης,</span> 
     </span>
    </p>
   </div>
   <div class='ocr_carea' id='block_1_20' title="bbox 2370 652 3990 723">
    <p class='ocr_par' dir='ltr' id='par_1_20' title="bbox 2370 652 3990 723">
     <span class='ocr_line' id='line_1_20' title="bbox 2370 652 3990 723; baseline -0.001 -20"><span class='ocrx_word' id='word_1_135' title='bbox 2370 657 2458 704; x_wconf 81' lang='grc' dir='ltr'>καὶ</span> <span class='ocrx_word' id='word_1_136' title='bbox 2511 654 2729 705; x_wconf 87' lang='grc' dir='ltr'>θανάτου</span> <span class='ocrx_word' id='word_1_137' title='bbox 2775 652 2914 714; x_wconf 84' lang='grc' dir='ltr'>οἶξιοί</span> <span class='ocrx_word' id='word_1_138' title='bbox 2969 652 3120 716; x_wconf 88' lang='grc' dir='ltr'>εἰσιν,</span> <span class='ocrx_word' id='word_1_139' title='bbox 3177 653 3224 702; x_wconf 82' lang='grc' dir='ltr'><em>οὶ</em></span> <span class='ocrx_word' id='word_1_140' title='bbox 3268 653 3371 702; x_wconf 89' lang='grc' dir='ltr'>θεοὶ</span> <span class='ocrx_word' id='word_1_141' title='bbox 3418 652 3563 721; x_wconf 74' lang='grc' dir='ltr'>ὑμῶν</span> <span class='ocrx_word' id='word_1_142' title='bbox 3621 660 3990 723; x_wconf 57' lang='grc' dir='ltr'>παρανομοῦν-</span> 
     </span>
    </p>
   </div>
   <div class='ocr_carea' id='block_1_21' title="bbox 2369 736 3985 812">
    <p class='ocr_par' dir='ltr' id='par_1_21' title="bbox 2369 736 3985 812">
     <span class='ocr_line' id='line_1_21' title="bbox 2369 736 3985 812; baseline -0.004 -18"><span class='ocrx_word' id='word_1_143' title='bbox 2369 759 2448 802; x_wconf 72' lang='grc' dir='ltr'>τες</span> <span class='ocrx_word' id='word_1_144' title='bbox 2500 745 2678 794; x_wconf 90' lang='grc' dir='ltr'>πύσων</span> <span class='ocrx_word' id='word_1_145' title='bbox 2753 743 2981 793; x_wconf 86' lang='grc' dir='ltr'>θανάτων</span> <span class='ocrx_word' id='word_1_146' title='bbox 3059 741 3196 803; x_wconf 85' lang='grc' dir='ltr'>οῐξιοί</span> <span class='ocrx_word' id='word_1_147' title='bbox 3269 740 3436 793; x_wconf 63' lang='grc' dir='ltr'>εἰσιν]</span> <span class='ocrx_word' id='word_1_148' title='bbox 3497 736 3737 809; x_wconf 68' lang='grc' dir='ltr'>Οῖὸαμεν</span> <span class='ocrx_word' id='word_1_149' title='bbox 3798 738 3985 812; x_wconf 59' lang='grc' dir='ltr'>ἀνθρω-</span> 
     </span>
    </p>
   </div>
   <div class='ocr_carea' id='block_1_22' title="bbox 2369 827 3982 905">
    <p class='ocr_par' dir='ltr' id='par_1_22' title="bbox 2369 827 3982 905">
     <span class='ocr_line' id='line_1_22' title="bbox 2369 827 3982 905; baseline -0.003 -23"><span class='ocrx_word' id='word_1_150' title='bbox 2369 849 2494 890; x_wconf 88' lang='grc' dir='ltr'>πους</span> <span class='ocrx_word' id='word_1_151' title='bbox 2546 829 3004 905; x_wconf 82' lang='grc' dir='ltr'>ἐγκρατευομένους</span> <span class='ocrx_word' id='word_1_152' title='bbox 3057 829 3158 883; x_wconf 81' lang='grc' dir='ltr'>ἀπό</span> <span class='ocrx_word' id='word_1_153' title='bbox 3213 838 3311 880; x_wconf 87' lang='grc' dir='ltr'>τῶν</span> <span class='ocrx_word' id='word_1_154' title='bbox 3369 827 3712 902; x_wconf 83' lang='grc' dir='ltr'>ἀκαθαρσιῶν</span> <span class='ocrx_word' id='word_1_155' title='bbox 3764 830 3982 889; x_wconf 67' lang='grc' dir='ltr'>τούτων,</span> 
     </span>
    </p>
   </div>
   <div class='ocr_carea' id='block_1_23' title="bbox 2368 915 3982 989">
    <p class='ocr_par' dir='ltr' id='par_1_23' title="bbox 2368 915 3982 989">
     <span class='ocr_line' id='line_1_23' title="bbox 2368 915 3982 989; baseline -0.002 -19"><span class='ocrx_word' id='word_1_156' title='bbox 2368 923 2457 970; x_wconf 80' lang='grc' dir='ltr'>καὶ</span> <span class='ocrx_word' id='word_1_157' title='bbox 2521 918 2753 989; x_wconf 77' lang='grc' dir='ltr'>λέγονται</span> <span class='ocrx_word' id='word_1_158' title='bbox 2835 915 3056 982; x_wconf 79' lang='grc' dir='ltr'>δίκαιοι,</span> <span class='ocrx_word' id='word_1_159' title='bbox 3113 918 3491 989; x_wconf 67' lang='grc' dir='ltr'>φυλασσόμενοι</span> <span class='ocrx_word' id='word_1_160' title='bbox 3545 916 3649 968; x_wconf 87' lang='grc' dir='ltr'>ἀπό</span> <span class='ocrx_word' id='word_1_161' title='bbox 3719 915 3982 986; x_wconf 77' lang='grc' dir='ltr'>ἀσελγείας</span> 
     </span>
    </p>
   </div>
   <div class='ocr_carea' id='block_1_24' title="bbox 2369 1005 3981 1080">
    <p class='ocr_par' dir='ltr' id='par_1_24' title="bbox 2369 1005 3981 1080">
     <span class='ocr_line' id='line_1_24' title="bbox 2369 1005 3981 1080; baseline -0.001 -22"><span class='ocrx_word' id='word_1_162' title='bbox 2369 1007 2551 1058; x_wconf 80' lang='grc' dir='ltr'>ούκοῦν</span> <span class='ocrx_word' id='word_1_163' title='bbox 2609 1009 2656 1058; x_wconf 85' lang='grc' dir='ltr'>οἱ</span> <span class='ocrx_word' id='word_1_164' title='bbox 2728 1006 2992 1080; x_wconf 82' lang='grc' dir='ltr'>ἐγκρατεῖς</span> <span class='ocrx_word' id='word_1_165' title='bbox 3049 1009 3312 1080; x_wconf 80' lang='grc' dir='ltr'>ἄνθρωποι</span> <span class='ocrx_word' id='word_1_166' title='bbox 3389 1014 3488 1058; x_wconf 87' lang='grc' dir='ltr'>τῶν</span> <span class='ocrx_word' id='word_1_167' title='bbox 3549 1007 3678 1058; x_wconf 83' lang='grc' dir='ltr'>θεῶν</span> <span class='ocrx_word' id='word_1_168' title='bbox 3741 1005 3981 1078; x_wconf 74' lang='grc' dir='ltr'>ἀκρατῶν</span> 
     </span>
    </p>
   </div>
   <div class='ocr_carea' id='block_1_25' title="bbox 2369 1092 3981 1168">
    <p class='ocr_par' dir='ltr' id='par_1_25' title="bbox 2369 1092 3981 1168">
     <span class='ocr_line' id='line_1_25' title="bbox 2369 1092 3981 1168; baseline -0.001 -22"><span class='ocrx_word' id='word_1_169' title='bbox 2369 1099 2645 1168; x_wconf 86' lang='grc' dir='ltr'>κρείττονές</span> <span class='ocrx_word' id='word_1_170' title='bbox 2699 1096 2821 1150; x_wconf 84' lang='grc' dir='ltr'>εἰσι.</span> <span class='ocrx_word' id='word_1_171' title='bbox 2873 1096 2931 1148; x_wconf 86' lang='grc' dir='ltr'>Εἰ</span> <span class='ocrx_word' id='word_1_172' title='bbox 2987 1092 3044 1148; x_wconf 77' lang='grc' dir='ltr'>δὲ</span> <span class='ocrx_word' id='word_1_173' title='bbox 3096 1096 3190 1148; x_wconf 80' lang='grc' dir='ltr'>ούκ</span> <span class='ocrx_word' id='word_1_174' title='bbox 3238 1098 3351 1166; x_wconf 80' lang='grc' dir='ltr'>ἔχει</span> <span class='ocrx_word' id='word_1_175' title='bbox 3395 1095 3573 1160; x_wconf 77' lang='grc' dir='ltr'>οὕτως,</span> <span class='ocrx_word' id='word_1_176' title='bbox 3627 1093 3767 1145; x_wconf 81' lang='grc' dir='ltr'>ἀλλά</span> <span class='ocrx_word' id='word_1_177' title='bbox 3823 1104 3981 1153; x_wconf 68' lang='grc' dir='ltr'>κακῶς</span> 
     </span>
    </p>
   </div>
   <div class='ocr_carea' id='block_1_26' title="bbox 2369 1179 3980 1257">
    <p class='ocr_par' dir='ltr' id='par_1_26' title="bbox 2369 1179 3980 1257">
     <span class='ocr_line' id='line_1_26' title="bbox 2369 1179 3980 1257; baseline -0.001 -21"><span class='ocrx_word' id='word_1_178' title='bbox 2369 1181 2528 1248; x_wconf 84' lang='grc' dir='ltr'>εἷπον,</span> <span class='ocrx_word' id='word_1_179' title='bbox 2589 1188 2926 1257; x_wconf 82' lang='grc' dir='ltr'>μαρτύρησον</span> <span class='ocrx_word' id='word_1_180' title='bbox 2981 1201 3112 1256; x_wconf 88' lang='grc' dir='ltr'>μοι·</span> <span class='ocrx_word' id='word_1_181' title='bbox 3175 1184 3268 1235; x_wconf 79' lang='grc' dir='ltr'>ούκ</span> <span class='ocrx_word' id='word_1_182' title='bbox 3325 1179 3468 1238; x_wconf 76' lang='grc' dir='ltr'>εἷπον,</span> <span class='ocrx_word' id='word_1_183' title='bbox 3510 1186 3610 1256; x_wconf 81' lang='grc' dir='ltr'>γὰρ</span> <span class='ocrx_word' id='word_1_184' title='bbox 3668 1192 3859 1243; x_wconf 81' lang='grc' dir='ltr'>κακῶς</span> <span class='ocrx_word' id='word_1_185' title='bbox 3917 1186 3980 1235; x_wconf 78' lang='grc' dir='ltr'>ότι</span> 
     </span>
    </p>
   </div>
   <div class='ocr_carea' id='block_1_27' title="bbox 2369 1269 3977 1343">
    <p class='ocr_par' dir='ltr' id='par_1_27' title="bbox 2369 1269 3977 1343">
     <span class='ocr_line' id='line_1_27' title="bbox 2369 1269 3977 1343; baseline -0.001 -19"><span class='ocrx_word' id='word_1_186' title='bbox 2369 1273 2463 1324; x_wconf 78' lang='grc' dir='ltr'>ούκ</span> <span class='ocrx_word' id='word_1_187' title='bbox 2516 1272 2621 1326; x_wconf 84' lang='grc' dir='ltr'>εἰσὶ</span> <span class='ocrx_word' id='word_1_188' title='bbox 2691 1275 2792 1325; x_wconf 79' lang='grc' dir='ltr'>θεοὶ</span> <span class='ocrx_word' id='word_1_189' title='bbox 2870 1274 3139 1337; x_wconf 81' lang='grc' dir='ltr'>σώζοντες,</span> <span class='ocrx_word' id='word_1_190' title='bbox 3201 1271 3328 1324; x_wconf 83' lang='grc' dir='ltr'>ἀλλά</span> <span class='ocrx_word' id='word_1_191' title='bbox 3399 1269 3642 1343; x_wconf 83' lang='grc' dir='ltr'>δαίμονες</span> <span class='ocrx_word' id='word_1_192' title='bbox 3708 1274 3977 1334; x_wconf 82' lang='grc' dir='ltr'>κάκιστοι,</span> 
     </span>
    </p>
   </div>
   <div class='ocr_carea' id='block_1_28' title="bbox 2372 1362 2946 1437">
    <p class='ocr_par' dir='ltr' id='par_1_28' title="bbox 2372 1362 2946 1437">
     <span class='ocr_line' id='line_1_28' title="bbox 2372 1362 2946 1437; baseline 0.003 -25"><span class='ocrx_word' id='word_1_193' title='bbox 2372 1362 2714 1437; x_wconf 75' lang='grc' dir='ltr'>ὸλοθρεύοντες</span> <span class='ocrx_word' id='word_1_194' title='bbox 2740 1362 2946 1433; x_wconf 72' lang='grc' dir='ltr'>ψυχάς.</span> 
     </span>
    </p>
   </div>
   <div class='ocr_carea' id='block_1_29' title="bbox 2440 1449 3979 1522">
    <p class='ocr_par' dir='ltr' id='par_1_29' title="bbox 2440 1449 3979 1522">
     <span class='ocr_line' id='line_1_29' title="bbox 2440 1449 3979 1522; baseline -0.001 -19"><span class='ocrx_word' id='word_1_195' title='bbox 2440 1450 2508 1503; x_wconf 88' lang='grc' dir='ltr'>Ε’.</span> <span class='ocrx_word' id='word_1_196' title='bbox 2548 1451 2605 1502; x_wconf 72' lang='grc' dir='ltr'>Ὀ</span> <span class='ocrx_word' id='word_1_197' title='bbox 2657 1451 2802 1522; x_wconf 75' lang='grc' dir='ltr'>ἅγιος</span> <span class='ocrx_word' id='word_1_198' title='bbox 2855 1450 3043 1508; x_wconf 80' lang='grc' dir='ltr'>Δανιὴλ</span> <span class='ocrx_word' id='word_1_199' title='bbox 3088 1450 3223 1520; x_wconf 87' lang='grc' dir='ltr'>λέγει</span> <span class='ocrx_word' id='word_1_200' title='bbox 3268 1457 3338 1519; x_wconf 84' lang='grc' dir='ltr'>τῷ</span> <span class='ocrx_word' id='word_1_201' title='bbox 3388 1449 3518 1521; x_wconf 81' lang='grc' dir='ltr'>ἁγίῳ</span> <span class='ocrx_word' id='word_1_202' title='bbox 3567 1455 3804 1521; x_wconf 76' lang='grc' dir='ltr'>Λεοντίῳ</span> <span class='ocrx_word' id='word_1_203' title='bbox 3840 1473 3854 1482; x_wconf 93' lang='grc'>·</span> <span class='ocrx_word' id='word_1_204' title='bbox 3891 1458 3979 1503; x_wconf 71' lang='lat' dir='ltr'>Ka-</span> 
     </span>
    </p>
   </div>
   <div class='ocr_carea' id='block_1_30' title="bbox 2369 1536 3973 1614">
    <p class='ocr_par' dir='ltr' id='par_1_30' title="bbox 2369 1536 3973 1614">
     <span class='ocr_line' id='line_1_30' title="bbox 2369 1536 3973 1614; baseline 0.002 -24"><span class='ocrx_word' id='word_1_205' title='bbox 2369 1538 2468 1600; x_wconf 81' lang='grc' dir='ltr'>λῶς</span> <span class='ocrx_word' id='word_1_206' title='bbox 2520 1536 2678 1604; x_wconf 85' lang='grc' dir='ltr'>εἶπας,</span> <span class='ocrx_word' id='word_1_207' title='bbox 2740 1541 2925 1614; x_wconf 79' lang='grc' dir='ltr'>Πάτερ,</span> <span class='ocrx_word' id='word_1_208' title='bbox 2979 1545 3069 1592; x_wconf 84' lang='grc' dir='ltr'>καὶ</span> <span class='ocrx_word' id='word_1_209' title='bbox 3118 1541 3318 1599; x_wconf 79' lang='grc' dir='ltr'>Πάντας</span> <span class='ocrx_word' id='word_1_210' title='bbox 3362 1541 3498 1610; x_wconf 77' lang='grc' dir='ltr'>ἡμᾶς</span> <span class='ocrx_word' id='word_1_211' title='bbox 3554 1539 3973 1614; x_wconf 63' lang='grc' dir='ltr'>παρεθάρρυπς.</span> 
     </span>
    </p>
   </div>
   <div class='ocr_carea' id='block_1_31' title="bbox 2368 1625 3974 1700">
    <p class='ocr_par' dir='ltr' id='par_1_31' title="bbox 2368 1625 3974 1700">
     <span class='ocr_line' id='line_1_31' title="bbox 2368 1625 3974 1700; baseline 0.001 -21"><span class='ocrx_word' id='word_1_212' title='bbox 2368 1627 2425 1679; x_wconf 81' lang='grc' dir='ltr'><strong>Ὀ</strong></span> <span class='ocrx_word' id='word_1_213' title='bbox 2479 1625 2606 1690; x_wconf 78' lang='grc' dir='ltr'>δούξ</span> <span class='ocrx_word' id='word_1_214' title='bbox 2661 1628 2837 1682; x_wconf 74' lang='grc' dir='ltr'>εἶπενξ</span> <span class='ocrx_word' id='word_1_215' title='bbox 2877 1633 3019 1687; x_wconf 84' lang='grc' dir='ltr'>Κακή</span> <span class='ocrx_word' id='word_1_216' title='bbox 3077 1627 3291 1700; x_wconf 79' lang='grc' dir='ltr'>κεφαλὴ,</span> <span class='ocrx_word' id='word_1_217' title='bbox 3351 1633 3439 1680; x_wconf 86' lang='grc' dir='ltr'>καὶ</span> <span class='ocrx_word' id='word_1_218' title='bbox 3498 1630 3678 1688; x_wconf 90' lang='grc' dir='ltr'>πάσης</span> <span class='ocrx_word' id='word_1_219' title='bbox 3739 1629 3974 1688; x_wconf 75' lang='grc' dir='ltr'>ἀπονοίας</span> 
     </span>
    </p>
   </div>
   <div class='ocr_carea' id='block_1_32' title="bbox 613 1717 2257 1796">
    <p class='ocr_par' dir='ltr' id='par_1_32' title="bbox 613 1718 2257 1792">
     <span class='ocr_line' id='line_1_32' title="bbox 613 1718 2257 1792; baseline -0.009 -9"><span class='ocrx_word' id='word_1_220' title='bbox 613 1742 812 1783; x_wconf 89' lang='lat' dir='ltr'>nonne</span> <span class='ocrx_word' id='word_1_221' title='bbox 834 1729 982 1780; x_wconf 90' lang='lat' dir='ltr'>Deus</span> <span class='ocrx_word' id='word_1_222' title='bbox 1006 1730 1213 1788; x_wconf 82' lang='lat' dir='ltr'>vester,</span> <span class='ocrx_word' id='word_1_223' title='bbox 1237 1727 1524 1792; x_wconf 89' lang='lat' dir='ltr'>tanquam</span> <span class='ocrx_word' id='word_1_224' title='bbox 1545 1719 1846 1774; x_wconf 77' lang='lat' dir='ltr'>maleﬁcus</span> <span class='ocrx_word' id='word_1_225' title='bbox 1870 1718 2026 1774; x_wconf 81' lang='lat' dir='ltr'>cruci</span> <span class='ocrx_word' id='word_1_226' title='bbox 2045 1718 2257 1773; x_wconf 82' lang='lat' dir='ltr'>afﬁxus</span> 
     </span>
    </p>
   </div>
   <div class='ocr_carea' id='block_1_33' title="bbox 2365 1717 3969 1796">
    <p class='ocr_par' dir='ltr' id='par_1_33' title="bbox 2369 1717 3969 1790">
     <span class='ocr_line' id='line_1_33' title="bbox 2369 1717 3969 1790; baseline 0 -22"><span class='ocrx_word' id='word_1_227' title='bbox 2369 1717 2759 1790; x_wconf 78' lang='grc' dir='ltr'>πεπληρωμένη,</span> <span class='ocrx_word' id='word_1_228' title='bbox 2821 1718 2948 1788; x_wconf 69' lang='grc' dir='ltr'>οὐχὶ</span> <span class='ocrx_word' id='word_1_229' title='bbox 3015 1719 3040 1769; x_wconf 93' lang='lat'>6</span> <span class='ocrx_word' id='word_1_230' title='bbox 3119 1722 3244 1777; x_wconf 89' lang='grc' dir='ltr'>Θεὸς</span> <span class='ocrx_word' id='word_1_231' title='bbox 3313 1719 3454 1788; x_wconf 78' lang='grc' dir='ltr'>ὑμῶν</span> <span class='ocrx_word' id='word_1_232' title='bbox 3523 1717 3847 1790; x_wconf 68' lang='grc' dir='ltr'>ἐσταυρώθη</span> <span class='ocrx_word' id='word_1_233' title='bbox 3917 1722 3969 1778; x_wconf 69' lang='grc' dir='ltr'>ὡς</span> 
     </span>
    </p>
   </div>
   <div class='ocr_carea' id='block_1_34' title="bbox 617 1807 2263 1885">
    <p class='ocr_par' dir='ltr' id='par_1_34' title="bbox 617 1807 2263 1885">
     <span class='ocr_line' id='line_1_34' title="bbox 617 1807 2263 1885; baseline -0.005 -15"><span class='ocrx_word' id='word_1_234' title='bbox 617 1820 741 1881; x_wconf 88' lang='lat' dir='ltr'>est;</span> <span class='ocrx_word' id='word_1_235' title='bbox 772 1813 975 1885; x_wconf 87' lang='lat' dir='ltr'>ecquis</span> <span class='ocrx_word' id='word_1_236' title='bbox 1011 1817 1211 1866; x_wconf 90' lang='lat' dir='ltr'>autem</span> <span class='ocrx_word' id='word_1_237' title='bbox 1257 1810 1494 1864; x_wconf 92' lang='lat' dir='ltr'>deorum</span> <span class='ocrx_word' id='word_1_238' title='bbox 1541 1812 1878 1862; x_wconf 90' lang='lat' dir='ltr'>nostrorum</span> <span class='ocrx_word' id='word_1_239' title='bbox 1931 1807 2145 1862; x_wconf 84' lang='lat' dir='ltr'>afﬁxus</span> <span class='ocrx_word' id='word_1_240' title='bbox 2178 1813 2263 1862; x_wconf 88' lang='lat' dir='ltr'>est</span> 
     </span>
    </p>
   </div>
   <div class='ocr_carea' id='block_1_35' title="bbox 615 1895 2259 1958">
    <p class='ocr_par' dir='ltr' id='par_1_35' title="bbox 615 1895 2259 1958">
     <span class='ocr_line' id='line_1_35' title="bbox 615 1895 2259 1958; baseline -0.006 0"><span class='ocrx_word' id='word_1_241' title='bbox 615 1902 774 1958; x_wconf 82' lang='lat' dir='ltr'>cruci</span> <span class='ocrx_word' id='word_1_242' title='bbox 803 1901 830 1956; x_wconf 87' lang='lat'><strong>?</strong></span> <span class='ocrx_word' id='word_1_243' title='bbox 862 1903 1108 1956; x_wconf 88' lang='lat' dir='ltr'>Sanctus</span> <span class='ocrx_word' id='word_1_244' title='bbox 1163 1897 1433 1951; x_wconf 85' lang='lat' dir='ltr'>Leontius</span> <span class='ocrx_word' id='word_1_245' title='bbox 1478 1896 1654 1950; x_wconf 88' lang='lat' dir='ltr'>dicit:</span> <span class='ocrx_word' id='word_1_246' title='bbox 1688 1897 1834 1950; x_wconf 92' lang='lat' dir='ltr'>Deus</span> <span class='ocrx_word' id='word_1_247' title='bbox 1875 1901 2072 1950; x_wconf 88' lang='lat' dir='ltr'>noster</span> <span class='ocrx_word' id='word_1_248' title='bbox 2102 1895 2259 1950; x_wconf 87' lang='lat' dir='ltr'>cruci</span> 
     </span>
    </p>
   </div>
   <div class='ocr_carea' id='block_1_36' title="bbox 614 1984 2262 2057">
    <p class='ocr_par' dir='ltr' id='par_1_36' title="bbox 614 1984 2262 2057">
     <span class='ocr_line' id='line_1_36' title="bbox 614 1984 2262 2057; baseline -0.004 -12"><span class='ocrx_word' id='word_1_249' title='bbox 614 1984 830 2046; x_wconf 76' lang='lat' dir='ltr'>affixus</span> <span class='ocrx_word' id='word_1_250' title='bbox 855 1993 942 2043; x_wconf 92' lang='lat' dir='ltr'>est</span> <span class='ocrx_word' id='word_1_251' title='bbox 970 2003 983 2053; x_wconf 89' lang='lat'>;</span> <span class='ocrx_word' id='word_1_252' title='bbox 1011 1986 1155 2057; x_wconf 89' lang='lat' dir='ltr'>quin</span> <span class='ocrx_word' id='word_1_253' title='bbox 1186 1987 1306 2040; x_wconf 91' lang='lat' dir='ltr'>imo</span> <span class='ocrx_word' id='word_1_254' title='bbox 1326 1987 1382 2040; x_wconf 91' lang='lat' dir='ltr'>in</span> <span class='ocrx_word' id='word_1_255' title='bbox 1406 2001 1577 2040; x_wconf 85' lang='lat' dir='ltr'>cruce</span> <span class='ocrx_word' id='word_1_256' title='bbox 1594 1985 1721 2055; x_wconf 88' lang='lat' dir='ltr'>ejus</span> <span class='ocrx_word' id='word_1_257' title='bbox 1743 1984 2087 2054; x_wconf 80' lang='lat' dir='ltr'>gloriamur,</span> <span class='ocrx_word' id='word_1_258' title='bbox 2122 1999 2262 2038; x_wconf 90' lang='lat' dir='ltr'>con-</span> 
     </span>
    </p>
   </div>
   <div class='ocr_carea' id='block_1_37' title="bbox 615 2071 2260 2150">
    <p class='ocr_par' dir='ltr' id='par_1_37' title="bbox 615 2071 2260 2150">
     <span class='ocr_line' id='line_1_37' title="bbox 615 2071 2260 2150; baseline -0.004 -16"><span class='ocrx_word' id='word_1_259' title='bbox 615 2083 704 2134; x_wconf 89' lang='lat' dir='ltr'>tra</span> <span class='ocrx_word' id='word_1_260' title='bbox 725 2093 908 2150; x_wconf 88' lang='lat' dir='ltr'>quam</span> <span class='ocrx_word' id='word_1_261' title='bbox 934 2076 1011 2130; x_wconf 91' lang='lat' dir='ltr'>dii</span> <span class='ocrx_word' id='word_1_262' title='bbox 1041 2075 1210 2129; x_wconf 89' lang='lat' dir='ltr'>vestri</span> <span class='ocrx_word' id='word_1_263' title='bbox 1233 2073 1376 2128; x_wconf 90' lang='lat' dir='ltr'>nihil</span> <span class='ocrx_word' id='word_1_264' title='bbox 1397 2073 1728 2144; x_wconf 88' lang='lat' dir='ltr'>quidquam</span> <span class='ocrx_word' id='word_1_265' title='bbox 1753 2074 1968 2128; x_wconf 90' lang='lat' dir='ltr'>valent.</span> <span class='ocrx_word' id='word_1_266' title='bbox 1998 2071 2260 2128; x_wconf 87' lang='lat' dir='ltr'>Christus</span> 
     </span>
    </p>
   </div>
   <div class='ocr_carea' id='block_1_38' title="bbox 613 2162 2261 2234">
    <p class='ocr_par' dir='ltr' id='par_1_38' title="bbox 613 2162 2261 2234">
     <span class='ocr_line' id='line_1_38' title="bbox 613 2162 2261 2234; baseline -0.005 -10"><span class='ocrx_word' id='word_1_267' title='bbox 613 2168 770 2224; x_wconf 90' lang='lat' dir='ltr'>enim</span> <span class='ocrx_word' id='word_1_268' title='bbox 795 2165 999 2222; x_wconf 87' lang='lat' dir='ltr'>volens</span> <span class='ocrx_word' id='word_1_269' title='bbox 1023 2164 1323 2218; x_wconf 87' lang='lat' dir='ltr'>hominem</span> <span class='ocrx_word' id='word_1_270' title='bbox 1357 2177 1593 2218; x_wconf 89' lang='lat' dir='ltr'>servare</span> <span class='ocrx_word' id='word_1_271' title='bbox 1617 2179 1652 2217; x_wconf 90' lang='lat' dir='ltr'>a</span> <span class='ocrx_word' id='word_1_272' title='bbox 1683 2162 1806 2228; x_wconf 91' lang='lat' dir='ltr'>tali,</span> <span class='ocrx_word' id='word_1_273' title='bbox 1835 2179 1969 2234; x_wconf 71' lang='lat' dir='ltr'>quae</span> <span class='ocrx_word' id='word_1_274' title='bbox 2000 2162 2261 2217; x_wconf 91' lang='lat' dir='ltr'>invalue-</span> 
     </span>
    </p>
   </div>
   <div class='ocr_carea' id='block_1_39' title="bbox 610 2251 2259 2326">
    <p class='ocr_par' dir='ltr' id='par_1_39' title="bbox 610 2251 2259 2326">
     <span class='ocr_line' id='line_1_39' title="bbox 610 2251 2259 2326; baseline -0.004 -14"><span class='ocrx_word' id='word_1_275' title='bbox 610 2260 722 2322; x_wconf 87' lang='lat' dir='ltr'>rat,</span> <span class='ocrx_word' id='word_1_276' title='bbox 755 2254 1074 2326; x_wconf 84' lang='lat' dir='ltr'>impietate,</span> <span class='ocrx_word' id='word_1_277' title='bbox 1108 2252 1435 2306; x_wconf 86' lang='lat' dir='ltr'>voluntarie</span> <span class='ocrx_word' id='word_1_278' title='bbox 1480 2267 1540 2305; x_wconf 93' lang='lat' dir='ltr'>se</span> <span class='ocrx_word' id='word_1_279' title='bbox 1577 2252 1815 2306; x_wconf 90' lang='lat' dir='ltr'>tradidit</span> <span class='ocrx_word' id='word_1_280' title='bbox 1864 2251 2101 2316; x_wconf 70' lang='lat' dir='ltr'>Judasis,</span> <span class='ocrx_word' id='word_1_281' title='bbox 2132 2251 2259 2306; x_wconf 70' lang='lat' dir='ltr'>haec</span> 
     </span>
    </p>
   </div>
   <div class='ocr_carea' id='block_1_40' title="bbox 612 2339 2260 2416">
    <p class='ocr_par' dir='ltr' id='par_1_40' title="bbox 612 2339 2260 2416">
     <span class='ocr_line' id='line_1_40' title="bbox 612 2339 2260 2416; baseline -0.004 -16"><span class='ocrx_word' id='word_1_282' title='bbox 612 2361 718 2416; x_wconf 90' lang='lat' dir='ltr'>per</span> <span class='ocrx_word' id='word_1_283' title='bbox 749 2343 1069 2416; x_wconf 82' lang='lat' dir='ltr'>prophetas</span> <span class='ocrx_word' id='word_1_284' title='bbox 1098 2340 1474 2404; x_wconf 86' lang='lat' dir='ltr'>vaticinatus,</span> <span class='ocrx_word' id='word_1_285' title='bbox 1509 2347 1570 2394; x_wconf 91' lang='lat' dir='ltr'>ut</span> <span class='ocrx_word' id='word_1_286' title='bbox 1593 2341 1902 2411; x_wconf 88' lang='lat' dir='ltr'>antiquam</span> <span class='ocrx_word' id='word_1_287' title='bbox 1942 2339 2118 2410; x_wconf 89' lang='lat' dir='ltr'>primi</span> <span class='ocrx_word' id='word_1_288' title='bbox 2156 2340 2260 2394; x_wconf 89' lang='lat' dir='ltr'>ho-</span> 
     </span>
    </p>
   </div>
   <div class='ocr_carea' id='block_1_41' title="bbox 615 2429 2259 2502">
    <p class='ocr_par' dir='ltr' id='par_1_41' title="bbox 615 2429 2259 2502">
     <span class='ocr_line' id='line_1_41' title="bbox 615 2429 2259 2502; baseline -0.003 -14"><span class='ocrx_word' id='word_1_289' title='bbox 615 2433 790 2488; x_wconf 89' lang='lat' dir='ltr'>minis</span> <span class='ocrx_word' id='word_1_290' title='bbox 817 2430 1360 2502; x_wconf 69' lang='lat' dir='ltr'>praevaricationem</span> <span class='ocrx_word' id='word_1_291' title='bbox 1395 2445 1496 2500; x_wconf 91' lang='lat' dir='ltr'>per</span> <span class='ocrx_word' id='word_1_292' title='bbox 1521 2445 1753 2483; x_wconf 90' lang='lat' dir='ltr'>crucem</span> <span class='ocrx_word' id='word_1_293' title='bbox 1784 2429 2051 2497; x_wconf 88' lang='lat' dir='ltr'>solveret,</span> <span class='ocrx_word' id='word_1_294' title='bbox 2081 2429 2156 2482; x_wconf 91' lang='lat' dir='ltr'>ad</span> <span class='ocrx_word' id='word_1_295' title='bbox 2176 2429 2259 2483; x_wconf 90' lang='lat' dir='ltr'>in-</span> 
     </span>
    </p>
   </div>
   <div class='ocr_carea' id='block_1_42' title="bbox 611 2517 2257 2587">
    <p class='ocr_par' dir='ltr' id='par_1_42' title="bbox 611 2517 2257 2587">
     <span class='ocr_line' id='line_1_42' title="bbox 611 2517 2257 2587; baseline -0.004 -10"><span class='ocrx_word' id='word_1_296' title='bbox 611 2521 845 2576; x_wconf 85' lang='lat' dir='ltr'>fernum</span> <span class='ocrx_word' id='word_1_297' title='bbox 877 2518 1278 2580; x_wconf 83' lang='lat' dir='ltr'>descenderet.</span> <span class='ocrx_word' id='word_1_298' title='bbox 1309 2534 1443 2570; x_wconf 91' lang='lat' dir='ltr'>cum</span> <span class='ocrx_word' id='word_1_299' title='bbox 1477 2518 1748 2587; x_wconf 89' lang='lat' dir='ltr'>aperiret,</span> <span class='ocrx_word' id='word_1_300' title='bbox 1777 2518 2010 2572; x_wconf 89' lang='lat' dir='ltr'>animas</span> <span class='ocrx_word' id='word_1_301' title='bbox 2049 2517 2257 2571; x_wconf 84' lang='lat' dir='ltr'>libera-</span> 
     </span>
    </p>
   </div>
   <div class='ocr_carea' id='block_1_43' title="bbox 612 2604 2256 2672">
    <p class='ocr_par' dir='ltr' id='par_1_43' title="bbox 612 2604 2256 2672">
     <span class='ocr_line' id='line_1_43' title="bbox 612 2604 2256 2672; baseline -0.004 -8"><span class='ocrx_word' id='word_1_302' title='bbox 612 2615 720 2672; x_wconf 90' lang='lat' dir='ltr'>ret,</span> <span class='ocrx_word' id='word_1_303' title='bbox 750 2614 804 2662; x_wconf 93' lang='lat' dir='ltr'>et</span> <span class='ocrx_word' id='word_1_304' title='bbox 848 2606 1336 2662; x_wconf 85' lang='lat' dir='ltr'>resurrectionem</span> <span class='ocrx_word' id='word_1_305' title='bbox 1407 2604 1578 2658; x_wconf 91' lang='lat' dir='ltr'>nobis</span> <span class='ocrx_word' id='word_1_306' title='bbox 1622 2606 1889 2658; x_wconf 89' lang='lat' dir='ltr'>donaret.</span> <span class='ocrx_word' id='word_1_307' title='bbox 1922 2604 2008 2658; x_wconf 86' lang='lat' dir='ltr'>Dii</span> <span class='ocrx_word' id='word_1_308' title='bbox 2059 2610 2256 2659; x_wconf 86' lang='lat' dir='ltr'>autem</span> 
     </span>
    </p>
   </div>
   <div class='ocr_carea' id='block_1_44' title="bbox 613 2693 2260 2767">
    <p class='ocr_par' dir='ltr' id='par_1_44' title="bbox 613 2693 2260 2767">
     <span class='ocr_line' id='line_1_44' title="bbox 613 2693 2260 2767; baseline -0.003 -15"><span class='ocrx_word' id='word_1_309' title='bbox 613 2697 808 2762; x_wconf 89' lang='lat' dir='ltr'>vestri,</span> <span class='ocrx_word' id='word_1_310' title='bbox 835 2696 1058 2767; x_wconf 88' lang='lat' dir='ltr'>Jupiter</span> <span class='ocrx_word' id='word_1_311' title='bbox 1087 2693 1331 2765; x_wconf 91' lang='lat' dir='ltr'>quidem</span> <span class='ocrx_word' id='word_1_312' title='bbox 1362 2697 1604 2764; x_wconf 89' lang='lat' dir='ltr'>propter</span> <span class='ocrx_word' id='word_1_313' title='bbox 1631 2693 1922 2748; x_wconf 86' lang='lat' dir='ltr'>luxuriam</span> <span class='ocrx_word' id='word_1_314' title='bbox 1956 2693 2144 2747; x_wconf 88' lang='lat' dir='ltr'>factus</span> <span class='ocrx_word' id='word_1_315' title='bbox 2175 2698 2260 2747; x_wconf 92' lang='lat' dir='ltr'>est</span> 
     </span>
    </p>
   </div>
   <div class='ocr_carea' id='block_1_45' title="bbox 611 2781 2258 2857">
    <p class='ocr_par' dir='ltr' id='par_1_45' title="bbox 611 2781 2258 2857">
     <span class='ocr_line' id='line_1_45' title="bbox 611 2781 2258 2857; baseline -0.004 -15"><span class='ocrx_word' id='word_1_316' title='bbox 611 2802 862 2857; x_wconf 86' lang='lat' dir='ltr'>cygnus,</span> <span class='ocrx_word' id='word_1_317' title='bbox 879 2791 1076 2839; x_wconf 89' lang='lat' dir='ltr'>taurus</span> <span class='ocrx_word' id='word_1_318' title='bbox 1097 2799 1164 2838; x_wconf 88' lang='lat' dir='ltr'>ac</span> <span class='ocrx_word' id='word_1_319' title='bbox 1192 2798 1456 2854; x_wconf 88' lang='lat' dir='ltr'>serpens.</span> <span class='ocrx_word' id='word_1_320' title='bbox 1478 2782 1774 2846; x_wconf 89' lang='lat' dir='ltr'>Quidnam</span> <span class='ocrx_word' id='word_1_321' title='bbox 1789 2797 1929 2851; x_wconf 86' lang='lat' dir='ltr'>ergo</span> <span class='ocrx_word' id='word_1_322' title='bbox 1942 2781 2258 2836; x_wconf 83' lang='lat' dir='ltr'>amabilius</span> 
     </span>
    </p>
   </div>
   <div class='ocr_carea' id='block_1_46' title="bbox 610 2869 2258 2942">
    <p class='ocr_par' dir='ltr' id='par_1_46' title="bbox 610 2869 2258 2942">
     <span class='ocr_line' id='line_1_46' title="bbox 610 2869 2258 2942; baseline -0.003 -13"><span class='ocrx_word' id='word_1_323' title='bbox 610 2881 718 2938; x_wconf 90' lang='lat' dir='ltr'>est,</span> <span class='ocrx_word' id='word_1_324' title='bbox 748 2875 1032 2937; x_wconf 90' lang='lat' dir='ltr'>Deumne,</span> <span class='ocrx_word' id='word_1_325' title='bbox 1060 2878 1377 2942; x_wconf 87' lang='lat' dir='ltr'>postquam</span> <span class='ocrx_word' id='word_1_326' title='bbox 1401 2869 1600 2932; x_wconf 91' lang='lat' dir='ltr'>homo,</span> <span class='ocrx_word' id='word_1_327' title='bbox 1629 2886 1808 2940; x_wconf 91' lang='lat' dir='ltr'>quem</span> <span class='ocrx_word' id='word_1_328' title='bbox 1835 2870 2066 2934; x_wconf 74' lang='lat' dir='ltr'>fecerat,</span> <span class='ocrx_word' id='word_1_329' title='bbox 2098 2869 2258 2926; x_wconf 88' lang='lat' dir='ltr'>mala</span> 
     </span>
    </p>
   </div>
   <div class='ocr_carea' id='block_1_47' title="bbox 611 2958 2258 3030">
    <p class='ocr_par' dir='ltr' id='par_1_47' title="bbox 611 2958 2258 3030">
     <span class='ocr_line' id='line_1_47' title="bbox 611 2958 2258 3030; baseline -0.003 -12"><span class='ocrx_word' id='word_1_330' title='bbox 611 2978 719 3018; x_wconf 89' lang='lat' dir='ltr'>sua</span> <span class='ocrx_word' id='word_1_331' title='bbox 747 2961 1050 3016; x_wconf 88' lang='lat' dir='ltr'>volnutate</span> <span class='ocrx_word' id='word_1_332' title='bbox 1076 2961 1344 3030; x_wconf 89' lang='lat' dir='ltr'>perierat,</span> <span class='ocrx_word' id='word_1_333' title='bbox 1379 2958 1664 3024; x_wconf 91' lang='lat' dir='ltr'>Deumne,</span> <span class='ocrx_word' id='word_1_334' title='bbox 1688 2959 1954 3029; x_wconf 87' lang='lat' dir='ltr'>inquam,</span> <span class='ocrx_word' id='word_1_335' title='bbox 1988 2973 2096 3028; x_wconf 93' lang='lat' dir='ltr'>pro</span> <span class='ocrx_word' id='word_1_336' title='bbox 2127 2959 2258 3030; x_wconf 90' lang='lat' dir='ltr'>ipso</span> 
     </span>
    </p>
   </div>
   <div class='ocr_carea' id='block_1_48' title="bbox 2368 1804 3960 1880">
    <p class='ocr_par' dir='ltr' id='par_1_48' title="bbox 2368 1804 3960 1880">
     <span class='ocr_line' id='line_1_48' title="bbox 2368 1804 3960 1880; baseline 0.002 -24"><span class='ocrx_word' id='word_1_337' title='bbox 2368 1813 2696 1877; x_wconf 73' lang='grc' dir='ltr'>κακοῦργοςς</span> <span class='ocrx_word' id='word_1_338' title='bbox 2755 1811 2828 1866; x_wconf 91' lang='grc' dir='ltr'>τίς</span> <span class='ocrx_word' id='word_1_339' title='bbox 2881 1804 2939 1858; x_wconf 74' lang='grc' dir='ltr'>δὲ</span> <span class='ocrx_word' id='word_1_340' title='bbox 2990 1815 3090 1858; x_wconf 81' lang='grc' dir='ltr'>τῶν</span> <span class='ocrx_word' id='word_1_341' title='bbox 3145 1808 3268 1858; x_wconf 87' lang='grc' dir='ltr'>θεῶν</span> <span class='ocrx_word' id='word_1_342' title='bbox 3327 1807 3472 1878; x_wconf 80' lang='grc' dir='ltr'>ἡμῶν</span> <span class='ocrx_word' id='word_1_343' title='bbox 3527 1805 3960 1880; x_wconf 72' lang='grc' dir='ltr'>ἐσταυρώθη;’0</span> 
     </span>
    </p>
   </div>
   <div class='ocr_carea' id='block_1_49' title="bbox 2368 1895 3952 1967">
    <p class='ocr_par' dir='ltr' id='par_1_49' title="bbox 2368 1895 3952 1967">
     <span class='ocr_line' id='line_1_49' title="bbox 2368 1895 3952 1967; baseline 0.001 -22"><span class='ocrx_word' id='word_1_344' title='bbox 2368 1895 2511 1966; x_wconf 81' lang='grc' dir='ltr'>οἷγιος</span> <span class='ocrx_word' id='word_1_345' title='bbox 2560 1901 2796 1957; x_wconf 82' lang='grc' dir='ltr'>Λεόντιος</span> <span class='ocrx_word' id='word_1_346' title='bbox 2843 1895 3014 1966; x_wconf 77' lang='grc' dir='ltr'>λέγει·</span> <span class='ocrx_word' id='word_1_347' title='bbox 3046 1895 3102 1947; x_wconf 76' lang='grc' dir='ltr'><em>Ὀ</em></span> <span class='ocrx_word' id='word_1_348' title='bbox 3156 1899 3244 1966; x_wconf 73' lang='grc' dir='ltr'>μὲν</span> <span class='ocrx_word' id='word_1_349' title='bbox 3292 1897 3538 1967; x_wconf 84' lang='grc' dir='ltr'>ἡμέτερος</span> <span class='ocrx_word' id='word_1_350' title='bbox 3594 1900 3735 1955; x_wconf 86' lang='grc' dir='ltr'>Θεὸς</span> <span class='ocrx_word' id='word_1_351' title='bbox 3797 1896 3952 1947; x_wconf 66' lang='grc' dir='ltr'>ἐστιν·</span> 
     </span>
    </p>
   </div>
   <div class='ocr_carea' id='block_1_50' title="bbox 2368 1982 3962 2059">
    <p class='ocr_par' dir='ltr' id='par_1_50' title="bbox 2368 1982 3962 2059">
     <span class='ocr_line' id='line_1_50' title="bbox 2368 1982 3962 2059; baseline 0 -25"><span class='ocrx_word' id='word_1_352' title='bbox 2368 1986 2529 2055; x_wconf 85' lang='grc' dir='ltr'>ρώθη,</span> <span class='ocrx_word' id='word_1_353' title='bbox 2564 1990 2652 2036; x_wconf 85' lang='grc' dir='ltr'>καὶ</span> <span class='ocrx_word' id='word_1_354' title='bbox 2700 1983 3083 2056; x_wconf 79' lang='grc' dir='ltr'>ἐγκαυχωμεθα</span> <span class='ocrx_word' id='word_1_355' title='bbox 3126 1983 3172 2035; x_wconf 86' lang='grc' dir='ltr'>ἐν</span> <span class='ocrx_word' id='word_1_356' title='bbox 3205 1993 3275 2055; x_wconf 84' lang='grc' dir='ltr'>τῷ</span> <span class='ocrx_word' id='word_1_357' title='bbox 3326 1993 3534 2059; x_wconf 80' lang='grc' dir='ltr'>σταυρῷ</span> <span class='ocrx_word' id='word_1_358' title='bbox 3587 1985 3787 2044; x_wconf 70' lang='grc' dir='ltr'>αὑτοῦ,</span> <span class='ocrx_word' id='word_1_359' title='bbox 3825 1982 3891 2036; x_wconf 78' lang='grc' dir='ltr'>δι’</span> <span class='ocrx_word' id='word_1_360' title='bbox 3919 1986 3962 2035; x_wconf 70' lang='grc' dir='ltr'>οὗ</span> 
     </span>
    </p>
   </div>
   <div class='ocr_carea' id='block_1_51' title="bbox 2369 2073 3970 2149">
    <p class='ocr_par' dir='ltr' id='par_1_51' title="bbox 2369 2073 3970 2149">
     <span class='ocr_line' id='line_1_51' title="bbox 2369 2073 3970 2149; baseline -0.001 -23"><span class='ocrx_word' id='word_1_361' title='bbox 2369 2076 2418 2126; x_wconf 82' lang='grc' dir='ltr'>οἱ</span> <span class='ocrx_word' id='word_1_362' title='bbox 2449 2076 2550 2125; x_wconf 87' lang='grc' dir='ltr'>θεοὶ</span> <span class='ocrx_word' id='word_1_363' title='bbox 2580 2075 2720 2146; x_wconf 79' lang='grc' dir='ltr'>ὑμῶν</span> <span class='ocrx_word' id='word_1_364' title='bbox 2751 2074 2844 2125; x_wconf 75' lang='grc' dir='ltr'>οὐκ</span> <span class='ocrx_word' id='word_1_365' title='bbox 2876 2073 2949 2126; x_wconf 85' lang='grc' dir='ltr'>ἐτι</span> <span class='ocrx_word' id='word_1_366' title='bbox 2992 2074 3276 2145; x_wconf 83' lang='grc' dir='ltr'>ἰσχύουσιν</span> <span class='ocrx_word' id='word_1_367' title='bbox 3299 2092 3311 2105; x_wconf 95' lang='grc'><strong>·</strong></span> <span class='ocrx_word' id='word_1_368' title='bbox 3341 2076 3365 2126; x_wconf 91' lang='lat'>6</span> <span class='ocrx_word' id='word_1_369' title='bbox 3413 2077 3512 2148; x_wconf 79' lang='grc' dir='ltr'>γὰρ</span> <span class='ocrx_word' id='word_1_370' title='bbox 3555 2080 3828 2149; x_wconf 76' lang='grc' dir='ltr'>Χριστός,</span> <span class='ocrx_word' id='word_1_371' title='bbox 3864 2074 3970 2147; x_wconf 58' lang='lat' dir='ltr'>fiev-</span> 
     </span>
    </p>
   </div>
   <div class='ocr_carea' id='block_1_52' title="bbox 2367 2160 3968 2236">
    <p class='ocr_par' dir='ltr' id='par_1_52' title="bbox 2367 2160 3968 2236">
     <span class='ocr_line' id='line_1_52' title="bbox 2367 2160 3968 2236; baseline -0.002 -22"><span class='ocrx_word' id='word_1_372' title='bbox 2367 2162 2572 2234; x_wconf 84' lang='grc' dir='ltr'>λόμενος</span> <span class='ocrx_word' id='word_1_373' title='bbox 2617 2171 2788 2214; x_wconf 85' lang='grc' dir='ltr'>σῶσαι</span> <span class='ocrx_word' id='word_1_374' title='bbox 2832 2165 2918 2213; x_wconf 91' lang='grc' dir='ltr'>τόν</span> <span class='ocrx_word' id='word_1_375' title='bbox 2949 2164 3216 2234; x_wconf 79' lang='grc' dir='ltr'>ἄνθρωπον</span> <span class='ocrx_word' id='word_1_376' title='bbox 3264 2160 3356 2215; x_wconf 79' lang='grc' dir='ltr'>διὰ</span> <span class='ocrx_word' id='word_1_377' title='bbox 3403 2167 3496 2220; x_wconf 82' lang='grc' dir='ltr'>τὴν</span> <span class='ocrx_word' id='word_1_378' title='bbox 3538 2162 3968 2236; x_wconf 68' lang='grc' dir='ltr'>ἐπικρατησασσ,</span> 
     </span>
    </p>
   </div>
   <div class='ocr_carea' id='block_1_53' title="bbox 2367 2249 3972 2325">
    <p class='ocr_par' dir='ltr' id='par_1_53' title="bbox 2367 2249 3972 2325">
     <span class='ocr_line' id='line_1_53' title="bbox 2367 2249 3972 2325; baseline -0.002 -22"><span class='ocrx_word' id='word_1_379' title='bbox 2367 2254 2559 2308; x_wconf 86' lang='grc' dir='ltr'>ταύτην</span> <span class='ocrx_word' id='word_1_380' title='bbox 2632 2250 2904 2314; x_wconf 80' lang='grc' dir='ltr'>ἀθεότητα,</span> <span class='ocrx_word' id='word_1_381' title='bbox 2959 2250 3208 2312; x_wconf 84' lang='grc' dir='ltr'>ἑκουσίως</span> <span class='ocrx_word' id='word_1_382' title='bbox 3281 2251 3460 2303; x_wconf 87' lang='grc' dir='ltr'>ἑαυτὸν</span> <span class='ocrx_word' id='word_1_383' title='bbox 3526 2249 3819 2325; x_wconf 75' lang='grc' dir='ltr'>παρέδωκε</span> <span class='ocrx_word' id='word_1_384' title='bbox 3879 2260 3972 2311; x_wconf 74' lang='grc' dir='ltr'>τοῖς</span> 
     </span>
    </p>
   </div>
   <div class='ocr_carea' id='block_1_54' title="bbox 2365 2336 3966 2414">
    <p class='ocr_par' dir='ltr' id='par_1_54' title="bbox 2365 2336 3966 2414">
     <span class='ocr_line' id='line_1_54' title="bbox 2365 2336 3966 2414; baseline -0.001 -21"><span class='ocrx_word' id='word_1_385' title='bbox 2365 2336 2664 2404; x_wconf 72' lang='grc' dir='ltr'>Ἰουδαίοις,</span> <span class='ocrx_word' id='word_1_386' title='bbox 2724 2339 3058 2413; x_wconf 79' lang='grc' dir='ltr'>προκηρύξας</span> <span class='ocrx_word' id='word_1_387' title='bbox 3118 2349 3287 2392; x_wconf 86' lang='grc' dir='ltr'>ταῦτα</span> <span class='ocrx_word' id='word_1_388' title='bbox 3344 2338 3436 2393; x_wconf 78' lang='grc' dir='ltr'>διὰ</span> <span class='ocrx_word' id='word_1_389' title='bbox 3505 2349 3606 2392; x_wconf 85' lang='grc' dir='ltr'>τῶν</span> <span class='ocrx_word' id='word_1_390' title='bbox 3666 2352 3966 2414; x_wconf 68' lang='grc' dir='ltr'>προφητῶν,</span> 
     </span>
    </p>
   </div>
   <div class='ocr_carea' id='block_1_55' title="bbox 2369 2425 3967 2503">
    <p class='ocr_par' dir='ltr' id='par_1_55' title="bbox 2369 2425 3967 2503">
     <span class='ocr_line' id='line_1_55' title="bbox 2369 2425 3967 2503; baseline 0.002 -25"><span class='ocrx_word' id='word_1_391' title='bbox 2369 2429 2451 2478; x_wconf 85' lang='grc' dir='ltr'>ἳνα</span> <span class='ocrx_word' id='word_1_392' title='bbox 2482 2425 2574 2479; x_wconf 75' lang='grc' dir='ltr'>διὰ</span> <span class='ocrx_word' id='word_1_393' title='bbox 2601 2436 2691 2480; x_wconf 69' lang='grc' dir='ltr'>τοῦ</span> <span class='ocrx_word' id='word_1_394' title='bbox 2743 2437 2971 2503; x_wconf 86' lang='grc' dir='ltr'>σταυροῦ</span> <span class='ocrx_word' id='word_1_395' title='bbox 3014 2429 3313 2501; x_wconf 81' lang='grc' dir='ltr'>παράϐασιν</span> <span class='ocrx_word' id='word_1_396' title='bbox 3361 2429 3593 2503; x_wconf 79' lang='grc' dir='ltr'>ἀρχαίαν</span> <span class='ocrx_word' id='word_1_397' title='bbox 3639 2438 3738 2481; x_wconf 78' lang='grc' dir='ltr'>τοῦ</span> <span class='ocrx_word' id='word_1_398' title='bbox 3775 2451 3967 2503; x_wconf 77' lang='grc' dir='ltr'>πρωτο-</span> 
     </span>
    </p>
   </div>
   <div class='ocr_carea' id='block_1_56' title="bbox 2366 2515 3964 2592">
    <p class='ocr_par' dir='ltr' id='par_1_56' title="bbox 2366 2515 3964 2592">
     <span class='ocr_line' id='line_1_56' title="bbox 2366 2515 3964 2592; baseline 0.003 -25"><span class='ocrx_word' id='word_1_399' title='bbox 2366 2515 2599 2568; x_wconf 88' lang='grc' dir='ltr'>πλάστου</span> <span class='ocrx_word' id='word_1_400' title='bbox 2646 2517 2804 2590; x_wconf 73' lang='grc' dir='ltr'>λύσῃ,</span> <span class='ocrx_word' id='word_1_401' title='bbox 2835 2524 2922 2570; x_wconf 82' lang='grc' dir='ltr'>καὶ</span> <span class='ocrx_word' id='word_1_402' title='bbox 2966 2518 3184 2591; x_wconf 78' lang='grc' dir='ltr'>κατέλθῃ</span> <span class='ocrx_word' id='word_1_403' title='bbox 3221 2519 3293 2574; x_wconf 84' lang='grc' dir='ltr'>εἰς</span> <span class='ocrx_word' id='word_1_404' title='bbox 3338 2523 3421 2570; x_wconf 88' lang='grc' dir='ltr'>τόν</span> <span class='ocrx_word' id='word_1_405' title='bbox 3453 2515 3614 2590; x_wconf 73' lang='grc' dir='ltr'>ᾅδην,</span> <span class='ocrx_word' id='word_1_406' title='bbox 3646 2524 3744 2570; x_wconf 87' lang='grc' dir='ltr'>καὶ</span> <span class='ocrx_word' id='word_1_407' title='bbox 3798 2519 3964 2592; x_wconf 58' lang='grc' dir='ltr'>ἀνοίξῃ</span> 
     </span>
    </p>
   </div>
   <div class='ocr_carea' id='block_1_57' title="bbox 2366 2605 3963 2679">
    <p class='ocr_par' dir='ltr' id='par_1_57' title="bbox 2366 2605 3963 2679">
     <span class='ocr_line' id='line_1_57' title="bbox 2366 2605 3963 2679; baseline 0.002 -24"><span class='ocrx_word' id='word_1_408' title='bbox 2366 2612 2565 2670; x_wconf 81' lang='grc' dir='ltr'>τοῦτον,</span> <span class='ocrx_word' id='word_1_409' title='bbox 2621 2611 2708 2656; x_wconf 90' lang='grc' dir='ltr'>καὶ</span> <span class='ocrx_word' id='word_1_410' title='bbox 2777 2605 3012 2679; x_wconf 75' lang='grc' dir='ltr'>ἀπολύσῃ</span> <span class='ocrx_word' id='word_1_411' title='bbox 3090 2607 3288 2679; x_wconf 63' lang='grc' dir='ltr'>ψυχὰς,</span> <span class='ocrx_word' id='word_1_412' title='bbox 3341 2613 3429 2661; x_wconf 87' lang='grc' dir='ltr'>καὶ</span> <span class='ocrx_word' id='word_1_413' title='bbox 3497 2607 3799 2660; x_wconf 76' lang='grc' dir='ltr'>ἀνάστασιν</span> <span class='ocrx_word' id='word_1_414' title='bbox 3851 2612 3963 2679; x_wconf 67' lang='grc' dir='ltr'>ἡμῖν</span> 
     </span>
    </p>
   </div>
   <div class='ocr_carea' id='block_1_58' title="bbox 2369 2688 3958 2768">
    <p class='ocr_par' dir='ltr' id='par_1_58' title="bbox 2369 2688 3958 2768">
     <span class='ocr_line' id='line_1_58' title="bbox 2369 2688 3958 2768; baseline -0.026 20"><span class='ocrx_word' id='word_1_415' title='bbox 2369 2688 2712 2767; x_wconf 62' lang='grc' dir='ltr'>δωρήσηταν</span> <span class='ocrx_word' id='word_1_416' title='bbox 2749 2697 2796 2746; x_wconf 79' lang='grc' dir='ltr'>οί</span> <span class='ocrx_word' id='word_1_417' title='bbox 2846 2691 2902 2746; x_wconf 67' lang='grc' dir='ltr'><em>δέ</em></span> <span class='ocrx_word' id='word_1_418' title='bbox 2935 2697 3169 2768; x_wconf 67' lang='grc' dir='ltr'>ὑμέτεροι</span> <span class='ocrx_word' id='word_1_419' title='bbox 3221 2699 3348 2763; x_wconf 80' lang='grc' dir='ltr'>θεοὶ,</span> <span class='ocrx_word' id='word_1_420' title='bbox 3395 2701 3520 2758; x_wconf 74' lang='grc' dir='ltr'>Ζεὺς</span> <span class='ocrx_word' id='word_1_421' title='bbox 3568 2700 3685 2768; x_wconf 71' lang='grc' dir='ltr'>μὲν,</span> <span class='ocrx_word' id='word_1_422' title='bbox 3718 2695 3790 2748; x_wconf 68' lang='grc' dir='ltr'>δι’</span> <span class='ocrx_word' id='word_1_423' title='bbox 3831 2697 3958 2748; x_wconf 74' lang='grc' dir='ltr'>ἀσωο</span> 
     </span>
    </p>
   </div>
   <div class='ocr_carea' id='block_1_59' title="bbox 2366 2785 3949 2860">
    <p class='ocr_par' dir='ltr' id='par_1_59' title="bbox 2366 2785 3949 2860">
     <span class='ocr_line' id='line_1_59' title="bbox 2366 2785 3949 2860; baseline 0.001 -27"><span class='ocrx_word' id='word_1_424' title='bbox 2366 2787 2479 2833; x_wconf 87' lang='grc' dir='ltr'>τίαν</span> <span class='ocrx_word' id='word_1_425' title='bbox 2531 2786 2729 2847; x_wconf 79' lang='grc' dir='ltr'>κύκνος,</span> <span class='ocrx_word' id='word_1_426' title='bbox 2783 2789 2872 2836; x_wconf 83' lang='grc' dir='ltr'>καὶ</span> <span class='ocrx_word' id='word_1_427' title='bbox 2927 2793 3136 2857; x_wconf 81' lang='grc' dir='ltr'>ταῦρος,</span> <span class='ocrx_word' id='word_1_428' title='bbox 3213 2791 3298 2837; x_wconf 81' lang='grc' dir='ltr'>καὶ</span> <span class='ocrx_word' id='word_1_429' title='bbox 3352 2786 3556 2860; x_wconf 83' lang='grc' dir='ltr'>ἑρπετόν</span> <span class='ocrx_word' id='word_1_430' title='bbox 3636 2785 3847 2857; x_wconf 81' lang='grc' dir='ltr'>ἐγένετο·</span> <span class='ocrx_word' id='word_1_431' title='bbox 3898 2792 3949 2836; x_wconf 80' lang='grc' dir='ltr'>τί</span> 
     </span>
    </p>
   </div>
   <div class='ocr_carea' id='block_1_60' title="bbox 2366 2868 3941 2948">
    <p class='ocr_par' dir='ltr' id='par_1_60' title="bbox 2366 2868 3941 2948">
     <span class='ocr_line' id='line_1_60' title="bbox 2366 2868 3941 2948; baseline 0.001 -25"><span class='ocrx_word' id='word_1_432' title='bbox 2366 2868 2452 2923; x_wconf 83' lang='grc' dir='ltr'>οὖν</span> <span class='ocrx_word' id='word_1_433' title='bbox 2509 2870 2646 2924; x_wconf 84' lang='grc' dir='ltr'>ἐστιν</span> <span class='ocrx_word' id='word_1_434' title='bbox 2709 2873 3062 2946; x_wconf 84' lang='grc' dir='ltr'>ἑραστότερον,</span> <span class='ocrx_word' id='word_1_435' title='bbox 3117 2877 3243 2927; x_wconf 85' lang='grc' dir='ltr'>Θεὸν</span> <span class='ocrx_word' id='word_1_436' title='bbox 3295 2878 3381 2928; x_wconf 90' lang='grc' dir='ltr'>τόν</span> <span class='ocrx_word' id='word_1_437' title='bbox 3427 2881 3731 2933; x_wconf 79' lang='grc' dir='ltr'>ποιήσαντα</span> <span class='ocrx_word' id='word_1_438' title='bbox 3776 2878 3941 2948; x_wconf 64' lang='grc' dir='ltr'>ἀνθρω-</span> 
     </span>
    </p>
   </div>
   <div class='ocr_carea' id='block_1_61' title="bbox 2367 2959 3960 3034">
    <p class='ocr_par' dir='ltr' id='par_1_61' title="bbox 2367 2959 3960 3034">
     <span class='ocr_line' id='line_1_61' title="bbox 2367 2959 3960 3034; baseline 0.003 -25"><span class='ocrx_word' id='word_1_439' title='bbox 2367 2979 2480 3024; x_wconf 91' lang='grc' dir='ltr'>πον,</span> <span class='ocrx_word' id='word_1_440' title='bbox 2531 2966 2619 3012; x_wconf 88' lang='grc' dir='ltr'>καὶ</span> <span class='ocrx_word' id='word_1_441' title='bbox 2677 2959 2976 3014; x_wconf 79' lang='grc' dir='ltr'>ἀπολωλότα</span> <span class='ocrx_word' id='word_1_442' title='bbox 3040 2960 3132 3014; x_wconf 77' lang='grc' dir='ltr'>διὰ</span> <span class='ocrx_word' id='word_1_443' title='bbox 3186 2960 3325 3015; x_wconf 79' lang='grc' dir='ltr'>ἰδίαν</span> <span class='ocrx_word' id='word_1_444' title='bbox 3385 2964 3569 3016; x_wconf 76' lang='grc' dir='ltr'>ἑαυτοῦ</span> <span class='ocrx_word' id='word_1_445' title='bbox 3628 2969 3799 3021; x_wconf 68' lang='grc' dir='ltr'>κακὴν</span> <span class='ocrx_word' id='word_1_446' title='bbox 3852 2983 3960 3034; x_wconf 71' lang='grc' dir='ltr'>προσ</span> 
     </span>
    </p>
   </div>
   <div class='ocr_carea' id='block_1_62' title="bbox 611 3047 2257 3149">
    <p class='ocr_par' dir='ltr' id='par_1_62' title="bbox 611 3047 2257 3118">
     <span class='ocr_line' id='line_1_62' title="bbox 611 3047 2257 3118; baseline -0.002 -13"><span class='ocrx_word' id='word_1_447' title='bbox 611 3051 761 3106; x_wconf 90' lang='lat' dir='ltr'>mori</span> <span class='ocrx_word' id='word_1_448' title='bbox 780 3055 1171 3117; x_wconf 87' lang='lat' dir='ltr'>etresurgere,</span> <span class='ocrx_word' id='word_1_449' title='bbox 1190 3054 1366 3118; x_wconf 89' lang='lat' dir='ltr'>atque</span> <span class='ocrx_word' id='word_1_450' title='bbox 1381 3048 1744 3117; x_wconf 91' lang='lat' dir='ltr'>nuncipsum</span> <span class='ocrx_word' id='word_1_451' title='bbox 1760 3047 1934 3101; x_wconf 92' lang='lat' dir='ltr'>simul</span> <span class='ocrx_word' id='word_1_452' title='bbox 1951 3063 2257 3116; x_wconf 87' lang='lat' dir='ltr'>resurgere</span> 
     </span>
    </p>
   </div>
   <div class='ocr_carea' id='block_1_63' title="bbox 2365 3047 3962 3149">
    <p class='ocr_par' dir='ltr' id='par_1_63' title="bbox 2370 3049 3962 3122">
     <span class='ocr_line' id='line_1_63' title="bbox 2370 3049 3962 3122; baseline 0.002 -23"><span class='ocrx_word' id='word_1_453' title='bbox 2370 3053 2590 3122; x_wconf 78' lang='grc' dir='ltr'>αἰρεσιν,</span> <span class='ocrx_word' id='word_1_454' title='bbox 2625 3049 2896 3103; x_wconf 80' lang='grc' dir='ltr'>ἀποθανεῖν</span> <span class='ocrx_word' id='word_1_455' title='bbox 2941 3055 3027 3102; x_wconf 89' lang='grc' dir='ltr'>τόν</span> <span class='ocrx_word' id='word_1_456' title='bbox 3061 3055 3188 3104; x_wconf 83' lang='grc' dir='ltr'>Θεόν</span> <span class='ocrx_word' id='word_1_457' title='bbox 3221 3049 3291 3104; x_wconf 81' lang='grc' dir='ltr'>δι’</span> <span class='ocrx_word' id='word_1_458' title='bbox 3326 3053 3502 3121; x_wconf 71' lang='grc' dir='ltr'>αὐτόν,</span> <span class='ocrx_word' id='word_1_459' title='bbox 3536 3059 3626 3105; x_wconf 78' lang='grc' dir='ltr'>καὶ</span> <span class='ocrx_word' id='word_1_460' title='bbox 3660 3053 3962 3116; x_wconf 75' lang='grc' dir='ltr'>ἀναστῆναι,</span> 
     </span>
    </p>
   </div>
   <div class='ocr_carea' id='block_1_64' title="bbox 617 3134 2258 3195">
    <p class='ocr_par' dir='ltr' id='par_1_64' title="bbox 617 3134 2258 3195">
     <span class='ocr_line' id='line_1_64' title="bbox 617 3134 2258 3195; baseline -0.001 -3"><span class='ocrx_word' id='word_1_461' title='bbox 617 3137 1080 3192; x_wconf 89' lang='lat' dir='ltr'>misericordiam</span> <span class='ocrx_word' id='word_1_462' title='bbox 1134 3141 1512 3190; x_wconf 90' lang='lat' dir='ltr'>consecutum</span> <span class='ocrx_word' id='word_1_463' title='bbox 1549 3152 1563 3195; x_wconf 74' lang='grc' dir='ltr'>ς</span> <span class='ocrx_word' id='word_1_464' title='bbox 1591 3151 1664 3188; x_wconf 87' lang='lat' dir='ltr'>au</span> <span class='ocrx_word' id='word_1_465' title='bbox 1698 3135 1776 3189; x_wconf 90' lang='lat' dir='ltr'>ob</span> <span class='ocrx_word' id='word_1_466' title='bbox 1806 3134 2100 3190; x_wconf 79' lang='lat' dir='ltr'>luxuriam</span> <span class='ocrx_word' id='word_1_467' title='bbox 2132 3135 2258 3190; x_wconf 88' lang='lat' dir='ltr'>ﬁeri</span> 
     </span>
    </p>
   </div>
   <div class='ocr_carea' id='block_1_65' title="bbox 615 3223 2259 3295">
    <p class='ocr_par' dir='ltr' id='par_1_65' title="bbox 615 3223 2259 3295">
     <span class='ocr_line' id='line_1_65' title="bbox 615 3223 2259 3295; baseline -0.002 -14"><span class='ocrx_word' id='word_1_468' title='bbox 615 3227 901 3281; x_wconf 87' lang='lat' dir='ltr'>ciconiam</span> <span class='ocrx_word' id='word_1_469' title='bbox 931 3230 986 3280; x_wconf 90' lang='lat' dir='ltr'>et</span> <span class='ocrx_word' id='word_1_470' title='bbox 1003 3240 1203 3295; x_wconf 88' lang='lat' dir='ltr'>repere</span> <span class='ocrx_word' id='word_1_471' title='bbox 1230 3223 1307 3278; x_wconf 94' lang='lat' dir='ltr'>ob</span> <span class='ocrx_word' id='word_1_472' title='bbox 1329 3223 1631 3278; x_wconf 88' lang='lat' dir='ltr'>libidinem</span> <span class='ocrx_word' id='word_1_473' title='bbox 1657 3224 1684 3278; x_wconf 86' lang='lat'><strong><em>?</em></strong></span> <span class='ocrx_word' id='word_1_474' title='bbox 1717 3224 1987 3279; x_wconf 88' lang='lat' dir='ltr'>Similiter</span> <span class='ocrx_word' id='word_1_475' title='bbox 2017 3240 2259 3294; x_wconf 93' lang='lat' dir='ltr'>quoque</span> 
     </span>
    </p>
   </div>
   <div class='ocr_carea' id='block_1_66' title="bbox 618 3311 2261 3386">
    <p class='ocr_par' dir='ltr' id='par_1_66' title="bbox 618 3311 2261 3386">
     <span class='ocr_line' id='line_1_66' title="bbox 618 3311 2261 3386; baseline -0.006 -14"><span class='ocrx_word' id='word_1_476' title='bbox 618 3315 841 3386; x_wconf 80' lang='lat' dir='ltr'>Apollo,</span> <span class='ocrx_word' id='word_1_477' title='bbox 873 3315 1020 3368; x_wconf 93' lang='lat' dir='ltr'>deus</span> <span class='ocrx_word' id='word_1_478' title='bbox 1076 3320 1290 3377; x_wconf 88' lang='lat' dir='ltr'>vester,</span> <span class='ocrx_word' id='word_1_479' title='bbox 1326 3311 1569 3366; x_wconf 86' lang='lat' dir='ltr'>fulmine</span> <span class='ocrx_word' id='word_1_480' title='bbox 1627 3312 1818 3383; x_wconf 89' lang='lat' dir='ltr'>periit,</span> <span class='ocrx_word' id='word_1_481' title='bbox 1848 3318 1909 3366; x_wconf 92' lang='lat' dir='ltr'>ut</span> <span class='ocrx_word' id='word_1_482' title='bbox 1951 3311 2009 3364; x_wconf 90' lang='lat' dir='ltr'>in</span> <span class='ocrx_word' id='word_1_483' title='bbox 2040 3312 2261 3366; x_wconf 75' lang='lat' dir='ltr'>fabulis</span> 
     </span>
    </p>
   </div>
   <div class='ocr_carea' id='block_1_67' title="bbox 611 3399 2262 3471">
    <p class='ocr_par' dir='ltr' id='par_1_67' title="bbox 611 3399 2262 3471">
     <span class='ocr_line' id='line_1_67' title="bbox 611 3399 2262 3471; baseline -0.002 -12"><span class='ocrx_word' id='word_1_484' title='bbox 611 3404 818 3460; x_wconf 84' lang='lat' dir='ltr'>vestris</span> <span class='ocrx_word' id='word_1_485' title='bbox 848 3405 906 3457; x_wconf 92' lang='lat' dir='ltr'>in</span> <span class='ocrx_word' id='word_1_486' title='bbox 939 3418 1176 3457; x_wconf 87' lang='lat' dir='ltr'>scenam</span> <span class='ocrx_word' id='word_1_487' title='bbox 1210 3401 1405 3455; x_wconf 88' lang='lat' dir='ltr'>datur.</span> <span class='ocrx_word' id='word_1_488' title='bbox 1449 3399 1822 3471; x_wconf 64' lang='lat' dir='ltr'>Aisculapius</span> <span class='ocrx_word' id='word_1_489' title='bbox 1859 3416 1998 3454; x_wconf 91' lang='lat' dir='ltr'>vero</span> <span class='ocrx_word' id='word_1_490' title='bbox 2037 3406 2093 3454; x_wconf 91' lang='lat' dir='ltr'>et</span> <span class='ocrx_word' id='word_1_491' title='bbox 2124 3403 2262 3455; x_wconf 86' lang='lat' dir='ltr'>Her-</span> 
     </span>
    </p>
   </div>
   <div class='ocr_carea' id='block_1_68' title="bbox 611 3488 2259 3561">
    <p class='ocr_par' dir='ltr' id='par_1_68' title="bbox 611 3488 2259 3561">
     <span class='ocr_line' id='line_1_68' title="bbox 611 3488 2259 3561; baseline -0.002 -14"><span class='ocrx_word' id='word_1_492' title='bbox 611 3492 772 3547; x_wconf 87' lang='lat' dir='ltr'>cules</span> <span class='ocrx_word' id='word_1_493' title='bbox 803 3491 1044 3545; x_wconf 84' lang='lat' dir='ltr'>fulmine</span> <span class='ocrx_word' id='word_1_494' title='bbox 1073 3489 1277 3544; x_wconf 88' lang='lat' dir='ltr'>itidem</span> <span class='ocrx_word' id='word_1_495' title='bbox 1312 3489 1404 3542; x_wconf 91' lang='lat' dir='ltr'>icti</span> <span class='ocrx_word' id='word_1_496' title='bbox 1431 3494 1488 3543; x_wconf 87' lang='lat' dir='ltr'>et</span> <span class='ocrx_word' id='word_1_497' title='bbox 1513 3489 1649 3559; x_wconf 91' lang='lat' dir='ltr'>igne</span> <span class='ocrx_word' id='word_1_498' title='bbox 1676 3488 1893 3543; x_wconf 84' lang='lat' dir='ltr'>caelesti</span> <span class='ocrx_word' id='word_1_499' title='bbox 1920 3492 2259 3561; x_wconf 88' lang='lat' dir='ltr'>consumpti</span> 
     </span>
    </p>
   </div>
   <div class='ocr_carea' id='block_1_69' title="bbox 611 3576 2116 3648">
    <p class='ocr_par' dir='ltr' id='par_1_69' title="bbox 611 3576 2116 3648">
     <span class='ocr_line' id='line_1_69' title="bbox 611 3576 2116 3648; baseline -0.003 -12"><span class='ocrx_word' id='word_1_500' title='bbox 611 3580 847 3636; x_wconf 90' lang='lat' dir='ltr'>fuerunt</span> <span class='ocrx_word' id='word_1_501' title='bbox 882 3595 896 3645; x_wconf 89' lang='lat'><strong>;</strong></span> <span class='ocrx_word' id='word_1_502' title='bbox 939 3594 1060 3633; x_wconf 90' lang='lat' dir='ltr'>non</span> <span class='ocrx_word' id='word_1_503' title='bbox 1099 3579 1256 3632; x_wconf 89' lang='lat' dir='ltr'>enim</span> <span class='ocrx_word' id='word_1_504' title='bbox 1290 3576 1370 3632; x_wconf 90' lang='lat' dir='ltr'>dii</span> <span class='ocrx_word' id='word_1_505' title='bbox 1397 3582 1583 3642; x_wconf 82' lang='lat' dir='ltr'>erant,</span> <span class='ocrx_word' id='word_1_506' title='bbox 1615 3577 1719 3632; x_wconf 89' lang='lat' dir='ltr'>sed</span> <span class='ocrx_word' id='word_1_507' title='bbox 1744 3577 2116 3648; x_wconf 90' lang='lat' dir='ltr'>impostores.</span> 
     </span>
    </p>
   </div>
   <div class='ocr_carea' id='block_1_70' title="bbox 2368 3140 3965 3211">
    <p class='ocr_par' dir='ltr' id='par_1_70' title="bbox 2368 3140 3965 3211">
     <span class='ocr_line' id='line_1_70' title="bbox 2368 3140 3965 3211; baseline 0.002 -23"><span class='ocrx_word' id='word_1_508' title='bbox 2368 3142 2454 3189; x_wconf 85' lang='grc' dir='ltr'>καὶ</span> <span class='ocrx_word' id='word_1_509' title='bbox 2513 3148 2896 3197; x_wconf 84' lang='grc' dir='ltr'>συναναστῆναι</span> <span class='ocrx_word' id='word_1_510' title='bbox 2950 3148 3129 3193; x_wconf 82' lang='grc' dir='ltr'>τοῦτον</span> <span class='ocrx_word' id='word_1_511' title='bbox 3186 3141 3471 3211; x_wconf 79' lang='grc' dir='ltr'>ἐλεηθέντα,</span> <span class='ocrx_word' id='word_1_512' title='bbox 3522 3143 3551 3201; x_wconf 72' lang='grc' dir='ltr'><strong>ἣ</strong></span> <span class='ocrx_word' id='word_1_513' title='bbox 3611 3140 3686 3194; x_wconf 76' lang='grc' dir='ltr'>δι’</span> <span class='ocrx_word' id='word_1_514' title='bbox 3747 3143 3965 3194; x_wconf 64' lang='grc' dir='ltr'>ἀσωτίαν</span> 
     </span>
    </p>
   </div>
   <div class='ocr_carea' id='block_1_71' title="bbox 2368 3227 3967 3305">
    <p class='ocr_par' dir='ltr' id='par_1_71' title="bbox 2368 3227 3967 3305">
     <span class='ocr_line' id='line_1_71' title="bbox 2368 3227 3967 3305; baseline 0.004 -31"><span class='ocrx_word' id='word_1_515' title='bbox 2368 3228 2605 3295; x_wconf 86' lang='grc' dir='ltr'>γενέσθαι</span> <span class='ocrx_word' id='word_1_516' title='bbox 2673 3227 2947 3298; x_wconf 89' lang='grc' dir='ltr'>πελαργόν,</span> <span class='ocrx_word' id='word_1_517' title='bbox 3004 3233 3092 3281; x_wconf 84' lang='grc' dir='ltr'>καὶ</span> <span class='ocrx_word' id='word_1_518' title='bbox 3163 3231 3332 3302; x_wconf 84' lang='grc' dir='ltr'>ἕρπειν</span> <span class='ocrx_word' id='word_1_519' title='bbox 3387 3227 3480 3282; x_wconf 75' lang='grc' dir='ltr'>διὰ</span> <span class='ocrx_word' id='word_1_520' title='bbox 3526 3236 3618 3288; x_wconf 78' lang='grc' dir='ltr'>τὴν</span> <span class='ocrx_word' id='word_1_521' title='bbox 3698 3237 3967 3305; x_wconf 46' lang='grc' dir='ltr'>πορνεία-ς</span> 
     </span>
    </p>
   </div>
   <div class='ocr_carea' id='block_1_72' title="bbox 2367 3310 3967 3392">
    <p class='ocr_par' dir='ltr' id='par_1_72' title="bbox 2367 3310 3967 3392">
     <span class='ocr_line' id='line_1_72' title="bbox 2367 3310 3967 3392; baseline 0.005 -28"><span class='ocrx_word' id='word_1_522' title='bbox 2367 3314 2587 3384; x_wconf 84' lang='grc' dir='ltr'>Ὁμοίως</span> <span class='ocrx_word' id='word_1_523' title='bbox 2621 3310 2679 3366; x_wconf 78' lang='grc' dir='ltr'>δὲ</span> <span class='ocrx_word' id='word_1_524' title='bbox 2723 3320 2812 3367; x_wconf 86' lang='grc' dir='ltr'>καὶ</span> <span class='ocrx_word' id='word_1_525' title='bbox 2857 3316 3136 3380; x_wconf 85' lang='grc' dir='ltr'>Ἀπόλλων,</span> <span class='ocrx_word' id='word_1_526' title='bbox 3181 3321 3206 3369; x_wconf 93' lang='lat'>6</span> <span class='ocrx_word' id='word_1_527' title='bbox 3250 3322 3376 3378; x_wconf 88' lang='grc' dir='ltr'>Θεὸς</span> <span class='ocrx_word' id='word_1_528' title='bbox 3423 3321 3583 3391; x_wconf 77' lang='grc' dir='ltr'>ὑμῶν,</span> <span class='ocrx_word' id='word_1_529' title='bbox 3618 3319 3967 3392; x_wconf 68' lang='grc' dir='ltr'>ἐκεραυνώθη,</span> 
     </span>
    </p>
   </div>
   <div class='ocr_carea' id='block_1_73' title="bbox 2371 3400 3971 3478">
    <p class='ocr_par' dir='ltr' id='par_1_73' title="bbox 2371 3400 3971 3478">
     <span class='ocr_line' id='line_1_73' title="bbox 2371 3400 3971 3478; baseline 0.004 -25"><span class='ocrx_word' id='word_1_530' title='bbox 2371 3404 2434 3461; x_wconf 85' lang='grc' dir='ltr'>ὡς</span> <span class='ocrx_word' id='word_1_531' title='bbox 2479 3400 2526 3452; x_wconf 81' lang='grc' dir='ltr'>ἐν</span> <span class='ocrx_word' id='word_1_532' title='bbox 2569 3409 2675 3463; x_wconf 87' lang='grc' dir='ltr'>τοῖς</span> <span class='ocrx_word' id='word_1_533' title='bbox 2706 3405 2892 3474; x_wconf 82' lang='grc' dir='ltr'>μύθοις</span> <span class='ocrx_word' id='word_1_534' title='bbox 2939 3407 3081 3476; x_wconf 81' lang='grc' dir='ltr'>ὑμῶν</span> <span class='ocrx_word' id='word_1_535' title='bbox 3125 3404 3494 3478; x_wconf 72' lang='grc' dir='ltr'>τραγῳδεῖται.</span> <span class='ocrx_word' id='word_1_536' title='bbox 3543 3408 3867 3471; x_wconf 80' lang='grc' dir='ltr'>Ἀσκληπιός</span> <span class='ocrx_word' id='word_1_537' title='bbox 3917 3406 3971 3460; x_wconf 69' lang='grc' dir='ltr'>δὲ</span> 
     </span>
    </p>
   </div>
   <div class='ocr_carea' id='block_1_74' title="bbox 2370 3489 3968 3568">
    <p class='ocr_par' dir='ltr' id='par_1_74' title="bbox 2370 3489 3968 3568">
     <span class='ocr_line' id='line_1_74' title="bbox 2370 3489 3968 3568; baseline 0.004 -26"><span class='ocrx_word' id='word_1_538' title='bbox 2370 3495 2460 3542; x_wconf 83' lang='grc' dir='ltr'>καὶ</span> <span class='ocrx_word' id='word_1_539' title='bbox 2512 3489 2768 3566; x_wconf 80' lang='grc' dir='ltr'>Ἡρακλῆς</span> <span class='ocrx_word' id='word_1_540' title='bbox 2819 3492 3242 3568; x_wconf 83' lang='grc' dir='ltr'>ἐκεραυνώθησαν</span> <span class='ocrx_word' id='word_1_541' title='bbox 3316 3501 3404 3548; x_wconf 87' lang='grc' dir='ltr'>καὶ</span> <span class='ocrx_word' id='word_1_542' title='bbox 3473 3497 3645 3561; x_wconf 80' lang='grc' dir='ltr'>αὐτοὶ,</span> <span class='ocrx_word' id='word_1_543' title='bbox 3701 3504 3793 3550; x_wconf 84' lang='grc' dir='ltr'>καὶ</span> <span class='ocrx_word' id='word_1_544' title='bbox 3848 3519 3968 3549; x_wconf 80' lang='grc' dir='ltr'>κατ-</span> 
     </span>
    </p>
   </div>
   <div class='ocr_carea' id='block_1_75' title="bbox 2372 3577 3958 3661">
    <p class='ocr_par' dir='ltr' id='par_1_75' title="bbox 2372 3577 3958 3661">
     <span class='ocr_line' id='line_1_75' title="bbox 2372 3577 3958 3661; baseline 0.003 -30"><span class='ocrx_word' id='word_1_545' title='bbox 2372 3577 2777 3639; x_wconf 77' lang='grc' dir='ltr'>εδαπανὴθησαν</span> <span class='ocrx_word' id='word_1_546' title='bbox 2823 3588 2951 3655; x_wconf 86' lang='grc' dir='ltr'>πυρὶ</span> <span class='ocrx_word' id='word_1_547' title='bbox 2997 3583 3238 3657; x_wconf 74' lang='grc' dir='ltr'>οὐρανίῳ,</span> <span class='ocrx_word' id='word_1_548' title='bbox 3273 3584 3330 3636; x_wconf 87' lang='grc' dir='ltr'>ού</span> <span class='ocrx_word' id='word_1_549' title='bbox 3372 3587 3473 3661; x_wconf 81' lang='grc' dir='ltr'>γὰρ</span> <span class='ocrx_word' id='word_1_550' title='bbox 3519 3583 3657 3644; x_wconf 75' lang='grc' dir='ltr'>ἦσαν</span> <span class='ocrx_word' id='word_1_551' title='bbox 3703 3589 3814 3648; x_wconf 78' lang='grc' dir='ltr'>θεοὶ,</span> <span class='ocrx_word' id='word_1_552' title='bbox 3850 3585 3958 3636; x_wconf 69' lang='grc' dir='ltr'>ἀλλ’</span> 
     </span>
    </p>
   </div>
   <div class='ocr_carea' id='block_1_76' title="bbox 2373 3667 2648 3728">
    <p class='ocr_par' dir='ltr' id='par_1_76' title="bbox 2373 3667 2648 3728">
     <span class='ocr_line' id='line_1_76' title="bbox 2373 3667 2648 3728; baseline 0.011 -8"><span class='ocrx_word' id='word_1_553' title='bbox 2373 3667 2648 3728; x_wconf 86' lang='grc' dir='ltr'>ἀπατηλοί.</span> 
     </span>
    </p>
   </div>
   <div class='ocr_carea' id='block_1_77' title="bbox 2117 3799 2446 3856">
    <p class='ocr_par' dir='ltr' id='par_1_77' title="bbox 2117 3799 2446 3856">
     <span class='ocr_line' id='line_1_77' title="bbox 2117 3799 2446 3856; baseline -0.003 -1"><span class='ocrx_word' id='word_1_554' title='bbox 2117 3799 2343 3856; x_wconf 87' lang='lat' dir='ltr'>CAPUT</span> <span class='ocrx_word' id='word_1_555' title='bbox 2381 3800 2446 3854; x_wconf 87' lang='lat' dir='ltr'>Il.</span> 
     </span>
    </p>
   </div>
   <div class='ocr_carea' id='block_1_78' title="bbox 697 3948 3873 4026">
    <p class='ocr_par' dir='ltr' id='par_1_78' title="bbox 697 3948 3873 4026">
     <span class='ocr_line' id='line_1_78' title="bbox 697 3948 3873 4026; baseline 0.002 -17"><span class='ocrx_word' id='word_1_556' title='bbox 697 3953 911 4009; x_wconf 80' lang='lat' dir='ltr'>Sancti</span> <span class='ocrx_word' id='word_1_557' title='bbox 929 3948 1214 4017; x_wconf 80' lang='lat' dir='ltr'>lapidibus</span> <span class='ocrx_word' id='word_1_558' title='bbox 1243 3949 1505 4019; x_wconf 79' lang='lat' dir='ltr'>percussi</span> <span class='ocrx_word' id='word_1_559' title='bbox 1529 3954 1582 4005; x_wconf 81' lang='lat' dir='ltr'>et</span> <span class='ocrx_word' id='word_1_560' title='bbox 1612 3949 1671 4004; x_wconf 79' lang='lat' dir='ltr'>in</span> <span class='ocrx_word' id='word_1_561' title='bbox 1703 3962 1994 4004; x_wconf 79' lang='lat' dir='ltr'>carcerem</span> <span class='ocrx_word' id='word_1_562' title='bbox 2027 3951 2298 4018; x_wconf 84' lang='lat' dir='ltr'>conjecti,</span> <span class='ocrx_word' id='word_1_563' title='bbox 2328 3951 2508 4006; x_wconf 83' lang='lat' dir='ltr'>variis</span> <span class='ocrx_word' id='word_1_564' title='bbox 2539 3952 2819 4021; x_wconf 70' lang='lat' dir='ltr'>exemplis</span> <span class='ocrx_word' id='word_1_565' title='bbox 2851 3967 2887 4008; x_wconf 88' lang='lat' dir='ltr'>a</span> <span class='ocrx_word' id='word_1_566' title='bbox 2908 3959 3113 4009; x_wconf 79' lang='lat' dir='ltr'>sancto</span> <span class='ocrx_word' id='word_1_567' title='bbox 3137 3955 3368 4012; x_wconf 86' lang='lat' dir='ltr'>Leontio</span> <span class='ocrx_word' id='word_1_568' title='bbox 3401 3957 3873 4026; x_wconf 81' lang='lat' dir='ltr'>conﬁrmantur.</span> 
     </span>
    </p>
   </div>
   <div class='ocr_carea' id='block_1_79' title="bbox 679 4091 2334 4164">
    <p class='ocr_par' dir='ltr' id='par_1_79' title="bbox 679 4091 2334 4164">
     <span class='ocr_line' id='line_1_79' title="bbox 679 4091 2334 4164; baseline -0.002 -12"><span class='ocrx_word' id='word_1_569' title='bbox 679 4096 772 4152; x_wconf 92' lang='lat' dir='ltr'>Vl.</span> <span class='ocrx_word' id='word_1_570' title='bbox 799 4097 942 4149; x_wconf 91' lang='lat' dir='ltr'>Tum</span> <span class='ocrx_word' id='word_1_571' title='bbox 982 4094 1104 4149; x_wconf 82' lang='lat' dir='ltr'>dux</span> <span class='ocrx_word' id='word_1_572' title='bbox 1145 4093 1327 4149; x_wconf 90' lang='lat' dir='ltr'>iratus</span> <span class='ocrx_word' id='word_1_573' title='bbox 1351 4091 1652 4164; x_wconf 90' lang='lat' dir='ltr'>lapidibus</span> <span class='ocrx_word' id='word_1_574' title='bbox 1683 4091 1877 4147; x_wconf 91' lang='lat' dir='ltr'>vultus</span> <span class='ocrx_word' id='word_1_575' title='bbox 1908 4107 2113 4148; x_wconf 91' lang='lat' dir='ltr'>eorum</span> <span class='ocrx_word' id='word_1_576' title='bbox 2145 4109 2254 4148; x_wconf 68' lang='grc' dir='ltr'>οξε-</span> <span class='ocrx_word' id='word_1_577' title='bbox 2288 4093 2334 4148; x_wconf 96' lang='lat' dir='ltr'><strong>D</strong></span> 
     </span>
    </p>
   </div>
   <div class='ocr_carea' id='block_1_80' title="bbox 611 4181 2256 4255">
    <p class='ocr_par' dir='ltr' id='par_1_80' title="bbox 611 4181 2256 4255">
     <span class='ocr_line' id='line_1_80' title="bbox 611 4181 2256 4255; baseline -0.003 -14"><span class='ocrx_word' id='word_1_578' title='bbox 611 4186 670 4241; x_wconf 93' lang='lat' dir='ltr'>di</span> <span class='ocrx_word' id='word_1_579' title='bbox 716 4185 908 4254; x_wconf 88' lang='lat' dir='ltr'>jussit.</span> <span class='ocrx_word' id='word_1_580' title='bbox 943 4187 1007 4239; x_wconf 88' lang='lat' dir='ltr'>Et</span> <span class='ocrx_word' id='word_1_581' title='bbox 1056 4184 1236 4238; x_wconf 82' lang='lat' dir='ltr'>dixit:</span> <span class='ocrx_word' id='word_1_582' title='bbox 1273 4184 1385 4238; x_wconf 88' lang='lat' dir='ltr'>Ora</span> <span class='ocrx_word' id='word_1_583' title='bbox 1425 4198 1629 4238; x_wconf 91' lang='lat' dir='ltr'>eorum</span> <span class='ocrx_word' id='word_1_584' title='bbox 1681 4183 1985 4253; x_wconf 89' lang='lat' dir='ltr'>percutite,</span> <span class='ocrx_word' id='word_1_585' title='bbox 2020 4199 2090 4238; x_wconf 85' lang='lat' dir='ltr'>ex</span> <span class='ocrx_word' id='word_1_586' title='bbox 2120 4181 2256 4255; x_wconf 88' lang='lat' dir='ltr'>qui-</span> 
     </span>
    </p>
   </div>
   <div class='ocr_carea' id='block_1_81' title="bbox 608 4271 2252 4343">
    <p class='ocr_par' dir='ltr' id='par_1_81' title="bbox 608 4271 2252 4343">
     <span class='ocr_line' id='line_1_81' title="bbox 608 4271 2252 4343; baseline -0.002 -14"><span class='ocrx_word' id='word_1_587' title='bbox 608 4274 724 4329; x_wconf 84' lang='lat' dir='ltr'>bus</span> <span class='ocrx_word' id='word_1_588' title='bbox 754 4272 1123 4342; x_wconf 87' lang='lat' dir='ltr'>blasphemia</span> <span class='ocrx_word' id='word_1_589' title='bbox 1145 4272 1336 4343; x_wconf 90' lang='lat' dir='ltr'>erupit</span> <span class='ocrx_word' id='word_1_590' title='bbox 1360 4277 1565 4326; x_wconf 88' lang='lat' dir='ltr'>contra</span> <span class='ocrx_word' id='word_1_591' title='bbox 1583 4271 1745 4325; x_wconf 90' lang='lat' dir='ltr'>deos.</span> <span class='ocrx_word' id='word_1_592' title='bbox 1777 4271 2039 4324; x_wconf 83' lang='lat' dir='ltr'>Percussi</span> <span class='ocrx_word' id='word_1_593' title='bbox 2068 4271 2252 4326; x_wconf 89' lang='lat' dir='ltr'>sancti</span> 
     </span>
    </p>
   </div>
   <div class='ocr_carea' id='block_1_82' title="bbox 608 4358 2253 4429">
    <p class='ocr_par' dir='ltr' id='par_1_82' title="bbox 608 4358 2253 4429">
     <span class='ocr_line' id='line_1_82' title="bbox 608 4358 2253 4429; baseline -0.001 -15"><span class='ocrx_word' id='word_1_594' title='bbox 608 4361 815 4414; x_wconf 88' lang='lat' dir='ltr'>dicunt</span> <span class='ocrx_word' id='word_1_595' title='bbox 844 4365 1101 4429; x_wconf 75' lang='lat' dir='ltr'>tyranno</span> <span class='ocrx_word' id='word_1_596' title='bbox 1134 4375 1146 4411; x_wconf 94' lang='lat'>:</span> <span class='ocrx_word' id='word_1_597' title='bbox 1183 4363 1333 4412; x_wconf 90' lang='lat' dir='ltr'>Deus</span> <span class='ocrx_word' id='word_1_598' title='bbox 1357 4364 1408 4410; x_wconf 91' lang='lat' dir='ltr'>te</span> <span class='ocrx_word' id='word_1_599' title='bbox 1437 4374 1830 4427; x_wconf 89' lang='lat' dir='ltr'>percussurus</span> <span class='ocrx_word' id='word_1_600' title='bbox 1852 4364 1957 4420; x_wconf 90' lang='lat' dir='ltr'>est,</span> <span class='ocrx_word' id='word_1_601' title='bbox 1991 4358 2253 4413; x_wconf 86' lang='lat' dir='ltr'>minister</span> 
     </span>
    </p>
   </div>
   <div class='ocr_carea' id='block_1_83' title="bbox 611 4443 2248 4516">
    <p class='ocr_par' dir='ltr' id='par_1_83' title="bbox 611 4443 2248 4516">
     <span class='ocr_line' id='line_1_83' title="bbox 611 4443 2248 4516; baseline -0.002 -15"><span class='ocrx_word' id='word_1_602' title='bbox 611 4444 1014 4516; x_wconf 77' lang='lat' dir='ltr'>Satame,quia</span> <span class='ocrx_word' id='word_1_603' title='bbox 1029 4444 1276 4498; x_wconf 91' lang='lat' dir='ltr'>audiens</span> <span class='ocrx_word' id='word_1_604' title='bbox 1292 4443 1824 4508; x_wconf 84' lang='lat' dir='ltr'>veritatem,ebrius</span> <span class='ocrx_word' id='word_1_605' title='bbox 1846 4462 1906 4498; x_wconf 90' lang='lat' dir='ltr'>es</span> <span class='ocrx_word' id='word_1_606' title='bbox 1928 4445 2248 4515; x_wconf 87' lang='lat' dir='ltr'>impietate.</span> 
     </span>
    </p>
   </div>
   <div class='ocr_carea' id='block_1_84' title="bbox 609 4531 2248 4600">
    <p class='ocr_par' dir='ltr' id='par_1_84' title="bbox 609 4531 2248 4600">
     <span class='ocr_line' id='line_1_84' title="bbox 609 4531 2248 4600; baseline -0.003 -9"><span class='ocrx_word' id='word_1_607' title='bbox 609 4537 857 4592; x_wconf 87' lang='lat' dir='ltr'>Sanctus</span> <span class='ocrx_word' id='word_1_608' title='bbox 887 4531 1156 4587; x_wconf 88' lang='lat' dir='ltr'>Leontius</span> <span class='ocrx_word' id='word_1_609' title='bbox 1187 4532 1321 4585; x_wconf 88' lang='lat' dir='ltr'>dicit</span> <span class='ocrx_word' id='word_1_610' title='bbox 1352 4549 1363 4582; x_wconf 92' lang='lat'>:</span> <span class='ocrx_word' id='word_1_611' title='bbox 1401 4534 1641 4597; x_wconf 84' lang='lat' dir='ltr'>Fratres,</span> <span class='ocrx_word' id='word_1_612' title='bbox 1676 4549 1746 4586; x_wconf 91' lang='lat' dir='ltr'>ne</span> <span class='ocrx_word' id='word_1_613' title='bbox 1779 4533 2106 4587; x_wconf 88' lang='lat' dir='ltr'>maledicite</span> <span class='ocrx_word' id='word_1_614' title='bbox 2133 4533 2248 4600; x_wconf 87' lang='lat' dir='ltr'>his,</span> 
     </span>
    </p>
   </div>
   <div class='ocr_carea' id='block_1_85' title="bbox 605 4621 2244 4697">
    <p class='ocr_par' dir='ltr' id='par_1_85' title="bbox 605 4621 2244 4697">
     <span class='ocr_line' id='line_1_85' title="bbox 605 4621 2244 4697; baseline 0.001 -19"><span class='ocrx_word' id='word_1_615' title='bbox 605 4624 708 4697; x_wconf 86' lang='lat' dir='ltr'>qui</span> <span class='ocrx_word' id='word_1_616' title='bbox 775 4639 846 4678; x_wconf 82' lang='lat' dir='ltr'>ex</span> <span class='ocrx_word' id='word_1_617' title='bbox 900 4639 960 4677; x_wconf 89' lang='lat' dir='ltr'>se</span> <span class='ocrx_word' id='word_1_618' title='bbox 1009 4621 1152 4693; x_wconf 90' lang='lat' dir='ltr'>ipsis</span> <span class='ocrx_word' id='word_1_619' title='bbox 1211 4621 1501 4675; x_wconf 88' lang='lat' dir='ltr'>maledicti</span> <span class='ocrx_word' id='word_1_620' title='bbox 1563 4627 1717 4684; x_wconf 88' lang='lat' dir='ltr'>sunt,</span> <span class='ocrx_word' id='word_1_621' title='bbox 1769 4621 2095 4677; x_wconf 89' lang='lat' dir='ltr'>benedicite</span> <span class='ocrx_word' id='word_1_622' title='bbox 2145 4639 2244 4694; x_wconf 89' lang='lat' dir='ltr'>po-</span> 
     </span>
    </p>
   </div>
   <div class='ocr_carea' id='block_1_86' title="bbox 605 4709 2249 4784">
    <p class='ocr_par' dir='ltr' id='par_1_86' title="bbox 605 4709 2249 4784">
     <span class='ocr_line' id='line_1_86' title="bbox 605 4709 2249 4784; baseline -0.002 -14"><span class='ocrx_word' id='word_1_623' title='bbox 605 4715 740 4782; x_wconf 91' lang='lat' dir='ltr'>tius,</span> <span class='ocrx_word' id='word_1_624' title='bbox 772 4713 1056 4784; x_wconf 87' lang='lat' dir='ltr'>quoniam</span> <span class='ocrx_word' id='word_1_625' title='bbox 1091 4711 1171 4766; x_wconf 86' lang='lat' dir='ltr'>ita</span> <span class='ocrx_word' id='word_1_626' title='bbox 1223 4709 1504 4781; x_wconf 91' lang='lat' dir='ltr'>scriptum</span> <span class='ocrx_word' id='word_1_627' title='bbox 1538 4715 1622 4764; x_wconf 91' lang='lat' dir='ltr'>est</span> <span class='ocrx_word' id='word_1_628' title='bbox 1653 4727 1664 4764; x_wconf 92' lang='lat'>:</span> <span class='ocrx_word' id='word_1_629' title='bbox 1697 4731 1723 4763; x_wconf 90' lang='grc'><strong>((</strong></span> <span class='ocrx_word' id='word_1_630' title='bbox 1755 4711 2090 4768; x_wconf 88' lang='lat' dir='ltr'>Benedicite</span> <span class='ocrx_word' id='word_1_631' title='bbox 2121 4728 2249 4784; x_wconf 91' lang='lat' dir='ltr'>per-</span> 
     </span>
    </p>
   </div>
   <div class='ocr_carea' id='block_1_87' title="bbox 603 4798 2244 4874">
    <p class='ocr_par' dir='ltr' id='par_1_87' title="bbox 603 4798 2244 4874">
     <span class='ocr_line' id='line_1_87' title="bbox 603 4798 2244 4874; baseline 0 -17"><span class='ocrx_word' id='word_1_632' title='bbox 603 4802 991 4874; x_wconf 87' lang='lat' dir='ltr'>sequentibus</span> <span class='ocrx_word' id='word_1_633' title='bbox 1022 4800 1154 4854; x_wconf 74' lang='lat' dir='ltr'>vos1</span> <span class='ocrx_word' id='word_1_634' title='bbox 1187 4816 1200 4864; x_wconf 92' lang='lat'>;</span> <span class='ocrx_word' id='word_1_635' title='bbox 1232 4818 1259 4849; x_wconf 90' lang='lat'>»</span> <span class='ocrx_word' id='word_1_636' title='bbox 1287 4798 1616 4854; x_wconf 91' lang='lat' dir='ltr'>benedicite</span> <span class='ocrx_word' id='word_1_637' title='bbox 1647 4804 1703 4854; x_wconf 89' lang='lat' dir='ltr'>et</span> <span class='ocrx_word' id='word_1_638' title='bbox 1741 4815 1856 4854; x_wconf 90' lang='lat' dir='ltr'>non</span> <span class='ocrx_word' id='word_1_639' title='bbox 1891 4799 2244 4857; x_wconf 88' lang='lat' dir='ltr'>maledicite.</span> 
     </span>
    </p>
   </div>
   <div class='ocr_carea' id='block_1_88' title="bbox 598 4886 2245 4960">
    <p class='ocr_par' dir='ltr' id='par_1_88' title="bbox 598 4886 2245 4960">
     <span class='ocr_line' id='line_1_88' title="bbox 598 4886 2245 4960; baseline 0 -16"><span class='ocrx_word' id='word_1_640' title='bbox 598 4892 727 4946; x_wconf 85' lang='lat' dir='ltr'>Dux</span> <span class='ocrx_word' id='word_1_641' title='bbox 783 4890 957 4946; x_wconf 90' lang='lat' dir='ltr'>dicit:</span> <span class='ocrx_word' id='word_1_642' title='bbox 986 4889 1209 4954; x_wconf 89' lang='lat' dir='ltr'>Leonti,</span> <span class='ocrx_word' id='word_1_643' title='bbox 1246 4903 1351 4958; x_wconf 92' lang='lat' dir='ltr'>per</span> <span class='ocrx_word' id='word_1_644' title='bbox 1388 4886 1532 4942; x_wconf 93' lang='lat' dir='ltr'>deos</span> <span class='ocrx_word' id='word_1_645' title='bbox 1566 4889 1718 4956; x_wconf 87' lang='lat' dir='ltr'>iuro,</span> <span class='ocrx_word' id='word_1_646' title='bbox 1752 4889 1800 4943; x_wconf 90' lang='lat' dir='ltr'>si</span> <span class='ocrx_word' id='word_1_647' title='bbox 1827 4888 2245 4960; x_wconf 90' lang='lat' dir='ltr'>obtemperetis</span> 
     </span>
    </p>
   </div>
   <div class='ocr_carea' id='block_1_89' title="bbox 601 4975 2245 5048">
    <p class='ocr_par' dir='ltr' id='par_1_89' title="bbox 601 4975 2245 5048">
     <span class='ocr_line' id='line_1_89' title="bbox 601 4975 2245 5048; baseline 0 -15"><span class='ocrx_word' id='word_1_648' title='bbox 601 4979 743 5034; x_wconf 90' lang='lat' dir='ltr'>mihi</span> <span class='ocrx_word' id='word_1_649' title='bbox 773 4983 828 5034; x_wconf 91' lang='lat' dir='ltr'>et</span> <span class='ocrx_word' id='word_1_650' title='bbox 859 4977 1221 5042; x_wconf 86' lang='lat' dir='ltr'>sacrificetis,</span> <span class='ocrx_word' id='word_1_651' title='bbox 1256 4975 1550 5048; x_wconf 89' lang='lat' dir='ltr'>quidquid</span> <span class='ocrx_word' id='word_1_652' title='bbox 1597 4976 1918 5041; x_wconf 88' lang='lat' dir='ltr'>volueritis,</span> <span class='ocrx_word' id='word_1_653' title='bbox 1950 4977 2106 5033; x_wconf 91' lang='lat' dir='ltr'>dabo</span> <span class='ocrx_word' id='word_1_654' title='bbox 2148 4994 2245 5034; x_wconf 90' lang='lat' dir='ltr'>vo-</span> 
     </span>
    </p>
   </div>
   <div class='ocr_carea' id='block_1_90' title="bbox 596 5065 2246 5137">
    <p class='ocr_par' dir='ltr' id='par_1_90' title="bbox 596 5065 2246 5137">
     <span class='ocr_line' id='line_1_90' title="bbox 596 5065 2246 5137; baseline 0.001 -16"><span class='ocrx_word' id='word_1_655' title='bbox 596 5065 688 5121; x_wconf 91' lang='lat' dir='ltr'>bis</span> <span class='ocrx_word' id='word_1_656' title='bbox 712 5085 724 5124; x_wconf 88' lang='lat'>:</span> <span class='ocrx_word' id='word_1_657' title='bbox 752 5082 890 5122; x_wconf 87' lang='lat' dir='ltr'>nam</span> <span class='ocrx_word' id='word_1_658' title='bbox 920 5067 1229 5137; x_wconf 90' lang='lat' dir='ltr'>hucusque</span> <span class='ocrx_word' id='word_1_659' title='bbox 1256 5081 1361 5120; x_wconf 90' lang='lat' dir='ltr'>vos</span> <span class='ocrx_word' id='word_1_660' title='bbox 1388 5065 1660 5128; x_wconf 89' lang='lat' dir='ltr'>sustinui,</span> <span class='ocrx_word' id='word_1_661' title='bbox 1689 5065 2072 5122; x_wconf 88' lang='lat' dir='ltr'>considerans</span> <span class='ocrx_word' id='word_1_662' title='bbox 2095 5066 2246 5122; x_wconf 89' lang='lat' dir='ltr'>futu-</span> 
     </span>
    </p>
   </div>
   <div class='ocr_carea' id='block_1_91' title="bbox 597 5153 2239 5226">
    <p class='ocr_par' dir='ltr' id='par_1_91' title="bbox 597 5153 2239 5226">
     <span class='ocr_line' id='line_1_91' title="bbox 597 5153 2239 5226; baseline 0.002 -19"><span class='ocrx_word' id='word_1_663' title='bbox 597 5168 753 5217; x_wconf 88' lang='lat' dir='ltr'>rum,</span> <span class='ocrx_word' id='word_1_664' title='bbox 784 5159 844 5208; x_wconf 91' lang='lat' dir='ltr'>ut</span> <span class='ocrx_word' id='word_1_665' title='bbox 873 5153 1272 5210; x_wconf 90' lang='lat' dir='ltr'>mutaremini.</span> <span class='ocrx_word' id='word_1_666' title='bbox 1310 5154 1363 5210; x_wconf 90' lang='lat' dir='ltr'>Si</span> <span class='ocrx_word' id='word_1_667' title='bbox 1389 5153 1589 5226; x_wconf 91' lang='lat' dir='ltr'>itaque</span> <span class='ocrx_word' id='word_1_668' title='bbox 1639 5154 2102 5225; x_wconf 89' lang='lat' dir='ltr'>imperatoribus</span> <span class='ocrx_word' id='word_1_669' title='bbox 2150 5172 2239 5210; x_wconf 86' lang='lat' dir='ltr'>re-</span> 
     </span>
    </p>
   </div>
   <div class='ocr_carea' id='block_1_92' title="bbox 597 5240 2242 5315">
    <p class='ocr_par' dir='ltr' id='par_1_92' title="bbox 597 5240 2242 5315">
     <span class='ocr_line' id='line_1_92' title="bbox 597 5240 2242 5315; baseline 0.002 -20"><span class='ocrx_word' id='word_1_670' title='bbox 597 5240 937 5310; x_wconf 84' lang='lat' dir='ltr'>fragamini,</span> <span class='ocrx_word' id='word_1_671' title='bbox 955 5244 1069 5298; x_wconf 86' lang='lat' dir='ltr'>etsi</span> <span class='ocrx_word' id='word_1_672' title='bbox 1087 5243 1501 5315; x_wconf 73' lang='lat' dir='ltr'>nonveneritis</span> <span class='ocrx_word' id='word_1_673' title='bbox 1518 5242 1631 5298; x_wconf 89' lang='lat' dir='ltr'>diis</span> <span class='ocrx_word' id='word_1_674' title='bbox 1649 5242 2053 5308; x_wconf 87' lang='lat' dir='ltr'>sacriﬁcaturi,</span> <span class='ocrx_word' id='word_1_675' title='bbox 2069 5260 2242 5300; x_wconf 88' lang='lat' dir='ltr'>mem-</span> 
     </span>
    </p>
   </div>
   <div class='ocr_carea' id='block_1_93' title="bbox 595 5326 2242 5404">
    <p class='ocr_par' dir='ltr' id='par_1_93' title="bbox 595 5326 2242 5404">
     <span class='ocr_line' id='line_1_93' title="bbox 595 5326 2242 5404; baseline 0.004 -21"><span class='ocrx_word' id='word_1_676' title='bbox 595 5326 710 5383; x_wconf 91' lang='lat' dir='ltr'>bra</span> <span class='ocrx_word' id='word_1_677' title='bbox 733 5331 930 5384; x_wconf 84' lang='lat' dir='ltr'>vestra</span> <span class='ocrx_word' id='word_1_678' title='bbox 965 5331 1155 5386; x_wconf 87' lang='lat' dir='ltr'>corvis</span> <span class='ocrx_word' id='word_1_679' title='bbox 1184 5336 1240 5386; x_wconf 92' lang='lat' dir='ltr'>et</span> <span class='ocrx_word' id='word_1_680' title='bbox 1269 5332 1518 5388; x_wconf 89' lang='lat' dir='ltr'>canibus</span> <span class='ocrx_word' id='word_1_681' title='bbox 1557 5330 1760 5388; x_wconf 86' lang='lat' dir='ltr'>cibum</span> <span class='ocrx_word' id='word_1_682' title='bbox 1791 5345 2155 5404; x_wconf 89' lang='lat' dir='ltr'>proponam,</span> <span class='ocrx_word' id='word_1_683' title='bbox 2187 5335 2242 5390; x_wconf 92' lang='lat' dir='ltr'>et</span> 
     </span>
    </p>
   </div>
   <div class='ocr_carea' id='block_1_94' title="bbox 666 5483 1114 5552">
    <p class='ocr_par' dir='ltr' id='par_1_94' title="bbox 666 5483 1114 5552">
     <span class='ocr_line' id='line_1_94' title="bbox 666 5483 1114 5552; baseline 0.002 -10"><span class='ocrx_word' id='word_1_684' title='bbox 666 5484 683 5527; x_wconf 78' lang='lat'><strong>1</strong></span> <span class='ocrx_word' id='word_1_685' title='bbox 708 5483 910 5543; x_wconf 86' lang='lat' dir='ltr'>Matth.</span> <span class='ocrx_word' id='word_1_686' title='bbox 935 5502 993 5552; x_wconf 90' lang='lat' dir='ltr'>v,</span> <span class='ocrx_word' id='word_1_687' title='bbox 1023 5489 1114 5543; x_wconf 76' lang='grc'>44.</span> 
     </span>
    </p>
   </div>
   <div class='ocr_carea' id='block_1_95' title="bbox 2437 4093 3975 4166">
    <p class='ocr_par' dir='ltr' id='par_1_95' title="bbox 2437 4093 3975 4166">
     <span class='ocr_line' id='line_1_95' title="bbox 2437 4093 3975 4166; baseline 0.006 -20"><span class='ocrx_word' id='word_1_688' title='bbox 2437 4093 2507 4159; x_wconf 81' lang='grc' dir='ltr'>ς’.</span> <span class='ocrx_word' id='word_1_689' title='bbox 2579 4099 2678 4148; x_wconf 84' lang='grc' dir='ltr'>Καὶ</span> <span class='ocrx_word' id='word_1_690' title='bbox 2759 4095 3001 4166; x_wconf 84' lang='grc' dir='ltr'>χολώσας</span> <span class='ocrx_word' id='word_1_691' title='bbox 3079 4097 3104 4146; x_wconf 92' lang='grc' dir='ltr'>ό</span> <span class='ocrx_word' id='word_1_692' title='bbox 3179 4093 3307 4159; x_wconf 76' lang='grc' dir='ltr'>δούξ</span> <span class='ocrx_word' id='word_1_693' title='bbox 3359 4096 3586 4151; x_wconf 84' lang='grc' dir='ltr'>ἐκέλευσε</span> <span class='ocrx_word' id='word_1_694' title='bbox 3651 4100 3827 4163; x_wconf 84' lang='grc' dir='ltr'>λίθοις</span> <span class='ocrx_word' id='word_1_695' title='bbox 3887 4107 3975 4164; x_wconf 68' lang='grc' dir='ltr'>τὰς</span> 
     </span>
    </p>
   </div>
   <div class='ocr_carea' id='block_1_96' title="bbox 2366 4181 3976 4256">
    <p class='ocr_par' dir='ltr' id='par_1_96' title="bbox 2366 4181 3976 4256">
     <span class='ocr_line' id='line_1_96' title="bbox 2366 4181 3976 4256; baseline 0.007 -22"><span class='ocrx_word' id='word_1_696' title='bbox 2366 4181 2508 4252; x_wconf 72' lang='grc' dir='ltr'>ὄψεις</span> <span class='ocrx_word' id='word_1_697' title='bbox 2561 4183 2725 4234; x_wconf 72' lang='grc' dir='ltr'>αὐτῶν</span> <span class='ocrx_word' id='word_1_698' title='bbox 2781 4181 3044 4256; x_wconf 76' lang='grc' dir='ltr'>δέρεσθαι,</span> <span class='ocrx_word' id='word_1_699' title='bbox 3098 4189 3186 4237; x_wconf 87' lang='grc' dir='ltr'>καὶ</span> <span class='ocrx_word' id='word_1_700' title='bbox 3233 4185 3386 4256; x_wconf 77' lang='grc' dir='ltr'>λέγει’</span> <span class='ocrx_word' id='word_1_701' title='bbox 3438 4190 3665 4240; x_wconf 85' lang='grc' dir='ltr'>Τύπτετε</span> <span class='ocrx_word' id='word_1_702' title='bbox 3721 4193 3796 4242; x_wconf 78' lang='grc' dir='ltr'>τὰ</span> <span class='ocrx_word' id='word_1_703' title='bbox 3857 4199 3976 4244; x_wconf 55' lang='grc' dir='ltr'>στὸν</span> 
     </span>
    </p>
   </div>
   <div class='ocr_carea' id='block_1_97' title="bbox 2362 4271 3970 4346">
    <p class='ocr_par' dir='ltr' id='par_1_97' title="bbox 2362 4271 3970 4346">
     <span class='ocr_line' id='line_1_97' title="bbox 2362 4271 3970 4346; baseline 0.006 -24"><span class='ocrx_word' id='word_1_704' title='bbox 2362 4291 2503 4342; x_wconf 85' lang='grc' dir='ltr'>ματα</span> <span class='ocrx_word' id='word_1_705' title='bbox 2541 4272 2726 4339; x_wconf 73' lang='grc' dir='ltr'>αὐτῶν,</span> <span class='ocrx_word' id='word_1_706' title='bbox 2763 4274 2874 4324; x_wconf 85' lang='grc' dir='ltr'>ὅθεν</span> <span class='ocrx_word' id='word_1_707' title='bbox 2920 4271 3096 4334; x_wconf 82' lang='grc' dir='ltr'>ἐξῆλθε</span> <span class='ocrx_word' id='word_1_708' title='bbox 3145 4271 3459 4346; x_wconf 73' lang='grc' dir='ltr'>βλασφημία</span> <span class='ocrx_word' id='word_1_709' title='bbox 3506 4276 3578 4336; x_wconf 87' lang='grc' dir='ltr'>είς</span> <span class='ocrx_word' id='word_1_710' title='bbox 3624 4281 3747 4338; x_wconf 79' lang='grc' dir='ltr'>τούς</span> <span class='ocrx_word' id='word_1_711' title='bbox 3797 4281 3970 4343; x_wconf 83' lang='grc' dir='ltr'>θεούς,</span> 
     </span>
    </p>
   </div>
   <div class='ocr_carea' id='block_1_98' title="bbox 2364 4357 3974 4438">
    <p class='ocr_par' dir='ltr' id='par_1_98' title="bbox 2364 4357 3974 4438">
     <span class='ocr_line' id='line_1_98' title="bbox 2364 4357 3974 4438; baseline 0 -27"><span class='ocrx_word' id='word_1_712' title='bbox 2364 4363 2427 4411; x_wconf 79' lang='grc' dir='ltr'><strong>Οἱ</strong></span> <span class='ocrx_word' id='word_1_713' title='bbox 2485 4357 2543 4412; x_wconf 71' lang='grc' dir='ltr'>δὲ</span> <span class='ocrx_word' id='word_1_714' title='bbox 2594 4361 2735 4432; x_wconf 79' lang='grc' dir='ltr'>ἅγιοι</span> <span class='ocrx_word' id='word_1_715' title='bbox 2788 4366 3095 4432; x_wconf 82' lang='grc' dir='ltr'>τυπτόμενοι</span> <span class='ocrx_word' id='word_1_716' title='bbox 3141 4361 3379 4432; x_wconf 84' lang='grc' dir='ltr'>λέγουσιν</span> <span class='ocrx_word' id='word_1_717' title='bbox 3433 4371 3503 4434; x_wconf 83' lang='grc' dir='ltr'><em>τῷ</em></span> <span class='ocrx_word' id='word_1_718' title='bbox 3554 4368 3818 4438; x_wconf 78' lang='grc' dir='ltr'>τυράννῳ·</span> <span class='ocrx_word' id='word_1_719' title='bbox 3873 4376 3974 4423; x_wconf 63' lang='grc' dir='ltr'>Τύ-</span> 
     </span>
    </p>
   </div>
   <div class='ocr_carea' id='block_1_99' title="bbox 2360 4451 3969 4526">
    <p class='ocr_par' dir='ltr' id='par_1_99' title="bbox 2360 4451 3969 4526">
     <span class='ocr_line' id='line_1_99' title="bbox 2360 4451 3969 4526; baseline 0.006 -28"><span class='ocrx_word' id='word_1_720' title='bbox 2360 4468 2501 4500; x_wconf 87' lang='grc' dir='ltr'>πτειν</span> <span class='ocrx_word' id='word_1_721' title='bbox 2555 4469 2612 4502; x_wconf 91' lang='grc' dir='ltr'>σε</span> <span class='ocrx_word' id='word_1_722' title='bbox 2657 4451 2824 4521; x_wconf 78' lang='grc' dir='ltr'>μέλλει</span> <span class='ocrx_word' id='word_1_723' title='bbox 2871 4451 2896 4500; x_wconf 92' lang='lat'>6</span> <span class='ocrx_word' id='word_1_724' title='bbox 2968 4453 3114 4515; x_wconf 85' lang='grc' dir='ltr'>Θεὸς,</span> <span class='ocrx_word' id='word_1_725' title='bbox 3166 4451 3396 4526; x_wconf 84' lang='grc' dir='ltr'>ύπηρέτα</span> <span class='ocrx_word' id='word_1_726' title='bbox 3450 4461 3540 4504; x_wconf 80' lang='grc' dir='ltr'>τοῦ</span> <span class='ocrx_word' id='word_1_727' title='bbox 3597 4461 3830 4524; x_wconf 82' lang='grc' dir='ltr'>Σατανᾶ,</span> <span class='ocrx_word' id='word_1_728' title='bbox 3892 4462 3969 4510; x_wconf 80' lang='grc' dir='ltr'>ὅτι</span> 
     </span>
    </p>
   </div>
   <div class='ocr_carea' id='block_1_100' title="bbox 2359 4536 3968 4619">
    <p class='ocr_par' dir='ltr' id='par_1_100' title="bbox 2359 4536 3968 4619">
     <span class='ocr_line' id='line_1_100' title="bbox 2359 4536 3968 4619; baseline 0.007 -31"><span class='ocrx_word' id='word_1_729' title='bbox 2359 4541 2452 4594; x_wconf 80' lang='grc' dir='ltr'>τὴν</span> <span class='ocrx_word' id='word_1_730' title='bbox 2501 4536 2741 4595; x_wconf 80' lang='grc' dir='ltr'>ἀλήθειαν</span> <span class='ocrx_word' id='word_1_731' title='bbox 2795 4537 2991 4589; x_wconf 81' lang='grc' dir='ltr'>ἀκούων</span> <span class='ocrx_word' id='word_1_732' title='bbox 3039 4541 3244 4609; x_wconf 81' lang='grc' dir='ltr'>μεθύεις</span> <span class='ocrx_word' id='word_1_733' title='bbox 3297 4548 3357 4612; x_wconf 77' lang='grc' dir='ltr'>τῇ</span> <span class='ocrx_word' id='word_1_734' title='bbox 3411 4540 3636 4614; x_wconf 62' lang='grc' dir='ltr'>ἰισεεῗείιξι⁸</span> <span class='ocrx_word' id='word_1_735' title='bbox 3695 4543 3755 4596; x_wconf 88' lang='grc' dir='ltr'>Ὁ</span> <span class='ocrx_word' id='word_1_736' title='bbox 3817 4548 3968 4619; x_wconf 80' lang='grc' dir='ltr'>ᾱὲγιος</span> 
     </span>
    </p>
   </div>
   <div class='ocr_carea' id='block_1_101' title="bbox 2359 4621 3971 4703">
    <p class='ocr_par' dir='ltr' id='par_1_101' title="bbox 2359 4621 3971 4703">
     <span class='ocr_line' id='line_1_101' title="bbox 2359 4621 3971 4703; baseline -0.001 -26"><span class='ocrx_word' id='word_1_737' title='bbox 2359 4628 2594 4685; x_wconf 88' lang='grc' dir='ltr'>Λεόντιος</span> <span class='ocrx_word' id='word_1_738' title='bbox 2639 4625 2792 4695; x_wconf 83' lang='grc' dir='ltr'>λέγει·</span> <span class='ocrx_word' id='word_1_739' title='bbox 2851 4621 3110 4697; x_wconf 68' lang='grc' dir='ltr'>Ἀδελφοι,</span> <span class='ocrx_word' id='word_1_740' title='bbox 3169 4633 3238 4698; x_wconf 81' lang='grc' dir='ltr'>μὴ</span> <span class='ocrx_word' id='word_1_741' title='bbox 3299 4633 3592 4703; x_wconf 81' lang='grc' dir='ltr'>καταρᾶσθε</span> <span class='ocrx_word' id='word_1_742' title='bbox 3634 4637 3754 4692; x_wconf 80' lang='grc' dir='ltr'>τοὺς</span> <span class='ocrx_word' id='word_1_743' title='bbox 3806 4637 3971 4686; x_wconf 64' lang='grc' dir='ltr'>αὐτο-</span> 
     </span>
    </p>
   </div>
   <div class='ocr_carea' id='block_1_102' title="bbox 2356 4711 3968 4787">
    <p class='ocr_par' dir='ltr' id='par_1_102' title="bbox 2356 4711 3968 4787">
     <span class='ocr_line' id='line_1_102' title="bbox 2356 4711 3968 4787; baseline 0.007 -23"><span class='ocrx_word' id='word_1_744' title='bbox 2356 4716 2700 4787; x_wconf 77' lang='grc' dir='ltr'>καταράτους,</span> <span class='ocrx_word' id='word_1_745' title='bbox 2751 4711 2875 4765; x_wconf 84' lang='grc' dir='ltr'>ἀλλά</span> <span class='ocrx_word' id='word_1_746' title='bbox 2941 4715 3128 4785; x_wconf 80' lang='grc' dir='ltr'>μᾶλλον</span> <span class='ocrx_word' id='word_1_747' title='bbox 3206 4715 3454 4786; x_wconf 71' lang='grc' dir='ltr'>εὐλογεῖτε</span> <span class='ocrx_word' id='word_1_748' title='bbox 3483 4735 3494 4746; x_wconf 92' lang='grc'><strong>·</strong></span> <span class='ocrx_word' id='word_1_749' title='bbox 3551 4717 3730 4778; x_wconf 76' lang='grc' dir='ltr'>ἐπειδὴ</span> <span class='ocrx_word' id='word_1_750' title='bbox 3799 4725 3968 4785; x_wconf 72' lang='grc' dir='ltr'>οὕτως</span> 
     </span>
    </p>
   </div>
   <div class='ocr_carea' id='block_1_103' title="bbox 2356 4801 3970 4880">
    <p class='ocr_par' dir='ltr' id='par_1_103' title="bbox 2356 4801 3970 4880">
     <span class='ocr_line' id='line_1_103' title="bbox 2356 4801 3970 4880; baseline 0.001 -29"><span class='ocrx_word' id='word_1_751' title='bbox 2356 4804 2766 4876; x_wconf 83' lang='grc' dir='ltr'>ἑπιγέγραπται’</span> <span class='ocrx_word' id='word_1_752' title='bbox 2821 4803 3082 4874; x_wconf 81' lang='grc' dir='ltr'>Εύλογεῖτε</span> <span class='ocrx_word' id='word_1_753' title='bbox 3130 4808 3246 4864; x_wconf 82' lang='grc' dir='ltr'>τούς</span> <span class='ocrx_word' id='word_1_754' title='bbox 3300 4801 3583 4869; x_wconf 76' lang='grc' dir='ltr'>διώκοντας</span> <span class='ocrx_word' id='word_1_755' title='bbox 3639 4810 3778 4880; x_wconf 71' lang='grc' dir='ltr'>ὑμᾶς</span> <span class='ocrx_word' id='word_1_756' title='bbox 3816 4830 3829 4840; x_wconf 89' lang='grc'><strong>·</strong></span> <span class='ocrx_word' id='word_1_757' title='bbox 3889 4816 3970 4866; x_wconf 63' lang='grc' dir='ltr'>ες)-</span> 
     </span>
    </p>
   </div>
   <div class='ocr_carea' id='block_1_104' title="bbox 2354 4887 3967 4968">
    <p class='ocr_par' dir='ltr' id='par_1_104' title="bbox 2354 4887 3967 4968">
     <span class='ocr_line' id='line_1_104' title="bbox 2354 4887 3967 4968; baseline 0.009 -27"><span class='ocrx_word' id='word_1_758' title='bbox 2354 4887 2567 4960; x_wconf 88' lang='grc' dir='ltr'>λογεῑτε,</span> <span class='ocrx_word' id='word_1_759' title='bbox 2616 4896 2705 4943; x_wconf 87' lang='grc' dir='ltr'>καὶ</span> <span class='ocrx_word' id='word_1_760' title='bbox 2758 4895 2828 4963; x_wconf 79' lang='grc' dir='ltr'>μὴ</span> <span class='ocrx_word' id='word_1_761' title='bbox 2885 4895 3202 4967; x_wconf 82' lang='grc' dir='ltr'>καταρᾶσθε.</span> <span class='ocrx_word' id='word_1_762' title='bbox 3247 4893 3304 4946; x_wconf 69' lang='grc' dir='ltr'>Ὀ</span> <span class='ocrx_word' id='word_1_763' title='bbox 3360 4891 3490 4958; x_wconf 79' lang='grc' dir='ltr'>δούξ</span> <span class='ocrx_word' id='word_1_764' title='bbox 3529 4893 3682 4949; x_wconf 61' lang='grc' dir='ltr'>εἶπεν</span> <span class='ocrx_word' id='word_1_765' title='bbox 3718 4906 3967 4968; x_wconf 82' lang='grc' dir='ltr'>Λεόντιε,</span> 
     </span>
    </p>
   </div>
   <div class='ocr_carea' id='block_1_105' title="bbox 2354 4980 3971 5056">
    <p class='ocr_par' dir='ltr' id='par_1_105' title="bbox 2354 4980 3971 5056">
     <span class='ocr_line' id='line_1_105' title="bbox 2354 4980 3971 5056; baseline 0.01 -27"><span class='ocrx_word' id='word_1_766' title='bbox 2354 4981 2429 5050; x_wconf 80' lang='grc' dir='ltr'>μὰ</span> <span class='ocrx_word' id='word_1_767' title='bbox 2487 4983 2602 5040; x_wconf 80' lang='grc' dir='ltr'>τοὺς</span> <span class='ocrx_word' id='word_1_768' title='bbox 2635 4982 2798 5047; x_wconf 83' lang='grc' dir='ltr'>θεοὺς,</span> <span class='ocrx_word' id='word_1_769' title='bbox 2853 4980 2936 5033; x_wconf 77' lang='grc' dir='ltr'>ἐὰν</span> <span class='ocrx_word' id='word_1_770' title='bbox 2980 4984 3228 5042; x_wconf 85' lang='grc' dir='ltr'>πεισθῆτέ</span> <span class='ocrx_word' id='word_1_771' title='bbox 3269 5004 3378 5056; x_wconf 89' lang='grc' dir='ltr'>μοι,</span> <span class='ocrx_word' id='word_1_772' title='bbox 3424 4990 3512 5037; x_wconf 86' lang='grc' dir='ltr'>καὶ</span> <span class='ocrx_word' id='word_1_773' title='bbox 3571 4989 3738 5053; x_wconf 85' lang='grc' dir='ltr'>θύετε,</span> <span class='ocrx_word' id='word_1_774' title='bbox 3791 4992 3818 5042; x_wconf 88' lang='grc' dir='ltr'>ὃ</span> <span class='ocrx_word' id='word_1_775' title='bbox 3881 4992 3971 5044; x_wconf 68' lang='grc' dir='ltr'>ἐὰν</span> 
     </span>
    </p>
   </div>
   <div class='ocr_carea' id='block_1_106' title="bbox 2356 5067 3977 5154">
    <p class='ocr_par' dir='ltr' id='par_1_106' title="bbox 2356 5067 3977 5154">
     <span class='ocr_line' id='line_1_106' title="bbox 2356 5067 3977 5154; baseline 0.009 -34"><span class='ocrx_word' id='word_1_776' title='bbox 2356 5067 2636 5140; x_wconf 81' lang='grc' dir='ltr'>βούλησθε,</span> <span class='ocrx_word' id='word_1_777' title='bbox 2694 5070 2898 5142; x_wconf 79' lang='grc' dir='ltr'>παρέξω</span> <span class='ocrx_word' id='word_1_778' title='bbox 2972 5072 3092 5142; x_wconf 86' lang='grc' dir='ltr'>ύμῖν</span> <span class='ocrx_word' id='word_1_779' title='bbox 3127 5089 3139 5101; x_wconf 87' lang='grc'><strong>·</strong></span> <span class='ocrx_word' id='word_1_780' title='bbox 3194 5072 3286 5133; x_wconf 83' lang='grc' dir='ltr'>ἕως</span> <span class='ocrx_word' id='word_1_781' title='bbox 3355 5075 3456 5146; x_wconf 81' lang='grc' dir='ltr'>γὰρ</span> <span class='ocrx_word' id='word_1_782' title='bbox 3531 5084 3621 5128; x_wconf 81' lang='grc' dir='ltr'>τοῦ</span> <span class='ocrx_word' id='word_1_783' title='bbox 3694 5086 3977 5154; x_wconf 80' lang='grc' dir='ltr'>παρόντος</span> 
     </span>
    </p>
   </div>
   <div class='ocr_carea' id='block_1_107' title="bbox 2353 5155 3974 5233">
    <p class='ocr_par' dir='ltr' id='par_1_107' title="bbox 2353 5155 3974 5233">
     <span class='ocr_line' id='line_1_107' title="bbox 2353 5155 3974 5233; baseline 0.008 -26"><span class='ocrx_word' id='word_1_784' title='bbox 2353 5155 2655 5228; x_wconf 79' lang='grc' dir='ltr'>ἠνεσχόμην</span> <span class='ocrx_word' id='word_1_785' title='bbox 2703 5158 2866 5230; x_wconf 82' lang='grc' dir='ltr'>ὑμῶν,</span> <span class='ocrx_word' id='word_1_786' title='bbox 2918 5167 3122 5211; x_wconf 89' lang='grc' dir='ltr'>σκοπῶν</span> <span class='ocrx_word' id='word_1_787' title='bbox 3176 5164 3268 5219; x_wconf 81' lang='grc' dir='ltr'>τὴν</span> <span class='ocrx_word' id='word_1_788' title='bbox 3322 5162 3628 5233; x_wconf 79' lang='grc' dir='ltr'>μεταϐολήν.</span> <span class='ocrx_word' id='word_1_789' title='bbox 3686 5166 3805 5220; x_wconf 77' lang='grc' dir='ltr'>Ἐὰν</span> <span class='ocrx_word' id='word_1_790' title='bbox 3873 5168 3974 5222; x_wconf 74' lang='grc' dir='ltr'>οὖν</span> 
     </span>
    </p>
   </div>
   <div class='ocr_carea' id='block_1_108' title="bbox 2351 5247 3978 5332">
    <p class='ocr_par' dir='ltr' id='par_1_108' title="bbox 2351 5247 3978 5332">
     <span class='ocr_line' id='line_1_108' title="bbox 2351 5247 3978 5332; baseline 0.004 -37"><span class='ocrx_word' id='word_1_791' title='bbox 2351 5247 2718 5317; x_wconf 81' lang='grc' dir='ltr'>παρακούσητε</span> <span class='ocrx_word' id='word_1_792' title='bbox 2795 5255 2892 5298; x_wconf 87' lang='grc' dir='ltr'>τῶν</span> <span class='ocrx_word' id='word_1_793' title='bbox 2973 5247 3386 5322; x_wconf 70' lang='grc' dir='ltr'>αὐτοκρατόρων,</span> <span class='ocrx_word' id='word_1_794' title='bbox 3445 5256 3529 5304; x_wconf 75' lang='grc' dir='ltr'>καὶ</span> <span class='ocrx_word' id='word_1_795' title='bbox 3609 5258 3706 5327; x_wconf 79' lang='grc' dir='ltr'>μὴ,</span> <span class='ocrx_word' id='word_1_796' title='bbox 3786 5277 3978 5332; x_wconf 62' lang='grc' dir='ltr'>προσ-</span> 
     </span>
    </p>
   </div>
   <div class='ocr_carea' id='block_1_109' title="bbox 2351 5331 3978 5417">
    <p class='ocr_par' dir='ltr' id='par_1_109' title="bbox 2351 5331 3978 5417">
     <span class='ocr_line' id='line_1_109' title="bbox 2351 5331 3978 5417; baseline 0.011 -33"><span class='ocrx_word' id='word_1_797' title='bbox 2351 5331 2593 5403; x_wconf 82' lang='grc' dir='ltr'>ελθόντις,</span> <span class='ocrx_word' id='word_1_798' title='bbox 2646 5334 2838 5392; x_wconf 84' lang='grc' dir='ltr'>θύσητε</span> <span class='ocrx_word' id='word_1_799' title='bbox 2890 5341 2994 5397; x_wconf 86' lang='grc' dir='ltr'>τοῖς</span> <span class='ocrx_word' id='word_1_800' title='bbox 3075 5337 3228 5404; x_wconf 88' lang='grc' dir='ltr'>θεοῖς,</span> <span class='ocrx_word' id='word_1_801' title='bbox 3279 5339 3345 5390; x_wconf 83' lang='grc' dir='ltr'>τὰ</span> <span class='ocrx_word' id='word_1_802' title='bbox 3416 5339 3542 5412; x_wconf 72' lang='grc' dir='ltr'>μελη</span> <span class='ocrx_word' id='word_1_803' title='bbox 3618 5343 3762 5417; x_wconf 85' lang='grc' dir='ltr'>ὑμῶν</span> <span class='ocrx_word' id='word_1_804' title='bbox 3832 5331 3978 5413; x_wconf 69' lang='grc' dir='ltr'>τοῖς</span> 
     </span>
    </p>
   </div>
  </div>
