4114 6262
196 243 296 297 329

1261 239 1696 300 MARTYRIUM
1735 237 1838 294 SS.
1881 236 2020 294 XLV
2062 241 2496 301 MAHTYRUM.

3441 253 3547 308 330

197 365 377 439 κοραξι
427 367 518 416 κᾱὶ
569 367 674 422 τοῖς
725 365 849 413 κυσὶ
899 359 1059 434 βορὰν
1117 366 1436 436 παραθήσω,
1495 370 1585 418 καὶ
1645 361 1795 417 οὐδὲν

1920 364 2051 420 nihil
2081 367 2246 424 vobis
2279 370 2544 441 proderit
2573 371 2748 428 stulta
2777 372 3130 444 pervicacia.
3163 375 3412 431 Sanctus
3436 376 3550 434 An-

200 457 326 526 ύμᾶς
383 452 637 524 ὠφελήσει
683 451 712 506 ἡ
769 455 968 522 ματαία
1022 453 1286 514 ἔνστασις.
1317 454 1375 504 'O
1425 455 1568 526 ἅγιος
1615 455 1794 506 Ἀντώο

197 563 302 602 νιος
352 541 515 612 λέγει·
579 543 756 598 Ποίοις
806 541 938 599 θεοῖς
995 540 1212 602 κελεύεις
1265 543 1422 594 θῦσαι
1465 545 1652 614 ἡμᾶς;
1691 549 1796 594 Λυ-

204 637 320 694 σίας
370 631 522 700 λέγει·
579 631 789 681 Θύσατε
841 636 914 698 τῷ
967 631 1048 679 Διὶ
1108 634 1197 680 καὶ
1240 637 1312 700 τῷ
1375 630 1680 684 Ἀπόλλωνι.
1739 636 1795 680 Ὁ

201 721 346 792 ἅγιος
403 722 636 778 Λεόντιος
699 713 851 768 εἶπεν·
909 716 966 768 Ὀ
1013 722 1142 778 Θεὸς
1197 719 1338 789 ὑμῶν
1395 718 1573 771 ἑαυτὸν
1625 727 1796 771 σῶσαι

198 815 268 878 μὴ
322 805 622 879 δυνάμενος,
675 804 934 858 Ἀπόλλων
986 805 1206 878 λέγεται·
1255 813 1408 859 τοῦτο
1460 809 1604 879 ὑμεῖς
1663 827 1796 880 μαρ-

195 903 405 972 τυρεῖτε.

265 985 336 1043 Ζ’.
368 985 764 1056 Ἀγανακτήσας
789 981 876 1034 οὗν
903 984 927 1033 6
979 987 1202 1054 Λυσίας,
1249 990 1338 1037 καὶ
1386 985 1442 1036 ἐκ
1487 993 1579 1038 τοῦ
1627 987 1792 1057 θυμοῦ

197 1078 312 1134 τούς
351 1073 644 1146 ὀφθαλμοὺς
691 1069 977 1144 διαπύρους
1020 1077 1262 1140 ποιήσας,
1323 1080 1412 1126 καὶ
1455 1079 1642 1147 τρίσας
1675 1079 1794 1134 τοὺς

199 1161 430 1226 ὀδόντας,
479 1163 736 1214 ἐκέλευσεν
784 1157 990 1236 σιδήρῳ
1021 1158 1236 1222 δεθῆναι
1268 1162 1435 1215 αὐτῶν
1467 1165 1560 1224 τὰς
1588 1170 1792 1238 χεῖρας,

197 1257 287 1304 καὶ
343 1255 464 1312 τοὺς
509 1247 694 1314 πόδας,
745 1253 834 1300 καὶ
891 1249 1084 1311 κλοιοῖς
1141 1249 1454 1325 βαρυτάτοις
1505 1271 1795 1323 κατασφιγ-

199 1343 419 1412 χθέντας
493 1338 806 1396 ἀποτεθῆναι
887 1338 960 1398 εἰς
1019 1343 1076 1390 τὸ
1156 1336 1516 1414 δεσμωτήριον
1583 1341 1652 1399 εἱς
1709 1343 1794 1391 τὸν

197 1432 396 1503 πύργον
475 1437 566 1487 τῆς
615 1426 803 1486 πόλεως
861 1435 952 1488 τῆς
1007 1426 1308 1498 βλεπούσης
1377 1433 1510 1480 κατὰ
1581 1428 1789 1502 βορέαν,

197 1520 317 1570 ἔνθα
361 1522 450 1568 καὶ
493 1521 636 1586 πηγή
691 1517 1020 1588 ύπεκτρέχει,
1065 1517 1260 1590 ῥέουσα
1317 1517 1494 1578 ἔξωθεν
1543 1525 1636 1578 τῆς
1693 1519 1792 1568 πύ-

197 1606 288 1666 λης
337 1614 432 1666 τῆς
470 1604 680 1664 πόλεως’
732 1605 1080 1678 παραγγείλας
1135 1611 1243 1666 τοῖς
1290 1605 1650 1676 φυλάσσουσιν
1701 1605 1790 1656 αύ-

199 1699 319 1757 τούς
397 1698 760 1768 στρατιώταις,

200 1785 399 1846 αὐτοῖς·
447 1785 675 1848 Βλέπετε,
735 1779 774 1832 ὦ
825 1789 1025 1836 Μεναῖα
1067 1788 1152 1836 καὶ
1211 1781 1516 1858 Βηληράδη,
1557 1793 1664 1845 πῶς
1701 1784 1790 1835 αύ-

199 1879 322 1936 τούς
372 1873 666 1946 φυλάττετε·
729 1874 804 1943 μὰ
855 1875 939 1923 τὸν
995 1873 1094 1945 γὰρ
1156 1872 1492 1938 Ἀσκληπιὸν,
1568 1875 1647 1925 ὅτι
1709 1872 1792 1924 ἐὰν

199 1965 372 2035 μάθω,
419 1963 500 2015 ὅτι
554 1960 706 2032 ἄρτος
747 1961 776 2018 ἢ
838 1956 980 2032 ὕδωρ
1027 1957 1182 2018 ἐδόθη
1231 1961 1406 2022 αὐτοῖς
1453 1964 1594 2036 παρά
1633 1981 1790 2026 τινος,

199 2055 294 2109 τὴν
341 2049 541 2102 ἐκείνων
590 2053 839 2122 τιμωρίαν
891 2050 1012 2120 ύμῖν
1069 2047 1324 2115 ἐπιθήσω,
1383 2055 1472 2102 καὶ
1523 2055 1648 2122 πυρὶ
1702 2055 1794 2102 σὺν

198 2139 406 2198 ἐκείνοις
445 2139 580 2208 ὑμᾶς
623 2135 892 2190 ἀναλώσω.
926 2139 990 2188 Οἱ
1037 2135 1096 2190 δὲ
1130 2147 1465 2210 στρατιῶται,
1511 2141 1578 2190 τὰ
1625 2136 1798 2210 δεσμά

197 2229 486 2302 περιθέντες
538 2231 642 2286 τοῖς
689 2224 878 2296 ἁγίοις,
935 2225 1161 2278 ἐνέϐαλον
1202 2227 1274 2288 εἰς
1325 2231 1410 2280 τὸν
1467 2231 1684 2302 πύργον.
1733 2231 1800 2280 Οἱ

201 2316 262 2370 δὲ
309 2317 451 2389 ἅγιοι
505 2337 574 2376 ως
620 2314 672 2377 ἐξ
719 2315 822 2374 ἐνὸς
857 2319 1108 2386 στόματος
1146 2316 1331 2386 ἔλεγον
1365 2317 1685 2389 Εύλογοῠμέν
1719 2337 1794 2382 σε,

201 2407 382 2476 Κύριε,
441 2407 526 2456 τόν
577 2403 798 2456 Βασιλέα
825 2413 916 2464 τῆς
947 2401 1127 2474 δόξης,
1174 2409 1259 2456 τὸν
1304 2405 1386 2458 ἐπὶ
1435 2411 1650 2458 Ποντίου
1707 2413 1796 2458 Πι-

200 2495 358 2546 λάτου
415 2497 753 2566 παραστάντα
801 2493 871 2554 εἰς
923 2499 1190 2566 κριτήριον
1250 2490 1344 2546 διὰ
1399 2497 1492 2556 τὰς
1549 2498 1796 2568 ἡμετέρας

205 2583 484 2654 ἁμαρτίας·
542 2587 606 2634 σὺ
647 2585 747 2655 γὰρ
799 2583 850 2634 εἷ
887 2585 916 2639 ἡ
970 2583 1183 2640 ἀληθινή
1241 2583 1370 2650 ζωὴ,
1405 2585 1429 2634 6
1475 2586 1600 2655 ὑπὲρ
1653 2587 1797 2656 ἡμῶν

204 2680 304 2723 τῶν
357 2671 670 2744 ἁμαρτωλῶν
717 2673 878 2722 θυσία
923 2668 1116 2735 δοθεὶς,
1167 2673 1192 2722 6
1221 2679 1314 2724 τοῦ
1359 2671 1630 2729 Ἀληθινού
1664 2679 1798 2726 Θεοῦ

205 2763 322 2820 Υἱὸς
379 2760 636 2824 ἀληθινὸς,
695 2765 911 2811 καὶτοῦ
972 2768 1066 2810 σου
1127 2764 1328 2832 Πατρός
1379 2761 1674 2833 ἀρχιερεύς·
1726 2767 1796 2832 μὴ

203 2855 464 2923 χωρήσης
521 2851 661 2918 ἡμᾶς
733 2855 824 2898 τοῦ
877 2846 1012 2898 ἐλέου
1075 2866 1190 2910 σου,
1247 2853 1377 2918 μήτε
1435 2851 1626 2907 ταύτης
1709 2857 1804 2908 τῆς

207 2935 584 3007 ἀδελφότητος,
635 2935 828 2994 ἐνὼσας
871 2937 1008 3004 ἡμᾶς
1063 2938 1254 2994 πάντας
1291 2942 1353 3005 τῇ
1421 2943 1486 3006 σῇ
1535 2936 1805 3008 ὁμολογίᾳ,

1905 454 2104 510 tonius
2131 456 2304 512 dixit:
2339 459 2680 529 Cujusmodi
2714 460 2826 516 diis
2867 461 3200 518 sacriﬁcare
3233 478 3342 518 nos
3365 463 3546 534 jubes

1905 543 2106 614 Lysias
2145 544 2318 600 dicit:
2357 548 2687 604 Sacriﬁcate
2725 550 2856 604 Jovi
2893 555 2949 605 et
2987 551 3260 623 Apollini.
3301 553 3548 608 Sanctus

1909 632 2179 688 Leontius
2220 635 2400 690 dixit:
2439 639 2586 692 Deus
2619 643 2826 704 vester,
2873 639 2976 710 qui
3005 639 3394 711 semetipsum
3432 656 3550 696 ser—

1905 736 2044 820 vare
2069 738 2188 778 non
2216 729 2428 794 potest,
2453 725 2661 797 Apollo
2691 726 2923 782 dicitur.
2957 728 3022 784 Id
3051 729 3413 786 conﬁtemini
3441 745 3550 786 vos

1903 825 2040 880 1p31.

1977 992 2080 1046 VII.
2117 992 2464 1064 Indignatus
2493 1009 2634 1066 ergo
2668 995 2890 1066 Lysias,
2943 995 3132 1050 oculis
3163 995 3551 1054 inﬂammatis

1903 1094 2024 1150 prae
2055 1079 2249 1136 furore
2277 1098 2345 1136 ac
2376 1083 2964 1148 dentibusfrendens,
2999 1099 3212 1139 manus
3242 1101 3450 1141 eorum
3482 1101 3550 1142 ac

1901 1169 2084 1240 pedes
2126 1170 2350 1224 catenis
2380 1170 2583 1225 vinciri
2603 1171 2818 1240 jussit;
2851 1178 2906 1227 et
2931 1173 3150 1227 catenis
3181 1173 3552 1242 gravissimis

1904 1257 2368 1320 excarnificatos,
2412 1259 2468 1312 in
2509 1274 2804 1313 carcerem
2837 1259 3140 1330 compingi
3167 1261 3226 1314 in
3258 1262 3396 1316 turri
3423 1261 3556 1316 civi-

1905 1345 2056 1410 tatis,
2085 1361 2212 1416 qua:
2239 1347 2488 1401 Boream
2514 1347 2764 1418 respicit.
2793 1348 2952 1402 Unde
2983 1349 3162 1403 etiam
3185 1349 3318 1403 fons
3347 1365 3550 1404 excur-

1899 1433 1993 1501 rit,
2025 1433 2216 1488 ﬂuens
2251 1439 2414 1489 extra
2445 1440 2676 1503 portam
2712 1435 2984 1490 civitatis.
3017 1435 3286 1491 Militibus
3315 1437 3420 1508 qui
3455 1452 3554 1492 eos

1900 1522 2334 1585 custodiebant,
2368 1525 2596 1578 Mentem
2637 1527 2690 1578 et
2726 1523 3034 1588 Beleradas,
3078 1524 3136 1578 id
3165 1526 3428 1580 mandati
3459 1525 3556 1580 de-

1899 1609 2002 1674 dit,
2032 1609 2264 1665 dicens:
2304 1611 2517 1676 Videte,
2557 1613 2772 1666 Menaea
2803 1617 2856 1666 et
2909 1612 3208 1679 Belerade,
3252 1615 3556 1684 quomodo

841 1697 1038 1764 Μεναίᾳ
1119 1697 1208 1745 καὶ
1265 1691 1570 1767 Βηληράδῃ,
1629 1693 1788 1764 λέγων

1923 1714 2060 1768 psos
2111 1699 2475 1754 custodiatis.
2508 1702 2651 1754 Nam
2693 1715 2798 1770 per
2835 1700 3254 1771 Esculapium,
3298 1701 3344 1756 si
3373 1701 3558 1756 resci-

1899 1802 2058 1856 vero,
2087 1793 2187 1842 aut
2235 1802 2452 1858 panem
2481 1792 2581 1842 aut
2622 1803 2843 1860 aquam
2889 1789 2971 1842 eis
3018 1803 3052 1843 a
3083 1788 3370 1860 quopiam
3415 1789 3558 1844 data

1901 1891 2054 1939 esse,
2081 1891 2260 1946 poena
2282 1875 2517 1930 illorum
2545 1892 2651 1930 vos
2677 1876 2961 1946 multabo,
2988 1882 3041 1931 et
3063 1877 3198 1945 igne
3221 1877 3398 1932 simul
3419 1893 3556 1932 cum

1901 1963 2014 2019 illis
2065 1980 2172 2020 vos
2221 1965 2492 2034 perdam.
2545 1964 2748 2018 Milites
2771 1969 2994 2031 autem,
3045 1964 3280 2020 vincula
3339 1966 3558 2022 sanctis

1903 2054 2438 2122 circumponentes,
2479 2052 2538 2107 in
2587 2053 2792 2108 turrim
2832 2053 3227 2122 conjecerunt.
3262 2054 3457 2109 Sancti
3485 2069 3558 2108 ex

1905 2156 2026 2196 uno
2055 2139 2226 2211 quasi
2252 2156 2352 2196 ore
2374 2140 2678 2196 dicebant:
2720 2140 3148 2196 Benedicamus
3180 2145 3254 2206 te,
3287 2141 3556 2206 Domine,

1909 2233 2124 2298 Regem
2168 2229 2390 2298 gloriae,
2421 2229 2523 2300 qui
2553 2233 2793 2300 propter
2833 2235 3076 2300 peccata
3109 2234 3314 2285 nostra
3353 2245 3558 2284 coram

1910 2317 2116 2372 Pontio
2149 2317 2330 2372 Pilato
2361 2315 2592 2371 astitisti
2619 2317 3001 2388 judicandus.
3035 2319 3116 2371 Tu
3137 2316 3298 2372 enim
3329 2332 3469 2372 vera
3498 2333 3562 2372 es

1909 2406 2045 2470 vita,
2105 2421 2212 2476 pro
2257 2405 2429 2460 nobis
2471 2405 2874 2475 peccatoribus
2932 2404 2992 2458 in
3039 2404 3302 2460 hostiam
3364 2405 3556 2468 datus,

1907 2494 2030 2550 Veri
2063 2495 2159 2548 Dei
2187 2509 2361 2547 verus
2395 2493 2588 2555 Filius,
2619 2494 2916 2564 Patrisque
2943 2493 3025 2547 tui
3056 2493 3352 2548 Pontifex:
3379 2508 3450 2547 ne
3477 2509 3564 2546 se-

1907 2598 2054 2653 para
2077 2597 2186 2637 nos
2212 2597 2248 2636 a
2269 2581 2676 2636 misericordia
2701 2585 2822 2644 tua,
2843 2597 3036 2652 neque
3067 2581 3145 2634 ab
3167 2582 3278 2635 hac
3303 2581 3564 2636 fraterna

1907 2671 2340 2742 conjunctione,
2373 2669 2474 2741 qui
2503 2685 2710 2724 omnes
2741 2685 2850 2724 nos
2893 2671 3024 2724 unis
3045 2669 3128 2723 tui
3167 2669 3558 2735 confessione,

1909 2767 1962 2815 et
2003 2761 2176 2814 unius
2197 2758 2377 2814 efﬁcis
2410 2757 2747 2822 voluntatis,
2776 2763 3282 2829 mortemquoque
3301 2765 3560 2812 nostram

1916 2849 2046 2902 uni:
2081 2863 2190 2900 nec
2210 2848 2478 2916 permitte
2503 2851 2563 2900 ut
2583 2847 2723 2900 alter
2751 2847 2828 2900 ab
2871 2847 3050 2900 altero
3083 2845 3140 2900 in
3169 2845 3369 2917 aliquo
3395 2862 3564 2918 sepa—

1918 2951 2137 2998 remur,
2165 2939 2224 2988 ut
2253 2934 2518 2988 videntes
2557 2934 2856 3004 egregiam
2901 2941 3166 2988 nostram
3197 2935 3558 2990 alacritatem

207 3031 299 3077 καὶ
351 3029 577 3083 ποιήσας
616 3025 749 3094 ἡμᾶς
802 3021 1128 3094 ομοψύχους,
1179 3023 1364 3074 ἔνωσον
1405 3026 1548 3094 ἡμῶν
1578 3029 1666 3074 καὶ
1715 3029 1807 3082 τὴν

1920 3017 2084 3093 impii
2133 3023 2380 3076 ministri
2430 3022 2698 3092 exemplo
2749 3029 2951 3078 nostro
3011 3029 3378 3077 moveantur.
3426 3021 3564 3076 Ecce

209 3113 492 3165 τελείωσιν·
525 3117 612 3163 καὶ
657 3115 726 3182 μὴ
761 3115 988 3182 ποιήσῃς
1035 3113 1172 3180 ἡμᾶς
1204 3111 1252 3162 ἐν
1309 3108 1498 3181 μηδενὶ
1536 3114 1811 3186 χωρισθῆ-
1845 3103 1850 3108 ’

209 3223 294 3254 ναι
349 3201 438 3253 ἀπ’
488 3200 733 3266 ἀλλήλων,
785 3201 924 3260 ὅπως
983 3197 1180 3259 ἰδόντες
1255 3201 1400 3269 ἡμῶν
1475 3205 1568 3259 τήν
1648 3202 1808 3260 καλὴν

211 3293 505 3365 προθυμίαν
562 3291 610 3342 οἱ
670 3287 873 3351 ἀσεϐεῖς
929 3287 1166 3360 ἐργάται,
1226 3287 1642 3361 ἐπιθυμήσουσιν
1717 3297 1810 3348 τήν

217 3380 374 3438 καλήν
427 3381 572 3450 ἡμῶν
628 3377 833 3450 πρᾶξιν.
900 3373 1037 3429 Ἰδοὺ
1094 3380 1196 3452 γὰρ
1247 3376 1295 3427 ἐν
1345 3383 1518 3430 σκότει
1564 3379 1812 3438 κατεϐλή-

221 3472 378 3540 θημεν
425 3476 686 3527 πεινῶντες
727 3471 818 3518 καὶ
874 3463 1148 3537 διψῶντες,
1198 3471 1285 3519 καὶ
1331 3469 1358 3525 ἡ
1389 3469 1542 3540 ψυχή
1573 3471 1718 3541 ἡμῶν
1763 3471 1810 3522 ἐν

1921 3113 2078 3167 enim
2120 3111 2178 3165 in
2211 3111 2484 3165 tenebras
2525 3110 2746 3164 detrusi
2786 3127 3016 3178 sumus,
3051 3111 3371 3166 esurientes
3406 3126 3475 3166 ac
3497 3110 3564 3164 si-

1923 3201 2149 3264 tientes,
2175 3203 2230 3254 et
2268 3198 2504 3252 animus
2539 3203 2738 3251 noster
2765 3199 2822 3251 in
2867 3197 3114 3250 vinculis
3152 3197 3426 3261 tabescit;
3463 3197 3564 3250 sed

1923 3293 2004 3352 tu,
2063 3287 2328 3348 Domine,
2401 3283 2748 3356 patientiam
2805 3284 2978 3340 nobis
3035 3283 3132 3349 da,
3205 3300 3567 3356 cursumque

1922 3383 2196 3434 nostrum
2249 3373 2481 3446 perfice,
2529 3381 2590 3428 ut
2639 3373 2865 3429 nullum
2896 3389 2926 3428 e
2969 3373 3140 3427 nobis
3184 3373 3434 3428 Satanas
3475 3389 3570 3428 ca-

1924 3471 2069 3542 piat.

223 3553 438 3629 δεσμοῐς
462 3555 750 3614 ἐκτήκεται·
807 3554 934 3606 ἀλλὰ
973 3559 1057 3620 σὺ,
1117 3557 1292 3630 Κύριε,
1343 3559 1574 3630 χάρισαι
1623 3561 1746 3630 ἡμῖν
1776 3565 1870 3619 τὴν
1901 3561 2162 3630 ὑπομονήν
2188 3559 2276 3606 καὶ
2302 3553 2564 3605 τελείωσον
2594 3554 2738 3623 ἡμῶν
2785 3554 2870 3602 τὸν
2904 3548 3120 3623 δρόμον,
3165 3553 3248 3601 ἱνα
3284 3547 3488 3621 μηδένα
3515 3550 3568 3612 ἐξ

223 3649 368 3718 ἡμῶν
391 3647 415 3697 6
441 3651 670 3705 Σατανᾶς
700 3651 1054 3717 χειρώσηται.

297 3735 376 3786 Η¹.
424 3739 524 3786 Καὶ
565 3733 818 3792 κλίναντες
879 3735 944 3784 τὰ
1013 3735 1210 3803 γόνατα
1281 3736 1662 3808 προσηύξαντο,
1725 3742 1814 3789 καὶ

229 3821 538 3881 ἀναστάντες
581 3820 959 3885 ἐκαθεσθησαν,
1007 3817 1100 3872 διὰ
1141 3825 1197 3872 τὸ
1237 3827 1307 3892 μή
1343 3819 1597 3876 δύνασθαι
1629 3826 1816 3888 αὐτούς

229 3910 413 3984 ὀρθοὺς
492 3917 694 3968 στῆναι·
751 3905 886 3968 ἦσαν
941 3913 1038 3982 γὰρ
1097 3911 1146 3962 ἐν
1221 3919 1329 3973 τοῖς
1381 3909 1598 3983 δεσμοῖς
1656 3935 1814 3968 κατα-

228 4005 598 4072 καμπτόμενοι,
696 4003 784 4050 καὶ
893 3997 1110 4069 ἔψαλλον
1194 4007 1474 4073 συμφώνως
1561 4004 1810 4075 λέγοντες·

241 4093 508 4161 Υπομένων
592 4090 838 4159 ὑπέμεινα
923 4093 1008 4140 τὸν
1089 4091 1296 4162 Κύριον,
1365 4095 1454 4143 καὶ
1549 4097 1820 4166 προσέσχε

227 4198 338 4250 μοι,
384 4183 468 4230 καὶ
519 4179 794 4236 εἰσήκουσε
835 4186 931 4239 τῆς
979 4176 1210 4239 δεήσεως
1255 4198 1375 4250 μου,
1405 4185 1494 4231 καὶ
1545 4180 1816 4250 ἀνήγαγεν,

1997 3735 2130 3790 VIII.
2155 3737 2216 3788 Et
2236 3731 2400 3786 ﬂexis
2423 3728 2674 3801 genibus
2696 3727 2950 3784 orabant
2979 3744 2992 3792 ;
3023 3730 3414 3798 etpostquam
3446 3742 3571 3782 sur-

1924 3825 2229 3888 rexissent,
2258 3818 2673 3882 consederunt,
2701 3832 2772 3872 eo
2785 3815 2945 3888 quod
2964 3821 3122 3871 recto
3149 3831 3396 3886 corpore
3417 3819 3571 3870 stare

1927 3929 2044 3968 non
2085 3913 2358 3982 poterant
2386 3907 2576 3976 (erant
2613 3905 2832 3976 quippe
2864 3905 2922 3958 in
2961 3904 3209 3958 vinculis
3259 3904 3571 3974 incurvati)

1927 4007 1982 4058 et
2013 4015 2132 4054 una
2161 4013 2306 4054 voce
2333 3995 2650 4056 canebant,
2691 3993 2953 4047 dicentes
2979 4012 2990 4050 :
3025 4011 3052 4043 ι(
3081 3995 3442 4062 Exspectans
3475 4007 3574 4046 ex-

1929 4085 2551 4159 spectaviDominum,
2587 4085 2642 4134 et
2681 4081 2928 4134 intendit
2967 4079 3134 4144 mihi,
3168 4085 3224 4132 et
3273 4079 3577 4133 exaudivit

1931 4175 2260 4230 orationem
2293 4184 2508 4233 meam,
2543 4173 2600 4222 et
2624 4167 2823 4221 eduxit
2851 4183 2944 4221 me
2975 4167 3048 4220 dc
3075 4167 3211 4220 lacn
3243 4165 3494 4221 miseriae
3522 4173 3577 4220 et

225 4286 294 4340 με
344 4269 398 4317 ἐκ
449 4266 638 4318 λάκκου
694 4265 1042 4339 ταλαιπωρίας
1095 4271 1184 4317 καὶ
1262 4265 1361 4317 ἀπὸ
1419 4266 1585 4323 πηλοῦ
1643 4267 1799 4325 ἰλεύος

1937 4263 2004 4316 de
2037 4262 2158 4316 luto
2189 4257 2330 4313 fecis
2351 4259 2392 4310 ³.
2429 4279 2448 4306 ι
2478 4262 2664 4325 Atque
2693 4254 2926 4324 expleto
2953 4253 3208 4325 psalmo,
3240 4254 3578 4308 ceciderunt

231 4360 335 4408 Καὶ
381 4355 739 4426 πληρώσαντες
783 4358 867 4406 τὸν
913 4354 1140 4424 ψαλμὸν,
1191 4355 1376 4404 ἔπεσαν
1408 4353 1488 4404 ἐπὶ
1525 4358 1821 4428 πρόσωπον,

225 4450 322 4498 καὶ
375 4443 681 4503 ἀναστάντες
731 4442 882 4494 πάλιν
927 4441 1142 4512 ἔψαλλον
1189 4442 1434 4508 λέγοντες·
1479 4441 1818 4507 Εἰσάκουσον,

229 4537 260 4586 ὁ
314 4536 441 4594 Θεὸς
487 4539 790 4605 προσευχῆς
833 4550 953 4600 μου,
1010 4529 1056 4580 ἐν
1097 4537 1169 4600 τῷ
1220 4527 1430 4582 δέεσθαί
1460 4549 1520 4602 με
1569 4535 1694 4604 πρὸς
1745 4535 1820 4583 σέ·

231 4621 340 4674 ἀπὸ
381 4619 537 4691 φόϐου
585 4618 780 4691 ἐχθροῦ
827 4617 996 4680 ἐξελοῦ
1039 4624 1128 4676 τήν
1174 4618 1358 4690 ψυχήν
1407 4639 1526 4692 μου.
1578 4621 1826 4672 Ἐσκίέπα-⁸

231 4713 340 4770 σάς
391 4727 452 4780 με
504 4707 604 4759 ἀπὸ
665 4715 960 4780 συστροφῆς
1036 4713 1468 4782 πονηρευομένων,
1540 4708 1639 4760 ἀπὸ
1699 4708 1824 4766 πλή-

229 4803 363 4858 θους
439 4796 792 4870 ἐργαζομένων
863 4793 1094 4851 ἀδικίαν.
1171 4803 1268 4850 Καὶ
1325 4797 1684 4870 πληρώσαντες
1741 4801 1825 4849 τόν

223 4887 462 4960 ψαλμὸν,
529 4891 618 4938 καὶ
673 4891 978 4947 ποιήσαντες
1033 4891 1208 4959 τρίτην
1257 4885 1443 4958 εὐχήν,
1503 4887 1824 4952 ἐκαθέζοντο,

225 4975 467 5033 ἀλλήλων
525 4978 590 5028 τὰ
638 4971 810 5046 δεσμὰ
865 4975 1275 5046 καταφιλοῦντες,
1321 4979 1410 5026 καὶ
1483 4980 1830 5050 προσέχοντες

226 5064 475 5124 ἀλλήλοις
529 5063 870 5134 ήγαλλιῶντο.
921 5063 980 5114 Ὀ
1039 5060 1096 5114 δὲ
1147 5063 1290 5134 ἅγιος
1345 5068 1576 5124 Λεόντιος
1636 5064 1830 5138 ἣρξατο

223 5153 554 5228 παρακαλεῖν
603 5151 790 5212 αὐτοὺς
852 5157 938 5202 καὶ
993 5151 1174 5223 λέγειν’
1226 5149 1464 5224 Ἀδελφοὶ
1531 5158 1696 5224 τίμιοι
1744 5157 1832 5204 καὶ

230 5243 550 5316 θεράποντες
587 5245 676 5292 καὶ
721 5237 900 5292 δοῦλοι
937 5247 1026 5292 τοῦ
1071 5247 1326 5315 Χριστοῦ,
1359 5247 1600 5312 γενναίως
1629 5241 1836 5294 ἅπαντα

226 5335 612 5403 ὑπομείνωμεν·
661 5326 836 5382 οἴδατε
883 5332 980 5404 γὰρ
1035 5329 1089 5381 ἐκ
1144 5338 1242 5382 τῶν
1284 5331 1428 5382 θείων
1469 5336 1701 5402 Γραφών,
1732 5333 1833 5383 ὃσα

315 5431 340 5466 ³
365 5429 511 5485 Psal.
543 5445 745 5484 XXXIX.
777 5428 829 5494 ‘2,
863 5427 914 5483 3.
951 5431 969 5462 ³
1001 5427 1147 5487 Psal.
1183 5445 1336 5498 ani,
1377 5433 1430 5495 2,
1458 5429 1514 5484 3.

461 5517 709 5575 PuaOL.
744 5515 846 5573 Gn.
888 5516 1048 5574 CXV.

1931 4353 1990 4407 in
2018 4351 2245 4413 faciem,
2287 4353 2344 4402 et
2368 4349 2674 4414 surgentes
2707 4358 2943 4398 rursum
2978 4343 3339 4406 cecinerunt,
3383 4342 3579 4398 dicen-

1935 4447 2048 4496 tes:
2082 4461 2108 4489 «
2143 4435 2384 4502 Exaudi,
2409 4438 2577 4498 Deus,
2597 4431 2931 4487 orationem
2963 4447 3179 4496 meam,
3211 4447 3348 4486 cum
3377 4430 3580 4501 depre-

1933 4545 2034 4585 cor
2067 4529 2142 4582 ad
2169 4533 2246 4582 te:
2285 4542 2320 4580 a
2362 4524 2570 4578 timore
2601 4520 2820 4576 inimici
2866 4520 3024 4591 eripe
3064 4521 3328 4576 animam
3361 4535 3576 4574 meam.

1934 4615 2234 4673 Protexisti
2260 4629 2352 4668 me
2373 4628 2409 4667 a
2434 4613 2730 4665 conventu
2759 4607 3234 4676 malignantium,
3262 4623 3296 4663 a
3325 4607 3582 4662 multitu-

1936 4706 2072 4761 dine
2093 4701 2458 4775 operantium
2471 4697 2852 4768 iniquitatem.
2875 4719 2892 4745 ι
2913 4701 3102 4767 Atque
3115 4695 3345 4764 expleto
3359 4695 3582 4767 psalmo

1938 4800 1993 4851 et
2032 4792 2198 4848 tertia
2253 4791 2410 4846 facta
2458 4786 2720 4843 oratione
2769 4785 3108 4849 consedere,
3148 4784 3290 4840 alter
3347 4784 3584 4840 alterius

1939 4881 2174 4938 vincula
2198 4879 2555 4944 osculantes,
2579 4881 2632 4930 et
2653 4891 2712 4930 se
2739 4878 2944 4928 mutuo
2970 4873 3315 4943 stringentes
3331 4871 3582 4926 exsulta-

1941 4971 2100 5026 bant.
2153 4969 2398 5024 Sanctus
2439 4981 2574 5019 vero
2611 4961 2878 5017 Leontius
2933 4960 3147 5014 hortari
3199 4961 3361 5030 ipsos
3410 4959 3588 5029 cmpit

1940 5066 1996 5114 et
2041 5059 2266 5112 dicere:
2309 5057 2532 5110 Fratres
2573 5049 2920 5114 venerandi,
2957 5047 3285 5119 famulique
3319 5063 3388 5103 ac
3431 5047 3588 5103 servi

1941 5147 2461 5215 Cliristi,generoso
2511 5140 2716 5196 animo
2755 5137 2958 5192 omnia
3014 5137 3333 5192 toleremus
3361 5153 3372 5188 :
3400 5137 3587 5192 nostis

1945 5239 2102 5294 enim
2132 5252 2162 5290 e
2192 5234 2374 5288 sacris
2409 5229 2650 5296 Litteris,
2684 5231 2913 5298 quanta
2945 5225 3288 5280 sustinuerit
3316 5225 3423 5281 Job
3457 5225 3586 5296 (sed

1945 5327 2102 5383 enim
2129 5339 2233 5380 vos
2262 5337 2382 5376 non
2401 5319 2542 5375 latet
2571 5316 2703 5370 linis
2744 5312 2999 5384 Domini)
3043 5329 3349 5378 memores
3383 5317 3586 5382 estote,

3317 5499 3384 5556 11
