4114 6262
620 317 719 372 331

2014 309 2272 366 MENSIS
2312 304 2576 367 IULIUS.

3886 306 4007 363 332

621 441 787 515 quod
822 443 1081 497 Joannes
1127 440 1391 513 Baptista
1434 438 1623 512 capite
1664 443 1973 495 truncatus
2019 438 2113 502 sit,
2150 438 2243 492 Ste

2384 435 2642 507 ὑπέμεινεν
2700 436 2837 501 Ἰὼϐ,
2886 434 3012 487 ἀλλὰ
3062 438 3152 487 καὶ
3199 436 3257 486 τὸ
3314 431 3455 496 τέλος
3518 438 3713 507 Κυρίου
3768 435 4004 503 ἔγνωτε.

622 532 861 602 phanus
895 536 1095 584 autem
1124 529 1439 600 lapidatus,
1485 532 1683 583 Petrus
1724 526 2033 599 apostolus
2074 529 2272 580 Romae

621 620 957 689 cruciﬁxus,
992 618 1198 673 Paulus
1231 619 1415 689 capite
1460 618 1746 680 minutus,
1789 617 2043 671 Thomas
2079 614 2275 684 spicu-

620 706 690 761 lis
732 707 1063 761 confossus.
1113 708 1263 771 Quot
1310 721 1449 761 vero
1476 708 1665 760 sancti
1700 704 2065 775 temporibus
2102 701 2269 758 Maxi-

618 795 800 849 miani
828 795 1216 866 imperatoris,
1236 793 1729 859 DeciietAdriani,
1761 792 2133 862 aliorumque
2164 791 2268 844 im-

621 882 859 954 piorum
888 882 1339 952 imperatorum,
1373 880 1661 951 martyrio
1688 881 1803 934 sint
1828 878 2041 945 affecti,
2074 882 2128 932 et
2149 876 2270 946 glo-

618 971 772 1026 riose
811 985 1065 1025 coronas
1106 970 1430 1035 consecuti,
1463 974 1517 1023 et
1557 968 1838 1023 fortunati
1877 966 1954 1022 ab
1983 966 2268 1021 omnibus

619 1057 1035 1123 praedicentur,
1083 1064 1139 1113 et
1166 1057 1353 1113 nostis
1384 1057 1630 1113 omnino
1661 1061 1719 1111 et
1748 1056 2018 1111 audistis.

689 1324 773 1379 IX.
804 1326 1098 1388 Quorsum
1125 1326 1327 1379 autem
1354 1323 1507 1377 viros
1532 1322 1765 1394 pugiles
1792 1334 2265 1376 commemorare

619 1414 825 1468 attinet
860 1412 888 1466 7
917 1412 1020 1468 Ubi
1073 1412 1351 1467 mulieres
1394 1427 1649 1483 quoque,
1697 1411 1978 1479 religione
2022 1415 2076 1465 et
2115 1408 2265 1464 virili

618 1503 818 1557 animo
842 1506 1212 1573 praestantes,
1242 1500 1643 1555 imbecillitate
1671 1515 1848 1555 sexus
1877 1499 2167 1570 deposita,
2202 1498 2264 1553 in

617 1590 851 1646 Christo
899 1594 1219 1661 posuerunt
1249 1604 1434 1659 spem,
1486 1589 1564 1643 ob
1612 1589 1932 1660 repositam
1988 1588 2049 1642 in
2099 1588 2260 1642 caalis

616 1678 889 1747 gloriam.
922 1680 1066 1734 Dicit
1092 1678 1249 1732 enim
1292 1677 1578 1732 Dominus
1606 1677 1667 1732 in
1700 1677 2058 1746 Evangeliis:
2092 1697 2119 1727 «
2153 1677 2263 1741 Qui

2382 528 2645 596 μέμνησθε
2694 528 2895 586 πάντως
2959 526 3035 576 ότι
3116 525 3353 582 Ἰωάννης
3415 526 3502 593 μὲν
3572 525 3595 574 ὁ
3673 526 4007 585 Βαπτιστής

2382 612 2786 685 ἀπεκεφαλίσθη,
2848 618 3090 684 Στέφανος
3148 609 3207 664 δὲ
3263 611 3619 677 ἐλιθοϐολήθη,
3697 618 3905 686 Πέτρος
3974 616 4002 664 ό

2382 700 2667 763 ἀπόστολος
2722 705 2769 753 ἐν
2822 702 2987 773 Ῥώμῃ
3059 700 3385 775 ἐσταυρώθη,
3458 700 3655 762 Παῦλος
3726 700 4004 772 ἀπεκεφά-

2379 787 2557 856 λίσθη,
2613 796 2800 863 Θωμᾶς
2838 790 3101 848 ἐκεντηθη·
3158 792 3271 841 ὅσοι
3313 786 3371 840 δὲ
3418 789 3560 859 οἱγιοι
3611 789 3659 840 ἐν
3708 798 3817 849 τοῖς
3852 798 4003 862 χρό-

2378 897 2485 939 νοις
2551 881 2878 951 Μαξιμιανοῦ
2953 886 3043 930 τοῦ
3103 877 3382 948 βασιλέως,
3440 882 3528 928 καὶ
3603 882 3809 941 Δεκίου,
3903 886 4003 931 καὶ

2382 964 2660 1040 Ἀδριανοῦ
2708 974 2797 1020 καὶ
2852 977 2951 1019 τῶν
3009 967 3170 1019 ἄλλων
3220 966 3418 1019 ἀσεϐῶν
3474 966 3755 1039 βασιλέων,
3822 968 3998 1041 ἐμαρ-

2377 1059 2630 1128 τύρησαν,
2718 1054 2970 1119 ἐπιδόξως
3023 1060 3113 1108 καὶ
3187 1060 3303 1115 τοὺς
3371 1057 3648 1127 στεφάνους
3696 1055 3993 1121 ἀπελαϐον,

2376 1151 2465 1196 καὶ
2521 1146 2901 1220 μακαρίζονται
2951 1147 3095 1218 παρά
3132 1147 3352 1209 πάντων,
3408 1149 3496 1196 καὶ
3544 1147 3731 1215 ἔγνωτε
3776 1146 3996 1204 πάντως

2376 1239 2465 1285 καὶ
2494 1232 2722 1290 ἀκούετε.

2448 1324 2530 1376 6'.
2592 1330 2692 1377 Καὶ
2746 1330 2797 1376 τί
2858 1321 2941 1376 δεῖ
2980 1329 3098 1398 περὶ
3137 1320 3339 1396 ἀνδρῶν
3376 1322 3708 1379 ἀθλησάντων
3760 1322 3937 1393 λέγειν
3978 1344 3991 1387 ;

2373 1410 2540 1463 ’Ὀπου
2588 1432 2648 1484 γε
2680 1417 2764 1464 καὶ
2795 1420 3033 1484 γυναῖκες
3077 1411 3327 1473 θεοσεϐεῖς
3360 1418 3449 1463 καὶ
3480 1408 3741 1484 ἀνδρεῖαι,
3792 1411 3989 1464 ἀποθέ-

2374 1520 2520 1570 μεναι
2565 1506 2623 1553 τό
2666 1510 2761 1564 τῆς
2800 1505 2996 1574 φύσεως
3051 1504 3230 1553 ἄτονον
3275 1506 3365 1553 καὶ
3399 1499 3625 1567 ἀσθενὲς,
3677 1501 3986 1573 ἑνίσχυσαν

2372 1594 2466 1647 τὴν
2510 1591 2580 1651 εἰς
2628 1595 2857 1664 Χριστόν
2902 1587 3093 1643 ἐλπίδα
3142 1588 3236 1643 διὰ
3281 1597 3374 1648 την
3419 1589 3766 1662 ἀποκειμένην
3812 1590 3867 1641 ἐν
3902 1592 3985 1642 οὐ·

2370 1688 2542 1750 ρανοῐς
2590 1677 2766 1742 δόξαν.
2815 1680 2872 1731 Ὀ
2924 1683 3023 1753 γὰρ
3075 1683 3260 1751 Κύριος
3308 1679 3441 1732 εἶπεν
3492 1679 3539 1730 ἐν
3590 1687 3698 1739 τοῖς
3747 1680 3984 1751 Eiet/7;-

614 1782 709 1821 me
747 1767 1122 1822 conﬁtebitur
1167 1782 1368 1821 coram
1416 1766 1782 1831 hominibus,
1832 1765 2165 1822 conﬁtebor
2206 1773 2248 1819 e1

2371 1767 2523 1829 λίοις·
2566 1792 2585 1817 ε
2642 1769 2735 1830 Ὃς
2779 1770 2838 1820 ἆν
2887 1769 3187 1841 ὁμολογήσῃ
3238 1788 3300 1840 με
3338 1771 3625 1842 ἔμπροσθεν
3662 1768 3976 1842 ἀνθρώπων,

612 1872 722 1927 ego
750 1874 883 1912 cum
918 1873 1119 1912 coram
1148 1857 1316 1911 Patre
1344 1872 1495 1920 meo,
1524 1857 1627 1928 qui
1659 1858 1716 1911 in
1744 1857 1905 1912 ccelis
1927 1863 2041 1911 est:
2074 1861 2130 1913 et
2157 1858 2259 1927 qui

611 1946 913 2016 negaverit
943 1961 1038 2000 me
1083 1961 1282 2000 coram
1310 1945 1676 2014 hominibus,
1711 1946 2022 2016 negabitur
2055 1950 2112 1999 et
2137 1945 2260 2016 ipse

610 2049 814 2089 coram
846 2034 1070 2103 angelis
1104 2036 1200 2089 Dei
1232 2038 1273 2069 ὀ-
1310 2059 1336 2085 ››
1370 2036 1569 2107 Itaque
1602 2036 1647 2088 si
1673 2036 1971 2103 mulieres,
2001 2051 2259 2106 quarum

610 2127 819 2177 natura
869 2123 1107 2178 inﬁrma
1153 2128 1259 2191 est,
1308 2125 1545 2178 viriliter
1600 2125 1995 2192 decertarunt,
2035 2130 2261 2194 quanto

608 2212 801 2279 magis
842 2226 949 2265 nos
994 2212 1141 2266 tales
1181 2227 1250 2266 ac
1304 2217 1496 2267 tantos
1544 2228 1651 2283 pro
1702 2212 1931 2267 Christo
1973 2214 2259 2284 martyrio

608 2300 879 2369 perfungi
910 2306 1143 2370 oportet
1192 2300 1219 2353 ‘?
1251 2301 1512 2355 Audistis
1558 2301 1631 2356 de
1664 2308 1872 2356 sancta
1902 2301 2253 2373 Euphemia,

605 2387 930 2457 Capitolina
976 2393 1031 2442 et
1078 2387 1296 2453 Julitta,
1350 2389 1597 2460 aliisque
1638 2390 1857 2445 sanctis
1888 2391 2251 2455 mulieribus,

606 2491 863 2547 quarum
906 2476 1153 2532 nomina
1191 2477 1414 2548 scripta
1462 2484 1601 2532 sunt
1631 2478 1692 2532 in
1732 2478 1895 2534 libris
1942 2480 2249 2546 caelorum,

604 2581 790 2636 quam
816 2571 1049 2620 strenue
1070 2566 1429 2633 dimicarint,
1458 2572 1514 2622 et
1539 2568 1848 2623 diabolum
1879 2568 2250 2626 debellarint.

606 2656 647 2708 E
667 2654 888 2725 quibus
925 2654 1227 2709 dilectioni
1257 2660 1464 2710 vestrae
1495 2657 1809 2711 recensebo
1850 2656 2102 2726 dignum
2134 2674 2254 2713 ser-

602 2758 861 2809 monem,
893 2759 1374 2799 commemorans
1399 2760 1471 2799 ea
1488 2760 1625 2816 quas
1653 2745 1856 2816 accepi
1878 2761 1913 2800 a
1948 2747 2095 2813 viro,
2129 2763 2254 2803 ma-

601 2832 786 2902 gistro
826 2838 1048 2903 nostro,
1081 2834 1185 2904 qui
1214 2834 1490 2889 veniebat
1522 2849 1594 2888 ex
1623 2835 1897 2905 Egypto,
1926 2840 1983 2890 et
2011 2835 2251 2893 audisse

602 2936 663 2975 se
700 2920 895 2977 aiebat
940 2938 976 2977 a
1005 2926 1210 2978 sancto
1249 2924 1501 2979 Antonio
1540 2929 1757 2978 asceta.

673 3188 731 3241 X.
760 3188 1141 3258 Temporibus
1168 3188 1504 3244 Maximiani
1531 3190 1924 3260 persecutoris
1945 3189 2054 3247 fuit
2081 3194 2247 3263 puel-

595 3275 655 3330 la
680 3276 962 3347 quaedam
1000 3276 1388 3343 Alexandriae,
1421 3278 1677 3349 alicujus
1727 3295 1762 3334 a
1806 3279 2088 3335 divitibus
2118 3282 2245 3337 istic

595 3364 967 3435 degentibus,
1019 3366 1251 3422 ancilla.
1291 3369 1516 3422 Nomen
1566 3366 1680 3438 ipsi
1724 3372 1848 3423 erat
1896 3369 2245 3426 Potamiena

595 3454 694 3523 (2).
728 3454 1061 3524 Cogebatur
1091 3472 1125 3510 a
1156 3471 1266 3511 suo
1310 3456 1559 3512 domino
1595 3456 1673 3510 ad
1703 3456 2109 3513 concubitum.
2140 3459 2243 3515 Illa

594 3542 778 3597 dixit:
808 3543 1034 3599 Ancilla
1069 3544 1277 3599 Christi
1309 3561 1464 3613 sum,
1505 3560 1628 3600 non
1659 3550 1903 3601 scortor.
1952 3547 2240 3604 Dominus

595 3647 732 3685 vero
764 3631 839 3684 ad
869 3635 1094 3701 tempus
1124 3633 1371 3703 aliquod
1409 3634 1525 3705 ipsi
1556 3634 1815 3690 insultat.
1860 3639 1996 3707 Ipsa
2035 3643 2237 3694 autem

593 3734 712 3774 non
743 3719 926 3787 gessit
955 3734 1203 3773 morem.
1241 3724 1290 3773 ls
1316 3721 1515 3792 itaque
1543 3723 1720 3777 simul
1749 3724 2024 3793 diligens,
2060 3727 2235 3781 simul

594 3806 911 3872 miserans,
952 3820 1069 3860 non
1098 3805 1327 3870 cecidit,
1362 3809 1465 3862 sed
1491 3808 1768 3879 praefecto
1815 3826 1949 3866 eam
1996 3814 2236 3869 tradidit

595 3894 798 3949 dicens
826 3909 838 3944 :
875 3894 930 3949 Si
962 3895 1270 3964 proposito
1301 3910 1435 3949 meo
1469 3896 1857 3964 obsecundet,
1910 3901 2233 3969 annuntia;

595 3984 684 4037 sin
727 3983 944 4047 minus,
978 3982 1123 4053 puni
1174 3982 1354 4049 illam,
1405 3989 1465 4038 ut
1510 3984 1924 4042 Christianam.
1958 3988 2236 4046 Praefecto

593 4072 794 4144 itaque
837 4071 1070 4137 tradita,
1123 4071 1440 4143 multisque
1482 4073 1931 4131 adulationibus
1982 4077 2050 4131 ab
2106 4078 2235 4150 ipso

593 4166 835 4226 tentata,
897 4165 959 4216 ut
1004 4162 1128 4216 heri
1160 4160 1342 4232 jussis
1378 4162 1836 4235 obtemperaret,
1872 4168 2234 4239 respondens

592 4250 764 4304 dixit:
796 4253 873 4304 Ne
913 4249 1046 4304 talis
1069 4265 1336 4322 unquam
1369 4252 1473 4307 liat
1498 4252 1700 4322 judex,
1732 4255 1832 4325 qui
1858 4255 2029 4325 jubet
2057 4258 2235 4313 ancil-

591 4338 712 4393 lam
745 4338 1227 4393 obedirelibidini
1250 4340 1493 4396 domini.
1539 4345 1805 4413 Cumque
1844 4345 2148 4413 praefectus
2175 4348 2236 4401 ti-

594 4442 819 4480 morem
857 4428 1158 4480 incutcret:
1192 4431 1253 4480 1n
1276 4428 1529 4482 lebetem
1560 4436 1613 4483 te
1635 4431 1975 4499 conjiciam,
2013 4439 2072 4488 ut
2108 4436 2236 4506 pice

588 4514 979 4575 comburaris,
1029 4529 1165 4566 cum
1215 4514 1535 4569 christiana
1566 4516 1680 4583 sis;
1739 4519 1862 4574 haec
1922 4522 2067 4576 dixit
2118 4525 2233 4580 illi:

588 4603 693 4657 Per
722 4606 902 4672 caput
927 4601 1299 4671 imperatoris
1326 4604 1601 4673 (multum
1632 4607 1791 4661 enim
1822 4609 1981 4663 hunc
2019 4626 2239 4667 revere-

586 4690 998 4760 ris)nejubeas
1028 4689 1204 4743 simul
1224 4696 1279 4743 et
1304 4692 1487 4745 semel
1517 4710 1607 4747 me
1634 4695 1844 4765 projici
1870 4697 1929 4750 in
1956 4698 2232 4757 lebetem.

587 4782 689 4835 sed
724 4778 1017 4851 paulatim
1056 4778 1300 4844 demitti,
1334 4784 1395 4833 ut
1423 4782 1579 4837 noris
1608 4789 1902 4855 quantum
1934 4788 2233 4858 patientiae

587 4868 845 4924 Christus
877 4866 1023 4921 mihi
1048 4867 1248 4921 donet.

655 5045 740 5098 ΧΙ.
766 5046 897 5114 Ipsa
932 5046 1131 5117 itaque
1158 5045 1217 5100 in
1259 5046 1515 5101 lebetem
1556 5048 1791 5119 injecta,
1844 5053 2019 5109 simul
2048 5062 2227 5128 atque

583 5132 679 5199 pix
702 5133 778 5187 ad
809 5134 1023 5189 collum
1054 5136 1334 5205 pervenit,
1360 5136 1630 5209 spiritum
1659 5156 1830 5197 suum
1854 5144 2110 5201 tradidit.
2140 5148 2225 5202 Vi-

583 5221 744 5285 detis,
795 5223 959 5292 quod
1011 5224 1241 5292 mulier,
1282 5242 1417 5298 quae
1457 5232 1580 5284 erat
1620 5229 1748 5286 sola
1794 5236 1850 5287 et
1896 5234 2113 5291 ancilla
2168 5243 2224 5293 et

653 5380 673 5413 ι
700 5381 895 5436 Matth.
924 5399 982 5449 χ,
1013 5389 1100 5455 32,
1123 5388 1209 5442 33.

2372 1858 2673 1929 ὁμολογήσω
2723 1859 2877 1910 αὑτὸν
2933 1858 3075 1929 κάγὼ
3130 1860 3415 1931 ἔμπροσθεν
3461 1866 3551 1908 τοῦ
3607 1864 3822 1929 Πατρός
3876 1878 3972 1928 μου

2372 1955 2463 1998 τοῦ
2516 1946 2563 1998 ἐν
2602 1948 2855 2019 οὐρανοῖς·
2907 1952 2997 1999 καὶ
3046 1949 3101 2008 ὃς
3130 1947 3189 1998 ἀν
3241 1947 3609 2020 ἀπαρνήσηταί
3656 1966 3723 2017 με
3784 1950 3956 2017 ἔμπρο-

2375 2038 2490 2089 σθεν
2541 2046 2637 2089 τῶν
2696 2036 2994 2106 ἀνθρώπων,
3048 2035 3461 2110 ἀπαρνεθησεται
3517 2041 3605 2087 καὶ
3660 2039 3828 2097 αὐτος
3888 2039 3960 2105 ἒμ-

2371 2129 2592 2198 προσθεν
2622 2134 2718 2177 τῶν
2749 2125 2977 2196 ἀγγέλων
3003 2134 3091 2177 τοῦ
3120 2133 3272 2179 Θεοῦ.
3302 2147 3325 2175 ν
3346 2125 3405 2177 Εἰ
3432 2125 3519 2176 οὖν
3539 2133 3811 2195 γυναῖκες,
3848 2123 3918 2175 ὧν
3946 2128 3969 2180 i:

2371 2217 2521 2285 φύσις
2569 2214 2824 2281 ἀσθένεια,
2878 2211 3135 2287 ἀνδρικῶς
3174 2214 3516 2285 ἠγωνίσαντο,
3574 2218 3724 2284 πόσῳ
3780 2214 3975 2285 μᾶλλον

2368 2302 2627 2375 ὀφείλομεν
2676 2306 2826 2375 ἡμεῖς
2875 2307 2922 2356 οὶ
2961 2312 3187 2355 τοιοῦτοι
3226 2308 3315 2355 καὶ
3358 2311 3599 2355 τοσοῦτοι
3646 2304 3778 2374 ὑπὲρ
3844 2312 3976 2378 Χρι-

2370 2400 2495 2442 στοῦ
2549 2401 2886 2466 μαρτυρῆσαι
2944 2409 2955 2458 ;
2998 2394 3235 2443 Ἀκούετε
3280 2397 3399 2465 περὶ
3444 2399 3535 2451 τῆς
3587 2391 3739 2461 ἁγίας
3794 2392 3973 2463 Εὐφη-

2364 2485 2507 2551 μίας,
2590 2487 2677 2533 καὶ
2749 2481 3149 2550 Καπιτουλίνης,
3204 2486 3294 2533 καὶ
3347 2480 3651 2549 Ἰουλίττης,
3718 2486 3816 2532 καὶ
3871 2490 3972 2531 τῶν

2364 2568 2526 2619 ἄλλων
2568 2569 2728 2640 ἁγίων
2775 2578 3053 2640 γυναικῶν,
3104 2570 3171 2620 ὧν
3225 2573 3288 2622 τὰ
3341 2570 3571 2643 ὀνόματα
3636 2568 3684 2620 ἐν
3756 2569 3969 2641 βίϐλοις

2364 2664 2461 2707 τῶν
2511 2658 2737 2731 οὐρανῶν
2802 2659 2930 2711 εἰσιν
2980 2657 3300 2731 ἀνάγραπτα,
3353 2668 3459 2720 πῶς
3520 2659 3773 2732 λαμπρῶς
3830 2660 3968 2731 ἠγω-

2363 2750 2593 2814 νίσαντο,
2625 2752 2714 2799 καὶ
2744 2746 2986 2806 ἐνίκησαν
3016 2752 3102 2800 τόν
3143 2744 3402 2800 διάϐολον·
3454 2747 3500 2799 ἐν
3552 2746 3630 2809 οἷς
3687 2745 3955 2819 διηγησο-

2362 2855 2457 2906 μαι
2627 2836 2798 2909 ἀγάπῃ
2861 2840 3001 2909 ὑμῶν
3060 2837 3207 2909 λόγον
3276 2838 3438 2903 ἀξιον,
3496 2841 3838 2909 μνημονεύων,
3912 2838 3951 2888 ἆ

2362 2922 2565 2981 ἀκήκοα
2619 2929 2762 2998 παρὰ
2820 2925 3027 3000 ἀνδρὸς,
3108 2924 3439 2979 διδασκάλου
3505 2929 3673 2999 ἡμῶν,
3730 2926 3936 2987 ἐλθόντος

2361 3013 2461 3066 ἀπὸ
2520 3023 2607 3076 τῆς
2649 3016 2939 3087 Αἰγύπτου,
2973 3021 3061 3068 καὶ
3109 3016 3260 3076 αὐτὸς
3301 3016 3465 3087 ἔλεγεν
3507 3015 3791 3073 ἀκηκοέναι
3819 3019 3948 3089 παρά

2286 3124 2331 3185 c
2358 3112 2449 3155 τοῦ
2487 3104 2638 3176 ἀγίου
2664 3106 2940 3158 Ἀντωνίου
2976 3113 3066 3157 τοῦ
3092 3104 3345 3163 ἀσκητοῦ,

2430 3192 2481 3247 Ι’.
2514 3192 2635 3245 ’Ότι
2664 3194 2713 3245 ἐν
2744 3202 2847 3254 τοῖς
2867 3202 3069 3268 καιροῖς
3098 3195 3423 3267 Μαξιμιανού
3448 3202 3540 3247 τοῦ
3567 3192 3802 3247 διῶκτου
3829 3202 3951 3269 κόρη

2358 3299 2436 3339 τις
2462 3280 2508 3331 ἐν
2541 3280 2919 3356 Ἀλεξανδρείᾳ,
2956 3280 3115 3340 δούλη
3149 3287 3281 3343 τινός
3312 3285 3631 3358 ὑπάρχουσα
3663 3293 3769 3336 τῶν
3794 3284 3957 3337 ἐκεῖσε

2355 3367 2633 3419 πλουσίων
2690 3370 2821 3427 αὕτη
2870 3368 2929 3422 δὲ
2979 3371 3170 3443 ἐλέγετο
3226 3378 3555 3443 Ποταμιήνα,
3604 3373 3953 3443 Ἠναγκάσθι

2354 3460 2495 3529 παρὰ
2536 3466 2628 3509 τοῦ
2672 3455 2810 3510 ἰδίου
2862 3456 3123 3512 δεσπότου
3160 3459 3535 3532 συγκαθεύδειν
3567 3462 3729 3531 αύτῷ.
3781 3462 3842 3514 Ἠ
3902 3462 3958 3515 ὃς

2353 3542 2507 3598 εἶπεν·
2565 3546 2685 3599 Ὀτι
2742 3557 2975 3623 Χριστοῦ
3036 3551 3141 3622 εἰμι
3195 3547 3378 3619 δούλη,
3438 3556 3527 3603 καὶ
3583 3551 3641 3603 ού
3695 3556 3951 3624 πορνεύω.

2349 3631 2406 3686 Ὁ
2448 3633 2504 3688 δὲ
2545 3633 2804 3698 δεσπότης
2856 3636 3073 3709 ἐφήδετο
3126 3640 3287 3702 αὐτῆς
3338 3641 3426 3700 ἓως
3476 3645 3630 3701 τινός·
3682 3642 3713 3697 ἡ
3766 3638 3823 3692 δὲ
3853 3642 3945 3691 οὐκ

2349 3722 2583 3783 ἐπείσθη*
2636 3727 2791 3787 αὐτὸς
2817 3731 2905 3799 μὲν
2939 3728 3048 3799 ἅμα
3092 3727 3324 3799 ἀγαπῶν,
3376 3729 3486 3801 ἅμα
3526 3726 3585 3781 δὲ
3638 3736 3727 3781 καὶ
3773 3728 3929 3793 ἐλεῶν,

2349 3814 2441 3864 ούκ
2496 3818 2729 3880 ἔτυπτεν,
2790 3816 2917 3868 ἀλλά
2973 3814 3270 3889 παρέδωκεν
3355 3819 3511 3876 αὐτὴν
3573 3827 3646 3888 τῷ
3708 3821 3935 3890 ἡγεμόνι,

2346 3902 2523 3971 λέγων.
2575 3906 2689 3956 Ἐὰν
2742 3908 2964 3963 συνθῆτε
3006 3916 3077 3977 τῷ
3146 3916 3322 3977 σκοπῷ
3379 3927 3500 3979 μου,
3562 3917 3728 3979 φῆσαι
3792 3910 3948 3981 αὐτῇ,

2348 3992 2389 4043 εἰ
2423 3989 2480 4043 δὲ
2514 3998 2607 4063 μὴ,
2641 3994 2861 4046 κόλασον
2892 3996 3053 4054 αὐτὴν
3084 3999 3148 4057 ὡς
3188 4004 3527 4068 Χριστιανην.
3572 3996 3951 4071 Παραδοθεῖσα

2349 4077 2406 4132 δὲ
2456 4090 2524 4149 τῷ
2577 4084 2807 4154 ἡγεμόνι,
2859 4090 2947 4136 καὶ
2996 4086 3158 4137 πολλὰ
3209 4087 3327 4160 παρ’
3370 4086 3527 4138 αὐτού
3568 4087 3953 4141 κολακευθεῑσα

2346 4178 2434 4221 τοῦ
2465 4174 2741 4230 πεισθῆναι
2789 4182 2897 4235 τοῖς
2950 4183 3040 4227 τοῦ
3082 4173 3339 4228 δεσπότου
3374 4176 3676 4247 κελεύμασι,
3721 4177 3950 4250 ἀποκρι-

2350 4255 2495 4311 θεῖσα
2548 4256 2701 4311 εἶπεν·
2760 4268 2843 4320 Μὴ
2900 4268 3095 4333 γένοιτο
3143 4269 3375 4325 τοιοῦτός
3416 4284 3537 4316 ποτε
3578 4262 3862 4332 δικαστὴς,
3898 4273 3948 4326 6;

2347 4348 2533 4400 κελεύει
2582 4348 2783 4422 ἀσωτίᾳ
2832 4348 3090 4404 δεσπότου
3136 4348 3330 4410 δούλην
3361 4355 3782 4408 ὑποτάσσεσθαι.
3840 4363 3943 4407 Τοῦ

2348 4435 2405 4489 δε
2440 4440 2691 4510 ἡγεμόνος
2736 4440 3078 4511 φοϐήσαντος,
3126 4443 3205 4493 ὅτι
3253 4442 3300 4493 ἐν
3347 4452 3414 4512 τῷ
3458 4442 3634 4500 λέϐητί
3687 4463 3743 4495 σε
3785 4443 3943 4515 ἐμϐά-

2346 4525 2434 4591 λω,
2497 4531 2841 4599 συγκαίεσθαι
2891 4538 2951 4601 τῇ
2999 4535 3167 4602 πίσσῃ
3211 4533 3278 4592 ὡς
3318 4537 3638 4604 Χριστιανην
3681 4529 3861 4584 οὖσαν·
3908 4536 3935 4589 i:

2348 4612 2405 4667 δε
2444 4613 2573 4669 εἶπεν
2620 4619 2759 4687 αὐτῷ
2791 4623 2884 4676 τὴν
2914 4620 3133 4691 κεφαλὴν
3180 4640 3260 4672 σοι
3286 4628 3375 4672 τοῦ
3428 4621 3707 4693 βασιλέως,
3756 4619 3929 4679 ἐπειδὴ

2344 4704 2469 4755 πολὺ
2526 4705 2652 4778 φοϐῇ
2711 4707 2885 4775 αὐτόν,
2936 4713 3006 4779 μὴ
3068 4709 3319 4771 κελεύσεις
3375 4709 3474 4762 ἀπὸ
3528 4710 3669 4772 ἅπαξ
3723 4712 3941 4785 ῥιφῆναί

2340 4812 2402 4863 με
2461 4792 2507 4845 ἐν
2559 4804 2627 4866 τῷ
2687 4795 2882 4863 λέϐητι,
2961 4796 3087 4850 ἀλλὰ
3164 4801 3299 4851 κατὰ
3380 4803 3564 4873 μικρόν
3647 4800 3935 4871 χαλασθῆ-

2339 4902 2443 4951 ναι,
2513 4885 2593 4935 ἶνα
2670 4893 2821 4956 γνῷς,
2902 4891 3067 4945 πόσην
3120 4907 3209 4958 μοι
3275 4890 3537 4960 ὑπομονὴν
3602 4890 3627 4939 ό
3696 4897 3932 4964 Χριστός

2338 4972 2619 5043 χαρίζεται
2633 5018 2645 5029 ,

2410 5065 2509 5115 IA‘.
2564 5062 2667 5114 Καὶ
2719 5061 3007 5134 βληθείσης
3048 5065 3204 5125 αὐτῆς
3244 5065 3295 5116 ἐν
3325 5073 3396 5135 τῷ
3432 5065 3629 5130 λέϐητι,
3680 5070 3751 5129 ὡς
3781 5065 3933 5126 ἦλθεν

2333 5155 2451 5222 περὶ
2506 5154 2593 5203 τόν
2649 5153 2914 5223 τράχηλον
2968 5155 2997 5211 η
3059 5160 3249 5221 πίσσα,
3306 5153 3542 5208 ἀπέδωκε
3598 5160 3692 5214 τὴν
3744 5158 3937 5229 ψυχὴν

2334 5240 2516 5302 αὐτῆς.
2569 5240 2772 5313 Ὁρᾶτε,
2818 5243 2898 5294 ὅτι
2948 5248 3075 5315 γυνὴ
3132 5248 3260 5315 μόνη
3305 5250 3395 5297 καὶ
3444 5242 3605 5304 δούλη
3658 5248 3937 5321 ὑπάρχου-

651 5566 726 5640 (2)
758 5566 839 5625 De
860 5568 971 5628 hac
993 5572 1049 5627 S.
1072 5572 1414 5633 Potamiena
1433 5578 1673 5649 juniore
1699 5588 1899 5639 actum
1932 5586 2077 5642 tom.
2112 5586 2179 5645 ΙΙ.
2214 5588 2372 5645 Junii
2402 5603 2547 5663 pag:
2572 5594 2626 5647 6.
