4114 6262
184 314 288 368 333

184 527 244 600 λῇ
307 529 539 600 ὑπομονῇ
592 533 898 600 κατῄσχυνε
942 535 1027 582 τόν
1073 536 1343 608 τύραννον.
1404 542 1466 589 Τί
1514 537 1574 589 ἂν
1625 544 1781 592 εἴποι-

184 635 274 688 μεν
312 618 503 688 ἡμεῖς;
541 617 569 675 ἦ
620 621 747 668 ποία
813 620 1090 691 ὑπέρθεσις
1134 625 1283 675 ἔσται
1332 632 1423 676 τοῦ
1462 630 1533 697 μή
1579 628 1781 679 ἀποθα-

185 712 286 756 νεῖν
335 707 458 776 ύπὲρ
513 713 602 756 τοῦ
661 711 856 778 Κυρίου
900 709 1041 779 ἡμῶν
1097 715 1272 768 Ἰησοῦ
1327 713 1562 785 Χριστοῦ
1599 720 1784 782 ;Μετὰ

184 796 286 866 γὰρ
331 798 420 850 τήν
468 793 730 846 τελείωσιν
780 798 926 866 ἡμῶν
976 801 1028 849 αἱ
1086 803 1174 870 μὲν
1234 801 1413 873 ψυχαὶ
1470 805 1614 875 ἡμῶν
1681 807 1780 856 ὑπὸ

183 883 342 952 ἁγίων
399 881 626 953 ἀγγέλων
685 881 1117 958 δορυφοροῦνται,
1171 894 1260 942 καὶ
1313 890 1361 941 ἐν
1407 900 1467 964 τῇ
1535 891 1780 966 βασιλείᾳ

180 979 281 1022 τῶν
323 970 551 1042 οὐρανῶν
598 976 843 1044 στέφανοι
891 981 980 1027 καὶ
1034 983 1182 1048 τιμαὶ
1247 982 1454 1032 ἔσονται
1521 999 1531 1010 °
1597 986 1663 1034 τὰ
1719 980 1776 1035 δὲ

177 1059 397 1130 λείψανα
453 1062 598 1131 ἡμῶν
657 1065 790 1132 μετὰ
844 1071 1018 1135 χαρᾶς
1071 1072 1160 1118 καὶ
1213 1064 1372 1130 δόξης
1422 1073 1557 1121 κατὰ
1604 1078 1775 1124 πᾶσαν

177 1153 273 1206 τήν
347 1149 650 1220 οἰκουμένην
736 1153 1103 1224 ἐκπέμπονται,
1186 1161 1286 1208 Καὶ
1357 1166 1520 1210 ταῦτα
1598 1159 1772 1225 εἰπὼν,

178 1237 379 1297 πάντας
416 1237 814 1311 παρεθάῤῥυνεν,
867 1243 1000 1293 ὥστε
1055 1249 1144 1296 καὶ
1211 1245 1401 1307 αὐτοὺς
1445 1246 1623 1300 εἰπεῖν.
1674 1254 1776 1299 Τοῦ

183 1330 376 1399 Κυρίου
430 1328 490 1377 τὸ
552 1325 750 1398 θέλημα
827 1332 1071 1400 γενέσθω.
1150 1337 1426 1396 Καύσωνος
1501 1332 1560 1388 δὲ
1635 1339 1776 1398 ὄντος

176 1412 465 1488 ἀφορήτου,
520 1416 674 1472 ήνίκα
726 1424 891 1470 ταῦτα
940 1426 1047 1482 τοῖς
1115 1420 1287 1492 ἁγίοις
1355 1421 1638 1490 συνέϐαινε,
1690 1429 1776 1476 καὶ

176 1499 517 1574 ἐκκαιομέηων
575 1503 740 1556 αὐτῶν
815 1514 877 1578 τῇ
935 1505 1092 1580 δίψη,
1152 1515 1242 1562 καὶ
1299 1511 1626 1583 κωλυομένων
1679 1520 1775 1563 τῶν

176 1590 381 1642 οἰκείων
439 1588 714 1644 ἐπιδοῦναι
763 1598 942 1656 αὐτοῖς
992 1597 1168 1668 ἄρτον,
1227 1599 1255 1656 ή
1310 1595 1476 1671 ὕδωρ,
1508 1604 1637 1670 γυνή
1698 1619 1774 1659 τις

179 1678 428 1740 θεοσεϐὴς
473 1680 688 1753 ὀνόματι
745 1688 1000 1753 Βασιανὴ,
1056 1685 1400 1758 εὐσχημόνως
1444 1686 1768 1759 ἐνδυσαμένη

1248 320 1344 376 MA
1359 322 1678 380 RTYRIUM
1722 326 1846 403 SS.;
1865 328 2008 385 XLV
2051 334 2478 399 MARTYRUM.

188 458 276 509 σα,
311 443 400 491 καὶ
447 442 519 510 μή
553 439 759 509 ἔχουσα
801 438 988 502 ἑαυτῆς
1035 442 1293 516 ἐξουσίαν,
1342 449 1505 510 οὕτως
1530 458 1590 522 τῇ
1626 453 1782 522 μεγά-
1815 456 1864 509 Α

3439 361 3540 414 334

1894 471 2026 554 quae
2040 475 2161 518 non
2177 463 2439 523 habebat
2457 474 2812 540 potestatem
2827 475 2916 530 sui
2928 473 3134 548 ipsius,
3154 484 3279 537 tam
3310 498 3542 554 magna

1893 547 2175 640 patientia
2207 557 2530 624 tyrannum
2584 547 3116 631 confuderit.rQuid
3146 583 3286 640 ergo
3311 547 3539 628 nos'di-

1892 649 2097 691 ccmus
2116 638 2144 692 ?
2167 646 2471 715 autqualis
2494 648 2698 705 dilatio
2721 652 2958 707 eritnon
2983 656 3132 710 mori
3157 638 3264 728 pro
3285 657 3539 718 Domino

1891 729 2090 816 nostro
2129 730 2268 785 Jesu
2300 734 2526 789 Christo
2551 737 2577 791 ?
2604 741 2748 794 Nam
2774 746 2908 811 post
2953 749 3206 800 mortem
3248 754 3536 816 nostram,

1891 812 2106 871 animae
2137 824 2357 875 nostrae
2388 829 2728 880 sanctorum
2753 829 3102 898 angelorum
3138 834 3407 892 satellitio
3444 838 3540 892 sti-

1889 902 2191 972 pabuntur
2221 923 2233 972 ;
2268 915 2322 962 et
2350 910 2408 964 in
2428 928 2611 981 regno
2633 916 2917 972 ccelorum
2940 934 3170 976 coronae
3197 928 3252 977 et
3279 923 3536 980 honores

1887 997 2056 1046 erunt
2088 1011 2099 1048 :
2133 994 2393 1066 reliquias
2434 1005 2632 1056 autem
2665 1010 2879 1059 nostra:
2902 1021 3038 1060 cum
3073 1009 3297 1076 gaudio
3328 1015 3386 1065 et
3433 1012 3534 1066 ho-

1886 1092 2029 1134 nore
2059 1095 2166 1151 per
2196 1083 2535 1142 universum
2559 1090 3270 1152 orbemtransmittentur.
3301 1101 3429 1154 Haec
3452 1100 3536 1155 fa-

1889 1169 2000 1231 tus,
2045 1170 2323 1226 omnibus
2377 1177 2607 1232 animos
2657 1180 2904 1246 addidit,
2938 1182 3089 1238 adeo
3148 1191 3209 1239 ut
3249 1186 3361 1258 ipsi
3391 1204 3536 1260 quo-

1886 1269 1999 1322 que
2048 1255 2306 1314 dicerent
2347 1277 2360 1314 :
2417 1265 2649 1318 Domini
2683 1267 2954 1324 voluntas
3004 1271 3128 1327 ﬁat.
3160 1255 3303 1329 Cum
3335 1255 3533 1332 autem

1885 1357 2007 1412 quo
2039 1348 2300 1416 tempore
2339 1349 2467 1404 hate
2511 1353 2861 1412 eveniebant
2907 1361 3144 1428 sanctis,
3173 1368 3350 1418 estus
3383 1370 3535 1420 esset

1886 1429 2289 1505 intolerabilis,
2329 1442 2384 1492 et
2422 1454 2542 1509 prae
2577 1443 2667 1496 siti
2709 1453 3132 1514 exurerentur;
3163 1466 3417 1522 cumque
3446 1453 3532 1508 in-

1884 1534 2061 1588 super
2090 1520 2468 1582 interdictum
2482 1529 2819 1587 domesticis
2851 1540 3004 1590 esset
3032 1537 3296 1606 praebere
3315 1520 3398 1595 eis
3431 1557 3529 1612 pa-

1880 1620 2018 1661 nem
2052 1614 2155 1664 aut
2181 1627 2418 1682 aquam,
2449 1619 2950 1692 mulierquaadam
2978 1626 3099 1695 pia,
3147 1628 3389 1684 nomine
3430 1633 3532 1685 Ba-

1882 1694 2070 1762 siana,
2104 1700 2374 1757 muliebri
2409 1706 2629 1762 amictu
2655 1708 2861 1765 decore
2900 1694 3131 1776 induta,
3163 1717 3420 1772 maforio
3450 1718 3527 1789 (3)

171 1772 269 1827 τὴν
321 1775 622 1840 γυναικείαν
693 1772 900 1838 στολήν,
979 1780 1066 1826 καὶ
1128 1781 1381 1850 μαφόριον
1457 1777 1768 1851 πλατύτερον

1880 1781 2107 1876 latiore,
2138 1875 2141 1876 ν
2174 1805 2356 1860 quam
2399 1793 2642 1860 solebat,
2685 1798 3070 1866 circumdata,
3098 1772 3325 1871 poculis
3352 1772 3528 1876 aquae

168 1865 264 1918 τῆς
314 1862 586 1920 συνηθείας
643 1861 1068 1936 περιϐαλλομένη,
1112 1868 1349 1926 κώθωνας
1398 1862 1593 1927 ὕδατος
1639 1866 1769 1923 πλή-

165 1965 274 2018 ρεις
325 1945 721 2020 διαζωσαμένη,
774 1957 863 2004 καὶ
922 1954 987 2013 ὡς
1048 1951 1366 2025 ἐπισκὰρεως
1435 1957 1595 2030 χάριν
1654 1953 1772 2011 ἁνυ,

167 2040 378 2097 πόπτως
405 2041 536 2110 πρὸς
588 2039 776 2101 αὐτοὺς
814 2040 1237 2114 εἰσπορευομένη,
1296 2044 1530 2103 ἐπότιζεν
1583 2045 1772 2106 αὐτούς

169 2123 544 2189 λανθανόντως.

1880 1871 2072 1942 plenis
2099 1875 2286 1932 cincta
2310 1887 2366 1934 et
2400 1886 2682 1953 tanquam
2699 1888 2928 1942 visendi
2962 1891 3151 1959 gratia
3177 1891 3301 1948 sine
3341 1871 3530 1965 suspi-

1881 1962 2049 2018 cione
2091 1966 2167 2020 ad
2243 1983 2344 2023 eos
2395 1971 2676 2041 profecta,
2733 1975 2887 2031 clam
2935 1977 3076 2048 ipsis
3099 1984 3310 2050 potum
3341 1962 3524 2039 dedit.

1665 2254 1884 2310 CAPUT
1944 2258 1984 2310 ll
1995 2259 2035 2311 Ι.

511 2390 727 2448 Sancti
751 2392 991 2461 frustra
1029 2395 1111 2450 ad
1140 2395 1368 2474 cultum
1411 2395 1655 2474 deorum
1682 2396 2020 2474 incitantur
2056 2414 2068 2464 ;
2102 2399 2335 2474 in__deos
2382 2409 2435 2459 et
2468 2411 2795 2474 tyrannum
2827 2411 3131 2469 invehitur

1159 2471 1400 2521 sanctus
1427 2466 1706 2522 Leontius
1748 2483 1761 2531 ;
1793 2467 1946 2522 clam
1979 2483 2016 2525 a
2044 2472 2290 2528 muliere
2319 2466 2629 2543 potanvtur.

236 2587 338 2645 IB'.
422 2592 945 2662 Διανῠκτερεύσαντες
1008 2586 1067 2642 δὲ
1132 2588 1181 2640 ἐν
1247 2596 1320 2659 τῷ
1389 2593 1564 2642 σκότει
1627 2585 1760 2647 ἦσαν

167 2675 562 2750 ἀγαλλιώμενοι,
601 2683 672 2739 ὡς
723 2676 772 2730 ἐν
815 2681 1004 2752 ἡμέρᾳ,
1056 2683 1147 2730 καὶ
1197 2678 1415 2749 ἔψαλλον
1447 2681 1577 2751 ὁμοῦ
1625 2680 1759 2731 πάν-

163 2785 244 2826 τες
271 2764 500 2836 λέγοντες
533 2785 545 2798 ·
572 2790 599 2818 ‹‹
635 2766 840 2829 Ἐξελοῦ
867 2787 929 2839 με
954 2765 1009 2818 ἐκ
1039 2776 1136 2820 τῶν
1175 2766 1380 2841 ἐχθρῶν
1407 2787 1528 2840 μου,
1553 2769 1578 2819 ό
1607 2770 1755 2833 Θεὸς,

163 2859 254 2906 καὶ
321 2853 377 2906 ἐκ
430 2864 530 2906 τῶν
589 2857 1000 2926 ἐπανισταμένων
1059 2855 1134 2906 ἐπ’
1192 2854 1276 2926 ἐμὲ
1331 2856 1598 2929 λύτρωσαί
1652 2875 1714 2927 με
1742 2871 1754 2884 ⁸

161 2944 324 3015 ῥῦσαί
385 2962 446 3013 με
504 2941 558 2993 ἐκ
608 2951 706 2994 τῶν
759 2943 1112 3014 ἐργαζομένων
1151 2946 1243 3000 τὴν
1289 2941 1525 3014 ἀνομίαν,
1568 2949 1657 2994 καὶ
1709 2941 1761 3004 ἐξ

1948 2592 2056 2646 ΧΠ.
2095 2596 2243 2650 Dum
2265 2612 2408 2653 vero
2431 2607 2866 2670 pernoctarent,
2900 2606 2958 2660 in
2992 2607 3250 2664 tenebris
3270 2613 3392 2666 tam
3426 2629 3523 2669 ex-

1875 2679 2179 2738 sultabant
2203 2701 2388 2755 quam
2421 2687 3099 2766 inluce,cantabantque
3133 2712 3254 2754 una
3280 2715 3515 2760 omnes:

1873 2787 1901 2818 «
1935 2769 2100 2841 Eripe
2141 2789 2236 2828 me
2276 2775 2347 2831 de
2380 2777 2652 2846 inimicis,
2710 2784 2861 2838 Deus
2917 2799 3109 2854 meus,
3141 2793 3194 2841 et
3221 2787 3296 2842 ab
3331 2789 3520 2846 insur-

1870 2860 2144 2928 gentibus
2171 2860 2230 2914 in
2262 2880 2356 2918 me
2388 2868 2603 2923 redime
2641 2887 2753 2926 me.
2786 2872 2994 2927 Libera
3027 2889 3119 2928 me
3154 2875 3228 2930 ab
3275 2893 3520 2948 operan-

1872 2945 2027 3001 tibus
2043 2949 2433 3021 iniquitatem,
2447 2956 2594 3011 etde
2609 2958 2746 3012 viris
2759 2962 3118 3030 sanguinum
3135 2963 3302 3020 salva
3313 2945 3411 3020 me
3425 2967 3469 3032 ⁵,
3486 2987 3514 3020 ι)

163 3027 368 3102 ἀνδρῶν
421 3033 652 3100 αἱμάτων
699 3034 868 3082 σῶσόν
916 3049 998 3102 με,
1043 3051 1070 3079 ››
1122 3034 1211 3081 καὶ
1255 3032 1320 3082 τὰ
1360 3030 1500 3106 ἑξῆς.
1556 3033 1621 3080 Οἱ
1658 3033 1758 3101 γὰρ

1879 3038 1982 3088 etc.
2015 3009 2244 3107 Quippe
2275 3009 2507 3109 plurimi
2789 3009 3133 3105 abcineunte
3167 3057 3335 3108 {etate
3362 3009 3518 3125 psal-

167 3117 405 3169 πλεῖστοι
459 3117 626 3169 αὐτῶν
684 3124 868 3191 νεαρᾶς
925 3117 1125 3177 ἡλικίας
1175 3115 1307 3175 ἦσαν
1351 3117 1760 3189 ἐκμεμαθηκότες

168 3210 292 3267 τοὺς
345 3205 604 3277 ψαλμούς.
664 3212 763 3258 Καὶ
819 3206 1112 3268 τελέσαντες
1176 3211 1268 3264 τήν
1324 3211 1619 3280 νυκτερινήν
1677 3206 1758 3257 εύ-

165 3300 292 3367 χὸν,
340 3295 594 3352 ἐκάθηντο
638 3292 976 3367 ἐκδεχόμενοι
1020 3300 1112 3353 τὴν
1149 3298 1291 3370 παρὰ
1321 3303 1411 3347 τοῦ
1457 3303 1588 3346 Θεοῦ
1620 3293 1758 3367 βοή-

169 3387 325 3437 θειαν.
380 3383 436 3436 Ὀ
497 3381 556 3437 δὲ
609 3381 758 3448 δοὺξ,
827 3384 876 3436 ἐν
965 3381 1204 3458 φροντίδι
1278 3388 1562 3455 γενόμενος,
1633 3388 1758 3456 ποίᾳ

170 3477 394 3545 τιμωρίᾳ
443 3473 656 3525 κολάσει
702 3477 820 3533 τοὺς
889 3473 1088 3544 ἁγίους,
1154 3474 1341 3532 ἄυπνος
1395 3469 1608 3524 διετέλει
1663 3477 1757 3531 τὴν

418 3567 542 3634 Περὶ
599 3557 657 3614 δὲ
709 3565 796 3612 τόν
849 3563 1030 3635 ὄρθρον
1113 3560 1515 3632 ἁφυπνώσαντος
1575 3561 1753 3628 αὐτοῦ,

168 3653 399 3722 παρέστη
458 3649 598 3719 αύτῷ
649 3651 674 3701 ό
725 3657 974 3710 Σατανᾶς,
1027 3649 1183 3721 λέγων
1241 3667 1252 3679 ’
1297 3647 1598 3721 Ἀνδρίζου,
1651 3656 1757 3702 Λυ-

317 3755 327 3765 ·
558 3740 658 3809 γάρ
739 3738 844 3807 εἰμι
911 3740 935 3788 ό
995 3739 1326 3806 Ἀσκληπιὸς,
1386 3737 1455 3799 εἰς
1520 3738 1572 3789 ὃν
1628 3741 1756 3808 χθὲς

168 3563 326 3612 νύκτα

171 3757 261 3788 σια

171 3829 363 3895 ὤμνυες
405 3841 418 3855 ’
466 3823 594 3876 ἁλλὰ
650 3823 880 3887 ἀναστὰς
924 3833 1222 3900 τιμώρησον
1278 3831 1398 3888 τούς
1454 3827 1755 3902 ἀνθρώπους

170 3915 381 3974 τούτους
445 3927 458 3939 ⁸
522 3913 662 3975 ἅπαξ
713 3917 814 3986 γὰρ
875 3913 1353 3987 βλασφημήσαντες
1419 3921 1503 3968 καὶ
1560 3915 1753 3990 ἐνυϐρί-

174 4021 348 4061 σαντες
379 4004 472 4053 οὔκ
518 4003 647 4054 εἰσιν
702 4002 840 4065 ἄξιοι
889 4011 980 4065 τῆς
1030 4006 1280 4076 ἡμετέρας
1331 4007 1570 4068 θεότητος
1613 4023 1624 4034 ·
1678 4006 1754 4068 ξέ-

173 4110 260 4142 σον
291 4087 376 4142 οἶν
421 4090 607 4152 αύτούς
648 4107 660 4119 ⁸
701 4088 824 4144 οἶδα
871 4095 972 4166 γὰρ
1025 4097 1118 4151 τήν
1168 4096 1408 4146 ἔνστασιν
1453 4095 1636 4163 αὐτῶν,
1673 4096 1750 4146 ὅτι

1400 4200 1412 4212 °
1459 4183 1579 4235 πολ)
1591 4186 1623 4234 ἀ
1651 4187 1749 4256 γὰρ

164 4267 331 4338 ἔλεγον
362 4269 478 4320 κατ’
508 4267 630 4339 ἐμοῦ
679 4269 726 4320 ἐν
771 4279 832 4341 τῇ
895 4270 1119 4342 φυλακῇ.
1177 4272 1344 4330 Εύθὺς
1400 4268 1507 4334 οὖν,
1561 4270 1753 4328 κλάσας

163 4356 330 4408 αὐτῶν
365 4360 431 4408 τὰ
488 4356 636 4423 ὀστᾶ,
683 4366 880 4410 καῦσον
933 4359 1064 4410 αὐτὰ
1101 4363 1250 4432 πυρὶ,
1298 4363 1388 4408 καὶ
1436 4358 1753 4419 ἐπιζήτησον
1786 4373 1828 4426 D

1604 4463 1616 4473 .
1669 4465 1756 4516 φο,

165 4532 359 4604 ϐοῦμαι
396 4535 497 4607 γὰρ
549 4538 618 4603 μή
654 4554 784 4598 πως,
831 4533 913 4584 ἐὰν
960 4534 1176 4608 εὕρωσιν
1225 4533 1358 4586 αύτὰ
1397 4535 1444 4585 οἱ
1491 4542 1753 4607 Χριστια-

166 4182 282 4230 οὔτε
324 4180 535 4231 θύουσιν
588 4182 734 4250 ἡμῖν,
785 4184 902 4233 οὔτε
957 4190 1342 4256 προσκυνοῦσιν

164 4448 248 4495 τόν
281 4448 450 4498 Λύκον
493 4449 747 4517 ποταμὸν,
799 4452 889 4497 καὶ
942 4445 1045 4496 ἐκεῖ
1095 4446 1225 4497 αύτὰ
1292 4445 1540 4497 ἁπόλεσον

164 4625 263 4685 νοὶ,
321 4618 763 4693 οἰκοδομήσαντες
841 4625 1013 4684 οἰκους
1064 4623 1320 4694 μεγάλους
1387 4627 1477 4675 καὶ
1541 4643 1752 4698 περιφα-

164 4715 280 4768 νεῖς,
338 4708 442 4761 ἐκεῖ
497 4709 682 4772 αύτούς
736 4711 1110 4783 κατορύξωσιν,
1182 4711 1450 4775 κάκείνους
1519 4712 1754 4775 σέϐοντες

163 4801 254 4848 καὶ
291 4805 556 4870 τιμῶντες,
603 4798 687 4871 ἐμὲ
735 4798 1146 4862 ἐξουθενίσουσιν
1189 4817 1202 4829 ⁸

164 4887 340 4939 όλεσον
370 4888 588 4948 αύτούς.

1263 4799 1470 4874 σπουδῇ
1523 4798 1610 4854 οὖν
1655 4800 1754 4854 ἁπ-

234 4976 327 5030 ΙΓ’.
380 4977 638 5038 Ἀναστὰς
691 4974 776 5029 οὖν
813 4979 838 5030 ό
892 4975 1020 5041 ὃοὺξ
1063 4983 1119 5032 τό
1164 4983 1298 5054 πρώὶ
1341 4983 1471 5053 μετὰ
1519 4978 1753 5043 σπουδῆς

164 5065 355 5126 πολλῆς
408 5070 498 5116 καὶ
554 5071 856 5135 φαντασίας,
935 5073 1023 5119 καὶ
1097 5069 1326 5129 πλήθους
1398 5080 1749 5142 στρατιωτῶν,

163 5157 252 5205 καὶ
306 5151 518 5216 ἐξελθὼν
562 5153 658 5215 ἔξω
714 5163 809 5214 τῆς
864 5154 1056 5216 πόλεως
1110 5158 1178 5218 ὡς
1228 5156 1328 5209 ἀπὸ
1361 5157 1612 5230 βημάτων
1658 5159 1748 5232 ρν’,

165 5246 250 5293 καὶ
307 5241 466 5317 εύρὼν
520 5247 678 5294 τόπον
731 5241 1065 5316 ὑψηλότερον,
1125 5247 1346 5308 καθίσας
1391 5245 1474 5299 ἐπὶ
1519 5256 1611 5300 τοῦ
1645 5246 1748 5319 βή-

236 5419 422 5476 15Psal.
457 5436 610 5488 Lvm,
644 5424 680 5476 t.
715 5425 766 5486 2,
802 5425 832 5477 3
866 5463 878 5477 .

1875 3137 2006 3176 mos
2063 3126 2514 3194 perdidicerant.
2550 3136 2856 3190 Nocturnis
2896 3139 3171 3208 precibus
3220 3141 3513 3198 absolutis

1875 3211 2176 3277 sedebant,
2229 3224 2640 3286 exspectantes
2695 3239 2731 3277 a
2776 3227 2892 3279 Deo
2925 3226 3230 3282 auxilium.
3265 3232 3334 3284 At
3372 3231 3514 3296 dux,

1875 3315 2018 3356 cura
2047 3302 2349 3358 confectus
2389 3323 2641 3377 quonam
2665 3312 2950 3382 supplicio
2972 3320 3207 3370 sanctos
3237 3315 3515 3385 afﬁceret,

1874 3395 2105 3446 noctem
2133 3394 2494 3465 transigebat
2509 3397 2822 3454 insomnis.
2845 3401 2957 3457 Sed
2982 3402 3080 3456 ubi
3109 3402 3222 3458 sub
3239 3420 3517 3461 auroram

1872 3475 2348 3544 obdormivisset,
2394 3481 2610 3539 adstitit
2661 3485 2806 3555 ipsis
2866 3487 3134 3551 Satanas,
3203 3504 3274 3544 ac
3314 3489 3460 3544 dixit
3501 3506 3514 3546 :

1872 3567 2050 3620 Macte
2124 3568 2357 3633 animis,
2418 3571 2590 3641 Lysia
2648 3589 2660 3626 :
2720 3588 2830 3642 ego
2861 3591 3121 3646 namque
3147 3576 3514 3648 Esculapius

1873 3669 2027 3719 sum,
2078 3671 2180 3725 per
2235 3672 2410 3727 quem
2466 3659 2742 3716 hesterno
2779 3662 2873 3716 die
2904 3664 3137 3734 jurasti,
3162 3669 3221 3720 at
3247 3669 3427 3721 strato
3458 3669 3513 3720 te

1873 3745 2126 3814 proripe,
2152 3744 2366 3800 ’etillos
2407 3746 2680 3804 homines
2719 3751 2904 3816 plecte
2937 3768 2948 3805 :
2994 3767 3132 3806 nam
3183 3753 3363 3808 semel
3394 3753 3514 3808 hla-

1869 3831 2152 3901 sphemiis
2209 3840 2261 3888 et
2319 3835 2548 3906 injuriis
2602 3838 2693 3892 usi
2718 3838 3020 3894 divinitate
3051 3845 3251 3896 nostra
3279 3840 3511 3910 indigni

1870 3926 2027 3976 sunt.
2085 3924 2250 3978 Proin
2306 3925 2466 3981 caede
2518 3925 2648 3981 illos
2681 3943 2694 3992 ;
2729 3929 2846 3983 scio
2872 3928 3090 4000 quippe
3115 3931 3508 4000 pervicaciam

1867 4010 2156 4080 ipsorum,
2188 4014 2350 4083 quod
2377 4015 2670 4070 necnobis
2695 4016 3224 4082 sintsacriticaturi,
3251 4034 3359 4072 nec
3385 4019 3510 4073 cul-

1869 4104 1993 4152 tum
2025 4100 2288 4165 delaturi,
2311 4119 2448 4157 nam
2475 4103 2662 4159 multa
2699 4105 2771 4160 ad
2785 4121 3018 4160 versum
3044 4122 3136 4160 me
3156 4107 3430 4161 dixerunt
3449 4107 3507 4161 in

1871 4203 2122 4242 carcere.
2162 4193 2285 4244 Mox
2311 4208 2446 4260 ergo
2473 4192 2773 4247 confracta
2793 4194 3058 4263 ipsorum
3089 4210 3224 4249 ossa
3248 4195 3508 4250 ﬂammis

1869 4276 2244 4340 combure,et
2267 4277 2516 4333 ﬂuvium
2536 4282 2755 4350 Lycum
2784 4282 3106 4352 inquire,et
3133 4282 3213 4337 ibi
3231 4283 3359 4338 haec
3390 4284 3508 4337 dis-

1869 4364 2066 4432 perde.
2108 4369 2176 4420 At
2206 4365 2360 4419 enim
2379 4381 2593 4432 vereor,
2619 4383 2715 4431 ne,
2764 4369 2808 4420 si
2840 4369 3150 4424 Christiani
3182 4369 3504 4437 inveniant,

1864 4453 1956 4521 qui
1986 4453 2192 4508 domos
2222 4470 2473 4524 magnas
2501 4455 2871 4511 aediﬁcarunt
2907 4463 2961 4511 et
2991 4457 3262 4523 illustres,
3287 4457 3505 4515 ibidem

1864 4560 1964 4601 eos
2015 4543 2338 4611 defodiant,
2392 4544 2642 4617 illosque
2680 4547 3003 4601 reverentia
3029 4551 3083 4602 et
3107 4547 3332 4603 honore
3379 4565 3507 4620 per-

1865 4637 2180 4706 sequentes
2201 4649 2296 4689 me
2322 4634 2697 4705 pessumdent
2725 4650 2738 4688 :
2767 4633 2942 4704 perde
2967 4635 3161 4706 itaque
3183 4636 3349 4707 ipsos
3377 4636 3504 4693 sine

1864 4739 2053 4779 mora.

1937 4977 2065 5030 XIII.
2122 4978 2244 5030 Dux
2271 4974 2469 5045 itaque
2513 4989 2650 5026 cum
2707 4985 2882 5026 mane
2937 4970 3290 5026 surrexisset
3319 4972 3503 5029 multa

1863 5083 1994 5121 cum
2056 5064 2450 5128 festinatione,
2503 5061 2746 5115 visionis
2799 5059 3062 5127 imagine
3121 5075 3188 5112 ac
3248 5058 3498 5116 militum

1863 5153 2252 5224 multitudine,
2308 5159 2484 5223 atque
2513 5165 2792 5219 egressus
2820 5151 2975 5202 esset
3013 5149 3176 5201 extra
3205 5146 3502 5204 civitatem

1861 5243 2031 5316 quasi
2048 5242 2124 5298 ad
2145 5241 2404 5313 spatium
2426 5252 2718 5311 passuum
2733 5239 2972 5290 centum
2994 5238 3051 5288 et
3067 5235 3503 5306 quinquaginta

175 5592 373 5665 (3)Vox
402 5594 518 5652 ista
545 5594 842 5665 signiﬁcat
877 5595 1313 5668 operimentum
1339 5598 1569 5672 capitis,
1605 5599 1870 5656 maxime
1897 5597 2273 5662 feminarum,
2301 5592 2374 5650 de
2405 5608 2523 5665 qua
2549 5590 2829 5660 Cangius.
