4114 6262
207 299 318 356 337

1263 301 1705 359 MARTYRIUM
1743 298 1848 355 SS.
1892 300 2034 357 XLV
2083 305 2542 368 MARTYRIUM.

3469 321 3574 375 338

216 427 360 492 ἄξιος
391 421 452 479 εἷ·
488 422 653 486 οὕτως
680 426 770 476 καὶ
812 425 861 475 οἱ
911 425 1014 476 θεοὶ
1043 426 1184 498 ὑμῶν
1216 429 1266 480 οί
1319 425 1582 500 δαίμονες,
1616 426 1798 500 τολμή·

1921 427 2249 503 άεοαιοιιθε,
2274 435 2420 493 deos
2453 452 2580 494 sese
2611 453 2954 512 nuncupare
2982 440 3132 509 ausi,
3157 441 3438 500 maximas
3456 461 3548 517 pm

218 536 396 578 σαντες
456 514 670 574 ἑαυτούς
731 515 873 574 θεοὺς
934 512 1122 580 καλεῖν,
1180 518 1353 586 ἔνοχοί
1401 517 1505 569 εἰσι
1557 522 1811 588 μεγίστης

215 607 497 666 κολάσεως.
550 601 685 675 Ὀρα
743 598 800 654 δὲ
853 607 942 655 καὶ⁹
1000 604 1166 679 ἕτερον
1225 602 1521 678 παράδοξον
1554 623 1564 633 ·
1624 601 1717 656 διὰ
1763 609 1814 656 τί

215 697 364 767 ὑμεῖς
405 695 452 745 οἱ
505 687 706 744 ἔκδικοι
757 699 855 742 τῶν
915 693 1039 744 θεῶν
1093 694 1234 764 ὑμῶν
1283 696 1610 752 καθεκάστην
1667 692 1814 745 ἐλατ-

215 785 438 851 τοῦσθε;
470 784 617 852 ἡμεῖς
661 776 720 832 δε
749 783 798 832 οἱ
828 782 954 854 ὑπὲρ
1002 789 1235 854 Χριστοῦ
1286 780 1465 836 δοῦλοι
1506 780 1812 854 διωκόμενοι

212 877 300 924 καὶ
358 870 764 929 ἀποθνήσκοντες
812 868 1168 942 πληθύνομενς
1220 876 1319 924 Καὶ
1372 880 1524 924 τοῦτο
1579 873 1809 924 πεισάτω

213 980 290 1029 σε,
335 962 569 1034 τύραννε,
601 961 681 1011 ὃτι
726 953 905 1010 δοῦλοί
952 957 1101 1030 ἐσμεν
1147 968 1236 1012 τοῦ
1288 968 1421 1014 Θεοῦ
1467 968 1559 1014 τοῦ
1602 961 1807 1032 ἠγαπη-

208 1053 382 1122 μένου.
471 1052 572 1101 Καὶ
660 1049 911 1119 θυμωθεὶς
967 1048 993 1099 ό
1049 1044 1178 1111 δούξ
1227 1049 1397 1122 λέγει·
1459 1053 1662 1103 Θύοατε
1705 1057 1810 1109 τοῖς

211 1138 377 1197 θεοῖς·
435 1134 563 1200 ἐπεὶ,
623 1138 697 1206 μὰ
753 1139 838 1188 τόν
913 1136 1230 1194 Ἀσκληπιόν
1309 1143 1398 1190 καὶ
1477 1141 1562 1190 τὸν
1609 1137 1808 1201 Ἥλιον,

209 1225 316 1296 ούχ
361 1223 717 1297 ὑπερϐήσεσθε
745 1228 838 1282 τὴν
883 1229 1079 1300 αὔριον.
1112 1228 1178 1278 Oi
1228 1223 1288 1278 δὲ
1319 1227 1463 1298 ἅγιοι
1514 1227 1695 1288 πάντες
1746 1228 1810 1287 ὡς

211 1313 266 1376 ἐξ
343 1313 446 1373 ἑνός
523 1317 778 1385 στόματος
858 1311 997 1366 εἷπον
1028 1332 1039 1343 ⁶
1117 1314 1295 1388 Ἡμεῖς
1373 1319 1548 1389 Κυρίῳ

209 1406 561 1476 προσφέρομεν
655 1400 868 1473 λογικήν
957 1403 1213 1477 λατρείαν.
1292 1407 1491 1479 καρπόν

208 1493 373 1563 ήμῶν,
434 1495 523 1542 καὶ
583 1490 796 1552 ἑαυτούς
849 1490 1160 1566 ὁλοκλήρους
1210 1500 1308 1545 τῶν
1364 1493 1622 1566 ῥυομένων
1673 1494 1809 1564 ἡμᾶς

204 1587 295 1640 τῆς
347 1579 632 1651 μελλούσης
685 1584 940 1653 κρίσεως·
999 1584 1056 1632 σε
1129 1577 1207 1646 δε,
1285 1585 1482 1644 Λυσία,
1540 1580 1650 1652 ἅμα
1700 1587 1810 1640 τοῖς

209 1670 338 1730 θεοῖς
371 1688 464 1721 σου
498 1668 785 1729 κολάζοντα
813 1667 861 1719 ἐν
885 1672 1058 1742 γεέννῃ
1087 1672 1252 1744 πῦρός
1280 1668 1558 1723 ἀσϐέστου.

1634 1315 1810 1372 Ἰησοῦ

1595 1403 1810 1476 χειλέων

1920 532 2010 574 [ιω
2040 521 2122 576 rei
2155 529 2308 579 sunt.
2343 527 2493 590 Quin
2522 526 2642 582 imo
2683 527 2926 584 alteram
2954 546 3196 601 quoque
3227 547 3350 587 rem
3382 533 3568 589 incre-

1921 606 2162 666 dibilem
2195 613 2350 668 vide.
2383 616 2494 670 Cur
2515 616 2899 681 vos,deorum
2925 623 3252 675 vestrorum
3283 621 3566 686 vindices,

1922 695 1981 749 in
2011 697 2136 752 dies
2166 699 2414 758 deﬁcitis
2439 720 2450 768 ;
2480 720 2592 758 nos
2621 709 2825 760 contra
2855 706 3004 760 servi
3039 722 3146 778 pro
3179 709 3407 764 Christo
3437 725 3573 781 per-

1922 787 2284 846 secutionem
2340 793 2648 862 patientes,
2703 797 2758 847 et
2810 793 3153 860 morientes,
3198 797 3572 853 crescimus?

1923 873 2016 929 Vel
2056 875 2197 932 illud
2241 879 2340 935 tibi
2373 882 2751 952 persuadeat,
2785 886 3059 952 tyranne,
3092 883 3281 940 dilecti
3330 902 3440 941 nos
3470 887 3569 941 Dei

1921 978 2126 1021 servos
2147 982 2296 1022 esse.
2328 971 2451 1024 Dux
2469 969 2664 1025 furore
2683 986 2969 1026 accensus
2994 972 3167 1028 dicit:
3199 974 3317 1029 Diis
3348 974 3568 1031 immo-

1917 1050 2066 1108 late:
2098 1055 2241 1126 quia
2269 1073 2370 1124 per
2392 1057 2798 1129 fEsculapium
2817 1063 2872 1115 et
2898 1060 3104 1127 solem,
3131 1077 3250 1116 non
3276 1062 3424 1119 ultra
3446 1078 3570 1120 cra-

1919 1140 2139 1197 stinum
2174 1143 2404 1200 vivetis.
2465 1146 2656 1201 Sancti
2711 1151 2911 1202 autem
2957 1163 3028 1201 ex
3077 1163 3194 1204 uno
3246 1149 3417 1220 quasi
3467 1165 3567 1206 ore

1919 1227 2192 1286 dixerunt
2221 1249 2231 1285 :
2267 1235 2380 1288 Nos
2413 1233 2665 1288 Domino
2695 1236 2825 1288 Jesu
2871 1233 3170 1290 oﬁerimus
3212 1237 3565 1294 rationabile

1919 1316 2295 1389 obsequium,
2325 1319 2580 1374 fructum
2604 1319 2892 1377 labiorum
2917 1328 3276 1388 nostrorum,
3302 1341 3429 1395 quae
3455 1341 3566 1381 nos

1917 1404 2082 1476 ipsos
2114 1408 2332 1478 integre
2363 1408 2702 1464 liherabunt
2734 1425 2769 1466 a
2799 1410 2995 1466 futuro
3025 1411 3290 1480 judicio;
3338 1417 3389 1466 te
3433 1429 3568 1469 vero

1918 1497 2108 1567 Lysia,
2133 1512 2251 1551 una
2273 1512 2409 1552 cum
2432 1497 2544 1551 diis
2567 1498 2698 1562 tuis,
2723 1498 2963 1569 ignibus
2985 1499 3270 1570 gehennae
3292 1500 3570 1558 addicent

1915 1585 2520 1654 inexstinguibilibus.

278 1757 375 1822 Ις·’.
419 1759 520 1812 Καὶ
574 1756 815 1829 χολάσας
847 1758 872 1808 ό
923 1753 1051 1820 δοὺξ
1100 1755 1328 1811 έκελευσε
1356 1758 1554 1819 πάντας
1604 1777 1798 1829 γυμνω-

1990 1762 2118 1816 XVI.
2151 1759 2470 1816 Duxiratus
2502 1761 2578 1818 ad
2607 1762 2772 1833 ligna
2811 1763 3076 1834 oblonga
3102 1763 3317 1821 nudari
3357 1780 3567 1822 omnes

207 1849 360 1905 θῆναι
410 1847 480 1907 εἰς
529 1846 657 1909 ξύλα
704 1848 898 1921 μακρὰ,
953 1851 1041 1899 καὶ
1087 1845 1291 1909 ξέεσθαι
1345 1847 1485 1910 ὄνυξι
1538 1843 1801 1920 σιδηροῖς,

203 1942 294 1989 καὶ
349 1935 623 2010 ὀστράκοις
689 1935 896 1998 ὀξέσιν·
955 1940 1045 1988 καὶ
1100 1935 1328 1989 ἐκέλευσε
1381 1935 1510 2008 βοᾷν
1567 1939 1654 1988 τόν
1705 1940 1802 1994 κή-

205 2043 359 2098 ρυκα·
418 2027 483 2077 Οἱ
539 2031 648 2086 τοῖς
701 2026 831 2086 θεοῖς
883 2028 953 2097 μὴ
1013 2026 1234 2092 θύοντες,
1291 2023 1416 2077 ἀλλά
1464 2029 1554 2077 καὶ
1605 2023 1802 2098 ἐνυϐρί-

208 2115 399 2179 ζοντες,
432 2121 598 2165 ταῦτα
642 2115 972 2185 πάσχουσιν.
1006 2115 1073 2166 Οἱ
1123 2111 1182 2166 δε
1232 2113 1395 2186 ἅγιοι,
1426 2114 1670 2187 ξεόμενοι,
1700 2114 1800 2166 ἔλε-

201 2221 314 2272 γον·
374 2201 443 2252 Ὢ
509 2204 742 2274 τύραννε,
802 2202 846 2253 εἰ
917 2205 1053 2273 ἔχεις
1121 2199 1384 2275 δεινότερα
1453 2201 1795 2275 κολαστήρια,

203 2291 505 2364 προσάγαγε
539 2306 550 2319 ·
609 2295 772 2341 ταῦτα
822 2292 922 2363 γὰρ
981 2292 1103 2362 ἡμῖν
1162 2290 1300 2342 ἔστιν
1354 2291 1795 2364 εὐκαταφρόνητα.

203 2383 305 2431 Καὶ
355 2375 462 2436 ἤδη
516 2379 654 2452 ὧρας
707 2379 856 2438 ἕκτης
912 2378 1328 2445 καταλαϐούσης,
1373 2385 1463 2432 καὶ
1506 2388 1597 2432 τοῦ
1646 2379 1798 2438 ἡλίου

202 2466 604 2540 καταφλέξαντος
659 2472 745 2526 τὴν
797 2476 896 2539 γῆν
949 2474 1144 2531 πᾶσαν,
1201 2464 1334 2525 ἦσαν
1393 2470 1442 2520 οἱ
1493 2469 1637 2539 ἅγιοι
1685 2469 1799 2531 ξεό-

202 2576 362 2630 μενοι.
407 2556 465 2610 Ὁ
513 2554 571 2609 δὲ
623 2553 770 2622 δούξ,
828 2559 1098 2624 πεινάσας,
1145 2557 1403 2610 ἐκέλευσεν
1446 2557 1621 2619 αύτοῖς
1677 2577 1798 2609 κατ-

205 2647 475 2717 ενεχθῆναι
527 2650 615 2698 καὶ
663 2644 976 2704 ἀποτεθῆναι
1023 2649 1071 2698 ἓν
1119 2653 1179 2719 τῇ
1234 2646 1457 2720 φυλακῇ,
1516 2645 1798 2718 ἐντειλάμε-

197 2754 280 2797 νος
331 2731 535 2807 μηδένα
581 2737 763 2788 θεάσαι
813 2735 1021 2801 αύτούς,
1059 2740 1188 2808 μήτε
1247 2732 1386 2810 ὕδωρ
1437 2737 1622 2798 αύτούς
1673 2735 1797 2788 ἀπο-

199 2819 440 2882 δοθῆναι.
473 2822 570 2875 Ἦν
615 2820 673 2875 δέ
723 2843 798 2884 τις
844 2822 1145 2883 πολιτευτὴς
1191 2821 1237 2875 ἐν
1267 2832 1328 2894 τῇ
1379 2823 1524 2875 πόλει
1571 2826 1798 2894 τοῦνομα

196 2908 438 2985 Ἡρώδης
492 2913 831 2985 Χριστιανός,
892 2912 1282 2980 ὑποκρινόμενος
1340 2907 1398 2961 δὲ
1454 2914 1540 2961 τὸν
1596 2910 1796 2966 ἑλληνι-

202 3003 353 3071 σμόν,
409 2999 532 3070 παρ’
700 3000 863 3065 ἔμενεν
917 2999 942 3048 ό
1002 2995 1150 3060 δούξ.
1212 2996 1380 3068 Ἔσχε
1451 2994 1510 3050 δε
1565 2999 1798 3070 νοτάριον

1907 1849 2084 1920 jussit
2113 1854 2170 1906 et
2203 1850 2442 1920 ungulis
2481 1850 2683 1906 ferreis
2717 1867 2787 1908 ac
2817 1853 3006 1908 acutis
3037 1852 3196 1908 testis
3235 1853 3384 1918 radi,
3418 1869 3566 1926 prte-

1911 1954 2245 2011 conemque
2266 1938 2558 1995 clamare:
2585 1939 2693 2005 Qui
2713 1955 2832 1996 non
2860 1940 3213 2007 sacriﬁcant,
3236 1941 3340 1996 sed
3364 1943 3563 2013 potius

1910 2025 2192 2095 injuriam
2217 2026 2497 2098 inferunt,
2541 2028 2660 2083 haec
2695 2029 3023 2099 patiuntur.
3066 2030 3212 2083 Dum
3246 2029 3436 2084 sancti
3467 2045 3564 2085 ex-

1906 2114 2412 2182 carniﬁcarentur,
2445 2116 2750 2172 dixerunt:
2787 2118 2830 2174 Ο
2863 2121 3134 2188 tyranne,
3177 2117 3225 2171 si
3258 2116 3566 2174 acerbiora

1909 2203 2010 2260 tibi
2045 2205 2160 2259 sint
2184 2209 2496 2270 tormenta,
2532 2203 2758 2275 profer:
2790 2205 2917 2260 haec
2938 2204 3096 2260 enim
3123 2205 3563 2261 contemnimus

1905 2291 2051 2348 Cum
2065 2293 2191 2363 jam
2218 2298 2369 2348 esset
2397 2293 2546 2348 hora
2567 2296 2731 2348 sexta
2755 2298 2809 2347 et
2832 2292 2920 2348 sol
2944 2292 3293 2350 accenderet
3320 2309 3562 2350 omnem

1909 2385 2146 2445 terram,
2180 2381 2363 2436 sancti
2403 2380 2779 2436 radebantur.
2814 2384 2967 2435 Inter
2990 2381 3114 2436 haec
3159 2381 3296 2451 dux,
3333 2381 3564 2438 consilii

1908 2469 2104 2540 in0ps,
2130 2469 2306 2540 jussit
2333 2485 2434 2524 eos
2455 2469 2671 2524 abduci
2701 2473 2759 2524 et
2787 2470 3006 2524 carceri
3037 2469 3386 2541 mancipari,
3413 2485 3562 2542 prae-

1906 2557 2130 2626 cipiens
2161 2573 2233 2612 ne
2264 2558 2397 2629 quis
2437 2573 2538 2614 eos
2579 2557 2806 2622 viseret,
2837 2573 2953 2612 neu
2990 2573 3212 2628 aquam
3251 2558 3558 2630 praeberet.

1907 2647 2039 2701 Erat
2063 2645 2313 2717 quidam
2361 2645 2703 2716 reipublicae
2735 2645 3179 2702 administrator
3209 2645 3271 2700 in
3303 2645 3556 2715 civitate,

1906 2735 2146 2790 nomine
2187 2734 2469 2801 Herodes,
2502 2733 2876 2799 christianus,
2917 2733 3021 2788 sed
3051 2733 3355 2804 gentilium
3386 2749 3555 2791 sacra

1906 2823 2248 2890 simulabat,
2291 2824 2451 2894 apud
2488 2838 2670 2894 quem
2704 2823 2820 2877 dux
2849 2821 3175 2878 habitabat.
3212 2822 3477 2878 Habebat
3508 2837 3558 2878 ts

1907 2910 2224 2972 notarium,
2256 2909 2499 2965 nomine
2527 2909 2838 2974 Philinum,
2872 2909 2976 2981 qui
3002 2925 3036 2964 a
3077 2914 3284 2965 sancto
3314 2910 3553 2965 Leontio

1906 2996 2276 3066 diligebatur.
2309 2997 2633 3068 Postquam
2664 2997 2828 3052 illum
2857 2997 3274 3062 accersivisset,
3309 3001 3553 3053 sanctus

201 3089 401 3142 Φίλινον
459 3087 692 3158 ὀνόματι.
751 3085 909 3145 Οὗτος
966 3083 1028 3144 ἧν
1107 3084 1442 3158 ἀγαπώμενος
1511 3085 1654 3158 παρά
1708 3092 1798 3136 τοῦ

1908 3084 2182 3139 Leontius
2230 3083 2410 3139 dixit:
2454 3084 2697 3141 Philine.
2737 3085 2931 3150 frater,
2966 3084 3138 3151 vade,
3183 3085 3391 3141 Herodi
3435 3085 3548 3150 dic,

199 3178 352 3248 ἁγίου
403 3180 684 3230 Λεοντίου·
733 3179 821 3226 καὶ
864 3174 1321 3246 μεταστειλάμενος
1370 3174 1525 3226 αύτὸν
1577 3175 1602 3226 ό
1650 3173 1800 3245 ἅγιος

199 3272 436 3326 Λεόντιος
519 3267 654 3336 λέγει
684 3281 696 3294 ⁸
785 3261 1000 3335 Ἀδελφὲ
1091 3263 1277 3327 Φίλινε,

196 3352 428 3428 Ἡρώδῃ,
471 3355 572 3419 ἶνα,
625 3353 668 3406 εἰ
710 3355 823 3424 ἔχει
868 3354 984 3404 τινὰ
1032 3352 1098 3412 εἰς
1147 3355 1233 3403 τόν
1278 3347 1445 3404 δουκα
1473 3350 1790 3425 παρρησίαν,

201 3447 378 3517 αὔριον
432 3445 571 3515 ἡμᾶς
622 3441 865 3514 τελειώσῃ
899 3463 911 3473 ·
969 3439 1242 3498 ηύλαϐεῖτο
1293 3442 1394 3513 γὰρ
1447 3445 1516 3511 μή
1568 3459 1647 3501 τις
1693 3447 1794 3490 τῶν

200 3531 360 3604 ἁγίων
435 3528 684 3590 δελιάσας
756 3529 1115 3604 ἀπαγορεύσῃ.
1161 3528 1221 3581 Ὀ
1297 3524 1356 3580 δὲ
1411 3526 1641 3580 ἀπελθὼν
1697 3527 1793 3580 ἀπ-

1361 3262 1588 3315 ἀπελθὼν
1691 3263 1798 3315 εἰπὲ

199 3621 399 3693 ἠγγειλε
453 3622 624 3673 πάντα
691 3626 764 3689 τῷ
831 3619 1228 3691 πολιτευομένῳ.
1285 3616 1343 3670 Ὀ
1406 3613 1464 3670 δὲ
1530 3613 1660 3680 δούξ
1729 3615 1790 3675 ἧν

197 3711 418 3770 καλέσας
469 3709 623 3761 αύτόν
693 3707 770 3760 ἐπ’
840 3709 1073 3782 ἄριστον,
1127 3712 1217 3758 καὶ
1275 3709 1560 3780 περιέμενεν
1613 3705 1790 3762 αὐτόν.

196 3796 438 3873 Ἡρώδης
495 3794 554 3850 δε
621 3804 902 3870 παρῃτεῖτο
971 3795 1148 3866 λέγων·
1207 3793 1346 3861 Ὀτι,
1415 3792 1594 3853 ἐπειδὴ
1665 3797 1790 3867 χθὲς

203 3884 340 3940 εἶδον
397 3895 496 3939 τῶν
538 3881 835 3937 καταδίκων
882 3883 1080 3937 ἐκείνων
1128 3885 1219 3946 τὰς
1265 3884 1482 3957 πλευρὰς
1531 3884 1788 3956 ξεομένας,

204 3977 429 4037 σιανθεὶς
482 3973 769 4046 ἀνετράπην
825 3981 914 4026 τοῦ
972 3974 1269 4046 στομάχου,
1314 3978 1404 4026 καὶ
1451 3973 1509 4025 ού
1560 3970 1790 4047 δύναμαι

201 4063 508 4140 ἀριστῆσαι.
572 4067 671 4116 Καὶ
725 4063 750 4114 ό
808 4059 936 4125 δοὺξ
987 4061 1318 4135 έπηρώτησεν
1379 4060 1531 4114 αύτὸν
1587 4061 1786 4134 λέγων·

197 4157 263 4207 Τί
318 4151 404 4205 οὖν
454 4151 629 4225 βούλει
686 4153 767 4204 ἱνα
816 4156 1060 4217 ποιήσω;
1113 4149 1172 4203 Ὀ
1222 4147 1280 4203 δὲ
1333 4146 1498 4203 εἶπεν·
1535 4150 1678 4221 Ούχὶ
1726 4153 1790 4211 ὡς

200 4243 564 4302 ἀνθεστηκότες
654 4248 760 4302 τοῖς
833 4248 934 4292 τῶν
1013 4239 1404 4314 αὐτοκρατόρων
1502 4241 1792 4310 θεσπίσμα-

1911 3177 1990 3236 ut,
2025 3171 2067 3224 si
2093 3171 2238 3242 quid
2271 3173 2428 3242 apud
2449 3170 2662 3226 ducem
2681 3172 2858 3235 valet,
2882 3173 3171 3244 impetret,
3197 3178 3261 3228 ut
3286 3188 3394 3228 nos
3417 3188 3550 3228 cras

1908 3263 2095 3316 morte
2135 3258 2386 3314 efﬁciat:
2429 3259 2677 3316 timebat
2706 3259 2885 3324 enim,
2932 3276 3005 3315 ne
3034 3262 3167 3331 quis
3209 3267 3553 3317 sanctorum

1903 3363 2026 3420 praa
2073 3349 2279 3402 timore
2309 3346 2598 3402 deﬁceret.
2635 3347 2730 3402 Ille
2763 3351 2957 3402 autem
3005 3347 3210 3402 abiens
3258 3349 3553 3404 renuntia-

1901 3437 1984 3493 vit
2012 3435 2217 3492 omnia
2240 3435 2577 3506 reipublicae
2603 3435 3089 3492 administratori.
3124 3436 3251 3491 Dux
3285 3451 3422 3491 vero
3465 3437 3555 3491 in-

1901 3527 2126 3581 vitabat
2167 3525 2363 3597 ipsum
2408 3523 2486 3580 ad
2518 3524 2834 3595 prandium
2889 3529 2944 3581 et
2972 3524 3101 3595 jam
3143 3525 3548 3596 exspectabat.

1903 3615 2159 3672 Herodes
2188 3613 2515 3670 excusabat
2536 3630 2618 3680 se,
2635 3614 2864 3670 dicens:
2892 3614 3060 3680 Quia,
3083 3617 3408 3686 postquam
3426 3613 3552 3670 heri

1899 3704 2020 3760 vidi
2048 3704 2300 3758 istorum
2329 3717 2567 3758 reorum
2611 3702 2794 3758 latera
2821 3702 2973 3767 radi,
3007 3702 3159 3758 male
3189 3701 3402 3758 affecto
3435 3707 3554 3759 sto-

1900 3792 2114 3850 macho
2143 3806 2415 3846 reversus
2445 3807 2579 3846 sum
2618 3795 2675 3846 et
2704 3805 2937 3863 nequeo
2963 3791 3276 3864 prandere.
3312 3791 3440 3847 Dux
3469 3791 3555 3848 in-

1899 3881 2385 3952 terrogaviteum,
2405 3879 2611 3935 dicens
2641 3899 2652 3938 :
2675 3879 2824 3946 Quid
2853 3879 3032 3949 igitur
3057 3879 3168 3944 vis,
3194 3883 3257 3935 ut
3286 3879 3500 3936 faciam
3527 3880 3555 3935 ?

1900 3971 1994 4028 Ille
2039 3975 2238 4026 autem
2271 3968 2421 4025 dixit
2459 3991 2470 4022 :
2512 3971 2716 4025 Nonne
2763 3968 2843 4033 hi,
2889 3968 2988 4040 qui
3037 3967 3242 4024 edictis
3303 3968 3557 4041 impera-

1898 4067 2095 4117 torum
2133 4059 2444 4120 obsistunt,
2479 4061 2664 4113 morte
2695 4055 2860 4126 digni
2887 4060 3024 4112 sunt
3052 4055 3080 4110 ?
3105 4055 3220 4112 Cur
3259 4071 3401 4125 ergo
3434 4072 3557 4112 non

1901 4149 2236 4204 moriuntur
2282 4161 2531 4216 propere
2556 4145 2583 4200 ἢ
2624 4144 2722 4199 Ille
2759 4159 2894 4200 vero
2931 4144 3222 4214 promisit,
3274 4159 3406 4201 cras
3455 4160 3558 4201 eos

1902 4233 2028 4304 igni
2054 4231 2434 4288 addicturum
2455 4232 2625 4301 juxta
2659 4230 3037 4303 imperatoris
3067 4231 3375 4288 mandata.

201 4352 283 4386 σιν
335 4332 473 4394 ἄξιοί
517 4331 618 4384 εἰσι
669 4331 926 4393 θανάτου;
959 4333 1022 4381 Τί
1065 4325 1152 4380 οὖν
1185 4328 1278 4379 ούκ
1329 4326 1748 4384 ἀποθνήσκουσιν
1801 4326 2068 4396 συντόμως
2102 4339 2114 4387 ;
2145 4318 2204 4372 Ὀ
2262 4315 2321 4371 δε
2379 4319 2642 4390 ὑπέσχετο
2693 4323 2786 4377 τὴν
2835 4321 3014 4391 αὔριον
3056 4324 3183 4394 πυρὶ
3231 4316 3567 4392 παραδοῦναι

197 4421 390 4482 αύτούς
413 4421 548 4473 κατὰ
574 4421 642 4472 τὰ
673 4415 1013 4490 διατάγματα
1040 4423 1132 4467 τοῦ
1161 4413 1438 4487 βασιλέως.

273 4510 371 4564 ΙΖ’.
437 4513 537 4562 Καὶ
585 4509 610 4559 ό
659 4506 876 4567 Φίλινος,
924 4504 1154 4565 ἀκούσας
1201 4508 1388 4567 ταῦτα,
1439 4498 1651 4575 δραμὼν
1701 4501 1796 4556 ἀπ-

1980 4499 2128 4555 XVlI.
2180 4497 2278 4553 His
2322 4495 2556 4562 auditis,
2607 4494 2860 4552 cucurrit
2901 4495 3186 4567 Philinus,
3239 4501 3296 4553 et
3336 4497 3557 4554 sanctis

198 4597 406 4670 ήγγειλε
446 4603 554 4654 τοῖς
597 4595 778 4667 ἁγίοις·
813 4596 862 4646 οἱ
907 4590 985 4659 δὲ,
1020 4588 1414 4664 φαιδρυνθέντες
1453 4593 1546 4652 τὰς
1588 4590 1793 4664 ψυχὰς,

200 4683 502 4757 ἐξεδέχοντο
543 4687 602 4736 τὸ
644 4687 799 4756 πέρας
846 4685 972 4753 μετά
1014 4681 1175 4742 καλῆς
1228 4681 1534 4752 προθυμίας,
1583 4685 1671 4732 καὶ
1718 4679 1796 4732 εύ-

198 4777 431 4847 λόγησαν
483 4775 668 4833 πάντες
712 4775 798 4825 τόν
848 4771 1047 4824 Φίλινον
1103 4766 1196 4822 διὰ
1243 4773 1338 4828 τὴν
1391 4770 1645 4833 ὑπακοὴν,
1705 4773 1794 4823 καὶ

196 4861 439 4939 Ἡρώδην
496 4859 590 4915 διὰ
638 4865 731 4920 τήν
789 4855 1046 4918 σπουδήν.
1096 4859 1154 4910 Ἠ
1200 4856 1260 4911 δὲ
1314 4861 1550 4920 συνήθως
1594 4857 1788 4930 ἀποφέ-

199 4972 372 5030 ρουσα
427 4950 599 5010 αύτοῖς
646 4953 701 5001 τό
745 4946 888 5017 ὕδωρ
939 4947 1174 5019 ἐλευθέρα
1228 4944 1340 5018 εἶχε
1390 4949 1478 5016 μὲν
1525 4950 1580 4999 τό
1626 4944 1793 5020 ὕδωρ,

201 5047 270 5104 ὡς
299 5045 356 5094 τὸ
396 5042 628 5104 σύνηθες,
661 5037 744 5090 ἐπὶ
792 5040 851 5089 τὸ
887 5034 1174 5109 διάζωσμα
1206 5057 1218 5069 ·
1250 5035 1546 5088 κωλυθεῖσα
1587 5033 1646 5089 δὲ
1685 5035 1792 5088 εἰσ-

203 5132 381 5198 ελθεῖν,
414 5131 648 5203 ἠρωτᾶτο
690 5129 831 5200 παρὰ
894 5133 993 5177 τῶν
1046 5124 1226 5196 ἁγίων,
1280 5123 1324 5176 εἰ
1368 5125 1479 5196 ἔχει
1525 5120 1692 5198 ὕδωρ.
1735 5121 1792 5176 Ἦ

205 5219 264 5274 δε
295 5216 387 5274 διὰ
433 5222 550 5278 τοὺς
591 5224 928 5292 παρεστῶτας
975 5214 1258 5288 ἠρνήσατο·
1292 5215 1377 5264 καὶ
1420 5212 1552 5284 λέγει
1597 5212 1724 5265 αύτό
1771 5214 1796 5266 ό

207 5312 351 5380 ἅγιος
401 5311 635 5366 Λεόντιος
679 5313 740 5378 τῇ
800 5306 1051 5378 ’Δρμενίῳ
1100 5309 1237 5374 φωνῇ
1300 5308 1552 5373 Βασιανῇ·
1611 5301 1669 5355 Εἰ
1721 5305 1793 5373 μὴ

207 5402 426 5470 ἤνεγκας
455 5397 576 5469 ἄρτι
604 5398 660 5447 τό
705 5391 848 5466 ὕδωρ
881 5392 927 5444 ἐν
957 5394 1120 5463 ταύτῃ
1166 5398 1227 5462 τῇ
1272 5389 1490 5462 ἀνάγκῃ,
1524 5391 1603 5442 ὅτι
1640 5409 1797 5442 κατα-

207 5484 490 5558 φλεγόμεθα
540 5486 628 5534 καὶ
686 5483 740 5532 αἱ
795 5475 1014 5552 καρδίαι
1061 5480 1204 5548 ἡμῶν
1253 5475 1567 5545 σϐέννυνται,
1625 5481 1714 5528 καὶ
1771 5476 1796 5528 ὃ

211 5576 454 5633 ἐποίησας
495 5573 619 5645 ἡμῖν
672 5569 846 5637 καλὸν,
877 5570 943 5632 ὡς
970 5563 1121 5620 οὐδὲν
1150 5567 1431 5640 κατεφάνη,
1457 5569 1547 5619 καὶ
1590 5567 1655 5628 ὡς
1682 5568 1797 5619 οὔτε

1901 4585 2285 4650 renuntiavit,
2334 4585 2436 4658 qui
2483 4584 2700 4640 animis
2747 4584 2964 4641 hilares
3019 4585 3450 4656 exspectabant
3496 4586 3559 4643 ﬂ-

1905 4693 2041 4734 nem
2062 4691 2198 4732 cum
2228 4673 2466 4745 egregia
2495 4672 2810 4739 alacritate,
2845 4677 2900 4729 et
2925 4688 3136 4728 omnes
3178 4673 3328 4730 bene
3357 4689 3558 4747 preca-

1906 4767 2124 4824 bantur
2154 4762 2405 4828 Philino,
2434 4761 2598 4834 quod
2638 4761 2919 4832 gessisset
2949 4777 3200 4829 morem,
3232 4767 3288 4818 et
3321 4761 3554 4831 Herodi,

1904 4856 2070 4930 quod
2083 4855 2401 4911 festinaret.
2426 4857 2495 4907 At
2510 4867 2800 4922 generosa
2811 4851 2924 4908 ista
2941 4850 3171 4919 mulier,
3186 4867 3320 4923 quae
3333 4866 3558 4923 aquam

1904 4946 1982 5003 ad
2023 4949 2258 4999 sanctos
2289 4941 2516 4998 deferre
2558 4945 2972 5004 consueverat,
3006 4955 3229 5011 aquam
3273 4940 3346 4998 de
3394 4956 3558 4998 more

1904 5033 2018 5090 sub
2047 5033 2313 5088 cinctura
2342 5029 2629 5086 condebat
2653 5045 2664 5082 ε
2693 5043 2901 5085 verum
2938 5027 3215 5098 ingressu
3239 5028 3555 5100 prohibita,

1902 5119 2385 5190 interrogabatur
2398 5133 2430 5172 a
2445 5117 2681 5182 sanctis,
2698 5132 2774 5173 an
2788 5131 3012 5188 aquam
3029 5114 3294 5172 haberet.
3314 5119 3560 5186 Negavit

1903 5210 2034 5282 ipsa
2073 5211 2314 5281 propter
2343 5210 2625 5263 astantes.
2663 5208 2910 5262 Sanctus
2963 5204 3238 5260 Leontius
3265 5204 3380 5262 hoc
3410 5205 3558 5265 dixit

1905 5312 2182 5354 sermone
2215 5298 2472 5351 Armeno
2493 5294 2757 5350 Basianse
2786 5316 2797 5347 :
2835 5292 2891 5350 Si
2915 5307 3036 5348 non
3060 5292 3312 5349 attulisti
3332 5309 3552 5366 aquam

1904 5387 1966 5444 in
1995 5386 2107 5442 hac
2134 5385 2478 5442 necessitate
2503 5384 2672 5453 (nam
2702 5380 3131 5446 comburimur,
3163 5385 3220 5438 et
3244 5381 3427 5440 corda
3451 5398 3555 5442 no-

1906 5479 2022 5531 stra
2052 5475 2528 5542 exstinguuntur)
2553 5485 2695 5527 sane
2721 5470 2885 5542 quod
2909 5469 3084 5524 nobis
3117 5469 3304 5527 fecisti
3323 5470 3554 5528 bonum

1911 5568 2199 5638 tanquam
2229 5561 2377 5620 nihil
2408 5559 2687 5634 apparuit
2725 5564 2781 5619 et
2821 5563 3111 5633 tanquam
3147 5575 3390 5632 prorsus
3428 5574 3550 5618 non
