4114 6262
560 310 672 366 339

1957 279 2218 340 MENSIS
2258 274 2523 333 JULIUS.

3832 260 3968 319 340

563 435 806 491 factum.
835 430 957 486 Hoc
986 430 1184 484 autem
1227 421 1391 485 dixit,
1425 420 1666 476 hortans
1709 430 1864 478 eam,
1898 414 1962 466 ut
1994 421 2218 480 aquam

2336 400 2449 460 ὅλως
2503 401 2738 471 γεγονός.
2799 396 2962 449 Τοῦτό
3020 391 3080 446 δὲ
3135 393 3271 464 ἔλεγε
3323 393 3738 464 προτρεπόμενος
3799 387 3960 461 αὐτῇ

565 523 814 578 afferret.
859 518 962 573 Illa
987 531 1126 571 vero
1155 517 1319 584 porta
1345 524 1595 579 egressa,
1629 516 2002 577 parvamque
2033 502 2086 552 et
2117 510 2218 550 an-

563 615 801 679 gustam
835 610 1010 662 nacta
1040 605 1380 660 fenestram,
1415 611 1634 668 aquam
1666 594 1748 647 eis
1778 607 1882 662 per
1913 589 2072 642 illam
2105 589 2214 639 tra-

565 677 731 755 didit.
784 700 850 751 Et
886 700 1207 767 postquam
1247 689 1534 744 bibissent
1585 690 1640 739 et
1668 678 1971 737 refocillati
2001 677 2213 735 essent,

565 786 987 859 precabantur,
1009 785 1072 836 ut
1091 780 1190 834 ﬁlii
1220 779 1350 849 ejus
1380 781 1437 831 et
1460 774 1563 829 filii
1590 771 1851 828 ﬁliorum
1873 767 1998 859 ejus
2026 777 2212 819 sacer-

565 856 734 932 dotes
757 874 984 937 ﬁerent,
1013 871 1072 925 in
1094 869 1237 926 tanti
1271 865 1488 922 servitii
1518 856 2090 933 compensationem.

2327 490 2525 561 ἐνέγκαι
2568 491 2624 538 τὸ
2672 483 2838 558 ὕδωρ.
2892 485 2951 538 Ἠ
3004 481 3063 536 δὲ
3117 482 3391 545 ἐξελθοῦσα
3469 489 3564 542 τῆς
3601 480 3796 545 πύλης,
3853 485 3965 531 καὶ

2327 581 2552 652 εὑροῦσα
2597 577 2787 648 μικρὰν
2840 580 2929 627 καὶ
2971 578 3146 630 στενὴν
3200 569 3412 646 θυρίδα,
3448 567 3540 622 διὰ
3591 572 3796 632 ταύτης
3846 570 3965 620 ὑπ..

2325 665 2513 720 έὸωκεν
2566 666 2740 725 αὐτοῖς
2786 670 2843 716 τὸ
2898 661 3062 737 ὕδωρ.
3118 668 3217 714 Καὶ
3255 665 3448 719 πιόντες
3498 664 3589 712 καὶ
3635 657 3960 728 ἀναψύξαν-

2324 777 2407 818 τες
2450 755 2734 817 ἐπηύξαντο
2788 754 2918 825 αὐτῇ
2973 756 3094 814 τοὺς
3141 753 3302 818 υἱούς,
3358 753 3446 800 καὶ
3485 751 3626 808 υἱοὺς
3669 756 3768 798 τῶν
3812 750 3959 798 υἱὼν

2325 846 2484 904 αὐτῆς
2540 844 2613 904 εἰς
2670 846 2828 917 ἱερέας
2883 843 3127 914 γενέσθαι
3183 837 3466 912 διαμοιϐὴν
3531 846 3626 899 τῆς
3676 839 3958 899 τοιαύτης

2327 938 2617 1008 θεραπείας.

1965 1060 2194 1119 CAPUT
2225 1061 2311 1114 IV.

1341 1204 1460 1266 lus;
1487 1200 1920 1266 cbnvertuntur
1943 1190 2060 1266 duo
2082 1183 2333 1266 carceris
2354 1182 2643 1266 custodes;
2669 1183 3041 1266 damnantur
3055 1180 3252 1236 sancti
3277 1184 3566 1249 martyres
3591 1179 3674 1235 ad
3693 1180 3908 1247 ignem
3934 1196 3951 1245 -_.

572 1213 886 1270 Orantibus
904 1213 1157 1278 apparet
1183 1213 1460 1274 angetus;
1487 1213 2929 1278 convertuntur-euq

1345 1254 1501 1344 'a'é‘u’a
1530 1254 1560 1326 ε
1589 1282 1737 1336 ναμε
1771 1265 2010 1324 elicita;
2043 1254 2363 1313 translatio
2390 1260 2444 1309 et
2479 1255 2672 1308 cultus
2708 1254 3129 1324 reliquiarum.
3533 1273 3536 1276 ’

2581 1377 2768 1452 Ἑσπέρ
2776 1397 2835 1438 ας
2889 1373 2948 1428 δὲ
3003 1374 3300 1428 καταλαϐού
3309 1394 3420 1440 σης,
3550 1373 3698 1426 αλλον
3759 1373 3854 1444 λὲγ
3863 1392 3921 1424 ον
3935 1403 3951 1414 -

644 1411 823 1465 XVIII.
866 1408 1116 1478 Vespere
1155 1404 1328 1466 facto,
1361 1395 1684 1454 cantabant
1711 1391 2011 1445 dicentes:
2050 1405 2073 1435 (ι
2107 1387 2215 1478 ι]οῖ
2404 1378 2508 1432 IH’.

570 1499 754 1561 mine,
780 1470 995 1552 exaudi
1019 1494 1347 1550 orationem
1372 1501 1591 1550 meam,
1619 1487 1675 1537 et
1705 1479 1927 1534 clamor
1953 1490 2119 1530 meus
2141 1470 2218 1527 ad

571 1591 626 1642 te
656 1586 847 1642 veniat
878 1588 920 1651 δ,
943 1591 1050 1638 etc.
1077 1605 1096 1631 ι
1128 1585 1190 1636 Et
1217 1578 1450 1650 expleto
1481 1562 2220 1651 psalmo,corroboraban-

571 1680 667 1730 tur
711 1674 770 1729 in
801 1650 1061 1737 vinculis,
1102 1669 1320 1742 gratias
1351 1667 1593 1735 agentes
1627 1665 1764 1724 Deo,
1797 1660 2035 1714 orantes
2061 1657 2117 1708 et
2138 1650 2223 1705 di-

572 1767 801 1820 centes:
823 1760 1070 1817 Domine
1099 1760 1258 1820 Jesu,
1291 1755 1394 1827 qui
1419 1757 1620 1825 portas
1648 1749 1808 1806 mala
1836 1744 2033 1803 omnis
2064 1757 2217 1797 crea-

573 1856 739 1916 turae,
784 1849 930 1904 nihil
974 1845 1392 1904 absconditum
1437 1846 1527 1897 est
1552 1855 1752 1896 coram
1794 1842 1867 1900 te,
1923 1834 2027 1906 qui
2067 1846 2221 1885 scru-

2328 1487 2424 1528 τες·
2485 1490 2510 1516 ‹‹
2559 1470 2736 1541 Κύριε,
2769 1470 3076 1519 εἰσάκουσον
3127 1473 3220 1524 τῆς
3262 1471 3572 1536 προσευχῆς
3603 1483 3730 1535 μου,
3780 1469 3884 1514 καὶ
3916 1465 3949 1519 1':

2330 1561 2530 1629 κραυγὴ
2582 1576 2681 1627 μου
2729 1559 2860 1628 πρὸς
2908 1574 2964 1606 σε
2991 1553 3190 1617 ἐλθέτω,
3225 1573 3252 1604 »
3284 1557 3372 1605 καὶ
3402 1555 3468 1604 τὰ
3503 1553 3634 1614 ἑξῆς.
3670 1556 3779 1605 Καὶ
3805 1551 3952 1607 1:11:-

2331 1651 2590 1716 ρώσαντες
2646 1649 2730 1696 τόν
2781 1643 3008 1715 ψαλμὸν,
3069 1639 3203 1700 ἦσαν
3256 1641 3535 1716 ἐρρωμένοι
3592 1640 3640 1692 ἐν
3698 1647 3815 1700 τοῖς
3862 1637 3954 1692 δε-

2336 1740 2509 1805 σμοῖς,
2589 1733 3027 1805 εὐχαριστοῦντες
3108 1739 3178 1800 τῷ
3273 1735 3470 1802 Κυρίῳ,
3550 1726 3793 1800 δεόμενοι
3854 1736 3953 1780 καὶ

2332 1822 2574 1894 λέγοντες·
2632 1825 2786 1894 Κύριε
2836 1822 3033 1886 Ἰησοῦ,
3081 1822 3106 1871 ὁ
3161 1819 3441 1892 βαστάζων
3481 1821 3546 1870 τὰ
3582 1819 3724 1870 κακὰ
3761 1819 3953 1877 πάσης

2589 1733 3027 1806 εὐχαριστοῦντες
3108 1739 3178 1800 τῷ

571 1940 713 1993 taris
743 1939 924 1993 corda
950 1944 1004 1992 et
1022 1937 1241 2008 probas
1269 1948 1438 1988 renes
1464 1948 1476 1986 :
1504 1935 1566 1986 tu
1606 1928 1734 1993 scis,
1758 1941 1879 1998 quo
1910 1923 2223 1990 ﬂagremus

2336 1920 2432 1972 τῆς
2472 1915 2710 1975 κτίσεως,
2775 1907 2928 1963 οὐδὲν
2993 1913 3220 1984 κρυπτὸν
3270 1911 3412 1982 παρὰ
3469 1913 3575 1972 σοὶ,
3638 1909 3665 1958 ὁ
3721 1906 3950 1978 ἐρευνῶν

573 2027 656 2082 tui
690 2026 1007 2089 desiderio,
1047 2022 1239 2079 cernis
1276 2023 1603 2086 tormenta;
1642 2014 1961 2072 animabus
2013 2008 2228 2064 nostris

574 2115 833 2178 medere,
849 2130 986 2169 nam
1018 2127 1270 2183 corpora
1291 2114 1496 2166 nostra
1523 2105 1872 2162 tradidimus
1890 2103 2129 2173 propter
2142 2095 2226 2151 te;

573 2202 703 2258 dele
733 2201 1073 2273 iniquitates
1103 2203 1344 2254 nostras
1371 2197 1428 2252 in
1450 2191 1820 2264 corruptibili
1845 2193 2049 2244 nostra
2072 2185 2224 2239 vita:

574 2306 765 2362 parva
793 2291 1015 2362 quippe
1046 2289 1173 2344 htBC
1207 2286 1380 2342 nobis
1413 2288 1565 2345 sunt,
1601 2286 1658 2337 et
1684 2279 1926 2336 minime
1956 2275 2224 2338 molesta,

573 2380 652 2436 ob
680 2379 929 2434 multam
961 2379 1019 2432 in
1047 2381 1121 2443 te,
1155 2376 1418 2440 Domine,
1445 2371 1784 2428 charitatem
1809 2385 1819 2433 ;
1851 2373 1902 2422 te
1930 2365 2227 2420 desidera-

572 2479 725 2532 mus,
769 2473 824 2522 te
866 2468 1163 2522 timemus.
1199 2465 1407 2536 Aspice
1439 2478 1469 2517 e
1500 2462 1673 2524 coelo,
1707 2465 1763 2513 et
1788 2473 1896 2512 nos
1935 2455 2131 2524 erige;
2165 2459 2225 2507 tu

572 2557 793 2613 etenim
825 2555 1150 2610 consolaris
1182 2569 1291 2607 nos
1312 2553 1370 2607 in
1404 2551 1560 2606 omni
1593 2545 1969 2604 tribulatione
2000 2546 2224 2606 nostra,

579 2650 638 2699 ut
665 2643 965 2715 possimus
1005 2642 1312 2696 sustinere.
1346 2638 1496 2694 Nihil
1525 2637 1638 2691 loci
1683 2633 1897 2689 habeat
1953 2633 2223 2686 Satanas.

578 2734 656 2787 Ne
711 2747 821 2786 nos
869 2747 903 2786 a
958 2729 1217 2784 fraterno
1260 2728 1374 2782 hoc
1415 2741 1616 2781 amore
1665 2737 1911 2793 separa:
1957 2719 2226 2775 omnium

579 2821 734 2876 enim
763 2826 1033 2875 nostrum
1066 2823 1251 2873 mater
1271 2821 1359 2871 est
1389 2815 1538 2870 ﬁdes
1567 2814 1627 2869 in
1653 2818 1724 2869 te.
1762 2816 1824 2868 Et
1852 2817 1935 2877 tu,
1963 2811 2226 2873 Domine,

583 2911 747 2963 Pater
766 2914 982 2972 noster,
1004 2906 1268 2976 gloriﬁca
1289 2918 1510 2959 nomen
1537 2909 1704 2957 tuum
1736 2901 1796 2955 in
1822 2899 2106 2955 membris
2127 2913 2231 2952 no-

581 2996 731 3063 stris,
767 3001 823 3050 et
855 3000 1139 3066 tanquam
1175 2994 1232 3048 in
1261 2991 1629 3047 holocaustis
1662 2990 1912 3045 arietum
1946 2993 2000 3043 et
2030 2991 2228 3040 tauro-

580 3101 714 3140 rum
743 3085 873 3138 etin
893 3081 1254 3154 myriadibus
1267 3080 1579 3153 pinguium
1598 3079 1801 3134 ovium
1825 3077 2229 3134 admittamur-

585 3173 679 3230 Sic
709 3174 813 3228 ﬂat
838 3171 1193 3226 sacriﬁcium
1221 3175 1494 3224 nostrum
1524 3169 1582 3223 in
1615 3172 1934 3239 conspectu
1965 3172 2087 3235 tuo,
2125 3167 2228 3222 Do-

2338 1997 2579 2075 καρδίας,
2631 2005 2719 2052 καὶ
2767 1996 3068 2071 δοκιμάζων
3117 2001 3347 2070 νεφρούς·
3404 2001 3466 2050 σὺ
3513 1996 3809 2050 ἐπίστασαι
3850 2001 3948 2053 τὴν

2339 2093 2586 2163 ἡμετέραν
2654 2089 2723 2150 εἰς
2781 2092 2838 2141 σε
2901 2090 3210 2162 προθυμίαν·
3283 2089 3406 2160 ὁρᾷς
3486 2089 3579 2148 τὰς
3648 2085 3943 2158 βασάνους,

2338 2184 2489 2232 ἴασαι
2536 2181 2680 2250 ἡμῶν
2721 2181 2809 2238 τὰς
2863 2178 3068 2249 ψυχάς·
3125 2180 3188 2229 τὰ
3229 2179 3330 2249 γὰρ
3382 2183 3598 2246 σώματα
3652 2177 3806 2247 ἡμῶν
3857 2171 3944 2226 διὰ

2341 2273 2396 2320 σε
2447 2264 2841 2342 παρεδώκαμεν·
2896 2265 3276 2336 συναπάλειψον
3326 2268 3470 2338 ἡμῶν
3517 2267 3585 2317 τὰ
3626 2263 3947 2336 ἀνομήματα

2338 2357 2384 2409 ἐν
2432 2365 2503 2426 τῷ
2556 2359 2766 2429 φθαρτῷ
2825 2357 2970 2428 ἡμῶν
3053 2355 3176 2427 βίῳ·
3236 2358 3399 2428 μικρὰ
3453 2357 3555 2427 γὰρ
3625 2356 3755 2424 ἡμῖν
3832 2355 3946 2404 ἐστι

2335 2454 2522 2510 ταῦτα,
2575 2450 2664 2497 καὶ
2739 2444 3018 2515 ἀνάλγητα,
3083 2441 3176 2496 διὰ
3245 2449 3339 2501 τὴν
3412 2443 3602 2500 πολλὴν
3679 2446 3804 2514 περὶ
3867 2443 3944 2503 σε,

2339 2538 2592 2601 Δέσποτα,
2651 2533 2879 2604 ἀγάπην·
2947 2537 3002 2584 σε
3047 2535 3327 2604 ποθοῦμεν,
3380 2535 3437 2584 σε
3477 2531 3745 2603 φοϐοῦμεν.
3802 2531 3943 2584 Κάτ-

2341 2622 2421 2676 ιδε
2451 2623 2743 2695 οὐρανόθεν,
2797 2628 2886 2674 καὶ
2917 2622 3310 2697 παραθάρρυνον
3363 2625 3517 2693 ἡμᾶς·
3583 2626 3645 2673 σύ
3692 2623 3795 2691 γὰρ
3839 2620 3885 2671 εἰ
3915 2621 3942 2670 ὁ

2337 2711 2650 2783 παρακαλῶν
2686 2713 2824 2783 ἡμᾶς
2886 2710 2970 2763 ἐπὶ
3013 2713 3160 2783 πάσῃ
3221 2719 3282 2782 τῇ
3338 2709 3510 2780 θλίψει
3560 2712 3694 2781 ἡμῖν,
3743 2711 3819 2772 εἰς
3873 2717 3932 2765 τό

2341 2798 2602 2853 δύνασθαι
2649 2803 2784 2872 ἡμᾶς
2839 2799 3136 2870 ἐπενεγκεῖν·
3197 2804 3284 2850 καὶ
3341 2803 3411 2871 μὴ
3467 2798 3628 2870 ἐχέτω
3679 2804 3828 2851 τόπον
3894 2803 3919 2852 ὁ

2341 2896 2587 2952 Σατανᾶς·
2643 2895 2712 2962 μὴ
2756 2893 2994 2963 χωρίσῃς
3026 2892 3164 2960 ἡμᾶς
3216 2897 3310 2948 τῆς
3349 2885 3691 2960 ἀδελφότητος
3711 2894 3914 2949 ταύτης·

2341 2984 2515 3054 μήτηρ
2563 2982 2664 3052 γὰρ
2711 2982 2913 3031 πάντων
2949 2979 3094 3050 ἡμῶν
3140 2981 3169 3035 ἡ
3227 2978 3293 3038 εἰς
3342 2981 3397 3030 σε
3444 2984 3641 3039 πίστις.
3695 2985 3794 3030 Καὶ
3843 2987 3932 3045 σὺ,

2345 3071 2515 3142 Κύριε,
2583 3073 2756 3142 Πατὴρ
2807 3071 2970 3139 ἡμῶν,
3024 3065 3248 3129 δόξασόν
3301 3086 3393 3118 σου
3426 3071 3481 3118 τὸ
3515 3072 3674 3138 ὄνομα
3727 3067 3775 3119 ἐν
3824 3080 3933 3133 τοῖς

2342 3157 2543 3230 μελεσιν
2593 3160 2758 3228 ἡμῶν,
2814 3161 2902 3208 καὶ
2955 3153 3410 3228 προσδεχθείημεν
3461 3158 3531 3217 ὡς
3578 3155 3626 3207 ἐν
3655 3156 3938 3211 ὁλοκαυτω-

585 3261 768 3328 mine,
800 3264 856 3315 et
884 3258 1224 3332 perﬁciatur
1257 3273 1457 3312 coram
1491 3264 1545 3312 te
1572 3275 1585 3322 ;
1617 3256 1758 3328 quia
1788 3255 2136 3310 benedictus
2166 3272 2223 3309 es

2342 3265 2475 3317 μασι
2523 3254 2680 3317 κριῶν
2733 3249 2823 3296 καὶ
2874 3248 3098 3316 ταύρων,
3147 3250 3236 3297 καὶ
3287 3249 3350 3305 ὡς
3398 3247 3446 3296 ἐν
3481 3248 3734 3320 μυριάσιν
3778 3247 3940 3322 ἀρνῶν

585 3354 641 3404 et
661 3347 1018 3418 gloriﬁcatus
1044 3348 1101 3402 in
1129 3346 1332 3402 omnia
1375 3345 1610 3401 saecula.
1644 3348 1708 3400 Et
1744 3361 1880 3399 cum
1908 3361 2118 3398 omnes
2147 3344 2231 3397 di-

586 3437 822 3492 xissent.
860 3441 1044 3491 Amen
1077 3441 1308 3491 noctem
1345 3434 1732 3490 traduxerunt
1772 3433 2095 3486 insomnes.
2142 3432 2231 3486 Ad

586 3525 778 3580 noctis
809 3524 1083 3590 medium,
1124 3539 1413 3592 magnum
1459 3521 1750 3594 psalmum
1779 3519 1885 3576 sibi
1919 3519 2229 3576 funebrem

586 3613 944 3668 cecinerunt.

662 3859 788 3912 XIX.
820 3855 985 3910 Hunc
1028 3858 1352 3928 postquam
1403 3856 1802 3927 implevissent
1841 3862 1896 3912 et
1939 3864 2226 3926 orassent,

586 3961 722 4001 ecce
748 3945 992 4017 angelus
1034 3945 1262 3999 Domini
1293 3945 1470 4000 astitit
1499 3951 1553 4000 et
1591 3946 1783 4000 lucem
1814 3945 2078 4016 implevit
2125 3947 2229 4002 ha-

587 4033 934 4102 bitaculum,
975 4040 1031 4090 et
1067 4033 1206 4088 dicit
1241 4034 1430 4105 ipsis:
1488 4034 1770 4098 Gaudete,
1820 4051 2006 4106 prope
2063 4036 2228 4092 adest

585 4126 779 4178 vester
807 4122 942 4177 finis
995 4127 1049 4178 et
1078 4123 1326 4178 nomina
1375 4128 1564 4178 vestra
1607 4124 1667 4178 in
1715 4123 1864 4179 libro
1903 4125 2223 4180 viventium

589 4211 807 4281 scripta
835 4216 989 4266 sunt.
1022 4211 1310 4268 Conﬁdite
1343 4230 1355 4267 :
1393 4212 1679 4268 Dominus
1718 4213 2050 4269 vobiscum.
2097 4218 2227 4270 Haec

585 4299 740 4356 fatus
765 4299 1037 4356 discessit
1065 4301 1142 4356 ab
1168 4301 1250 4356 eis
1289 4302 1558 4370 angelus.
1582 4303 1993 4358 Adoraverunt
2015 4305 2221 4366 sancti,

587 4391 642 4443 et
669 4390 889 4457 gratias
919 4393 1165 4458 egerunt
1193 4391 1329 4445 Deo.
1365 4393 1434 4443 At
1463 4406 1603 4445 vero
1632 4390 1864 4456 milites,
1906 4392 2008 4462 qui
2039 4398 2226 4447 custo-

585 4475 829 4531 diebant
846 4476 997 4530 fores
1027 4477 1298 4541 carceris,
1323 4480 1570 4532 Menaeas
1592 4482 1644 4530 et
1678 4477 1982 4532 Belerades
2004 4488 2224 4547 specta-

2340 3336 2548 3385 πιόνων.
2603 3332 2755 3383 Οὕτω
2807 3334 3031 3402 γενέσθω
3080 3333 3110 3390 ἡ
3171 3334 3329 3384 θυσία
3381 3333 3526 3404 ἡμῶν
3579 3332 3792 3386 ἐνώπιόν
3827 3357 3943 3401 σου,

2346 3424 2518 3495 Κύριε,
2570 3425 2660 3472 καὶ
2712 3421 2992 3474 ἐκτελέσθω
3041 3423 3252 3474 ὄπισθέν
3307 3441 3422 3475 σου·
3470 3423 3550 3475 ὅτι
3581 3423 3865 3494 εὐλόγητος
3905 3424 3948 3479 εἴ

2339 3515 2428 3562 καὶ
2478 3506 2857 3583 δεδοξασμένος
2909 3511 2978 3572 εἰς
3014 3512 3206 3572 πάντας
3235 3516 3358 3573 τοὺς
3388 3512 3597 3575 αἰῶνας.
3653 3519 3755 3566 Καὶ
3811 3519 3943 3567 πάν-

2339 3619 2435 3652 των
2479 3599 2738 3662 εἰπόντων,
2797 3600 2975 3670 Ἀμὴν,
3034 3596 3325 3652 διετέλεσαν
3369 3602 3577 3670 ἄϋπνοι,
3625 3608 3750 3677 Περὶ
3793 3600 3851 3656 δὲ
3883 3607 3936 3654 τὸ

2338 3691 2672 3761 μεσονύκτιον
2748 3687 2964 3759 ἔψαλλον
3020 3691 3103 3740 τὸν
3157 3693 3318 3760 μέγαν
3375 3689 3602 3762 ψαλμὸν,
3677 3691 3930 3763 ἐπιτάφιον

2339 3798 2559 3839 εαυτοις.

2412 3869 2519 3922 ΙΘ’.
2604 3871 2704 3920 Καὶ
2784 3866 3167 3939 πληρωσάντων
3234 3867 3401 3919 αὐτῶν
3464 3874 3553 3921 καὶ
3634 3870 3946 3943 εὐξαμένων,

2342 3953 2479 4021 ἰδοὺ,
2536 3955 2746 4026 ἄγγελος
2809 3959 3002 4026 Κυρίου
3057 3955 3273 4017 ἐπιστὰς
3340 3956 3607 4029 ἐπλήρωσε
3665 3964 3832 4030 φωτὸς
3891 3965 3946 4012 τὸ

2339 4047 2551 4115 οἴκημα,
2603 4048 2691 4095 καὶ
2751 4044 2886 4114 λέγει
2962 4043 3162 4106 αὐτοῖς·
3221 4051 3457 4119 Χαίρετε·
3516 4047 3664 4118 ἐγγὺς
3717 4050 3867 4120 ὑμῶν
3920 4052 3946 4108 ἡ

2337 4133 2618 4195 τελείωσις,
2669 4136 2758 4183 καὶ
2806 4133 2871 4183 τὰ
2922 4131 3149 4204 ὀνόματα
3197 4134 3337 4205 ὑμῶν
3388 4133 3436 4185 ἐν
3487 4133 3652 4206 βίϐλῳ
3680 4144 3784 4188 τῶν
3815 4138 3949 4197 ζών-

2337 4241 2435 4273 των
2487 4221 2869 4292 ανεγράφησαν.
2940 4228 3216 4295 Θαρσεῖτε·
3280 4224 3304 4274 ὁ
3357 4226 3546 4297 Κύριος
3597 4226 3710 4296 μεθ’
3771 4227 3945 4298 ὑμῶν,

2339 4315 2438 4363 Καὶ
2492 4317 2653 4362 ταῦτα
2698 4310 2908 4362 εἰπὼνὸ
2948 4310 3158 4382 ἄγγελος
3209 4311 3431 4370 ἀπῆλθεν
3491 4312 3580 4364 ἀπ’
3631 4315 3822 4370 αὐτῶν.
3882 4318 3948 4368 Οἱ

2339 4397 2396 4451 δὲ
2444 4400 2584 4470 ἅγιοι
2636 4402 3052 4472 προσεκύνησαν,
3098 4405 3185 4452 καὶ
3239 4400 3649 4473 ηὐχαρίστησαν
3701 4411 3775 4474 τῷ
3833 4411 3946 4457 Κυ-

2335 4493 2451 4560 ρίῳ,
2513 4490 2578 4540 Οἱ
2637 4485 2695 4540 δὲ
2741 4493 3076 4562 στρατιῶτᾶι,
3132 4491 3181 4540 οἱ
3244 4489 3588 4560 φυλάσσοντες
3643 4495 3737 4555 τάς
3779 4496 3941 4566 θύρας

575 4567 720 4618 runt
748 4563 992 4633 quidem
1024 4564 1244 4628 lumen,
1289 4569 1344 4620 et
1387 4579 1594 4621 vocem
1639 4566 1830 4634 angeli
1877 4568 2221 4635 audierunt;

2336 4585 2430 4638 τῆς
2483 4577 2735 4648 φυλακῆς.
2796 4582 3021 4638 Μεναίας
3087 4581 3176 4630 καὶ
3252 4576 3582 4653 Βηληράδης,
3658 4563 3943 4635 ἐθεάσαντο

586 4651 694 4706 sed
721 4650 947 4706 vultum
991 4651 1119 4722 ejus
1150 4666 1269 4707 non
1311 4652 1601 4708 viderunt.
1634 4654 1778 4708 Dicit
1824 4655 2081 4710 Beleradi
2112 4659 2226 4714 Me-

581 4755 747 4796 naeas
786 4740 1189 4811 Egyptiorum
1241 4741 1446 4810 lingua
1495 4741 1684 4813 (erant
1729 4743 1955 4814 quippe
2013 4761 2225 4813 genere

579 4829 890 4901 Egyptii):
921 4829 1122 4884 Viden‘
1163 4833 1216 4884 et
1247 4829 1469 4898 audin’,
1499 4829 1678 4886 frater
1709 4832 2002 4898 Belerade,
2031 4837 2226 4906 qualis

580 4917 734 4984 regis
761 4917 977 4971 milites
1009 4917 1125 4972 sint
1155 4917 1291 4971 isti?
1321 4920 1438 4985 Ego
1487 4934 1628 4973 sane
1656 4919 1732 4973 ab
1763 4920 1923 4974 initio
1952 4920 2224 4980 Christia-

578 5004 672 5060 nis
694 5005 918 5060 amicus
950 5006 1058 5061 fui:
1078 5020 1274 5076 neque
1300 5006 1461 5061 enim
1483 5007 1721 5063 student
1741 5025 2110 5081 quemquam
2131 5014 2223 5068 lte-

581 5091 729 5156 dere,
757 5093 861 5148 sed
883 5093 1192 5149 attendunt
1222 5094 1334 5149 s1bi
1364 5093 1526 5165 ipsis,
1566 5095 1795 5166 jejunio
1842 5107 2137 5165 vacantes,
2170 5110 2224 5156 et

585 5178 764 5234 Deum
790 5198 962 5236 suum
989 5187 1335 5252 praecantes,
1359 5184 1615 5239 maxime
1646 5184 1704 5239 in
1732 5203 1966 5256 aurora,
1988 5190 2222 5245 etnullo

582 5279 702 5319 non
735 5271 996 5337 tempore
1029 5269 1192 5324 illum
1229 5272 1562 5328 adorantes.
1597 5273 1748 5328 Nihil
1783 5276 2001 5344 injusti,
2035 5278 2220 5350 iniqui

583 5353 723 5405 nihil
758 5353 1006 5422 faciunt;
1046 5359 1360 5430 hospitales
1400 5365 1555 5427 sunt,
1593 5379 1800 5417 omnes
1835 5365 2106 5435 diligunt.
2161 5373 2220 5425 Et

714 5529 860 5586 Psal.
894 5546 967 5593 cr,
1003 5536 1052 5586 2.

2336 4669 2424 4736 μὲν
2477 4669 2534 4716 τὸ
2594 4673 2713 4736 φῶς,
2765 4670 2853 4716 καὶ
2901 4669 2993 4722 τὴν
3049 4671 3216 4738 φωνὴν
3268 4676 3358 4718 τοῦ
3405 4667 3624 4739 ἀγγέλου
3680 4671 3942 4735 ἡκουσαν,

2337 4757 2394 4806 τό
2451 4751 2508 4805 δὲ
2556 4757 2831 4825 πρόσωπον
2863 4753 3023 4805 αὐτοῦ
3063 4755 3154 4806 οὐκ
3203 4753 3358 4810 εἶδον.
3413 4761 3510 4808 Καὶ
3550 4757 3685 4829 λέγει
3713 4767 3946 4821 Μεναίας

2336 4850 2407 4911 τῷ
2462 4838 2736 4914 Βηληράὸη
2794 4849 2855 4913 τῇ
2902 4851 3000 4893 των
3057 4843 3355 4912 Αἰγυπτίων
3410 4854 3568 4916 φωνῇ,
3627 4843 3788 4912 (ἦσαν
3837 4853 3944 4923 γὰρ

2336 4931 2611 5000 Αἰγύπτιοι
2667 4935 2723 4981 τὸ
2777 4932 2952 5000 γ“ένος)·
3007 4931 3158 5004 Ὁρᾷς
3204 4937 3293 4984 καὶ
3343 4932 3566 4995 ἀκούεις,
3602 4931 3792 5007 ἁδελφε
3837 4945 3946 4997 Βη-

2333 5015 2559 5090 ληράὸη,
2596 5020 2705 5069 οἴου
2761 5017 3017 5090 βασιλέως
3047 5020 3176 5072 εἰσὶν
3208 5021 3350 5072 οὗτοι
3399 5031 3720 5094 στρατιῶται
3751 5025 3943 5097 ;κὰ·γὼ

2335 5105 2392 5168 ἐξ
2436 5105 2605 5178 ἀρχῆς
2660 5106 2799 5177 φίλος
2847 5117 2944 5158 τῶν
3003 5117 3331 5179 Χριστιανῶν
3386 5114 3656 5180 τυγχάνω·
3729 5114 3788 5165 οὐ
3828 5120 3939 5190 γὰρ

2335 5192 2730 5254 σπουδάζουσιν
2782 5192 2980 5247 ἀδικεῖν
3025 5217 3159 5263 τινα,
3203 5198 3306 5249 ἀλλ’
3359 5199 3560 5260 ἑαυτοῖς
3592 5206 3936 5274 προσέχουσι

2330 5286 2678 5345 νηστεύοντες,
2737 5288 2824 5335 καὶ
2883 5281 3111 5354 δεόμενοι
3151 5296 3241 5338 του
3287 5295 3420 5339 Θεοῦ
3468 5289 3656 5356 αὐτῶν,
3691 5292 3932 5362 μάλιστα

2331 5371 2377 5422 ἐν
2405 5379 2513 5432 τοῖς
2558 5375 2782 5445 ὀρθροις,
2823 5378 2911 5423 καὶ
2962 5372 3008 5424 ἐν
3043 5377 3187 5446 πάσῃ
3241 5372 3299 5427 δὲ
3351 5380 3460 5451 ὥρα
3507 5389 3929 5450 προσκυνοῦντες
