4114 6262
256 304 357 359 341

1340 304 1766 362 MARTYRIUM
1806 303 1904 359 SS.
1945 307 2086 364 XLV
2124 312 2558 373 MARTYHUM.

3515 322 3620 377 342

265 429 438 495 αὐτὸν,
495 423 661 500 μηδὲν
707 423 892 478 ἄδικον
951 427 981 485 ἣ
1042 430 1338 501 παράνομον
1405 426 1834 505 διαπρςττόμενοι

1968 433 2121 492 sicut
2143 441 2206 494 tu
2237 455 2360 511 prae
2390 457 2487 499 me
2509 444 2686 513 nosti,
2717 446 2864 516 quot
2888 442 3132 500 solitarii
3156 443 3218 499 in
3249 446 3618 518 [Egyptomi-

263 518 535 590 φιλόξενοι,
603 517 800 578 πάντας
854 515 1167 587 ἀγαπῶντες.
1231 523 1351 585 Καὶ,
1435 522 1503 581 ὡς
1553 525 1642 572 καὶ
1709 522 1858 579 αὐτὸς

265 605 412 668 οἶδας
463 610 561 681 πρὸ
608 603 750 677 ἐμοῦ,
805 609 926 667 τοὺς
972 608 1020 657 ἓν
1065 606 1318 676 Αἰγύπτῳ
1361 606 1632 680 ἐρημίτας,
1689 610 1859 661 ὁποσα

267 700 774 770 θαυματουργοῡσιν.
823 699 886 747 Τί
941 691 1027 747 οὖν
1084 694 1347 769 μέλλομεν,
1408 701 1438 756 ἦ
1483 695 1853 770 βραδύνομεν;

263 793 368 838 Νῦν
394 789 572 856 καιρὸς
604 783 815 856 ἀγῶνος.
865 783 1012 856 Ἐμοὶ
1061 780 1209 838 δοκεῖ
1249 785 1489 838 εἰσελθεῖν
1535 791 1626 838 σὺν
1677 787 1857 848 αὐτοῖς

260 875 309 926 ἐν
354 882 416 946 τῇ
460 872 684 945 φυλακῇ,
731 877 822 926 καὶ
869 873 1231 948 παρακαλέσαι
1273 873 1461 937 αύτούς
1509 871 1762 938 δέξασθαί
1791 895 1854 947 με

260 967 353 1015 σὺν
407 962 600 1023 αὐτοῖς.
634 967 718 1016 Σοὶ
749 959 808 1015 δὲ
859 967 908 1016 τί
961 960 1124 1028 δοκεῖ,
1156 960 1342 1036 ἀδελφέ
1383 969 1523 1030 ;Καὶ
1555 966 1580 1017 ὁ
1622 965 1851 1038 Βηληρά-

259 1050 359 1114 δης
415 1054 528 1124 ἔφη·
609 1052 669 1103 Εἰ
723 1052 867 1104 οὗτοι
919 1053 1013 1104 οῦκ
1070 1052 1401 1124 ἐφοϐήθησαν
1455 1057 1544 1106 τὸν
1612 1057 1849 1122 θάνατον,

258 1141 361 1193 ἀλλ’
395 1143 520 1214 ὑπὲρ
563 1147 654 1192 τοῦ
703 1148 836 1193 Θεοῦ
883 1141 1052 1194 αὐτῶν
1108 1144 1239 1213 μετά
1289 1148 1461 1216 χαρᾶς
1491 1141 1852 1202 ἀποθνήσκου-

259 1249 333 1296 σι,
393 1235 480 1282 καὶ
535 1237 768 1282 τοιοῦτον
842 1239 942 1303 φῶς
1018 1229 1320 1302 βλέπουσιν,
1383 1233 1487 1283 οἷον
1561 1237 1651 1284 καὶ
1703 1235 1851 1304 ἡμεῖς

259 1316 386 1372 ἰδεῖν
416 1319 811 1392 κατηξιώθημεν
867 1328 938 1391 τῷ
969 1319 1045 1372 ἐπ’
1091 1321 1264 1381 αὐτοῖς
1311 1325 1536 1392 φανέντι,
1587 1318 1735 1373 διατί
1764 1325 1852 1373 καὶ

254 1411 405 1480 ἡμεῖς
435 1412 654 1480 μέτοχοι
682 1416 776 1469 τῆς
805 1415 981 1482 χαρᾶς
1011 1409 1178 1461 αὐτῶν
1219 1409 1276 1462 ού
1324 1411 1572 1482 γινόμεθα
1602 1408 1852 1472 ;”Ηθελον

256 1494 316 1550 δὲ
359 1500 402 1550 εἴ
451 1517 530 1560 τις
559 1502 646 1550 τὸν
698 1495 885 1567 δοῦκα,
922 1499 1003 1550 ἳνα
1048 1499 1340 1570 ἠνάγκασεν
1396 1498 1668 1552 ἀποθανεῖν
1724 1499 1850 1570 ὑπὲρ

253 1592 344 1638 τοῦ
398 1594 530 1639 Θεοῦ
583 1587 744 1640 αὐτοῦ
798 1587 1139 1653 Ἀσκληπιοῦ,
1188 1592 1216 1645 ἤ
1265 1587 1604 1654 Ἀπόλλωνος,
1658 1589 1743 1638 καὶ
1796 1587 1849 1638 ὃν

253 1675 524 1739 καθέξατο⁶
580 1676 685 1729 ἀλλ’
744 1676 932 1739 ἐκεῖνος
984 1679 1072 1750 μεν
1120 1677 1378 1750 φιλοζωεῖ,
1437 1679 1578 1748 ἡμῶν
1645 1671 1704 1728 δὲ
1759 1679 1849 1727 καὶ

252 1767 342 1827 τὰς
392 1765 610 1828 ἀννῶνας
646 1771 736 1820 καὶ
785 1768 878 1830 τὰς
915 1767 1068 1828 ἄλλας
1115 1766 1411 1841 εὐεργεσίας
1463 1766 1696 1838 ὑπέτεμε,
1757 1768 1847 1818 καὶ
1884 1763 1926 1818 Β

254 1851 449 1928 ἄνδρας
478 1852 715 1919 δικαίους
735 1855 1023 1911 ἀποκτενεῖ”
1061 1856 1420 1930 προσέλθωμεν
1446 1851 1557 1908 οὖν’

326 1944 403 1999 ις’.
461 1951 561 1999 Καὶ
591 1943 956 2020 εἰσδραμόντες
997 1951 1316 2022 προσέπεσον
1367 1952 1475 2007 τοῖς
1528 1945 1718 2016 ἁγίοις,
1768 1944 1845 1998 λέ-

252 2049 446 2104 γοντες*
511 2038 692 2108 Κύριοι
747 2038 912 2108 ἡμῶν,
967 2040 1055 2088 καὶ
1109 2032 1290 2088 δοῦλοι
1320 2043 1412 2088 τοῦ
1456 2041 1707 2108 Χριστοῦ,
1757 2029 1843 2085 δέ·

254 2121 412 2183 ξασθε
459 2130 546 2175 καὶ
595 2125 732 2196 ἡμᾶς
771 2124 818 2176 ἐν
862 2133 932 2195 τῷ
983 2124 1188 2198 ἀριθμῷ
1246 2125 1406 2197 ὑμῶν·
1469 2123 1842 2195 ἐπιστεύσαμεν

248 2220 348 2282 γαρ
382 2211 531 2281 ἡμεῖς
574 2211 640 2271 εἰς
689 2216 775 2264 τὸν
841 2216 1028 2285 Κύριον
1085 2216 1230 2285 ἡμῶν
1305 2212 1510 2271 Ἰησοῦν
1590 2215 1837 2284 Χριστὸν,

248 2303 334 2350 τὸν
383 2298 731 2370 ἀγαπήσαντα
760 2304 911 2372 ἡμᾶς.
964 2301 1197 2364 Εύξασθε
1245 2299 1332 2354 οὖν
1374 2306 1464 2353 καὶ
1518 2306 1635 2372 περὶ
1673 2303 1838 2373 ἡμῶν,

251 2389 334 2438 ἱνα
383 2393 453 2460 μὴ
521 2391 588 2451 ὡς
640 2386 994 2462 βραδύναντες
1050 2390 1442 2462 ἐκκλεισθῶμεν.
1500 2395 1598 2443 Καὶ
1653 2393 1841 2450 πάντες

249 2478 378 2548 ὁμοῦ
460 2478 851 2552 περιπλακέντες
911 2479 1085 2539 αὐτοῖς
1149 2481 1197 2531 οἱ
1277 2479 1421 2550 ἅγιοι
1490 2479 1838 2550 κατεφίλησαν

250 2567 437 2629 αύτούς
489 2572 620 2640 μετά
667 2576 858 2641 χαρᾶς,
907 2569 1151 2640 λέγοντες
1209 2565 1448 2640 Ἀδελφοὶ
1497 2569 1641 2639 ἡμῶν
1699 2566 1834 2620 ἐστε·

250 2658 276 2708 ὁ
327 2659 424 2731 γὰρ
481 2661 666 2731 Κύριος
719 2663 862 2729 ἡμῶν
920 2658 1120 2719 Ἰησοῦς
1177 2661 1406 2731 Χριστὸς
1450 2662 1538 2709 καὶ
1594 2661 1710 2718 τοὺς
1744 2665 1839 2720 τῆς

248 2743 526 2810 ἑνδεκάτης
579 2751 715 2821 ὧρας
747 2748 968 2822 ἐργάτας
1015 2745 1225 2811 ἐδέξατο
1281 2748 1354 2809 εἰς
1407 2751 1492 2799 τόν
1543 2746 1834 2818 ἀμπελῶνα·

245 2841 318 2908 μὴ
377 2834 462 2888 οὖν
517 2833 832 2894 δειλιάσητε·
885 2836 924 2908 ᾧ
974 2839 1072 2910 γὰρ
1131 2835 1470 2888 ἐπιστεύσατε
1516 2838 1713 2907 Κυρίῳ,
1768 2843 1840 2904 τῷ

249 2924 456 2995 ὀφθέντι
497 2927 622 2994 ἡμῖν
690 2929 778 2976 καὶ
846 2925 1150 2986 λαλήσαντι,
1217 2923 1367 2982 αὐτὸς
1425 2924 1554 2993 ὑμᾶς
1607 2920 1839 2973 ἐκάλεσεν

251 3015 316 3072 ὡς
373 3011 545 3075 ἀξίους
603 3018 771 3074 ὄντας.
839 3015 1038 3084 Πρωῖας
1109 3009 1168 3063 δε
1234 3013 1524 3081 γενομένης,
1604 3010 1838 3068 ἠκούσθη

1967 527 2173 583 racula
2197 529 2421 587 faciunt
2447 532 2476 584 εἰ
2507 536 2620 588 Cur
2638 549 2779 603 ergo
2793 548 3119 598 moramur,
3144 537 3248 590 aut
3275 535 3617 592 tardamus?

1968 617 2129 671 Nunc
2179 621 2516 676 certaminis
2562 627 2792 693 tempus
2842 625 2948 676 est.
3007 623 3132 677 Una
3190 638 3326 677 cum
3361 622 3500 694 ipsis
3556 625 3617 679 in

1969 720 2259 762 carcerem
2291 705 2526 764 introire
2558 710 2704 765 mihi
2747 710 2962 782 placet,
2994 712 3278 782 ipsosque
3308 712 3613 781 obtestari,

1969 800 2030 851 ut
2061 812 2154 851 me
2181 797 2239 851 in
2273 814 2450 853 suum
2487 799 2779 870 accipiant
2813 800 3201 854 consortium.
3235 800 3385 865 Quid
3415 806 3615 858 autem

1965 883 2069 940 tibi
2095 885 2341 956 videtur,
2370 887 2591 944 frater?
2631 893 2686 943 et
2705 887 3009 944 Belerades
3037 887 3214 943 dixit:
3261 887 3320 943 Si
3360 897 3614 945 mortem

1962 973 2044 1028 illi
2067 989 2189 1030 non
2229 976 2458 1040 timent,
2493 976 2598 1031 sed
2631 981 2873 1047 propter
2915 978 3098 1031 Deum
3131 992 3309 1032 suum
3352 977 3612 1033 moriun-

1962 1066 2058 1118 tur
2077 1079 2215 1119 cum
2238 1065 2481 1132 gaudio,
2508 1069 2565 1119 et
2591 1064 2702 1120 tale
2729 1064 2930 1120 lumen
2964 1064 3281 1136 aspiciunt,
3316 1065 3478 1136 quali
3500 1081 3612 1120 nos

1961 1168 2203 1225 quoque
2229 1153 2512 1224 dignatus
2539 1153 2753 1223 estille,
2785 1152 2886 1224 qui
2917 1152 3009 1207 his
3043 1153 3346 1224 apparuit;
3371 1154 3520 1225 quid
3549 1153 3611 1209 ni

1962 1241 2164 1310 gaudii
2205 1241 2471 1312 ipsorum
2508 1241 2820 1312 participes
2852 1241 3071 1296 ﬁamus
3100 1241 3280 1296 etiam
3302 1243 3448 1296 nos?
3479 1241 3610 1298 Vel-

1961 1329 2100 1397 lem,
2123 1335 2184 1384 ιιι
2201 1330 2333 1400 quis
2358 1329 2574 1384 ducem
2603 1333 2839 1398 cogeret
2861 1328 2937 1384 ad
2966 1329 3344 1384 moriendum
3367 1345 3476 1400 pro
3497 1330 3607 1386 deo

1965 1434 2073 1473 suo
2102 1419 2435 1488 1Esculapio
2462 1423 2564 1472 aut
2587 1416 2880 1488 Apolline,
2909 1432 3170 1488 cumque
3201 1417 3608 1488 apprehende-

1961 1511 2078 1562 ret:
2131 1506 2236 1561 sed
2273 1506 2430 1561 enim
2477 1506 2571 1562 ille
2610 1509 2771 1561 amat
2810 1505 3025 1571 vitam;
3059 1510 3291 1562 nostras
3319 1521 3458 1561 vero
3498 1521 3605 1562 an-

1957 1609 2153 1649 nonas
2183 1594 2261 1666 (4)
2295 1601 2349 1650 et
2378 1595 2494 1651 alia
2523 1593 2815 1649 beneficia
2841 1593 3107 1658 succidit,
3139 1608 3209 1649 ac
3230 1593 3388 1649 viros
3412 1593 3606 1663 justos

1957 1683 2191 1740 occidit.
2213 1684 2580 1741 Accedamus
2609 1682 2831 1754 itaque.

2028 1955 2131 2008 XX.
2165 1955 2232 2009 Et
2263 1955 2638 2008 accurrentes
2669 1947 3012 2006 acciderunt
3043 1946 3278 2010 sanctis,
3313 1947 3600 2002 dicentes:

1956 2042 2187 2097 Domini
2213 2041 2398 2097 nostri
2430 2045 2487 2095 et
2529 2039 2681 2094 servi
2717 2036 2949 2099 Christi,
2987 2049 3098 2090 nos
3130 2050 3370 2107 quoque
3398 2036 3456 2090 in
3494 2051 3602 2091 nu-

1954 2147 2186 2186 merum
2222 2135 2479 2186 vestrum
2522 2127 2839 2184 admittite:
2889 2123 3248 2179 credidimus
3289 2122 3449 2178 enim
3487 2139 3599 2180 nos

1951 2221 2013 2276 in
2045 2221 2363 2276 Dominum
2393 2222 2661 2274 nostrum
2682 2217 2888 2272 Jesum
2919 2212 3234 2278 Christum,
3262 2212 3362 2284 qui
3399 2211 3604 2268 dilexit

1951 2327 2084 2367 nos.
2115 2312 2286 2366 Orate
2311 2310 2511 2380 itaque
2536 2323 2644 2380 pro
2676 2306 2870 2374 nobis,
2897 2319 2972 2358 ne
2997 2307 3283 2373 tanquam
3315 2304 3480 2358 tarde
3508 2319 3600 2358 ve-

1950 2401 2177 2456 nientes
2209 2398 2620 2454 excludamur.
2662 2397 2858 2453 Sancti
2900 2411 3110 2453 omnes
3157 2392 3285 2447 illos
3317 2392 3596 2463 amplexi.

1949 2490 2228 2546 osculum
2269 2488 2561 2542 dederunt
2601 2503 2738 2541 cum
2778 2486 2992 2550 laetitia,
3029 2487 3322 2542 dicentes:
3373 2485 3597 2537 Fratres

1947 2577 2135 2633 nostri
2165 2577 2330 2645 estis;
2362 2591 2540 2642 ;nam
2578 2575 2867 2630 Dominus
2905 2579 3103 2631 noster
3138 2574 3306 2628 Jesus
3338 2569 3597 2626 Christus

1947 2668 2111 2722 horae
2140 2664 2472 2720 undecimae
2510 2662 2809 2733 operarios
2839 2663 3079 2719 admisit
3105 2664 3168 2718 in
3199 2661 3463 2717 vineam:
3493 2673 3598 2713 no-

1949 2755 2045 2811 lite
2067 2769 2209 2824 ergo
2229 2754 2434 2810 timere
2468 2767 2608 2807 nam
2638 2751 2947 2821 Dominus,
2985 2752 3081 2807 cui
3113 2747 3466 2810 credidistis,
3486 2746 3592 2818 qui

1949 2843 2124 2898 nobis
2155 2842 2451 2913 apparuit,
2483 2845 2540 2896 et
2569 2839 2886 2896 nobiscum
2916 2840 3152 2896 locutus
3183 2842 3291 2905 est,
3331 2836 3459 2908 ipse
3488 2851 3596 2890 vos

1951 2928 2208 2993 vocavit,
2236 2933 2525 3000 tanquam
2550 2928 2784 2997 dignos.
2815 2929 2952 2984 Orta
2965 2932 3165 2984 autem
3183 2927 3334 2992 luce,
3357 2925 3479 2979 dux
3502 2938 3596 2978 ac-

1953 3018 2127 3088 cepit,
2173 3017 2450 3073 custodes
2493 3033 2624 3072 esse
2656 3017 3092 3088 prmvaricatos,
3133 3022 3235 3070 eta
3258 3014 3596 3068 vinctorum

249 3110 418 3153 ταῦτα
463 3110 535 3172 τῷ
581 3098 755 3170 δουκὶ,
799 3103 880 3153 ὃτι
926 3105 1014 3152 καὶ
1062 3102 1109 3152 οὶ
1141 3098 1360 3172 φύλακες
1397 3097 1722 3172 παρέϐησαν,
1755 3102 1840 3150 καί

1953 3105 2218 3175 partibus
2248 3112 2432 3171 stare;
2464 3110 2519 3160 et
2547 3105 2689 3160 deos
2715 3121 2855 3159 suos
2885 3103 3252 3160 conviciatus
3294 3100 3464 3165 dixit,
3495 3115 3595 3154 eos

243 3190 348 3242 εἰσι
399 3194 494 3242 σὺν
544 3197 650 3251 τοῖς
698 3187 1012 3262 δεσμώταις.
1067 3188 1124 3241 Ὀ
1157 3185 1216 3240 δε
1267 3184 1396 3249 δούξ
1451 3186 1844 3258 ϐλασφημήσας

245 3284 359 3340 τούς
414 3281 559 3342 θεοὺς
610 3279 768 3332 αὐτοῦ
813 3275 967 3342 εἶπεν,
1028 3282 1108 3330 ὅτι
1163 3278 1250 3329 ἕνα
1304 3278 1419 3328 καθ’
1452 3278 1538 3327 ἕτα
1585 3275 1835 3341 ἀπώλεσε,

243 3374 312 3441 μὴ
347 3365 623 3442 δυνάμενοι
652 3369 854 3428 ἑαυτοῖς
913 3367 1202 3440 βοηθῆσαι,
1247 3365 1352 3417 ἀλλ’
1393 3361 1704 3436 ἐκδέχονται
1743 3370 1836 3423 τὴν

246 3454 339 3510 διὰ
379 3467 477 3510 τῶν
533 3459 798 3533 ἀνθρώπου
847 3454 1141 3514 ἐκδίκησιν.
1197 3460 1295 3508 Καὶ
1350 3454 1559 3518 ἐξελθὼν
1606 3462 1702 3514 τῆς
1739 3459 1836 3506 πό-

241 3546 380 3616 λεως,
439 3547 673 3600 ἐκάθισεν
726 3546 774 3600 ἐν
825 3555 897 3617 τῷ
966 3547 1177 3603 συνήθει
1225 3549 1384 3615 τόπῳ,
1442 3547 1531 3594 καὶ
1589 3539 1835 3604 δεδωκὼς

237 3635 464 3709 πρόοδον
517 3641 650 3690 κατά
704 3645 802 3689 τῶν
880 3636 1062 3706 ἁγίων,
1125 3632 1383 3685 ἐκέλευσεν
1455 3631 1642 3692 αὐτοὺς
1709 3651 1834 3704 προ·

241 3729 494 3797 αχθῆναι’
553 3730 641 3776 καὶ
696 3727 1003 3796 θεασάμενος
1053 3725 1136 3774 τὸν
1183 3726 1409 3775 Μεναίαν
1457 3725 1548 3772 καὶ
1595 3719 1834 3795 Βηληρά-

243 3810 341 3870 δην
383 3814 594 3875 ἑαυτοὺς
639 3811 986 3872 συνδέσαντας
1024 3818 1134 3871 τοῖς
1177 3810 1371 3881 ἁγίοις,
1409 3805 1696 3882 ἐμειδίασε,
1743 3814 1832 3862 καὶ

239 3902 373 3974 λέγει
459 3903 729 3972 Ἀππιανῷ
785 3911 854 3973 τῷ
918 3905 1185 3976 πρίγκιπι·
1261 3905 1498 3972 Θεωρεῖς,
1560 3898 1827 3967 Ἀππιανὲ,

239 3993 319 4044 ὅτι
372 3995 482 4045 ἔστι
529 4012 608 4054 τις
645 3997 735 4044 καὶ
783 3990 830 4043 ἐν
877 3998 988 4052 τοῖς
1042 3993 1280 4064 χείροσιν
1319 3985 1482 4046 ἡδονὴ
1530 3991 1558 4046 ἡ
1613 3990 1828 4041 θάνατον

1955 3210 2139 3249 unum
2167 3199 2300 3265 post
2335 3193 2583 3248 alterum
2610 3193 2873 3264 periisse,
2907 3193 3011 3264 qui
3041 3207 3162 3248 non
3200 3193 3445 3263 possent
3480 3187 3591 3243 sibi

1949 3284 2093 3354 ipsis
2137 3282 2426 3348 auxiliari,
2461 3281 2565 3336 sed
2597 3280 2672 3336 ab
2712 3280 3060 3336 hominibus
3091 3295 3299 3350 poenas
3330 3277 3470 3347 pati.
3505 3277 3592 3331 Ci-

1949 3373 2122 3427 vitate
2145 3387 2416 3440 egressus
2441 3373 2724 3425 consueto
2755 3367 3025 3424 consedit
3051 3366 3198 3436 loco,
3223 3371 3280 3421 et
3299 3365 3486 3420 misso
3513 3365 3592 3420 ad

1947 3465 2189 3516 sanctos
2218 3460 2316 3529 qui
2347 3459 2408 3514 in
2435 3458 2530 3514 via
2560 3457 2795 3529 praairet
2821 3456 3039 3513 adduci
3098 3471 3198 3511 eos
3219 3453 3420 3525 jussit:
3456 3452 3592 3507 exin

1942 3553 2225 3607 Menmam
2251 3553 2307 3603 et
2335 3547 2670 3603 Beleradem
2702 3544 3151 3616 contemplatus,
3197 3559 3335 3599 cum
3379 3541 3590 3596 sanctis

1943 3640 2195 3706 vinctos,
2220 3637 2458 3693 subrisit
2486 3641 2543 3692 et
2567 3636 2834 3708 Appiano
2860 3633 3110 3705 principi
3144 3633 3220 3704 (ὅ)
3253 3631 3394 3686 dicit
3419 3649 3430 3684 :
3465 3632 3591 3686 Cer-

1942 3729 2052 3794 nis,
2077 3727 2367 3798 Appiane,
2390 3725 2556 3798 quod
2573 3725 2664 3780 vel
2684 3725 2744 3779 in
2767 3722 3056 3779 inferioris
3076 3725 3231 3777 notae
3247 3719 3591 3776 hominibus

1941 3818 2208 3888 voluptas
2238 3814 2519 3887 quaedam
2550 3813 2622 3868 sit
2652 3812 2910 3885 perferre
2953 3813 3231 3868 mortem.
3254 3811 3400 3864 Ecce
3428 3808 3589 3863 enim

1940 3907 2155 3962 milites
2205 3909 2458 3960 mortem
2509 3903 2841 3958 dilexerunt
2891 3900 3088 3972 potius
3139 3913 3325 3970 quam
3381 3897 3588 3953 vitam.

1939 3994 2252 4066 Appianus
2293 3993 2466 4048 dixit:
2501 3991 2768 4054 Domine,
2839 3988 3122 4044 inusitato
3183 3985 3450 4042 cruciatu
3488 3999 3590 4041 eos

240 4087 485 4155 φέρουσα·
541 4080 656 4134 ἰδοὺ
686 4084 786 4154 γὰρ
837 4083 884 4133 οἱ
917 4087 1234 4154 στρατιῶται
1276 4081 1362 4130 τὸν
1396 4079 1608 4130 θάνατον
1640 4078 1828 4150 μᾶλλον

1953 4084 2146 4153 plecte.
2177 4083 2307 4137 Dux
2336 4096 2476 4137 vero
2501 4080 2672 4135 dixit:
2714 4081 2860 4143 Non,
2892 4091 2997 4147 per
3034 4076 3200 4141 deos,
3235 4089 3358 4130 non
3389 4072 3584 4128 crucio

235 4173 516 4243 ἠγάπησαν
569 4175 597 4230 ἥ
653 4175 746 4230 τὴν
797 4171 955 4232 ζωήν.
1018 4171 1306 4228 Ἀππιανός
1359 4167 1512 4219 εἶπενο
1574 4174 1825 4228 Δεσποτα,

233 4261 456 4314 κόλασον
485 4261 674 4322 αύτούς
724 4261 835 4332 ξένῃ
883 4263 1133 4332 τιμωρίᾳ.
1182 4257 1240 4308 Ὀ
1283 4252 1342 4307 δὲ
1386 4252 1514 4317 δοὺξ
1541 4254 1692 4324 λέγει·
1728 4257 1826 4318 Οὔ,

231 4353 304 4422 μὰ
354 4355 479 4413 τοὺς
531 4353 695 4416 θεοὺς,
751 4351 808 4401 οὐ
860 4347 1066 4406 κολάζω
1092 4345 1293 4405 αὐτοὺς,
1329 4347 1514 4414 μήπως
1542 4342 1829 4413 κολαζόμε-

1939 4171 2123 4240 ipsos,
2165 4184 2241 4223 ne
2289 4166 2550 4231 cruciati,
2595 4171 2651 4221 et
2691 4165 2836 4220 deos
2885 4161 3140 4219 confessi
3191 4161 3426 4225 vivant;
3485 4159 3591 4214 sed

1939 4256 2262 4328 pronuntio
2285 4255 2634 4309 sententiam
2657 4258 2865 4308 contra
2888 4250 3037 4319 illos,
3057 4254 3122 4305 ut
3145 4264 3267 4304 una
3297 4263 3433 4303 cum
3462 4247 3589 4302 aliis

1941 4345 2392 4410 comburantur,
2435 4347 2508 4407 et,
2551 4341 2712 4413 quod
2751 4341 3048 4411 optarunt,
3077 4336 3388 4408 accipiant.

223 4461 299 4494 νοι
329 4447 419 4495 καὶ
449 4441 865 4514 ὁμολογήσαντες
895 4440 1009 4499 τοὺς
1039 4439 1183 4499 θεοὺς
1231 4435 1508 4500 ζήσουσιν,
1542 4431 1646 4484 ἀλλ’
1675 4431 2032 4510 ἀποφαίνομαι
2076 4435 2190 4488 κατ’
2219 4434 2386 4487 αὐτῶν
2418 4435 2556 4493 ὅπως
2588 4434 2680 4484 σὺν
2705 4426 2816 4492 τοῖς
2844 4427 3014 4488 ἄλλοις
3038 4434 3253 4492 καῶσιν,
3287 4427 3314 4478 ὅ
3338 4424 3590 4497 ἐπεθύμη-

233 4551 350 4600 σαν,
380 4531 630 4586 λάϐωσιν.

300 4621 422 4675 ΚΑ’.
476 4620 795 4693 Ἀπεφὴνατο
872 4617 958 4673 οὖν
1007 4621 1118 4673 κατ’
1188 4618 1373 4684 αὐτῶν,
1434 4618 1610 4690 λέγων’
1671 4615 1814 4672 οὗτοι

226 4710 274 4762 οἱ
305 4710 516 4772 ἑστῶτες
545 4715 643 4784 πρὸ
697 4717 786 4763 τοῦ
831 4709 1066 4783 βήματος
1109 4729 1207 4780 μου
1241 4711 1288 4761 οἱ
1331 4711 1476 4761 πέντε
1511 4713 1600 4761 καὶ
1629 4728 1817 4761 τεσσα-

225 4802 451 4874 ράκοντα
499 4809 593 4862 τῆς
645 4808 741 4852 τῶν
804 4807 1125 4873 Χριστιανῶν
1177 4802 1457 4872 θρησκείας
1510 4799 1817 4872 θρησκεύον-

225 4909 306 4952 τες
354 4890 718 4960 τυγχάνοντες,
785 4894 874 4941 καὶ
926 4892 1346 4962 παρακούσαντες
1398 4896 1496 4940 τῶν
1561 4888 1818 4962 αὐτοκρα-

225 4983 386 5054 τόρων
448 4977 724 5050 βασιλέων,
776 4984 864 5030 καὶ
916 4982 986 5051 μὴ
1045 4981 1289 5038 θύσαντες
1343 4974 1450 5040 τοῖς
1503 4980 1652 5046 θεοῖς,
1694 4982 1820 5052 πρό·-

223 5087 365 5142 τερον
431 5070 521 5138 μὲν
585 5067 816 5120 πελέκεσι
876 5070 1236 5140 τεμνέσθωσαν
1317 5074 1498 5142 χεῖρας
1575 5072 1664 5120 καὶ
1733 5071 1824 5119 πό-

228 5153 345 5223 δας,
433 5159 606 5209 ἔπειτα
680 5162 806 5229 πυρὶ
883 5154 1358 5231 παραδοθήτωσαν,
1450 5161 1537 5210 καὶ
1601 5156 1826 5228 ἀπωλείᾳ

226 5253 314 5297 τοῦ
365 5248 540 5297 Λύκου
591 5253 849 5317 ποταμοῦ.
905 5249 970 5297 Οἱ
1027 5243 1085 5298 δὲ
1157 5248 1432 5318 ὑπηρέται,

225 5337 546 5393 καθεσθῆναι
593 5337 714 5394 τοὺς
763 5338 943 5405 ἁγίους
972 5333 1056 5386 ἐπὶ
1103 5342 1194 5386 τοῦ
1249 5331 1486 5407 ἐδάφους,
1518 5339 1820 5407 κατέτεμνον

1515 5250 1638 5303 ποιή
1649 5264 1825 5308 σαντες

295 5510 373 5582 (4)
409 5514 556 5567 Nota
587 5515 676 5567 est
698 5511 919 5570 Latinis
949 5529 1064 5570 vox
1094 5528 1338 5573 annona
1364 5529 1378 5582 ;
1407 5513 1503 5572 hic
1543 5512 1692 5572 forte
1728 5527 1824 5568 su-

226 5581 410 5640 mitur
437 5597 546 5655 pro
580 5582 816 5642 salario.

2016 4619 2150 4677 XXI.
2220 4612 2584 4673 Sententiam
2659 4608 2858 4680 itaque
2927 4606 3215 4663 adversus
3264 4619 3366 4661 eos
3439 4602 3591 4671 tulit,

1930 4710 2161 4765 dicens:
2197 4705 2281 4772 Hi,
2332 4702 2436 4776 qui
2469 4705 2606 4758 ante
2636 4696 2898 4754 tribunal
2939 4711 3139 4750 meum
3183 4696 3385 4749 astant
3419 4691 3594 4762 quin-

1932 4815 2048 4872 que
2079 4802 2133 4853 et
2182 4791 2584 4868 quadraginta
2620 4786 2959 4844 christianas
2999 4781 3438 4872 superstitionis
3476 4779 3596 4834 cul-

1937 4867 2108 4952 tores,
2152 4867 2609 4956 imperatoribus
2648 4875 2930 4946 Augustis
2979 4869 3268 4934 reluctati,
3323 4867 3436 4923 diis
3469 4883 3595 4924 non

1938 4975 2351 5036 immolarunt,
2369 4970 2564 5043 primo
2577 4966 2822 5039 quidem
2834 4959 3198 5034 bipennibus
3212 4959 3597 5029 amputentur

1945 5081 2158 5122 manus
2189 5079 2258 5120 ac
2284 5060 2489 5134 pedes,
2518 5057 2653 5113 dein
2688 5053 2810 5125 igni
2831 5051 3163 5114 tradantur,
3196 5051 3252 5102 et
3277 5045 3414 5134 Lyci
3434 5045 3600 5134 ﬂuvii

1945 5155 2122 5212 undis
2151 5133 2420 5225 pereant.
2453 5144 2693 5203 Ministri
2723 5145 2926 5198 autem
2954 5139 3190 5195 sanctos
3219 5133 3392 5192 humi
3422 5133 3602 5190 collo-

1941 5248 2166 5306 cantes,
2200 5240 2330 5295 sine
2383 5251 2552 5292 mora
2591 5231 2874 5289 membris
2917 5229 3293 5284 truncarunt:
3345 5237 3606 5296 quorum

1940 5334 2038 5390 alii
2084 5333 2144 5387 in
2174 5343 2327 5402 pyra
2358 5325 2602 5382 ardente
2639 5315 3078 5390 sanguinolenti
3121 5314 3392 5370 animam
3427 5311 3607 5368 exha-

1947 5503 2088 5635 Gl(5)
2133 5499 2336 5581 Latine
2383 5495 2676 5568 princeps,
2704 5492 2779 5549 de
2809 5505 2933 5564 quo
2967 5487 3224 5559 Cangius
3255 5485 3319 5542 in
3354 5487 3612 5552 utroque

2017 5585 2276 5634 ossario.

2017 5585 2276 5634 08881‘10.
