4114 6262
537 314 641 370 343

537 441 770 499 labant:
803 439 900 497 alii
924 455 1063 496 vero
1094 437 1290 495 adhuc
1322 435 1648 509 spirabant.
1674 433 1830 488 Inter
1865 445 2017 502 quos
2048 426 2182 482 Ani-
2213 428 2252 481 A

540 536 722 596 cetus,
751 529 1186 600 contemplatus
1228 527 1478 582 fractum
1507 539 1634 580 esse
1667 538 1802 577 crus
1835 534 2031 580 suum,
2058 532 2180 571 non

541 636 779 693 prorsus
794 619 1154 685 abscissum,
1179 616 1280 670 sed
1299 614 1635 671 deformiter
1655 616 1892 673 tortum,
1918 604 2181 676 corporis

543 710 631 764 sui
673 708 830 764 mala
894 707 1115 771 ridens,
1164 705 1339 759 dixit:
1401 703 1633 767 Adeste,
1706 699 1933 760 fratres,
1991 693 2182 748 videte

540 797 750 854 falcem
783 794 1154 864 frugiferam:
1191 798 1368 863 atque
1409 791 1489 846 illi
1512 789 1688 846 simul
1720 804 1852 843 cum
1880 787 2012 856 ipso
2041 797 2177 850 gau-

540 883 782 941 debant.
820 884 892 939 At
938 887 1175 938 sanctus
1214 881 1533 950 Sisinnius,
1578 879 1776 934 fractis
1833 873 2075 942 organis
2129 873 2184 924 et

541 990 762 1044 magno
804 973 1133 1043 praecordia
1163 972 1569 1028 inﬂammatus
1593 973 1753 1031 tetu,
1788 980 1907 1036 prae
1943 962 2030 1016 isti
2065 959 2186 1012 dis-

542 1062 935 1125 cruciabatur,
957 1077 1025 1117 ac
1044 1061 1338 1116 volutatus
1356 1060 1416 1114 in
1431 1059 1758 1128 subjectam
1779 1057 2002 1124 petram
2017 1046 2180 1103 haud

542 1151 747 1222 procul
776 1151 852 1206 ab
884 1151 1012 1204 aliis
1044 1149 1280 1213 sanctis,
1318 1152 1522 1218 aperto
1549 1161 1668 1209 ore,
1704 1141 2022 1197 Dominum
2054 1151 2184 1190 ora-

543 1241 642 1303 vit,
673 1240 898 1294 dicens:

1935 300 2192 358 MENSlS
2230 297 2496 355 JULIUS.

3812 289 3932 348 344

2291 430 2380 478 καὶ
2413 425 2643 498 ἐμελιζον
2682 424 2729 477 ἐν
2761 419 2992 495 σπουδᾷ
3035 427 3124 474 καὶ
3171 423 3219 472 οἱ
3249 422 3337 492 μὲν
3367 427 3465 470 τῶν
3507 417 3688 489 ἁγίων,
3763 414 3823 467 ἐν
3857 423 3927 486 τῇ

2293 521 2435 588 πυρᾷ
2538 522 2627 566 τοῦ
2730 515 2997 573 καύσωνος
3079 510 3526 581 ἐξαιματωθέντες,
3615 502 3929 559 ἀπέδωκαν

2293 605 2386 660 τας
2437 601 2642 672 ψυχάςο
2696 605 2744 653 οἱ
2794 599 2852 654 δὲ
2894 605 2967 652 ἔτι
3008 600 3301 672 ἐμπνέοντες
3352 594 3506 662 ἦσαν,
3556 595 3604 647 ἐν
3637 598 3721 655 οἷς
3759 600 3866 645 καὶ
3903 596 3928 644 ὁ

2292 689 2439 759 ἅγιος
2492 691 2756 751 Ἀνίκητος
2821 691 3131 761 θεασάμενος
3177 691 3262 740 τόν
3316 690 3479 758 μηρὸν
3534 685 3700 736 αὐτοῦ
3774 682 3928 734 κλα-

2297 781 2500 843 σθέντα,
2535 780 2591 830 οὐ
2629 785 2783 831 παντὶ
2833 777 2891 831 δὲ
2951 780 3227 850 τμηθέντα,
3291 776 3417 827 ἀλλά
3475 773 3748 848 στρεϐλῶς
3813 777 3932 824 κεί-

2297 887 2462 937 μενον,
2548 869 2840 938 καταγελῶν
2916 875 3006 919 τοῦ
3085 872 3326 938 σώματος
3409 866 3589 927 αὐτοῦ,
3710 863 3923 930 ὓ.εγεν·

2297 962 2461 1025 Δεῦτε,
2510 954 2667 1021 ἴδετε,
2718 953 2953 1028 ἀδελφοὶ,
3004 952 3262 1030 δρεπάνην
3315 958 3595 1027 καρπικήν’
3660 954 3770 1002 καὶ
3826 951 3929 1001 αὐ-

2295 1050 2377 1096 τοὶ
2410 1043 2466 1097 ὃὲ
2510 1047 2645 1116 αὐτῷ
2693 1044 3175 1120 συνεφαιὸρύνοντο.
3223 1045 3280 1096 Ὁ
3326 1040 3386 1096 δὲ
3423 1043 3568 1115 ἅγιος
3617 1046 3924 1102 Σισίυνιος,

2297 1140 2567 1206 κατεαγεὶς
2632 1139 2697 1188 τὰ
2782 1136 2958 1200 σκέλη,
3043 1140 3132 1187 καὶ
3218 1130 3426 1206 σφοδρα
3516 1131 3926 1202 καταφλεχθεὶς

2297 1225 2362 1272 τά
2428 1227 2618 1294 ἔγκατα
2674 1225 2728 1277 ἐκ
2812 1233 2905 1286 τῆς
2991 1222 3174 1294 δίψης,
3261 1225 3552 1293 κατεσύρη,
3629 1220 3928 1279 κυλισθείς

543 1328 612 1389 εἰς
662 1332 755 1385 τήν
803 1329 1137 1396 ὑποκειμένην
1194 1328 1378 1398 πέτραν
1436 1323 1494 1374 οὐ
1552 1322 1753 1392 μακρὰν
1808 1325 1906 1368 τῶν
1955 1313 2116 1365 ἄλλων
2167 1310 2348 1380 ἁγίων,
2400 1318 2489 1365 καὶ
2541 1313 2748 1377 ἀνοίξας
2791 1318 2847 1365 τό
2899 1318 3070 1386 στόμα
3116 1313 3274 1365 αὐτοῦ
3316 1309 3505 1369 ἐδεήθη
3549 1318 3638 1362 του
3670 1310 3923 1380 Κυρίου,

539 1416 718 1488 λέγων.

618 1506 776 1560 ΧΧΙΙ.
813 1503 1076 1568 Domine,
1115 1503 1408 1558 donorum
1457 1512 1815 1567 magnorum
1865 1494 2054 1556 dator,
2087 1487 2188 1559 qui
2222 1488 2264 1539 Β

547 1594 986 1650 multitudinem
1014 1590 1202 1662 plebis
1234 1606 1301 1646 ac
1329 1587 1532 1660 populi
1565 1585 1860 1641 sitientem
1891 1581 2193 1653 praerupta

545 1700 574 1738 e
604 1700 750 1754 rupe
778 1684 1002 1753 potasti,
1036 1683 1135 1752 qui
1165 1679 1426 1735 Rubrum
1448 1692 1609 1732 mare
1635 1673 1901 1730 bifariam
1935 1667 2188 1730 secuisti,

547 1777 606 1827 ut
639 1772 896 1843 populus
926 1786 955 1825 e
978 1770 1258 1825 manibus
1297 1766 1480 1838 iniqui
1508 1765 1860 1836 eriperetur;
1906 1760 2007 1831 qui
2038 1762 2192 1812 cata-

543 1864 738 1917 ractas
791 1860 918 1915 coeli
961 1858 1264 1928 aperuisti;
1305 1856 1409 1928 qui
1459 1853 1715 1910 evocasti
1748 1866 1938 1923 aquas
1987 1847 2188 1909 maris,

545 1954 601 2004 et
630 1949 885 2004 effudisti
917 1947 1047 2003 illas
1080 1947 1138 2002 in
1168 1946 1375 2001 faciem
1410 1945 1696 1998 universae
1725 1945 1891 1996 terrm
1919 1958 1930 2007 ;
1960 1937 2064 2009 qui
2095 1936 2186 1990 be-

547 2037 822 2092 nedixisti
856 2052 1065 2108 aquas,
1087 2051 1222 2106 quae,
1245 2038 1381 2089 sunt
1400 2033 1460 2088 in
1481 2031 1758 2094 Jordane,
1792 2045 1897 2100 per
1923 2029 2190 2082 sanctum

546 2125 842 2196 baptisma
867 2130 1065 2190 tuum;
1097 2123 1199 2195 qui
1230 2123 1463 2177 dixisti:
1496 2124 1614 2190 Ego
1646 2136 1777 2174 sum
1806 2133 1964 2189 aqua
1990 2117 2190 2175 viva";

547 2219 778 2286 petram
831 2213 984 2268 hanc
1031 2211 1209 2282 aperi,
1269 2226 1491 2282 aquam
1557 2207 1814 2272 effunde,
1868 2204 2190 2278 pauxillum

547 2305 722 2374 potus
761 2301 904 2356 mihi
936 2300 1161 2372 praebe:
1211 2303 1268 2355 et
1309 2316 1377 2354 ex
1431 2298 1544 2352 hoc
1585 2312 1941 2365 cognoscam
1999 2294 2044 2347 si
2085 2308 2194 2347 nos

545 2390 778 2460 diligas,
800 2397 852 2446 et
873 2389 1096 2460 sidigni
1118 2389 1323 2450 simus,
1347 2387 1730 2458 Domine,qui
1756 2391 1806 2441 te
1826 2385 2192 2439 invocemus.

547 2480 744 2534 Cernis
795 2477 974 2546 enim,
1018 2491 1372 2548 compagem
1429 2475 1687 2545 corporis
1727 2474 1913 2528 nostri
1953 2487 2195 2527 onmem

549 2571 966 2636 consumptam
1001 2570 1056 2620 et
1083 2564 1283 2619 aridos
1317 2580 1424 2618 nos
1470 2579 1596 2617 esse
1641 2567 1926 2632 tanquam
1961 2564 2193 2614 testam.

548 2654 648 2709 Illo
693 2655 821 2709 haec
854 2657 1061 2709 orante
1108 2655 1166 2707 in
1198 2657 1386 2724 petra,
1415 2653 1623 2722 ingens
1653 2667 1682 2704 e
1727 2655 1893 2721 petra
1927 2663 2195 2702 murmur

556 2743 844 2805 insonuit,
891 2747 946 2797 et
976 2741 1250 2812 strepitus
1303 2756 1627 2812 aquarum:
1686 2743 1980 2810 ruptaque
2031 2741 2198 2806 petra

2378 1491 2492 1542 KB'.
2548 1495 2703 1565 Κύριε
2760 1489 3113 1564 μεγαλόδωρε,
3170 1493 3194 1542 ό
3264 1494 3318 1542 ἐκ
3368 1494 3554 1562 πέτρας
3601 1487 3921 1559 ἀκροτόμου

2305 1575 2472 1649 δῆμον
2515 1585 2676 1652 μέγαν
2728 1587 2818 1633 καὶ
2851 1581 2972 1632 λαὸν
3007 1578 3246 1650 διψῶντα
3273 1583 3518 1642 ποτίσας,
3572 1578 3596 1627 ὁ
3653 1578 3774 1636 θεὶς
3829 1579 3923 1632 τήν

2305 1669 2554 1742 Ἐρυθρὰν
2588 1670 2856 1722 θάλασσαν
2887 1676 3136 1742 τμήματα
3183 1666 3298 1734 δύο,
3335 1670 3415 1719 ἵνα
3453 1668 3477 1718 ό
3511 1671 3600 1728 σὸς
3633 1665 3776 1726 λαὸς
3817 1663 3922 1716 ἀπὸ

2303 1767 2496 1829 χειρῶν
2547 1758 2738 1831 ἀνόμου
2795 1761 2990 1833 ῥυσθῇ,
3055 1761 3080 1810 ό
3136 1758 3341 1820 ἀνοίξας
3399 1760 3517 1818 τοὺς
3567 1757 3923 1826 καταράκτας

2304 1855 2394 1896 τοῦ
2425 1847 2666 1920 οὐρανοῦ,
2716 1851 2740 1899 ό
2793 1847 3247 1920 προσκαλούμενος
3274 1851 3331 1899 τὸ
3379 1841 3521 1919 ὕδωρ
3567 1852 3662 1906 τῆς
3716 1843 3923 1896 θαλάσ-

2307 1954 2420 1999 σης,
2483 1941 2572 1988 καὶ
2653 1936 2844 2008 ἐκχέων
2925 1937 3051 1989 αὐτὸ
3119 1936 3202 1988 ἐπὶ
3253 1940 3530 2008 πρόσωπον
3583 1934 3776 1994 πάσης
3833 1942 3925 1993 τῆς

2302 2033 2416 2094 γῆς,
2449 2027 2473 2076 ὁ
2505 2025 2793 2097 εὐλογήσας
2838 2028 2903 2077 τὰ
2949 2023 3122 2078 ὕδατα
3170 2028 3217 2078 ἐν
3271 2033 3342 2095 τῷ
3395 2019 3634 2096 Ἰορδάνῃ
3684 2019 3795 2074 διὰ
3834 2029 3922 2073 τοῦ

2304 2113 2454 2184 ἁγίου
2516 2134 2608 2166 σου
2685 2114 3073 2187 βαπτίσματος,
3136 2117 3161 2166 ὁ
3238 2115 3410 2166 εἰπών·
3490 2115 3622 2184 Ἐγῶ
3682 2112 3806 2183 εἰμι
3868 2115 3920 2161 τὸ

2304 2200 2447 2277 ὕδωρ
2501 2209 2558 2256 τὸ
2615 2206 2766 2265 ζωόν
2815 2203 3073 2267 ὃιάνοιξον
3127 2211 3220 2263 τὴν
3287 2210 3474 2276 πέτραν
3537 2206 3762 2267 ταύτην,
3834 2189 3918 2252 καί

2306 2295 2485 2364 ἔκχεον
2539 2291 2705 2368 ὕδωρ,
2753 2300 2835 2347 xui
2896 2300 3108 2348 πότισόν
3160 2315 3222 2364 με
3271 2298 3478 2367 μικρὸν,
3527 2298 3613 2345 xui
3648 2293 3699 2344 ἐν
3753 2295 3917 2362 τούτῳ

2305 2389 2575 2455 γνώσομαι
2625 2384 2668 2435 εἰ
2700 2386 2984 2454 ἠγάπησας
3025 2387 3179 2456 ἡμᾶς,
3222 2388 3311 2435 καὶ
3356 2384 3397 2435 εἰ
3437 2383 3577 2445 ἄξιοί
3607 2382 3768 2454 ἐσμεν
3824 2390 3915 2442 τῆς

2311 2480 2409 2531 σῆς
2437 2473 2776 2537 ἐπικλήσεως,
2829 2479 3082 2528 Δέσποτα.
3130 2474 3282 2547 Ὀρᾷς
3325 2477 3425 2544 γάρ
3477 2475 3555 2524 ὅτι
3604 2478 3755 2523 πᾶσα
3808 2491 3911 2527 πη-

2307 2564 2446 2631 γμὰς
2492 2568 2581 2613 τοῦ
2642 2568 2883 2634 σώματος
2941 2566 3085 2635 ἡμῶν
3145 2559 3527 2625 ἐξεδαπανήθη,
3594 2581 3681 2612 και
3762 2560 3907 2633 ξηροὶ

2307 2655 2586 2722 γεγόναμεν
2635 2653 2706 2711 ὡς
2743 2655 3016 2724 ὄστρακον,
3077 2651 3193 2704 Ἔτι
3264 2649 3321 2704 δὲ
3379 2653 3564 2702 τούτου
3623 2649 3901 2720 εὐχομένου

2309 2737 2358 2788 ἐν
2413 2747 2473 2810 τῇ
2536 2743 2696 2813 πέτρα
2750 2741 2958 2813 ἄθρουν,
3016 2745 3228 2812 ταραχή
3306 2760 3381 2800 τις
3432 2743 3633 2810 γέγονεν
3695 2738 3742 2788 ἐκ
3799 2745 3892 2797 τῆς

550 2831 759 2886 efludit
787 2846 1010 2902 aquam
1051 2829 1364 2900 limpidam
1398 2846 1466 2885 ac
1518 2828 1793 2893 nitidam,
1827 2843 1958 2899 quae
1991 2825 2049 2879 in
2094 2825 2194 2880 ho-

2310 2831 2516 2901 πέτρας,
2574 2833 2662 2880 καὶ
2716 2828 2916 2901 βόμϐος
2971 2826 3185 2892 ὕδατος
3246 2835 3334 2881 καὶ
3381 2830 3666 2903 ραγείσαὴ
3730 2829 3881 2896 πέτρα

549 2919 825 2975 diernum
887 2935 1070 2990 usque
1123 2918 1281 2973 diem
1360 2921 1696 2990 spectatur:
1753 2919 1811 2971 et
1873 2919 2194 2985 postquam

549 3011 790 3064 sanctus
860 3007 1147 3063 Sisinnius
1190 3007 1456 3072 bibisset,
1502 3005 1800 3061 benedixit
1857 3005 2061 3066 Deum,
2111 3003 2194 3057 di-

549 3113 726 3160 cens;
761 3097 1045 3152 Benedico
1075 3101 1146 3162 te,
1181 3096 1447 3157 Domine,
1480 3095 1642 3166 quod
1675 3093 1942 3150 animam
1971 3091 2196 3148 satiasti

550 3187 813 3242 inanem.
851 3186 1042 3240 Laudo
1089 3191 1163 3251 te,
1205 3188 1338 3250 Rex,
1371 3191 1426 3239 et
1452 3184 1732 3254 gloriﬁco,
1780 3183 1881 3254 qui
1913 3181 2197 3236 exsistens

551 3281 688 3331 ante
715 3274 948 3344 sacula,
995 3279 1169 3329 natus
1195 3290 1256 3328 es
1287 3290 1316 3329 e
1361 3275 1611 3344 Deipara
1644 3273 1835 3336 Maria,
1881 3271 2037 3342 quia,
2075 3276 2198 3324 tan-

548 3379 732 3436 quam
758 3379 905 3436 puer
943 3380 1048 3435 per
1076 3364 1164 3419 lac
1207 3363 1433 3427 matris,
1493 3377 1597 3433 per
1639 3377 1786 3432 Opus
1837 3359 2001 3431 quod
2065 3374 2199 3413 con-

548 3452 748 3507 didisti
776 3457 1073 3508 saturatus
1106 3469 1261 3508 sum.

619 3541 799 3596 XXIII.
835 3541 1065 3610 Largire
1107 3540 1247 3596 mihi
1279 3544 1335 3596 et
1363 3539 1579 3596 sanctis
1617 3539 1898 3595 fratribus
1921 3553 2197 3593 consum-

550 3645 715 3685 mare
759 3645 1002 3684 cursum
1034 3629 1092 3684 in
1122 3633 1221 3684 tua
1262 3629 1448 3699 gratia
1487 3633 1543 3684 et
1585 3643 1718 3699 spe;
1754 3632 1810 3684 et
1839 3626 2008 3683 sicuti
2051 3627 2199 3681 inter

547 3733 658 3772 nos
705 3718 849 3772 uniti
882 3718 1094 3773 animis
1127 3717 1346 3772 fuimus
1393 3723 1754 3783 constanter,
1800 3719 1880 3773 ita
1919 3715 2200 3771 uniamur

545 3805 802 3862 ossibus.
829 3806 967 3876 Opis
998 3809 1115 3860 tuae
1146 3806 1400 3875 indigos,
1436 3811 1608 3876 teque
1639 3809 1841 3860 nostro
1868 3805 2198 3860 interventu

543 3894 906 3962 invocantes,
941 3893 1137 3948 statim
1169 3893 1404 3958 exaudi,
1444 3893 1708 3957 Domine,
1743 3893 1802 3946 in
1835 3908 2197 3964 quacunque

543 3982 894 4037 necessitate
925 3986 982 4036 et
1029 3981 1392 4050 indigentia:
1425 3982 1704 4053 quamvis
1739 3983 1796 4036 in
1849 3985 2197 4052 paupertate

545 4069 1133 4141 quisquamexsistat,
1162 4069 1437 4142 quamvis
1459 4071 1517 4126 in
1550 4070 1830 4126 viduitate
1857 4068 2193 4133 elorbitate,

2309 2914 2572 2977 ἐξέϐλυσεν
2613 2915 2755 2991 ὕδωρ
2811 2915 3006 2980 διειδές
3055 2938 3109 2970 τε
3139 2924 3227 2970 καὶ
3276 2917 3452 2981 καλὸν,
3487 2920 3608 2991 ὅπερ
3641 2918 3885 2989 θεωρεῖται

2306 3010 2468 3079 μέχρι
2538 3015 2632 3067 τῆς
2691 3013 2933 3081 σήμερον·
2985 3013 3074 3060 καὶ
3155 3013 3283 3061 πιὼν
3343 3010 3368 3059 ὁ
3426 3008 3574 3078 ἅγιος
3654 3010 3896 3063 Σισίννιος

2309 3094 2575 3165 ηὐλόγωσε
2640 3099 2726 3147 τὸν
2782 3101 2910 3150 Θεὸν
2958 3097 3134 3168 λέγων·
3193 3097 3357 3169 Ὑμνῶ
3428 3115 3504 3164 σε,
3564 3099 3740 3170 Κύριε,
3826 3096 3898 3145 ὅτι

2309 3182 2605 3254 ἐχόρτασας
2631 3185 2816 3256 ψυχὴν
2866 3191 3035 3242 κενήν.
3093 3187 3229 3239 Αἰνῶ
3272 3205 3347 3251 σε,
3405 3185 3645 3258 βασιλεῦ,
3700 3189 3787 3235 καὶ
3820 3180 3900 3235 δο-

2309 3273 2502 3342 ξολογώ
2558 3276 2644 3324 τόν
2711 3280 3016 3346 προαιώνιον
3082 3276 3336 3346 τεχθέντα
3397 3274 3450 3325 ἐκ
3505 3284 3596 3336 τῆς
3651 3279 3901 3327 Θεοτόκου

2310 3365 2534 3432 Μαρίας,
2577 3364 2657 3413 ὅτι
2709 3361 2986 3434 ἐκορέσθην
3035 3372 3127 3416 τοῦ
3178 3373 3273 3416 σοῦ
3318 3369 3625 3436 κτίσματος,
3675 3366 3900 3436 καθάπερ

2310 3447 2522 3502 παιδίον
2561 3450 2696 3520 γάλα
2735 3457 2948 3524 μητρός.

2382 3537 2497 3592 ΚΓ.
2559 3539 2891 3602 Καταξίωσόν
2950 3560 3011 3612 με
3061 3547 3149 3594 καὶ
3195 3545 3314 3604 τοὺς
3355 3544 3704 3613 ἡγιασμένους
3755 3539 3897 3594 ἀδελ-

2310 3630 2428 3700 φούς
2477 3648 2574 3700 μου
2631 3629 2958 3688 τελειωθῆναι
3012 3639 3072 3703 τῇ
3129 3639 3193 3702 σῇ
3242 3635 3431 3705 χάριτι
3473 3636 3561 3684 καὶ
3594 3628 3786 3683 ἐλπίδι’
3816 3635 3888 3681 καὶ

2309 3719 2480 3791 ὥσπερ
2530 3720 2797 3789 ήνώθημεν
2847 3727 2964 3781 ταῖς
3027 3719 3259 3791 ψυχαῖς·
3301 3717 3653 3780 ἀὸιστάκτως,
3722 3721 3888 3772 ἑνωθῶ-

2308 3825 2396 3876 μεν
2450 3812 2534 3859 καὶ
2585 3814 2686 3867 τοῖς
2737 3808 2955 3869 ὀστέοις·
3017 3813 3107 3861 καὶ
3159 3817 3254 3860 τῶν
3307 3815 3492 3884 χρείαν
3537 3809 3765 3881 ἐχόντων
3822 3816 3898 3866 τῆς

2313 3903 2410 3954 σῆς
2459 3894 2722 3966 βοηθείας,
2777 3902 2867 3949 καὶ
2920 3897 3345 3968 παρακολούντων
3403 3919 3460 3951 σε
3510 3895 3581 3951 δι’
3627 3901 3773 3971 ἡμῶν
3824 3918 3902 3950 τα-

2308 4002 2442 4053 χεως

2308 4076 2485 4143 χρείᾳο
2520 4072 2688 4124 xciva
2741 4079 2908 4147 πενίᾳ,
2961 4096 3040 4137 τις
3070 4075 3308 4149 ὐπάρχῃ,
3353 4079 3447 4129 xciv
3499 4077 3546 4129 ἐν
3593 4082 3792 4151 χηρείᾳ
3821 4081 3898 4129 καὶ

2517 3982 2825 4049 ἐπάκουσον,
2905 3989 3079 4058 Κύριε,
3142 3986 3188 4038 ἐν
3261 3987 3453 4060 ἑκάστη
3535 3987 3732 4060 ἀνάγκη
3822 3991 3904 4039 καὶ

547 4157 826 4229 quamvis
855 4160 915 4213 in
934 4158 1430 4230 peregrinatione,
1467 4161 1742 4232 quamvis
1768 4161 1825 4214 in
1855 4158 2194 4215 inﬁrmitate

2308 4159 2545 4234 ὀρφανία,
2579 4163 2672 4213 xciv
2726 4162 2772 4214 ἐν
2823 4161 3118 4238 ἀποδημίᾳ,
3152 4167 3247 4217 xciv
3287 4165 3334 4218 ἐν
3385 4165 3621 4240 ἀσθενείᾳ
3669 4172 3904 4239 σώματος

543 4247 808 4319 corporis
861 4252 919 4303 et
948 4249 1187 4314 animae,
1221 4249 1496 4320 quamvis
1541 4249 1600 4304 in
1631 4265 1745 4305 aere
1778 4249 1972 4306 alieno
2017 4253 2072 4304 et
2101 4264 2194 4304 ca-

537 4335 801 4402 lumniis,
843 4337 1121 4407 quamvis
1163 4337 1221 4393 in
1254 4338 1471 4394 acerba
1496 4337 1795 4404 servitute,
1835 4338 2104 4409 quamvis
2134 4337 2193 4392 in

539 4423 856 4479 hominum
897 4429 998 4479 aut
1018 4426 1319 4495 pecudum
1374 4425 1751 4494 contagione,
1802 4425 2072 4496 quamvis
2133 4426 2193 4483 in
2213 4464 2226 4490 ,-

541 4511 694 4567 mari
719 4511 1036 4583 quisquam
1052 4513 1128 4566 sit
1153 4511 1499 4582 naufragus,
1543 4515 1820 4584 quamvis
1861 4515 2193 4587 deniquein

543 4599 677 4657 aliis
725 4614 924 4655 rerum
977 4601 1314 4671 temporum
1370 4617 1435 4657 ac
1467 4601 1735 4658 locorum
1772 4603 2097 4672 adjunctis;
2133 4609 2194 4660 tu

542 4687 731 4754 illum,
762 4690 896 4751 Rex,
930 4703 1036 4760 per
1066 4703 1175 4744 nos
1202 4690 1608 4762 interpellatus
1631 4691 1828 4747 statim
1859 4693 2097 4758 exaudi,
2132 4699 2195 4749 ut

540 4781 908 4846 cognoscant
947 4793 1157 4834 omnes
1204 4779 1407 4835 mundi
1448 4779 1628 4851 hujus
1668 4780 1897 4846 incolae,
1941 4782 2193 4839 multum

540 4882 650 4922 nos
676 4865 844 4934 diligi
877 4866 987 4922 abs
1019 4871 1092 4934 te,
1129 4870 1185 4924 et
1213 4867 1501 4935 exaudiri,
1531 4884 1599 4924 ac
1632 4869 1790 4924 malo
1822 4870 2062 4928 cuilibet
2094 4872 2196 4930 ﬁat

541 4970 700 5026 aqua
731 4955 858 5010 haec
891 4955 952 5010 in
987 4955 1305 5019 medelam,
1348 4972 1490 5012 nam
1524 4957 1600 5012 ad
1632 4958 2071 5016 invocationem
2111 4963 2194 5017 tui

539 5041 1206 5108 ebulliit,etinnovatum
1224 5049 1491 5100 estvetus
1511 5046 1856 5101 miraculum
1870 5048 1927 5104 in
1942 5049 2191 5120 gloriam

541 5129 746 5195 Patris,
786 5135 840 5186 et
894 5131 1035 5201 Filii,
1079 5138 1147 5207 et
1192 5133 1442 5206 Spiritus
1495 5135 1703 5200 sancti,
1754 5135 1816 5191 in
1847 5137 2089 5194 laudem
2140 5145 2196 5197 et

541 5219 895 5273 memoriam
922 5225 1256 5292 martyrum
1289 5226 1522 5279 tuorum
1555 5223 1820 5295 quinque
1853 5229 1909 5282 et
1936 5228 2195 5298 quadra-

541 5302 723 5371 ginta.

614 5391 787 5443 XXIV.
847 5394 1033 5462 Atque
1078 5397 1190 5452 hoc
1246 5404 1450 5456 orante
1497 5401 1554 5454 in
1586 5404 1770 5472 petra,
1807 5401 2043 5469 milites,
2087 5406 2187 5476 qui

613 5547 632 5579 τ
661 5547 828 5602 Joan.
861 5564 932 5613 tv,
975 5552 1052 5603 I0.

2305 4253 2392 4302 xui
2449 4251 2653 4323 ψυχῆς,
2713 4258 2802 4305 καὶ
2860 4253 2909 4305 ἐν
2970 4259 3174 4327 χρέεσι,
3225 4260 3314 4308 καὶ
3369 4261 3756 4328 συκοφαντίαις,
3816 4255 3902 4308 κᾶν

2305 4339 2352 4390 ἐν
2405 4347 2567 4415 πικρᾷ
2617 4338 2846 4408 δουλεία,
2905 4344 2999 4394 κᾶν
3052 4343 3099 4395 ἐν
3145 4346 3312 4416 φθορᾷ
3359 4344 3638 4419 ἀνθρώπων
3669 4346 3699 4404 ἦ
3738 4346 3898 4410 ζώων,

2305 4430 2398 4480 xciv
2452 4429 2499 4481 ἐν
2561 4430 2795 4504 θαλάσσῃ
2846 4438 3226 4506 χειμαςόμενός
3279 4455 3358 4496 τις
3410 4438 3509 4504 εἴη,
3558 4435 3651 4487 κᾶν
3682 4434 3732 4488 ἐν
3773 4435 3892 4506 ἄλλῃ

2303 4521 2608 4591 περιστάσει
2651 4523 2961 4595 προσαχθῇ,
3017 4525 3102 4586 σὺ,
3152 4523 3386 4593 Βασιλιῦ,
3424 4521 3495 4576 δι’
3546 4526 3691 4597 ἡμῶν
3735 4527 3891 4597 παρά-

2303 4607 2487 4664 κλησιν
2537 4613 2678 4680 ταχύ
2737 4608 3044 4680 ἐπάκουσον,
3093 4612 3175 4664 ἵνα
3224 4621 3388 4684 γνῶσι
3437 4616 3623 4676 πάντες
3671 4616 3719 4666 οἱ
3769 4616 3900 4667 κατὰ

2304 4701 2396 4754 τήν
2481 4697 2804 4770 οἰκουμένην,
2869 4700 2949 4751 ὅτι
3013 4699 3141 4753 πολὺ
3212 4703 3498 4774 ἠγάπησας
3591 4704 3752 4774 ἡμᾶς,
3816 4707 3900 4756 καὶ

2305 4783 2504 4846 ἀκούεις
2578 4789 2742 4858 ἡμῶν·
2824 4794 2912 4841 καὶ
2990 4793 3047 4842 τὸ
3118 4786 3260 4864 ὕδωρ
3338 4798 3488 4844 τοῦτο
3551 4794 3776 4862 γενέσθω
3838 4793 3899 4853 εἰς

2303 4876 2444 4925 ἴασιν
2489 4873 2536 4926 ἐν
2576 4880 2730 4928 παντὶ
2782 4879 2953 4930 πάθεν
3011 4886 3075 4950 σῇ
3131 4881 3231 4953 γὰρ
3281 4878 3551 4938 ἐπικλήσει
3599 4880 3892 4954 ἐξόμϐρισε,

2302 4968 2391 5015 καὶ
2468 4964 2682 5016 παλαιὸν
2766 4968 2940 5038 θαῦμα
3011 4966 3228 5040 ἀνεφάνη
3311 4969 3378 5029 εἰς
3454 4966 3610 5032 δόξαν
3672 4973 3889 5043 Πατρός,

2302 5057 2391 5104 καὶ
2447 5055 2589 5119 Υὶοῡ,
2666 5061 2754 5106 καὶ
2830 5055 2980 5127 ἁγίου
3054 5060 3366 5129 Πνεύματοςο
3426 5061 3630 5111 ἐπαινον
3689 5055 3748 5110 δὲ
3804 5063 3891 5111 xui

2302 5146 2475 5213 μνείαν
2532 5151 2629 5193 τῶν
2699 5148 2973 5219 μαρτύρων
3050 5165 3142 5198 σου
3194 5155 3290 5198 τῶν
3349 5151 3493 5200 πέντε
3535 5152 3624 5200 xui
3697 5167 3884 5201 τεσσα-

2301 5248 2545 5304 ρακοντα.

2373 5406 2486 5460 ΚΔ’.
2523 5414 2619 5461 Καὶ
2666 5411 2849 5462 τούτου
2891 5410 3171 5483 εὐχομένου
3207 5411 3252 5464 ἐν
3301 5419 3362 5484 τῇ
3394 5416 3574 5485 πέτρᾳ,
3627 5415 3679 5464 οἱ
3721 5433 3882 5488 στρα-
