4114 6262
205 309 315 364 345

1268 309 1706 368 MARTYRIUM
1746 303 1849 362 SS.
1891 306 2033 363 XLV
2071 312 2510 376 MARTYRUM.
3459 319 3562 379 346

205 418 416 474 τιῶται,
471 411 754 470 καύσαντες
811 410 1024 482 κάμινον
1075 410 1121 462 ἓν
1172 418 1236 484 τῇ
1269 417 1422 486 χώρᾳ
1473 411 1692 470 πλησίον
1721 415 1812 468 τῆς

1925 412 2318 472 accenderant
2375 433 2586 490 pyram
2635 419 2696 474 in
2750 433 2965 492 campo
3014 435 3200 492 prope
3243 418 3560 486 civitatem,

210 501 423 567 πόλεως,
465 505 554 552 καὶ
605 499 676 560 εἰς
727 498 855 569 ὕψος
901 499 1172 574 θρέψαντες
1213 500 1382 563 ξύλοις
1438 504 1495 552 τὸ
1541 507 1667 571 πῦρ,
1721 503 1810 549 καὶ

215 597 524 648 ποιήσαντες
577 590 756 660 ὁμοίαν
811 597 902 648 τῆς
987 589 1328 652 Βαϐυλωνίας,
1389 586 1540 647 ἦλθον
1624 587 1811 659 ἐπᾶραι

219 679 423 739 αὐτούς·
475 683 562 730 καὶ
617 681 838 740 ζητοῦσι
881 679 966 728 τόν
1009 679 1247 751 αριθμὸν,
1297 682 1386 730 καὶ
1425 680 1450 730 ό
1501 678 1566 736 εἷς
1597 676 1805 728 ἔλειπεν.

217 768 276 820 Ὀ
311 765 368 820 δὲ
405 768 544 838 ἅγιος
595 771 842 826 Σισίννιος
889 765 1073 823 ἐϐόησε
1119 771 1294 837 λέγων.
1345 763 1478 818 Ὧδέ
1523 766 1647 837 εἰμι.
1681 761 1812 816 Ὧδέ

222 857 338 928 εἰμι.
377 855 638 916 Ἐλθόντες
691 851 748 906 δὲ
797 859 886 906 καὶ
939 853 1216 929 ἀπάραντες
1273 860 1358 908 καὶ
1419 863 1618 920 τοῦτον,
1680 857 1807 923 ἤγα-

219 965 306 1016 γον
359 943 442 995 ἐπὶ
489 949 547 996 τό
595 952 717 1017 πῦρ.
773 948 870 997 Καὶ
919 943 1156 1014 λέγουσιν
1200 947 1247 996 οἱ
1297 945 1438 1016 ἅγιοι
1485 943 1799 1016 όμοψύχως⁶

223 1053 250 1084 ‹‹
288 1035 374 1094 Εἰς
421 1036 601 1104 χεῖράς
645 1053 760 1098 σου,
809 1035 985 1107 Κύριε,
1039 1037 1453 1105 παραθησόμεθα
1504 1037 1591 1093 τὰς
1629 1033 1810 1103 ψυχὰς

217 1125 383 1195 ἡμῶν·
421 1145 448 1174 ››
479 1127 586 1188 καὶ,
625 1143 648 1172 (ε
685 1121 969 1193 Εὖλογητὸς
1001 1125 1208 1194 Κύριος,
1241 1125 1294 1186 ὃς
1331 1124 1423 1175 οὐκ
1453 1120 1639 1175 ἔδωκεν
1671 1124 1811 1192 ἡμᾶς

221 1212 292 1272 εἰς
318 1214 478 1284 θήραν
528 1219 630 1270 τοῖς
661 1207 876 1263 ὀδοῦσιν
927 1211 1109 1263 αὐτῶν·
1145 1233 1173 1264 ›)
1207 1217 1292 1264 καὶ
1346 1211 1624 1282 ψάλλοντες
1669 1209 1815 1266 ἐϐλή-

224 1303 390 1358 Θησαν
417 1301 486 1361 εἰς
515 1303 571 1352 τό
602 1307 724 1370 πῦρ.
775 1302 838 1352 Οἱ
883 1297 942 1352 δὲ
973 1297 1159 1372 δήμιοι
1186 1300 1402 1363 ἐξῆπτον
1433 1305 1528 1357 τήν
1575 1302 1810 1370 κάμινον,

224 1391 528 1461 μιμούμενοι
629 1392 744 1449 τοὺς
851 1385 1176 1450 Χαλδαίους.
1283 1393 1386 1442 Χαὶ
1457 1389 1812 1440 τελειωθέντων

223 1479 388 1530 αὐτῶν
447 1477 494 1530 ἐν
538 1486 598 1550 τῇ
655 1481 824 1550 ἡμέρᾳ
875 1481 1056 1550 ταύτῃ,
1121 1481 1232 1539 ἣτις
1281 1479 1394 1530 ἔστι
1448 1485 1539 1529 τοῦ
1599 1475 1812 1529 Ἰουλίου

629 1392 744 1449 τοὺς

223 1565 437 1632 δεκάτη,
499 1566 754 1620 ἐκέλευσεν
841 1569 866 1619 ὁ
960 1564 1090 1629 δοὺξ
1163 1567 1472 1638 συλλεγῆναι
1530 1565 1694 1616 αὐτῶν
1749 1567 1814 1615 τὰ

221 1656 372 1722 ὀστᾶ,
425 1661 514 1708 καὶ
561 1657 771 1730 ῥιφῆναι
840 1654 888 1706 ἐν
961 1664 1030 1725 τῷ
1105 1663 1338 1726 ποταμῷ,
1413 1661 1484 1724 τῷ
1558 1653 1810 1725 λεγομένῳ

225 1748 396 1817 Λύκῳ,
456 1755 528 1815 τῷ
597 1749 704 1798 ὄντι
780 1743 1080 1816 ἁποσημεία
1141 1743 1194 1806 ἕξ
1248 1751 1338 1804 τῆς
1412 1743 1630 1804 πόλεως’

217 1840 528 1907 κομίσαντες
608 1833 820 1896 ἐζήτουν
908 1840 1060 1886 τόπον
1141 1829 1436 1890 ἐπιτήδειον
1507 1833 1630 1905 πρός
1715 1829 1808 1882 ἁπ-

218 1925 393 1976 ὡλειαν
441 1932 538 1976 τῶν
591 1923 752 1994 αγίων
809 1921 1082 1994 λειψάνων.
1135 1921 1275 1984 Εἵλιξ
1323 1918 1382 1973 δέ
1425 1924 1536 1972 ἐστι
1584 1924 1712 1992 πρὸς
1743 1927 1804 1991 τῇ

215 2015 414 2086 γεφύρᾳ
497 2011 684 2085 βαθὺς,
759 2017 847 2064 καὶ
921 2013 968 2063 ἐν
1046 2011 1184 2082 αὐτῷ
1271 2013 1622 2062 κατεκένωσαν
1694 2011 1810 2068 τοὺς

219 2105 575 2173 μαρσίππους.

293 2190 409 2246 ΚΕ¹,
443 2189 500 2241 Ὀ
542 2187 600 2241 δὲ
642 2191 894 2260 ποταμός,
949 2189 1182 2260 καθάπερ
1226 2189 1673 2262 παρακαταθήκην
1722 2185 1808 2237 λα-

216 2277 318 2328 ϐὼν
370 2286 468 2328 τὼν
527 2277 690 2348 ἁγίωυ
749 2279 816 2329 τα
871 2277 1108 2347 λείψανα,
1170 2281 1257 2328 καὶ
1311 2280 1374 2336 ὡς
1429 2275 1638 2348 ὀφείλων
1701 2282 1814 2327 σῶα

214 2373 302 2418 καὶ
356 2364 572 2438 ἀκέραια
617 2363 926 2432 ἀποδοῦναι,
976 2366 1108 2417 αὐτὰ
1149 2371 1457 2436 συναγαγὼν
1489 2364 1537 2416 ἐν
1570 2365 1642 2416 ἑνὶ
1672 2368 1812 2434 τόπῳ

217 2454 614 2529 παρεφύλαττεν.
709 2454 1190 2527 Ἀναχωρησάντων
1270 2451 1330 2505 δὲ
1413 2461 1514 2504 τῶν
1582 2449 1808 2522 δημίων,

221 2541 402 2616 ἄνδρες
461 2541 736 2609 θεοσεϐεῖς,
797 2540 975 2594 δοῦλοι
1026 2550 1116 2594 τοῦ
1169 2548 1322 2606 Θεοῦ,
1382 2546 1470 2592 καὶ
1528 2543 1811 2613 ὀμότροποι

221 2641 318 2682 τῶν
369 2630 547 2702 ἁγίων,
599 2631 832 2692 λαϐόντες
883 2634 1022 2691 τινὰς
1074 2630 1339 2703 ἐμπείρους
1397 2625 1604 2689 εἰδότας
1649 2627 1811 2680 πολυ-

217 2728 584 2793 πραγμονῆσαι
633 2723 700 2772 τὰ
751 2719 890 2792 βάθη
953 2727 1044 2772 τοῦ
1100 2727 1358 2790 ποταμοῦ,
1421 2717 1674 2791 ἁνήραντο
1717 2716 1809 2768 ὅλα

213 2813 344 2882 μετὰ
372 2818 468 2872 τῆς
500 2811 638 2882 [γῆς]
694 2813 1113 2879 συνηγιασμένης
1159 2809 1354 2872 αὐτοῖς,
1415 2811 1484 2869 ὡς
1537 2807 1810 2881 πληρωθῆ-

211 2919 296 2950 ναι
343 2903 438 2956 τήν
471 2903 699 2972 Γραφήν·
739 2919 760 2946 (ε
813 2896 1074 2949 Φυλάσσει
1125 2899 1316 2968 Κύριος
1367 2897 1533 2946 πάντα
1571 2898 1636 2945 τὰ
1681 2895 1812 2946 ὀστᾶ

215 2987 402 3038 αὐτῶν·
450 3007 478 3036 »
513 2991 603 3037 καὶ
653 2985 936 3056 ἐνέγκαντες
965 2983 1012 3034 ἐν
1058 2991 1118 3054 τῇ
1165 2983 1309 3034 πόλει
1339 2981 1569 3034 ἀνέθεντο
1618 2980 1665 3031 ἐν
1705 2989 1814 3041 τοῖς

1923 495 2122 567 ignem
2175 502 2348 574 lignis
2401 506 2460 562 in
2519 507 2770 563 sublime
2825 510 3148 565 nutrientes
3179 510 3236 564 in
3292 509 3563 565 similitu-

1922 585 2125 645 dinem
2159 591 2412 649 fornacis
2473 597 2862 669 Babylonicae,
2913 603 3216 668 venerunt,
3274 604 3336 654 ut
3399 599 3560 669 ipsos

1923 676 2182 735 tollerent
2214 689 2814 752 ;numerumineunt,
2848 693 2902 742 et
2927 704 3079 742 unus
3100 687 3552 742 desiderabatur

1925 765 2170 822 Sanctus
2184 778 2384 826 autem
2404 773 2693 828 Sisinnius
2710 776 3006 842 clamavit,
3027 776 3230 830 dicens
3253 793 3264 829 :
3284 775 3382 830 Hic
3399 791 3552 837 sum,

1923 852 2016 907 hic
2057 872 2210 913 sum.
2244 860 2547 916 Venientes
2577 879 2716 918 vero
2741 864 2900 919 hunc
2918 880 3158 936 quoque
3177 864 3555 928 sustulerunt,

1920 947 1976 997 et
2005 943 2380 1004 adduxerunt
2429 951 2488 1005 in
2545 952 2765 1020 ignem.
2817 955 2882 1008 Et
2907 953 3109 1008 dicunt
3137 955 3320 1007 sancti
3356 953 3559 1006 unani-

1922 1032 2091 1088 miter
2123 1053 2135 1090 :
2168 1056 2194 1088 «
2219 1039 2280 1092 In
2307 1055 2520 1094 manus
2545 1045 2696 1108 tuas,
2717 1043 2978 1108 Domine,
3001 1042 3290 1096 tradimus
3322 1041 3558 1096 animas

1923 1125 2194 1178 nostras8
2229 1142 2242 1190 ;
2279 1145 2305 1176 »
2361 1131 2415 1182 et
2449 1145 2460 1182 :
2494 1147 2520 1180 ‹‹
2550 1130 2894 1185 Benedictus
2951 1131 3258 1192 Dominus,
3299 1131 3400 1200 qui
3439 1145 3560 1184 non

1923 1209 2087 1266 dedit
2141 1227 2251 1267 nos
2299 1214 2356 1269 in
2425 1219 2750 1287 captionem
2817 1218 3096 1274 dentibus
3127 1219 3367 1273 eorum9
3401 1234 3414 1284 ;
3449 1237 3476 1268 »
3506 1222 3562 1272 et

1927 1304 2236 1356 cantantes
2295 1303 2354 1357 in
2415 1304 2614 1374 ignem
2665 1307 2860 1375 injecti
2922 1312 3079 1362 sunt.
3133 1311 3302 1362 Porro
3329 1307 3560 1361 lictores

1925 1389 2323 1445 accenderunt
2375 1407 2610 1463 pyram,
2645 1394 2940 1450 imitantes
2973 1395 3302 1451 Chaldaeos.
3341 1394 3562 1448 Eodem

1925 1491 2046 1546 quo
2072 1477 2346 1534 obierant
2376 1481 2485 1546 die,
2519 1498 2652 1552 quae
2675 1489 2761 1538 est
2782 1484 3016 1538 decima
3047 1483 3202 1548 Julii,
3223 1483 3401 1554 jussit
3441 1482 3562 1536 dux

1923 1565 2120 1634 colligi
2153 1583 2354 1622 eorum
2415 1586 2575 1634 ossa,
2629 1587 2699 1626 ac
2730 1573 2934 1642 projici
2957 1573 3014 1626 in
3035 1572 3308 1636 ﬂuvium,
3347 1586 3564 1640 cogno-

1921 1659 2122 1708 mento
2151 1658 2390 1725 Lycum,
2416 1659 2801 1715 milliaribuss
2815 1677 2883 1714 ex
2902 1677 2936 1716 a
2967 1661 3202 1715 civitate
3219 1661 3558 1716 distantem.

1721 1746 1810 1793 καὶ
1841 1751 1882 1805 Β
1921 1742 2048 1806 Quo
2085 1744 2175 1798 ubi
2209 1745 2570 1813 detulissent,
2597 1749 3224 1821 quaesiveruntaptum
3256 1749 3454 1804 locum
3484 1748 3558 1803 ad

1919 1833 2257 1902 perdendas
2292 1844 2530 1891 sanctas
2561 1837 2858 1910 reliquias.
2917 1837 3216 1892 Pofundus
3239 1841 3326 1892 est
3361 1841 3564 1891 vortex

1919 1936 2105 1992 prope
2131 1927 2395 1994 pontem,
2425 1925 2482 1978 in
2511 1941 2632 1998 quo
2659 1932 3023 1983 evacuarunt
3047 1925 3331 1981 sacculos.

1995 2173 2232 2228 XXV.At
2265 2171 2483 2227 ﬂuvius
2541 2172 2787 2244 depositi
2839 2173 3022 2229 instar
3069 2177 3414 2228 sanctorum
3439 2172 3566 2228 reli-

1921 2262 2095 2332 quias
2121 2261 2366 2332 accepit,
2425 2267 2606 2333 utque
2649 2278 2755 2333 pro
2819 2279 2909 2326 eo,
2947 2277 3018 2317 ac
3057 2261 3333 2326 debebat,
3369 2260 3564 2316 salvas

1925 2355 2102 2421 atque
2143 2350 2475 2406 incolumes
2520 2351 2812 2416 redderet,
2877 2366 2977 2407 eas
3027 2367 3212 2404 unum
3263 2349 3325 2404 in
3365 2350 3562 2404 locum

1924 2439 2198 2496 collectas
2216 2440 2602 2495 conservavit.
2615 2439 2936 2494 Lictoribus
2954 2455 3088 2495 vero
3111 2439 3248 2494 inde
3261 2438 3562 2508 digressis,

1923 2528 2026 2581 viri
2075 2528 2360 2597 religione
2414 2529 2691 2598 insignes,
2748 2529 2900 2584 servi
2955 2528 3076 2596 Dei,
3121 2532 3177 2582 et
3222 2531 3566 2582 sanctorum

1925 2616 2191 2672 moribus
2221 2616 2582 2682 consimiles,
2633 2617 2952 2688 assumptis
3003 2615 3362 2688 quibusdam
3403 2613 3568 2670 ﬂuvii

1921 2704 2224 2775 profunda
2261 2705 2567 2777 explorare
2621 2705 2840 2776 peritis,
2885 2707 3144 2775 integras
3183 2704 3566 2760 sustulerunti

1921 2810 2058 2849 cum
2117 2793 2486 2850 sanctiﬁcata
2529 2793 2677 2864 ipsis
2727 2794 2928 2868 [terra]
2975 2800 3036 2849 ut
3057 2793 3401 2865 impleretur
3425 2792 3569 2848 Scri-

1923 2885 2099 2952 ptura
2129 2898 2140 2936 :
2175 2905 2201 2930 ‹‹
2224 2883 2494 2938 Custodit
2513 2883 2800 2938 Dominus
2827 2884 3030 2938 omnia
3052 2899 3194 2938 ossa
3219 2897 3425 2937 eorum
3447 2883 3516 2936 ¹⁰.
3534 2901 3562 2933 ››

1925 2972 1990 3024 Et
2019 2974 2339 3041 postquam
2378 2971 2441 3026 in
2479 2973 2772 3028 civitatem
2803 2972 3174 3040 invexissent,
3209 2971 3268 3026 in
3300 2969 3568 3027 oratoriis

217 3075 512 3147 ετᾶκτηρίοις
542 3076 718 3138 οἴκοις,
772 3072 976 3144 εἰρήνης
1024 3069 1082 3123 δὲ
1132 3070 1370 3142 βαθείας,
1422 3077 1512 3129 τῆς
1551 3077 1642 3120 τοῦ
1689 3077 1812 3142 Χρι-

1925 3073 1997 3114 ea
2021 3064 2435 3130 reposuerunt,
2467 3077 2600 3116 cum
2635 3061 2934 3132 profunda
2987 3065 3142 3116 esset
3195 3077 3328 3130 pax,
3390 3059 3568 3114 dante

220 3171 345 3215 στοῦ
393 3159 793 3234 φιλανθρωπίας,
845 3165 932 3212 καὶ
971 3167 1033 3232 τῇ
1090 3157 1336 3232 βασιλείᾳ
1369 3165 1459 3211 τοῦ
1510 3156 1814 3209 εὐσεϐεστά-

215 3271 303 3304 του
366 3255 773 3314 Κωνσταντίνου,
845 3254 935 3300 καί
991 3248 1092 3300 εἰσι
1175 3251 1368 3320 πύργοι
1435 3255 1525 3306 τῆς
1589 3251 1814 3308 πίστεως

214 3343 472 3407 ἄσειστοι,
533 3339 742 3412 ἀστέρες
823 3337 1023 3409 λογικοὶ
1096 3336 1382 3407 λάμποντες
1454 3341 1807 3407 Χριστιανοῐς,

215 3430 343 3488 ἄνθη
403 3437 500 3481 τῶν
549 3430 684 3480 κατὰ
729 3431 820 3485 τήν
850 3427 1153 3496 οἰκουμένην
1201 3424 1508 3488 ἐκκλησιῶν,
1563 3422 1810 3497 πρεσϐευ-

217 3523 302 3571 ταὶ
345 3527 442 3571 τῶν
493 3516 830 3591 ἁμαρτωλῶν,
885 3515 1104 3588 φύλακες
1149 3533 1248 3566 των
1287 3513 1529 3580 εὐσεϐῶν,
1579 3514 1809 3586 προστά-

217 3627 302 3659 ται
350 3615 444 3669 τῆς
483 3626 535 3659 τε
581 3603 720 3668 ἰδίας
768 3605 958 3666 πόλεως
1007 3609 1095 3656 καὶ
1148 3612 1238 3664 τῆς
1290 3604 1618 3675 οἰκουμένης,
1675 3601 1808 3672 εὐερ-

215 3699 360 3768 γέται
390 3704 488 3748 τῶν
527 3698 850 3766 κεκτημένων
893 3693 1079 3754 αὐτοὺς
1138 3691 1186 3744 ἐν
1241 3699 1454 3766 Χριστῶ
1505 3692 1682 3748 Ἰησοῦ
1735 3699 1808 3761 τῷ

221 3789 392 3856 Κυρίῳ
433 3785 596 3856 ἡμῶν,
737 3787 918 3855 πρέπει
967 3779 1097 3844 δόξα
1148 3781 1258 3852 ἄμα
1303 3789 1375 3850 τῷ
1424 3785 1587 3854 Πατρὶ
1621 3784 1806 3849 καὶτῷ

219 3877 454 3943 παναγίῳ
487 3873 742 3944 Πνεύματι
787 3879 873 3923 νῦν
921 3875 1008 3922 καὶ
1062 3869 1158 3936 ἀεὶ,
1204 3873 1294 3921 καὶ
1345 3869 1416 3931 εὶι³
1465 3872 1582 3930 τοὺς
1618 3868 1805 3930 αἰῶνας

219 3971 316 4013 τῶν
339 3961 552 4015 αἰώνων.
577 3959 764 4033 Ἀμήν,

282 4087 301 4120 ⁸
333 4086 481 4142 Psal.
513 4101 645 4151 xxx,
681 4089 730 4140 6.
767 4085 786 4119 9
819 4083 968 4138 Psal.
1003 4099 1192 4148 cum,
1227 4087 1278 4138 6.
1313 4083 1364 4124 ¹ο
1389 4081 1545 4138 Psal.
1578 4097 1780 4148 χχχιιι,
1809 4081 1897 4136 21.

1929 3145 2028 3200 Dei
2059 3147 2438 3216 benignitate,
2471 3149 2742 3218 piissimo
2771 3149 3150 3205 Constantino
3181 3152 3486 3218 regnante,
3515 3151 3572 3203 et

1952 3235 2102 3289 urris
2157 3236 2268 3306 ipsi
2311 3241 2448 3290 sunt
2484 3235 2622 3292 ﬁdei
2653 3239 3030 3302 inconcussa,
3103 3238 3281 3293 stellae
3335 3237 3564 3292 ratione

1925 3323 2186 3394 pl‘thilEB
2227 3323 2567 3380 Christianis
2625 3324 2908 3392 lucentes,
2951 3327 3128 3382 ﬂores
3160 3325 3564 3390 ecclesiarum,

1923 3427 2056 3483 quae
2083 3427 2188 3483 per
2213 3413 2418 3468 orbem
2433 3419 2724 3468 terrarum
2743 3413 3335 3478 sunt,intercessores
3367 3429 3568 3484 pecca-

1921 3506 2141 3566 torum,
2195 3501 2430 3572 piorum
2479 3501 2778 3566 custodes,
2841 3503 3090 3558 civitatis
3134 3518 3258 3556 suae
3311 3505 3365 3556 et
3407 3501 3570 3557 orbis

1921 3590 2180 3645 universi
2215 3591 2521 3662 praesides,
2577 3591 2987 3648 benefactores
3057 3606 3284 3654 eorum,
3349 3589 3450 3661 qui
3505 3603 3568 3644 se

1922 3679 2224 3750 possident
2281 3679 2342 3734 in
2381 3680 2614 3735 Christo
2645 3682 2814 3736 Jesus
2857 3679 3105 3736 Domino
3133 3680 3350 3740 nostro,
3387 3693 3569 3748 quem

1918 3768 2088 3824 decet
2121 3767 2308 3838 gloria
2358 3769 2531 3824 simul
2581 3785 2718 3824 cum
2773 3771 2957 3833 Patre,
3011 3772 3291 3824 etsancto
3323 3764 3562 3837 Spiritu,

1919 3875 2076 3918 nunc
2109 3861 2165 3913 et
2189 3873 2440 3927 semper,
2463 3861 2519 3913 et
2541 3857 2603 3912 in
2633 3857 2844 3914 saecula
2866 3855 3243 3912 saeculorum.
3277 3861 3464 3910 Amen
