4114 6262
572 349 675 403 347

1968 332 2226 388 MENSIS
2265 326 2530 385 JULIUS.

3853 319 3967 371 348

578 486 3962 527 ῃ

1650 661 1985 774 ΒΙοΣ
2065 650 2828 772 ΕΥΓΕΝΙΟΥ

1223 908 1417 992 ΚΑΙ
1476 903 1889 993 ΜΑΡΙΑΣ
1947 901 2168 987 ΤΗΣ
2232 896 2805 988 ΘΥΓΑΤΡΟΣ
2862 892 3252 979 ΑΥΤΟΥ

1237 1233 1703 1375 VITA
1815 1229 2396 1372 BEATI
2510 1224 3291 1373 EUGENII

1801 1514 1900 1573 ET
1944 1512 2211 1573 MARLE
2254 1508 2484 1570 FILI/E
2530 1508 2709 1569 EJUS

1039 1672 1243 1733 (Latine
1279 1674 1333 1722 in
1363 1672 1503 1723 Actis
1524 1670 1607 1721 SS.
1646 1671 1881 1727 Bolland,
1912 1669 1980 1720 ad
2006 1666 2146 1716 diem
2183 1668 2241 1717 l7
2269 1666 2423 1721 Julii;
2453 1665 2627 1715 Graece
2656 1678 2719 1714 ex
2749 1665 2865 1714 cod.
2899 1678 2998 1715 ms.
3029 1665 3191 1715 Paris.
3219 1678 3271 1715 n.
3308 1664 3469 1726 1538).

654 1978 695 2029 I.
757 1975 819 2030 In
859 1974 959 2031 illo
1013 1979 1273 2047 tempore
1305 1978 1429 2031 erat
1457 1975 1546 2029 vir
1570 1974 1811 2045 quidam
1845 1972 1905 2028 in
1938 1970 2229 2043 Bithynia,
2266 1969 2308 2022 A

584 2063 827 2119 nomine
877 2064 1186 2135 Eugenius.
1228 2068 1274 2119 Is
1302 2064 1567 2120 habebat
1592 2077 1834 2117 uxorem
1856 2060 2022 2115 valde
2051 2061 2227 2115 hone-

587 2157 763 2217 stam,
796 2157 851 2208 et
890 2155 1074 2208 Deum
1108 2154 1432 2218 timentem,
1466 2168 1600 2224 quae
1631 2151 1859 2223 peperit
1888 2149 2071 2205 ﬁliam
2104 2150 2231 2204 uni-

585 2257 740 2308 cam,
768 2246 820 2296 et
852 2243 1081 2297 vocavit
1105 2258 1322 2299 nomen
1356 2243 1482 2313 ejus
1501 2242 1771 2296 Mariam.
1792 2241 2014 2295 Mortua
2029 2244 2228 2294 autem

584 2330 713 2399 ejus
745 2346 948 2393 uxore,
976 2331 1251 2385 educavit
1274 2331 1454 2385 ﬁliam
1471 2346 1638 2385 suam
1670 2328 2037 2398 Eugeniusin
2070 2328 2227 2381 bona

582 2422 639 2472 et
655 2418 903 2473 honesta
942 2419 1080 2473 vita.
1125 2419 1271 2474 Cum
1306 2435 1440 2474 vero
1472 2418 1749 2474 crevisset
1786 2416 2229 2472 adolescentula

584 2506 731 2561 dixit
759 2507 811 2561 ei
838 2511 1002 2577 pater
1031 2508 1161 2577 ejus
1197 2525 1209 2563 :
1243 2508 1391 2564 Filia
1432 2506 1802 2571 charissima,
1835 2522 1969 2561 ecce
2018 2521 2227 2560 omnes

583 2609 752 2650 meas
802 2595 1112 2650 facultates
1157 2596 1325 2651 trado
1382 2596 1442 2651 in
1474 2612 1691 2651 manus
1741 2600 1890 2651 tuas.
1922 2597 2039 2661 Ego
2070 2594 2228 2647 enim

582 2681 762 2746 vado,
796 2686 860 2737 ut
884 2683 1110 2738 salvam
1139 2684 1354 2739 faciam
1383 2684 1647 2739 animam
1683 2698 1897 2737 meam.
1926 2684 2067 2735 Cum
2101 2681 2229 2736 haec

586 2774 785 2825 autem
817 2787 852 2825 a
911 2775 1077 2842 patre
1143 2787 1252 2826 suo
1280 2771 1567 2827 audiisset
1606 2769 2065 2833 adolescentula,
2090 2769 2230 2823 dicit

588 2859 640 2913 ei
687 2878 700 2916 :
736 2861 919 2923 Pater,
960 2864 1023 2914 tu
1061 2860 1151 2915 vis
1180 2861 1438 2932 teipsum
1463 2875 1719 2924 servare,
1752 2863 1808 2913 et
1834 2874 1928 2913 me
1960 2858 2224 2929 perdere.

580 2948 782 3003 Nescis
832 2949 1148 3004 Dominum
1204 2949 1398 3005 dicere
1456 2951 1517 3005 in
1558 2947 1909 3017 Evangeliis:
1942 2967 1969 2999 «
2028 2950 2230 3001 Pastor

576 3035 775 3091 bonus
804 3037 1072 3092 animam
1103 3054 1273 3093 suam
1302 3040 1583 3110 ponitpro
1614 3037 1829 3093 ovibus
1862 3038 1879 3071 ¹
1906 3037 1933 3091 ?
1960 3058 1987 3087 ))
2006 3038 2229 3090 Rursus

578 3140 720 3180 vero
752 3125 891 3181 alibi
912 3127 1081 3182 dicit:
1109 3129 1257 3193 «Qui
1278 3127 1500 3183 salvam
1518 3127 1652 3183 facit
1673 3127 1960 3191 animam,
1993 3131 2077 3181 est
2099 3129 2226 3180 tan-

580 3228 766 3284 quam
792 3214 894 3286 qui
916 3220 1090 3271 creat.
1127 3238 1147 3264 ›
1180 3219 1308 3271 Haec
1335 3232 1470 3271 cum
1490 3216 1955 3286 audiissetpater
1970 3214 2096 3284 ejus
2121 3216 2226 3268 Eu-

2414 1969 2489 2024 A'.
2524 1974 2700 2042 Γέγονε
2753 1992 2831 2034 τις
2882 1972 3010 2045 ἀνὴρ
3065 1970 3110 2024 ἐν
3160 1980 3222 2043 τῇ
3258 1973 3469 2043 Βιθυνίᾳ
3521 1972 3747 2042 ὀνόματι
3802 1970 3955 2041 Εὐγέ-

2339 2079 2459 2119 νιος.
2508 2060 2668 2120 Οὗτος
2723 2064 2850 2132 ἔσχε
2914 2069 3156 2132 γυναῖκα,
3194 2064 3305 2121 ἣτις
3362 2060 3602 2132 ἐγέννησε
3658 2062 3951 2133 θυγάτριον

2338 2158 2582 2219 μονογενῆ
2658 2156 2744 2202 καὶ
2797 2150 3004 2202 ἐκάλεσε
3058 2156 3116 2203 τὸ
3174 2155 3333 2222 ὄνομα
3377 2150 3538 2212 αὐτῆς
3592 2154 3807 2223 Μαρία.
3866 2157 3947 2201 Τε-

2337 2238 2663 2299 λευτησάσης
2697 2236 2755 2291 δὲ
2785 2249 2879 2301 τῆς
2919 2244 3111 2311 μητρὸς
3142 2243 3323 2303 αὐτῆς,
3383 2238 3657 2310 ἀνέθρεψεν
3708 2242 3734 2291 6
3772 2247 3933 2311 πατὴρ

2338 2328 2501 2387 αὐτῆς
2534 2331 2608 2379 ιτὸ
2647 2325 2860 2380 παιδίον
2910 2328 2956 2380 ἐν
3001 2329 3158 2400 πολλῇ
3216 2331 3537 2380 καταστάσει
3580 2325 3944 2388 διδασκαλίας

2337 2420 2425 2466 καὶ
2476 2425 2641 2486 σεμνῷ
2702 2415 2819 2488 βίῳ.
2883 2418 3207 2479 Αὑξηθείσης
3256 2415 3313 2469 δὲ
3365 2426 3455 2477 τῆς
3513 2414 3776 2479 νεάνιδος,
3846 2415 3950 2469 εἷπε

2338 2507 2467 2574 πρὸς
2496 2504 2656 2561 αὐτὴν
2705 2507 2729 2556 ὸ
2783 2510 2955 2578 πατὴρ
2990 2507 3165 2565 αὐτῆς·
3220 2511 3425 2569 Τέκνον,
3485 2503 3621 2571 ἰδοὺ,
3678 2509 3856 2559 πάντα
3886 2510 3949 2557 τα

2339 2594 2651 2664 ὑπάρχοντά
2679 2614 2767 2665 μοι
2808 2591 3009 2663 δίδωμι
3058 2596 3124 2656 εἰς
3153 2597 3339 2669 χεῖράς
3371 2614 3485 2647 σου·
3530 2595 3629 2665 ἐγὼ
3672 2594 3731 2648 δὲ
3784 2596 3949 2670 ἀπέρ-

2340 2702 2509 2753 χομαι
2560 2682 2607 2733 ἐν
2659 2692 2728 2753 τῷ
2779 2690 3115 2758 μοναστηρίῳ
3186 2690 3279 2743 τὴν
3333 2685 3519 2756 ψυχήν
3580 2705 3679 2757 μου
3737 2696 3935 2740 σῶσαι.

2340 2770 2711 2845 Ἀποκριθεῐσα
2750 2770 2808 2824 δὲ
2858 2775 2888 2831 ἡ
2940 2780 3103 2835 νεᾶνις
3158 2772 3310 2826 εἶπεν·
3355 2776 3547 2847 Πάτερ,
3594 2780 3652 2826 σὺ
3684 2780 3767 2831 τήν
3816 2774 3927 2843 ψυ-

2339 2865 2445 2930 χήν
2503 2880 2595 2912 σου
2656 2861 2813 2923 θέλεις
2855 2871 3045 2929 σῶσαι,
3078 2869 3167 2915 καὶ
3209 2867 3301 2921 τὴν
3333 2863 3459 2934 ἐμήν
3491 2863 3734 2917 ἀπολέσαι
3762 2880 3777 2927 ;
3809 2864 3917 2915 Οὐκ

2340 2945 2510 3013 οἶδας,
2544 2952 2623 3000 ὅτι
2666 2950 2799 3021 λέγει
2848 2954 2873 3003 6
2931 2955 3139 3025 Κύριος·
3174 2972 3201 3002 ‹‹
3231 2952 3288 3004 Ὁ
3344 2958 3537 3024 ποιμὴν
3589 2955 3613 3005 6
3661 2952 3812 3012 καλὸς
3837 2956 3926 3009 τὴν

2337 3036 2522 3107 ψυχὴν
2552 3038 2710 3090 αὐτοῦ
2751 3043 2959 3098 τίθησιν
2990 3042 3114 3116 ὑπὲρ
3161 3050 3258 3093 τῶν
3290 3040 3560 3116 προϐάτων
3591 3059 3604 3107 ;
3630 3064 3647 3090 ι
3704 3045 3793 3092 καὶ
3842 3043 3937 3093 me-

2336 3125 2413 3176 λιν
2466 3126 2616 3197 λέγει·
2675 3149 2700 3179 (ι
2764 3135 2952 3201 Ψυχὴν
3002 3132 3027 3181 6
3087 3134 3267 3192 σώζων
3312 3133 3460 3183 ἔσται
3519 3134 3587 3192 ὡς
3657 3132 3683 3181 6
3732 3138 3935 3190 κτήσεις

2339 3215 2518 3272 αὐτὴν.
2556 3236 2581 3265 )›
2633 3224 2810 3269 Ταῦτα
2841 3218 3071 3281 ἀκούσας
3120 3221 3144 3270 ὁ
3190 3225 3356 3295 πατὴρ
3408 3221 3570 3281 αὐτῆς
3614 3220 3749 3290 λέγει
3806 3220 3933 3291 at}???

578 3302 809 3370 genius,
842 3304 971 3373 ejus
1000 3304 1191 3358 verbis
1222 3304 1387 3359 valde
1420 3304 1528 3359 fuit
1548 3304 1793 3359 lietatus.
1830 3303 2030 3359 Flebat
2066 3302 2223 3356 enim

2338 3304 2424 3373 (ὡς
2471 3304 2603 3376 ἐώρα
2650 3306 2811 3364 αὐτὴν
2860 3304 3179 3381 ὀδυρομένην
3229 3315 3318 3362 καὶ
3376 3310 3702 3378 κλαίουσαν)’
3754 3313 3941 3361 Τέκνον

578 3396 635 3446 et
664 3391 948 3463 ejulabat,
1008 3409 1146 3448 cum
1208 3393 1334 3449 haec
1399 3394 1615 3449 diceret
1664 3398 1761 3457 ;et
1798 3392 1939 3446 dicit
1968 3392 2018 3444 ei
2060 3397 2227 3460 pater

577 3480 735 3549 ejus:
766 3480 906 3535 Filia
944 3481 1318 3545 charissima,
1378 3482 1482 3553 qui
1543 3497 1792 3552 possum
1846 3479 1952 3533 tibi
1984 3479 2175 3533 facere
2199 3479 2226 3533 ?

574 3570 657 3623 Tu
685 3568 926 3639 quidem
987 3585 1048 3623 es
1079 3569 1305 3625 femina
1353 3587 1364 3623 :
1433 3585 1544 3639 ego
1575 3574 1776 3625 autem
1828 3568 1963 3624 volo
1994 3567 2223 3635 ingredi

576 3656 1008 3711 monasterium
1043 3662 1131 3721 ;et
1154 3659 1462 3729 quomodo
1490 3664 1657 3731 potes
1689 3675 1925 3714 mecum
1964 3658 2225 3712 versari?

580 3742 860 3797 Diabolus
891 3745 1049 3798 enim
1083 3751 1323 3816 prOpter
1353 3762 1456 3800 vos
1486 3747 1708 3801 bellum
1756 3747 1905 3814 gerit
1934 3746 2222 3800 adversus

577 3831 677 3885 Dei
708 3846 927 3886 servos.
963 3835 1094 3886 Haec
1124 3849 1262 3887 cum
1287 3834 1574 3889 audiisset
1601 3835 1728 3903 ejus
1760 3834 1899 3897 ﬁlia,
1946 3835 2089 3888 dixit
2122 3850 2221 3903 pa-

574 3920 641 3973 tri
670 3936 778 3974 suo
814 3936 824 3974 :
854 3921 1118 3985 Domine,
1152 3922 1231 3976 mi
1264 3927 1433 3992 pater
1456 3939 1468 3977 :
1490 3939 1611 3978 non
1638 3924 1721 3977 sic
1753 3922 2053 3991 ingrediar
2074 3938 2226 3992 quo-

2336 3412 2456 3463 μου,
2488 3398 2537 3445 τί
2579 3413 2661 3445 σοι
2705 3398 2813 3466 ἔχω
2868 3407 3111 3463 ποιῆσαι,
3169 3402 3248 3451 ὅτι
3298 3400 3398 3471 ἐγὼ
3448 3400 3709 3473 βούλομαι
3747 3398 3796 3450 ἐν
3851 3421 3945 3471 μοι

2333 3488 2594 3554 ναστηρίῳ
2643 3484 2903 3551 εἰσελθεῖν,
2956 3494 3043 3541 καὶ
3076 3500 3181 3551 πῶς
3212 3487 3440 3543 δύνασαι
3471 3494 3563 3542 σὺν
3614 3489 3728 3560 ἐμοὶ
3759 3487 3891 3541 εἶναι
3926 3509 3938 3556 ;

2332 3569 2389 3622 Ὀ
2432 3568 2675 3634 διάϐολος
2716 3577 2814 3647 γὰρ
2867 3574 2942 3628 δι’
2971 3580 3111 3649 ὑμῶν
3156 3579 3323 3650 ὀχλεῖ,
3372 3585 3462 3632 καὶ
3512 3582 3771 3653 ταράσσει
3825 3584 3942 3638 τοὺς

2335 3656 2552 3722 δούλους
2605 3672 2694 3714 τοῦ
2744 3666 2987 3719 Θεοῦ.Ἧ
3038 3665 3095 3719 δὲ
3146 3668 3492 3743 ἀποκριθεῖσα
3548 3669 3703 3739 λέγει·
3770 3669 3927 3739 Οὐχὶ,

2338 3752 2523 3823 Πάτερ,
2607 3753 2699 3803 οὐκ
2789 3754 3147 3828 εἰσελεύσομαι
3200 3761 3367 3818 καθὼς
3446 3763 3511 3809 σὺ
3552 3758 3742 3828 λέγεις,
3811 3757 3935 3809 ἄλλα

2334 3836 2664 3909 ἀποϐρίξασα
2690 3847 2781 3900 τὴν
2829 3849 2993 3916 κόμην
3026 3854 3115 3906 τῆς
3141 3846 3366 3919 κεφαλῆς
3392 3868 3513 3920 μου,
3562 3852 3652 3899 καὶ
3698 3844 3938 3920 ἀνδρεῖον

2340 3934 2529 3998 σχῆμα
2552 3928 2903 3995 ἀναλαϐοῦσα,
2946 3935 3109 3996 οὕτως
3138 3939 3269 4007 μετὰ
3301 3946 3393 3988 σοῦ
3421 3936 3715 4008 ἐλεύσομαι.

576 4007 758 4062 modo
786 4012 851 4063 tu
898 4008 1067 4075 dicis,
1103 4010 1202 4065 sed
1234 4012 1495 4067 tondebo
1545 4028 1782 4067 comam
1830 4012 2053 4082 capitis,
2109 4016 2163 4064 et
2218 4009 2427 4068 induta
2458 4024 2616 4071 veste
2674 4020 2844 4085 virili,
2898 4023 3196 4093 ingrediar
3227 4030 3421 4081 tecum
3476 4007 3935 4091 monasterium,

575 4096 813 4151 nemine
854 4098 1090 4165 sciente,
1121 4116 1217 4155 me
1247 4116 1374 4155 esse
1396 4101 1700 4156 feminam.

640 4188 702 4240 ll.
741 4188 948 4241 Beatus
973 4192 1171 4244 autem
1196 4190 1505 4260 Eugenius,
1548 4190 1784 4256 auditis,
1819 4205 1955 4260 quae
1986 4186 2223 4242 dicebat

567 4273 708 4343 ﬁlia,
737 4275 910 4331 valde
932 4276 1181 4343 laetatus,
1204 4294 1341 4334 cum
1354 4280 1557 4335 omnia
1576 4280 1737 4335 bona
1756 4296 1863 4334 sua
1890 4277 2221 4332 distribuis-

572 4368 657 4417 set
686 4365 1049 4435 pauperibus
1080 4370 1137 4421 et
1158 4368 1463 4432 mendicis,
1494 4368 1894 4439 orphanisque
1926 4371 1983 4420 et
2006 4365 2217 4427 viduis,

568 4455 626 4504 et
655 4452 1003 4507 totondisset
1032 4469 1202 4506 suam
1221 4455 1421 4519 ﬁliam,
1452 4456 1833 4509 viriliamictu
1847 4471 1976 4509 eam
2007 4454 2215 4517 induit,

569 4541 627 4591 et
652 4538 988 4593 nominavit
1048 4555 1267 4595 nomen
1310 4543 1436 4610 ejus
1484 4544 1790 4609 Marinum,
1832 4544 1959 4597 haec
1990 4542 2041 4596 ei
2067 4543 2217 4597 dans

569 4625 856 4680 mandata
886 4642 896 4679 :
918 4626 1075 4690 Vide,
1100 4626 1240 4692 ﬁlia,
1264 4630 1636 4700 quomodote
1660 4632 1737 4685 sis
1757 4636 2205 4685 conservatura.

572 4715 786 4769 Futura
815 4715 972 4769 enim
987 4716 1119 4771 esin
1134 4717 1499 4787 medioignis
1532 4719 2025 4785 ;noningreditnr
2055 4723 2213 4775 enim

571 4802 793 4858 femina
820 4804 879 4859 in
922 4805 1369 4861 monasterium.
1406 4809 1479 4861 Te
1507 4823 1646 4874 ergo
1675 4824 1961 4861 conserva
1988 4810 2211 4864 Christo

566 4890 1034 4962 immaculatam,
1058 4894 1724 4964 utcumimpleverimus
1748 4896 1803 4949 id
1823 4897 1981 4967 quod
2006 4914 2212 4952 sumus

569 4980 832 5048 polliciti,
854 4981 1360 5049 habeamurdigni
1386 4998 1570 5049 regno
1588 4984 1895 5039 caelorum.
1920 4986 2047 5041 haec
2073 5003 2210 5043 cum

570 5066 812 5123 dixisset
829 5070 1143 5139 Eugenius,
1160 5074 1213 5124 et
1227 5076 1501 5141 precatus
1516 5078 1669 5126 esset
1684 5088 1999 5129 assumens
2025 5075 2141 5131 ﬁlia
2154 5094 2207 5130 m

571 5170 742 5209 suam
776 5159 1011 5213 Mariam
1038 5159 1098 5212 in
1130 5158 1333 5213 habitu
1365 5160 1773 5228 adolescentis,
1806 5162 2107 5231 ingressus
2126 5171 2209 5219 est

571 5242 930 5297 coenobium.
962 5248 1053 5299 Eis
1067 5250 1263 5300 autem
1286 5247 1567 5315 ingressis
1589 5249 1645 5302 in
1675 5254 2122 5316 monasterium,
2149 5254 2205 5307 in

570 5327 694 5383 dies
726 5330 1073 5398 proﬁciebat
1101 5334 1289 5404 puella
1334 5337 1393 5390 in
1427 5341 1590 5392 omni
1637 5339 1867 5405 virtute,
1928 5342 2207 5399 obedien-

640 5557 827 5609 ‘Joan
862 5575 914 5627 κ,
956 5559 1041 5610 ii.

2406 4190 2474 4245 B'.
2526 4192 2583 4245 Ὀ
2632 4193 2689 4248 δὲ
2731 4203 2921 4270 πατὴρ,
2976 4197 3242 4272 διανείμας
3305 4206 3473 4255 πάντα
3512 4208 3575 4255 τὰ
3622 4205 3940 4275 ὑπάρχοντα

2333 4278 2468 4350 αὐτῴ
2523 4292 2625 4345 τοῖς
2670 4290 2876 4355 πένησι,
2928 4295 3016 4341 καὶ
3074 4290 3359 4365 ἀποθρέξας
3435 4298 3528 4350 τὴν
3598 4298 3765 4365 κόμην
3840 4304 3937 4356 τῆς

2331 4372 2551 4441 κεφαλῆς
2606 4375 2785 4441 αὐτῆς,
2844 4378 3136 4452 περιέϐαλεν
3208 4381 3367 4439 αὐτὴν
3422 4379 3658 4454 ἀνδρεῖον
3739 4393 3931 4455 σχῆμα

2328 4464 2415 4510 καὶ
2492 4461 2816 4535 ἐπωνομασεν
2901 4469 3062 4525 αὐτὴν
3143 4477 3389 4541 Μαρίνον,
3445 4477 3532 4522 καὶ
3583 4474 3922 4546 παρήγγειλει

2328 4548 2455 4621 αὐτῇ
2512 4553 2684 4622 λέγων·
2733 4554 2906 4618 Βλέπε,
2963 4560 3152 4623 τέκνον,
3206 4568 3314 4620 πῶς
3370 4557 3639 4635 διατηρείς
3680 4567 3914 4619 σεαυτήν·

2326 4637 2422 4689 ἀνὰ
2468 4645 2623 4711 μέσον
2676 4645 2775 4716 γὰρ
2833 4652 2923 4694 τοῦ
2972 4650 3135 4719 πυρὸς
3182 4647 3372 4718 μέλλεις
3426 4646 3648 4721 διάγειν·
3705 4652 3924 4721 φύλαξον

2324 4736 2410 4778 οῦν
2441 4730 2626 4788 ἑαυτὴν
2681 4733 2947 4803 ἄμεμπτον
2994 4745 3064 4805 τῷ
3097 4744 3332 4809 Χριστῷ,
3382 4740 3513 4799 ὅπως
3566 4740 3923 4812 «mome

2320 4822 2410 4873 τὴν
2469 4820 2772 4890 ἐπαγγελίαν
2826 4824 2991 4894 ἡμῶν.
3070 4826 3174 4878 Καὶ
3236 4826 3398 4877 λαϐὼν
3452 4828 3612 4885 αὐτὴν
3687 4830 3923 4887 εἰσῆλθεν

2322 4904 2368 4956 ἐν
2422 4908 2673 4979 κοινοϐίῳ,
2733 4910 2926 4984 Ἰῐμέρα
2980 4908 3038 4964 δὲ
3103 4918 3191 4965 καὶ
3258 4917 3426 4987 ἡμέρᾳ
3496 4922 3803 4989 προέκοπτεν
3889 4923 3916 4977 ἡ

2320 5000 2441 5054 παῖς
2496 4997 2565 5055 εἰς
2616 5003 2788 5050 πᾶσαν
2865 4999 3046 5072 ἀρετὴν
3116 5008 3203 5053 καὶ
3280 5004 3351 5063 εἰς
3412 5006 3600 5064 πολλὴν
3659 5009 3917 5064 ἄσκησιν,

2321 5085 2505 5144 Πάντες
2552 5082 2637 5137 οὖν
2715 5091 2761 5138 οἱ
2832 5086 3045 5160 ἀδελφοὶ
3126 5090 3361 5162 ἐνόμιζον
3434 5094 3595 5153 αὐτὴν
3666 5096 3916 5167 εὐνοῦχον

2319 5169 2445 5222 εἶναι
2501 5171 2591 5225 διὰ
2644 5181 2700 5227 τό
2752 5175 2972 5247 ἀγένειον
3026 5184 3114 5231 καὶ
3161 5180 3339 5232 λεπτὸν
3389 5191 3449 5254 τῇ
3501 5184 3713 5255 ἀφωνία·
3750 5187 3914 5259 ἕτεροι

2319 5258 2376 5311 δὲ
2434 5262 2806 5334 ὑπελάμϐανον,
2853 5268 2933 5317 ὅτι
2985 5266 3084 5318 ἀπὸ
3141 5268 3332 5331 πολλῆς
3378 5271 3675 5345 ἐγκρατείας
3720 5280 3776 5325 τὸ
3820 5272 3914 5327 διὰ

2319 5346 2414 5401 δύο
2437 5352 2637 5424 ἡμερῶν
2670 5352 2856 5405 ἐσθίειν
2887 5355 3067 5413 αὐτην,
3103 5357 3287 5415 Συνέϐη
3315 5357 3373 5412 δὲ
3404 5366 3487 5413 τὸν
3522 5367 3717 5437 πατέρα
3746 5365 3911 5427 αὐτῆς
