4114 6262
265 293 371 349 349

1424 298 1587 354 VITA
1625 300 1680 360 S.
1725 298 2016 359 EUGENII
2055 301 2142 356 ET
2181 303 2453 360 ΜΑΒῙᾸΞ.

3513 309 3617 366 350

265 419 592 484 τελευτῆσαι,
643 420 734 469 καὶ
773 419 1064 488 προσέθηκε
1114 427 1176 492 τῇ
1230 420 1455 481 ἀσκήσει
1492 429 1581 478 καὶ
1628 425 1850 498 ὑπακοῇ,

1969 425 2169 499 tiaque
2218 433 2276 484 et
2331 428 2663 488 humilitate
2711 433 2766 488 et
2815 428 2875 486 in
2916 429 3130 500 majori
3177 429 3613 490 exercitatione.

267 511 398 560 ὥστε
447 511 537 558 καὶ
589 508 839 579 χάρισμα
895 507 1056 564 αὐτὴν
1125 508 1297 562 λαϐεῖν
1371 516 1513 585 παρὰ
1581 521 1670 566 τοῦ
1725 522 1857 567 Θεοῦ

267 600 399 650 κατὰ
443 593 701 667 δαιμόνων
739 614 749 624 ·
795 600 938 666 ᾧτινι
989 600 1089 671 γὰρ
1150 607 1248 650 τῶν
1288 598 1636 654 ἀσθενούντων
1690 605 1859 655 ἐπετί-

272 689 345 740 θει
376 689 464 745 τὰς
491 692 694 756 χεῖρας,
724 693 1061 758 παραχρῆμα
1101 686 1231 738 ἰᾶτο.
1264 687 1391 759 Εἶχε
1424 686 1483 742 δὲ
1518 693 1576 742 τὸ
1607 691 1858 743 κοινόϐιον

268 776 660 847 τεσσαράκοντα
710 771 910 847 ἄνδρας
955 779 1049 827 σύν
1115 776 1245 848 αὐτῇ
1307 777 1484 848 ἁγίους
1541 797 1551 808 ·
1607 783 1740 832 κατὰ
1798 777 1857 833 δὲ

264 871 402 935 μῆνα
432 867 678 935 τέσσαρες
720 872 818 914 τῶν
849 860 1082 936 ἀδελφῶν
1113 864 1478 920 ἀπεστέλλοντο
1511 869 1584 930 εἰς
1612 871 1700 930 τὰς
1730 871 1855 922 ἀπο-

262 957 460 1024 κρίσεις
485 960 577 1004 τοῦ
599 958 974 1026 μοναστηρίου,
995 950 1088 1006 διὰ
1112 957 1168 1006 τό
1196 958 1336 1027 ἔχειν
1363 957 1552 1020 αύτούς
1578 964 1667 1011 καὶ
1695 958 1854 1012 ἀλλων

262 1041 619 1116 ἁναχωρητῶν
683 1046 774 1100 τὴν
815 1040 1087 1114 φροντίδα.
1134 1043 1231 1097 Ἦν
1271 1042 1330 1098 δὲ
1378 1051 1533 1117 μέσον
1581 1057 1672 1108 τῆς
1727 1045 1855 1102 όδοῦ

261 1129 582 1203 πανδοχεῖον
620 1147 631 1158 ·
672 1137 762 1184 καὶ
787 1133 1068 1202 ὑπάγοντες
1105 1138 1195 1186 καὶ
1241 1134 1516 1207 ἐρχόμενοι
1548 1139 1594 1189 οἱ
1643 1134 1856 1209 ἀδελφοὶ

264 1217 357 1272 διὰ
386 1224 443 1272 τὸ
474 1225 672 1294 μακρόν
701 1231 794 1280 τῆς
823 1218 950 1273 ὁδοῦ
975 1221 1284 1275 ἀνεπαύοντο
1307 1223 1470 1276 ἐκείσε
1505 1242 1518 1254 ⁸
1554 1224 1600 1277 ἐν
1631 1234 1703 1286 οῖς
1732 1228 1854 1278 πολε

261 1309 351 1368 λὴν
385 1311 654 1382 θεραπείαν
679 1317 922 1384 παρεῖχεν
946 1311 1122 1373 αὐτοῖς
1153 1313 1178 1363 6
1204 1309 1425 1380 πάνδοξ,
1461 1311 1857 1386 ὑποδεχόμενος

261 1399 447 1460 αύτούς
477 1395 796 1460 ἰδιάζοντας.

1969 520 2115 571 Cum
2149 533 2288 573 vero
2321 518 2546 591 aliquot
2570 535 2761 574 annos
2782 519 3104 592 peregisset
3130 517 3297 575 beate
3320 518 3381 575 in
3409 537 3616 578 mona-

1968 606 2162 673 sterio,
2186 608 2602 664 existimabant
2624 609 2899 664 monachi
2926 623 3062 663 eum
3088 624 3221 663 esse
3243 610 3584 664 eunuchum
3603 650 3616 673 ,

1969 700 2279 766 propterea
2308 697 2467 767 quod
2499 703 2652 754 esset
2680 697 2965 753 imberbis
3006 703 3063 752 et
3083 712 3226 752 voce
3259 697 3484 766 gracili.
3507 697 3618 754 Alii

1967 787 2166 838 autem
2211 784 2650 852 existimabant,
2680 802 2800 858 prae
2844 785 3031 840 nimia
3077 786 3510 856 exercitatione,
3561 791 3617 842 et

1965 872 2130 944 quod
2161 873 2355 929 solum
2385 875 2650 930 secundo
2687 890 2925 946 quoque
2955 875 3050 928 die
3081 873 3442 942 comederet,
3474 891 3614 930 eum

1965 976 2093 1017 esse
2110 977 2254 1018 voce
2267 962 2418 1018 adeo
2431 963 2614 1019 tenui.
2633 965 2845 1032 Aliquo
2863 977 3006 1018 vero
3021 966 3156 1033 post
3182 967 3449 1033 tempore
3475 977 3616 1018 con-

1967 1051 2093 1120 tigit
2130 1051 2257 1122 ejus
2296 1055 2526 1123 patrem
2575 1052 2888 1108 decedere:
2935 1050 3369 1106 incrementum
3412 1055 3612 1106 autem

1967 1139 2195 1210 accepit
2223 1140 2349 1209 ejus
2393 1140 2751 1206 exercitatio,
2802 1139 3142 1195 obedientia
3173 1143 3228 1193 et
3273 1138 3611 1204 humilitas;

1967 1227 2118 1282 adeo
2159 1231 2221 1281 ut
2242 1229 2385 1298 ipsa
2409 1244 2648 1300 quoque
2680 1228 2906 1283 donum
2941 1227 3039 1282 Dei
3080 1227 3370 1297 acceperit
3413 1233 3616 1282 contra

1966 1316 2293 1370 daemones.
2327 1318 2821 1388 Unumquemque
2845 1315 3000 1371 enim
3029 1331 3236 1370 eorum
3254 1315 3353 1386 qui
3379 1315 3615 1371 labora-

1966 1403 2112 1460 bant
2141 1409 2198 1459 et
2217 1404 2609 1472 vexabantur,
2640 1421 2853 1460 manus
2882 1404 2968 1459 eis
2994 1403 3309 1473 imponens
3339 1408 3394 1459 et
3414 1418 3614 1470 orans,

259 1487 505 1543 curabat
543 1488 834 1559 protinus.
867 1488 1136 1544 Habebat
1165 1494 1366 1544 autem
1406 1490 1550 1546 illud
1581 1493 1920 1549 coenobium
1965 1492 2367 1564 quadraginta
2398 1494 2553 1548 viros
2587 1493 2752 1548 omni
2789 1493 2996 1547 virtute
3027 1496 3083 1546 et
3121 1491 3410 1562 sapientia
3449 1506 3617 1547 exor-

262 1582 450 1632 natos.
487 1577 742 1646 Singulis
772 1593 912 1632 vero
942 1577 1248 1633 mensibus
1273 1578 1661 1635 mittebantur
1689 1587 1949 1652 quatuor
1980 1581 2260 1636 monachi
2291 1581 2368 1636 ad
2394 1596 2684 1652 responsa
2714 1580 3078 1644 monasterii,
3109 1587 3426 1651 propterea
3450 1579 3617 1650 quod

260 1664 680 1736 ipsihaberent
729 1665 788 1720 in
816 1665 946 1720 aliis
971 1681 1213 1737 quoque
1242 1665 1386 1720 locis
1417 1666 1684 1723 diversas
1718 1670 2149 1740 possessiones.
2176 1673 2308 1726 Erat
2332 1674 2532 1726 autem
2562 1670 2622 1726 in
2652 1670 2851 1726 media
2870 1671 2965 1726 via
2989 1669 3403 1733 diversorium,
3428 1673 3485 1724 et
3509 1668 3614 1740 qui

257 1755 494 1810 ibantet
515 1754 849 1822 veniebant,
873 1759 1114 1826 propter
1143 1754 1364 1810 itineris
1391 1755 1830 1825 longitudinem
1863 1758 1982 1814 illic
2013 1759 2482 1831 requiescebant.
2511 1760 2666 1814 Inter
2689 1763 2934 1814 caeteros
2965 1761 3166 1813 autem
3207 1772 3496 1827 magnam
3522 1771 3620 1812 eo-

257 1859 388 1898 rum
421 1858 629 1898 curam
661 1843 902 1911 gerebat
925 1843 993 1908 is,
1026 1844 1127 1915 qui
1154 1848 1406 1915 praeerat
1433 1844 1778 1912 diversorio,
1809 1861 1910 1903 eos
1940 1863 2210 1904 seorsum
2235 1847 2796 1917 accipiens.lnvidus
2827 1862 2971 1902 vero
2997 1851 3054 1900 et
3073 1844 3380 1913 malignus
3410 1843 3624 1900 diabo-

257 1931 368 1996 lus,
397 1932 499 2003 qui
528 1931 706 1987 rebus
734 1931 901 1987 bonis
946 1947 1182 2002 semper
1215 1932 1455 1998 invidet,
1505 1933 1666 1990 mala
1699 1941 1900 1991 autem
1932 1936 2011 1991 ad
2042 1953 2103 1992 se
2145 1936 2400 2000 attrahit,
2434 1951 2590 2004 aegre
2626 1935 2818 1990 ferens
2848 1934 3030 2004 hujus
3086 1933 3280 1988 beatae
3328 1933 3388 1987 in
3433 1935 3617 1987 Deum

256 2035 545 2086 amorem,
561 2020 1145 2093 pulcherrimamque
1162 2028 1215 2076 et
1230 2021 1714 2080 honestissimam
1733 2025 1968 2080 vivendi
1983 2025 2295 2089 rationem,
2316 2024 2449 2080 stud
2460 2021 2986 2095 uitaliquantulam
3009 2022 3273 2077 eilabem
3297 2021 3532 2076 inurere
3557 2023 3617 2074 et

257 2123 390 2164 eam
414 2108 693 2178 aﬂligere.

323 2230 391 2283 Γ’.
455 2230 533 2283 Ἐν
589 2237 686 2302 μιᾷ
742 2228 828 2282 οὖν
881 2240 980 2283 τῶν
1034 2235 1236 2305 ἡμερῶν
1294 2234 1778 2306 προσκαλεσάμενος
1831 2237 1856 2288 6
1890 2237 1931 2290 Β

250 2320 527 2389 ἡγούμενος
577 2321 663 2370 τόν
715 2317 876 2371 αϐϐοἱν
927 2327 1153 2393 Μαρῖνον
1197 2321 1331 2392 λέγει
1387 2323 1526 2392 αύτῷ
1562 2343 1573 2354 ·
1617 2321 1853 2396 Ἀδελφὶ,

251 2406 537 2478 ἐπίσταμαί
565 2415 659 2459 σοῦ
689 2411 782 2465 τὴν
823 2407 1084 2460 πολιτείαν
1124 2413 1208 2460 καὶ
1249 2413 1307 2460 τό
1348 2415 1466 2483 περὶ
1496 2416 1584 2468 τὴν
1619 2414 1855 2470 ὑπακοὴν

253 2493 540 2548 σπουδαῖον
583 2498 664 2548 ὅτι
693 2496 876 2556 τελειος
928 2493 975 2548 εἴ
1000 2496 1047 2548 ἐν
1079 2503 1238 2549 πᾶσιν
1291 2514 1304 2527 ⁸
1342 2498 1556 2556 θέλησον
1603 2495 1691 2551 οὖν
1723 2499 1853 2562 ἐξελ-

255 2586 356 2636 θεῖν
410 2585 475 2644 εὶς
535 2590 626 2642 τὴν
685 2581 955 2637 διακονίαν
1016 2593 1108 2636 τοῦ
1160 2590 1536 2660 μοναστηρίου,
1585 2583 1768 2645 ἐπειδὴ
1802 2589 1850 2638 οἱ

251 2670 464 2744 ἀδελφοὶ
520 2673 797 2726 λυποῦνται
846 2679 917 2744 μὴ
961 2673 1297 2749 ἐξερχομένου
1358 2694 1452 2726 σου
1494 2695 1506 2707 ·
1550 2682 1702 2728 τοῦτο
1744 2678 1846 2750 γὰρ

247 2766 518 2823 ποιοῦντός
570 2781 685 2825 σου,
739 2762 947 2814 πλείονα
1017 2765 1204 2828 μισθόν
1274 2769 1499 2834 κομήσει
1556 2766 1698 2838 παρὰ
1755 2773 1846 2816 τοῦ

248 2857 381 2902 Θεοῦ
435 2851 816 2924 φιλανθρώπου.
886 2855 985 2902 Καὶ
1020 2853 1044 2901 ό
1094 2858 1322 2923 Μαρίνος
1382 2859 1550 2903 ταῦτα
1619 2851 1846 2913 ἀκούσας

248 2944 562 3010 προσπεσών
600 2939 739 3008 αύτῷ
794 2939 929 3008 λέγει
962 2960 972 2970 ·
1011 2935 1187 3004 Εὖξαι,
1243 2940 1430 3011 Πάτερ,
1481 2944 1570 2990 καὶ
1613 2941 1741 2990 ὅπου
1787 2939 1845 2990 ἂν

249 3028 455 3100 κελεύῃς
517 3047 628 3098 μοι,
685 3026 782 3098 ἐγὼ
869 3025 1191 3098 ἀπέρχομαι.
1268 3026 1585 3088 Ἐξελθόντος
1650 3025 1735 3078 οὖν
1799 3027 1845 3079 ἐν

248 3122 347 3187 μιᾷ
375 3124 467 3168 τοῦ
516 3115 652 3168 ἀϐϐᾶ
698 3120 931 3189 Μαρίνου
979 3119 1072 3166 σὺν
1120 3122 1224 3175 τοῖς
1268 3114 1441 3176 ἄλλοις
1481 3119 1651 3189 τρισὶν
1693 3113 1847 3167 ἁδελ-

249 3214 358 3277 φοίς
417 3203 740 3268 διακονίσαι,
821 3209 908 3256 καὶ
962 3204 1362 3256 καταλυσάντων
1437 3205 1600 3256 αὐτῶν
1674 3203 1721 3256 ἐν
1775 3213 1845 3276 τῷ

247 3291 575 3366 πανδοχείῳ,
629 3292 816 3350 συνέϐη
861 3295 975 3345 τινὰ
1031 3298 1352 3367 στρατιώτην
1402 3289 1702 3366 διαφθεῖραι
1751 3298 1844 3352 τὴν

250 3387 510 3456 θυγατέρα
552 3390 644 3434 τοῦ
698 3379 996 3453 πανδόχου,
1047 3384 1115 3442 ὡς
1144 3386 1232 3433 καὶ
1279 3380 1448 3433 λαϐεῖν
1492 3381 1656 3440 αὐτὴν
1710 3385 1844 3434 κατὰ

248 3479 498 3547 γαστρός.
549 3469 672 3526 Εἷπε
729 3467 787 3524 δὲ
846 3470 977 3543 αὐτῇ
1041 3471 1066 3521 ό
1125 3470 1508 3542 στρατηλάτης,
1569 3472 1668 3534 ὅτι,
1724 3469 1842 3522 Ἐὰν

2037 2237 2133 2293 ΙΙΙ.
2178 2235 2454 2302 Quodam
2508 2237 2707 2306 itaque
2751 2235 2867 2299 die,
2903 2232 3223 2306 praefectus
3264 2231 3617 2298 monasterii

1967 2325 2251 2381 accersito
2305 2323 2552 2388 Marino,
2607 2323 2750 2378 dicit
2801 2323 2894 2377 ei:
2951 2325 3144 2377 Frater
3210 2321 3447 2385 Marine,
3492 2320 3613 2374 scio

1965 2420 2128 2470 tuam
2157 2415 2286 2470 vitae
2313 2415 2557 2483 agendae
2582 2413 2873 2468 rationem
2899 2426 3027 2466 esse
3057 2410 3378 2481 perfectam
3405 2408 3464 2464 in
3489 2425 3619 2464 om-

1962 2503 2160 2567 nibus,
2220 2508 2274 2557 et
2304 2501 2602 2573 praecipue
2643 2500 2704 2555 in
2753 2498 3110 2555 obedientia.
3167 2498 3314 2553 Velis
3361 2512 3504 2566 ergo
3552 2503 3613 2552 tu

1959 2605 2207 2662 quoque
2263 2589 2484 2658 egredi,
2516 2593 2577 2644 ut
2603 2587 2904 2643 ministres
2936 2587 3296 2642 monasterio
3325 2586 3354 2638 ‘?
3378 2586 3608 2640 Fratres

1957 2679 2118 2734 enim
2150 2693 2304 2748 aegre
2330 2677 2546 2744 ferunt,
2573 2683 2623 2730 te
2645 2675 2722 2732 ad
2753 2675 2814 2730 id
2842 2691 2965 2730 non
2987 2674 3205 2744 egredi.
3243 2677 3360 2729 Hoc
3411 2678 3610 2729 autem

1956 2767 2254 2834 faciens,o
2284 2766 2386 2831 ﬁli,
2422 2766 2713 2836 majorem
2739 2764 2993 2835 accipies
3021 2763 3352 2820 mercedem
3381 2779 3416 2818 a
3445 2761 3611 2818 beni-

1957 2870 2076 2924 gno
2106 2860 2162 2908 et
2187 2854 2462 2909 clementi
2495 2857 2630 2908 Deo.
2666 2853 2894 2908 Etenim
2930 2852 3214 2907 Dominus
3235 2865 3476 2922 quoque
3507 2865 3596 2906 nos

1957 2945 2072 2996 ster
2100 2943 2255 2996 Deus
2288 2957 2408 2996 non
2446 2941 2804 3009 dedignatus
2835 2944 2922 2996 est
2960 2940 3294 2994 ministrare
3334 2938 3454 2994 suis
3485 2937 3605 2992 dis-

1956 3029 2189 3100 cipulis.
2216 3032 2350 3085 Haec
2381 3045 2518 3088 cum
2549 3029 2839 3085 audiisset
2868 3029 3146 3093 Marinus,
3167 3043 3228 3083 se
3259 3027 3508 3098 projecit
3528 3027 3606 3083 ad

1956 3117 2137 3187 pedes
2168 3117 2445 3188 praefecti,
2477 3117 2717 3176 dicens:
2753 3120 2907 3172 Bene
2947 3132 3190 3188 precare
3231 3115 3396 3185 mihi,
3428 3131 3603 3171 vene-

1953 3205 2139 3261 rande
2153 3209 2337 3270 Pater,
2353 3211 2406 3260 et
2423 3220 2532 3272 ego
2549 3205 2648 3259 ibo
2661 3221 3022 3276 quocunque
3045 3205 3319 3260 volueris.
3349 3207 3603 3276 Egresso

1953 3299 2151 3349 autem
2192 3293 2411 3348 Marino
2445 3296 2500 3346 et
2544 3291 2673 3346 aliis
2725 3292 2914 3346 tribus
2956 3291 3261 3346 monachis
3313 3297 3376 3347 ut
3431 3291 3605 3346 mini-

1953 3386 2225 3446 strarent,
2257 3381 2636 3446 diverterunt,
2672 3386 2733 3435 ut
2758 3384 3212 3444 consueverant,
3243 3379 3321 3435 ad
3351 3379 3491 3435 illud
3520 3379 3606 3434 di-

1950 3470 2300 3525 versorium.
2357 3470 2463 3534 Qui
2496 3473 2696 3524 autem
2728 3473 2980 3538 praeerat
3019 3467 3368 3536 diversorio,
3421 3467 3608 3522 habe-

246 3565 447 3634 γνωσθῇ
507 3569 578 3632 τῷ
609 3564 768 3634 πατρί
824 3579 942 3623 σου,
1002 3559 1109 3611 εἰπε
1165 3558 1324 3611 ὃτιὉ
1374 3565 1618 3630 νεώτερος
1676 3560 1701 3610 6
1753 3567 1842 3611 τοῦ

1962 3558 2057 3614 bat
2113 3559 2298 3612 ﬁliam
2352 3557 2615 3612 unicam.
2673 3557 2832 3613 Miles
2892 3572 3031 3611 vero
3083 3556 3332 3628 quidam
3384 3555 3608 3624 ingres-

245 3649 503 3702 κοινοϐίόυ
548 3651 574 3701 6
601 3645 804 3710 εὐειδὴς
838 3649 863 3700 6
893 3648 1161 3719 λεγόμενος
1208 3653 1436 3722 Μαρῖνος
1471 3645 1657 3708 ἐκεῖνος
1711 3646 1844 3699 ἐκοι-

247 3742 389 3810 μήθη
414 3739 522 3810 μετ’
554 3737 695 3808 ἐμοῦ.
718 3742 818 3790 Καὶ
840 3733 964 3796 δοὺς
986 3737 1116 3808 αὐτῇ
1148 3739 1204 3788 τό
1230 3744 1289 3794 τῆ
1307 3756 1327 3796 ς
1350 3738 1544 3808 φθορᾶς
1570 3735 1841 3809 ἐπορεύθη.

249 3831 402 3888 Γνοὺς
433 3824 490 3879 δὲ
518 3826 628 3898 μεθ’
656 3828 851 3898 ἡμέρας
890 3828 914 3876 6
958 3830 1131 3898 πατὴρ
1185 3825 1367 3896 αύτῇς,
1404 3825 1651 3898 ἐξῄτησεν
1683 3825 1844 3883 αὐτὴν

245 3915 403 3986 λέγων
451 3930 461 3941 ·
504 3916 658 3967 Πόθεν
687 3933 770 3967 σοι
799 3921 949 3967 τοῦτο
987 3931 1001 3981 ;
1032 3918 1133 3967 Καὶ
1164 3912 1308 3966 ἔϐαλε
1349 3918 1442 3972 τὴν
1467 3913 1634 3966 αἰτίαν
1679 3913 1844 3966 ἐπάνω

245 4013 337 4057 τοῦ
375 4009 601 4076 Μαρίνου
617 4048 629 4060 .

1954 3663 2056 3701 sus
2116 3645 2526 3708 diversorium,
2601 3645 2655 3700 ei
2729 3643 2923 3700 attulit
3007 3644 3248 3699 vitium:
3328 3659 3399 3700 ea
3471 3659 3608 3699 vero

1953 3736 2244 3808 concepit.
2308 3735 2592 3806 Praecepit
2649 3738 2849 3790 autem
2901 3732 2994 3788 ille
3026 3732 3214 3799 miles,
3265 3733 3468 3787 dicens
3507 3749 3518 3787 :
3555 3732 3609 3788 Si

1952 3824 2080 3878 haec
2109 3839 2202 3878 res
2235 3823 2407 3878 fuerit
2439 3824 2698 3893 cognita,
2732 3824 2789 3877 et
2828 3827 2879 3875 te
2906 3821 3370 3876 examinaverint
3399 3821 3480 3876 tui
3511 3835 3610 3892 pa-

1953 3918 2166 3976 rentes,
2213 3911 2369 3966 unde
2405 3911 2519 3966 hoc
2571 3911 2792 3966 factum
2838 3909 2929 3974 sit,
2979 3910 3074 3964 dic
3126 3911 3242 3964 eis:
3294 3911 3612 3964 Formosus

1955 4001 2050 4056 ille
2073 4001 2274 4071 junior
2300 3999 2634 4055 monachus
2665 4013 2890 4052 mecum
2922 3997 3179 4065 dormiit,
3212 4001 3267 4052 et
3291 4012 3444 4052 exeo
3466 4011 3612 4051 con-

242 4094 392 4165 cepi.
413 4093 734 4166 Postquam
761 4107 900 4160 ergo
919 4092 1138 4161 egressi
1159 4090 1404 4146 fuissent
1419 4091 1696 4146 monachi
1721 4091 1897 4146 simul
1915 4106 2056 4144 cum
2089 4089 2328 4153 Marino,
2353 4087 2590 4142 rescivit
2611 4091 2776 4155 pater
2794 4085 3005 4156 puellae
3022 4085 3210 4140 ﬁliam
3243 4100 3418 4140 suam
3444 4089 3610 4140 utero

239 4183 599 4254 concepisse.
633 4181 742 4246 Qui
771 4179 1002 4248 rogavit
1045 4195 1178 4234 eam
1218 4179 1446 4234 dicens:
1487 4179 1797 4233 Uudenam
1827 4176 1941 4230 hoc
1973 4175 2073 4229 tibi
2105 4175 2330 4228 factum
2370 4179 2460 4228 est
2482 4175 2509 4226 ?
2547 4173 2747 4228 Puella
2782 4177 2981 4227 autem
3002 4172 3328 4242 respondit,
3357 4171 3562 4227 dicens
3593 4191 3604 4230 :

237 4271 548 4327 Juniorille
569 4269 822 4324 ccenobii
849 4271 1148 4323 formosus
1176 4267 1639 4335 monachus,qui
1657 4265 1870 4318 dicitur
1888 4261 2166 4326 Marinus,
2187 4275 2421 4314 meeum
2436 4259 2756 4321 dormiit,et
2772 4275 2866 4313 me
2881 4263 3291 4330 praegnantem
3317 4259 3601 4316 reddidit.

309 4360 376 4412 Δ’.
418 4359 639 4431 Ἐπάρας
686 4354 774 4410 οὖν
823 4357 983 4412 αὐτὴν
1033 4358 1058 4406 6
1115 4352 1434 4424 πανδοχεὺς,
1499 4356 1838 4424 παραγίνεται

241 4447 288 4499 ἐν
335 4456 408 4518 τῷ
453 4451 784 4517 μόναστηρίῳ
835 4443 1040 4516 κράζων
1073 4447 1163 4492 καὶ
1215 4441 1374 4510 λέγων
1407 4457 1417 4468 ·
1464 4447 1572 4491 Ποῦ
1618 4438 1758 4491 ἐστιν
1819 4440 1844 4490 6

239 4537 429 4595 πλάνος
481 4534 684 4596 ἐκεῖνος,
740 4532 793 4583 ὃν
842 4531 1055 4601 λέγουσι
1109 4533 1424 4602 Χριστιανὸν
1457 4545 1469 4594 ;
1503 4527 1591 4588 Ὠς
1635 4525 1693 4580 δὲ
1728 4547 1844 4580 συν-

242 4630 460 4681 ἡντησεν
490 4621 630 4691 αύτῴ
679 4622 704 4671 ό
758 4619 1156 4689 ἁποκρισιάριος
1199 4620 1291 4689 ἔφη
1343 4616 1484 4686 αύτῷ
1541 4631 1554 4643 ⁸
1615 4621 1678 4669 Τί
1721 4618 1844 4688 κρά-

243 4714 368 4776 ζεις,
405 4711 570 4784 ἑταῖρε
605 4726 618 4774 ;
652 4709 708 4761 Ὀ
741 4705 798 4761 δὲ
829 4705 964 4760 εἶπεν
1009 4727 1020 4739 ·
1049 4706 1165 4759 ’Ὁτι
1212 4714 1346 4778 κακῇ
1396 4707 1505 4779 ὥρᾳ
1554 4709 1842 4776 συνέτυχον

239 4801 382 4872 ύμῖν,
414 4804 503 4851 καὶ
533 4804 602 4869 μὴ
645 4802 842 4870 γένοιτό
885 4816 976 4869 μοι
1022 4799 1098 4848 ἔτι
1140 4793 1268 4848 ἰδεῖν
1299 4799 1565 4867 μοναχοῦς
1613 4799 1702 4847 καὶ
1746 4796 1846 4847 ὅσα

2024 4349 2108 4404 1V.
2146 4350 2291 4404 Cum
2323 4347 2450 4402 haec
2474 4353 2671 4402 autem
2695 4347 2981 4403 audiisset
3013 4345 3324 4416 praefectus
3345 4346 3609 4402 diverso-

1953 4438 2040 4507 rii,
2072 4453 2247 4492 cursu
2273 4443 2327 4491 et
2357 4452 2494 4492 cum
2527 4450 2747 4505 magna
2773 4435 2863 4490 ira
2888 4434 3048 4489 venit
3075 4436 3135 4490 in
3159 4435 3608 4502 monasterium,

1953 4543 2090 4582 eum
2133 4541 2443 4593 accusans,
2485 4530 2540 4580 et
2569 4523 2800 4579 dicens:
2847 4523 2955 4579 L'bi
2985 4530 3070 4578 est
3111 4521 3203 4578 ille
3243 4523 3477 4595 planus,
3519 4523 3611 4579 ille

1954 4615 2139 4671 falsus
2170 4614 2550 4681 christianus,
2577 4628 2760 4684 quem
2791 4610 2986 4666 dicitis
3027 4627 3158 4666 esse
3192 4613 3556 4667 monachum
3583 4611 3611 4666 ?

1955 4704 2014 4758 Ei
2037 4719 2174 4759 vero
2206 4703 2392 4757 factus
2423 4707 2509 4756 Bst
2531 4701 2771 4755 obviam
2793 4700 3212 4770 apocrisiarius
3242 4701 3606 4764 monasterii,

1953 4798 2008 4848 et
2049 4792 2186 4847 dicit
2208 4793 2258 4847 ei
2285 4793 2466 4846 :Bene
2500 4789 2734 4852 venisti,
2765 4790 2958 4843 frater.
2986 4791 3102 4843 Cur
3129 4803 3191 4841 es
3222 4789 3373 4842 adeo
3406 4787 3606 4852 tristis,

237 4895 483 4944 τοιαῦτα.
531 4887 751 4959 Ὁμοίως
793 4883 851 4938 δὲ
907 4889 994 4936 xui
1045 4894 1115 4955 τῷ
1162 4886 1430 4956 ἡγουμένῶ
1475 4883 1613 4954 ἔλεγε
1661 4891 1840 4948 ταῦτα,

1962 4885 2009 4936 et
2039 4896 2144 4935 cur
2185 4886 2304 4935 tam
2341 4883 2559 4934 temere
2599 4876 2854 4948 loqueris
2874 4877 2901 4932 ‘2
2933 4877 3112 4932 Cessa
3142 4890 3486 4946 parumper,
3517 4891 3609 4931 ro-

237 4981 319 5030 ὅτι
365 4981 435 5030 T6
483 4976 761 5048 θυγάτρίόν
810 4994 929 5046 μου,
983 4977 1166 5046 πάτερ,
1219 4972 1244 5024 6
1289 4975 1554 5044 μονογενὲς
1596 4968 1762 5041 εἶχον,
1796 4971 1842 5023 ἐν

240 5068 280 5137 ᾧ
311 5062 672 5138 προσεδόκων,
720 5067 798 5114 ὅτι
842 5065 898 5113 τό
945 5063 1113 5134 γῆράς
1147 5081 1245 5132 μου
1297 5063 1407 5131 ἔχει
1453 5059 1840 5124 ἀναπαυθῆναι,

238 5161 330 5208 καὶ
389 5151 507 5206 ἰδοὺ
567 5158 616 5204 τί
691 5151 902 5208 ἐποίησε
951 5170 1040 5221 μοι
1084 5157 1326 5221 Μαρῖνος,
1388 5147 1440 5200 ὃν
1489 5148 1656 5218 λέγετε
1711 5155 1846 5221 Χρι-

241 5249 480 5298 στιανὸν.
549 5247 698 5313 Λέγει
750 5240 888 5308 αὐτῷ
939 5241 962 5289 ό
1018 5241 1297 5309 ἡγούμενος
1337 5253 1348 5264 ⁸
1382 5234 1615 5308 Ἀδελφε,
1661 5241 1712 5288 τί
1763 5255 1846 5288 σοι

239 5339 474 5398 ποιήσω,
527 5336 598 5403 μὴ
647 5335 785 5388 ὄντος
832 5327 990 5379 αὐτοῦ
1035 5323 1136 5378 ὧδε
1171 5325 1260 5392 ;ἐν
1307 5323 1364 5376 δὲ
1406 5334 1476 5395 τῷ
1506 5326 1845 5399 ὑποστρέφειν

241 5421 389 5472 αὐτόν
456 5429 548 5480 τῆς
605 5417 894 5481 διακονίας,
955 5411 1106 5467 οὐδέν
1163 5433 1252 5486 μοι
1309 5413 1428 5464 ἄλλο
1484 5412 1624 5464 ἐστιν
1679 5413 1722 5464 εἰ
1774 5416 1845 5483 μή

243 5509 431 5572 κιῶξαι
462 5510 618 5562 αύτὸν
649 5508 702 5560 ἐκ
750 5513 840 5558 τοῦ
875 5507 1258 5578 μοναστηρίου.
1308 5504 1610 5562 Φθάσαντος
1651 5497 1710 5553 δὲ
1759 5508 1850 5552 τοῦ

1956 4985 2032 5040 go
2063 4973 2136 5024 te.
2167 4966 2557 5036 Respondens
2589 4969 2790 5020 autem
2822 4963 3132 5036 praefectus
3165 4962 3490 5031 diversorii,
3524 4962 3609 5019 di-

1957 5060 2034 5114 cit
2062 5058 2140 5116 ei:
2177 5058 2382 5112 Pereat
2412 5056 2580 5120 hora,
2626 5069 2751 5126 qua
2795 5069 3063 5125 unquam
3105 5053 3359 5119 cognovi
3404 5068 3610 5109 mona-

1959 5148 2160 5203 chum.
2215 5146 2315 5200 Hei
2377 5143 2543 5206 mihi,
2616 5141 2763 5213 quid
2830 5139 3103 5196 accidit?
3172 5139 3323 5202 Quid
3390 5139 3605 5197 faciam

1963 5241 2183 5300 autem,
2205 5233 2420 5288 nescio.
2449 5235 2592 5288 Cum
2613 5246 2754 5285 vero
2776 5230 2901 5284 haec
2919 5228 3253 5284 rescivisset
3272 5228 3604 5300 praefectus,

1964 5341 2101 5381 eum
2142 5323 2419 5384 accersiit,
2455 5327 2507 5373 et
2546 5318 2712 5374 dicit:
2748 5317 2900 5382 Quid
2931 5317 3030 5371 tibi
3059 5316 3165 5382 vis,
3207 5317 3423 5374 frater?
3456 5317 3608 5382 Quid

1967 5430 2029 5468 es
2051 5411 2225 5467 tristis
2253 5412 2280 5467 Ῡ
2312 5407 2590 5464 Praefecto
2615 5410 2814 5462 autem
2859 5405 3197 5461 monasterii
3238 5405 3376 5461 dixit
3398 5405 3471 5470 is,
3508 5405 3606 5476 qui

1968 5503 2213 5572 praeerat
2264 5495 2617 5552 diversorio:
2670 5492 2824 5559 Quid
2871 5493 3015 5550 mihi
3066 5493 3202 5550 volo
3231 5495 3259 5551 ?
3293 5496 3370 5550 De
3399 5496 3605 5548 caetero
