4114 6262
545 309 641 366 351
1943 301 2204 359 MENSIS
2246 297 2512 356 IULIUS.

3822 298 3953 352 352

546 434 784 490 nullum
804 431 1059 504 amplius
1076 427 1307 486 videam
1326 428 1429 485 aut
1452 430 1801 485 conveniam
1818 428 2200 485 monachum.

2316 422 2451 474 ἀϐϐᾶ
2483 428 2711 497 Μαρίνου
2756 425 2848 473 σὺν
2898 425 3001 481 τοῖς
3055 420 3229 482 ἄλλοις
3270 425 3443 495 τρισὶν
3489 417 3754 494 ἀδελφοῖς,
3790 423 3955 491 λέγει

548 521 872 591 Postquam
907 525 1101 575 autem
1133 536 1167 574 a
1188 520 1465 590 praelecto
1495 534 1699 573 rursus
1728 519 1835 573 fuit
1858 522 2101 586 rogatus
2132 515 2203 568 is,

550 611 653 682 qui
692 608 1316 680 prmeratdiversorio:
1352 609 1789 680 Propterquam
1822 606 2204 662 causamheec

549 699 698 754 dicis
718 697 745 751 ἳ
769 698 1074 768 respondit
1099 697 1310 753 etdixit
1340 715 1355 750 :
1389 697 1593 751 Filiam
1625 697 1918 751 habebam
1944 695 2202 760 unicam,

552 787 610 842 in
642 803 827 857 quam
856 802 1021 857 spem
1046 802 1242 840 meam
1264 786 1656 851 collocabam,
1680 786 1841 857 quod
1861 801 1931 840 ea
1955 788 2204 837 essetre-

548 876 715 947 quies
746 890 895 929 meae
942 875 1274 929 senectutis.
1323 877 1462 929 Ecce
1513 892 1649 930 vero
1688 874 1829 947 quid
1864 873 1996 928 fecit
2036 870 2201 926 Mari-

549 979 663 1019 nus
691 965 719 1017 ?
750 980 880 1018 eam
904 970 1313 1034 praegnantem
1336 964 1612 1027 reddidit,
1634 980 1813 1036 quem
1846 961 2039 1017 dicitis
2078 975 2205 1014 esse

551 1052 945 1107 Christianum
980 1052 1234 1123 etpium.
1256 1053 1385 1107 Haec
1414 1068 1549 1107 cum
1569 1053 1849 1107 audiisset
1877 1049 2201 1121 praefectus,

549 1140 916 1211 stupefactus
948 1140 1087 1194 dicit
1117 1140 1198 1195 ei:
1230 1142 1381 1205 Quid
1412 1158 1649 1212 possum
1680 1141 1783 1195 tibi
1817 1140 2026 1198 facere,
2066 1152 2201 1191 cum

548 1229 673 1299 ipse
701 1244 819 1283 non
840 1229 911 1282 sit
932 1229 1025 1283 hic
1065 1230 1092 1283 Ἰ
1117 1230 1223 1284 Sed
1251 1231 1493 1298 quando
1516 1229 1737 1283 venerit
1756 1245 1824 1283 ex
1853 1224 2201 1291 ministerio,

2312 514 2441 583 πρὸς
2481 512 2634 562 αὐτὸν
2666 512 2690 561 6
2720 513 3006 582 ἡγούμενος
3039 530 3050 542 ·
3086 510 3228 567 Αὕτη
3284 512 3425 561 ἔστιν
3472 511 3501 568 ἡ
3548 510 3796 563 πολιτεία
3836 531 3948 563 σου

2311 606 2399 651 καὶ
2426 602 2454 657 ἡ
2488 602 2738 664 ἄσκησις,
2769 603 2846 652 ὅτι
2868 600 3254 661 καταλύσαντος
3283 619 3374 651 σου
3408 599 3455 651 ἐν
3481 608 3552 669 τῷ
3586 598 3939 672 πανδοκείῳ,

2313 686 2606 763 διέφθειρας
2637 695 2729 748 τὴν
2764 692 3022 763 θυγατέρα
3074 697 3163 741 τοῦ
3218 686 3491 760 πάνδοχος
3538 708 3550 755 ;
3610 695 3702 741 καὶ
3756 690 3942 742 ἐλθὼν

2312 777 2497 840 ἐκεῖνος
2543 777 2645 832 ὧδε
2704 783 2918 851 θέατρον
2970 782 3110 850 ἡμᾶς
3157 781 3264 840 τοῖς
3312 787 3588 850 κοσμικοῐς
3618 778 3933 850 ἐποιὴσεν;

2310 874 2488 919 Ταῦτα
2559 866 2618 921 δὲ
2698 868 2926 929 ἀκούσας
2984 870 3009 919 6
3062 876 3287 940 Μαρῐνος
3360 870 3532 941 ῥίπτει
3590 868 3771 920 ἑαυτὸν
3845 868 3935 920 ἐπὶ

2312 962 2591 1027 πρόσωπον
2638 958 2791 1029 λέγων
2847 976 2857 986 ·
2903 962 3259 1031 Συγχώρησόν
3304 977 3413 1029 μοι,
3455 960 3635 1030 πάτερ,
3686 954 3783 1009 διὰ
3844 962 3934 1009 τὸν

2316 1048 2524 1118 Κύριον,
2559 1049 2637 1100 ὅτι
2665 1051 2731 1109 ὡς
2764 1049 3033 1119 ἄνθρωπος
3079 1046 3387 1105 ἐπλανήθην.
3433 1046 3490 1099 Ὁ
3529 1044 3586 1099 δὲ
3631 1050 3934 1118 ἡγούμενος

2314 1133 2576 1206 ὀργισθεὶς
2636 1135 2863 1199 ἐξέϐαλεν
2928 1136 3083 1187 αὐτόν
3141 1135 3234 1198 ἔξω
3293 1143 3383 1188 τοῦ
3455 1141 3820 1208 μοναστηρίου
3886 1138 3935 1187 ἐν

2317 1222 2537 1294 ὀλίγαις.

546 1317 689 1371 nihil
708 1322 793 1372 est
815 1316 977 1371 aliud
1003 1318 1165 1389 quod
1194 1333 1391 1387 agam,
1428 1318 1537 1372 nisi
1573 1322 1635 1373 ut
1664 1317 1955 1388 expellam
1978 1330 2007 1369 e
2034 1312 2414 1369 monasterio.
2433 1315 2575 1369 Cum
2608 1319 2809 1369 autem
2835 1315 3094 1370 venisset
3115 1316 3376 1370 Marinus
3404 1331 3543 1370 cum
3567 1314 3700 1370 aliis
3726 1316 3934 1370 tribus

546 1404 846 1470 fratribus,
875 1406 1120 1459 accersit
1170 1422 1305 1460 eum
1334 1406 1664 1477 praefectus,
1694 1411 1748 1461 et
1773 1404 2008 1460 dicitei:
2035 1401 2366 1464 Abba,haac
2386 1418 2457 1457 ne
2481 1410 2567 1457 est
2590 1408 2690 1458 tua
2720 1404 2956 1459 vivendi
2984 1405 3132 1459 ratio
3158 1408 3214 1460 et
3246 1404 3586 1459 exercitatio
3612 1404 3639 1458 ?
3663 1404 3929 1469 Quando

548 1493 875 1547 diversatus
906 1492 1058 1547 fuisti
1094 1493 1154 1548 in
1184 1493 1530 1561 diversorio,
1557 1494 1799 1549 attulisti
1830 1492 2029 1548 vitium
2064 1490 2196 1544 filiae
2240 1490 2488 1559 prafecti
2523 1492 2854 1550 diversorii.
2899 1494 3020 1548 Huc
3053 1498 3252 1549 autem
3286 1494 3531 1548 veniens
3572 1493 3703 1563 ejus
3748 1498 3932 1564 pater

548 1584 840 1652 tanquam
868 1597 972 1653 per
1004 1582 1296 1637 theatrum
1332 1584 1589 1638 traduxit
1611 1600 1719 1640 nos
1749 1583 2100 1638 monachos.
2136 1578 2414 1645 Marinus,
2447 1596 2584 1636 vero
2615 1582 2707 1636 his
2736 1583 2977 1646 auditis,
3005 1599 3068 1637 se
3100 1583 3269 1638 humi
3299 1583 3550 1654 projecit
3580 1583 3641 1636 in
3670 1582 3926 1646 faciem,

547 1670 746 1724 dicens
797 1670 1099 1741 praefecto:
1136 1670 1421 1727 Condona
1474 1672 1615 1726 mihi
1657 1672 1865 1727 humili
1889 1676 1947 1725 et
1996 1667 2290 1741 peccatori
2336 1675 2575 1740 propter
2610 1671 2951 1735 Dominum,
3003 1688 3038 1726 o
3071 1676 3259 1743 pater,
3292 1672 3582 1743 quoniam
3622 1676 3928 1743 tanquam

547 1757 732 1813 homo
771 1759 980 1813 erravi.
1016 1761 1176 1814 Tunc
1206 1759 1521 1831 praefectus
1554 1761 1606 1815 ei
1638 1762 1844 1826 iratus,
1879 1759 2051 1830 ejecit
2084 1772 2222 1812 eum
2247 1772 2278 1811 e
2308 1760 2700 1815 monasterio.

620 1890 681 1944 V.
704 1892 987 1958 Egressus
1017 1895 1215 1947 autem
1241 1892 1450 1948 beatus
1483 1898 1647 1949 extra
1689 1892 2046 1948 vestibulum
2077 1905 2200 1946 mo-
2234 1888 2278 1943 Β

550 1978 812 2042 nasterii,
839 1979 1179 2033 mansitsub
1196 1981 1317 2045 dio,
1346 1983 1642 2036 sustinens
1672 1982 1863 2051 frigus
1901 1988 1955 2037 et
1986 1986 2200 2035 aestum

551 2080 743 2121 annos
757 2071 887 2121 tres.
906 2068 1010 2131 Qui
1023 2083 1163 2139 ergo
1178 2069 1660 2139 ingrediebantur
1677 2070 2203 2140 etegrediebantur

552 2171 623 2209 ex
655 2155 1036 2220 monasterio,
1077 2157 1372 2226 rogabant
1399 2159 1619 2231 ipsum,
1644 2160 1936 2215 dicentes:
1973 2162 2085 2214 Cur
2118 2160 2200 2213 sic

540 2241 746 2310 'sedes,
770 2243 943 2312 abba,
978 2243 1230 2299 aﬁlictus
1258 2246 1318 2301 in
1350 2248 1683 2304 vestibulo?
1706 2249 1801 2303 Ille
1832 2254 2027 2303 autem
2055 2248 2201 2302 dixit

551 2331 664 2385 eis:
728 2332 1019 2395 Quoniam
1056 2350 1189 2388 sum
1221 2334 1567 2401 fornicatus,
1618 2343 1931 2408 propterea
1980 2338 2200 2406 ejectus

554 2436 686 2473 sum
722 2434 791 2472 ex
836 2422 1215 2477 monasterio.
1260 2424 1406 2478 Cum
1460 2442 1596 2480 vero
1637 2428 1891 2481 venisset
1930 2425 2199 2496 pariendi

553 2512 789 2578 tempus
828 2508 963 2562 ﬁliae
996 2511 1253 2580 praefecti
1288 2512 1607 2579 diversorii,
1643 2516 1870 2586 peperit
1902 2516 2100 2586 puella
2138 2515 2201 2568 ﬁ-

553 2594 699 2650 lium
723 2596 1081 2652 masculum.
1116 2602 1366 2654 Puerum
1400 2608 1597 2657 autem
1622 2604 1827 2658 tollens
1860 2609 2026 2674 pater
2051 2605 2199 2672 ejus,

557 2683 809 2739 venitad
828 2688 1292 2753 monasterium;
1326 2695 1381 2743 et
1402 2706 1537 2745 cum
1574 2692 1892 2747 invenisset
1912 2692 2203 2746 Marinum

560 2772 865 2827 sedentem
897 2779 1059 2830 extra
1086 2778 1532 2843 monasterium,
1568 2780 1813 2849 projecit
1843 2781 1895 2835 ei
1926 2796 2201 2851 puerum,

558 2864 613 2915 et
645 2862 842 2915 statim
868 2864 1124 2917 recessit.
1158 2867 1413 2921 Marinus
1442 2884 1579 2923 vero
1607 2885 1848 2923 sumens
1871 2885 2123 2940 puerum
2144 2872 2202 2925 in

560 2964 792 3013 manus,
826 2949 1059 3006 dicebat
1091 2952 1462 3009 lamentans:
1490 2958 1588 3011 Hei
1613 2957 1756 3012 mihi
1783 2958 1999 3013 misero
2021 2964 2077 3014 et
2103 2960 2204 3013 ab-

548 3036 743 3106 jecto:
794 3054 901 3107 ego
938 3045 1090 3094 certe
1138 3041 1379 3097 humilis
1410 3050 1464 3099 et
1502 3060 1782 3116 nequam,
1826 3048 2052 3118 accipio
2096 3066 2205 3121 pro

559 3125 777 3180 meritis
806 3143 1077 3183 meorum
1112 3137 1510 3199 peccatorum.
1556 3135 1668 3188 Cur
1699 3141 1893 3191 autem
1935 3138 2028 3192 hic
2059 3154 2202 3209 quo-

2384 1896 2440 1947 E.
2486 1890 2543 1943 '0
2589 1889 2647 1944 δὲ
2707 1892 2914 1955 ἐξελθὼν
2969 1892 3238 1954 ἐκαθέζετο
3292 1895 3492 1965 αἴθριος
3549 1895 3822 1965 ὑπομένων
3877 1897 3933 1947 τὸ

2311 1979 2490 2051 ψῦχος
2519 1986 2762 2052 γενναίως
2805 1986 2893 2034 καὶ
2938 1981 3022 2034 τὸν
3063 1986 3313 2035 καύσονα.
3362 1986 3427 2035 Οἱ
3480 1979 3568 2035 οὖν
3614 1984 3930 2056 εἰσερχόμε-

2312 2088 2387 2119 νοι
2438 2076 2526 2121 καὶ
2577 2070 2905 2143 ἐξερχόμενοι
2961 2071 3235 2145 ἐπηρώτων
3292 2072 3446 2124 αὐτὸν
3496 2073 3731 2142 λέγοντες
3778 2090 3790 2101 ³
3836 2076 3932 2125 Διὰ

2312 2161 2362 2207 τί
2416 2155 2519 2211 ὦδε
2570 2162 2850 2224 καθέζεσαι
2894 2178 2906 2227 ;
2958 2164 3055 2213 Καὶ
3101 2160 3263 2232 ἔλεγεν
3320 2161 3493 2221 αὐτοῖς
3547 2160 3719 2214 ’⁷οτι
3781 2161 3925 2236 ἐπορ-

2311 2266 2488 2313 νευσα,
2522 2254 2611 2301 καὶ
2665 2247 2757 2301 διὰ
2804 2258 2957 2301 τοῦτο
3003 2249 3278 2311 ἐξεϐλήθην
3315 2250 3367 2301 ἐκ
3398 2260 3491 2303 τοῦ
3522 2258 3905 2325 μοναστηρίου,

2313 2338 2606 2398 Φθάσαντος
2653 2336 2710 2390 δὲ
2758 2347 2849 2389 τοὺ
2895 2343 3048 2390 τόκου
3079 2347 3174 2399 τῆς
3206 2341 3463 2414 θυγατρός
3492 2348 3585 2392 τοῦ
3616 2339 3917 2412 πάνδοχος,

2312 2423 2574 2494 ἐγέννησεν
2614 2429 2642 2484 ἡ
2695 2430 2925 2500 θυγάτηρ
2971 2428 3134 2479 αὐτοῦ
3181 2425 3351 2481 παῖδα
3403 2429 3611 2503 ἄρρενα,
3662 2435 3753 2481 καὶ
3801 2432 3922 2483 ἐπά-

2311 2531 2401 2583 ρας
2432 2514 2556 2565 αὑτό
2588 2517 2612 2565 6
2652 2513 2870 2579 πάνδοξ,
2926 2522 3267 2590 παραγίνεται
3316 2516 3363 2568 ἐν
3417 2528 3488 2588 τῷ
3536 2524 3907 2593 μοναστηρίῳ,

2313 2600 2486 2669 Εὐρὼν
2550 2600 2608 2654 δὲ
2653 2608 2739 2655 τὸν
2808 2612 3033 2676 Μαρῖνον
3093 2606 3272 2668 ἔξωθεν
3340 2615 3429 2658 τοῦ
3493 2607 3723 2668 πυλῶνος
3781 2612 3915 2661 καθ-

2314 2691 2516 2760 ἧμενον,
2550 2692 2846 2765 προσρίψας
2895 2694 3033 2764 αὐτῷ
3075 2698 3132 2746 τὸ
3176 2693 3389 2747 παιδίον
3426 2696 3563 2769 λέγει
3618 2715 3629 2727 ’
3665 2695 3805 2750 Ἰδοὺ
3850 2701 3907 2749 τὸ

2313 2789 2486 2842 κακὼς
2537 2784 2773 2856 ἔσπειρας
2825 2787 2996 2835 τέκνον
3048 2803 3161 2851 σου,
3207 2782 3328 2837 λαϐὲ
3376 2785 3528 2841 αὐτὸ.
3584 2792 3683 2838 Καὶ
3721 2787 3895 2847 ςέθέως

2316 2869 2666 2945 ἀνεχώρησεν.
2727 2871 2914 2925 Λαϐὼν
2988 2868 3074 2924 οὖν
3142 2875 3167 2924 6
3228 2881 3452 2948 Μαρῐνος
3534 2878 3591 2927 τὸ
3676 2871 3887 2938 παιδίον,

2317 2959 2537 3011 ἐθλίϐετο
2597 2966 2712 3033 περὶ
2762 2966 2921 3013 αὑτοῦ
2972 2961 3129 3033 λέγων
3165 2977 3177 2989 ⁸
3213 2968 3317 3015 Ναὶ
3366 2963 3461 3035 ἐγὼ
3506 2966 3598 3023 τὰς
3650 2964 3905 3036 ἁμαρτίας

2316 3069 2415 3120 μου
2458 3048 2850 3121 ἀπολαμϐάνω·
2901 3048 2995 3102 διὰ
3040 3055 3092 3102 τί
3141 3049 3199 3103 δὲ
3256 3058 3344 3104 καὶ
3401 3059 3458 3104 τό
3498 3053 3675 3105 οἶθλιον
3726 3052 3913 3127 βρέφος

2316 3146 2467 3189 τοῦτο
2527 3142 2617 3189 σὺν
2668 3142 2780 3209 ἐμοὶ
2832 3138 3148 3197 ἀποθνήσκει
3202 3160 3214 3208 ;
3264 3141 3494 3213 ’Ἠρξατο
3543 3138 3630 3193 οὖν
3680 3149 3909 3214 γυρόειν,

554 3229 672 3283 que
700 3214 903 3270 infelix
920 3232 1068 3287 puer
1093 3234 1327 3274 mecum
1352 3222 1642 3280 moritur?
1670 3225 1856 3295 Coepit
1883 3242 2021 3282 vero
2049 3229 2202 3283 acci-

2316 3231 2402 3278 χαὶ
2456 3226 2730 3297 λαμϐάνειν
2781 3227 2917 3296 γάλα
2965 3226 3064 3278 ἀπὸ
3105 3237 3202 3279 τῶν
3251 3234 3527 3301 ποιμένων,
3569 3235 3657 3282 καὶ
3711 3234 3910 3304 τρέφειν

555 3317 694 3371 pere
721 3303 864 3359 laca
902 3307 1261 3378 pastoribus,
1289 3316 1343 3363 et
1374 3309 1457 3365 sic
1489 3312 1683 3367 alebat
1722 3330 1975 3382 puerum
2012 3323 2072 3370 ut
2104 3333 2203 3386 pa-

555 3393 661 3445 ter.
698 3393 820 3446 Non
848 3393 992 3447 satis
1021 3400 1218 3451 autem
1246 3404 1371 3454 erat
1401 3401 1621 3455 Marino
1654 3400 1890 3456 afflictio
1921 3410 1975 3456 et
2010 3403 2204 3471 pudor

555 3493 670 3549 quo
694 3478 1065 3538 afﬁciebatur
1089 3485 1353 3555 quotidie
1378 3507 1390 3545 :
1422 3488 1523 3543 sed
1549 3505 1689 3558 puer
1714 3506 1954 3561 quoque
1978 3492 2125 3546 ﬂens
2146 3498 2203 3547 et

551 3580 890 3633 excernens,
941 3574 1393 3629 contaminabat
1431 3580 1487 3630 et
1529 3577 1874 3634 sordidabat
1906 3580 2033 3649 ejus
2076 3596 2201 3635 ves-

551 3657 657 3708 tes.
677 3654 813 3710 Post
828 3658 1085 3727 spatium
1106 3666 1299 3717 autem
1317 3664 1494 3719 trium
1514 3681 1830 3732 annorum,
1850 3669 2198 3726 seditionem

555 3742 856 3810 agitarunt
885 3762 1093 3801 omnes
1132 3748 1361 3813 fratres,
1394 3752 1659 3808 dicentes
1692 3755 1995 3825 praefecto:
2029 3759 2198 3814 Pater

550 3832 902 3895 venerande,
939 3834 1157 3890 sufﬁcit
1178 3836 1339 3892 fratri
1362 3841 1578 3895 Marino
1604 3858 1799 3912 ptena,
1832 3860 2013 3915 quam
2032 3849 2197 3903 susti-

550 3917 695 3972 nuit.
747 3922 823 3973 De
863 3927 1073 3977 caetero
1126 3939 1431 3993 rogamus,
1476 3928 1676 4000 accipe
1721 3947 1856 3985 eum
1892 3950 2093 3989 rursus
2136 3937 2195 3992 in

548 4009 1011 4065 monasterium:
1042 4013 1301 4069 maxime
1319 4030 1475 4080 vero,
1500 4018 1657 4087 quod
1683 4036 1885 4075 coram
1916 4025 2197 4079 omnibus

550 4094 858 4151 confessus
875 4104 961 4155 est
980 4099 1218 4171 lapsum
1238 4120 1433 4159 suum.
1450 4104 1593 4162 Cum
1619 4112 1819 4164 autem
1842 4114 2201 4170 contradice-

546 4188 633 4238 ret
670 4186 998 4255 praefectus,
1028 4195 1079 4245 et
1105 4206 1226 4246 non
1255 4194 1713 4265 persuaderetur
1736 4214 1874 4255 eum
1906 4203 2193 4274 accipere,

535 4280 847 4343 coeperunt
879 4280 1158 4335 monachi
1203 4282 1254 4337 ei
1286 4298 1490 4339 rursus
1530 4286 1750 4343 dicere:
1803 4291 1916 4345 Nisi
1949 4290 2193 4349 fratrem

2314 3319 2371 3365 τὸ
2426 3312 2636 3367 παιδίον
2686 3318 2749 3375 ὡς
2786 3321 2956 3390 πατὴρ
2987 3335 2999 3347 ·
3037 3318 3131 3369 οὐκ
3181 3323 3329 3392 ἤρκει
3388 3316 3446 3372 δὲ
3500 3320 3637 3391 αὐτῷ
3689 3322 3714 3371 6
3762 3340 3914 3392 περι·

2317 3406 2559 3474 σπασμὸς
2590 3403 2642 3454 ὃν
2676 3401 2832 3475 εἶχεν,
2868 3404 2998 3457 ἀλλὰ
3054 3413 3143 3459 καὶ
3198 3412 3257 3459 τὸ
3314 3405 3528 3461 παιδίον
3588 3410 3764 3461 κλαῖον
3821 3415 3911 3461 καὶ

2313 3488 2622 3566 ὀδυρόμενον
2654 3494 2873 3567 ἡχρέίου
2922 3498 2987 3546 τὰ
3039 3499 3219 3567 ἱμάτια
3266 3498 3444 3552 αὐτοῦ.
3497 3500 3637 3553 Μετὰ
3688 3496 3748 3551 δὲ
3787 3506 3910 3571 τρία

2311 3585 2397 3641 ἔτη
2457 3579 2648 3644 ἰδόντες
2693 3586 2740 3635 οἱ
2789 3581 3001 3656 ἀδελφοὶ
3052 3590 3145 3644 τὴν
3194 3590 3458 3645 τοσαύτην
3512 3589 3671 3641 αὐτοῦ
3730 3590 3904 3661 θλίψιν

2310 3676 2396 3724 καί
2442 3674 2722 3744 ὑπομονὴν,
2766 3676 3127 3745 προσελθόντες
3185 3676 3396 3747 λέγουσι
3453 3686 3522 3747 τῷ
3584 3681 3894 3750 ἑγουμένῳ·

2313 3763 2485 3836 Ἀρκεί
2514 3762 2652 3832 αὐτῷ
2699 3764 2728 3820 ἡ
2770 3762 3026 3836 ἐπιτιμία,
3080 3767 3160 3817 ὅτι
3203 3766 3285 3818 ἐπὶ
3330 3769 3529 3819 πάντων
3576 3767 3823 3840 ὁμολογεῖ
3850 3773 3897 3822 τὸ

2309 3850 2491 3902 ἑαυτοῦ
2526 3849 2753 3922 σφάλμα.
2786 3859 2887 3903 Τοῦ
2919 3850 2972 3905 δὲ
3013 3856 3302 3926 ἡγουμένου
3350 3855 3575 3928 ὅλωςμή
3609 3860 3901 3929 πυθομένου

2310 3936 2562 4000 δέξασθαι
2590 3939 2762 4007 αὐτὸν,
2790 3940 3028 4012 λέγουσιν
3060 3945 3107 3994 οἱ
3138 3939 3370 4015 ἀδελφοὶ,
3408 3946 3507 4009 ὅτι,
3538 3950 3653 3998 Ἐὰν
3676 3951 3749 4017 μὴ
3777 3945 3899 4021 δέξῃ

2309 4027 2483 4090 αὐτόν,
2516 4032 2604 4078 καὶ
2630 4030 2777 4098 ἡμεῖς
2819 4029 3190 4104 ἁναχωροὺμεν
3235 4040 3325 4085 τοῦ
3371 4041 3727 4108 μόναστηρίου
3759 4054 3771 4065 ·
3803 4031 3903 4108 ἆρα

2310 4125 2415 4177 πῶς
2446 4117 2632 4187 ἔχομεν
2665 4116 2990 4175 αἰτήσασθαι
3020 4127 3330 4193 συγγνώμην
3360 4127 3476 4195 περὶ
3507 4132 3605 4175 τῶν
3638 4124 3902 4199 ἁμαρτιῶν

2309 4208 2453 4277 ἡμῶν
2509 4210 2731 4279 σήμερον
2786 4216 3014 4279 τριετοῦς
3062 4216 3257 4283 χρόνου
3306 4214 3600 4285 καθημένου
3636 4214 3794 4267 αὐτοῦ
3827 4216 3901 4268 αἱ·

2311 4298 2455 4369 θρίου
2486 4312 2498 4362 ;

536 4360 822 4419 Marinum
854 4381 1057 4423 rursus
1084 4372 1381 4442 acceperis
1408 4374 1467 4428 in
1500 4377 1950 4445 monasterium,
1980 4397 2015 4435 o
2034 4384 2218 4448 Pater,
2240 4360 2349 4441 nos
2372 4400 2613 4456 quoque
2643 4385 2996 4441 recedimus.
3025 4388 3341 4453 Quomodo
3364 4405 3694 4460 possumus
3725 4409 3760 4451 a
3786 4396 3896 4451 Deo

549 4454 764 4518 petere,
808 4456 872 4508 ut
900 4456 1197 4513 condonet
1227 4461 1396 4515 nobis
1437 4467 1643 4518 nostra
1660 4471 1925 4535 peccata,
1952 4484 2089 4525 cum
2120 4472 2296 4530 frater
2329 4454 2531 4528 noster
2563 4480 2676 4527 tres
2708 4489 2899 4529 annos
2944 4475 3052 4529 sub
3086 4476 3184 4532 dio
3220 4478 3425 4534 sedeat
3454 4480 3514 4534 in
3548 4482 3838 4537 vestibulo
3870 4468 3895 4522 ἶ)

618 4574 708 4628 VI.
768 4577 900 4631 Haec
953 4593 1092 4631 cum
1134 4580 1418 4638 audiisset
1459 4584 1766 4655 praefectus
1797 4604 1832 4643 a
1864 4593 2191 4665 monachis,
2228 4598 2273 4651 D

546 4660 689 4717 dicit
728 4664 841 4718 eis:
890 4668 1113 4722 Revera
1164 4676 1404 4741 propter
1460 4679 1793 4747 peccatum,
1823 4680 1987 4749 quod
2036 4660 2191 4751 fecit,

546 4764 664 4807 non
691 4756 778 4807 est
800 4753 1147 4825 dignushuc
1170 4757 1431 4827 ingredi:
1456 4768 1697 4832 propter
1721 4771 1973 4823 vestram
1996 4773 2195 4829 tamen

549 4839 896 4897 charitatem
931 4848 985 4899 et
1028 4860 1234 4915 preces
1283 4861 1418 4903 eum
1454 4852 1699 4922 accipio,
1744 4858 1800 4908 et
1828 4871 1963 4911 cum
1999 4875 2191 4915 accer-

550 4926 745 4984 siisset
775 4932 1061 4987 Marinum
1102 4950 1305 4990 coram
1345 4938 1642 5005 omnibus,
1687 4942 1827 4997 dicit
1856 4945 1934 5000 ei:
1982 4950 2193 5015 Frater,

546 5028 667 5071 non
698 5032 760 5071 es
805 5018 1025 5088 dignus
1074 5029 1227 5077 stare
1275 5024 1333 5079 in
1375 5026 1570 5096 primo
1624 5034 1723 5085 tuo
1762 5030 1913 5099 loco,
1959 5042 2199 5108 propter

547 5109 861 5171 peccatum
884 5110 1051 5179 quod
1072 5110 1284 5167 fecisti:
1311 5119 1550 5186 propter
1567 5116 1815 5175 fratrum
1840 5126 2035 5178 autem
2064 5126 2199 5181 cha-

548 5189 783 5246 ritatem
827 5200 880 5249 et
919 5213 1147 5268 preces,
1188 5202 1416 5272 accipio
1448 5208 1503 5259 te
1533 5208 1801 5262 omnium
1833 5216 2196 5280 postremum

546 5276 607 5329 in
646 5279 936 5365 regulam.
988 5287 1241 5342 Marinus
1279 5305 1416 5346 vero
1458 5293 1635 5364 coepit
1688 5276 1958 5365 praefecto
2007 5301 2198 5363 dicere

547 5379 684 5419 cum
724 5364 1035 5439 lacrymis:
1078 5378 1194 5431 Hoc
1229 5393 1469 5451 quoque
1511 5382 1654 5437 mihi
1685 5364 1974 5455 magnum
2006 5394 2111 5457 est,
2162 5407 2197 5445 ο

547 5454 888 5548 venerande
910 5457 1095 5523 Pater,
1126 5466 1290 5533 quod
1316 5483 1411 5523 me
1441 5468 1689 5540 dignum
1720 5454 1948 5539 feceris,
1978 5454 2194 5548 qui-in-

3765 4608 3797 4660 Ἰ
3805 4604 3890 4659 δον

2306 4682 2397 4737 δια
2426 4689 2521 4742 τὴν
2563 4683 2769 4755 ἀγάπην
2816 4693 2914 4737 τῶν
2965 4684 3196 4759 ἀδελφῶν
3244 4686 3476 4763 δέχομαί
3535 4712 3610 4757 σε,
3672 4698 3896 4767 ἔσχατον

2305 4778 2477 4846 μέντοι
2530 4776 2732 4825 πάντων
2780 4776 2919 4829 ὄντα.
2961 4776 3020 4829 Ὁ
3081 4775 3138 4830 δὲ
3191 4778 3337 4832 ἔϐαλε
3393 4784 3663 4852 μετάνοιαν
3702 4784 3894 4857 λέγων’

2305 4867 2453 4934 Μέγα
2506 4867 2595 4933 μοί
2650 4862 2785 4929 ἐστι,
2841 4866 3021 4937 πάτερ,
3085 4868 3166 4918 ἵνα
3230 4868 3353 4929 ὅλως
3409 4872 3508 4922 ὑπὸ
3567 4877 3661 4930 τὴν
3712 4880 3895 4947 στέγην

2304 4951 2446 5021 ὑμῶν
2493 4950 2723 5002 εἰσέλθω·
2780 4950 2965 5004 Ἕϐαλε
3019 4950 3077 5006 δὲ
3127 4955 3277 5007 αὐτὸν
3324 4958 3347 5008 6
3398 4960 3679 5031 ἡγούμενος
3722 4962 3788 5023 εἰς
3838 4969 3897 5016 τά

2308 5037 2587 5110 ἀτιμότερα
2634 5042 2758 5110 ἔργα
2803 5048 2893 5092 τοῦ
2951 5049 3304 5117 μοναστηρίου
3364 5063 3375 5075 ’
3413 5052 3502 5100 καὶ
3557 5048 3716 5103 ἐποίει
3770 5053 3897 5105 αὐτὰ

2307 5130 2437 5199 μετὰ
2484 5126 2717 5189 σπουδῆς
2764 5129 2809 5181 ἐν
2858 5130 3024 5202 πολλῷ
3081 5138 3217 5205 πόνῳ
3265 5132 3463 5207 διάγων
3496 5154 3507 5165 ·
3544 5136 3655 5208 εἶχε
3709 5137 3768 5193 δὲ
3816 5146 3895 5193 καὶ

2318 5219 2367 5267 r6
2400 5213 2614 5268 παιδίον
2647 5221 2855 5270 ὄπισθεν
2897 5220 3054 5272 αὐτοῦ
3105 5223 3366 5293 κράζοντα
3408 5229 3496 5277 καὶ
3549 5227 3809 5285 ζητοῦντα
3837 5234 3898 5283 τὰ

2311 5308 2434 5377 πρὸς
2464 5310 2555 5362 τὴν
2589 5306 2787 5379 βρῶσιν
2834 5314 2923 5360 καὶ
2973 5310 3072 5361 ὅσα
3114 5313 3226 5363 ἐστὶ
3276 5321 3383 5374 τοῖς
3426 5321 3631 5376 νηπίοις
3676 5324 3891 5372 σιτίσια.

2309 5392 2535 5454 Αὖξηθὲν
2568 5391 2653 5445 οὖν
2684 5399 2772 5447 καὶ
2812 5394 3094 5469 ἀνατραφὲν
3127 5400 3176 5451 ἐν
3208 5399 3365 5473 πολλῇ
3402 5401 3555 5476 ἀρετῇ
3578 5405 3775 5467 ἠξιώθη
3809 5417 3894 5460 τοῦ

2306 5501 2397 5552 μον
2406 5490 2598 5553 αχικοῦ
2642 5487 2890 5555 σχήματο
2900 5506 2938 5546 ς.

2377 4595 2446 4660 ς’.
2491 4600 2617 4648 Τότε
2668 4592 2877 4658 ἐδέξατο
2930 4600 3082 4650 αὐτὸν
3124 4601 3149 4651 6
3196 4602 3481 4673 ἡγούμενος
3510 4603 3668 4674 λέγων
3703 4624 3715 4635 ·

547 5541 822 5606 grederer
847 5542 999 5599 intra
1048 5550 1417 5620 vestibulum,
1450 5561 1515 5612 ut
1544 5559 1626 5615 sic
1656 5575 1895 5633 quoque
1944 5563 2163 5634 dignus
2194 5541 2452 5636 habear,
2473 5572 2575 5645 qui
2615 5541 2866 5630 serviam
2899 5575 3123 5633 sanctis
3149 5578 3298 5635 meis
3331 5580 3622 5639 Patribus.
3659 5583 3725 5641 Et
3755 5600 3889 5643 cum
