4114 6262
249 303 349 361 353
1421 309 1588 368 VITA
1627 312 1690 370 S.
1730 311 2018 372 EUGENII
2059 313 2147 369 ET
2186 314 2460 372 MARUE.
3511 327 3616 381 354

243 445 385 487 eum
423 428 752 501 accepisset
790 428 1115 501 praefectus,
1154 433 1401 493 immisit
1429 437 1508 494 ad
1536 437 1738 494 viliora
1766 445 1822 494 et
1851 438 2173 510 abjectiora
2205 457 2390 513 opera
2418 443 2786 500 monasterii.
2819 446 2868 498 ls
2896 457 3036 501 vero
3067 459 3137 502 ea
3165 443 3418 503 faciebat
3471 463 3612 505 cum

244 518 442 575 studio
470 522 529 608 et
557 534 778 587 magno
814 524 973 574 metu
1003 526 1058 576 et
1088 526 1572 594 compunctione.
1609 528 1876 584 Habebat
1905 534 2105 584 autem
2133 546 2388 601 puerum
2418 547 2660 604 quoque
2693 532 2976 596 Marinus,
2999 549 3137 589 eum
3169 540 3322 590 retro
3364 551 3616 608 sequen-

250 613 372 664 tem
399 613 456 663 et
484 607 844 663 clamantem
869 624 882 662 :
915 609 994 663 Ta
1024 613 1084 664 ta
1113 615 1193 680 ta,
1226 618 1283 667 et
1312 614 1710 685 requirentem
1740 631 1809 671 ea
1830 632 1963 688 quae
1996 624 2136 673 sunt
2156 621 2355 690 pueris
2385 621 2724 676 necessaria
2751 621 2827 676 ad
2851 621 3222 680 alimentum.
3256 627 3382 679 Non
3416 607 3612 680 solum

250 696 411 752 enim
434 695 524 751 his
551 696 834 750 aerumnis
862 701 918 752 et
939 697 1362 756 afﬂictionibus
1388 703 1767 772 premebatur
1791 705 2067 771 Marinus,
2094 708 2199 762 sed
2225 709 2406 764 etiam
2425 710 2498 764 de
2521 709 2736 765 alendo
2752 711 2862 764 hoc
2887 726 3077 782 puero
3112 717 3234 766 erat
3260 712 3431 767 valde
3461 714 3617 768 solli-

254 784 420 840 citus.
455 783 602 839 Cum
636 785 918 840 crevisset
945 791 1144 842 autem
1175 805 1340 860 puer,
1384 791 1640 860 degebat
1667 791 1727 846 in
1760 795 2142 860 monasterio,
2177 796 2462 853 educatus
2494 799 2551 852 in
2584 799 2793 853 virtute
2823 804 2874 853 et
2906 799 2965 854 in
2992 801 3404 870 temperantia.
3439 802 3612 857 Porro

252 887 392 927 vero
408 877 614 927 sancto
643 887 887 944 quoque
917 878 972 929 et
1001 877 1331 932 monastico
1358 878 1568 935 habitu
1600 887 1689 935 est
1714 880 2018 950 dignatus.
2058 882 2269 957 Sicque
2298 885 2644 956 proﬁciebat
2683 888 2741 942 in
2790 887 3122 944 humilitate
3152 894 3208 944 et
3250 890 3437 944 multa
3473 889 3611 944 obe-

251 960 494 1030 dientia,
525 967 586 1016 ut
614 966 916 1017 amaretur
943 962 1020 1018 ab
1051 965 1356 1021 omnibus.

324 1086 399 1138 Z'.

252 1177 366 1234 τοὺς
393 1171 648 1245 ἀδελφοὺς
685 1174 840 1245 λέγων
877 1191 887 1202 ·
932 1182 1038 1228 Ποῦ
1069 1175 1210 1228 ἐστιν
1254 1179 1279 1229 6
1324 1177 1539 1251 ἁδελφὸς
1583 1181 1849 1254 Μαρίνος;

253 1265 336 1316 ὅτι
385 1266 493 1334 ἔχω
527 1268 748 1336 σήμερον
804 1269 986 1336 τρίτην
1030 1266 1227 1338 ἡμέραν
1272 1267 1366 1319 οὐκ
1413 1265 1538 1320 οἶδα
1578 1269 1734 1321 αὐτόν
1783 1271 1854 1331 εἰς

250 1349 566 1424 ψαλμῳδίαν
601 1371 613 1383 ·
646 1350 727 1404 ἀεὶ
777 1355 875 1425 γὰρ
910 1357 1010 1427 πρὸ
1059 1357 1262 1407 πάντων
1307 1358 1574 1428 εὑρίσκετο
1626 1376 1638 1386 ·
1687 1358 1853 1410 εἰσέλ-

253 1442 374 1492 θάτε
423 1440 495 1502 εἰς
553 1444 605 1492 τὸ
655 1440 851 1493 κέλλιον
919 1443 1078 1494 αὐτοῦ
1123 1447 1194 1516 μὴ
1249 1442 1517 1518 ἰιῤῥωστίᾳ
1566 1466 1665 1498 τινε
1710 1451 1853 1498 κατὶ-

250 1548 439 1583 κειται.
505 1528 834 1590 Ἀπελθόντες
907 1527 994 1583 οὖν
1070 1532 1214 1604 εὖρον
1294 1535 1450 1586 αὐτὸν
1504 1534 1847 1604 τελειωθέντα,

249 1624 339 1671 καὶ
380 1619 699 1690 ἀπήγγειλαν
764 1627 834 1688 τῷ
892 1622 1183 1692 ἡγουμένῳ,
1228 1624 1307 1673 ὅτι
1346 1624 1371 1674 6
1421 1621 1579 1682 ἀϐϐᾶς
1622 1630 1850 1694 Μαρῖνος

251 1707 539 1774 ἐτελειώθη,
591 1713 680 1760 καὶ
724 1705 858 1760 εἶπεν
915 1725 927 1736 ·
984 1708 1121 1781 Ἀρα
1176 1717 1286 1770 πῶς
1337 1709 1560 1768 ἀπῆλθεν
1610 1713 1639 1768 ἡ
1695 1710 1848 1762 ἀθλία

252 1798 412 1849 αὐτοῦ
471 1799 627 1869 ψυχή
677 1802 877 1867 ,ποίαν
937 1797 1219 1869 ἀπολογίαν
1275 1797 1561 1872 βουλομένη
1609 1796 1790 1852 δοῦναι
1831 1816 1845 1864 ;

254 1891 350 1940 Καὶ
411 1885 696 1960 προσέταξε
747 1882 1068 1944 κηδευθῆναι
1141 1888 1322 1944 αὐτόν.
1391 1893 1491 1941 Καὶ
1559 1892 1622 1949 ὡς
1694 1885 1846 1946 ἦλθον

256 1975 548 2029 ἀποπλῦναι
598 1974 770 2039 αὐτὸν,
826 1974 968 2048 εὗρον
1025 1977 1105 2029 ὅτι
1163 1981 1292 2047 γυνή
1352 1972 1432 2042 ἦν,
1508 1982 1598 2030 καὶ
1663 1979 1849 2040 πάντες

255 2064 534 2137 ἀνέκραξαν
588 2069 647 2116 τό
704 2083 717 2096 ο
775 2067 952 2136 Κύριε,
1020 2064 1254 2123 ἐλέησον,
1328 2065 1386 2117 Ὀ
1456 2062 1514 2118 δὲ
1563 2068 1847 2137 ἡγούμενος

254 2154 562 2205 ἐπυνθάνετο
607 2169 618 2180 ⁶
653 2156 715 2203 Τί
767 2151 929 2218 ἐστιν,
980 2154 1006 2204 ὃ
1058 2156 1204 2224 ἔχετε
1241 2157 1343 2220 ;Οἱ
1393 2151 1451 2206 δε
1493 2152 1631 2207 εἶπον
1663 2156 1741 2206 ὅτι
1790 2155 1849 2207 '0

251 2238 473 2312 ἀδελφὸς
532 2246 758 2314 Μαρῖνος
811 2247 942 2310 γυνή
1001 2240 1166 2298 ἐστιν.
1217 2249 1342 2295 Τότε
1394 2243 1633 2296 εἰσελθὼν
1679 2245 1850 2317 ῥίπτει

254 2329 435 2382 ἑαυτὸν
497 2328 566 2390 εἰς
618 2333 900 2400 πρόσωπον
956 2331 1144 2382 κλαίων
1181 2337 1270 2383 καὶ
1312 2332 1469 2403 λέγων
1518 2349 1531 2361 ·
1569 2329 1700 2384 Ὧδε
1727 2333 1850 2384 ἁπο-

259 2419 466 2475 θνήσκω
493 2417 564 2477 εἰς
617 2421 737 2478 τοὺς
793 2417 970 2488 ἁγίους
1026 2419 1186 2470 αὐτοῦ
1217 2417 1403 2487 πόδας,
1435 2421 1527 2482 ἕως
1557 2421 1617 2471 οὗ
1645 2420 1852 2473 ἀκούσω
1882 2457 1925 2511 8

261 2513 625 2579 συγχώρησιν.
680 2506 838 2559 Ἦλθε
891 2503 948 2559 δὲ
995 2507 1135 2578 αὐτῷ
1186 2513 1323 2579 φωνὴ
1370 2508 1598 2580 λέγουσα
1658 2511 1756 2576 ὅτι,
1791 2510 1854 2560 Εἰ

258 2600 348 2669 μὲν
380 2593 527 2657 εἰδὼς
573 2603 726 2648 τοῦτο
771 2596 1014 2669 ἔπραξας,
1065 2596 1158 2647 οὐκ
1202 2599 1262 2648 ἄν
1298 2617 1392 2649 σου
1439 2600 1783 2672 συνεχωρήθη
1817 2599 1846 2654 ἡ

257 2685 488 2759 ἁμαρτία
515 2702 528 2715 θ
563 2682 742 2744 ἐπειδή
797 2681 857 2737 δὲ
901 2683 948 2736 ἓν
989 2683 1173 2758 ἀγνοίᾳ
1211 2685 1483 2752 ἐποίησας,
1534 2685 1852 2758 ἀφεθήσεταί

259 2793 368 2832 σοι,

454 1086 535 1136 Ἐν
581 1090 679 1156 μιᾷ
727 1085 813 1138 οὖν
843 1094 943 1138 τῶν
988 1089 1188 1162 ἡμερῶν
1220 1089 1487 1161 ἠρώτησεν
1514 1093 1538 1143 ό
1570 1095 1852 1164 ἡγούμενος

2036 1098 2146 1150 VII.
2181 1097 2312 1152 Post
2335 1097 2462 1153 haec
2492 1103 2685 1154 autem
2715 1115 2853 1154 cum
2883 1098 3124 1155 vidisset
3163 1099 3447 1156 Dominus
3472 1115 3611 1172 per-

1962 1182 2178 1239 fectam
2210 1201 2340 1241 esse
2381 1186 2508 1256 ejus
2538 1187 2720 1242 ﬁdem
2751 1191 2803 1242 et
2834 1187 3228 1253 tolerantiam,
3262 1195 3317 1243 et
3342 1205 3470 1244 esse
3525 1189 3613 1244 di—

1963 1287 2145 1340 gnam
2187 1289 2370 1342 regno
2410 1274 2718 1342 caelorum,
2757 1275 2976 1346 accepit
3010 1292 3139 1331 eam
3166 1276 3224 1330 in
3258 1282 3478 1333 aeterna
3508 1293 3614 1348 pa-

1963 1359 2143 1413 radisi
2178 1361 2578 1432 tabernacula,
2632 1363 2867 1418 nemine
2911 1363 3148 1419 sciente.
3196 1368 3342 1420 Nam
3390 1381 3528 1421 cum
3560 1364 3608 1419 is

1962 1447 2227 1513 obiisset,
2273 1453 2327 1503 et
2358 1464 2467 1504 nec
2510 1451 2882 1521 egrederetur
2921 1452 2998 1506 ad
3042 1453 3344 1508 servitium
3399 1468 3608 1508 mona-

1962 1535 2138 1600 sterii,
2173 1540 2231 1591 et
2260 1553 2367 1592 nec
2396 1537 2473 1592 ad
2505 1539 2902 1608 psalmodiam
2932 1540 3171 1609 regulas,
3200 1541 3429 1610 rogavit
3464 1557 3608 1613 prae-

1961 1620 2145 1678 fectus
2193 1623 2422 1689 fratres,
2467 1626 2703 1680 dicens:
2755 1627 2863 1681 Ubi
2911 1631 2996 1681 est
3037 1627 3228 1684 abbas
3287 1629 3544 1685 Marinus
3573 1629 3600 1684 ‘I

1959 1713 2097 1766 Ecce
2131 1712 2292 1766 enim
2316 1714 2441 1782 jam
2476 1715 2882 1785 praeterierunt
2907 1721 3021 1770 tres
3047 1715 3171 1771 dies
3203 1732 3274 1771 ex
3303 1733 3425 1788 quo
3463 1733 3602 1772 eum

1960 1799 2185 1855 Primus
2231 1808 2451 1870 autem,
2493 1804 2766 1858 omnium
2813 1803 3230 1858 inveniebatur
3272 1805 3329 1860 in
3379 1806 3602 1875 regula.

1958 1888 2340 1957 lngredimini
2375 1906 2515 1959 ergo
2555 1891 2683 1961 ejus
2722 1891 2951 1956 cellam,
2995 1898 3049 1946 et
3090 1892 3303 1958 videte,
3351 1907 3494 1947 num
3543 1893 3602 1947 in

1956 1991 2072 2031 non
2118 1978 2236 2032 vidi
2276 1979 2336 2033 in
2366 1979 2720 2050 psalmodia,
2761 1995 2954 2050 neque
3004 1979 3064 2034 in
3107 1995 3216 2034 suo
3251 1979 3602 2036 ministerio.

1957 2065 2218 2136 aliquam
2245 2067 2524 2122 ceciderit
2551 2067 2982 2136 aegritudinem.
3019 2070 3165 2123 Cum
3203 2074 3400 2124 autem
3434 2069 3604 2123 venis

1959 2159 2086 2208 sent
2116 2154 2324 2211 fratres
2355 2157 2415 2210 in
2457 2155 2684 2220 cellam,
2721 2156 2928 2220 beatae,
2965 2157 3217 2225 ingressi
3255 2156 3607 2212 invenerunt

1960 2258 2096 2298 eam
2125 2249 2604 2300 consummatam
2634 2245 2694 2299 in
2728 2246 3000 2308 Domino,
3034 2252 3089 2300 et
3110 2261 3362 2316 puerum
3389 2245 3440 2300 ei
3463 2246 3608 2301 assi-

1961 2331 2200 2388 dentem
2231 2339 2284 2387 et
2320 2333 2582 2388 ﬂentem.
2622 2335 2784 2388 Tunc
2824 2349 3074 2405 propere
3116 2334 3338 2403 egressi
3372 2335 3606 2398 fratres,

1963 2422 2238 2490 prmfecto
2277 2422 2718 2487 renuntiarunt,
2763 2421 3058 2476 dicentes:
3115 2421 3312 2477 Frater
3353 2422 3610 2477 Marinus

1961 2510 2216 2564 dormiit.
2262 2510 2359 2564 Ille
2410 2526 2549 2566 vero
2594 2526 2732 2566 cum
2772 2510 3078 2574 audiisset,
3131 2511 3384 2566 miratus
3426 2514 3515 2566 est
3554 2515 3609 2564 et

1961 2597 2136 2653 dixit:
2209 2599 2522 2662 Quomodo
2569 2599 2823 2656 excessit
2878 2599 3001 2669 ejus
3033 2597 3254 2654 anima.
3289 2603 3392 2654 aut
3419 2614 3603 2669 quam

1963 2686 2083 2742 Deo
2105 2685 2390 2742 allaturus
2417 2691 2502 2740 est
2525 2687 2969 2741 excusationem
3021 2686 3094 2740 de
3136 2686 3207 2741 iis
3237 2703 3371 2758 quae
3403 2701 3610 2758 pecca-

1962 2777 2046 2832 vit
2069 2777 2097 2830 ‘?
2124 2777 2283 2831 Tunc
2321 2775 2395 2830 de
2430 2779 2637 2831 caetero
2672 2775 2867 2845 jussit,
2911 2779 2974 2829 ut
3012 2774 3064 2830 ei
3107 2777 3268 2845 justa
3320 2775 3606 2832 facerent.

255 2900 403 2954 Cum
428 2903 629 2954 autem
661 2899 957 2954 venissent
986 2899 1214 2962 fratres,
1246 2902 1311 2953 ut
1339 2913 1476 2953 eum
1511 2905 1940 2971 componerent
1968 2900 2045 2956 ad
2063 2897 2491 2968 sepeliendum,
2512 2897 3018 2952 invenerunteum
3039 2913 3170 2953 esse
3188 2898 3529 2954 mulierem:
3553 2903 3609 2952 et

257 2986 588 3058 stupefacti,
629 2991 936 3058 cmperunt
971 3001 1180 3041 omnes
1241 3001 1358 3041 una
1379 3003 1520 3042 voce
1549 2987 1840 3044 clamare:
1879 2990 2146 3053 Domine,
2181 2986 2413 3041 misere.
2457 2985 2764 3041 Praefectus
2791 3001 2931 3040 vero
2981 3001 3118 3041 cum
3161 2986 3480 3041 tumultum
3504 3002 3610 3042 au-

256 3075 466 3131 diisset
495 3082 547 3131 el
586 3074 1116 3138 conturbationem,
1150 3075 1396 3143 rogavit,
1439 3074 1640 3130 dicens
1669 3099 1680 3130 :
1717 3076 2017 3142 Quidnam
2048 3075 2158 3130 hos
2189 3073 2297 3129 sibi
2332 3075 2451 3128 vult
2471 3073 2498 3126 ’ἶ
2525 3072 2607 3128 Illi
2636 3079 2835 3130 autem
2866 3074 3153 3145 dicuntgei
3177 3090 3313 3129 cum
3346 3074 3612 3130 admira-

255 3167 448 3224 tione:
485 3166 682 3220 Frater
698 3169 902 3218 noster
931 3162 1186 3219 Marinus
1219 3168 1306 3218 est
1328 3179 1472 3219 sexu
1506 3164 1733 3220 mulier.
1765 3168 1911 3221 Cum
1948 3164 2204 3220 venisset
2244 3176 2384 3231 ergo
2415 3161 2746 3232 praefectus,
2775 3168 2831 3217 et
2865 3163 3108 3216 vidisset
3133 3178 3258 3216 rem
3286 3162 3612 3219 admirabi-

251 3254 369 3311 lem
402 3257 459 3309 et
488 3257 696 3324 praeter
724 3250 1090 3322 opinionem,
1123 3267 1183 3306 se
1208 3250 1376 3306 humi
1395 3252 1660 3322 projecit,
1695 3256 1752 3308 et
1781 3257 1987 3309 tenens
2013 3251 2196 3324 pedes
2220 3249 2428 3320 beatae,
2462 3265 2600 3304 cum
2631 3249 2830 3305 multis
2859 3249 3136 3320 lacrymis
3167 3250 3485 3315 clamabat,
3521 3251 3612 3305 dl-

257 3357 432 3399 cens:
465 3342 710 3411 Ignosce
758 3339 926 3405 mihi,
962 3339 1206 3395 Domine
1237 3341 1376 3394 Iesu
1406 3338 1654 3404 Christe,
1685 3341 1849 3412 quod
1887 3356 1986 3412 per
2020 3338 2417 3409 ignorantiam
2447 3338 2687 3408 peccavi
2718 3338 2776 3391 in
2806 3344 3075 3393 sanctam
3103 3342 3157 3392 et
3187 3345 3415 3393 castam
3447 3345 3612 3394 tuam

259 3446 564 3503 sponsam.
591 3431 655 3484 Et
679 3443 885 3483 rursus
901 3427 1217 3500 procidens
1233 3427 1311 3484 ad
1345 3429 1717 3485 venerandas
1737 3436 1793 3485 et
1819 3433 2056 3485 sanctas
2085 3428 2209 3496 ejus
2230 3425 2528 3497 reliquias,
2561 3425 2880 3492 clamabat,
2905 3425 3136 3480 dicens:
3164 3426 3262 3479 Hic
3285 3426 3504 3482 moriar
3539 3427 3616 3482 ad

261 3523 494 3576 sanctos
526 3523 582 3574 et
607 3518 982 3573 venerandos
1009 3522 1142 3572 tuos
1165 3517 1370 3588 pedes,
1401 3517 1593 3573 donec
1616 3518 1862 3575 audiero
1884 3517 2030 3573 mihi
2050 3531 2183 3572 esse
2205 3515 2544 3570 condonata
2566 3531 2634 3570 ea
2660 3530 2794 3586 quae
2816 3515 2876 3569 in
2903 3521 2953 3568 te
2980 3515 3243 3586 peccavi.
3279 3515 3424 3568 Cum
3445 3515 3494 3569 is
3513 3531 3623 3570 au-

260 3614 376 3666 tem
405 3608 509 3664 diu
533 3605 774 3662 deﬂeret
804 3610 858 3661 et
906 3605 1232 3677 plangeret,
1262 3606 1422 3661 venit
1462 3608 1539 3661 ad
1583 3623 1721 3662 eum
1760 3623 1876 3662 vox
1902 3606 1977 3662 de
2006 3604 2176 3669 caelo,
2205 3603 2441 3658 dicens:
2481 3603 2536 3659 Si
2563 3604 2676 3658 hoc
2707 3603 2953 3675 quidem
2977 3602 3174 3658 sciens
3205 3602 3466 3668 fecisses,
3497 3619 3618 3659 non

262 3699 367 3754 tibi
397 3697 839 3752 condonassem
865 3711 878 3762 ;
906 3695 1050 3767 quia
1081 3699 1282 3750 autem
1315 3697 1585 3750 nesciens
1617 3697 1730 3750 hoc
1762 3696 1966 3766 fecisti,
2000 3697 2311 3767 peccatum
2341 3691 2448 3747 fuit
2491 3693 2591 3748 tibi
2631 3694 3054 3748 condonatum.

339 3823 418 3876 H'.
473 3826 573 3874 Καὶ
635 3821 860 3895 ἐγερθεὶς
918 3817 1070 3877 δηλοί
1111 3827 1182 3889 τῷ
1238 3815 1500 3889 πανδοχεῖ
1531 3837 1543 3849 ·
1577 3824 1665 3870 καὶ
1705 3817 1852 3870 εἰσελ·

2047 3817 2179 3871 VIIl.
2204 3819 2364 3873 Tunc
2394 3832 2641 3887 surgens
2671 3817 2980 3889 praefectus
3022 3832 3058 3872 a
3087 3817 3444 3871 venerandis
3486 3818 3618 3888 ejus

268 3913 441 3973 θόντος
498 3911 656 3963 αὐτοῦ
693 3911 825 3983 λέγει
868 3925 878 3935 '
925 3905 1069 3961 Ἰδοὺ
1129 3910 1154 3960 6
1206 3915 1427 3982 Μαρῐνος
1476 3906 1750 3980 ἐκοιμήθη.
1801 3914 1852 3958 Ὀ

1969 3905 2250 3978 reliquiis,
2285 3906 2478 3962 statim
2519 3906 2675 3961 misit
2704 3906 2780 3962 ad
2816 3904 3152 3976 praefectum
3188 3905 3623 3971 diversorii,di-

272 3996 330 4052 δὲ
361 4000 494 4072 λέγει
528 4019 539 4031 ·
564 3999 620 4052 Ὀ
671 4003 800 4060 Θεὸς
845 4003 1188 4070 συγχωρήσει
1233 3997 1389 4067 αὐτῷ,
1432 3998 1511 4048 ὅτι
1544 3999 1732 4072 ἔρημόν
1771 3999 1856 4048 τὸν

266 4088 402 4142 οἶκόν
433 4109 533 4161 μου
584 4089 844 4146 ἐποίησεν.
897 4092 1050 4159 Λέγει
1099 4087 1237 4156 αὐτῷ
1281 4088 1306 4137 6
1338 4088 1619 4158 ἡγούμενος
1648 4103 1660 4115 '
1689 4093 1856 4138 Μετα-

263 4184 351 4236 νόη
361 4198 470 4244 σον,
547 4175 751 4250 ἀδελφὲ,

263 4268 395 4340 κάμὲ
436 4272 501 4320 σὺ
541 4267 725 4340 ἐπῆρες
775 4274 881 4326 τοῖς
931 4265 1102 4336 λόγοις
1165 4283 1258 4316 σου
1312 4280 1324 4293 ·

259 4363 389 4430 γυνὴ
424 4356 587 4409 ἐστιν.
642 4355 750 4408 Καὶ
778 4357 1016 4424 ἐπιγνοὺς
1049 4360 1200 4404 τοῦτο
1247 4353 1271 4401 6
1301 4347 1499 4410 πάνὸοξ
1548 4349 1726 4410 ἐξέστη
1761 4352 1852 4398 καὶ

263 4441 482 4507 ἑδόξασε
526 4448 611 4496 τὸν
662 4448 808 4496 Θεὸν.
859 4445 958 4493 Καὶ
1005 4436 1142 4504 ἰδοὺ,
1195 4437 1242 4488 ἐν
1287 4438 1432 4509 ὀλίγῃ
1485 4439 1593 4510 ὥρα
1629 4439 1851 4508 παραγί-

265 4554 406 4587 νεται
433 4535 463 4591 ἡ
511 4535 744 4603 θυγάτηρ
791 4530 951 4581 αὐτοῦ
991 4528 1302 4599 ἐλεγχομένη
1352 4531 1440 4578 καὶ
1488 4527 1712 4598 λέγουσα
1756 4529 1848 4583 τὴν

268 4622 530 4688 ἀλήθειαν,
564 4620 644 4671 ὃτι
694 4619 751 4671 Ὀ
803 4623 1130 4694 στρατιώτης
1172 4618 1399 4674 ἐπάτησέ
1440 4635 1522 4688 με,
1569 4620 1658 4667 καὶ
1705 4615 1847 4686 ἐμία-

265 4729 336 4782 νε,
395 4716 485 4762 καὶ
526 4716 858 4785 παραχρῆμα
912 4708 1052 4764 ἰάθηο
1116 4712 1214 4760 Καὶ
1268 4705 1501 4766 λαϐόντες
1558 4705 1606 4757 οἰ
1639 4702 1854 4776 ἀδελφοὶ

265 4804 322 4854 τὸ
365 4799 601 4871 λείψανον
645 4807 739 4860 τῆς
783 4800 927 4858 ὁσίας
975 4801 1200 4869 Μαρίας,
1231 4800 1538 4870 μυρίσαντες
1581 4796 1846 4847 κατέθεντο

265 4889 315 4942 ἐν
344 4893 485 4961 τόπῳ
514 4896 680 4961 σεμνῷ
711 4889 840 4961 μετὰ
863 4889 1042 4948 πάσης
1067 4882 1408 4959 δωροφορίας.
1429 4887 1656 4957 Χριστόν
1684 4883 1853 4956 ἀνυμ-

262 4987 460 5039 νοῡντες
489 4982 575 5030 τὸν
617 4985 829 5050 Σωτῆρα
856 4984 955 5028 τῶν
997 4975 1252 5039 ἁπάντων,
1295 4979 1380 5026 τόν
1421 4973 1498 5027 ἀεὶ
1553 4970 1846 5035 δοξάζοντα

261 5073 382 5130 τοὺς
412 5065 725 5131 δοξάζοντας
767 5066 940 5120 αὐτόν.
983 5065 1130 5136 Αὐτῷ
1169 5067 1197 5123 ἡ
1250 5061 1381 5126 δόξα
1419 5064 1484 5123 εἰς
1507 5067 1623 5125 τοὺς
1654 5063 1842 5124 αἰῶνας

262 5166 360 5210 τῶν
391 5157 604 5213 αἰώνων.
633 5156 828 5229 Ἀμήν.

833 4179 912 4228 ὅτι
985 4179 1206 4248 ἥμαρτες
1281 4175 1487 4226 ἐνώπιον
1565 4182 1655 4225 τοῦ
1721 4181 1854 4225 Θεοῦ

1382 4265 1407 4314 6
1461 4266 1560 4334 γὰρ
1624 4269 1854 4333 Μαρίνος

1966 4011 2147 4050 cens:
2176 3994 2313 4050 Veni
2356 3996 2471 4050 cito
2533 3995 2610 4050 ad
2653 4010 2786 4058 nos,
2841 4010 2984 4050 nam
3015 3998 3070 4048 te
3099 3993 3234 4049 volo
3275 3996 3614 4050 convenire.

1965 4085 2111 4138 Cum
2144 4089 2338 4137 autem
2366 4085 2622 4138 venisset
2662 4082 2975 4154 praefectus
3019 4082 3349 4147 diversorii,
3401 4083 3539 4138 dicit
3570 4085 3624 4138 ei

1962 4169 2274 4240 praefectus
2341 4170 2682 4225 monasterii
2729 4186 2739 4226 :
2806 4173 2946 4224 Ecce
2993 4168 3174 4223 frater
3222 4170 3476 4225 Marinus
3535 4177 3622 4227 est

1961 4262 2251 4311 mortuus.
2289 4259 2338 4309 Is
2379 4272 2516 4311 vero
2547 4257 2687 4310 dicit
2726 4256 3000 4326 praefecto
3043 4257 3429 4312 monasterii:
3458 4259 3616 4314 Deus

1958 4345 2010 4400 ei
2063 4344 2354 4399 condonet
2382 4344 2444 4398 id
2477 4343 2642 4415 quod
2685 4343 2819 4397 fecit
2843 4345 2900 4398 in
2957 4344 3252 4413 abjectam
3287 4361 3482 4400 meam
3546 4347 3616 4401 ﬁ-

1956 4434 2117 4500 liam.
2165 4432 2305 4488 Dicit
2349 4433 2398 4487 ei
2427 4431 2737 4504 praefectus
2773 4433 3116 4487 monasterii
3147 4449 3157 4488 :
3198 4433 3613 4491 Paenitentiam

1957 4541 2085 4595 age,
2114 4539 2150 4578 ο
2202 4523 2396 4578 frater.
2431 4521 2579 4577 Nam
2615 4523 2875 4592 peccasti
2907 4537 3109 4576 coram
3159 4525 3292 4578 Deo.
3349 4524 3463 4579 Sed
3519 4541 3620 4581 me

1956 4628 2196 4685 quoque
2214 4611 2326 4666 tuis
2350 4610 2542 4666 verbis
2568 4610 2871 4681 decepisti,
2897 4616 2952 4666 et
2974 4611 3210 4682 peccavi
3234 4627 3342 4682 ego
3363 4629 3616 4685 quoque

1956 4706 2196 4774 propter
2239 4705 2311 4756 te.
2362 4703 2506 4755 Ecce
2547 4700 2705 4755 enim
2737 4701 2984 4755 Marinus
3026 4716 3229 4756 revera
3252 4707 3336 4756 est
3362 4703 3616 4768 mulier,

1958 4793 2105 4846 Cum
2133 4791 2262 4846 haec
2288 4794 2478 4845 autem
2509 4788 2833 4844 audivisset
2856 4787 3167 4859 praefectus
3194 4789 3526 4853 diversorii,
3560 4798 3615 4846 et

1957 4878 2214 4952 praefecti
2238 4878 2427 4934 verbis
2451 4877 2657 4934 fuisset
2673 4876 3138 4947 obstupefactus,
3165 4876 3386 4932 mansit
3405 4883 3614 4933 mutus

1961 4972 2017 5025 et
2054 4968 2353 5024 attonitus.
2392 4967 2540 5022 Eum
2569 4981 2709 5021 vero
2742 4981 2926 5020 manu
2964 4965 3422 5036 apprehendens
3465 4981 3612 5036 prse-

1960 5057 2143 5114 fectus
2174 5057 2538 5122 monasterii,
2571 5054 2738 5110 duxit
2774 5069 2912 5108 eum
2941 5054 3003 5110 in
3032 5053 3250 5118 locum,
3281 5054 3343 5108 in
3377 5070 3498 5126 quo
3527 5056 3618 5126 ja-

1889 5153 1934 5208 D
1965 5148 2139 5206 cebat
2170 5147 2346 5202 beata
2371 5146 2578 5202 Maria:
2612 5148 2668 5200 et
2700 5158 2835 5198 cum
2869 5157 3004 5198 eam
3036 5143 3280 5197 honeste
3317 5148 3373 5198 et
3403 5146 3614 5200 decore

263 5282 514 5338 locasset
543 5297 611 5337 ac
636 5278 1089 5352 composuisset,
1123 5278 1171 5332 ei
1194 5275 1452 5332 ostendit
1481 5276 1675 5347 ipsam
1711 5290 1845 5330 esse
1877 5291 2015 5332 sexu
2046 5270 2349 5340 feminam,
2383 5273 2438 5324 et
2462 5283 2592 5323 eam
2624 5266 2810 5321 fuisse
2840 5270 3056 5321 temere
3089 5264 3412 5322 maledictis
3433 5283 3618 5341 appe-

264 5372 450 5427 titam.
483 5369 646 5426 Tunc
679 5371 856 5440 coepit
887 5367 1191 5422 diversorii
1234 5380 1474 5437 quoque
1507 5364 1820 5436 praefectus
1849 5363 2063 5420 deﬂere
2103 5363 2343 5432 propter
2371 5356 2742 5428 inopinatum
2773 5354 2850 5409 ab
2888 5369 2958 5409 eo
2996 5353 3191 5408 visum
3232 5354 3585 5413 miraculum

264 5460 396 5517 Post
422 5462 550 5516 haec
567 5464 766 5516 autem
791 5459 953 5530 justa
993 5456 1255 5512 fecerunt
1285 5455 1505 5511 sanctis
1535 5459 1593 5510 et
1622 5452 1978 5510 venerandis
1999 5451 2127 5522 ejus
2154 5446 2438 5520 reliquiis,
2470 5449 2527 5500 et
2549 5444 2951 5516 deposuerunt
2981 5441 3042 5497 in
3067 5442 3284 5515 insigni
3315 5443 3445 5499 loco
3474 5461 3599 5502 mo-

265 5549 521 5618 nasterii,
553 5565 689 5605 cum
718 5547 972 5619 psalmis
1003 5552 1056 5601 et
1093 5544 1336 5617 hymnis
1358 5550 1412 5600 et
1442 5544 1639 5600 multis
1669 5541 2022 5605 luminibus,
2046 5543 2257 5595 octavo
2300 5534 2511 5590 mensis
2545 5531 2860 5589 Februarii.
2894 5531 3102 5589 Statim
3131 5547 3270 5588 vero
3289 5532 3449 5589 venit
3476 5533 3598 5589 ﬁlia

265 5637 530 5713 praefecti
565 5636 870 5699 diversorii
893 5653 931 5695 a
955 5636 1226 5694 daemone
1254 5638 1542 5708 correpta,
1575 5637 1632 5691 et
1663 5631 1954 5690 conﬁtens
1992 5643 2236 5686 omnem
2271 5625 2598 5692 veritatem,
2638 5627 2697 5680 et
2723 5621 2959 5679 dicens:
2990 5622 3142 5680 Talis
3180 5621 3348 5678 miles
3377 5635 3473 5676 me
3515 5621 3596 5676 fes
