  <div class='ocr_page' id='page_1' title='image "/cluster/home/n/w/nwhite01/storage/ocr_20150623/115/mdp.39015028574336/185.png"; bbox 0 0 4114 6262; ppageno 0'>
   <div class='ocr_carea' id='block_1_1' title="bbox 547 273 3955 345">
    <p class='ocr_par' dir='ltr' id='par_1_1' title="bbox 547 273 3955 345">
     <span class='ocr_line' id='line_1_1' title="bbox 547 273 3955 345; baseline -0.005 0"><span class='ocrx_word' id='word_1_1' title='bbox 547 292 651 345; x_wconf 78' lang='lat'>355</span> <span class='ocrx_word' id='word_1_2' title='bbox 1947 279 2205 336; x_wconf 81' lang='lat' dir='ltr'>MENSIS</span> <span class='ocrx_word' id='word_1_3' title='bbox 2244 278 2512 334; x_wconf 74' lang='lat' dir='ltr'>IULIUS.</span> <span class='ocrx_word' id='word_1_4' title='bbox 3845 273 3955 329; x_wconf 76' lang='lat'>356</span> 
     </span>
    </p>
   </div>
   <div class='ocr_carea' id='block_1_2' title="bbox 546 399 3958 484">
    <p class='ocr_par' dir='ltr' id='par_1_2' title="bbox 546 399 3958 484">
     <span class='ocr_line' id='line_1_2' title="bbox 546 399 3958 484; baseline -0.005 -14"><span class='ocrx_word' id='word_1_5' title='bbox 546 414 711 478; x_wconf 75' lang='lat' dir='ltr'>tellit,</span> <span class='ocrx_word' id='word_1_6' title='bbox 743 416 799 467; x_wconf 90' lang='lat' dir='ltr'>et</span> <span class='ocrx_word' id='word_1_7' title='bbox 822 410 1130 484; x_wconf 84' lang='lat' dir='ltr'>persuasit,</span> <span class='ocrx_word' id='word_1_8' title='bbox 1165 412 1227 463; x_wconf 91' lang='lat' dir='ltr'>ut</span> <span class='ocrx_word' id='word_1_9' title='bbox 1256 407 1406 464; x_wconf 83' lang='lat' dir='ltr'>falso</span> <span class='ocrx_word' id='word_1_10' title='bbox 1438 421 1784 462; x_wconf 81' lang='lat' dir='ltr'>accusarem</span> <span class='ocrx_word' id='word_1_11' title='bbox 1823 405 1977 460; x_wconf 89' lang='lat' dir='ltr'>hanc</span> <span class='ocrx_word' id='word_1_12' title='bbox 1999 403 2258 458; x_wconf 85' lang='lat' dir='ltr'>beatam.</span> <span class='ocrx_word' id='word_1_13' title='bbox 2304 402 2522 458; x_wconf 91' lang='lat' dir='ltr'>Deinde</span> <span class='ocrx_word' id='word_1_14' title='bbox 2549 418 2686 457; x_wconf 87' lang='lat' dir='ltr'>cum</span> <span class='ocrx_word' id='word_1_15' title='bbox 2718 399 3265 472; x_wconf 87' lang='lat' dir='ltr'>appropinquasset</span> <span class='ocrx_word' id='word_1_16' title='bbox 3283 400 3482 456; x_wconf 91' lang='lat' dir='ltr'>loculo</span> <span class='ocrx_word' id='word_1_17' title='bbox 3516 401 3753 465; x_wconf 82' lang='lat' dir='ltr'>beatae,</span> <span class='ocrx_word' id='word_1_18' title='bbox 3793 416 3958 469; x_wconf 63' lang='lat' dir='ltr'>prte-</span> 
     </span>
    </p>
   </div>
   <div class='ocr_carea' id='block_1_3' title="bbox 548 489 3957 566">
    <p class='ocr_par' dir='ltr' id='par_1_3' title="bbox 548 489 3957 566">
     <span class='ocr_line' id='line_1_3' title="bbox 548 489 3957 566; baseline -0.004 -8"><span class='ocrx_word' id='word_1_19' title='bbox 548 503 696 558; x_wconf 88' lang='lat' dir='ltr'>fecto</span> <span class='ocrx_word' id='word_1_20' title='bbox 723 506 779 556; x_wconf 88' lang='lat' dir='ltr'>et</span> <span class='ocrx_word' id='word_1_21' title='bbox 798 500 1072 555; x_wconf 80' lang='lat' dir='ltr'>fratribus</span> <span class='ocrx_word' id='word_1_22' title='bbox 1099 497 1447 566; x_wconf 78' lang='lat' dir='ltr'>rogantibus</span> <span class='ocrx_word' id='word_1_23' title='bbox 1495 501 1715 551; x_wconf 65' lang='lat' dir='ltr'>sanctas</span> <span class='ocrx_word' id='word_1_24' title='bbox 1743 493 2107 550; x_wconf 86' lang='lat' dir='ltr'>venerandas</span> <span class='ocrx_word' id='word_1_25' title='bbox 2138 493 2439 563; x_wconf 70' lang='lat' dir='ltr'>reliquias,</span> <span class='ocrx_word' id='word_1_26' title='bbox 2469 492 2737 562; x_wconf 81' lang='lat' dir='ltr'>protinus</span> <span class='ocrx_word' id='word_1_27' title='bbox 2768 492 2901 561; x_wconf 86' lang='lat' dir='ltr'>ipsa</span> <span class='ocrx_word' id='word_1_28' title='bbox 2927 490 3077 545; x_wconf 88' lang='lat' dir='ltr'>hora</span> <span class='ocrx_word' id='word_1_29' title='bbox 3111 490 3220 545; x_wconf 89' lang='lat' dir='ltr'>fuit</span> <span class='ocrx_word' id='word_1_30' title='bbox 3245 497 3446 546; x_wconf 88' lang='lat' dir='ltr'>curata</span> <span class='ocrx_word' id='word_1_31' title='bbox 3478 496 3537 545; x_wconf 91' lang='lat' dir='ltr'>et</span> <span class='ocrx_word' id='word_1_32' title='bbox 3564 489 3901 544; x_wconf 85' lang='lat' dir='ltr'>mundata</span> <span class='ocrx_word' id='word_1_33' title='bbox 3924 506 3957 543; x_wconf 87' lang='lat' dir='ltr'>a</span> 
     </span>
    </p>
   </div>
   <div class='ocr_carea' id='block_1_4' title="bbox 543 578 3957 653">
    <p class='ocr_par' dir='ltr' id='par_1_4' title="bbox 543 578 3957 653">
     <span class='ocr_line' id='line_1_4' title="bbox 543 578 3957 653; baseline -0.004 -7"><span class='ocrx_word' id='word_1_34' title='bbox 543 592 836 645; x_wconf 70' lang='lat' dir='ltr'>daemone.</span> <span class='ocrx_word' id='word_1_35' title='bbox 868 592 1022 643; x_wconf 81' lang='lat' dir='ltr'>Tunc</span> <span class='ocrx_word' id='word_1_36' title='bbox 1056 602 1191 641; x_wconf 91' lang='lat' dir='ltr'>cum</span> <span class='ocrx_word' id='word_1_37' title='bbox 1220 586 1501 639; x_wconf 81' lang='lat' dir='ltr'>vidissent</span> <span class='ocrx_word' id='word_1_38' title='bbox 1535 582 1907 647; x_wconf 83' lang='lat' dir='ltr'>miraculum,</span> <span class='ocrx_word' id='word_1_39' title='bbox 1941 582 2104 653; x_wconf 91' lang='lat' dir='ltr'>quod</span> <span class='ocrx_word' id='word_1_40' title='bbox 2126 589 2247 636; x_wconf 89' lang='lat' dir='ltr'>erat</span> <span class='ocrx_word' id='word_1_41' title='bbox 2266 587 2475 651; x_wconf 73' lang='lat' dir='ltr'>praeter</span> <span class='ocrx_word' id='word_1_42' title='bbox 2497 580 2861 650; x_wconf 89' lang='lat' dir='ltr'>opinionem,</span> <span class='ocrx_word' id='word_1_43' title='bbox 2896 578 3445 634; x_wconf 88' lang='lat' dir='ltr'>laudaruntomnes</span> <span class='ocrx_word' id='word_1_44' title='bbox 3476 580 3867 633; x_wconf 86' lang='lat' dir='ltr'>clementem</span> <span class='ocrx_word' id='word_1_45' title='bbox 3902 586 3957 631; x_wconf 89' lang='lat' dir='ltr'>et</span> 
     </span>
    </p>
   </div>
   <div class='ocr_carea' id='block_1_5' title="bbox 538 666 3953 745">
    <p class='ocr_par' dir='ltr' id='par_1_5' title="bbox 538 666 3953 745">
     <span class='ocr_line' id='line_1_5' title="bbox 538 666 3953 745; baseline -0.004 -12"><span class='ocrx_word' id='word_1_46' title='bbox 538 678 871 745; x_wconf 86' lang='lat' dir='ltr'>benignum</span> <span class='ocrx_word' id='word_1_47' title='bbox 904 678 1087 730; x_wconf 91' lang='lat' dir='ltr'>Deum</span> <span class='ocrx_word' id='word_1_48' title='bbox 1122 682 1352 745; x_wconf 89' lang='lat' dir='ltr'>prOpter</span> <span class='ocrx_word' id='word_1_49' title='bbox 1383 675 1620 742; x_wconf 87' lang='lat' dir='ltr'>signum</span> <span class='ocrx_word' id='word_1_50' title='bbox 1653 671 1817 744; x_wconf 91' lang='lat' dir='ltr'>quod</span> <span class='ocrx_word' id='word_1_51' title='bbox 1835 672 2055 726; x_wconf 87' lang='lat' dir='ltr'>factum</span> <span class='ocrx_word' id='word_1_52' title='bbox 2084 670 2291 734; x_wconf 83' lang='lat' dir='ltr'>fuerat,</span> <span class='ocrx_word' id='word_1_53' title='bbox 2316 674 2369 723; x_wconf 86' lang='lat' dir='ltr'>et.</span> <span class='ocrx_word' id='word_1_54' title='bbox 2403 674 2643 740; x_wconf 83' lang='lat' dir='ltr'>propter</span> <span class='ocrx_word' id='word_1_55' title='bbox 2665 668 3008 739; x_wconf 81' lang='lat' dir='ltr'>patientiam</span> <span class='ocrx_word' id='word_1_56' title='bbox 3032 675 3086 722; x_wconf 87' lang='lat' dir='ltr'>et</span> <span class='ocrx_word' id='word_1_57' title='bbox 3106 668 3471 723; x_wconf 88' lang='lat' dir='ltr'>tolerantiam</span> <span class='ocrx_word' id='word_1_58' title='bbox 3502 669 3734 732; x_wconf 70' lang='lat' dir='ltr'>beatas,</span> <span class='ocrx_word' id='word_1_59' title='bbox 3772 666 3953 738; x_wconf 89' lang='lat' dir='ltr'>quod</span> 
     </span>
    </p>
   </div>
   <div class='ocr_carea' id='block_1_6' title="bbox 542 758 3953 837">
    <p class='ocr_par' dir='ltr' id='par_1_6' title="bbox 542 758 3953 837">
     <span class='ocr_line' id='line_1_6' title="bbox 542 758 3953 837; baseline -0.003 -15"><span class='ocrx_word' id='word_1_60' title='bbox 542 766 885 837; x_wconf 90' lang='lat' dir='ltr'>perstitisset</span> <span class='ocrx_word' id='word_1_61' title='bbox 916 780 1105 836; x_wconf 89' lang='lat' dir='ltr'>usque</span> <span class='ocrx_word' id='word_1_62' title='bbox 1140 764 1216 818; x_wconf 92' lang='lat' dir='ltr'>ad</span> <span class='ocrx_word' id='word_1_63' title='bbox 1251 768 1523 831; x_wconf 90' lang='lat' dir='ltr'>mortem,</span> <span class='ocrx_word' id='word_1_64' title='bbox 1550 779 1667 818; x_wconf 91' lang='lat' dir='ltr'>non</span> <span class='ocrx_word' id='word_1_65' title='bbox 1708 763 1983 834; x_wconf 90' lang='lat' dir='ltr'>aperiens</span> <span class='ocrx_word' id='word_1_66' title='bbox 2017 776 2079 813; x_wconf 90' lang='lat' dir='ltr'>se</span> <span class='ocrx_word' id='word_1_67' title='bbox 2112 774 2241 813; x_wconf 91' lang='lat' dir='ltr'>esse</span> <span class='ocrx_word' id='word_1_68' title='bbox 2270 758 2597 823; x_wconf 87' lang='lat' dir='ltr'>mulierem,</span> <span class='ocrx_word' id='word_1_69' title='bbox 2634 763 2871 828; x_wconf 88' lang='lat' dir='ltr'>propter</span> <span class='ocrx_word' id='word_1_70' title='bbox 2903 772 3154 827; x_wconf 81' lang='lat' dir='ltr'>regnum</span> <span class='ocrx_word' id='word_1_71' title='bbox 3182 758 3711 811; x_wconf 74' lang='lat' dir='ltr'>ccelor11m.Etnos</span> <span class='ocrx_word' id='word_1_72' title='bbox 3736 772 3953 823; x_wconf 81' lang='lat' dir='ltr'>ergoo</span> 
     </span>
    </p>
   </div>
   <div class='ocr_carea' id='block_1_7' title="bbox 541 846 3951 922">
    <p class='ocr_par' dir='ltr' id='par_1_7' title="bbox 541 846 3951 922">
     <span class='ocr_line' id='line_1_7' title="bbox 541 846 3951 922; baseline -0.003 -11"><span class='ocrx_word' id='word_1_73' title='bbox 541 854 747 911; x_wconf 87' lang='lat' dir='ltr'>fratres</span> <span class='ocrx_word' id='word_1_74' title='bbox 770 854 985 917; x_wconf 86' lang='lat' dir='ltr'>dilecti,</span> <span class='ocrx_word' id='word_1_75' title='bbox 1012 852 1365 907; x_wconf 77' lang='lat' dir='ltr'>aemulemur</span> <span class='ocrx_word' id='word_1_76' title='bbox 1387 853 1515 922; x_wconf 89' lang='lat' dir='ltr'>ejus</span> <span class='ocrx_word' id='word_1_77' title='bbox 1540 848 2373 915; x_wconf 88' lang='lat' dir='ltr'>fortitudinem,constantiam</span> <span class='ocrx_word' id='word_1_78' title='bbox 2397 853 2453 902; x_wconf 93' lang='lat' dir='ltr'>et</span> <span class='ocrx_word' id='word_1_79' title='bbox 2470 848 2864 911; x_wconf 85' lang='lat' dir='ltr'>tolerantiam,</span> <span class='ocrx_word' id='word_1_80' title='bbox 2891 852 2953 901; x_wconf 90' lang='lat' dir='ltr'>ut</span> <span class='ocrx_word' id='word_1_81' title='bbox 2978 847 3357 902; x_wconf 87' lang='lat' dir='ltr'>inveniamus</span> <span class='ocrx_word' id='word_1_82' title='bbox 3375 846 3884 901; x_wconf 85' lang='lat' dir='ltr'>misericordiam</span> <span class='ocrx_word' id='word_1_83' title='bbox 3899 855 3951 901; x_wconf 84' lang='lat' dir='ltr'>et</span> 
     </span>
    </p>
   </div>
   <div class='ocr_carea' id='block_1_8' title="bbox 545 935 3951 1014">
    <p class='ocr_par' dir='ltr' id='par_1_8' title="bbox 545 935 3951 1014">
     <span class='ocr_line' id='line_1_8' title="bbox 545 935 3951 1014; baseline -0.003 -16"><span class='ocrx_word' id='word_1_84' title='bbox 545 944 796 1014; x_wconf 81' lang='lat' dir='ltr'>gratiam</span> <span class='ocrx_word' id='word_1_85' title='bbox 837 942 896 996; x_wconf 93' lang='lat' dir='ltr'>in</span> <span class='ocrx_word' id='word_1_86' title='bbox 923 943 1122 996; x_wconf 85' lang='lat' dir='ltr'>futuro</span> <span class='ocrx_word' id='word_1_87' title='bbox 1156 940 1394 1004; x_wconf 73' lang='lat' dir='ltr'>saeculo,</span> <span class='ocrx_word' id='word_1_88' title='bbox 1430 957 1465 996; x_wconf 93' lang='lat' dir='ltr'>a</span> <span class='ocrx_word' id='word_1_89' title='bbox 1494 956 1715 1010; x_wconf 83' lang='lat' dir='ltr'>magno</span> <span class='ocrx_word' id='word_1_90' title='bbox 1757 942 1874 994; x_wconf 92' lang='lat' dir='ltr'>Deo</span> <span class='ocrx_word' id='word_1_91' title='bbox 1905 944 1961 993; x_wconf 89' lang='lat' dir='ltr'>et</span> <span class='ocrx_word' id='word_1_92' title='bbox 1983 937 2287 993; x_wconf 89' lang='lat' dir='ltr'>Salvatore</span> <span class='ocrx_word' id='word_1_93' title='bbox 2317 942 2518 991; x_wconf 89' lang='lat' dir='ltr'>nostro</span> <span class='ocrx_word' id='word_1_94' title='bbox 2547 937 2685 990; x_wconf 92' lang='lat' dir='ltr'>Jesu</span> <span class='ocrx_word' id='word_1_95' title='bbox 2724 935 2979 999; x_wconf 88' lang='lat' dir='ltr'>Chrisro,</span> <span class='ocrx_word' id='word_1_96' title='bbox 3013 936 3109 990; x_wconf 93' lang='lat' dir='ltr'>cui</span> <span class='ocrx_word' id='word_1_97' title='bbox 3140 935 3325 1005; x_wconf 85' lang='lat' dir='ltr'>gloria</span> <span class='ocrx_word' id='word_1_98' title='bbox 3352 942 3407 990; x_wconf 90' lang='lat' dir='ltr'>et</span> <span class='ocrx_word' id='word_1_99' title='bbox 3437 936 3719 1007; x_wconf 86' lang='lat' dir='ltr'>potentia</span> <span class='ocrx_word' id='word_1_100' title='bbox 3759 936 3951 995; x_wconf 87' lang='lat' dir='ltr'>simul</span> 
     </span>
    </p>
   </div>
   <div class='ocr_carea' id='block_1_9' title="bbox 544 1024 3057 1101">
    <p class='ocr_par' dir='ltr' id='par_1_9' title="bbox 544 1024 3057 1101">
     <span class='ocr_line' id='line_1_9' title="bbox 544 1024 3057 1101; baseline -0.005 -14"><span class='ocrx_word' id='word_1_101' title='bbox 544 1048 681 1087; x_wconf 93' lang='lat' dir='ltr'>cum</span> <span class='ocrx_word' id='word_1_102' title='bbox 710 1035 872 1089; x_wconf 85' lang='lat' dir='ltr'>Patre</span> <span class='ocrx_word' id='word_1_103' title='bbox 908 1036 965 1085; x_wconf 90' lang='lat' dir='ltr'>et</span> <span class='ocrx_word' id='word_1_104' title='bbox 996 1030 1212 1101; x_wconf 89' lang='lat' dir='ltr'>Spiritu</span> <span class='ocrx_word' id='word_1_105' title='bbox 1242 1035 1449 1084; x_wconf 90' lang='lat' dir='ltr'>sancto</span> <span class='ocrx_word' id='word_1_106' title='bbox 1469 1043 1628 1083; x_wconf 92' lang='lat' dir='ltr'>nunc</span> <span class='ocrx_word' id='word_1_107' title='bbox 1668 1033 1724 1082; x_wconf 89' lang='lat' dir='ltr'>et</span> <span class='ocrx_word' id='word_1_108' title='bbox 1756 1042 1992 1099; x_wconf 89' lang='lat' dir='ltr'>semper</span> <span class='ocrx_word' id='word_1_109' title='bbox 2017 1030 2076 1081; x_wconf 87' lang='lat' dir='ltr'>et</span> <span class='ocrx_word' id='word_1_110' title='bbox 2109 1026 2167 1080; x_wconf 89' lang='lat' dir='ltr'>in</span> <span class='ocrx_word' id='word_1_111' title='bbox 2193 1026 2412 1081; x_wconf 85' lang='lat' dir='ltr'>saecula</span> <span class='ocrx_word' id='word_1_112' title='bbox 2442 1024 2819 1080; x_wconf 65' lang='lat' dir='ltr'>saeculorum.</span> <span class='ocrx_word' id='word_1_113' title='bbox 2848 1026 3057 1079; x_wconf 84' lang='lat' dir='ltr'>Amen.</span> 
     </span>
    </p>
   </div>
   <div class='ocr_carea' id='block_1_10' title="bbox 563 1210 823 1221">
    <p class='ocr_par' dir='ltr' id='par_1_10' title="bbox 563 1210 823 1221">
     <span class='ocr_line' id='line_1_10' title="bbox 563 1210 823 1221; baseline 0.004 -3"><span class='ocrx_word' id='word_1_114' title='bbox 563 1210 823 1221; x_wconf 84' lang='lat'>_——</span> 
     </span>
    </p>
   </div>
   <div class='ocr_carea' id='block_1_11' title="bbox 1083 1370 3364 1469">
    <p class='ocr_par' dir='ltr' id='par_1_11' title="bbox 1083 1370 3364 1469">
     <span class='ocr_line' id='line_1_11' title="bbox 1083 1370 3364 1469; baseline -0.003 -6"><span class='ocrx_word' id='word_1_115' title='bbox 1083 1378 1569 1469; x_wconf 82' lang='grc' dir='ltr'>ΑΘΛΗΣΙΣ</span> <span class='ocrx_word' id='word_1_116' title='bbox 1625 1374 1840 1461; x_wconf 91' lang='grc' dir='ltr'>ΤΟΥ</span> <span class='ocrx_word' id='word_1_117' title='bbox 1897 1372 2240 1461; x_wconf 87' lang='grc' dir='ltr'>ΑΓΙΟΥ</span> <span class='ocrx_word' id='word_1_118' title='bbox 2286 1370 3364 1460; x_wconf 82' lang='grc' dir='ltr'>ΜΕΓΑΛΟΜΑΡΤΥΡΟΣ</span> 
     </span>
    </p>
   </div>
   <div class='ocr_carea' id='block_1_12' title="bbox 1589 1559 2879 1741">
    <p class='ocr_par' dir='ltr' id='par_1_12' title="bbox 1589 1559 2879 1741">
     <span class='ocr_line' id='line_1_12' title="bbox 1589 1559 2879 1741; baseline -0.008 0"><span class='ocrx_word' id='word_1_119' title='bbox 1589 1559 2879 1741; x_wconf 78' lang='grc' dir='ltr'>ΜΑΥΡΙΚΙΟΥ</span> 
     </span>
    </p>
   </div>
   <div class='ocr_carea' id='block_1_13' title="bbox 1487 1829 2963 1881">
    <p class='ocr_par' dir='ltr' id='par_1_13' title="bbox 1487 1829 2963 1881">
     <span class='ocr_line' id='line_1_13' title="bbox 1487 1829 2963 1881; baseline -0.001 0"><span class='ocrx_word' id='word_1_120' title='bbox 1487 1835 1596 1881; x_wconf 83' lang='grc' dir='ltr'>ΚΑΙ</span> <span class='ocrx_word' id='word_1_121' title='bbox 1637 1834 1772 1880; x_wconf 89' lang='grc' dir='ltr'>ΤΩΝ</span> <span class='ocrx_word' id='word_1_122' title='bbox 1815 1829 2311 1879; x_wconf 78' lang='grc' dir='ltr'>ΕΒΔΟΜΗΚΟΝΤΑ</span> <span class='ocrx_word' id='word_1_123' title='bbox 2352 1830 2686 1877; x_wconf 84' lang='grc' dir='ltr'>ΜΑΘΗΤΩΝ</span> <span class='ocrx_word' id='word_1_124' title='bbox 2726 1830 2963 1881; x_wconf 82' lang='grc' dir='ltr'>ΑΥΤΟΥ.</span> 
     </span>
    </p>
   </div>
   <div class='ocr_carea' id='block_1_14' title="bbox 1754 2166 3512 2243">
    <p class='ocr_par' dir='ltr' id='par_1_14' title="bbox 1754 2166 3512 2243">
     <span class='ocr_line' id='line_1_14' title="bbox 1754 2166 3512 2243; baseline -0.002 0"><span class='ocrx_word' id='word_1_125' title='bbox 1754 2168 2183 2243; x_wconf 86' lang='lat' dir='ltr'>SANCTI</span> <span class='ocrx_word' id='word_1_126' title='bbox 2268 2168 2402 2239; x_wconf 93' lang='lat' dir='ltr'><strong>ET</strong></span> <span class='ocrx_word' id='word_1_127' title='bbox 2480 2166 2859 2239; x_wconf 88' lang='lat' dir='ltr'><strong>MAGNI</strong></span> <span class='ocrx_word' id='word_1_128' title='bbox 2940 2166 3512 2241; x_wconf 86' lang='lat' dir='ltr'>MARTYRIS</span> 
     </span>
    </p>
   </div>
   <div class='ocr_carea' id='block_1_15' title="bbox 970 2172 1669 2249">
    <p class='ocr_par' dir='ltr' id='par_1_15' title="bbox 970 2172 1669 2249">
     <span class='ocr_line' id='line_1_15' title="bbox 970 2172 1669 2249; baseline -0.006 0"><span class='ocrx_word' id='word_1_129' title='bbox 970 2172 1669 2249; x_wconf 83' lang='lat' dir='ltr'>MABTYRIUM</span> 
     </span>
    </p>
   </div>
   <div class='ocr_carea' id='block_1_16' title="bbox 1782 2351 2667 2498">
    <p class='ocr_par' dir='ltr' id='par_1_16' title="bbox 1782 2351 2667 2498">
     <span class='ocr_line' id='line_1_16' title="bbox 1782 2351 2667 2498; baseline -0.009 -2"><span class='ocrx_word' id='word_1_130' title='bbox 1782 2351 2667 2498; x_wconf 81' lang='lat' dir='ltr'>MAURICII</span> 
     </span>
    </p>
   </div>
   <div class='ocr_carea' id='block_1_17' title="bbox 1472 2606 3002 2673">
    <p class='ocr_par' dir='ltr' id='par_1_17' title="bbox 1472 2606 3002 2673">
     <span class='ocr_line' id='line_1_17' title="bbox 1472 2606 3002 2673; baseline -0.004 0"><span class='ocrx_word' id='word_1_131' title='bbox 1472 2616 1566 2673; x_wconf 93' lang='lat' dir='ltr'>ET</span> <span class='ocrx_word' id='word_1_132' title='bbox 1596 2608 2125 2672; x_wconf 88' lang='lat' dir='ltr'>SEPTUAGINTA</span> <span class='ocrx_word' id='word_1_133' title='bbox 2170 2608 2351 2668; x_wconf 88' lang='lat' dir='ltr'>EJUS</span> <span class='ocrx_word' id='word_1_134' title='bbox 2391 2606 3002 2669; x_wconf 83' lang='lat' dir='ltr'>DISCIPULORUM.</span> 
     </span>
    </p>
   </div>
   <div class='ocr_carea' id='block_1_18' title="bbox 551 2771 2203 2847">
    <p class='ocr_par' dir='ltr' id='par_1_18' title="bbox 551 2775 2203 2847">
     <span class='ocr_line' id='line_1_18' title="bbox 551 2775 2203 2847; baseline -0.008 -15"><span class='ocrx_word' id='word_1_135' title='bbox 551 2783 760 2847; x_wconf 84' lang='lat' dir='ltr'>(Latine</span> <span class='ocrx_word' id='word_1_136' title='bbox 790 2780 933 2845; x_wconf 87' lang='lat' dir='ltr'>apud</span> <span class='ocrx_word' id='word_1_137' title='bbox 962 2780 1177 2831; x_wconf 89' lang='lat' dir='ltr'>Surium</span> <span class='ocrx_word' id='word_1_138' title='bbox 1204 2777 1271 2826; x_wconf 87' lang='lat' dir='ltr'>ad</span> <span class='ocrx_word' id='word_1_139' title='bbox 1296 2777 1435 2825; x_wconf 92' lang='lat' dir='ltr'>diem</span> <span class='ocrx_word' id='word_1_140' title='bbox 1462 2777 1520 2825; x_wconf 85' lang='grc'>18</span> <span class='ocrx_word' id='word_1_141' title='bbox 1553 2775 1677 2824; x_wconf 88' lang='lat' dir='ltr'>Julii</span> <span class='ocrx_word' id='word_1_142' title='bbox 1703 2789 1715 2831; x_wconf 93' lang='lat'>;</span> <span class='ocrx_word' id='word_1_143' title='bbox 1743 2775 1923 2824; x_wconf 67' lang='lat' dir='ltr'>Graeca</span> <span class='ocrx_word' id='word_1_144' title='bbox 1952 2785 2096 2822; x_wconf 89' lang='lat' dir='ltr'>nunc</span> <span class='ocrx_word' id='word_1_145' title='bbox 2135 2776 2203 2835; x_wconf 76' lang='lat' dir='ltr'>pri</span> 
     </span>
    </p>
   </div>
   <div class='ocr_carea' id='block_1_19' title="bbox 2314 2771 3888 2847">
    <p class='ocr_par' dir='ltr' id='par_1_19' title="bbox 2316 2772 3888 2837">
     <span class='ocr_line' id='line_1_19' title="bbox 2316 2772 3888 2837; baseline 0.008 -19"><span class='ocrx_word' id='word_1_146' title='bbox 2316 2785 2366 2818; x_wconf 92' lang='lat' dir='ltr'>m</span> <span class='ocrx_word' id='word_1_147' title='bbox 2406 2772 2675 2834; x_wconf 86' lang='lat' dir='ltr'>prodeunt</span> <span class='ocrx_word' id='word_1_148' title='bbox 2707 2786 2770 2821; x_wconf 82' lang='lat' dir='ltr'>ex</span> <span class='ocrx_word' id='word_1_149' title='bbox 2799 2774 2916 2823; x_wconf 91' lang='lat' dir='ltr'>cod.</span> <span class='ocrx_word' id='word_1_150' title='bbox 2954 2788 3056 2822; x_wconf 88' lang='lat' dir='ltr'>ms.</span> <span class='ocrx_word' id='word_1_151' title='bbox 3102 2776 3239 2824; x_wconf 73' lang='grc'><strong>1542.</strong></span> <span class='ocrx_word' id='word_1_152' title='bbox 3275 2790 3394 2827; x_wconf 70' lang='lat' dir='ltr'>saac.</span> <span class='ocrx_word' id='word_1_153' title='bbox 3426 2792 3476 2827; x_wconf 68' lang='grc' dir='ltr'>ι.</span> <span class='ocrx_word' id='word_1_154' title='bbox 3504 2778 3671 2830; x_wconf 80' lang='grc' dir='ltr'>ΕῡιΤ.</span> <span class='ocrx_word' id='word_1_155' title='bbox 3701 2779 3888 2837; x_wconf 76' lang='grc' dir='ltr'>ΡΑΤΒ.)</span> 
     </span>
    </p>
   </div>
   <div class='ocr_carea' id='block_1_20' title="bbox 632 3098 2203 3180">
    <p class='ocr_par' dir='ltr' id='par_1_20' title="bbox 632 3098 2203 3180">
     <span class='ocr_line' id='line_1_20' title="bbox 632 3098 2203 3180; baseline -0.007 -15"><span class='ocrx_word' id='word_1_156' title='bbox 632 3115 674 3165; x_wconf 93' lang='lat' dir='ltr'>l.</span> <span class='ocrx_word' id='word_1_157' title='bbox 708 3112 1027 3180; x_wconf 86' lang='lat' dir='ltr'>Martyrum</span> <span class='ocrx_word' id='word_1_158' title='bbox 1074 3105 1365 3162; x_wconf 88' lang='lat' dir='ltr'>memoria</span> <span class='ocrx_word' id='word_1_159' title='bbox 1421 3108 1509 3158; x_wconf 88' lang='lat' dir='ltr'>est</span> <span class='ocrx_word' id='word_1_160' title='bbox 1551 3102 1810 3158; x_wconf 88' lang='lat' dir='ltr'>ostensio</span> <span class='ocrx_word' id='word_1_161' title='bbox 1864 3098 2098 3171; x_wconf 89' lang='lat' dir='ltr'>pietatis</span> <span class='ocrx_word' id='word_1_162' title='bbox 2146 3099 2203 3154; x_wconf 92' lang='lat' dir='ltr'>in</span> 
     </span>
    </p>
   </div>
   <div class='ocr_carea' id='block_1_21' title="bbox 2314 3098 3900 3180">
    <p class='ocr_par' dir='ltr' id='par_1_21' title="bbox 2388 3100 3900 3175">
     <span class='ocr_line' id='line_1_21' title="bbox 2388 3100 3900 3175; baseline 0.003 -21"><span class='ocrx_word' id='word_1_163' title='bbox 2388 3100 2469 3154; x_wconf 79' lang='lat' dir='ltr'>A&#39;.</span> <span class='ocrx_word' id='word_1_164' title='bbox 2528 3103 2817 3175; x_wconf 86' lang='grc' dir='ltr'>Μαρτύρων</span> <span class='ocrx_word' id='word_1_165' title='bbox 2871 3106 3047 3175; x_wconf 76' lang='grc' dir='ltr'>μνήμῃ</span> <span class='ocrx_word' id='word_1_166' title='bbox 3115 3102 3369 3174; x_wconf 88' lang='grc' dir='ltr'>φιλοθεῖας</span> <span class='ocrx_word' id='word_1_167' title='bbox 3442 3108 3757 3163; x_wconf 72' lang='grc' dir='ltr'>καθέστηκεν</span> <span class='ocrx_word' id='word_1_168' title='bbox 3833 3111 3900 3159; x_wconf 80' lang='grc' dir='ltr'>ἓν·</span> 
     </span>
    </p>
   </div>
   <div class='ocr_carea' id='block_1_22' title="bbox 563 3189 2203 3267">
    <p class='ocr_par' dir='ltr' id='par_1_22' title="bbox 563 3189 2203 3267">
     <span class='ocr_line' id='line_1_22' title="bbox 563 3189 2203 3267; baseline -0.009 -12"><span class='ocrx_word' id='word_1_169' title='bbox 563 3202 746 3255; x_wconf 90' lang='lat' dir='ltr'>Deum</span> <span class='ocrx_word' id='word_1_170' title='bbox 772 3204 826 3253; x_wconf 89' lang='lat' dir='ltr'>et</span> <span class='ocrx_word' id='word_1_171' title='bbox 857 3197 1073 3252; x_wconf 88' lang='lat' dir='ltr'>mentis</span> <span class='ocrx_word' id='word_1_172' title='bbox 1100 3211 1233 3267; x_wconf 61' lang='lat' dir='ltr'>quae</span> <span class='ocrx_word' id='word_1_173' title='bbox 1258 3199 1488 3249; x_wconf 85' lang='lat' dir='ltr'>tenetur</span> <span class='ocrx_word' id='word_1_174' title='bbox 1506 3207 1707 3246; x_wconf 89' lang='lat' dir='ltr'>amore</span> <span class='ocrx_word' id='word_1_175' title='bbox 1735 3189 2203 3260; x_wconf 82' lang='lat' dir='ltr'>sapientiae,cum</span> 
     </span>
    </p>
   </div>
   <div class='ocr_carea' id='block_1_23' title="bbox 562 3277 2207 3357">
    <p class='ocr_par' dir='ltr' id='par_1_23' title="bbox 562 3277 2207 3357">
     <span class='ocr_line' id='line_1_23' title="bbox 562 3277 2207 3357; baseline -0.009 -14"><span class='ocrx_word' id='word_1_176' title='bbox 562 3290 682 3344; x_wconf 90' lang='lat' dir='ltr'>Deo</span> <span class='ocrx_word' id='word_1_177' title='bbox 727 3286 1107 3357; x_wconf 89' lang='lat' dir='ltr'>conjunctio:</span> <span class='ocrx_word' id='word_1_178' title='bbox 1155 3282 1413 3339; x_wconf 81' lang='lat' dir='ltr'>materiae</span> <span class='ocrx_word' id='word_1_179' title='bbox 1463 3280 1794 3336; x_wconf 89' lang='lat' dir='ltr'>commistio</span> <span class='ocrx_word' id='word_1_180' title='bbox 1834 3295 1971 3333; x_wconf 90' lang='lat' dir='ltr'>cum</span> <span class='ocrx_word' id='word_1_181' title='bbox 2034 3277 2207 3331; x_wconf 85' lang='lat' dir='ltr'>rebus</span> 
     </span>
    </p>
   </div>
   <div class='ocr_carea' id='block_1_24' title="bbox 561 3368 2208 3447">
    <p class='ocr_par' dir='ltr' id='par_1_24' title="bbox 561 3368 2208 3447">
     <span class='ocr_line' id='line_1_24' title="bbox 561 3368 2208 3447; baseline -0.009 -15"><span class='ocrx_word' id='word_1_182' title='bbox 561 3377 901 3447; x_wconf 87' lang='lat' dir='ltr'>expertibus</span> <span class='ocrx_word' id='word_1_183' title='bbox 948 3372 1206 3429; x_wconf 71' lang='lat' dir='ltr'>materiae</span> <span class='ocrx_word' id='word_1_184' title='bbox 1237 3377 1293 3426; x_wconf 87' lang='lat' dir='ltr'>et</span> <span class='ocrx_word' id='word_1_185' title='bbox 1332 3387 1443 3442; x_wconf 85' lang='lat' dir='ltr'>pax</span> <span class='ocrx_word' id='word_1_186' title='bbox 1470 3368 1937 3440; x_wconf 88' lang='lat' dir='ltr'>impatibilitatis,</span> <span class='ocrx_word' id='word_1_187' title='bbox 1967 3381 2096 3435; x_wconf 70' lang='lat' dir='ltr'>qum</span> <span class='ocrx_word' id='word_1_188' title='bbox 2123 3381 2208 3418; x_wconf 90' lang='lat' dir='ltr'>re-</span> 
     </span>
    </p>
   </div>
   <div class='ocr_carea' id='block_1_25' title="bbox 558 3453 2207 3533">
    <p class='ocr_par' dir='ltr' id='par_1_25' title="bbox 558 3453 2207 3533">
     <span class='ocr_line' id='line_1_25' title="bbox 558 3453 2207 3533; baseline -0.008 -14"><span class='ocrx_word' id='word_1_189' title='bbox 558 3464 751 3520; x_wconf 85' lang='lat' dir='ltr'>frenat</span> <span class='ocrx_word' id='word_1_190' title='bbox 762 3463 944 3518; x_wconf 91' lang='lat' dir='ltr'>animi</span> <span class='ocrx_word' id='word_1_191' title='bbox 967 3458 1604 3533; x_wconf 85' lang='lat' dir='ltr'>perturbationes.Quis</span> <span class='ocrx_word' id='word_1_192' title='bbox 1624 3456 1777 3510; x_wconf 90' lang='lat' dir='ltr'>enim</span> <span class='ocrx_word' id='word_1_193' title='bbox 1799 3453 2207 3508; x_wconf 87' lang='lat' dir='ltr'>venerandum</span> 
     </span>
    </p>
   </div>
   <div class='ocr_carea' id='block_1_26' title="bbox 559 3540 2200 3609">
    <p class='ocr_par' dir='ltr' id='par_1_26' title="bbox 559 3540 2200 3609">
     <span class='ocr_line' id='line_1_26' title="bbox 559 3540 2200 3609; baseline -0.008 -1"><span class='ocrx_word' id='word_1_194' title='bbox 559 3558 615 3609; x_wconf 91' lang='lat' dir='ltr'>et</span> <span class='ocrx_word' id='word_1_195' title='bbox 640 3552 906 3606; x_wconf 86' lang='lat' dir='ltr'>divinum</span> <span class='ocrx_word' id='word_1_196' title='bbox 934 3566 1142 3605; x_wconf 87' lang='lat' dir='ltr'>eorum</span> <span class='ocrx_word' id='word_1_197' title='bbox 1170 3552 1470 3603; x_wconf 85' lang='lat' dir='ltr'>certamen</span> <span class='ocrx_word' id='word_1_198' title='bbox 1496 3544 1709 3600; x_wconf 88' lang='lat' dir='ltr'>mentis</span> <span class='ocrx_word' id='word_1_199' title='bbox 1733 3543 1968 3597; x_wconf 87' lang='lat' dir='ltr'>intuens</span> <span class='ocrx_word' id='word_1_200' title='bbox 1994 3540 2200 3605; x_wconf 87' lang='lat' dir='ltr'>oculis,</span> 
     </span>
    </p>
   </div>
   <div class='ocr_carea' id='block_1_27' title="bbox 556 3632 2203 3701">
    <p class='ocr_par' dir='ltr' id='par_1_27' title="bbox 556 3632 2203 3701">
     <span class='ocr_line' id='line_1_27' title="bbox 556 3632 2203 3701; baseline -0.006 -6"><span class='ocrx_word' id='word_1_201' title='bbox 556 3656 680 3696; x_wconf 90' lang='lat' dir='ltr'>non</span> <span class='ocrx_word' id='word_1_202' title='bbox 710 3641 815 3694; x_wconf 89' lang='lat' dir='ltr'>erit</span> <span class='ocrx_word' id='word_1_203' title='bbox 840 3644 1106 3693; x_wconf 86' lang='lat' dir='ltr'>remotus</span> <span class='ocrx_word' id='word_1_204' title='bbox 1132 3653 1168 3691; x_wconf 91' lang='lat' dir='ltr'>a</span> <span class='ocrx_word' id='word_1_205' title='bbox 1194 3650 1369 3691; x_wconf 90' lang='lat' dir='ltr'>carne</span> <span class='ocrx_word' id='word_1_206' title='bbox 1400 3641 1456 3690; x_wconf 90' lang='lat' dir='ltr'>et</span> <span class='ocrx_word' id='word_1_207' title='bbox 1482 3651 1517 3690; x_wconf 89' lang='lat' dir='ltr'>a</span> <span class='ocrx_word' id='word_1_208' title='bbox 1536 3635 1779 3701; x_wconf 91' lang='lat' dir='ltr'>mundo,</span> <span class='ocrx_word' id='word_1_209' title='bbox 1796 3632 2203 3687; x_wconf 89' lang='lat' dir='ltr'>conculcatam</span> 
     </span>
    </p>
   </div>
   <div class='ocr_carea' id='block_1_28' title="bbox 556 3722 2203 3796">
    <p class='ocr_par' dir='ltr' id='par_1_28' title="bbox 556 3722 2203 3796">
     <span class='ocr_line' id='line_1_28' title="bbox 556 3722 2203 3796; baseline -0.005 -13"><span class='ocrx_word' id='word_1_210' title='bbox 556 3728 889 3796; x_wconf 87' lang='lat' dir='ltr'>intelligens</span> <span class='ocrx_word' id='word_1_211' title='bbox 923 3741 1128 3780; x_wconf 91' lang='lat' dir='ltr'>eorum</span> <span class='ocrx_word' id='word_1_212' title='bbox 1169 3740 1408 3779; x_wconf 86' lang='lat' dir='ltr'>carnem</span> <span class='ocrx_word' id='word_1_213' title='bbox 1440 3728 1681 3792; x_wconf 86' lang='lat' dir='ltr'>propter</span> <span class='ocrx_word' id='word_1_214' title='bbox 1714 3738 1887 3775; x_wconf 89' lang='lat' dir='ltr'>suam</span> <span class='ocrx_word' id='word_1_215' title='bbox 1928 3722 1986 3775; x_wconf 91' lang='lat' dir='ltr'>in</span> <span class='ocrx_word' id='word_1_216' title='bbox 2022 3724 2203 3775; x_wconf 87' lang='lat' dir='ltr'>Deum</span> 
     </span>
    </p>
   </div>
   <div class='ocr_carea' id='block_1_29' title="bbox 563 3809 2204 3888">
    <p class='ocr_par' dir='ltr' id='par_1_29' title="bbox 563 3809 2204 3888">
     <span class='ocr_line' id='line_1_29' title="bbox 563 3809 2204 3888; baseline -0.005 -17"><span class='ocrx_word' id='word_1_217' title='bbox 563 3818 841 3888; x_wconf 90' lang='lat' dir='ltr'>pietatem</span> <span class='ocrx_word' id='word_1_218' title='bbox 865 3816 892 3869; x_wconf 84' lang='lat'><strong><em>?</em></strong></span> <span class='ocrx_word' id='word_1_219' title='bbox 929 3817 1053 3869; x_wconf 81' lang='lat' dir='ltr'>Non</span> <span class='ocrx_word' id='word_1_220' title='bbox 1088 3812 1244 3866; x_wconf 92' lang='lat' dir='ltr'>enim</span> <span class='ocrx_word' id='word_1_221' title='bbox 1280 3825 1415 3865; x_wconf 89' lang='lat' dir='ltr'>caro</span> <span class='ocrx_word' id='word_1_222' title='bbox 1454 3809 1547 3863; x_wconf 92' lang='lat' dir='ltr'>his</span> <span class='ocrx_word' id='word_1_223' title='bbox 1590 3810 1973 3879; x_wconf 83' lang='lat' dir='ltr'>concupiscit,</span> <span class='ocrx_word' id='word_1_224' title='bbox 2016 3824 2204 3878; x_wconf 90' lang='lat' dir='ltr'>neque</span> 
     </span>
    </p>
   </div>
   <div class='ocr_carea' id='block_1_30' title="bbox 556 3896 2205 3976">
    <p class='ocr_par' dir='ltr' id='par_1_30' title="bbox 556 3896 2205 3976">
     <span class='ocr_line' id='line_1_30' title="bbox 556 3896 2205 3976; baseline -0.005 -18"><span class='ocrx_word' id='word_1_225' title='bbox 556 3904 748 3976; x_wconf 89' lang='lat' dir='ltr'>pulvis</span> <span class='ocrx_word' id='word_1_226' title='bbox 805 3911 970 3957; x_wconf 66' lang='lat' dir='ltr'>terrae</span> <span class='ocrx_word' id='word_1_227' title='bbox 1021 3898 1267 3955; x_wconf 91' lang='lat' dir='ltr'>rebellat</span> <span class='ocrx_word' id='word_1_228' title='bbox 1310 3901 1515 3952; x_wconf 92' lang='lat' dir='ltr'>contra</span> <span class='ocrx_word' id='word_1_229' title='bbox 1554 3897 1655 3951; x_wconf 91' lang='lat' dir='ltr'>Dei</span> <span class='ocrx_word' id='word_1_230' title='bbox 1695 3897 2043 3965; x_wconf 89' lang='lat' dir='ltr'>imaginem.</span> <span class='ocrx_word' id='word_1_231' title='bbox 2092 3896 2205 3951; x_wconf 85' lang='lat' dir='ltr'>Sed</span> 
     </span>
    </p>
   </div>
   <div class='ocr_carea' id='block_1_31' title="bbox 558 3984 2205 4063">
    <p class='ocr_par' dir='ltr' id='par_1_31' title="bbox 558 3984 2205 4063">
     <span class='ocr_line' id='line_1_31' title="bbox 558 3984 2205 4063; baseline -0.006 -16"><span class='ocrx_word' id='word_1_232' title='bbox 558 3992 862 4063; x_wconf 88' lang='lat' dir='ltr'>sapienter</span> <span class='ocrx_word' id='word_1_233' title='bbox 891 3989 1223 4044; x_wconf 85' lang='lat' dir='ltr'>ducebatur</span> <span class='ocrx_word' id='word_1_234' title='bbox 1262 3987 1321 4040; x_wconf 90' lang='lat' dir='ltr'>id</span> <span class='ocrx_word' id='word_1_235' title='bbox 1364 3987 1525 4054; x_wconf 91' lang='lat' dir='ltr'>quod</span> <span class='ocrx_word' id='word_1_236' title='bbox 1563 3990 1650 4041; x_wconf 91' lang='lat' dir='ltr'>est</span> <span class='ocrx_word' id='word_1_237' title='bbox 1684 3984 1964 4054; x_wconf 87' lang='lat' dir='ltr'>deterius,</span> <span class='ocrx_word' id='word_1_238' title='bbox 1996 3985 2205 4054; x_wconf 88' lang='lat' dir='ltr'>guber-</span> 
     </span>
    </p>
   </div>
   <div class='ocr_carea' id='block_1_32' title="bbox 558 4073 2202 4149">
    <p class='ocr_par' dir='ltr' id='par_1_32' title="bbox 558 4073 2202 4149">
     <span class='ocr_line' id='line_1_32' title="bbox 558 4073 2202 4149; baseline -0.005 -13"><span class='ocrx_word' id='word_1_239' title='bbox 558 4088 760 4136; x_wconf 87' lang='lat' dir='ltr'>natum</span> <span class='ocrx_word' id='word_1_240' title='bbox 787 4079 863 4135; x_wconf 93' lang='lat' dir='ltr'>ab</span> <span class='ocrx_word' id='word_1_241' title='bbox 885 4094 955 4133; x_wconf 94' lang='lat' dir='ltr'>eo</span> <span class='ocrx_word' id='word_1_242' title='bbox 986 4076 1147 4149; x_wconf 86' lang='lat' dir='ltr'>quod</span> <span class='ocrx_word' id='word_1_243' title='bbox 1174 4082 1260 4130; x_wconf 91' lang='lat' dir='ltr'>est</span> <span class='ocrx_word' id='word_1_244' title='bbox 1285 4075 1684 4147; x_wconf 72' lang='lat' dir='ltr'>praestantius,</span> <span class='ocrx_word' id='word_1_245' title='bbox 1713 4078 1767 4128; x_wconf 90' lang='lat' dir='ltr'>et</span> <span class='ocrx_word' id='word_1_246' title='bbox 1789 4073 2014 4128; x_wconf 84' lang='lat' dir='ltr'>habens</span> <span class='ocrx_word' id='word_1_247' title='bbox 2040 4089 2202 4128; x_wconf 92' lang='lat' dir='ltr'>men-</span> 
     </span>
    </p>
   </div>
   <div class='ocr_carea' id='block_1_33' title="bbox 555 4162 2204 4241">
    <p class='ocr_par' dir='ltr' id='par_1_33' title="bbox 555 4162 2204 4241">
     <span class='ocr_line' id='line_1_33' title="bbox 555 4162 2204 4241; baseline -0.004 -16"><span class='ocrx_word' id='word_1_248' title='bbox 555 4176 674 4226; x_wconf 88' lang='lat' dir='ltr'>tem</span> <span class='ocrx_word' id='word_1_249' title='bbox 693 4186 827 4241; x_wconf 75' lang='lat' dir='ltr'>qum</span> <span class='ocrx_word' id='word_1_250' title='bbox 855 4166 1145 4223; x_wconf 82' lang='lat' dir='ltr'>dimoveri</span> <span class='ocrx_word' id='word_1_251' title='bbox 1176 4181 1295 4220; x_wconf 92' lang='lat' dir='ltr'>non</span> <span class='ocrx_word' id='word_1_252' title='bbox 1318 4172 1546 4235; x_wconf 89' lang='lat' dir='ltr'>poterat</span> <span class='ocrx_word' id='word_1_253' title='bbox 1566 4181 1598 4217; x_wconf 89' lang='lat' dir='ltr'>a</span> <span class='ocrx_word' id='word_1_254' title='bbox 1620 4168 1777 4219; x_wconf 90' lang='lat' dir='ltr'>meta</span> <span class='ocrx_word' id='word_1_255' title='bbox 1807 4162 2043 4218; x_wconf 82' lang='lat' dir='ltr'>caelesti.</span> <span class='ocrx_word' id='word_1_256' title='bbox 2072 4163 2204 4218; x_wconf 93' lang='lat' dir='ltr'>Tale</span> 
     </span>
    </p>
   </div>
   <div class='ocr_carea' id='block_1_34' title="bbox 553 4251 2205 4327">
    <p class='ocr_par' dir='ltr' id='par_1_34' title="bbox 553 4251 2205 4327">
     <span class='ocr_line' id='line_1_34' title="bbox 553 4251 2205 4327; baseline -0.005 -14"><span class='ocrx_word' id='word_1_257' title='bbox 553 4264 849 4313; x_wconf 90' lang='lat' dir='ltr'>certamen</span> <span class='ocrx_word' id='word_1_258' title='bbox 874 4254 1196 4327; x_wconf 88' lang='lat' dir='ltr'>aliquando</span> <span class='ocrx_word' id='word_1_259' title='bbox 1218 4252 1571 4326; x_wconf 89' lang='lat' dir='ltr'>proponitur</span> <span class='ocrx_word' id='word_1_260' title='bbox 1590 4251 1969 4325; x_wconf 84' lang='lat' dir='ltr'>septuaginta</span> <span class='ocrx_word' id='word_1_261' title='bbox 1988 4256 2205 4322; x_wconf 85' lang='lat' dir='ltr'>marty-</span> 
     </span>
    </p>
   </div>
   <div class='ocr_carea' id='block_1_35' title="bbox 556 4340 2204 4416">
    <p class='ocr_par' dir='ltr' id='par_1_35' title="bbox 556 4340 2204 4416">
     <span class='ocr_line' id='line_1_35' title="bbox 556 4340 2204 4416; baseline -0.004 -15"><span class='ocrx_word' id='word_1_262' title='bbox 556 4346 1019 4416; x_wconf 89' lang='lat' dir='ltr'>ribus,quorum</span> <span class='ocrx_word' id='word_1_263' title='bbox 1056 4344 1379 4414; x_wconf 87' lang='lat' dir='ltr'>pretiosum</span> <span class='ocrx_word' id='word_1_264' title='bbox 1412 4347 1467 4396; x_wconf 92' lang='lat' dir='ltr'>et</span> <span class='ocrx_word' id='word_1_265' title='bbox 1496 4340 1706 4395; x_wconf 86' lang='lat' dir='ltr'>Christi</span> <span class='ocrx_word' id='word_1_266' title='bbox 1739 4346 2039 4396; x_wconf 91' lang='lat' dir='ltr'>amantem</span> <span class='ocrx_word' id='word_1_267' title='bbox 2072 4356 2204 4395; x_wconf 90' lang='lat' dir='ltr'>san-</span> 
     </span>
    </p>
   </div>
   <div class='ocr_carea' id='block_1_36' title="bbox 2319 3184 3895 3264">
    <p class='ocr_par' dir='ltr' id='par_1_36' title="bbox 2319 3184 3895 3264">
     <span class='ocr_line' id='line_1_36' title="bbox 2319 3184 3895 3264; baseline 0.005 -25"><span class='ocrx_word' id='word_1_268' title='bbox 2319 3184 2478 3249; x_wconf 82' lang='grc' dir='ltr'>δειξις</span> <span class='ocrx_word' id='word_1_269' title='bbox 2535 3194 2622 3241; x_wconf 83' lang='grc' dir='ltr'>καὶ</span> <span class='ocrx_word' id='word_1_270' title='bbox 2678 3190 2955 3261; x_wconf 81' lang='grc' dir='ltr'>φιλοσόφου</span> <span class='ocrx_word' id='word_1_271' title='bbox 3016 3188 3251 3254; x_wconf 77' lang='grc' dir='ltr'>διανοίας</span> <span class='ocrx_word' id='word_1_272' title='bbox 3302 3197 3425 3264; x_wconf 86' lang='grc' dir='ltr'>πρὸς</span> <span class='ocrx_word' id='word_1_273' title='bbox 3480 3199 3608 3247; x_wconf 89' lang='grc' dir='ltr'>Θεὸν</span> <span class='ocrx_word' id='word_1_274' title='bbox 3671 3201 3895 3247; x_wconf 80' lang='grc' dir='ltr'>κοινωνία</span> 
     </span>
    </p>
   </div>
   <div class='ocr_carea' id='block_1_37' title="bbox 2317 3276 3896 3359">
    <p class='ocr_par' dir='ltr' id='par_1_37' title="bbox 2317 3276 3896 3359">
     <span class='ocr_line' id='line_1_37' title="bbox 2317 3276 3896 3359; baseline 0.007 -33"><span class='ocrx_word' id='word_1_275' title='bbox 2317 3276 2440 3337; x_wconf 71' lang='grc' dir='ltr'>ὕλης</span> <span class='ocrx_word' id='word_1_276' title='bbox 2494 3276 2729 3348; x_wconf 78' lang='grc' dir='ltr'>ἐπιμιξία</span> <span class='ocrx_word' id='word_1_277' title='bbox 2778 3282 2907 3351; x_wconf 88' lang='grc' dir='ltr'>πρὸς</span> <span class='ocrx_word' id='word_1_278' title='bbox 2964 3285 3057 3337; x_wconf 82' lang='grc' dir='ltr'>τὴν</span> <span class='ocrx_word' id='word_1_279' title='bbox 3110 3280 3263 3333; x_wconf 78' lang='grc' dir='ltr'>ἄυλον</span> <span class='ocrx_word' id='word_1_280' title='bbox 3315 3281 3460 3344; x_wconf 82' lang='grc' dir='ltr'>λῆξιν</span> <span class='ocrx_word' id='word_1_281' title='bbox 3499 3282 3745 3345; x_wconf 75' lang='grc' dir='ltr'>ἀπαθείας</span> <span class='ocrx_word' id='word_1_282' title='bbox 3772 3285 3896 3359; x_wconf 83' lang='grc' dir='ltr'>εἰρή-</span> 
     </span>
    </p>
   </div>
   <div class='ocr_carea' id='block_1_38' title="bbox 2316 3364 3905 3444">
    <p class='ocr_par' dir='ltr' id='par_1_38' title="bbox 2316 3364 3905 3444">
     <span class='ocr_line' id='line_1_38' title="bbox 2316 3364 3905 3444; baseline 0.007 -30"><span class='ocrx_word' id='word_1_283' title='bbox 2316 3384 2374 3421; x_wconf 91' lang='grc' dir='ltr'>νη</span> <span class='ocrx_word' id='word_1_284' title='bbox 2432 3364 2755 3435; x_wconf 83' lang='grc' dir='ltr'>χαλινούσης</span> <span class='ocrx_word' id='word_1_285' title='bbox 2813 3371 2877 3418; x_wconf 77' lang='grc' dir='ltr'>τὰ</span> <span class='ocrx_word' id='word_1_286' title='bbox 2933 3370 3073 3426; x_wconf 82' lang='grc' dir='ltr'>παθη</span> <span class='ocrx_word' id='word_1_287' title='bbox 3144 3370 3389 3442; x_wconf 70' lang='grc' dir='ltr'>οὐρανίων</span> <span class='ocrx_word' id='word_1_288' title='bbox 3451 3377 3756 3444; x_wconf 70' lang='grc' dir='ltr'>πνευμάτων</span> <span class='ocrx_word' id='word_1_289' title='bbox 3816 3379 3905 3425; x_wconf 83' lang='grc' dir='ltr'>καὶ</span> 
     </span>
    </p>
   </div>
   <div class='ocr_carea' id='block_1_39' title="bbox 2315 3454 3907 3535">
    <p class='ocr_par' dir='ltr' id='par_1_39' title="bbox 2315 3454 3907 3535">
     <span class='ocr_line' id='line_1_39' title="bbox 2315 3454 3907 3535; baseline 0.006 -31"><span class='ocrx_word' id='word_1_290' title='bbox 2315 3455 2503 3524; x_wconf 83' lang='grc' dir='ltr'>γηίνων</span> <span class='ocrx_word' id='word_1_291' title='bbox 2561 3458 2812 3527; x_wconf 75' lang='grc' dir='ltr'>σωμάτων</span> <span class='ocrx_word' id='word_1_292' title='bbox 2892 3454 3247 3530; x_wconf 75' lang='grc' dir='ltr'>σπενὸομένων</span> <span class='ocrx_word' id='word_1_293' title='bbox 3311 3459 3543 3521; x_wconf 75' lang='grc' dir='ltr'>ἀλληλοις</span> <span class='ocrx_word' id='word_1_294' title='bbox 3598 3480 3611 3492; x_wconf 91' lang='grc'><strong>·</strong></span> <span class='ocrx_word' id='word_1_295' title='bbox 3671 3468 3747 3523; x_wconf 84' lang='grc' dir='ltr'>τίς</span> <span class='ocrx_word' id='word_1_296' title='bbox 3806 3467 3907 3535; x_wconf 74' lang='grc' dir='ltr'>γὰρ</span> 
     </span>
    </p>
   </div>
   <div class='ocr_carea' id='block_1_40' title="bbox 2315 3542 3915 3625">
    <p class='ocr_par' dir='ltr' id='par_1_40' title="bbox 2315 3542 3915 3625">
     <span class='ocr_line' id='line_1_40' title="bbox 2315 3542 3915 3625; baseline 0.008 -32"><span class='ocrx_word' id='word_1_297' title='bbox 2315 3542 2480 3593; x_wconf 77' lang='grc' dir='ltr'>αὐτῶν</span> <span class='ocrx_word' id='word_1_298' title='bbox 2538 3549 2621 3595; x_wconf 86' lang='grc' dir='ltr'>τὸν</span> <span class='ocrx_word' id='word_1_299' title='bbox 2681 3543 2854 3615; x_wconf 82' lang='grc' dir='ltr'>ἀγῶνα</span> <span class='ocrx_word' id='word_1_300' title='bbox 2905 3554 3011 3608; x_wconf 85' lang='grc' dir='ltr'>τοῖς</span> <span class='ocrx_word' id='word_1_301' title='bbox 3058 3555 3263 3610; x_wconf 80' lang='grc' dir='ltr'>νοητοῖς</span> <span class='ocrx_word' id='word_1_302' title='bbox 3324 3552 3570 3621; x_wconf 79' lang='grc' dir='ltr'>θεώμενος</span> <span class='ocrx_word' id='word_1_303' title='bbox 3624 3551 3915 3625; x_wconf 77' lang='grc' dir='ltr'>ὀφθαλμοῖς</span> 
     </span>
    </p>
   </div>
   <div class='ocr_carea' id='block_1_41' title="bbox 2314 3632 3913 3713">
    <p class='ocr_par' dir='ltr' id='par_1_41' title="bbox 2314 3632 3913 3713">
     <span class='ocr_line' id='line_1_41' title="bbox 2314 3632 3913 3713; baseline 0.006 -30"><span class='ocrx_word' id='word_1_304' title='bbox 2314 3632 2407 3683; x_wconf 68' lang='grc' dir='ltr'>οὐκ</span> <span class='ocrx_word' id='word_1_305' title='bbox 2464 3633 2557 3695; x_wconf 82' lang='grc' dir='ltr'>ἔξω</span> <span class='ocrx_word' id='word_1_306' title='bbox 2596 3638 2783 3706; x_wconf 85' lang='grc' dir='ltr'>σαρκὸς</span> <span class='ocrx_word' id='word_1_307' title='bbox 2839 3640 2927 3687; x_wconf 84' lang='grc' dir='ltr'>καὶ</span> <span class='ocrx_word' id='word_1_308' title='bbox 2989 3655 3187 3707; x_wconf 86' lang='grc' dir='ltr'>κοσμου</span> <span class='ocrx_word' id='word_1_309' title='bbox 3241 3644 3511 3708; x_wconf 81' lang='grc' dir='ltr'>γενήσεται</span> <span class='ocrx_word' id='word_1_310' title='bbox 3577 3648 3913 3713; x_wconf 65' lang='grc' dir='ltr'>πατουμένην</span> 
     </span>
    </p>
   </div>
   <div class='ocr_carea' id='block_1_42' title="bbox 2313 3723 3907 3802">
    <p class='ocr_par' dir='ltr' id='par_1_42' title="bbox 2313 3723 3907 3802">
     <span class='ocr_line' id='line_1_42' title="bbox 2313 3723 3907 3802; baseline 0.006 -29"><span class='ocrx_word' id='word_1_311' title='bbox 2313 3725 2400 3779; x_wconf 78' lang='grc' dir='ltr'>τὴν</span> <span class='ocrx_word' id='word_1_312' title='bbox 2465 3724 2635 3794; x_wconf 80' lang='grc' dir='ltr'>σάρκα</span> <span class='ocrx_word' id='word_1_313' title='bbox 2690 3723 2930 3795; x_wconf 74' lang='grc' dir='ltr'>θεοφιλῶς</span> <span class='ocrx_word' id='word_1_314' title='bbox 2988 3736 3247 3777; x_wconf 77' lang='grc' dir='ltr'>κατανοῶν</span> <span class='ocrx_word' id='word_1_315' title='bbox 3290 3728 3412 3793; x_wconf 76' lang='grc' dir='ltr'>;Οὐ</span> <span class='ocrx_word' id='word_1_316' title='bbox 3466 3732 3567 3802; x_wconf 81' lang='grc' dir='ltr'>γὰρ</span> <span class='ocrx_word' id='word_1_317' title='bbox 3633 3734 3840 3791; x_wconf 76' lang='grc' dir='ltr'>τούτοις</span> <span class='ocrx_word' id='word_1_318' title='bbox 3886 3734 3907 3787; x_wconf 81' lang='lat' dir='ltr'>i:</span> 
     </span>
    </p>
   </div>
   <div class='ocr_carea' id='block_1_43' title="bbox 2317 3810 3915 3887">
    <p class='ocr_par' dir='ltr' id='par_1_43' title="bbox 2317 3810 3915 3887">
     <span class='ocr_line' id='line_1_43' title="bbox 2317 3810 3915 3887; baseline 0.006 -26"><span class='ocrx_word' id='word_1_319' title='bbox 2317 3810 2447 3881; x_wconf 80' lang='grc' dir='ltr'>σάρξ</span> <span class='ocrx_word' id='word_1_320' title='bbox 2478 3810 2737 3884; x_wconf 78' lang='grc' dir='ltr'>ἐπεθύμει,</span> <span class='ocrx_word' id='word_1_321' title='bbox 2788 3810 2910 3866; x_wconf 72' lang='grc' dir='ltr'>οὐδὲ</span> <span class='ocrx_word' id='word_1_322' title='bbox 2941 3815 2964 3865; x_wconf 88' lang='grc' dir='ltr'><strong><em>ὁ</em></strong></span> <span class='ocrx_word' id='word_1_323' title='bbox 2996 3822 3133 3885; x_wconf 79' lang='grc' dir='ltr'>χοῦς</span> <span class='ocrx_word' id='word_1_324' title='bbox 3178 3825 3271 3877; x_wconf 86' lang='grc' dir='ltr'>τῆς</span> <span class='ocrx_word' id='word_1_325' title='bbox 3319 3824 3417 3887; x_wconf 78' lang='grc' dir='ltr'>γῆς</span> <span class='ocrx_word' id='word_1_326' title='bbox 3461 3820 3596 3870; x_wconf 86' lang='grc' dir='ltr'>κατὰ</span> <span class='ocrx_word' id='word_1_327' title='bbox 3641 3828 3736 3880; x_wconf 75' lang='grc' dir='ltr'>τῆς</span> <span class='ocrx_word' id='word_1_328' title='bbox 3772 3822 3915 3880; x_wconf 83' lang='grc' dir='ltr'>θείας</span> 
     </span>
    </p>
   </div>
   <div class='ocr_carea' id='block_1_44' title="bbox 2315 3898 3916 3980">
    <p class='ocr_par' dir='ltr' id='par_1_44' title="bbox 2315 3898 3916 3980">
     <span class='ocr_line' id='line_1_44' title="bbox 2315 3898 3916 3980; baseline 0.007 -32"><span class='ocrx_word' id='word_1_329' title='bbox 2315 3898 2500 3958; x_wconf 84' lang='grc' dir='ltr'>εἰκόνος</span> <span class='ocrx_word' id='word_1_330' title='bbox 2552 3902 2933 3975; x_wconf 81' lang='grc' dir='ltr'>ἓτραχηλίαζεν</span> <span class='ocrx_word' id='word_1_331' title='bbox 2986 3921 2997 3933; x_wconf 89' lang='grc'><strong>·</strong></span> <span class='ocrx_word' id='word_1_332' title='bbox 3035 3902 3140 3955; x_wconf 81' lang='grc' dir='ltr'>ἀλλ’</span> <span class='ocrx_word' id='word_1_333' title='bbox 3182 3909 3336 3975; x_wconf 81' lang='grc' dir='ltr'>ἤγετο</span> <span class='ocrx_word' id='word_1_334' title='bbox 3397 3916 3567 3978; x_wconf 83' lang='grc' dir='ltr'>σοφῶς</span> <span class='ocrx_word' id='word_1_335' title='bbox 3620 3912 3671 3959; x_wconf 83' lang='grc' dir='ltr'>τὸ</span> <span class='ocrx_word' id='word_1_336' title='bbox 3725 3917 3916 3980; x_wconf 82' lang='grc' dir='ltr'>χεῖρον</span> 
     </span>
    </p>
   </div>
   <div class='ocr_carea' id='block_1_45' title="bbox 2314 3988 3917 4068">
    <p class='ocr_par' dir='ltr' id='par_1_45' title="bbox 2314 3988 3917 4068">
     <span class='ocr_line' id='line_1_45' title="bbox 2314 3988 3917 4068; baseline 0.007 -31"><span class='ocrx_word' id='word_1_337' title='bbox 2314 3988 2412 4038; x_wconf 74' lang='grc' dir='ltr'>ὑπὸ</span> <span class='ocrx_word' id='word_1_338' title='bbox 2469 3992 2556 4040; x_wconf 84' lang='grc' dir='ltr'>τού</span> <span class='ocrx_word' id='word_1_339' title='bbox 2607 3994 2891 4061; x_wconf 84' lang='grc' dir='ltr'>κρείττονος</span> <span class='ocrx_word' id='word_1_340' title='bbox 2954 3991 3350 4066; x_wconf 78' lang='grc' dir='ltr'>κυϐερνώμενον,</span> <span class='ocrx_word' id='word_1_341' title='bbox 3408 3994 3585 4054; x_wconf 82' lang='grc' dir='ltr'>ἀκλινῆ</span> <span class='ocrx_word' id='word_1_342' title='bbox 3640 4000 3724 4048; x_wconf 88' lang='grc' dir='ltr'>τὸν</span> <span class='ocrx_word' id='word_1_343' title='bbox 3766 3998 3917 4068; x_wconf 85' lang='grc' dir='ltr'>λογι-</span> 
     </span>
    </p>
   </div>
   <div class='ocr_carea' id='block_1_46' title="bbox 2317 4076 3915 4156">
    <p class='ocr_par' dir='ltr' id='par_1_46' title="bbox 2317 4076 3915 4156">
     <span class='ocr_line' id='line_1_46' title="bbox 2317 4076 3915 4156; baseline 0.008 -29"><span class='ocrx_word' id='word_1_344' title='bbox 2317 4079 2445 4147; x_wconf 90' lang='grc' dir='ltr'>σμὸν</span> <span class='ocrx_word' id='word_1_345' title='bbox 2490 4076 2568 4129; x_wconf 76' lang='grc' dir='ltr'>ἐπὶ</span> <span class='ocrx_word' id='word_1_346' title='bbox 2619 4082 2712 4135; x_wconf 76' lang='grc' dir='ltr'>τὴν</span> <span class='ocrx_word' id='word_1_347' title='bbox 2762 4080 2994 4153; x_wconf 75' lang='grc' dir='ltr'>οὐράνιον</span> <span class='ocrx_word' id='word_1_348' title='bbox 3042 4085 3241 4135; x_wconf 82' lang='grc' dir='ltr'>νύσσαν</span> <span class='ocrx_word' id='word_1_349' title='bbox 3289 4090 3594 4156; x_wconf 78' lang='grc' dir='ltr'>κεκτημένον</span> <span class='ocrx_word' id='word_1_350' title='bbox 3628 4102 3642 4114; x_wconf 87' lang='grc'><strong>·</strong></span> <span class='ocrx_word' id='word_1_351' title='bbox 3674 4095 3915 4148; x_wconf 80' lang='grc' dir='ltr'>τοιοῦτος</span> 
     </span>
    </p>
   </div>
   <div class='ocr_carea' id='block_1_47' title="bbox 2314 4160 3914 4249">
    <p class='ocr_par' dir='ltr' id='par_1_47' title="bbox 2314 4160 3914 4249">
     <span class='ocr_line' id='line_1_47' title="bbox 2314 4160 3914 4249; baseline 0.008 -33"><span class='ocrx_word' id='word_1_352' title='bbox 2314 4160 2466 4227; x_wconf 83' lang='grc' dir='ltr'>ἆθλος</span> <span class='ocrx_word' id='word_1_353' title='bbox 2494 4186 2616 4219; x_wconf 89' lang='grc' dir='ltr'>ποτε</span> <span class='ocrx_word' id='word_1_354' title='bbox 2645 4173 2733 4219; x_wconf 82' lang='grc' dir='ltr'>καὶ</span> <span class='ocrx_word' id='word_1_355' title='bbox 2765 4176 2867 4229; x_wconf 82' lang='grc' dir='ltr'>τοῖς</span> <span class='ocrx_word' id='word_1_356' title='bbox 2899 4167 3256 4243; x_wconf 70' lang='grc' dir='ltr'>ἐϐδομήκοντα</span> <span class='ocrx_word' id='word_1_357' title='bbox 3286 4176 3678 4248; x_wconf 77' lang='grc' dir='ltr'>προχειρίζεται</span> <span class='ocrx_word' id='word_1_358' title='bbox 3708 4179 3914 4249; x_wconf 78' lang='grc' dir='ltr'>μάρτυ-</span> 
     </span>
    </p>
   </div>
   <div class='ocr_carea' id='block_1_48' title="bbox 2317 4256 3904 4336">
    <p class='ocr_par' dir='ltr' id='par_1_48' title="bbox 2317 4256 3904 4336">
     <span class='ocr_line' id='line_1_48' title="bbox 2317 4256 3904 4336; baseline 0.006 -31"><span class='ocrx_word' id='word_1_359' title='bbox 2317 4274 2418 4322; x_wconf 88' lang='grc' dir='ltr'>σιν,</span> <span class='ocrx_word' id='word_1_360' title='bbox 2447 4256 2512 4306; x_wconf 84' lang='grc' dir='ltr'>ὧν</span> <span class='ocrx_word' id='word_1_361' title='bbox 2539 4260 2594 4307; x_wconf 87' lang='grc' dir='ltr'>τὸ</span> <span class='ocrx_word' id='word_1_362' title='bbox 2629 4256 2969 4330; x_wconf 83' lang='grc' dir='ltr'>φιλόχριστον</span> <span class='ocrx_word' id='word_1_363' title='bbox 2998 4260 3129 4330; x_wconf 83' lang='grc' dir='ltr'>αἷμα</span> <span class='ocrx_word' id='word_1_364' title='bbox 3155 4263 3182 4317; x_wconf 79' lang='grc' dir='ltr'>ἡ</span> <span class='ocrx_word' id='word_1_365' title='bbox 3219 4270 3315 4312; x_wconf 82' lang='grc' dir='ltr'>τῶν</span> <span class='ocrx_word' id='word_1_366' title='bbox 3340 4264 3614 4335; x_wconf 79' lang='grc' dir='ltr'>Ἀπαμέων</span> <span class='ocrx_word' id='word_1_367' title='bbox 3644 4262 3904 4336; x_wconf 72' lang='grc' dir='ltr'>δεξαμένη</span> 
     </span>
    </p>
   </div>
   <div class='ocr_carea' id='block_1_49' title="bbox 2313 4344 3904 4424">
    <p class='ocr_par' dir='ltr' id='par_1_49' title="bbox 2313 4344 3904 4424">
     <span class='ocr_line' id='line_1_49' title="bbox 2313 4344 3904 4424; baseline 0.008 -30"><span class='ocrx_word' id='word_1_368' title='bbox 2313 4344 2627 4418; x_wconf 83' lang='grc' dir='ltr'>μητρόπολις</span> <span class='ocrx_word' id='word_1_369' title='bbox 2662 4348 2843 4398; x_wconf 81' lang='grc' dir='ltr'>θυσίαν</span> <span class='ocrx_word' id='word_1_370' title='bbox 2895 4348 3046 4418; x_wconf 79' lang='grc' dir='ltr'>ἁγίαν</span> <span class='ocrx_word' id='word_1_371' title='bbox 3097 4354 3184 4400; x_wconf 90' lang='grc' dir='ltr'>καὶ</span> <span class='ocrx_word' id='word_1_372' title='bbox 3228 4350 3502 4422; x_wconf 65' lang='grc' dir='ltr'>εὐάρεστον</span> <span class='ocrx_word' id='word_1_373' title='bbox 3549 4352 3806 4424; x_wconf 71' lang='grc' dir='ltr'>ἀνέπεμψε</span> <span class='ocrx_word' id='word_1_374' title='bbox 3834 4362 3904 4423; x_wconf 77' lang='grc' dir='ltr'>τῷ</span> 
     </span>
    </p>
   </div>
   <div class='ocr_carea' id='block_1_50' title="bbox 555 4430 2203 4514">
    <p class='ocr_par' dir='ltr' id='par_1_50' title="bbox 555 4430 2197 4505">
     <span class='ocr_line' id='line_1_50' title="bbox 555 4430 2197 4505; baseline -0.003 -17"><span class='ocrx_word' id='word_1_375' title='bbox 555 4435 818 4505; x_wconf 88' lang='lat' dir='ltr'>guinem,</span> <span class='ocrx_word' id='word_1_376' title='bbox 852 4432 1312 4502; x_wconf 87' lang='lat' dir='ltr'>Apameensium</span> <span class='ocrx_word' id='word_1_377' title='bbox 1345 4430 1644 4498; x_wconf 82' lang='lat' dir='ltr'>excipiens</span> <span class='ocrx_word' id='word_1_378' title='bbox 1676 4430 1900 4489; x_wconf 85' lang='lat' dir='ltr'>civitas,</span> <span class='ocrx_word' id='word_1_379' title='bbox 1926 4434 2197 4483; x_wconf 87' lang='lat' dir='ltr'>sanctum</span> 
     </span>
    </p>
   </div>
   <div class='ocr_carea' id='block_1_51' title="bbox 2314 4430 3899 4514">
    <p class='ocr_par' dir='ltr' id='par_1_51' title="bbox 2316 4432 3899 4514">
     <span class='ocr_line' id='line_1_51' title="bbox 2316 4432 3899 4514; baseline 0.006 -29"><span class='ocrx_word' id='word_1_380' title='bbox 2316 4440 2448 4503; x_wconf 80' lang='grc' dir='ltr'>Θεῷ,</span> <span class='ocrx_word' id='word_1_381' title='bbox 2480 4432 2589 4486; x_wconf 80' lang='grc' dir='ltr'>ἀντὶ</span> <span class='ocrx_word' id='word_1_382' title='bbox 2614 4438 2780 4508; x_wconf 79' lang='grc' dir='ltr'>μύρου</span> <span class='ocrx_word' id='word_1_383' title='bbox 2812 4436 3096 4508; x_wconf 74' lang='grc' dir='ltr'>πολυτίμου</span> <span class='ocrx_word' id='word_1_384' title='bbox 3124 4441 3180 4488; x_wconf 87' lang='grc' dir='ltr'>τὸ</span> <span class='ocrx_word' id='word_1_385' title='bbox 3213 4446 3310 4491; x_wconf 80' lang='grc' dir='ltr'>πᾶν</span> <span class='ocrx_word' id='word_1_386' title='bbox 3358 4450 3509 4512; x_wconf 77' lang='grc' dir='ltr'>σῶμα</span> <span class='ocrx_word' id='word_1_387' title='bbox 3547 4450 3636 4493; x_wconf 75' lang='grc' dir='ltr'>τοῦ</span> <span class='ocrx_word' id='word_1_388' title='bbox 3670 4448 3899 4514; x_wconf 73' lang='grc' dir='ltr'>Χριστοῦ</span> 
     </span>
    </p>
   </div>
   <div class='ocr_carea' id='block_1_52' title="bbox 554 4514 2205 4587">
    <p class='ocr_par' dir='ltr' id='par_1_52' title="bbox 554 4514 2205 4587">
     <span class='ocr_line' id='line_1_52' title="bbox 554 4514 2205 4587; baseline -0.004 -11"><span class='ocrx_word' id='word_1_389' title='bbox 554 4526 609 4576; x_wconf 91' lang='lat' dir='ltr'>et</span> <span class='ocrx_word' id='word_1_390' title='bbox 632 4524 746 4575; x_wconf 91' lang='lat' dir='ltr'>Deo</span> <span class='ocrx_word' id='word_1_391' title='bbox 780 4526 1016 4587; x_wconf 78' lang='lat' dir='ltr'>gratum</span> <span class='ocrx_word' id='word_1_392' title='bbox 1048 4517 1239 4570; x_wconf 89' lang='lat' dir='ltr'>emisit</span> <span class='ocrx_word' id='word_1_393' title='bbox 1260 4514 1638 4579; x_wconf 85' lang='lat' dir='ltr'>sacriﬁcium,</span> <span class='ocrx_word' id='word_1_394' title='bbox 1679 4530 1782 4585; x_wconf 89' lang='lat' dir='ltr'>pro</span> <span class='ocrx_word' id='word_1_395' title='bbox 1806 4517 2064 4585; x_wconf 90' lang='lat' dir='ltr'>pretioso</span> <span class='ocrx_word' id='word_1_396' title='bbox 2099 4532 2205 4570; x_wconf 89' lang='lat' dir='ltr'>un-</span> 
     </span>
    </p>
   </div>
   <div class='ocr_carea' id='block_1_53' title="bbox 554 4604 2205 4682">
    <p class='ocr_par' dir='ltr' id='par_1_53' title="bbox 554 4604 2205 4682">
     <span class='ocr_line' id='line_1_53' title="bbox 554 4604 2205 4682; baseline -0.004 -18"><span class='ocrx_word' id='word_1_397' title='bbox 554 4617 774 4682; x_wconf 89' lang='lat' dir='ltr'>guento</span> <span class='ocrx_word' id='word_1_398' title='bbox 814 4612 1003 4663; x_wconf 89' lang='lat' dir='ltr'>totum</span> <span class='ocrx_word' id='word_1_399' title='bbox 1044 4620 1259 4674; x_wconf 87' lang='lat' dir='ltr'>corpus</span> <span class='ocrx_word' id='word_1_400' title='bbox 1292 4604 1519 4666; x_wconf 88' lang='lat' dir='ltr'>Christi,</span> <span class='ocrx_word' id='word_1_401' title='bbox 1548 4619 1764 4672; x_wconf 92' lang='lat' dir='ltr'>nempe</span> <span class='ocrx_word' id='word_1_402' title='bbox 1796 4609 2062 4659; x_wconf 85' lang='lat' dir='ltr'>sanctam</span> <span class='ocrx_word' id='word_1_403' title='bbox 2098 4606 2205 4659; x_wconf 88' lang='lat' dir='ltr'>Ec-</span> 
     </span>
    </p>
   </div>
   <div class='ocr_carea' id='block_1_54' title="bbox 555 4691 1815 4761">
    <p class='ocr_par' dir='ltr' id='par_1_54' title="bbox 555 4691 1815 4761">
     <span class='ocr_line' id='line_1_54' title="bbox 555 4691 1815 4761; baseline -0.007 -8"><span class='ocrx_word' id='word_1_404' title='bbox 555 4698 814 4761; x_wconf 89' lang='lat' dir='ltr'>clesiam,</span> <span class='ocrx_word' id='word_1_405' title='bbox 848 4695 908 4749; x_wconf 92' lang='lat' dir='ltr'>in</span> <span class='ocrx_word' id='word_1_406' title='bbox 946 4709 1151 4749; x_wconf 91' lang='lat' dir='ltr'>eorum</span> <span class='ocrx_word' id='word_1_407' title='bbox 1184 4691 1474 4759; x_wconf 89' lang='lat' dir='ltr'>sanguine</span> <span class='ocrx_word' id='word_1_408' title='bbox 1500 4691 1815 4759; x_wconf 88' lang='lat' dir='ltr'>inungens.</span> 
     </span>
    </p>
   </div>
   <div class='ocr_carea' id='block_1_55' title="bbox 622 4780 2206 4852">
    <p class='ocr_par' dir='ltr' id='par_1_55' title="bbox 622 4780 2206 4852">
     <span class='ocr_line' id='line_1_55' title="bbox 622 4780 2206 4852; baseline -0.004 -10"><span class='ocrx_word' id='word_1_409' title='bbox 622 4790 689 4842; x_wconf 89' lang='lat' dir='ltr'>ll.</span> <span class='ocrx_word' id='word_1_410' title='bbox 725 4784 1123 4841; x_wconf 85' lang='lat' dir='ltr'>Maximianus</span> <span class='ocrx_word' id='word_1_411' title='bbox 1151 4781 1385 4835; x_wconf 90' lang='lat' dir='ltr'>enimin</span> <span class='ocrx_word' id='word_1_412' title='bbox 1406 4780 1611 4850; x_wconf 87' lang='lat' dir='ltr'>primis</span> <span class='ocrx_word' id='word_1_413' title='bbox 1644 4780 1862 4851; x_wconf 90' lang='lat' dir='ltr'>impius</span> <span class='ocrx_word' id='word_1_414' title='bbox 1893 4780 2206 4852; x_wconf 91' lang='lat' dir='ltr'>etiniquus</span> 
     </span>
    </p>
   </div>
   <div class='ocr_carea' id='block_1_56' title="bbox 555 4868 2206 4946">
    <p class='ocr_par' dir='ltr' id='par_1_56' title="bbox 555 4868 2206 4946">
     <span class='ocr_line' id='line_1_56' title="bbox 555 4868 2206 4946; baseline -0.004 -15"><span class='ocrx_word' id='word_1_415' title='bbox 555 4878 901 4946; x_wconf 86' lang='lat' dir='ltr'>imperator,</span> <span class='ocrx_word' id='word_1_416' title='bbox 943 4869 1291 4943; x_wconf 89' lang='lat' dir='ltr'>quamlibet,</span> <span class='ocrx_word' id='word_1_417' title='bbox 1328 4868 1713 4940; x_wconf 88' lang='lat' dir='ltr'>quantumvis</span> <span class='ocrx_word' id='word_1_418' title='bbox 1740 4884 2043 4941; x_wconf 81' lang='lat' dir='ltr'>magnam,</span> <span class='ocrx_word' id='word_1_419' title='bbox 2079 4887 2206 4926; x_wconf 90' lang='lat' dir='ltr'>cru-</span> 
     </span>
    </p>
   </div>
   <div class='ocr_carea' id='block_1_57' title="bbox 557 4957 2209 5028">
    <p class='ocr_par' dir='ltr' id='par_1_57' title="bbox 557 4957 2209 5028">
     <span class='ocr_line' id='line_1_57' title="bbox 557 4957 2209 5028; baseline -0.003 -10"><span class='ocrx_word' id='word_1_420' title='bbox 557 4964 854 5019; x_wconf 90' lang='lat' dir='ltr'>delitatem</span> <span class='ocrx_word' id='word_1_421' title='bbox 885 4958 1249 5015; x_wconf 88' lang='lat' dir='ltr'>contendens</span> <span class='ocrx_word' id='word_1_422' title='bbox 1279 4972 1581 5028; x_wconf 89' lang='lat' dir='ltr'>superare,</span> <span class='ocrx_word' id='word_1_423' title='bbox 1616 4957 1892 5013; x_wconf 85' lang='lat' dir='ltr'>studebat</span> <span class='ocrx_word' id='word_1_424' title='bbox 1915 4964 1977 5012; x_wconf 88' lang='lat' dir='ltr'>ut</span> <span class='ocrx_word' id='word_1_425' title='bbox 1999 4974 2209 5014; x_wconf 91' lang='lat' dir='ltr'>omnes</span> 
     </span>
    </p>
   </div>
   <div class='ocr_carea' id='block_1_58' title="bbox 559 5046 2207 5120">
    <p class='ocr_par' dir='ltr' id='par_1_58' title="bbox 559 5046 2207 5120">
     <span class='ocr_line' id='line_1_58' title="bbox 559 5046 2207 5120; baseline -0.001 -15"><span class='ocrx_word' id='word_1_426' title='bbox 559 5052 661 5119; x_wconf 89' lang='lat' dir='ltr'>qui</span> <span class='ocrx_word' id='word_1_427' title='bbox 684 5050 930 5120; x_wconf 90' lang='lat' dir='ltr'>subjecti</span> <span class='ocrx_word' id='word_1_428' title='bbox 954 5052 1123 5104; x_wconf 87' lang='lat' dir='ltr'>erant</span> <span class='ocrx_word' id='word_1_429' title='bbox 1148 5046 1278 5117; x_wconf 89' lang='lat' dir='ltr'>ejus</span> <span class='ocrx_word' id='word_1_430' title='bbox 1300 5046 1570 5117; x_wconf 91' lang='lat' dir='ltr'>imperio,</span> <span class='ocrx_word' id='word_1_431' title='bbox 1598 5046 1875 5102; x_wconf 64' lang='lat' dir='ltr'>offerrent</span> <span class='ocrx_word' id='word_1_432' title='bbox 1896 5063 2207 5104; x_wconf 84' lang='lat' dir='ltr'>exsecran-</span> 
     </span>
    </p>
   </div>
   <div class='ocr_carea' id='block_1_59' title="bbox 562 5134 2205 5205">
    <p class='ocr_par' dir='ltr' id='par_1_59' title="bbox 562 5134 2205 5205">
     <span class='ocr_line' id='line_1_59' title="bbox 562 5134 2205 5205; baseline -0.001 -12"><span class='ocrx_word' id='word_1_433' title='bbox 562 5140 654 5193; x_wconf 92' lang='lat' dir='ltr'>dis</span> <span class='ocrx_word' id='word_1_434' title='bbox 686 5146 739 5194; x_wconf 87' lang='lat' dir='ltr'>et</span> <span class='ocrx_word' id='word_1_435' title='bbox 769 5138 1096 5193; x_wconf 91' lang='lat' dir='ltr'>immundis</span> <span class='ocrx_word' id='word_1_436' title='bbox 1128 5134 1496 5191; x_wconf 85' lang='lat' dir='ltr'>simulacris:</span> <span class='ocrx_word' id='word_1_437' title='bbox 1530 5139 1586 5190; x_wconf 91' lang='lat' dir='ltr'>ut</span> <span class='ocrx_word' id='word_1_438' title='bbox 1619 5151 1723 5205; x_wconf 90' lang='lat' dir='ltr'>per</span> <span class='ocrx_word' id='word_1_439' title='bbox 1757 5152 1962 5191; x_wconf 90' lang='lat' dir='ltr'>eorum</span> <span class='ocrx_word' id='word_1_440' title='bbox 1996 5137 2205 5193; x_wconf 87' lang='lat' dir='ltr'>adora-</span> 
     </span>
    </p>
   </div>
   <div class='ocr_carea' id='block_1_60' title="bbox 562 5224 2199 5298">
    <p class='ocr_par' dir='ltr' id='par_1_60' title="bbox 562 5224 2199 5298">
     <span class='ocr_line' id='line_1_60' title="bbox 562 5224 2199 5298; baseline 0 -17"><span class='ocrx_word' id='word_1_441' title='bbox 562 5227 781 5282; x_wconf 91' lang='lat' dir='ltr'>tionem</span> <span class='ocrx_word' id='word_1_442' title='bbox 826 5231 882 5280; x_wconf 93' lang='lat' dir='ltr'>et</span> <span class='ocrx_word' id='word_1_443' title='bbox 926 5226 1176 5281; x_wconf 90' lang='lat' dir='ltr'>deorum</span> <span class='ocrx_word' id='word_1_444' title='bbox 1222 5224 1326 5298; x_wconf 91' lang='lat' dir='ltr'>qui</span> <span class='ocrx_word' id='word_1_445' title='bbox 1369 5224 1521 5280; x_wconf 85' lang='lat' dir='ltr'>falso</span> <span class='ocrx_word' id='word_1_446' title='bbox 1552 5224 1935 5280; x_wconf 89' lang='lat' dir='ltr'>nominantur</span> <span class='ocrx_word' id='word_1_447' title='bbox 1988 5225 2199 5281; x_wconf 89' lang='lat' dir='ltr'>falsam</span> 
     </span>
    </p>
   </div>
   <div class='ocr_carea' id='block_1_61' title="bbox 560 5313 2199 5386">
    <p class='ocr_par' dir='ltr' id='par_1_61' title="bbox 560 5313 2199 5386">
     <span class='ocr_line' id='line_1_61' title="bbox 560 5313 2199 5386; baseline 0.001 -16"><span class='ocrx_word' id='word_1_448' title='bbox 560 5314 927 5382; x_wconf 87' lang='lat' dir='ltr'>religionem,</span> <span class='ocrx_word' id='word_1_449' title='bbox 967 5330 1073 5369; x_wconf 90' lang='lat' dir='ltr'>suo</span> <span class='ocrx_word' id='word_1_450' title='bbox 1115 5314 1365 5386; x_wconf 89' lang='lat' dir='ltr'>imperio</span> <span class='ocrx_word' id='word_1_451' title='bbox 1396 5314 1724 5386; x_wconf 89' lang='lat' dir='ltr'>acquireret</span> <span class='ocrx_word' id='word_1_452' title='bbox 1764 5313 2109 5386; x_wconf 76' lang='lat' dir='ltr'>praesidium</span> <span class='ocrx_word' id='word_1_453' title='bbox 2143 5319 2199 5371; x_wconf 90' lang='lat' dir='ltr'>et</span> 
     </span>
    </p>
   </div>
   <div class='ocr_carea' id='block_1_62' title="bbox 562 5400 2195 5473">
    <p class='ocr_par' dir='ltr' id='par_1_62' title="bbox 562 5400 2195 5473">
     <span class='ocr_line' id='line_1_62' title="bbox 562 5400 2195 5473; baseline -0.001 -13"><span class='ocrx_word' id='word_1_454' title='bbox 562 5400 1090 5472; x_wconf 87' lang='lat' dir='ltr'>magniﬁcentiam.</span> <span class='ocrx_word' id='word_1_455' title='bbox 1145 5405 1283 5459; x_wconf 88' lang='lat' dir='ltr'>Cum</span> <span class='ocrx_word' id='word_1_456' title='bbox 1324 5403 1435 5459; x_wconf 90' lang='lat' dir='ltr'>hoc</span> <span class='ocrx_word' id='word_1_457' title='bbox 1472 5419 1613 5473; x_wconf 87' lang='lat' dir='ltr'>ergo</span> <span class='ocrx_word' id='word_1_458' title='bbox 1650 5404 1841 5459; x_wconf 86' lang='lat' dir='ltr'>facere</span> <span class='ocrx_word' id='word_1_459' title='bbox 1876 5402 2195 5473; x_wconf 89' lang='lat' dir='ltr'>statuisset,</span> 
     </span>
    </p>
   </div>
   <div class='ocr_carea' id='block_1_63' title="bbox 559 5488 2207 5563">
    <p class='ocr_par' dir='ltr' id='par_1_63' title="bbox 559 5488 2207 5563">
     <span class='ocr_line' id='line_1_63' title="bbox 559 5488 2207 5563; baseline 0.001 -16"><span class='ocrx_word' id='word_1_460' title='bbox 559 5492 686 5563; x_wconf 90' lang='lat' dir='ltr'>ipse</span> <span class='ocrx_word' id='word_1_461' title='bbox 731 5488 991 5557; x_wconf 85' lang='lat' dir='ltr'>seipsum</span> <span class='ocrx_word' id='word_1_462' title='bbox 1032 5491 1107 5545; x_wconf 91' lang='lat' dir='ltr'>ad</span> <span class='ocrx_word' id='word_1_463' title='bbox 1130 5491 1242 5547; x_wconf 90' lang='lat' dir='ltr'>hoc</span> <span class='ocrx_word' id='word_1_464' title='bbox 1283 5492 1555 5548; x_wconf 90' lang='lat' dir='ltr'>sedulum</span> <span class='ocrx_word' id='word_1_465' title='bbox 1583 5498 1639 5549; x_wconf 90' lang='lat' dir='ltr'>et</span> <span class='ocrx_word' id='word_1_466' title='bbox 1669 5492 2028 5549; x_wconf 88' lang='lat' dir='ltr'>industrium</span> <span class='ocrx_word' id='word_1_467' title='bbox 2069 5509 2207 5549; x_wconf 90' lang='lat' dir='ltr'>con-</span> 
     </span>
    </p>
   </div>
   <div class='ocr_carea' id='block_1_64' title="bbox 562 5575 2194 5656">
    <p class='ocr_par' dir='ltr' id='par_1_64' title="bbox 562 5575 2194 5656">
     <span class='ocr_line' id='line_1_64' title="bbox 562 5575 2194 5656; baseline 0.001 -19"><span class='ocrx_word' id='word_1_468' title='bbox 562 5577 746 5637; x_wconf 75' lang='lat' dir='ltr'>stituit</span> <span class='ocrx_word' id='word_1_469' title='bbox 784 5575 1138 5635; x_wconf 83' lang='lat' dir='ltr'>ministrum.</span> <span class='ocrx_word' id='word_1_470' title='bbox 1188 5582 1316 5637; x_wconf 89' lang='lat' dir='ltr'>Non</span> <span class='ocrx_word' id='word_1_471' title='bbox 1357 5582 1515 5637; x_wconf 88' lang='lat' dir='ltr'>enim</span> <span class='ocrx_word' id='word_1_472' title='bbox 1554 5582 1885 5640; x_wconf 86' lang='lat' dir='ltr'>sustinebat</span> <span class='ocrx_word' id='word_1_473' title='bbox 1928 5582 2194 5656; x_wconf 87' lang='lat' dir='ltr'>jubendo</span> 
     </span>
    </p>
   </div>
   <div class='ocr_carea' id='block_1_65' title="bbox 2314 4522 3896 4603">
    <p class='ocr_par' dir='ltr' id='par_1_65' title="bbox 2314 4522 3896 4603">
     <span class='ocr_line' id='line_1_65' title="bbox 2314 4522 3896 4603; baseline 0.006 -30"><span class='ocrx_word' id='word_1_474' title='bbox 2314 4526 2406 4578; x_wconf 83' lang='grc' dir='ltr'>τὴν</span> <span class='ocrx_word' id='word_1_475' title='bbox 2454 4522 2603 4594; x_wconf 79' lang='grc' dir='ltr'>ἁγίαν</span> <span class='ocrx_word' id='word_1_476' title='bbox 2658 4524 2965 4581; x_wconf 83' lang='grc' dir='ltr'>Ἐκκλησίαν</span> <span class='ocrx_word' id='word_1_477' title='bbox 3018 4524 3065 4576; x_wconf 85' lang='grc' dir='ltr'>ἐν</span> <span class='ocrx_word' id='word_1_478' title='bbox 3114 4536 3184 4596; x_wconf 79' lang='grc' dir='ltr'>τῷ</span> <span class='ocrx_word' id='word_1_479' title='bbox 3237 4529 3419 4600; x_wconf 83' lang='grc' dir='ltr'>αἵματι</span> <span class='ocrx_word' id='word_1_480' title='bbox 3484 4534 3681 4582; x_wconf 77' lang='grc' dir='ltr'>τούτων</span> <span class='ocrx_word' id='word_1_481' title='bbox 3754 4536 3896 4603; x_wconf 79' lang='grc' dir='ltr'>μυρί-</span> 
     </span>
    </p>
   </div>
   <div class='ocr_carea' id='block_1_66' title="bbox 2316 4628 2474 4665">
    <p class='ocr_par' dir='ltr' id='par_1_66' title="bbox 2316 4628 2474 4665">
     <span class='ocr_line' id='line_1_66' title="bbox 2316 4628 2474 4665; baseline 0.032 -5"><span class='ocrx_word' id='word_1_482' title='bbox 2316 4628 2474 4665; x_wconf 91' lang='grc' dir='ltr'>σασα.</span> 
     </span>
    </p>
   </div>
   <div class='ocr_carea' id='block_1_67' title="bbox 2384 4784 3900 4864">
    <p class='ocr_par' dir='ltr' id='par_1_67' title="bbox 2384 4784 3900 4864">
     <span class='ocr_line' id='line_1_67' title="bbox 2384 4784 3900 4864; baseline 0.006 -29"><span class='ocrx_word' id='word_1_483' title='bbox 2384 4784 2454 4838; x_wconf 86' lang='grc' dir='ltr'>Β’.</span> <span class='ocrx_word' id='word_1_484' title='bbox 2510 4786 2834 4857; x_wconf 85' lang='grc' dir='ltr'>Μαξιμιανὸς</span> <span class='ocrx_word' id='word_1_485' title='bbox 2892 4790 3012 4859; x_wconf 76' lang='grc' dir='ltr'>γὰρ,</span> <span class='ocrx_word' id='word_1_486' title='bbox 3077 4789 3101 4838; x_wconf 87' lang='grc' dir='ltr'>ὁ</span> <span class='ocrx_word' id='word_1_487' title='bbox 3152 4785 3572 4853; x_wconf 77' lang='grc' dir='ltr'>δυσσεϐέστατος</span> <span class='ocrx_word' id='word_1_488' title='bbox 3629 4791 3900 4864; x_wconf 76' lang='grc' dir='ltr'>βασιλεὺς,</span> 
     </span>
    </p>
   </div>
   <div class='ocr_carea' id='block_1_68' title="bbox 2315 4876 3902 4955">
    <p class='ocr_par' dir='ltr' id='par_1_68' title="bbox 2315 4876 3902 4955">
     <span class='ocr_line' id='line_1_68' title="bbox 2315 4876 3902 4955; baseline 0.008 -31"><span class='ocrx_word' id='word_1_489' title='bbox 2315 4879 2485 4925; x_wconf 80' lang='grc' dir='ltr'>πᾶσαν</span> <span class='ocrx_word' id='word_1_490' title='bbox 2565 4876 2831 4945; x_wconf 77' lang='grc' dir='ltr'>ὠμότητος</span> <span class='ocrx_word' id='word_1_491' title='bbox 2913 4877 3197 4950; x_wconf 77' lang='grc' dir='ltr'>ὑπερϐολὴν</span> <span class='ocrx_word' id='word_1_492' title='bbox 3257 4885 3401 4949; x_wconf 81' lang='grc' dir='ltr'>νικᾷν</span> <span class='ocrx_word' id='word_1_493' title='bbox 3462 4882 3902 4955; x_wconf 80' lang='grc' dir='ltr'>φιλοτιμούμενος,</span> 
     </span>
    </p>
   </div>
   <div class='ocr_carea' id='block_1_69' title="bbox 2316 4961 3902 5046">
    <p class='ocr_par' dir='ltr' id='par_1_69' title="bbox 2316 4961 3902 5046">
     <span class='ocr_line' id='line_1_69' title="bbox 2316 4961 3902 5046; baseline 0.007 -33"><span class='ocrx_word' id='word_1_494' title='bbox 2316 4961 2435 5018; x_wconf 86' lang='grc' dir='ltr'>ὅλην</span> <span class='ocrx_word' id='word_1_495' title='bbox 2472 4967 2564 5021; x_wconf 81' lang='grc' dir='ltr'>τὴν</span> <span class='ocrx_word' id='word_1_496' title='bbox 2595 4965 2680 5015; x_wconf 83' lang='grc' dir='ltr'>ὑπ’</span> <span class='ocrx_word' id='word_1_497' title='bbox 2713 4964 2865 5016; x_wconf 64' lang='grc' dir='ltr'>αὐτὸν</span> <span class='ocrx_word' id='word_1_498' title='bbox 2911 4965 3171 5018; x_wconf 88' lang='grc' dir='ltr'>πολιτείαν</span> <span class='ocrx_word' id='word_1_499' title='bbox 3221 4975 3328 5029; x_wconf 88' lang='grc' dir='ltr'>τοῖς</span> <span class='ocrx_word' id='word_1_500' title='bbox 3378 4967 3695 5044; x_wconf 77' lang='grc' dir='ltr'>ἀκαθάρτοις</span> <span class='ocrx_word' id='word_1_501' title='bbox 3741 4992 3902 5046; x_wconf 82' lang='grc' dir='ltr'>προσ-</span> 
     </span>
    </p>
   </div>
   <div class='ocr_carea' id='block_1_70' title="bbox 2317 5050 3905 5126">
    <p class='ocr_par' dir='ltr' id='par_1_70' title="bbox 2317 5050 3905 5126">
     <span class='ocr_line' id='line_1_70' title="bbox 2317 5050 3905 5126; baseline 0.008 -25"><span class='ocrx_word' id='word_1_502' title='bbox 2317 5055 2477 5125; x_wconf 87' lang='grc' dir='ltr'>φέρειν</span> <span class='ocrx_word' id='word_1_503' title='bbox 2527 5050 2819 5112; x_wconf 73' lang='grc' dir='ltr'>ἐσπούδαζε</span> <span class='ocrx_word' id='word_1_504' title='bbox 2869 5050 3138 5126; x_wconf 71' lang='grc' dir='ltr'>δαίμοσιν,</span> <span class='ocrx_word' id='word_1_505' title='bbox 3202 5059 3264 5116; x_wconf 81' lang='grc' dir='ltr'>ὡς</span> <span class='ocrx_word' id='word_1_506' title='bbox 3318 5056 3376 5107; x_wconf 78' lang='grc' dir='ltr'>ἂν</span> <span class='ocrx_word' id='word_1_507' title='bbox 3418 5054 3573 5116; x_wconf 75' lang='grc' dir='ltr'>δῆθεν</span> <span class='ocrx_word' id='word_1_508' title='bbox 3641 5057 3733 5112; x_wconf 75' lang='grc' dir='ltr'>διὰ</span> <span class='ocrx_word' id='word_1_509' title='bbox 3808 5069 3905 5122; x_wconf 81' lang='grc' dir='ltr'>τῆς</span> 
     </span>
    </p>
   </div>
   <div class='ocr_carea' id='block_1_71' title="bbox 2314 5141 3904 5221">
    <p class='ocr_par' dir='ltr' id='par_1_71' title="bbox 2314 5141 3904 5221">
     <span class='ocr_line' id='line_1_71' title="bbox 2314 5141 3904 5221; baseline 0.008 -31"><span class='ocrx_word' id='word_1_510' title='bbox 2314 5146 2716 5211; x_wconf 83' lang='grc' dir='ltr'>προσκυνήσεως</span> <span class='ocrx_word' id='word_1_511' title='bbox 2773 5150 2867 5201; x_wconf 81' lang='grc' dir='ltr'>τῆς</span> <span class='ocrx_word' id='word_1_512' title='bbox 2913 5151 3009 5194; x_wconf 83' lang='grc' dir='ltr'>τῶν</span> <span class='ocrx_word' id='word_1_513' title='bbox 3060 5141 3409 5214; x_wconf 72' lang='grc' dir='ltr'>ψευδωνύμων</span> <span class='ocrx_word' id='word_1_514' title='bbox 3456 5149 3577 5199; x_wconf 84' lang='grc' dir='ltr'>θεῶν</span> <span class='ocrx_word' id='word_1_515' title='bbox 3620 5151 3904 5221; x_wconf 83' lang='grc' dir='ltr'>θρησκείας</span> 
     </span>
    </p>
   </div>
   <div class='ocr_carea' id='block_1_72' title="bbox 2314 5228 3905 5312">
    <p class='ocr_par' dir='ltr' id='par_1_72' title="bbox 2314 5228 3905 5312">
     <span class='ocr_line' id='line_1_72' title="bbox 2314 5228 3905 5312; baseline 0.009 -35"><span class='ocrx_word' id='word_1_516' title='bbox 2314 5228 2542 5299; x_wconf 79' lang='grc' dir='ltr'>φυλακην</span> <span class='ocrx_word' id='word_1_517' title='bbox 2599 5249 2651 5281; x_wconf 88' lang='grc' dir='ltr'>τε</span> <span class='ocrx_word' id='word_1_518' title='bbox 2698 5236 2786 5281; x_wconf 82' lang='grc' dir='ltr'>καὶ</span> <span class='ocrx_word' id='word_1_519' title='bbox 2843 5232 3276 5305; x_wconf 73' lang='grc' dir='ltr'>μεγαλοπρέπειαν</span> <span class='ocrx_word' id='word_1_520' title='bbox 3331 5244 3392 5293; x_wconf 84' lang='grc' dir='ltr'>τῆ</span> <span class='ocrx_word' id='word_1_521' title='bbox 3451 5236 3616 5307; x_wconf 77' lang='grc' dir='ltr'>οἰκείᾳ</span> <span class='ocrx_word' id='word_1_522' title='bbox 3654 5237 3905 5312; x_wconf 67' lang='grc' dir='ltr'>βασιλείᾳ</span> 
     </span>
    </p>
   </div>
   <div class='ocr_carea' id='block_1_73' title="bbox 2312 5319 3902 5395">
    <p class='ocr_par' dir='ltr' id='par_1_73' title="bbox 2312 5319 3902 5395">
     <span class='ocr_line' id='line_1_73' title="bbox 2312 5319 3902 5395; baseline 0.008 -28"><span class='ocrx_word' id='word_1_523' title='bbox 2312 5322 2721 5389; x_wconf 81' lang='grc' dir='ltr'>περιποιὴσοιτο.</span> <span class='ocrx_word' id='word_1_524' title='bbox 2775 5325 2954 5371; x_wconf 87' lang='grc' dir='ltr'>Τοίνυν</span> <span class='ocrx_word' id='word_1_525' title='bbox 2999 5329 3160 5373; x_wconf 84' lang='grc' dir='ltr'>ποιεῖν</span> <span class='ocrx_word' id='word_1_526' title='bbox 3225 5319 3517 5395; x_wconf 76' lang='grc' dir='ltr'>δοκιμάσας</span> <span class='ocrx_word' id='word_1_527' title='bbox 3567 5326 3720 5388; x_wconf 69' lang='grc' dir='ltr'>αὐτὸς</span> <span class='ocrx_word' id='word_1_528' title='bbox 3775 5329 3902 5380; x_wconf 87' lang='grc' dir='ltr'>ἐαυ-</span> 
     </span>
    </p>
   </div>
   <div class='ocr_carea' id='block_1_74' title="bbox 2311 5407 3899 5489">
    <p class='ocr_par' dir='ltr' id='par_1_74' title="bbox 2311 5407 3899 5489">
     <span class='ocr_line' id='line_1_74' title="bbox 2311 5407 3899 5489; baseline 0.009 -34"><span class='ocrx_word' id='word_1_529' title='bbox 2311 5407 2397 5456; x_wconf 86' lang='grc' dir='ltr'>τὸν</span> <span class='ocrx_word' id='word_1_530' title='bbox 2444 5408 2515 5467; x_wconf 83' lang='grc' dir='ltr'>εὶς</span> <span class='ocrx_word' id='word_1_531' title='bbox 2566 5415 2715 5459; x_wconf 80' lang='grc' dir='ltr'>τοῦτο</span> <span class='ocrx_word' id='word_1_532' title='bbox 2762 5407 3046 5462; x_wconf 76' lang='grc' dir='ltr'>σπουδαῖον</span> <span class='ocrx_word' id='word_1_533' title='bbox 3099 5412 3392 5486; x_wconf 80' lang='grc' dir='ltr'>λειτουργὸν</span> <span class='ocrx_word' id='word_1_534' title='bbox 3451 5417 3856 5489; x_wconf 75' lang='grc' dir='ltr'>προχειρίζεται</span> <span class='ocrx_word' id='word_1_535' title='bbox 3885 5435 3899 5447; x_wconf 76' lang='grc'><em>⁸</em></span> 
     </span>
    </p>
   </div>
   <div class='ocr_carea' id='block_1_75' title="bbox 2314 5495 3899 5579">
    <p class='ocr_par' dir='ltr' id='par_1_75' title="bbox 2314 5495 3899 5579">
     <span class='ocr_line' id='line_1_75' title="bbox 2314 5495 3899 5579; baseline 0.008 -34"><span class='ocrx_word' id='word_1_536' title='bbox 2314 5495 2372 5547; x_wconf 78' lang='grc' dir='ltr'>οὐ</span> <span class='ocrx_word' id='word_1_537' title='bbox 2420 5496 2519 5570; x_wconf 83' lang='grc' dir='ltr'>γὰρ</span> <span class='ocrx_word' id='word_1_538' title='bbox 2566 5499 2801 5568; x_wconf 83' lang='grc' dir='ltr'>ἠνείχετο</span> <span class='ocrx_word' id='word_1_539' title='bbox 2854 5495 2947 5550; x_wconf 83' lang='grc' dir='ltr'>διὰ</span> <span class='ocrx_word' id='word_1_540' title='bbox 2994 5499 3269 5563; x_wconf 81' lang='grc' dir='ltr'>κελεύσεως</span> <span class='ocrx_word' id='word_1_541' title='bbox 3314 5504 3549 5576; x_wconf 75' lang='grc' dir='ltr'>γράφειν,</span> <span class='ocrx_word' id='word_1_542' title='bbox 3604 5506 3669 5563; x_wconf 72' lang='grc' dir='ltr'>ὡς</span> <span class='ocrx_word' id='word_1_543' title='bbox 3712 5507 3759 5556; x_wconf 86' lang='grc' dir='ltr'>οἱ</span> <span class='ocrx_word' id='word_1_544' title='bbox 3798 5509 3899 5579; x_wconf 84' lang='grc' dir='ltr'>πρὸ</span> 
     </span>
    </p>
   </div>
   <div class='ocr_carea' id='block_1_76' title="bbox 2315 5583 3898 5665">
    <p class='ocr_par' dir='ltr' id='par_1_76' title="bbox 2315 5583 3898 5665">
     <span class='ocr_line' id='line_1_76' title="bbox 2315 5583 3898 5665; baseline 0.006 -28"><span class='ocrx_word' id='word_1_545' title='bbox 2315 5584 2473 5638; x_wconf 77' lang='grc' dir='ltr'>αὐτοῦ</span> <span class='ocrx_word' id='word_1_546' title='bbox 2506 5583 2756 5658; x_wconf 81' lang='grc' dir='ltr'>βασιλεῖς,</span> <span class='ocrx_word' id='word_1_547' title='bbox 2797 5593 2907 5650; x_wconf 87' lang='grc' dir='ltr'>τοῖς</span> <span class='ocrx_word' id='word_1_548' title='bbox 2948 5591 3083 5641; x_wconf 80' lang='grc' dir='ltr'>κατὰ</span> <span class='ocrx_word' id='word_1_549' title='bbox 3128 5595 3309 5662; x_wconf 86' lang='grc' dir='ltr'>χώραν</span> <span class='ocrx_word' id='word_1_550' title='bbox 3339 5592 3573 5665; x_wconf 78' lang='grc' dir='ltr'>ἄρχουσι</span> <span class='ocrx_word' id='word_1_551' title='bbox 3607 5600 3697 5653; x_wconf 75' lang='grc' dir='ltr'>τῆς</span> <span class='ocrx_word' id='word_1_552' title='bbox 3747 5590 3898 5647; x_wconf 76' lang='grc' dir='ltr'>εἰδω-</span> 
     </span>
    </p>
   </div>
  </div>
