4114 6262
191 275 296 331 357

1265 269 1426 327 VITA
1471 271 1575 326 SS.
1620 264 1954 325 MAURIGII
1995 271 2079 325 ET
2119 273 2512 334 SOCIOBUM.

3455 289 3559 345 358

190 399 494 472 λολατρείας
554 395 858 470 φροντίζειν·
923 393 1052 448 ἀλλά
1126 395 1314 458 ἀόκνως
1364 397 1520 458 αὐτὸς
1572 401 1666 456 τὴν
1725 397 1797 450 οἰ-

1920 395 2160 453 scribere
2191 399 2270 455 ad
2306 399 2576 457 locorum
2596 402 2894 474 praisides,
2922 409 2985 460 ut
3037 406 3426 478 imperatores
3454 416 3562 485 qui

195 493 449 562 κουμένην
507 491 822 559 περιήρχετο
902 485 1166 558 ὑπηρέτης
1241 487 1360 548 ὀξὺς
1430 495 1526 539 τῶν
1608 486 1797 558 βωμῶν

197 588 296 630 τῶν
337 575 598 648 δαιμόνων
645 581 926 645 γινόμενος,
982 572 1200 634 ἐλπίζων
1252 572 1344 626 διὰ
1390 583 1485 636 τῆς
1513 581 1800 647 παρουσίας

206 669 365 718 αὑτοῦ
409 671 498 716 καὶ
529 666 646 724 τούς
679 662 1013 724 ἀποστάντας
1043 670 1137 722 τῆς
1168 659 1589 734 δεισιδαιμονίας
1645 663 1801 715 αὐτοῦ

208 761 298 808 καὶ
353 758 475 827 πρὸς
531 757 616 809 τήν
668 759 869 823 γνῶσνν
940 759 1031 812 τῆς
1101 750 1343 814 ἀληθείας
1397 760 1488 804 τοῦ
1573 761 1804 826 Χριστοῦ

211 845 690 916 προσφοιτήσαντας
755 838 1114 910 αὐτομολῆσαι
1191 841 1606 913 παρασκευάζειν
1676 844 1804 916 πρὸς

208 935 301 986 τήν
348 928 543 985 πλάνην
597 934 696 978 τῶν
747 925 1051 999 ἀκαθάρτων
1111 927 1272 980 αὐτοῦ
1336 934 1425 980 καὶ
1505 926 1802 1002 βδελυκτῶν

210 1020 360 1072 θεῶν.
417 1019 562 1070 Μετά
599 1017 846 1077 τοιαύτης
894 1012 1234 1088 0571;71:63an
1277 1023 1369 1076 τήν
1409 1017 1608 1089 Ῥώμην
1639 1039 1801 1071 κατα-

206 1107 366 1159 λιπὼν
416 1107 742 1178 Μαξιμιανὸς
795 1107 819 1156 ό
877 1101 1296 1167 δυσσεϐέστατος
1325 1110 1570 1180 τύραννος
1595 1113 1684 1161 καὶ
1712 1106 1802 1161 διὰ

208 1204 308 1248 τῶν
352 1195 664 1247 ἀνατολικῶν
733 1203 896 1267 μερῶν
952 1199 1046 1253 τὴν
1122 1191 1404 1268 όδοπορίαν
1477 1199 1801 1269 ποιούμενος,

208 1290 530 1342 κατήντησεν
585 1286 656 1345 εἱς
714 1284 996 1355 Ἀπάμειαν
1047 1288 1138 1342 τήν
1192 1285 1509 1360 μητρόπολιν
1561 1294 1658 1346 τῆς
1690 1285 1806 1339 δευ-

207 1377 360 1446 τέρας
417 1383 514 1424 τῶν
567 1376 738 1446 Σύρων
792 1371 1069 1446 ἐπαρχίας,
1123 1376 1246 1426 ἔνθα
1313 1384 1413 1427 τῶν
1468 1373 1692 1428 εἰδώλων
1758 1381 1806 1429 οί

210 1462 358 1535 ἱερεῖς
406 1461 770 1533 προσελθόντες
818 1463 957 1533 αὐτῷ
1009 1468 1334 1537 κατηγόρουν
1401 1472 1500 1516 τῶν
1552 1473 1805 1540 Χριστια-

203 1559 301 1601 νῶν
343 1551 588 1621 λέγοντες’
640 1552 709 1602 Ὠ
761 1553 986 1604 θειότατε
1039 1551 1281 1623 βασιλεῦ,
1335 1552 1633 1626 παρρησίαν
1679 1557 1803 1626 ἡμῖν

203 1642 336 1713 πρὸς
380 1644 471 1696 τὴν
517 1639 775 1692 εὐσέϐειαν
829 1649 926 1692 τῶν
993 1643 1114 1693 θεῶν
1177 1638 1560 1714 δωρησαμένων
1621 1643 1803 1715 ἀναφέ-

204 1747 356 1800 ρομεν
379 1728 462 1780 ἐπὶ
489 1733 546 1781 τὸ
575 1728 830 1787 ἀήττητον
864 1749 957 1782 σου
1003 1733 1206 1803 κράτος,
1253 1732 1333 1782 ὅτι
1377 1739 1476 1782 τῶν
1527 1734 1649 1805 παρ’
1677 1734 1801 1804 ἡμῖν
1836 1758 1876 1810 Β

207 1819 425 1880 ἕκαστος
481 1822 612 1890 μετά
655 1819 812 1890 φόϐου
852 1824 940 1870 καὶ
991 1821 1153 1870 ποθου
1211 1823 1328 1881 τοὺς
1379 1826 1651 1892 πατρῴους
1709 1841 1802 1873 σου

207 1913 339 1979 τιμᾷ
378 1909 541 1976 θεοὺς,
583 1908 815 1979 μάλιστα
846 1905 904 1960 δὲ
947 1913 1031 1960 τόν
1061 1913 1157 1960 Δία
1190 1912 1272 1960 τὸν
1305 1913 1503 1984 πατέρα
1542 1919 1643 1961 τῶν
1681 1913 1804 1963 θεῶν

211 2001 300 2047 καὶ
347 2001 433 2048 τὸν
481 1997 779 2050 Ἀπόλλωνα
831 2001 916 2049 τόν
968 1999 1257 2069 Θαυμάσιον
1316 2003 1436 2058 τοὺς
1497 2000 1622 2074 ύπερ
1689 2005 1804 2061 τοὺς

214 2084 398 2145 ἄλλους
429 2087 570 2148 θεούς
604 2094 826 2146 συνετῶς
864 2086 1213 2158 φυλάττοντάς
1244 2106 1297 2138 τε
1321 2091 1410 2138 καὶ
1438 2093 1803 2162 περιποιουμέ-

212 2192 325 2234 νους
355 2178 446 2232 τὴν
500 2173 772 2246 βασιλείαν
812 2183 908 2236 τῆς
960 2175 1194 2238 ἐξουσίας
1243 2196 1358 2228 σου.
1399 2183 1689 2250 Μαυρίκιος
1747 2174 1805 2230 δὲ

208 2266 296 2313 καὶ
327 2263 376 2312 οἱ
412 2266 505 2312 σὺν
536 2263 675 2334 αὐτῷ
704 2261 1063 2336 ἐϐδομήκοντα
1109 2274 1428 2338 στρατιῶται
1465 2271 1556 2317 τόῦ
1581 2269 1806 2340 κράτους

209 2369 325 2414 σου,
379 2348 432 2401 ἐκ
477 2359 575 2402 τῶν
616 2360 718 2402 σῶν
762 2351 1045 2422 ύψωθέντες
1085 2350 1290 2426 δωρεῶν
1342 2359 1431 2406 καὶ
1482 2357 1576 2414 τὰς
1607 2355 1800 2426 φιλοτί-

204 2447 329 2510 μοῦς
388 2457 503 2505 σου,
557 2443 954 2512 καρπωσάμενοι
1009 2443 1255 2515 χάριτας,
1310 2442 1632 2515 ἀτιμάζουσι
1680 2448 1802 2506 τούς

208 2529 353 2587 θεοὺς
406 2531 672 2582 καὶκατὰ
745 2537 842 2591 τῆς
899 2528 1152 2588 ἀηττήτου
1229 2550 1322 2582 σου
1382 2535 1790 2601 τετυραννήκασι

207 2615 494 2688 βασιλείας,
545 2626 606 2692 τῇ
659 2618 820 2692 πλάνη
894 2624 1311 2692 συναπαγόμενοι
1362 2629 1461 2672 τῶν
1514 2620 1795 2693 λεγομένων

205 2713 553 2778 Χριστιανῶν.

282 2880 354 2935 Γ’.
411 2891 588 2934 Ταῦτα
635 2882 866 2943 ἀκούσας
927 2885 952 2934 ὁ
1005 2886 1246 2954 τύραννος
1305 2884 1630 2956 Μαξιμιανός
1685 2887 1800 2937 ἐθυ-

211 2975 360 3046 μώθη
388 2980 449 3043 τῇ
482 2971 660 3044 ψυχῇ,
694 2977 782 3023 καὶ
809 2974 896 3031 τὰς
921 2976 1102 3045 φρένας
1133 2971 1412 3037 ἠλλοιώθη,
1455 2977 1543 3024 καὶ
1570 2978 1656 3030 τὴν
1686 2971 1801 3026 διά-

212 3081 354 3114 νοιαν
401 3063 526 3135 ὑπὲρ
579 3062 792 3132 κάμινον
859 3059 1132 3126 ἐξεκασθη,
1188 3059 1458 3135 ἐξαιρέτως
1523 3057 1808 3132 διδαχθεὶς

215 3152 295 3202 ὅτι
351 3152 399 3200 ἐν
445 3157 562 3210 ταῖς
615 3149 774 3201 αὐτοῦ
831 3153 1122 3222 στρατείαις
1179 3153 1439 3209 τοιούτους
1489 3156 1808 3224 στρατιώτας

213 3239 495 3312 ὑπάρχειν.
558 3243 656 3290 Καὶ
717 3234 783 3296 δή
835 3240 1029 3310 ἡμέραν
1061 3237 1380 3310 ἐπιτηρήσας
1422 3237 1677 3310 ἐπίσημον
1720 3243 1809 3290 καὶ

215 3332 367 3380 τόπον
416 3323 711 3384 ἐπιτήδειον
755 3327 984 3402 εὑρηκὼς
1016 3330 1146 3399 πρὸς
1203 3329 1417 3399 θεωρίαν
1467 3335 1556 3379 τοῦ
1611 3324 1808 3399 δήμου,

221 3421 372 3487 μέσον
419 3424 514 3467 τῶν
570 3414 811 3487 ἀρκτῴων
868 3415 1039 3467 πυλῶν
1095 3423 1188 3476 τῆς
1271 3415 1536 3487 Ἀπαμέων
1613 3435 1812 3491 μητρο-

222 3503 404 3564 πόλεως
467 3508 694 3566 Γιτνείας
748 3503 1031 3576 Ἀμαξικῆς
1103 3503 1395 3576 λεγομένης,
1469 3503 1677 3557 κάκεῖσε
1753 3507 1810 3556 τὸ

223 3589 561 3662 δικαστήριον
618 3593 1018 3668 εὐτρεπισθῆναι
1086 3592 1348 3659 κελεύσας,
1405 3593 1640 3664 ἀχθῆναι
1690 3597 1812 3655 τοὺς

222 3679 500 3754 ἀοιδίμους
549 3682 832 3755 προσέταξε
882 3685 1172 3755 μάρτυρας.
1231 3683 1340 3754 Ἐφ’
1387 3682 1589 3753 ὑψηλοῦ
1641 3688 1812 3735 τοίνυν

226 3768 461 3843 βήματος
519 3779 608 3822 τοῦ
663 3767 1086 3823 δυσσεϐεστάτου
1152 3773 1398 3845 τυράννου
1452 3774 1810 3838 καθεσθέντος,

226 3859 399 3920 πάσης
449 3866 539 3919 τῆς
594 3859 782 3920 πόλεως
835 3865 923 3911 καὶ
971 3862 1149 3920 πάσης
1200 3859 1401 3920 ἡλικίας
1450 3860 1521 3920 εἰς
1567 3865 1657 3919 τήν
1700 3864 1816 3912 τού-

225 3965 322 3996 των
380 3949 590 4020 θεωρίαν
645 3945 1071 4021 συνδραμούσης,
1107 3952 1174 4010 ὡς
1218 3945 1358 4022 μηδὲ
1397 3958 1496 4002 τῶν
1531 3951 1815 4022 θαλαμέυο-

225 4039 383 4107 μένων
462 4039 724 4110 παρθένων
795 4037 1229 4110 καταλειφθεισῶν
1313 4037 1360 4088 ἐν
1430 4044 1535 4098 τοῖς
1611 4039 1815 4099 οἰκείοις

225 4129 594 4197 καταγωγίοις,
643 4123 764 4196 ἦγον
821 4130 869 4179 οἱ
939 4123 1220 4202 δορυφόροι
1288 4131 1401 4187 τοῦς
1459 4124 1817 4199 ἐϐδομήκοντα

225 4221 548 4287 στρατιώτας
585 4224 674 4268 τοῦ
714 4224 968 4291 Χριστοῦ,
1020 4217 1103 4277 οὖς
1145 4218 1455 4288 θεασάμενος
1501 4218 1525 4267 ό
1568 4215 1814 4287 βασιλεὺς

221 4307 352 4376 πρὸς
407 4308 491 4356 τὸν
544 4307 737 4356 τούτων
798 4306 1019 4379 ἔξαρχον
1070 4304 1222 4356 εἶπεν·
1285 4304 1461 4374 Ἡμεῖς
1515 4303 1815 4374 ἐλπίζομεν,

233 4393 258 4409 ,ν

223 4393 263 4443 ὧ
321 4398 598 4466 Μαυρίκιε,
641 4396 708 4455 ὡς
755 4403 852 4446 τῶν
902 4397 1159 4465 ἡμετέρων
1213 4391 1548 4450 ἀπολαύοντες
1591 4389 1816 4466 δωρεῶν,

1904 493 2040 534 eum
2068 491 2519 552 praecesserant,
2555 497 2614 540 ut
2652 487 2948 543 idolorum
2982 491 3176 546 cultus
3227 509 3437 551 curam
3461 513 3562 568 ge-

1906 578 2099 623 rerent
2124 585 2136 634 ;
2163 571 2264 626 sed
2287 576 2412 643 ipse
2433 574 2685 645 impigre
2707 580 2762 630 et
2786 576 3096 646 diligenter
3116 581 3318 638 obibat
3338 585 3552 642 orbem

1910 660 2094 725 terrae,
2136 658 2377 715 effectus
2403 662 2570 717 velox
2593 665 2858 719 minister
2885 667 3161 723 altarium
3186 670 3560 742 daemonum,

1912 757 2161 814 sperans
2185 748 2384 804 infelix
2411 767 2516 822 per
2540 768 2716 806 suum
2737 753 3056 809 adventum
3081 773 3142 810 se
3190 758 3558 828 effecturum,

1914 838 1975 886 ut
2011 836 2113 904 qui
2152 835 2489 894 defecerant
2525 840 2603 894 ab
2643 841 2771 910 ejus
2813 844 3248 912 superstitione,
3292 852 3350 901 et
3367 864 3563 905 acces-

1911 927 2106 976 serant
2137 925 2214 979 ad
2239 927 2498 982 veritatis
2532 929 2738 984 Christi
2766 931 3186 999 cognitionem,
3235 935 3561 1008 transfuge-

1908 1017 2040 1065 rent
2058 1012 2136 1065 ad
2157 1029 2413 1070 errorem
2433 1016 3144 1076 suorumimmundorum
3174 1026 3231 1077 et
3259 1039 3562 1082 exsecran-

1909 1096 2125 1154 dorum
2138 1100 2408 1157 deorum.
2427 1103 2544 1158 Tali
2558 1119 2699 1172 ergo
2717 1106 2919 1160 animo
2932 1109 3184 1163 Romam
3218 1111 3561 1184 relinquens

1910 1187 2301 1244 Maximianus
2330 1191 2551 1262 impius
2578 1198 2886 1262 tyrannus,
2916 1200 2971 1249 et
2987 1211 3092 1266 per
3139 1198 3396 1254 Orientis
3424 1217 3559 1272 par-

1913 1279 1997 1328 tes
2023 1275 2128 1330 iter
2152 1277 2392 1344 faciens,
2416 1281 2685 1350 pervenit
2718 1283 3070 1353 Apameam,
3092 1301 3222 1356 quae
3236 1294 3325 1343 est
3346 1296 3564 1346 metro-

1913 1363 2065 1433 polis
2115 1367 2388 1421 secundae
2433 1368 2754 1439 provinciae
2800 1373 3106 1440 Syrorum.
3153 1376 3281 1439 Quo
3323 1377 3384 1431 in
3427 1377 3558 1434 loco

1910 1452 2207 1508 idolorum
2247 1457 2586 1511 sacerdotes
2619 1456 2696 1512 ad
2725 1474 2865 1513 eum
2896 1462 3269 1530 accedentes,
3313 1481 3560 1524 accusa-

1910 1539 2057 1596 bant
2086 1544 2467 1615 Christianos,
2511 1546 2772 1602 dicentes
2815 1548 2906 1603 ei:
2951 1550 2994 1604 Ο
3033 1550 3402 1610 divinissime
3441 1557 3556 1612 im—

1913 1633 2168 1700 perator,
2187 1648 2321 1687 cum
2338 1633 2416 1688 dii
2433 1634 2608 1689 nobis
2627 1634 2899 1691 dederint
2919 1637 3203 1709 loquendi
3222 1641 3556 1700 libertatem

1914 1717 2078 1788 apud
2109 1725 2271 1774 tuam
2299 1720 2601 1791 pietatem,
2631 1723 2951 1780 deferimus
2973 1726 3051 1781 ad
3073 1733 3238 1784 tuam
3275 1730 3558 1788 invictam

1914 1809 2260 1876 potentiam,
2284 1811 2446 1880 quod
2463 1813 2874 1884 unusquisque
2896 1829 3102 1870 eorum
3119 1817 3220 1886 qui
3241 1823 3380 1873 sunt
3395 1821 3559 1890 apud

1914 1910 2043 1961 nos,
2085 1913 2223 1950 cum
2255 1898 2462 1953 timore
2503 1905 2557 1954 et
2585 1901 2882 1956 desiderio
2898 1901 3154 1960 honorat
3183 1908 3479 1962 maximos
3502 1914 3558 1964 et

1913 1986 2134 2054 patrios
2163 1987 2310 2041 deos
2339 2002 2352 2038 :
2386 1989 2646 2043 maxime
2685 1997 2882 2044 autem
2915 1990 3124 2047 Jovem
3149 1999 3382 2064 patrem
3411 1996 3560 2052 deo-

1911 2087 2066 2137 rum,
2089 2080 2144 2128 et
2173 2075 2501 2146 Apollinem
2534 2077 2972 2143 admirabilem,
3001 2081 3102 2152 qui
3125 2087 3264 2138 sunt
3281 2083 3411 2139 aliis
3439 2085 3552 2141 diis

1914 2163 2270 2233 superiores,
2311 2169 2367 2219 et
2393 2165 2711 2236 imperium
2753 2171 2866 2221 tuae
2896 2170 3198 2238 potestatis
3223 2171 3395 2228 valde
3421 2189 3558 2229 con-

1913 2257 2150 2306 servant
2186 2257 2242 2306 et
2280 2257 2537 2308 tuentur.
2587 2255 2900 2310 Mauricius
2942 2261 3141 2313 autem
3179 2265 3236 2315 et
3271 2261 3375 2331 qui
3416 2267 3556 2318 sunt

1913 2355 2049 2395 cum
2063 2356 2132 2396 eo
2150 2343 2526 2413 septuaginta
2551 2344 2762 2399 milites
2802 2356 2915 2401 tua:
2943 2348 3243 2416 potentiae,
3275 2350 3338 2403 in
3368 2349 3557 2408 altum

1911 2428 2044 2484 elati
2070 2430 2399 2486 honoribus
2438 2431 2553 2486 tuis
2591 2437 2646 2488 et
2684 2434 3058 2500 muneribus,
3093 2443 3147 2491 et
3184 2437 3287 2508 qui
3317 2437 3466 2494 ditia
3504 2443 3560 2495 et

1910 2517 2234 2587 magniﬁca
2270 2520 2433 2575 dona
2470 2536 2542 2576 ex
2581 2526 2634 2576 te
2685 2528 3096 2594 perceperunt,
3149 2524 3296 2581 deos
3334 2526 3566 2586 habent

1907 2606 2294 2675 contemptui,
2339 2613 2394 2662 et
2446 2609 2731 2664 adversus
2788 2625 3077 2680 magnum
3117 2617 3285 2668 tuum
3323 2619 3377 2670 et
3415 2615 3564 2670 invi-

1906 2698 2067 2750 ctum
2099 2693 2420 2766 imperium
2449 2701 2724 2752 exercent
2759 2701 3160 2769 tyrannidem,
3209 2701 3447 2759 abducti
3483 2702 3562 2760 ab

1906 2799 2102 2840 errore
2123 2784 2612 2842 Christianorum.

1979 2873 2069 2926 Ill.
2102 2876 2232 2927 Haec
2253 2888 2394 2944 ergo
2419 2890 2557 2930 cum
2587 2875 2851 2932 audisset
2869 2879 3213 2949 tyrannicus
3239 2880 3562 2951 imperator

1913 2959 2326 3027 Maximianus,
2344 2963 2546 3017 animo
2572 2963 2740 3019 valde
2763 2964 2870 3019 fuit
2899 2966 3104 3030 iratus,
3145 2973 3200 3022 et
3222 2968 3564 3038 praecordiis

1914 3048 2216 3114 incensus,
2249 3055 2304 3104 et
2322 3055 2516 3104 mente
2542 3051 2733 3121 magis
2763 3053 3106 3122 arsitquam
3128 3054 3375 3111 fornax:
3414 3072 3564 3127 prie-

1920 3135 2092 3205 cipue
2143 3152 2279 3191 cum
2309 3138 2651 3208 accepisset,
2680 3141 2843 3209 quod
2868 3142 2927 3195 in
2968 3157 3076 3197 suo
3107 3145 3366 3200 exercitu
3419 3143 3564 3199 tales

1921 3229 2124 3278 essent
2148 3224 2378 3278 milites.
2409 3228 2468 3279 Et
2497 3242 2631 3281 cum
2659 3228 2818 3282 diem
2838 3229 3212 3286 observasset
3245 3233 3566 3302 insignem,

1921 3317 1978 3366 et
2005 3312 2208 3368 locum
2232 3313 2554 3367 invenisset
2575 3320 2782 3384 aptum
2802 3317 2879 3370 ad
2904 3317 3108 3386 populi
3132 3319 3564 3389 spectaculum,

1919 3401 1981 3455 in
2021 3401 2220 3456 medio
2263 3408 2567 3471 portarum
2627 3405 3184 3474 septentrionalium
3226 3408 3568 3480 metropolis

1920 3489 2403 3562 Apemeensium,
2446 3506 2582 3561 quae
2630 3492 2841 3546 dicitur
2883 3492 3107 3549 Vicinia
3163 3496 3472 3566 Amaxica,
3514 3502 3571 3552 et

1918 3578 2192 3648 jussisset
2220 3578 2336 3633 illic
2367 3581 2566 3649 parari
2592 3580 2910 3649 judicium,
2935 3584 3121 3651 jussit
3150 3584 3287 3638 duci
3317 3585 3569 3656 inclytos

1924 3673 2238 3738 martyres.
2273 3669 2416 3722 Cum
2454 3669 2514 3722 in
2535 3668 2652 3724 alto
2683 3677 2884 3725 autem
2917 3671 3193 3726 tribunali
3225 3673 3442 3744 impius
3479 3689 3571 3729 se-

1923 3758 2104 3812 disset
2167 3763 2458 3829 tyrannus
2533 3758 2934 3828 Maximianus,
3004 3762 3394 3817 concurrisset
3433 3778 3570 3820 vero

1913 3847 2203 3902 ‘universa
2222 3847 2422 3902 civitas
2451 3851 2508 3900 et
2527 3846 2722 3901 omnis
2742 3854 2886 3902 aetas
2924 3848 2997 3904 ad
3027 3865 3129 3904 eos
3187 3851 3567 3923 spectandos,

1923 3936 2076 3991 adeo
2106 3941 2170 3990 ut
2196 3951 2304 3991 nec
2345 3935 2604 4004 virgines
2635 3937 2902 4007 quidem,
2935 3954 3064 4008 quae
3095 3938 3325 4009 degunt
3355 3939 3415 3994 in
3437 3940 3570 3995 tha-

1921 4025 2114 4096 lamis,
2146 4024 2540 4080 remanserint
2599 4025 2661 4078 in
2709 4027 2830 4078 suis
2860 4026 3238 4092 habitaculis,
3272 4028 3572 4084 duxerunt

1925 4114 2202 4170 satellites
2247 4113 2620 4183 septuaginta
2661 4112 2870 4167 Christi
2921 4114 3154 4168 milites.
3227 4118 3387 4180 Quos
3437 4133 3574 4172 cum

1926 4202 2258 4272 aspexisset
2289 4203 2630 4269 imperator,
2664 4201 2813 4255 dixit
2850 4217 3057 4257 eorum
3087 4203 3224 4258 duci
3252 4221 3264 4258 :
3299 4209 3413 4259 Nos
3445 4222 3579 4277 spe-

1926 4288 2229 4354 rabamus,
2262 4302 2298 4341 ο
2328 4288 2579 4352 Maurici,
2625 4290 2783 4357 quod
2812 4290 3032 4344 nostris
3091 4289 3352 4346 fruentes
3383 4293 3573 4358 donis,

1929 4382 1986 4432 et
2005 4377 2285 4432 alimento
2307 4375 2502 4432 educti
2524 4377 2922 4447 imperatorio,
2955 4378 3300 4451 primosque
3320 4381 3577 4437 honores

444 4449 453 4466 ,
581 4449 596 4458 ,
693 4449 706 4455 -
920 4449 948 4465 γ,
1060 4449 1069 4463 ,
1537 4449 1543 4450 κ
1669 4449 1678 4466 ,
1802 4449 1810 4455 .

223 4486 314 4533 καὶ
363 4480 614 4553 βασιλικῇ
665 4489 824 4555 τροφῇ
869 4480 1276 4552 ἐναϐρυνόμενοι,
1327 4483 1415 4530 καὶ
1453 4487 1552 4530 τῶν
1597 4499 1810 4551 κοσμου-

1930 4473 1986 4522 et
2009 4465 2330 4536 dignitates
2366 4481 2402 4521 a
2431 4465 2604 4520 nobis
2635 4449 2961 4536 consecuti,
3002 4449 3346 4524 insisteretis
3402 4471 3578 4526 vesti-

228 4574 388 4641 μένων
436 4569 483 4620 ἐν
528 4570 789 4641 ἀξιώμασι
840 4573 906 4621 τὰ
946 4576 1170 4642 πρωτεῖα
1227 4569 1349 4640 παρ’
1399 4570 1543 4640 ἡμῶν
1593 4569 1821 4640 εὐτυχή-

233 4676 408 4718 σαντες
457 4664 718 4730 κατίχνως
773 4667 866 4719 τῆς
922 4661 1167 4730 ἡμετέρας
1215 4657 1481 4710 ἰθύνεσθαι
1533 4657 1821 4728 γαληνότη-

232 4765 338 4811 τος,
385 4751 474 4799 καὶ
518 4751 636 4808 τούς
675 4749 1062 4820 ἐπιχειροῦντας
1100 4755 1190 4807 τῆς
1230 4749 1482 4822 ἡμετέρας
1523 4747 1820 4818 θεοφευλοῦς

235 4837 516 4908 θρησκείας
723 4834 896 4910 πηδᾲν
945 4837 1192 4912 πράξεσιν
1247 4834 1508 4912 ἀνρδείαις
1540 4842 1627 4889 καὶ
1659 4833 1822 4890 διδα-

234 4924 478 4987 σκαλίαις
523 4923 877 4988 παντοδαπαῖς
924 4927 991 4989 εἰς
1048 4930 1105 4979 τὸ
1158 4929 1300 4998 ύγιὲς
1351 4926 1712 5002 ἐπιστρέφεται
1758 4930 1816 4979 τὸ

233 5033 328 5088 οσρ
375 5017 750 5090 θεραπεύοντες,
797 5020 887 5067 καὶ
938 5020 990 5068 τὸ
1043 5015 1248 5088 χωλοῦν
1299 5011 1680 5089 διορθούμενοι,
1731 5021 1818 5068 καὶ

231 5105 291 5156 τὸ
349 5103 598 5176 πολεμοῦν
683 5103 1035 5178 εἰρηνεύοντες,
1119 5109 1208 5156 καὶ
1291 5110 1556 5176 συντόμως
1642 5105 1820 5173 εἰπεῖν,

233 5191 368 5244 ἅπαν
425 5196 482 5244 τὸ
531 5196 602 5264 μή
650 5195 784 5244 κατὰ
835 5197 919 5244 τὸν
968 5195 1210 5266 ἡμέτερον
1257 5197 1449 5246 σκοπὸν
1497 5193 1824 5266 πολιτευόμε-

232 5302 316 5335 νον
347 5285 414 5344 ὡς
453 5282 695 5354 πολέμιον
740 5283 1125 5344 ύποτάττοντες.
1171 5279 1570 5355 Ἐδιδάχθημεν
1611 5280 1670 5335 δὲ
1721 5290 1820 5336 πᾶν

235 5375 294 5424 τὸ
342 5370 582 5438 ἐναντίον,
648 5374 716 5433 ὡς
770 5373 918 5436 ἔοικε,
993 5375 1110 5446 περὶ
1165 5372 1324 5443 ὑμῶν·
1388 5375 1519 5445 πρὸς
1582 5373 1658 5433 οἷς
1721 5375 1822 5445 γὰρ

241 5460 437 5537 ἑτέρους
485 5463 540 5514 ἐκ
586 5469 680 5523 τῆς
734 5462 977 5534 ἡμετέρας
1027 5457 1446 5533 δεισιδαιμονίας
1503 5462 1820 5533 ἀφηνιάσαν-

245 5568 336 5613 τας
389 5551 483 5604 οὐκ
537 5549 858 5626 ἐπετρέψατε,
908 5549 1038 5603 ἀλλὰ
1081 5555 1171 5603 καὶ
1228 5550 1373 5603 αὐτοὶ
1424 5553 1472 5603 οἱ
1528 5553 1660 5606 κατά
1724 5559 1823 5604 τῶν

1933 4556 2043 4627 giis
2075 4562 2292 4611 nostris
2324 4554 2755 4625 tranquilitatis,
2813 4559 2870 4609 et
2919 4571 3022 4611 eos
3075 4557 3176 4628 qui
3220 4565 3577 4615 conarentur

1933 4647 2150 4702 resilire
2185 4661 2221 4700 a
2247 4653 2454 4700 nostra
2483 4643 2595 4699 deo
2622 4650 2790 4713 grata
2833 4643 3087 4714 legione,
3116 4645 3365 4702 fortibus
3403 4648 3574 4704 factis

1933 4741 1989 4790 et
2017 4751 2192 4790 omne
2204 4750 2392 4804 genus
2403 4733 2687 4788 doctrinis
2705 4734 3123 4790 converteretis
3143 4735 3221 4790 ad
3233 4738 3568 4802 sanitatem,

1933 4824 2097 4896 quod
2113 4828 2424 4894 aegrotaret
2438 4828 2730 4888 curantes,
2760 4826 2815 4877 et
2840 4823 3000 4892 quod
3013 4822 3373 4879 claudicaret
3389 4825 3576 4880 corri-

1933 4922 2157 4986 gentes,
2191 4917 2247 4970 et
2279 4911 2446 4984 quod
2475 4911 2694 4966 bellum
2720 4917 2945 4981 gereret
2967 4911 3349 4983 paciﬁcantes
3379 4929 3391 4969 :
3425 4917 3482 4968 et
3513 4917 3575 4968 ut

1934 5003 2117 5061 semel
2141 5003 2356 5065 dicam,
2400 5000 2652 5074 quiquid
2693 5017 2756 5056 se
2811 5016 2933 5056 non
2988 5017 3054 5055 ex
3103 5008 3305 5056 nostro
3333 5001 3581 5058 haberet

1932 5095 2218 5162 instituto,
2259 5098 2546 5163 tanquam
2579 5089 2888 5144 inimicum
2927 5094 2982 5144 et
3017 5089 3234 5144 hostile
3265 5089 3581 5160 subjicien-

1937 5190 2040 5240 tes.
2077 5182 2189 5238 Sed
2219 5181 2292 5236 de
2321 5181 2514 5245 vobis,
2548 5185 2610 5235 ut
2669 5178 2914 5248 videtur,
2962 5178 3326 5233 contrarium
3353 5181 3575 5252 accepi-

1936 5290 2095 5328 mus.
2126 5273 2254 5326 Non
2310 5269 2504 5325 solum
2529 5268 2689 5324 enim
2736 5282 2855 5322 non
2908 5268 3276 5323 convertistis
3329 5283 3430 5324 eos
3471 5271 3582 5342 qui

1937 5363 2224 5418 adversus
2237 5365 2504 5416 nostram
2515 5355 3249 5426 rebellaruntreligionem,
3269 5357 3377 5412 sed
3392 5359 3573 5414 etiam

1941 5452 2052 5526 ipsi
2077 5451 2364 5508 adversus
2391 5447 2536 5504 deos
2565 5451 2798 5503 nostros
2830 5447 3265 5519 omnipotentes
3316 5447 3577 5518 tyranni-

1941 5543 2082 5599 dem
2104 5541 2462 5604 exercentes,
2492 5541 2550 5594 et
2586 5535 2689 5610 qui
2713 5535 2798 5592 eis
2825 5539 2964 5592 sunt
2987 5536 3284 5593 constituti
3314 5536 3578 5592 honores
