4114 6262
563 326 667 380 359

1955 237 2515 359 MENSlSpJULIUS.

3829 282 3944 336 360

563 455 621 507 et
639 448 930 506 sacriﬁcia
947 461 1015 502 ac
1029 443 1318 501 libamina
1331 438 1657 504 abolentes,
1677 433 1804 490 aliis
1821 430 2012 487 fuistis
2025 427 2206 482 duces

2326 424 2573 494 ἣμετέρων
2628 418 3060 490 παντοκρατὸρων
3143 413 3264 465 θεῶν
3354 413 3778 484 τυραννήσαντες
3843 425 3939 472 κοτε

564 539 641 596 ad
667 538 982 594 barathum
1017 532 1298 599 interitus,
1335 529 1383 583 si
1415 543 1551 582 vera
1589 528 1726 580 sunt
1762 535 1892 593 qua:
1931 518 2006 574 de
2044 513 2207 571 vobis

563 627 642 683 ad
674 632 908 681 nostras
947 638 1120 679 aures
1151 618 1567 692 pervenerunt.

634 893 725 946 IV.
757 890 905 946 Dixit
927 893 1169 944 sanctus
1205 883 1547 942 Mauricius:
1589 880 1936 949 Imperator,
1993 887 2121 945 quae
2175 885 2210 925 a

563 981 739 1038 nobis
770 982 1068 1036 exercetur
1101 974 1367 1047 tyrannis
1425 973 1704 1027 adversus
1729 966 1895 1030 deos,
1920 963 2024 1035 qui
2073 963 2210 1015 sunt

561 1069 725 1126 nullo
756 1083 936 1124 sensu
963 1065 1206 1138 praediti,
1236 1062 1407 1118 nobis
1477 1058 1730 1114 validam
1753 1052 2003 1125 acquirit
2035 1050 2211 1106 victo-

563 1162 712 1218 riam
753 1176 788 1216 a
832 1173 970 1214 vero
1003 1158 1138 1219 Deo,
1173 1159 1228 1209 et
1255 1167 1539 1208 coronam
1574 1148 1794 1218 gloriae.
1853 1143 1979 1198 Non
2044 1140 2205 1196 enim

563 1263 958 1321 aspernamur
978 1250 1032 1300 et
1060 1243 1221 1298 nihili
1245 1241 1498 1296 facimus
1525 1241 1725 1300 Deum,
1775 1235 1879 1304 qui
1897 1248 2003 1286 nos
2017 1229 2200 1296 ﬁnxit,

563 1343 626 1393 ut
654 1336 830 1391 stulta
861 1339 948 1390 est
977 1338 1081 1388 tua
1138 1329 1409 1386 traditio:
1445 1326 1549 1381 sed
1609 1322 2012 1393 gloriﬁcamus
2044 1333 2204 1384 eum,

562 1425 666 1497 qui
691 1429 781 1479 est
803 1423 963 1478 solus
984 1436 1154 1476 verus
1183 1421 1354 1479 Deus,
1382 1416 1480 1486 qui
1511 1414 1644 1469 fecit
1664 1410 1880 1466 coelum
1913 1412 1968 1464 et
1991 1414 2204 1462 terram

565 1520 620 1570 et
647 1529 831 1576 mare,
861 1517 915 1566 et
939 1508 1143 1564 omnia
1160 1506 1338 1578 quiin
1366 1505 1446 1558 eis
1479 1507 1634 1557 sunt.
1663 1499 1978 1571 Improbos
2006 1500 2206 1550 autem

564 1607 620 1658 et
647 1600 992 1656 immundos
1022 1597 1328 1651 daemones
1359 1599 1414 1648 et
1437 1591 1540 1663 qui
1567 1588 1915 1646 hominibus
1951 1584 2209 1639 afferunt

565 1690 828 1752 exitium,
854 1703 988 1759 quae
1002 1690 1136 1740 sunt
1163 1682 1343 1738 surda
1357 1687 1411 1736 et
1428 1695 1587 1735 caeca
1611 1676 1950 1739 simulacra,
1971 1678 2026 1728 et
2047 1670 2209 1727 nullo

2317 513 2404 570 τὰς
2461 511 2821 581 νενομισμένας
2891 505 3068 564 αὐτοῖς
3114 503 3269 574 τιμάς
3325 520 3379 553 τε
3435 503 3525 551 καὶ
3588 500 3783 556 Θυσίας
3844 499 3942 546 καὶ

2319 595 2545 658 σπονδὰς
2572 596 2927 661 ἀθετήσαντες,
2962 589 3152 663 ὁδηγοὶ
3183 593 3310 664 πρὸς
3362 587 3633 662 βάραθρον
3667 585 3942 644 ἀπωλείας

2317 688 2507 762 ἑτέροις
2530 690 2792 758 γεγόνατε·
2828 687 2956 758 ᾗπερ
2987 679 3200 751 ἀληθείᾳ
3237 687 3488 751 κυροῦται
3528 680 3596 729 τὰ
3627 676 3701 736 εἰς
3733 677 3938 746 ἡμετέ-

2316 798 2408 852 ρας
2437 776 2591 837 ἀκοάς
2615 777 2730 828 καθ’
2763 777 2905 846 ὑμῶν
2934 772 3236 845 ἀφικόμενα.

2391 865 2456 920 Δ’.
2524 869 2816 940 Μαυρίκιος
2879 859 3032 915 εἶπεν·
3108 859 3167 912 Ἡ
3241 858 3363 932 παρ’
3436 858 3580 928 ἡμῶν

2317 958 2453 1008 κατά
2497 965 2597 1007 τῶν
2652 953 2978 1010 ἀναισθήτων
3057 969 3150 1001 σου
3226 950 3369 1013 θεῶν,
3447 943 3690 1017 βασιλεῦ,

2318 1048 2440 1117 ἡμῖν
2496 1045 2723 1118 ἰσχυρὰν
2774 1043 2916 1112 παρά
2962 1047 3053 1091 τοῦ
3105 1038 3346 1095 ἀληθινοῦ
3407 1040 3534 1088 Θεοῦ
3586 1037 3678 1084 καὶ
3735 1035 3914 1102 στέγα-

2316 1154 2398 1186 νον
2453 1130 2609 1195 δοξης
2661 1133 3008 1205 περιτίθησιν·
3061 1128 3118 1180 ού
3166 1129 3264 1199 γὰρ
3321 1125 3596 1196 ἀθετοῦμεν
3651 1125 3740 1173 τὸν
3791 1121 3916 1173 πλά-

2983 1237 3047 1268 τα
3097 1219 3227 1288 ἡμᾱς
3283 1218 3409 1268 Θεὸν
3463 1215 3600 1264 κατά
3657 1216 3754 1268 τὴν
3814 1210 3929 1261 ἀνο-

3669 875 3766 928 τυρ
3776 858 3930 905 αννία

3770 949 3924 1000 νίκην

2324 1351 2340 1370 .
2414 1354 2426 1367 .
2505 1355 2516 1366 .
2597 1355 2608 1366 .
2684 1354 2695 1364 .
2782 1303 3112 1379 παράδωσιν’
3184 1303 3310 1355 ἀλλά
3359 1299 3422 1354 δο
3530 1345 3543 1358 ,
3629 1345 3640 1356 .
3721 1343 3733 1355 ,
3814 1344 3828 1354 .
3908 1344 3920 1355 ,

2316 1399 2391 1470 (ξ)
2435 1401 2621 1470 άζομεν
2666 1417 2751 1449 τον
2802 1401 2955 1468 μόνον
3011 1394 3248 1451 ἀληθινὸν
3289 1395 3417 1444 Θεὸν
3459 1435 3470 1446 ,
3542 1435 3554 1446 ,
3635 1434 3647 1444 .
3728 1430 3743 1443 .
3814 1432 3828 1444 .
3911 1433 3923 1444 ,

2318 1489 2448 1560 (τὸν)
2499 1493 2792 1546 ποιήσαντα
2839 1489 2924 1537 τὸν
2975 1485 3189 1558 οὐρανὸν
3235 1486 3326 1533 καὶ
3378 1485 3468 1538 τὴν
3521 1523 3533 1535 .

2319 1577 2460 1648 (γῆν)
2518 1581 2606 1628 καὶ
2665 1580 2755 1634 τὴν
2799 1573 3088 1636 θάλασσαν,
3145 1576 3234 1622 καὶ
3282 1570 3452 1621 πάντα
3507 1570 3572 1619 τὰ
3620 1565 3667 1617 ἐν
3722 1567 3928 1627 αὐτοῖς.

2317 1671 2445 1726 Τούς
2512 1664 2568 1718 δὲ
2619 1662 2870 1736 δαίμονας
2923 1666 3042 1723 τούς
3091 1668 3189 1712 τῶν
3250 1659 3527 1732 ἀνθρώπων
3579 1658 3930 1730 φθοροποιούς

566 1794 750 1834 sensu
768 1776 1032 1848 praedita,
1055 1787 1173 1829 non
1195 1770 1471 1828 convenit
1488 1769 1629 1824 deos
1653 1781 1886 1830 vocare,
1907 1780 1942 1818 o
1959 1764 2206 1833 impera-

2326 1755 2378 1808 ού
2431 1759 2610 1829 πρέπει
2662 1773 2742 1806 σοι
2790 1752 2959 1804 καλεῖν
3001 1753 3159 1815 θεοὺς,
3210 1749 3248 1799 ὧ
3297 1747 3536 1820 βασιλεῦ,
3594 1746 3930 1817 Μαξιμιανὸς

567 1873 672 1922 tor.
707 1865 858 1921 Dixit
884 1863 1200 1934 imperator
1227 1858 1623 1915 Maximianus
1653 1873 1663 1910 :
1698 1858 1844 1910 Cum
1871 1853 2154 1907 honorem
2175 1866 2209 1903 τι

561 1957 672 2012 diis
695 1956 774 2009 sis
803 1957 1179 2018 consecutus,
1213 1954 1266 2004 et
1297 1947 1516 2003 militiae
1569 1944 1831 2016 primum
1858 1942 2054 1997 locum
2085 1955 2206 1994 sor-

563 2045 724 2108 titus,
755 2059 789 2098 o
830 2041 1085 2109 Maurici,
1117 2040 1198 2093 eis
1229 2036 1540 2108 pulchram
1561 2031 1742 2088 refers
1766 2032 2038 2101 gratiam.
2069 2028 2214 2082 Dixit

565 2138 803 2189 sanctus
840 2129 1188 2187 Mauricius:
1248 2126 1566 2195 Nunquam
1604 2123 1896 2178 honorem
1952 2117 2152 2188 accepi
2179 2132 2216 2171 a

565 2222 677 2278 diis
709 2219 939 2286 vestris,
975 2233 1164 2287 neque
1199 2214 1326 2269 volo
1369 2229 1468 2267 eos
1495 2212 1810 2270 honorare.
1855 2209 1996 2274 Quis
2057 2210 2213 2262 enim

566 2324 835 2381 unquam
857 2323 929 2361 ex
957 2303 1324 2370 hominibus,
1356 2301 1456 2373 qui
1476 2301 1572 2354 Dei
1593 2296 2212 2366 habetcognitionem,

567 2395 905 2453 sustinuerit
931 2395 1226 2449 honorare
1256 2391 1533 2446 materias
1576 2388 1739 2443 nullo
1796 2403 1971 2443 sensu
2002 2385 2215 2457 praedi-

570 2492 658 2543 tas
684 2485 711 2539 ‘?
745 2485 857 2540 Sed
887 2483 1104 2554 quibus
1135 2496 1254 2535 non
1286 2485 1376 2534 est
1409 2494 1596 2542 mens,
1636 2493 1762 2549 quae
1788 2477 1961 2532 rectis
2007 2475 2220 2543 guber—

572 2580 746 2632 natur
777 2571 1126 2636 rationibus,
1165 2573 1476 2640 propterea
1527 2567 1688 2638 qnod
1737 2564 2017 2634 jumentis
2062 2578 2221 2616 com-

575 2664 767 2737 parati
792 2663 904 2716 sint
929 2658 1363 2730 insipientibus,
1405 2662 1462 2710 et
1492 2655 1712 2709 similes
1752 2653 1889 2708 facti
1923 2653 2036 2706 sint
2064 2654 2147 2704 eis
2178 2652 2219 2714 ι,

574 2753 612 2808 ii
644 2751 873 2821 lapides
903 2755 959 2804 et
996 2748 1228 2816 lignain
1243 2747 1386 2800 deos
1428 2743 1706 2813 referunt,
1736 2746 2114 2810 mentemque
2140 2738 2222 2793 eis

575 2842 862 2907 tribuunt,
894 2845 949 2892 et
973 2839 1267 2892 honorant
1306 2842 1594 2906 tanquam
1647 2832 1814 2886 deos.
1861 2829 2007 2883 Dixit
2038 2828 2222 2898 impe-

576 2935 737 2984 rator
762 2926 1147 2983 Maximianus
1173 2942 1186 2978 :
1230 2923 1526 2988 Quoniam
1555 2920 1778 2992 primas
1846 2922 2044 2989 partes
2071 2916 2217 2972 obti-

575 3017 743 3072 nuisti
807 3016 866 3070 in
931 3013 1243 3069 ordinibus
1313 3017 1528 3067 nostrae
1571 3006 2114 3071 administrationis,
2183 3019 2219 3061 ο

2322 1841 2474 1897 εἶπεν·
2571 1839 2803 1906 Ἐπειδὴ,
2874 1849 2968 1901 τῆς
3040 1848 3138 1890 τῶν
3213 1840 3333 1890 θεῶν
3388 1835 3688 1894 ἀπολαύσας
3745 1842 3923 1906 τιμῆς,

2322 1940 2419 1984 τῶν
2463 1935 2722 2004 πρωτείων
2806 1938 2898 1990 τῆς
2971 1931 3248 2000 στρατείας
3319 1925 3572 1990 ἠξιωθης,
3632 1927 3923 1997 Μαυρίκιε,

2323 2022 2484 2080 καλὴν
2537 2021 2710 2082 αύτοῖς
2778 2014 3051 2077 ἀποδίδως
3128 2020 3222 2074 τὴν
3299 2013 3540 2086 ἀμοιϐήν.
3627 2017 3925 2086 Μαυρίκιος

2327 2114 2477 2164 εἶπεν·
2534 2107 2672 2162 Ούδὲ
2745 2113 2898 2180 τιμὴν
2971 2103 3225 2177 ἐδεξάμην
3300 2104 3442 2178 ποιρά
3507 2111 3605 2154 τῶν
3670 2104 3918 2176 ὑμετέρων

2330 2201 2469 2265 θεῶν,
2532 2196 2655 2252 ούδε
2725 2204 2880 2269 τιμᾲν
2951 2196 3134 2254 αύτούς
3208 2192 3481 2266 βούλομαι’
3545 2196 3623 2252 τίς
3678 2193 3784 2262 γὰρ
3844 2189 3909 2240 ἆν-

2329 2292 2541 2364 θρὼπων
2597 2290 2718 2340 ποτε
2771 2295 2963 2358 γνῶσιν
3026 2287 3162 2356 ἔχων
3231 2289 3364 2335 Θεοῦ
3419 2283 3509 2340 τὰς
3579 2279 3910 2337 ἀναισθητονς

2328 2385 2481 2450 τιμᾷν
2536 2377 2802 2444 ἀνέξοιτο;
2848 2373 2956 2425 ἀλλ’
3005 2371 3076 2433 οἷς
3133 2371 3238 2442 ούχ
3292 2372 3521 2443 ὑπάρχει
3588 2376 3731 2433 νοῦς,
3791 2368 3920 2438 λογι-

2333 2474 2484 2540 σμοῖς
2536 2467 2706 2539 ὀρθοῖς
2759 2463 3137 2535 κυϐερνώμενος
3201 2457 3294 2512 διὰ
3353 2462 3408 2510 τὸ
3468 2456 3924 2532 παρασυμϐληθῆ-

2330 2577 2413 2609 ναι
2463 2563 2565 2615 τοῖς
2617 2558 2828 2611 κτήνεσι
2879 2559 2987 2612 τοῖς
3029 2550 3264 2610 ἀνοήτοις
3314 2553 3402 2599 καὶ
3456 2549 3784 2618 ὁμοιωθῆναι
3839 2545 3922 2597 αύ-

2331 2652 2452 2704 τοῖς·
2505 2644 2646 2694 οὗτοι
2707 2643 3028 2692 θεοποιοῦσιν
3083 2645 3191 2698 τοῖς
3255 2637 3418 2696 λίθοις
3469 2639 3559 2687 καὶ
3611 2643 3718 2695 τοῖς
3760 2635 3924 2696 ξύλοις

2333 2733 2648 2803 ἀπονέμουσι
2710 2734 2916 2800 γνώμην
2990 2732 3079 2779 καὶ
3138 2734 3357 2799 τιμῶσιν
3421 2728 3488 2787 ὡς
3552 2727 3715 2784 θεούς.
3761 2724 3918 2785 Μαξί-

2330 2825 2510 2894 μιανὸς
2599 2821 2624 2870 ὁ
2700 2817 2947 2890 βασιλεὺς
3015 2813 3167 2867 εἶπεν·
3240 2816 3295 2866 Ἠ
3363 2823 3459 2866 τῶν
3521 2821 3774 2886 πρωτείων
3826 2821 3908 2863 τοῦ

2329 2912 2571 2981 ὑμετέρου
2620 2908 2885 2978 τάγματος
2935 2901 3218 2969 διοίκησις,
3270 2907 3544 2974 Μαυρίκιε,
3602 2901 3786 2959 πολλήν
3833 2920 3908 2952 σοι

2328 3000 2624 3075 παρρησίαν
2706 3001 2962 3070 παρέσχε,
3033 2999 3122 3046 καὶ
3194 2995 3508 3066 θρασύτερον
3565 2992 3911 3065 ἀπειργάσατο

577 3105 840 3168 Maurici,
874 3103 929 3156 id
964 3102 1065 3157 tibi
1099 3116 1379 3170 magnam
1413 3097 1660 3171 praebuit
1715 3095 2138 3151 confidentiam
2164 3099 2214 3149 et

2329 3090 2400 3151 εἰς
2454 3093 2511 3140 τὸ
2561 3087 2805 3157 λαμπρῶς
2835 3090 2924 3136 καὶ
2976 3078 3374 3141 ἀκαταπλήκτως
3417 3085 3545 3155 πρὸς
3596 3086 3686 3137 τὴν
3742 3082 3913 3150 ἡμετέ-

575 3191 1156 3248 eﬂ‘ecitaudaciorem
1185 3205 1197 3243 ;
1215 3189 1366 3243 adeo
1384 3193 1446 3242 ut
1471 3185 1777 3258 splendide
1794 3190 1850 3240 et
1875 3185 2018 3239 citra
2036 3183 2217 3238 ullam

575 3279 1084 3336 conturbationem
1098 3276 1457 3348 respondeas
1478 3278 1688 3329 nostrae
1703 3273 1996 3329 serenitati
2008 3273 2220 3326 .Jubet-

575 3385 708 3441 que,
743 3383 812 3423 eo
837 3372 1130 3439 separato,
1163 3363 1793 3436 reliquosinterrogari,
1818 3365 1875 3415 et
1899 3359 2116 3415 blande
2137 3359 2220 3414 eis

575 3458 717 3513 dicit
741 3459 1100 3528 imperator:
1135 3456 1274 3520 Quis
1299 3453 1464 3508 vobis
1503 3457 1732 3507 tantam
1760 3451 1891 3505 fecit
1919 3449 2218 3519 injuriam,

575 3562 612 3601 o
651 3545 879 3609 fratres,
915 3550 976 3598 ut
1007 3543 1332 3598 deﬁceretis
1363 3558 1398 3597 a
1436 3541 1548 3595 diis
1589 3538 1984 3595 servatoribus
2015 3557 2026 3589 :
2060 3553 2223 3592 acce-

577 3634 789 3688 deretis
805 3638 1002 3688 autem
1017 3633 1196 3686 errori
1209 3632 1520 3686 hominum
1533 3630 1636 3701 qui
1649 3631 1896 3685 adorant
1916 3627 2219 3682 hominem

576 3722 922 3777 cruciﬁxum
955 3726 1235 3790 tanquam
1264 3735 1448 3773 unum
1470 3717 1837 3772 homicidam
1861 3717 1888 3770 ?
1917 3719 2038 3771 Non
2062 3715 2223 3770 enim

577 3810 657 3864 sic
675 3825 780 3863 vos
798 3807 1145 3871 erudiimus,
1183 3821 1375 3876 neque
1393 3807 1449 3860 in
1469 3806 1574 3860 tali
1598 3806 1856 3860 doctrina
1888 3806 2225 3860 eduximus-

649 3900 704 3953 V.
735 3897 897 3950 Tunc
934 3910 1066 3950 vere
1097 3896 1249 3949 beati
1289 3894 1631 3949 Theodorus
1659 3898 1713 3948 et
1740 3893 2069 3964 Philippus,
2096 3899 2220 3950 tan-

576 4001 761 4057 quam
799 4001 868 4038 ex
899 4000 998 4039 ore
1039 3990 1380 4037 sanctorum
1440 3981 1815 4052 septuaginta
1872 3986 2220 4052 martyrum,

576 4077 845 4128 dixerunt
873 4072 1256 4144 imperatori:
1321 4073 1455 4134 Nos,
1508 4087 1544 4126 o
1597 4076 1846 4141 tyranne
1899 4071 2222 4141 imperator

575 4163 946 4226 Maximiane,
977 4167 1207 4216 tantum
1228 4161 1516 4216 absumus
1534 4160 1611 4215 ab
1656 4175 1870 4226 errore,
1907 4164 1967 4214 ut
1995 4165 2045 4214 te
2076 4175 2220 4230 quo-

576 4267 691 4323 que
715 4256 988 4321 Optemus
1009 4249 1244 4306 liberari
1266 4251 1343 4306 ab
1367 4266 1583 4315 errore,
1627 4265 1664 4304 a
1693 4265 1811 4322 quo
1840 4265 1950 4304 nos
1978 4264 2217 4321 quoque

577 4339 800 4394 fuimus
833 4339 1084 4404 liberati,
1117 4355 1300 4395 unum
1334 4344 1390 4394 et
1419 4338 1612 4393 solum
1659 4339 1973 4392 adorantes
2007 4353 2213 4392 verum

575 4430 778 4493 Deum,
812 4429 1043 4482 Patrem
1095 4430 1579 4497 omnipotentem.
1605 4432 1660 4480 et
1692 4426 2058 4495 unigenitum
2087 4427 2213 4495 ejus
2248 4457 2291 4510 D

580 4516 783 4572 Filium
826 4519 1014 4568 Jesum
1065 4515 1352 4568 Christum
1421 4515 1738 4572 Dominum
1783 4519 2072 4578 nostrum,
2113 4516 2216 4585 qui

577 4609 658 4660 est
692 4603 788 4658 Dei
815 4603 996 4656 virtus
1027 4607 1083 4656 et
1125 4602 1218 4655 Dei
1259 4601 1550 4671 sapientia
1572 4605 1628 4656 2:
1682 4609 1737 4656 et
1772 4602 2214 4658 sanctissimum

576 4693 705 4763 ejus
739 4689 1039 4761 Spiritum,
1069 4689 1174 4760 qui
1197 4689 1370 4744 nobis
1402 4689 1712 4760 inspiravit
1739 4689 2140 4759 cognitionem
2163 4696 2218 4746 et

576 4781 1049 4849 intelligentiam,
1098 4782 1160 4834 ut
1185 4777 1519 4834 confitearis
1562 4778 1805 4850 quidem
1854 4779 2213 4849 Trinitatem,

575 4884 710 4940 quae
736 4872 820 4921 est
847 4866 1120 4935 ejusdem
1151 4866 1419 4920 essentia:
1450 4885 1462 4918 :
1495 4866 1854 4922 abomineris
1886 4873 2082 4924 autem
2106 4870 2213 4925 im-

577 4955 868 5011 mundam
882 4962 1040 5009 tuam
1053 4954 1426 5024 religionem:
1446 4955 1663 5011 ethanc
1679 4957 1921 5026 quidem
1937 4957 2204 5028 abjicias,

578 5058 711 5114 quae
742 5041 927 5097 estad
959 5048 1212 5113 tempus,
1246 5040 1510 5097 militiam
1545 5061 1558 5094 :
1617 5046 1730 5098 Deo
1792 5060 1926 5100 vero
1987 5045 2210 5112 milites,

579 5131 680 5199 qui
711 5136 799 5185 est
827 5133 943 5185 Rex
972 5131 1350 5186 exercituum.
1395 5130 1546 5186 Dixit
1599 5132 1987 5188 Maximianus
2021 5135 2218 5206 impe-

577 5224 776 5271 rator:
810 5221 1009 5283 Video,
1042 5235 1077 5274 o
1118 5221 1404 5293 Philippe,
1455 5226 1507 5276 te
1555 5226 1912 5278 senectutem
1967 5223 2206 5293 quidem

578 5304 794 5359 habere
835 5310 1256 5365 reverendam:
1308 5310 1688 5380 intelligentia
1726 5315 1924 5366 autem
1959 5312 2210 5367 multum

584 5393 785 5447 cedere
806 5393 1143 5464 juvenibus.
1173 5401 1433 5471 Coniuge
1459 5416 1597 5470 ergo
1630 5400 1706 5455 ad
1735 5401 1901 5468 deos,
1926 5408 1980 5456 et
2009 5401 2086 5456 sis
2114 5402 2216 5457 bo-

654 5582 672 5617 ί
705 5581 854 5640 Psal.
881 5595 1073 5640 vam.
1151 5589 1171 5622 ²
1211 5588 1381 5643 ICor.
1409 5606 1446 5644 ι.

2327 3200 2421 3254 ραν
2477 3177 2846 3248 ἀποκρίνεσθαι
2919 3173 3264 3243 γαληνὸτητα,
3332 3175 3422 3222 καὶ
3477 3169 3681 3233 κελεύει,
3742 3188 3906 3239 χωρι-

2331 3269 2534 3327 σθέντος
2583 3264 2763 3325 αύτοῦ,
2835 3266 2950 3321 τοὺς
3001 3262 3208 3320 λοιπούς
3258 3260 3574 3332 ἐρωτᾶσθαι.
3643 3262 3736 3309 Καί
3781 3275 3908 3328 φησι

2330 3359 2458 3430 πρὸς
2505 3355 2690 3414 αὐτοὺς
2728 3353 2753 3403 ὁ
2805 3349 3067 3422 βασιλεύς·
3124 3355 3215 3411 Τίς
3262 3355 3508 3401 τοσοῦτον
3562 3349 3692 3418 ὑμᾶς
3732 3343 3921 3404 ἠδίκη-

2333 3463 2434 3508 σεν,
2495 3439 2724 3513 ἀδελφοὶ,
2784 3444 2850 3501 ὡς
2900 3440 2956 3490 ἐκ
2997 3449 3096 3490 τῶν
3149 3443 3395 3510 σωτήρων
3447 3436 3741 3493 ἀποστῆναι
3783 3437 3925 3500 θεῶν,

2330 3533 2678 3604 προστεθῆναι
2737 3526 2794 3580 δὲ
2849 3529 3255 3602 παρασκευάσας
3297 3535 3357 3599 τῇ
3409 3525 3570 3596 πλάνη
3627 3532 3726 3576 τῶν
3775 3543 3932 3597 προσ-

2330 3625 2614 3674 κυνούντων
2666 3620 2932 3689 ἄνθρωπον
2979 3619 3340 3691 σταυρωθέντα
3379 3619 3441 3674 ὡς
3471 3616 3556 3666 ἕνα
3583 3622 3684 3664 τῶν
3710 3617 3925 3685 φονέων;

2334 3712 2408 3764 Oti
2432 3710 2713 3786 γὰρξούτως
2734 3709 2868 3778 ὑμᾶς
2889 3703 3267 3778 ἐπαιδεύσαμεν
3296 3701 3417 3757 οὐδὲ
3438 3706 3706 3763 τοιαύταις
3738 3699 3921 3754 διδασ·

2332 3800 2535 3862 καλίαις
2555 3798 2705 3871 ἐθρέψ
2715 3817 2858 3869 αμεν,

2407 3889 2474 3941 E’.
2524 3893 2648 3940 Τότε
2698 3883 2968 3960 Θεόδωρος
3015 3889 3103 3936 καὶ
3148 3882 3398 3944 Φίλιππος
3446 3885 3512 3943 ὡς
3572 3884 3628 3933 ἐκ
3670 3885 3933 3952 στόματος

2333 3987 2428 4029 τῶν
2489 3979 2646 4048 ἁγίων
2714 3973 3071 4047 ἐϐδομήκοντα
3139 3976 3410 4048 μαρτύρων
3496 3973 3655 4024 εἷπον’
3732 3970 3930 4043 Ἡμεῖς,

2330 4067 2368 4117 ὦ
2423 4070 2631 4138 τύραννε
2683 4065 2989 4136 Μαξιμιανε,
3049 4072 3299 4116 τοσοῦτον
3371 4063 3563 4122 πλάνης
3635 4059 3930 4133 ἀπέχομεν,

2329 4159 2396 4216 ὡς
2429 4161 2517 4207 καὶ
2568 4174 2623 4207 σε
2661 4163 2754 4214 τῆς
2819 4153 3024 4214 ἀπατης
3056 4154 3393 4227 οἰκτείρομεν,
3450 4153 3512 4212 ἧς
3563 4150 3934 4225 ἠλευθερώθη-

2327 4251 2422 4318 μεν¹
2464 4249 2550 4296 τὸν
2633 4246 2718 4296 ἕνα
2791 4248 2880 4294 καὶ
2964 4247 3115 4312 μόνον
3198 4241 3437 4299 ἀληθινὸν
3515 4248 3934 4312 προσκυνοῦντες

2329 4339 2474 4400 Θεὸν,
2522 4337 2724 4404 Πατέρα
2780 4334 3192 4404 παντοκράτορα,
3244 4337 3332 4382 καὶ
3383 4333 3468 4381 τὸν
3525 4338 3772 4401 μονογενῆ
3845 4329 3934 4380 αύ-

2327 4433 2416 4476 τοῦ
2459 4425 2575 4475 Υἰὸν
2624 4423 2828 4480 Ἰησοῦν
2888 4424 3115 4492 Χριστὸν
3174 4423 3259 4471 τὸν
3309 4421 3495 4490 Κύριον
3548 4421 3717 4489 ἡμῶν,
3775 4420 3926 4478 Θεὸν,

2329 4510 2548 4584 δύναμιν
2592 4516 2680 4563 καὶ
2720 4516 2845 4564 Θεοῦ
2895 4514 3078 4581 σοφίαν
3131 4511 3456 4582 ὑπάρχοντα,
3501 4511 3581 4558 καὶ
3620 4509 3676 4557 τὸ
3720 4513 3925 4576 Πνεῦμα

2327 4603 2486 4654 αύτοῦ
2540 4603 2596 4652 τὸ
2646 4602 2896 4670 πανάγιον
2950 4601 3006 4649 τὸ
3062 4598 3351 4669 ἐμπνεῦσαν
3403 4598 3525 4668 ἡμῖν
3584 4603 3778 4666 γνῶσιν
3841 4600 3929 4645 καὶ

2329 4694 2550 4743 σύνεσιν·
2605 4688 2866 4760 ὁμολογεῖν
2922 4689 3009 4759 μὲν
3052 4682 3258 4759 Τριάδα
3307 4687 3605 4756 ὸμοούσιον,
3637 4679 3932 4754 βδελύττε-

2329 4781 2452 4831 σθαι
2501 4775 2558 4830 δε
2606 4782 2698 4835 τὴν
2754 4775 3044 4851 ἀκάθαρτὸν
3101 4795 3194 4827 σου
3229 4777 3530 4848 θρησκείαν·
3569 4777 3658 4824 καὶ
3708 4776 3802 4829 τὴν
3838 4776 3926 4844 μὲν

2327 4872 2641 4942 πρόσκαιρον
2699 4868 2892 4923 ταύτην
2957 4863 3341 4915 ἀποϐάλλεσθαι
3388 4864 3693 4935 θρησκείαν,
3761 4880 3927 4934 στρα-

2326 4959 2565 5008 τεύεσθαι
2609 4952 2668 5006 δὲ
2715 4963 2785 5024 τῷ
2851 4962 2962 5025 Θεῷ
3028 4961 3098 5024 τῷ
3176 4951 3385 5024 βασιλεῖ
3436 4959 3534 5002 τῶν
3604 4946 3927 5020 δυνάμενων.

2325 5045 2645 5116 Μαξιμιανὸς
2698 5045 2722 5094 ὁ
2773 5042 3021 5115 βασιλεὺς
3074 5039 3227 5093 εἶπεν
3284 5040 3455 5092 Βλέπω
3538 5058 3614 5104 σε,
3681 5037 3930 5100 Φίλιππε,

2325 5141 2493 5206 γῆρας
2535 5135 2622 5204 μὲν
2671 5129 2944 5204 αἰδέσιμον
2993 5133 3200 5201 ἔχοντα,
3257 5133 3462 5180 σύνεσιν
3525 5125 3583 5178 δὲ
3641 5125 3773 5178 πολύ
3825 5135 3929 5177 τῶν

2326 5227 2444 5274 νέων
2503 5221 2814 5292 λειπόμενον·
2873 5216 3227 5291 αὖτομόλησον
3285 5214 3370 5269 οὖν
3425 5220 3552 5290 πρὸς
3597 5219 3718 5275 τοὺς
3776 5216 3929 5275 θεοὺς

2327 5317 2415 5363 καὶ
2461 5318 2607 5382 γενοῦ
2647 5308 2938 5380 σύμϐουλος
2990 5307 3185 5380 ἀγαθὸς
3228 5313 3335 5368 τοῖς
3377 5306 3577 5366 λοιποῖς
3627 5324 3720 5356 σου
3765 5323 3930 5374 στρα-

2327 5406 2537 5462 τιώταις
2592 5407 2681 5459 τῆς
2735 5399 2804 5460 εἰς
2836 5401 2954 5460 τοὺς
3000 5400 3144 5458 θεοὺς
3186 5400 3611 5470 προσκυνήσεως,
3663 5394 3806 5453 ὅπως
3865 5392 3930 5443 ἂν
