4114 6262
194 303 292 362 εει
1249 285 1417 350 VITA
1456 293 1558 353 ss.
1601 281 1930 354 MAURITII
1969 291 2054 351 ET
2093 293 2483 355 SOCIORUM.
3445 303 3549 365 362

197 441 360 504 τιμῶν
413 427 662 501 μειζόνων
718 423 940 494 ἁξιωθῇς
993 419 1115 492 παρ’
1182 421 1349 491 ἡμῶν,
1405 419 1464 472 '0
1530 417 1589 474 δὲ
1645 423 1794 494 ἅγιος

1927 439 2010 477 ius
2037 423 2409 479 consiliarius
2434 423 2674 496 reliquis
2705 425 2816 481 tuis
2841 421 3126 481 militibus
3166 427 3240 483 de
3265 427 3377 484 diis
3409 431 3552 486 ado-

197 519 450 579 Φίλιππος
497 513 630 568 εἶπεν
678 533 690 545 ·
724 513 856 584 Ἐγὼ
917 508 1204 581 σύμϐουλος
1262 513 1485 581 πονηρὸς
1543 511 1600 562 ού
1649 517 1796 582 γενή-

1928 511 2128 580 andis,
2161 517 2221 566 ut
2247 513 2482 584 majora
2510 513 2670 569 dona
2701 519 2756 568 et
2785 513 3043 568 honores
3082 530 3118 571 a
3145 515 3319 572 nobis
3349 533 3553 574 conse-

203 627 363 679 σομαι
403 611 510 664 τοῖς
559 602 1004 673 αύτοπροαιρέτως
1059 592 1401 666 ὁδηγηθεῑσιν
1453 597 1521 656 εἰς
1577 601 1662 649 τὸν
1713 604 1798 668 φό-

1926 599 2129 671 maris.
2165 599 2317 653 Dixit
2348 607 2587 656 sanctus
2619 601 2920 672 Philippus
2949 617 2961 655 :
2997 604 3207 657 Notum
3255 605 3356 660 tibi
3388 607 3483 672 sit,
3516 623 3551 663 ο

203 697 288 748 ϐον
333 703 424 746 τού
469 692 713 747 ἀληθινου
754 695 909 750 Θεοῦ,
965 681 1142 741 ἐπειδὴ
1196 689 1484 754 γέγραπται
1520 703 1531 714 ·
1571 709 1596 736 ι(
1641 687 1796 753 Ούαὶ,

1929 694 2242 757 mperator,
2279 703 2375 742 me
2405 703 2526 743 non
2576 688 2844 744 futurum
2891 689 3120 745 malum
3151 691 3553 751 consiliarium

207 781 278 836 δι’
330 781 389 834 οὗ
439 784 495 832 τό
535 781 694 831 κακόν
753 781 966 848 ἔρχεται
1024 775 1034 828 !
1095 773 1423 835 Μαξιμιανὸς
1469 771 1601 825 εἶπεν
1657 791 1670 803 ⁸
1729 781 1798 828 Τὸ

1930 775 1976 830 is
2027 777 2131 848 qui
2188 793 2297 832 sua
2334 785 2539 846 sponte
2579 779 2819 833 deducti
2851 783 2991 832 sunt
3015 779 3089 832 ad
3121 779 3393 836 timorem
3437 785 3555 838 veri

205 872 538 943 μακρόθυμον
598 877 687 926 τῆς
737 867 991 937 ἡμετέρας
1043 861 1371 923 ἀνεξικακίας
1424 861 1798 935 τολμηρότερον

1928 864 2030 918 )ei.
2059 867 2346 936 Scriptum
2364 871 2450 920 est
2471 866 2630 920 enim
2663 871 2711 924 3:
2738 868 2864 921 «νω
2896 867 2967 932 ei,
3001 882 3107 937 per
3125 884 3308 938 quem
3327 871 3553 926 malum

204 980 260 1012 σε
311 965 604 1022 πεποίηκεν,
674 956 910 1008 Φίλιππε.
993 955 1075 1008 Μὴ
1153 947 1241 1002 οὖν
1324 951 1617 1022 ἐπιμείνητε
1691 962 1798 1015 τοῖς

1934 954 2086 1007 ιθυὶῐ.
2111 973 2138 1004 ››
2177 953 2331 1008 Dixit
2369 956 2694 1025 imperator
2723 957 3115 1010 Maximianus
3147 972 3159 1008 :
3195 959 3426 1013 Lenitas
3455 975 3559 1015 no-

203 1049 394 1108 αύτοίς,
447 1048 528 1099 ἵνα
577 1051 646 1117 μὴ
705 1041 926 1102 δικαίως
975 1047 1068 1098 τὴν
1125 1036 1280 1096 δίκην
1333 1041 1451 1090 καθ’
1499 1042 1641 1111 ὑμῶν
1671 1061 1801 1115 παρ-

1930 1047 2044 1096 strae
2081 1041 2374 1112 patientiae
2429 1050 2481 1097 te
2532 1044 2916 1098 audaciorem
2947 1042 3155 1107 etfecit,
3202 1059 3238 1099 ο
3269 1045 3555 1118 Philippe.

203 1141 454 1210 ωτρύνητε
497 1139 587 1186 καὶ
645 1134 866 1204 γένησθε
907 1127 1101 1200 δεῖγμα
1153 1137 1249 1189 τῆς
1307 1130 1552 1200 ἡμετέρας
1612 1129 1801 1200 ἀγανα-

1936 1129 2094 1184 iolite
2123 1144 2264 1198 ergo
2297 1132 2358 1184 in
2383 1129 2476 1183 his
2507 1129 2795 1192 insistere,
2823 1145 2897 1185 ne
2919 1131 3116 1199 justas
3147 1147 3349 1202 poenas
3370 1133 3433 1188 in
3457 1151 3561 1190 vos

205 1231 432 1290 κτήσεω,
459 1224 755 1295 τολμῶντες,
791 1219 1060 1292 ὀνομάζειν
1099 1222 1184 1268 τὸν
1214 1217 1335 1288 παρ’
1368 1219 1508 1288 ὑμῶν
1538 1219 1804 1270 θεοποιού-

1936 1217 2144 1272 rritetis
2165 1218 2498 1272 etevadatis
2517 1217 2859 1288 exemplum
2875 1225 3095 1273 nostras
3117 1220 3561 1291 indignationis,

204 1333 350 1387 μενον
381 1315 668 1384 ἄνθρωπον.
703 1309 1087 1382 Ἀποκριθέντες
1115 1303 1173 1358 δὲ
1197 1307 1245 1356 οἱ
1275 1305 1417 1375 ἅγιοι
1443 1302 1804 1376 ἐϐδομήκοντα

1940 1305 2198 1360 .udentes
2249 1305 2560 1361 nominare
2597 1305 2928 1370 hominem,
2961 1306 3062 1378 qui
3096 1323 3132 1362 a
3163 1309 3328 1363 vobis
3357 1317 3444 1366 est
3473 1327 3565 1365 re-

203 1400 343 1455 εἶπον
371 1411 442 1472 τῷ
467 1403 698 1474 τυράννῳ
724 1419 736 1430 ι
769 1398 826 1449 Ἠ
854 1391 1124 1457 κενόδοξος
1149 1393 1330 1451 ἀπειλὴ
1379 1403 1474 1454 τῆς
1500 1401 1564 1452 ari
1577 1413 1616 1463 ς,
1651 1392 1800 1464 βασι-

1938 1399 2068 1449 atus
2093 1392 2792 1464 in.deos.Respondentes
2819 1410 2957 1449 vero
2977 1395 3166 1451 sancti
3187 1399 3563 1468 septuaginta

203 1491 308 1555 λεύ,
346 1487 624 1562 βδελυρίας
656 1484 877 1557 δύναμιν
904 1483 956 1545 ἐξ
981 1483 1147 1553 ύψους
1197 1484 1320 1552 ἡμῖν
1365 1483 1655 1554 χαρίζεται
1697 1499 1708 1509 ·
1743 1482 1800 1532 ού

1938 1487 2223 1552 martyres,
2256 1481 2532 1536 dixerunt
2565 1488 2810 1552 tyranno
2831 1483 3172 1553 imperatori
3233 1501 3246 1538 :
3306 1487 3476 1541 Vana:
3507 1490 3563 1541 et

209 1582 304 1653 γὰρ
339 1577 520 1630 ἐνοικεῖ
566 1575 714 1648 φόϐος
746 1573 1012 1646 βασάνων,
1047 1572 1118 1632 εἰς
1159 1567 1392 1622 διάνοιαν
1438 1567 1660 1640 βεϐαίων
1701 1579 1799 1620 τῶν

1934 1585 2116 1624 nanes
2161 1570 2359 1634 minae,
2419 1586 2454 1624 o
2503 1569 2842 1642 imperator,
2898 1577 3013 1626 tuae
3071 1572 3559 1640 abominationis,

205 1666 520 1738 ἀγαπώντων
551 1669 637 1716 τόν
663 1666 869 1735 Κύριον.

1937 1657 2185 1713 νὶτιυιθω
2233 1657 2409 1713 nobis
2463 1673 2534 1712 ex
2575 1659 2694 1713 alto
2721 1657 3075 1728 largiuntur.
3133 1663 3262 1716 Non
3294 1663 3454 1716 enim
3477 1663 3562 1716 in-

1831 1771 1872 1823 Β
1910 1746 2172 1817 greditur
2202 1751 2303 1801 aut
2335 1745 2622 1802 inhabitat
2651 1753 2843 1802 metus
2867 1753 3297 1804 tormentorum
3319 1749 3381 1804 in
3400 1750 3564 1806 bona

1903 1849 2101 1890 mente
2119 1839 2174 1888 et
2189 1833 2384 1890 stabili
2403 1850 2609 1890 eorum
2634 1835 2733 1904 qui
2754 1834 3008 1904 diligunt
3033 1837 3352 1892 Dominum
3365 1878 3377 1891 .

278 1929 347 1988 ς’.
446 1933 571 1981 Τότε
667 1927 692 1978 ό
783 1923 1026 1997 βασιλεὺς
1125 1921 1447 1993 Μαξιμιανὸς
1541 1921 1794 1973 ἐκελευσεν

1981 1925 2062 1977 Vl.
2127 1925 2286 1978 Tunc
2345 1922 2735 1978 Maximianus
2777 1923 3101 1995 imperator
3141 1925 3314 1980 valde
3355 1928 3562 1992 iratus,

207 2017 548 2092 ἀφαιρεθῆναι
616 2025 713 2067 τῶν
798 2015 958 2084 ἁγίων
1040 2009 1400 2082 ἐϐδομήκοντα
1464 2013 1520 2061 τό
1607 2017 1798 2080 σχῆμα

1939 2013 2078 2068 ussit
2102 2011 2320 2066 auferri
2364 2027 2401 2065 a
2445 2010 2663 2066 sanctis
2692 2011 3068 2082 septuaginta
3093 2013 3378 2068 militibus
3398 2013 3564 2070 habi-

205 2113 297 2165 τῆς
385 2111 657 2178 στρατείας
734 2107 822 2154 καὶ
916 2110 1144 2160 κοπῆναι
1230 2099 1395 2150 αὐτῶν
1462 2101 1556 2159 τὰς
1637 2100 1798 2157 ζώνας

1937 2116 2034 2154 nm
2057 2101 2296 2168 militiae,
2365 2103 2421 2154 et
2469 2097 2552 2153 eis
2611 2099 2881 2154 abscindi
2908 2116 3110 2166 zonas,
3163 2107 3220 2156 et
3245 2100 3454 2158 deinde
3481 2104 3562 2157 sic

203 2199 292 2244 καὶ
345 2201 680 2264 παραστῆναι
739 2191 879 2260 αὐτῷ
938 2192 1066 2260 μετά
1140 2187 1333 2248 πολλῆς
1397 2189 1635 2258 ἀτιμίας,
1701 2192 1800 2238 Καὶ

1939 2205 2010 2243 os
2033 2191 2110 2243 ad
2136 2189 2332 2258 ipsum
2360 2187 2578 2242 adduci
2609 2203 2747 2242 cum
2773 2203 2993 2257 magna
3021 2189 3370 2258 ignominia.
3395 2191 3564 2246 Cum-

203 2289 371 2333 ταύτα
441 2290 539 2332 τῶν
619 2282 965 2332 ὑπασπιστῶν
1032 2280 1162 2348 μετὰ
1213 2276 1403 2328 πολλοῦ
1457 2285 1549 2327 τοῦ
1601 2277 1804 2346 τάχους

1934 2293 2028 2348 [ue
2065 2276 2194 2330 hinc
2241 2291 2466 2344 magna
2527 2275 2818 2331 celeritate
2872 2275 3204 2333 etfecissent
3258 2278 3559 2341 satellites,

207 2367 658 2443 διαπραξαμένων,
707 2371 797 2438 ἔφη
853 2370 978 2440 πρὸς
1028 2365 1217 2424 αὐτοὺς
1270 2367 1295 2414 ό
1343 2367 1609 2439 τύραννος,
1671 2361 1800 2428 Ἴδε,

1939 2365 2064 2418 lixit
2090 2365 2174 2419 eis
2199 2371 2486 2434 tyrannus
2513 2381 2525 2420 :
2555 2362 2772 2428 Videte,
2801 2380 2836 2420 a
2861 2364 3026 2435 quali
3055 2364 3242 2432 gloria
3257 2371 3314 2420 et
3334 2365 3564 2422 honore

209 2459 316 2518 οἶας
345 2458 554 2528 ἀτιμίας
606 2456 816 2528 ἐτύχετε
869 2451 962 2506 διὰ
1009 2458 1103 2511 τὴν
1127 2451 1384 2506 ἀπείθειαν
1421 2453 1588 2522 ὑμῶν.
1638 2453 1704 2502 Οἱ
1745 2447 1804 2502 δὲ

1940 2452 2236 2518 ικοὶἀίειίε,
2299 2459 2354 2506 et
2409 2453 2588 2522 quale
2641 2452 2808 2506 vobis
2861 2452 3140 2522 obtigerit
3201 2453 3458 2508 dedecus
3509 2459 3565 2508 et

212 2547 356 2618 ἅγιοι
385 2548 522 2599 εἷπον
553 2549 681 2618 πρὸς
711 2549 798 2596 τόν
840 2547 1084 2616 τύραννον
1137 2561 1148 2571 η
1186 2541 1247 2593 Εἰ
1295 2544 1383 2591 καὶ
1426 2543 1511 2606 σὺ,
1564 2541 1632 2599 ὡς
1661 2544 1803 2610 νομί-

1939 2541 2276 2610 :outemptio
2297 2545 2539 2610 prOpter
2557 2545 2812 2595 vestram
2845 2539 3336 2597 inobedientiam.
3369 2543 3564 2598 Sancti

214 2637 338 2702 ζεις,
372 2633 622 2698 ἐξέὃυσας
675 2636 828 2704 ἡμᾶς,
877 2631 983 2682 ἀλλ’
1031 2633 1172 2682 ἔστιν
1203 2631 1227 2681 ό
1263 2633 1392 2688 Θεὸς
1441 2629 1584 2700 ἡμῶν
1625 2627 1672 2679 ἐν
1721 2629 1805 2678 ού-

1938 2629 2192 2684 lixerunt
2231 2633 2484 2698 tyranno
2534 2643 2550 2682 ;
2609 2629 2855 2683 Etiamsi
2886 2635 2970 2692 tu,
3004 2635 3066 2684 ut
3089 2629 3417 2696 existimas,
3452 2645 3563 2686 nos

210 2732 406 2798 ρανοίς,
572 2722 903 2794 λατρεύομεν,
972 2715 1161 2771 ἐνδύων
1245 2719 1379 2789 ἡμᾶς
1464 2717 1651 2774 στολὴν
1712 2724 1806 2777 τῆς

1938 2717 2126 2773 :xuisti
2165 2717 2374 2772 habitu
2405 2715 2645 2782 militiae,
2670 2723 2723 2771 et
2753 2717 3056 2773 abscidisti
3093 2733 3277 2774 zonas
3303 2723 3563 2783 nostras,

211 2813 421 2864 αἰωνίου
478 2809 660 2878 δόξης,
719 2809 780 2867 ἣν
838 2809 996 2867 αὐτὸς
1053 2803 1175 2857 οὐδὲ
1225 2805 1424 2856 ἀκούειν
1480 2808 1808 2863 καθέστηκας

1939 2814 2004 2862 est
2029 2809 2180 2860 Deus
2218 2813 2422 2861 noster
2452 2806 2512 2860 in
2545 2807 2729 2874 caelis,
2778 2823 2958 2878 quem
3010 2807 3280 2874 colimus,
3323 2809 3426 2878 qui
3453 2825 3564 2864 nos

213 2901 359 2964 ἄξιος
389 2897 484 2952 διὰ
509 2903 594 2950 τόν
647 2903 871 2949 Σατανᾶν
903 2899 988 2946 τόν
1035 2897 1236 2965 πατέρα
1286 2911 1402 2958 σου,
1433 2897 1518 2942 τὸν
1565 2893 1811 2943 λαλοῦντα

1941 2895 2113 2949 nduit
2137 2894 2402 2948 vestibus
2425 2899 2478 2949 et
2507 2897 2670 2950 zonis
2713 2895 3062 2965 incorruptae
3086 2899 3144 2950 et
3172 2902 3403 2950 internae
3438 2897 3565 2966 ejus

211 2989 258 3040 ἐν
296 2995 398 3042 σοί.
433 2993 558 3040 Τότε
616 2987 870 3057 θυμωθεὶς
918 2985 942 3034 ὁ
989 2984 1232 3054 τύραννος
1271 2977 1404 3031 εἶπεν
1440 2997 1450 3007 ·
1507 2979 1576 3030 Ὦ
1618 2985 1810 3052 μιαρώ-

1941 2983 2145 3053 ςὶοτίω,
2169 2999 2354 3053 quam
2374 2984 2500 3052 ipse
2521 2999 2642 3038 non
2673 3001 2732 3039 es
2763 2984 2980 3056 dignus
3016 2984 3212 3040 videre
3233 2989 3335 3040 aut
3361 2987 3566 3042 audire

209 3098 362 3130 τατοι
420 3083 509 3128 καὶ
564 3083 653 3135 τῆς
707 3083 803 3125 τῶν
866 3075 988 3124 θεῶν
1059 3071 1315 3142 εὐμενείας
1386 3067 1602 3136 ἀνάξιοι,
1669 3070 1815 3139 ὑμεῖς

1944 3076 2162 3141 )ropter
2199 3073 2482 3126 Satanam
2543 3077 2768 3142 patrem
2795 3078 2984 3138 tuum,
3009 3074 3112 3144 qui
3135 3074 3196 3127 in
3225 3081 3276 3128 te
3313 3072 3569 3144 loquitur

214 3173 460 3239 γεγόνατε
520 3174 614 3226 τῆς
681 3163 871 3215 ἑαυτῶν
927 3159 1140 3231 ἀτιμίας
1205 3163 1465 3230 πρόφασις
1507 3175 1519 3187 ·
1568 3156 1620 3218 ἐξ
1671 3159 1814 3228 ἡμῶν

1944 3165 1979 3214 ιι
2019 3163 2318 3229 operatur.
2385 3161 2545 3212 Tunc
2597 3159 2769 3215 valde
2826 3160 3010 3216 iratus
3064 3165 3376 3230 tyrannus,
3420 3161 3569 3216 dixit

222 3259 324 3328 γὰρ
372 3255 685 3326 τιμηθέντες,
729 3255 818 3302 καὶ
856 3253 970 3308 τούς
1025 3249 1168 3308 θεοὺς
1216 3245 1537 3320 ἐνυϐρίσατε,
1589 3250 1674 3297 καὶ
1725 3253 1815 3306 τῆς

1941 3247 2144 3304 sanctis
2177 3269 2188 3300 :
2241 3249 2284 3302 Ο
2312 3245 2658 3301 exsecrandi
2690 3250 2745 3300 et
2777 3248 3006 3317 indigni
3038 3249 3285 3303 deorum
3315 3249 3566 3304 benevo-

213 3347 470 3418 ἡμετέρας
540 3341 711 3412 φιλίας
789 3343 1219 3412 κατεφρονήσατε.
1298 3335 1682 3408 Ἀποκριθέντες
1766 3337 1814 3385 οἱ

1945 3337 2116 3402 entia,
2149 3351 2254 3390 vos
2285 3341 2540 3390 vestram
2571 3334 2966 3404 ignominiam
2999 3337 3164 3390 vobis
3196 3336 3567 3392 conciliastis.

217 3434 360 3504 οἱγιοι
415 3428 552 3483 εἶπον
601 3438 672 3500 τῷ
725 3431 955 3501 τυράννῳ
987 3445 996 3455 ·
1027 3425 1084 3477 Ἡ
1119 3429 1366 3496 στρατεία
1399 3443 1512 3492 σου,
1556 3425 1626 3484 ὡς
1648 3420 1812 3494 μηδεν

1948 3437 1968 3481 t
1999 3425 2171 3480 nobis
2203 3423 2361 3480 enim
2391 3423 2617 3479 honore
2667 3424 2878 3490 affecti,
2935 3425 3230 3480 maximos
3258 3425 3404 3484 deos
3430 3423 3573 3480 aﬁ'e-

221 3523 444 3590 ἔχουσα,
505 3522 853 3591 παρέρχεται,
912 3518 999 3565 καὶ
1057 3515 1086 3570 ὴ
1157 3519 1400 3584 παροῦσα
1445 3515 1570 3582 τιμὴ
1629 3511 1815 3582 ἀτιμία

1946 3515 2084 3569 :istis
2121 3512 2503 3578 contumelia,
2537 3519 2874 3568 etnostram
2906 3513 3349 3584 contempsistis
3372 3514 3571 3568 amici-

223 3614 308 3660 σοί
347 3607 510 3675 ἐστιν,
555 3602 736 3662 ἐπειδὴ
793 3611 884 3655 τοῦ
945 3599 1232 3661 δεδωκότος
1291 3619 1374 3652 σοι
1425 3604 1518 3658 τὴν
1577 3599 1813 3661 ἐξουσίαν

1949 3606 2087 3660 iam.
2175 3605 2256 3658 De
2322 3611 2531 3658 caetero
2579 3603 2829 3674 accipite
2888 3602 3303 3658 convenienter
3363 3603 3574 3658 vestris

221 3697 468 3750 ἐπελάθου
519 3701 672 3758 Θεοῦ,
727 3697 793 3744 τὰ
850 3689 908 3744 δὲ
967 3690 1158 3762 ἄψυχα
1198 3687 1404 3754 εἴδωλα,
1455 3691 1521 3740 τὰ
1563 3695 1633 3759 μὴ
1690 3689 1816 3760 ὠφε-

1949 3691 2568 3762 actis.Respondentes
2585 3697 2780 3746 autem
2797 3691 3283 3762 sancti,dixerunt
3297 3697 3573 3762 tyranno:

221 3787 408 3838 λουντα
488 3782 578 3836 διὰ
653 3787 709 3834 τό
790 3786 859 3853 μή
937 3786 1208 3852 γινώσκειν
1265 3782 1348 3830 τόν
1403 3787 1632 3849 τιμῶντα
1687 3780 1817 3830 αύτὰ

1951 3789 2268 3854 inperator,
2319 3781 2448 3835 haec
2510 3781 2714 3837 militia
2769 3786 2892 3850 tua,
2957 3784 3020 3835 ut
3084 3796 3214 3851 quas
3280 3779 3428 3834 nihil
3481 3781 3572 3846 sit,

227 3881 318 3926 καὶ
342 3873 640 3949 ὑϐρίζοντα,
670 3872 897 3931 ἀνοήτως
953 3872 1214 3928 θεοποιεῐς.
1259 3867 1317 3920 Ὀ
1347 3871 1592 3940 τύραννος
1635 3864 1765 3919 εἶπεν
1798 3886 1810 3897 ⁸

1947 3871 2202 3936 )raeterit,
2236 3875 2292 3926 et
2345 3869 2445 3941 qui
2493 3871 2664 3925 adest
2703 3870 2916 3934 honor,
2971 3877 3056 3925 est
3097 3869 3199 3925 tibi
3258 3869 3518 3924 dedecus
3560 3885 3572 3924 :

230 3967 323 4017 Διὰ
360 3969 450 4021 τὴν
477 3963 858 4036 φιλανθρωπίαν
907 3967 998 4019 τῆς
1047 3960 1290 4031 ἡμετέρας
1340 3955 1606 4030 βασιλείας
1639 3953 1817 4028 φειδό-

1952 3962 2218 4034 [uoniam
2265 3959 2480 4015 oblitus
2529 3975 2591 4014 es
2623 3958 2746 4023 Dei,
2781 3959 2882 4029 qui
2923 3960 3078 4014 hanc
3097 3959 3200 4014 tibi
3231 3959 3388 4014 dedit
3417 3963 3577 4029 pote-

229 4073 376 4126 μενος
400 4054 540 4124 ὑμῶν
575 4055 663 4102 καὶ
709 4047 1017 4120 βουλόμενος
1065 4048 1513 4121 περιποιήσασθαι
1543 4051 1636 4103 τὴν
1680 4047 1818 4105 ζωήν

1953 4057 2162 4107 atatem.
2199 4052 2361 4104 Vana
2415 4063 2554 4103 vero
2606 4053 2662 4102 et
2699 4048 2968 4102 inanima
2994 4047 3332 4112 simulacra,
3365 4063 3492 4116 quas
3525 4053 3578 4101 te

227 4146 388 4214 ὑμῶν,
439 4144 515 4193 ἔτι
559 4139 816 4211 ἀνέχομαι
863 4139 1026 4209 ὑμῶν.
1073 4142 1173 4188 Καὶ
1203 4137 1433 4188 ἐκέλευσε
1463 4141 1601 4206 τρεῖς
1625 4135 1820 4206 ἡμέρας

1956 4138 2318 4206 tiniljuvant,
2361 4135 2527 4204 quod
2557 4151 2628 4189 ea
2653 4150 2775 4188 non
2789 4141 3154 4205 cognoscant
3176 4150 3314 4188 eum
3332 4135 3581 4205 quiipsa

226 4230 540 4287 ἀποτεθῆναι
585 4227 790 4286 αὐτούς·
840 4224 887 4276 ἐν
937 4233 998 4296 τῇ
1060 4229 1282 4296 φρουρᾷ,
1336 4225 1416 4275 ἵνα
1449 4227 1506 4273 τό
1561 4229 1817 4291 συμφέρον

1956 4237 2164 4279 ionore
2214 4221 2394 4276 afﬁcit
2445 4227 2548 4276 aut
2587 4221 2965 4286 contumelia,
2995 4223 3054 4276 in
3085 4221 3229 4276 deos
3255 4222 3488 4300 stolide,
3519 4227 3581 4276 ut

229 4317 638 4390 βουλεύσωνται.

1952 4313 2042 4385 qui
2098 4311 2272 4382 plane
2331 4325 2510 4364 sensu
2563 4325 2791 4376 careas,
2833 4311 3035 4367 refers.
3067 4311 3216 4366 Dixit
3245 4317 3532 4382 tyrannus
3567 4327 3577 4365 :

229 4408 465 4478 Propter
492 4403 674 4459 nostri
707 4401 939 4474 imperii
971 4400 1348 4454 clementiam
1381 4400 1546 4454 vobis
1576 4417 1844 4475 parcens,
1879 4407 1934 4460 et
1965 4401 2169 4457 volens
2205 4400 2388 4454 vitam
2425 4397 2591 4454 vobis
2637 4414 2768 4453 esse
2819 4399 3073 4465 salvam,
3110 4399 3308 4454 adhuc
3349 4415 3454 4454 vos
3477 4414 3587 4470 pa.

227 4493 670 4564 tior,jussitque
701 4507 800 4544 eos
831 4494 943 4542 tres
973 4489 1099 4542 dies
1129 4485 1348 4540 includi
1379 4491 1438 4541 in
1467 4503 1718 4555 carcere,
1755 4498 1816 4547 ut
1835 4495 2116 4564 caperent
2144 4485 2457 4544 consilium
2486 4486 2652 4558 quod
2682 4486 2764 4542 eis
2796 4487 3116 4560 expediret.

307 4579 380 4631 Z'.
443 4587 552 4632 Τῶν
594 4575 652 4630 δὲ
705 4579 1052 4629 ὑπασπιστῶν
1097 4573 1478 4646 πληρωσάντων
1523 4585 1610 4629 τού
1665 4577 1824 4651 βασι·
1867 4582 1909 4635 D

2014 4581 2124 4635 Vll.
2155 4581 2301 4634 Cum
2369 4581 2568 4631 autem
2636 4575 2912 4632 satellites
2957 4577 3297 4647 implessent
3347 4578 3583 4646 jussum

237 4668 358 4728 λέως
411 4671 467 4719 τὸ
513 4671 829 4739 πρόσταγμα
884 4670 972 4717 καὶ
1036 4664 1106 4726 εἰς
1159 4667 1388 4736 φυλακὴν
1440 4665 1630 4728 αύτούς
1705 4673 1834 4740 μετὰ

1957 4666 2333 4739 ωρθτιιιοτὶε,
2389 4669 2446 4719 et
2494 4681 2592 4718 eos
2623 4665 2684 4719 in
2736 4665 3008 4720 custodia
3036 4665 3413 4719 inclusissent
3445 4682 3582 4720 cum

239 4757 422 4809 κλοιῶν
480 4755 875 4828 καθειρξάντων,
929 4751 1068 4807 εἶπον
1097 4758 1221 4826 πρὸς
1267 4753 1515 4817 ἀλλήλους
1558 4759 1606 4807 οἱ
1643 4757 1785 4828 ἅγιοι
1815 4774 1831 4790 ⁶

1960 4755 2286 4820 :ollaribus,
2325 4753 2507 4809 sancti
2547 4753 2824 4808 dixerunt
2861 4755 3011 4807 inter
3043 4770 3103 4808 se
3148 4773 3158 4811 :
3197 4756 3420 4810 Fratres
3450 4755 3585 4809 cha-

241 4847 628 4918 Ἐτοιμάσωμεν
704 4845 941 4909 ἅπαντες,
1030 4839 1258 4914 ἀδελφοὶ,
1340 4842 1676 4916 ὁμοθυμαδὸν
1747 4850 1835 4905 τὰς

1962 4843 2181 4907 rissimi,
2205 4858 2488 4914 paremus
2517 4856 2726 4896 omnes
2746 4851 2978 4896 nostras
3009 4841 3244 4896 animas
3271 4843 3348 4897 ad
3369 4843 3587 4898 oratio-

239 4935 428 5007 ψυχὰς
478 4937 622 5004 ἡμῶν
675 4933 739 4993 εὶς
787 4937 1111 5006 προσευχὴν,
1161 4936 1248 4983 καὶ
1299 4928 1562 5005 δεηθῶμεν
1592 4943 1682 4986 τού
1709 4940 1834 4987 Θεοῦ

1960 4950 2102 4998 nem,
2151 4937 2208 4986 et
2237 4931 2463 4986 intense
2512 4945 2750 4985 oremus
2789 4929 3119 5000 benignum
3144 4935 3198 4985 et
3233 4931 3585 4985 clementem

243 5027 387 5097 ἡμῶν
420 5025 625 5082 ἐκτενῶς
674 5020 855 5074 δοῦναι
905 5024 1028 5092 ἡμῖν
1081 5025 1262 5092 σοφίαν
1307 5039 1361 5072 τε
1407 5027 1496 5074 καὶ
1523 5031 1716 5094 γνῶσιν
1745 5021 1836 5075 διὰ

1960 5023 2135 5077 Deum
2173 5027 2468 5084 nostrum,
2507 5025 2565 5074 ut
2585 5019 2684 5074 det
2707 5019 2882 5074 nobis
2914 5018 3272 5088 sapientiam
3303 5025 3358 5072 et
3387 5019 3585 5087 cogni-

243 5122 335 5166 του
389 5113 537 5184 ἁγίου
605 5112 765 5164 αὐτοῦ
825 5113 1139 5182 ῐινεύματος,
1202 5115 1290 5160 καὶ
1363 5109 1594 5182 ἐμϐαλεῖν
1653 5113 1722 5174 εἰς
1777 5117 1834 5164 τό

1960 5114 2166 5166 :ionem
2187 5127 2292 5182 per
2325 5115 2598 5164 sanctum
2633 5109 2937 5179 Spiritum,
2964 5113 3020 5162 et
3047 5107 3273 5177 injiciat
3296 5108 3354 5162 in
3388 5125 3455 5162 os
3483 5123 3585 5163 no-

246 5207 416 5274 στόμα
462 5204 606 5274 ἡμῶν
658 5206 704 5252 τί
745 5199 1196 5271 ἀπολογήσασθαι.
1251 5201 1382 5259 ὅπως
1429 5201 1674 5274 θαυμάσῃ
1703 5203 1726 5252 ὁ
1753 5205 1838 5253 τύ‹

1962 5207 2157 5264 strum,
2190 5197 3176 5270 quidrespondeamusimperatori
3211 5213 3220 5249 :
3265 5197 3587 5252 utadmire-

243 5311 425 5366 ραννος
479 5295 570 5350 τὴν
625 5290 865 5349 ἀλήθειαν
916 5298 1011 5350 τῆς
1068 5293 1291 5350 πίστεως
1345 5291 1510 5361 ἡμῶν.
1561 5295 1658 5342 Καὶ
1713 5311 1830 5343 σται

1962 5305 2042 5346 '.ur
2061 5289 2188 5360 ipse
2226 5303 2464 5360 quoque
2509 5293 2798 5356 tyrannus
2832 5287 3130 5340 veritatem
3163 5291 3377 5341 nostrae
3403 5285 3540 5340 ﬁdei
3569 5327 3587 5345 .

247 5384 405 5441 θέντες
457 5381 522 5440 εἰς
578 5384 883 5454 προσευχὴν
938 5381 986 5430 οἱ
1043 5377 1184 5448 ἅγιοι
1248 5375 1608 5450 ἑϐδομήκοντα
1660 5381 1724 5439 ὡς
1782 5379 1838 5430 ἐκ

1966 5381 2016 5434 Et
2043 5393 2102 5432 se
2153 5377 2230 5433 ad
2278 5375 2648 5449 precandum
2694 5371 3061 5428 conferentes
3119 5376 3304 5430 sancti
3359 5382 3591 5444 septua-

250 5475 371 5542 μιᾶς
417 5467 602 5540 ψυχῆς
645 5465 782 5520 εἶπον
843 5490 852 5501 ·
899 5467 955 5518 '0
988 5469 1114 5528 Θεὸς
1166 5467 1190 5517 ό
1243 5468 1634 5542 παντοκράτωρ,
1688 5467 1747 5519 οὗ
1803 5469 1832 5526 ἡ

1962 5467 2114 5540 ginta
2151 5465 2361 5522 Christi
2387 5468 2678 5537 martyres
2710 5461 2986 5520 dixerunt
3015 5471 3305 5536 tanquam
3348 5478 3420 5518 ex
3471 5477 3587 5518 uno

324 5560 344 5592 ³
373 5557 567 5614 Matth.
601 5573 767 5613 xvni.

647 5753 887 5810 PATROL.
927 5749 1032 5808 Gn.
1071 5748 1236 5814 CXV.
3221 5748 3294 5818 ιι
