4114 6262
498 311 604 370 363
1881 279 2140 339 MENSIS
2172 269 2448 335 JULIUS.
3749 259 3870 316 364

503 451 604 492 ore
625 437 682 489 et
711 445 834 487 una
861 427 1090 485 anima:
1124 417 1371 478 Domine
1422 415 1562 471 Jesu
1591 410 1992 476 Christe,Deus
2022 421 2128 462 omn

2255 402 2466 465 ἐξουσία
2526 399 2732 458 αἰώνιος
2773 399 2862 446 καὶ
2915 395 2944 450 ἡ
2998 389 3244 464 βασιλεία
3295 387 3351 439 οὐ
3412 382 3869 458 διαφθαρήσεται,

503 519 794 596 nipotens,
847 517 1018 587 cujus
1085 515 1339 583 potestas
1386 511 1628 571 aeterna,
1672 506 1728 556 et
1748 513 1996 569 regnum
2023 510 2128 550 nor

2257 487 2626 553 ἐξαποστειλον
2674 489 2799 556 ἡμῖν
2847 485 2905 534 τό
2959 481 3167 550 Πνευμά
3219 497 3312 528 σου
3366 479 3422 527 τὸ
3466 478 3741 546 πανάγιον,
3789 477 3877 526 ἱνα

2265 580 2276 595 ν
2399 579 2410 594 9
2467 587 2482 593 ν
2543 575 2555 586 ‘
2641 573 2972 596 ‘.\,_,_,'__-IA..
3020 574 3105 596 -.-Α
3158 567 3511 596 μ’.-.ρημίδ-Ἶηρ..
3582 569 3666 596 νηὶ
3715 570 3869 596 «ην-ὦ-

501 567 777 673 inieribit,
818 567 980 661 mitte
1033 601 1108 657 ad
1137 615 1248 654 nos
1278 592 1719 651 sanctissimum
1761 593 1930 644 tuum
1973 583 2126 654 Spiri

2257 580 2304 631 ἐν
2348 579 2490 648 αὐτῷ
2536 573 2974 647 ἀγαλλιασὼμεθα
3020 574 3109 619 καὶ
3157 567 3532 638 εὐφρανθῶμεν,
3582 569 3671 616 καὶ
3715 570 3868 620 νική-

2513 669 2522 673 -
2787 668 2795 673 .
2927 669 2945 673 ..
3048 657 3066 673 ε,
3103 661 3111 669 ν
3335 660 3343 670 ι
3414 656 3423 663 “
3452 653 3463 673 Ι
3527 656 3550 673 r.
3573 663 3582 668 -
3725 651 3737 673 Σ
3807 660 3867 673 AA!

503 651 777 673 nam...”
818 651 979 661 ...ηπ
1034 651 1108 657 __
1137 651 1206 654 _-
2017 651 2028 654 _

503 706 650 763 tum,
678 701 731 752 et
761 711 870 750 nos
897 707 1000 763 per
1029 703 1166 744 cum
1201 683 1390 746 erudi,
1424 687 1487 737 ut
1515 682 1573 735 in
1614 681 1734 750 ipso
1783 674 2128 731 exsultemus

2260 687 2426 739 σωμεν
2471 669 2558 725 τὰς
2606 668 2856 735 πονηρίας
2885 669 2979 721 τῆς
3010 657 3227 720 πλάνης,
3265 660 3352 706 καὶ
3403 653 3689 723 ὑψωθὼμεν
3719 651 3766 702 ἐν
3800 660 3869 722 τῇ

2268 757 2305 763 .-
2371 759 2383 763 -
2718 757 2725 763 .
2896 746 2917 763 ει
2955 752 2963 760 ε
3081 754 3094 759 η
3139 746 3148 752 ’
3207 751 3214 759 ι
3317 751 3352 763 r.
3427 747 3436 757 ι
3714 749 3728 756 ι
3772 741 3796 763 Ἡ
3816 761 3843 763 μ

507 741 650 763 ...μη
679 741 731 752 υ.
761 741 868 750 ..--
898 741 990 763 τ--
1378 741 1387 746 ν
1637 741 1650 750 _

503 794 559 845 et
606 787 876 842 laetemur
913 782 954 845 ⁴,
1009 782 1063 832 et
1091 775 1405 829 vincamus
1459 767 1672 824 erroris
1730 763 2053 836 nequitias,
2092 776 2121 815 e

2259 757 2472 828 ἀληθινῇ
2529 774 2634 805 σου
2667 757 2844 804 πίστει
2885 746 2976 800 διὰ
3007 754 3096 798 τοῦ
3129 746 3277 814 αγίου
3317 747 3608 813 ῘΙνεὺματος
3638 749 3732 792 τοῦ
3772 741 3873 791 λα-

504 874 850 933 extollamur
879 868 940 922 in
970 881 1110 921 vera
1144 869 1243 918 tua
1268 861 1382 915 ﬁde
1405 875 1508 931 per
1539 862 1810 912 sanctum
1845 852 2120 922 Spiritum

2258 847 2461 906 λοῦντος
2492 845 2537 896 ἐν
2571 847 2711 915 ημῖν,
2773 843 2909 891 κατά
2962 842 3055 893 τήν
3103 834 3348 891 ἀληθινήν
3391 851 3482 882 σου
3532 829 3866 900 ἐπαγγελίαν,

505 965 604 1038 qui
647 960 911 1032 loquitur
956 955 1014 1009 in
1059 951 1233 1009 nobis
1259 947 1670 1004 convenienter
1704 949 1819 998 tuae
1854 956 2001 996 verae
2027 942 2083 992 et
2114 953 2130 991 ε

2260 942 2349 987 καὶ
2384 935 2496 986 ἀντὶ
2543 942 2636 993 τῆς
2668 930 3029 1001 ἀναιρεθείσης
3082 929 3348 992 κοσμικῆς
3393 920 3537 982 ἀξίας
3565 921 3688 988 παρ’
3721 920 3865 986 {quem

2367 1030 2377 1038 .
2461 1026 2474 1038 ι
2779 1027 2795 1033 -
2931 1014 2964 1038 1,
3012 1013 3149 1038 __'\--
3185 1013 3226 1038 ζ.-
3257 1016 3308 1038 ξ--
3339 1029 3428 1038 ρ-..
3482 1008 3527 1038 ἐ..
3565 1009 3594 1038 ζ
3629 1008 3856 1038 ...ωρίμζκ

553 1008 604 1019 ι..
647 1008 901 1032 -.ημηη
957 1008 970 1009 ,
1073 1008 1080 1009 ί

506 1008 1517 1113 mendacioalienaepromissioni,et
1548 1048 1654 1105 pro
1686 1048 1722 1087 a
1743 1029 1912 1086 nobis
1950 1025 2131 1082 ablata

2259 1026 2522 1095 γενώμεθα
2578 1027 2895 1092 στρατιῶται
2928 1014 2980 1066 ἐν
3009 1013 3153 1064 πόλει
3183 1013 3308 1082 αγία
3337 1029 3450 1072 σου,
3481 1008 3527 1058 ἐν
3565 1009 3594 1065 ἧ
3629 1008 3857 1059 συνελεύ-

506 1138 813 1197 mundana
828 1132 1132 1202 dignitate,
1156 1126 1483 1182 efﬁciamur
1496 1103 1709 1177 milites
1725 1119 1785 1174 in
1814 1119 2020 1173 sancta
2049 1120 2131 1169 tu:

2266 1117 2444 1164 σονταί
2477 1130 2560 1163 σοι
2609 1111 2792 1166 πάντες
2823 1108 2871 1156 οἱ
2904 1107 3247 1173 συναγο’μενοι
3291 1108 3351 1171 τῇ
3401 1103 3573 1149 πίστει
3604 1105 3694 1148 τοῦ
3733 1104 3859 1168 Χρι-

2651 1197 2687 1202 --
2759 1196 2782 1202 ..
2977 1201 2980 1202 ,
3032 1199 3071 1202 _
3161 1196 3167 1202 ι
3334 1193 3342 1202 Ι
3468 1189 3479 1201 ε
3535 1183 3618 1202 ῇνν
3764 1191 3771 1198 ι
3851 1192 3859 1202 1

507 1183 1048 1202 ...μη-κρυψη
1119 1183 1132 1194 ,

507 1226 762 1288 civitate,
821 1225 878 1277 et
914 1216 1289 1275 ascribamur
1327 1213 1388 1267 in
1409 1225 1725 1266 numerum
1767 1205 1985 1261 civium
2013 1217 2132 1256 cun

2266 1207 2392 1253 στοῦ
2426 1219 2540 1260 σου,
2576 1197 2688 1268 μεθ’
2723 1196 2782 1247 οὗ
2823 1214 2907 1246 σοι
2931 1201 2999 1261 τῷ
3032 1196 3223 1264 Πατέρι
3249 1193 3430 1262 πρέπει
3460 1189 3487 1243 fr.-
3524 1183 3654 1248 δόξα
3690 1191 3780 1236 καὶ
3811 1192 3866 1239 τὸ

508 1313 785 1372 omnibus
828 1308 942 1363 tuis
990 1304 1228 1368 sanctis,
1283 1301 1386 1372 qui
1439 1297 1541 1353 tibi
1597 1312 1633 1351 a
1663 1292 1876 1349 saeculo
1908 1294 2062 1346 recte
2092 1289 2133 1342 ir

2264 1292 2452 1361 κράτος
2496 1291 2589 1338 σὺν
2638 1293 2709 1354 τῷ
2743 1283 2874 1354 ἁγίῳ
2923 1286 3012 1332 καὶ
3062 1285 3296 1348 ζωοποιῷ
3349 1279 3604 1347 ΙΙνευματι
3654 1275 3724 1336 εἰς
3756 1279 3869 1333 τοὺς

509 1403 626 1459 ﬁde
673 1399 1044 1472 placuerunt.
1097 1391 1395 1456 Quoniam
1419 1393 1481 1441 tu
1505 1401 1568 1441 es
1602 1383 1762 1439 solus
1801 1382 1974 1444 Deus,
2015 1381 2070 1432 et
2105 1381 2134 1430 ιι

1097 1391 1395 1456 Quoniam
1419 1393 1481 1441 tu
1505 1401 1568 1441 es
1602 1383 1762 1439 solus
1801 1382 1974 1444 Deus,
2015 1381 2070 1432 et
2105 1381 2154 1430 te
2268 1379 2475 1438 αἰῶνας.
2513 1376 2698 1445 Ἀμήν.

512 1491 680 1546 decet
703 1485 892 1557 gloria
914 1487 969 1537 et
989 1479 1254 1553 potentia
1275 1477 1336 1532 in
1365 1473 1600 1530 saecula.
1626 1476 1834 1526 Amen.

584 1543 737 1633 νιιιῗ
756 1543 1070 1642 Completis
1100 1570 1302 1623 autem
1343 1563 1533 1618 tribus
1565 1559 1796 1622 diebus,
1829 1553 2159 1628 praesidens

2347 1554 2424 1607 H'.
2471 1557 2570 1605 Καὶ
2615 1552 2744 1623 μετὰ
2795 1553 2888 1606 τήν
2940 1546 3321 1617 συμπλήρωσιν
3383 1551 3482 1594 τῶν
3539 1550 3691 1616 τριῶν
3746 1543 3869 1612 ἡμε.

514 1682 722 1724 rursus
750 1657 1226 1722 Maximianus,in
1258 1652 1536 1709 eumdem
1561 1649 1759 1705 locum
1783 1650 1965 1718 porta
1993 1647 2139 1698 Ama

2279 1653 2377 1718 ρῶν
2409 1643 2736 1717 προκαθίσας
2776 1637 2925 1690 πάλιν
2957 1637 2982 1686 ό
3031 1635 3357 1704 Μαξιμιανός
3408 1635 3540 1683 κατά
3587 1636 3673 1681 τόν
3721 1631 3873 1682 αὐτὸν

516 1756 650 1811 zizae
707 1766 916 1807 rursus
971 1748 1358 1802 concurrente
1388 1739 1663 1794 universa
1690 1735 1946 1797 civitate,
1980 1745 2141 1786 accer

2282 1737 2434 1784 τόπον
2480 1739 2571 1790 τῆς
2611 1729 2893 1799 Ἀμαξικῆς
2924 1724 3109 1786 πύλης,
3147 1718 3553 1794 συνδραμούσης
3582 1725 3671 1771 καὶ
3701 1722 3878 1781 πάσης

518 1843 612 1898 siit
668 1843 926 1896 sanctos.
985 1833 1178 1891 Sancti
1240 1845 1382 1886 vero
1450 1830 1737 1897 martyres
1794 1833 2143 1877 accesserun

2282 1828 2376 1880 τῆς
2409 1818 2619 1878 πόλεως,
2675 1812 3034 1887 μετεπέμψατο
3097 1815 3211 1869 τοὺς
3248 1809 3450 1879 ἁγίους.
3511 1810 3574 1860 Οἱ
3633 1805 3692 1858 δὲ
3744 1827 3875 1880 παρ-

517 1929 682 1986 tracti
711 1944 746 1983 a
778 1924 1149 1985 ministris,et
1172 1920 1459 1974 steterunt
1477 1919 1612 1970 ante
1636 1909 2141 1984 impium.lniquu

2288 1912 2535 1978 εγένοντο,
2591 1905 2852 1976 ἑλκόμενοι
2900 1904 2998 1952 ὑπὸ
3042 1909 3138 1951 τῶν
3186 1901 3475 1970 ὑπηρετῶν,
3519 1901 3606 1948 καὶ
3652 1899 3877 1954 ἔστησαν

521 2023 722 2073 autem
751 2014 1073 2084 imperator
1091 2009 1286 2062 minas
1322 2010 1661 2075 temperans
1682 1999 2015 2060 clementia,
2032 1995 2146 2050 dixi

2287 1997 2572 2068 ἔμπροσθεν
2630 2001 2720 2044 τοῦ
2782 1989 3073 2050 δυσσεϐοῦς
3111 2027 3122 2038 .
3155 1987 3211 2038 Ὀ
3271 1983 3330 2038 δὲ
3380 1985 3736 2058 φιλανθρωπίᾳ
3789 1992 3879 2044 τὴν

522 2105 606 2161 eis
659 2102 748 2158 :0
804 2073 926 2163 viri,
987 2097 1191 2153 discite
1219 2073 1466 2150 tandem
1519 2090 1619 2162 qui
1652 2088 1823 2145 vobis
1853 2084 2128 2158 expediat

2288 2085 2499 2141 ἀπειλήν
2531 2084 2770 2156 κεράσας,
2832 2083 2921 2150 ἔφη
2975 2082 3104 2148 πρὸς
3156 2076 3339 2134 αὐτούς
3395 2094 3405 2105 ·
3467 2073 3570 2126 Κᾶν
3763 2095 3880 2127 ποτε

523 2198 582 2248 et
602 2190 967 2253 accedentes,
997 2185 1112 2240 diis
1148 2182 1490 2244 sacriﬁcate,
1536 2161 1591 2234 et
1614 2180 1797 2232 vitam
1830 2174 2095 2245 accipite,
2120 2189 2148 2227 e

2288 2178 2345 2226 τό
2393 2177 2649 2244 συμφέρον
2695 2172 2814 2240 ὑμῖν
2866 2170 3073 2235 μάθετε,
3107 2163 3146 2215 ὦ
3193 2161 3394 2235 ἄνδρες,
3446 2168 3531 2214 καὶ
3574 2163 3877 2235 προσελθὸν-

522 2297 644 2338 non
673 2282 924 2335 mortem
978 2274 1275 2331 acerbam.
1305 2271 1588 2325 Dixerunt
1627 2265 1814 2321 sancti
1837 2269 2126 2334 martyres

2288 2283 2368 2325 τες
2403 2265 2595 2314 θύσατε
2625 2267 2733 2320 τοῖς
2786 2260 2935 2319 θεοῖς,
2987 2261 3075 2306 καὶ
3121 2255 3410 2324 κομίσασθε
3452 2257 3544 2309 τήν
3599 2253 3738 2311 ζωήν
3799 2260 3875 2302 καὶ

525 2371 604 2424 De
635 2369 744 2423 hoc
769 2366 999 2421 bonum
1040 2359 1354 2417 consilium
1409 2356 1698 2428 cepimus,
1744 2369 1777 2407 ο
1830 2353 2150 2423 imperator

2289 2358 2359 2424 μὴ
2394 2355 2479 2402 τὸν
2508 2352 2692 2418 πικρόν
2745 2349 2979 2398 θάνατον.
3029 2347 3094 2395 Οἱ
3136 2343 3278 2414 άγιοι
3326 2339 3464 2393 εἷπον
3521 2361 3532 2372 ·
3582 2349 3747 2393 Τουτο
3797 2362 3882 2392 κα-

526 2455 679 2513 Audi
709 2459 949 2522 attente,
1007 2457 1062 2507 et
1091 2465 1164 2505 ne
1219 2464 1327 2503 nos
1374 2444 1635 2516 amplius
1674 2456 1877 2513 cogas,
1914 2446 2016 2495 aut
2050 2438 2151 2493 vin

2289 2441 2382 2498 λως
2424 2438 2852 2506 ἐϐουλευσάμεθα,
2908 2432 3148 2505 βασιλεῦ,
3189 2436 3280 2489 τήν
3335 2436 3650 2502 πρόσκαιρον
3691 2433 3881 2486 ταύτην

529 2545 701 2601 nobis
734 2543 913 2598 ullam
935 2518 1150 2596 afferas
1179 2555 1191 2592 :
1227 2535 1555 2593 Statuimus
1585 2533 1746 2588 enim
1787 2530 1926 2584 odio
1955 2526 2154 2582 haberi

2294 2530 2424 2587 ζωήν
2477 2533 2727 2596 μισῆσαι,
2763 2523 3034 2593 ἀγαπῆσαι
3076 2518 3134 2572 ὃε
3164 2523 3249 2570 τὸν
3301 2524 3628 2592 προκείμενον
3672 2520 3882 2569 θάνατον

529 2634 687 2689 hanc
748 2631 953 2692 vitam,
1015 2643 1150 2698 quae
1201 2630 1292 2680 est
1342 2623 1414 2678 ad
1441 2629 1677 2692 tempus
1731 2617 1976 2688 diligere
2040 2629 2154 2669 veri

2295 2614 2387 2667 διὰ
2418 2619 2503 2666 τὸν
2535 2627 2605 2673 εις
2655 2614 2882 2686 Χριστὸν
2915 2614 3070 2662 πόθον
3113 2627 3124 2637 ·
3166 2608 3435 2679 ἐλπίζομεν
3466 2610 3565 2680 γὰρ
3620 2606 3692 2658 δι’
3729 2608 3878 2658 αὐτοῦ

531 2724 784 2775 mortem
842 2693 1210 2788 propositam
1261 2714 1498 2782 propter
1554 2706 1756 2762 Christi
1796 2701 2152 2758 desiderium

2294 2700 2542 2777 κερδάναι
2599 2706 2689 2758 τὴν
2747 2701 2882 2760 ζωὴν
2938 2703 3029 2757 τήν
3083 2698 3304 2750 αἰώνιον.
3368 2699 3560 2749 Λοιπὸν
3614 2693 3701 2746 οὖν
3750 2703 3879 2746 ποιεῖ

533 2813 638 2864 Per
666 2807 864 2878 ipsum
895 2785 1051 2860 enim
1073 2803 1253 2857 vitam
1285 2805 1562 2854 aeternam
1591 2808 1907 2865 speramus
1949 2788 2158 2845 lucrifa

2297 2797 2563 2862 συντόμως
2616 2790 2640 2841 ὃ
2692 2789 2868 2861 βούλει
2909 2806 2920 2818 ·
2958 2790 3103 2847 ἡμεῖς
3158 2790 3258 2857 γαρ
3317 2786 3410 2836 οὐκ
3460 2785 3749 2858 ἀρνούμεθα
3793 2789 3867 2834 τόν

534 2911 684 2953 cere.
712 2895 794 2950 De
824 2896 1032 2949 caetero
1053 2905 1194 2960 ergo
1221 2888 1307 2943 fac
1336 2885 1592 2942 breviter
1623 2885 1688 2938 in
1719 2897 1828 2937 nos
1854 2878 2018 2951 quod
2073 2879 2158 2932 vis

2297 2885 2422 2934 Θεὸν
2454 2883 2618 2950 ἡμῶν,
2653 2875 2774 2930 οὐδὲ
2822 2881 2940 2937 τοὺς
2992 2873 3245 2948 δαίμονάς
3301 2893 3393 2925 σου
3448 2881 3825 2947 προσκυνοῦμεν
3855 2891 3865 2901 °

535 2988 652 3042 Nos
684 2983 834 3038 enim
883 2996 1006 3036 non
1058 2993 1346 3048 negamus
1414 2974 1600 3029 Deum
1655 2975 1945 3036 nostrum,
1991 2982 2160 3038 nequi

2296 2969 2343 3021 ἐν
2385 2972 2485 3041 γὰρ
2534 2975 2591 3038 τῇ
2638 2971 2944 3038 κατακρίσει
2997 2973 3088 3016 τοῦ
3139 2968 3462 3036 προσκαίρου
3517 2965 3696 3012 τούτου
3738 2963 3874 3012 θανά-

537 3073 844 3128 daemones
878 3075 1008 3124 tuos
1046 3079 1306 3137 unquam
1333 3060 1738 3119 adorabimus.
1771 3060 1916 3112 Nam
1955 3055 2015 3110 in
2045 3069 2162 3110 coni

2254 3079 2407 3140 Ιτου,
2466 3066 2559 3118 τῆς
2622 3057 2830 3107 αἰωνίου
2879 3058 3235 3125 κατακρίσεως
3286 3051 3701 3123 ἐλευθερούμεθα.
3756 3056 3879 3101 Ταῦ-

540 3158 921 3215 demnatione
939 3156 1120 3227 hujus
1135 3152 1362 3217 mortis,
1384 3167 1514 3221 qua;
1546 3151 1632 3202 est
1659 3146 1735 3202 ad
1759 3151 2014 3216 tempus,
2047 3143 2163 3197 libe

2299 3168 2364 3199 τα
2421 3147 2660 3198 εἰπόντων
2721 3153 2816 3195 τῶν
2893 3142 3071 3213 ἁγίων,
3133 3143 3397 3213 θεωρήσας
3446 3141 3470 3190 ό
3548 3142 3781 3212 τύραννος
3828 3137 3873 3188 ἐν

539 3263 744 3304 ramur
779 3247 854 3302 ab
887 3249 1111 3300 aeterna
1142 3238 1656 3297 condemnatione.
1692 3237 1824 3290 Haac
1845 3249 1980 3288 cum
2013 3231 2162 3286 dixis

2299 3240 2440 3306 μέσῳ
2487 3238 2653 3284 αὐτῶν
2693 3237 2911 3295 νεανίαν,
2965 3234 3054 3300 ἔφη
3089 3234 3217 3302 πρὸς
3247 3230 3400 3280 αὐτόν
3433 3245 3444 3257 ·
3479 3235 3538 3280 Τί
3567 3248 3653 3279 σου
3681 3230 3866 3297 melli-

543 3341 674 3392 sent
721 3334 911 3391 sancti
951 3337 1261 3401 martyres,
1318 3329 1524 3384 videns
1564 3332 1855 3397 tyrannus
1896 3322 1953 3375 in
1992 3320 2168 3375 medir

2298 3342 2370 3374 νει
2423 3326 2476 3372 τό
2518 3325 2696 3392 ὄνομα,
2746 3325 2834 3370 καὶ⁹
2876 3321 3027 3370 πόθεν
3059 3320 3315 3388 ὑπάρχεις
3353 3325 3424 3386 τῷ
3473 3321 3601 3386 γένει
3631 3335 3643 3378 ;
3671 3319 3735 3365 Τό
3767 3332 3868 3384 μει-

543 3441 750 3481 eorum
772 3422 1209 3480 adolescentem
1227 3418 1373 3473 dixit
1385 3416 1435 3471 ei
1465 3435 1476 3474 :
1503 3415 1622 3477 Dic,
1643 3412 2010 3476 adolescens,
2026 3423 2168 3478 quor

2299 3413 2476 3486 ράκιον
2503 3411 2593 3480 ἔφη
2650 3424 2662 3435 ·
2709 3411 2956 3468 ψωτεινός
3001 3407 3324 3478 ὀνομάζομαι
3377 3409 3520 3477 παρὰ
3570 3411 3656 3454 τοῦ
3702 3401 3882 3457 ἀληθι-

542 3518 628 3572 est
651 3513 754 3568 tibi
803 3525 1044 3574 nomen,
1100 3514 1155 3564 et
1210 3508 1375 3576 cujas
1419 3521 1482 3559 es
1520 3499 1780 3575 genere?
1817 3498 1964 3553 Dixit
1998 3495 2165 3552 adole

2299 3519 2385 3551 νου
2447 3502 2608 3570 φωτὸς
2673 3503 2764 3554 τήν
2830 3497 3015 3553 κλῆσιν
3071 3493 3366 3567 δεξάμενος,
3428 3499 3515 3545 καὶ
3569 3499 3885 3566 στρατιώτης

545 3618 716 3658 scens
750 3617 762 3654 :
797 3599 1082 3655 Nominor
1103 3596 1348 3668 quidem
1379 3594 1680 3654 Photinus,
1717 3606 1751 3644 a
1779 3603 1911 3643 vera
1936 3587 2064 3642 luce
2095 3601 2165 3641 ac

2301 3589 2400 3660 εἰμὶ
2444 3594 2696 3660 Χριστοῦ,
2745 3594 2833 3636 του
2882 3588 3331 3654 καταισχύναντος
3371 3589 3454 3634 τόν
3500 3587 3750 3643 Σατανᾶν,
3808 3583 3888 3630 τόν

547 3695 717 3761 cepto
772 3688 1031 3742 nomine.
1090 3688 1232 3741 Sum
1272 3689 1470 3738 autem
1504 3681 1668 3736 miles
1696 3677 1926 3741 Christi,
1956 3676 2057 3747 qui
2086 3691 2172 3746 pur

2298 3681 2497 3751 πατέρα
2543 3696 2634 3728 σου
2688 3697 2699 3708 υ
2737 3675 2986 3746 Ῥωμαῖος
3036 3670 3093 3724 δὲ
3124 3673 3350 3746 ὑπάρχω
3391 3676 3447 3723 τὸ
3483 3677 3642 3741 γένος,
3694 3677 3884 3742 Μαυρι-

547 3779 692 3834 dore
722 3776 1162 3846 aﬂ'ecitpatrem
1193 3778 1360 3826 tuum
1392 3773 1693 3825 Satanam.
1727 3769 1789 3820 Et
1813 3781 1946 3820 sum
1979 3779 2172 3832 genert

2298 3773 2412 3818 κίου
2447 3774 2534 3818 τοῦ
2567 3762 2902 3826 ἐνδοξότατου
2952 3765 3224 3834 τυγχάνων
3264 3764 3373 3822 υἱός
3431 3764 3680 3834 σαρκικός
3718 3779 3770 3810 τε
3809 3763 3891 3809 καὶ

550 3866 796 3940 quidem
822 3866 1124 3918 Romanus
1161 3876 1172 3912 :
1200 3859 1357 3913 ﬁlius
1387 3873 1517 3911 vero
1570 3861 1627 3910 et
1665 3853 1916 3909 carnalis
1944 3859 1998 3907 et
2029 3853 2175 3924 spiri-

2299 3860 2644 3926 πνευματικός
2687 3870 2699 3882 ·
2728 3854 2780 3915 ἐξ
2826 3853 2984 3904 αὐτου
3014 3854 3112 3925 γὰρ
3145 3850 3401 3924 προελθὼν
3432 3854 3517 3901 καὶ
3557 3853 3649 3906 τὴν
3700 3857 3891 3919 γνῶσιν

549 3955 682 4011 talis
705 3951 960 4009 Mauricii
1017 3946 1345 4005 clarissimi.
1404 3945 1481 3998 Ex
1526 3959 1595 3999 eo
1622 3943 1782 3998 enim
1811 3946 1993 4004 ortus,
2031 3945 2088 3994 et
2113 3941 2174 3995 al

2301 3945 2419 4015 παρ’
2449 3943 2607 3993 αὐτοῦ
2634 3942 2845 4013 εἰληφὼς
2884 3948 2973 3992 τοῦ
3002 3945 3149 4004 Θεοῦ,
3181 3939 3250 4000 εἰς
3284 3945 3372 3996 τήν
3399 3943 3578 3989 πίστιν
3607 3936 3894 4010 ἀνετράφην

550 4059 621 4099 eo
673 4045 915 4112 accepta
969 4038 1067 4094 Dei
1125 4034 1479 4108 cognitione,
1522 4033 1580 4087 in
1635 4030 1845 4086 Christi
1890 4029 2006 4083 ﬁde
2058 4044 2175 4083 sun:

2300 4039 2394 4082 τοῦ
2424 4038 2674 4104 Χριστοῦ,
2709 4030 2760 4080 ὃν
2794 4033 2856 4080 σὺ
2898 4028 3292 4102 ἁπαρνούμενος,
3332 4026 3569 4098 βασιλεῦ,
3601 4045 3891 4098 παρασυνε-

551 4132 858 4195 educatus,
892 4143 1070 4201 quem
1118 4131 1180 4181 tu
1212 4139 1457 4194 negans,
1489 4138 1524 4177 ο
1565 4122 1908 4191 imperator,
1951 4132 2176 4189 compa:

2302 4119 2492 4180 ϐλήθης
2521 4127 2623 4179 τοῖς
2662 4124 2871 4176 κτήνεσι
2919 4126 3022 4178 τοῖς
3067 4116 3320 4182 ἀνοήτοις,
3368 4122 3457 4168 καὶ
3503 4117 3774 4188 ὡμοιώθης
3805 4115 3896 4167 αὐ-

551 4225 716 4277 ratus
773 4235 835 4275 es
870 4216 1155 4290 jumentis
1207 4211 1647 4285 insipientibus,
1677 4213 1734 4264 et
1756 4206 1964 4263 similis
2004 4206 2190 4263 factus
2301 4216 2429 4270 τοῖς,

551 4327 615 4367 es
647 4309 779 4366 illis.

623 4401 707 4455 1X.
766 4397 919 4453 Dixit
970 4401 1256 4466 tyrannus
1307 4409 1319 4447 :
1377 4391 1592 4447 Stultus
1641 4403 1704 4442 es
1729 4387 2102 4450 adolescens,
2138 4389 2194 4439 et

2373 4383 2449 4438 ϐ’.
2486 4383 2544 4436 Ὀ
2573 4387 2812 4456 τύραννος
2856 4379 2990 4435 εἶπεν
3040 4401 3051 4414 ·
3108 4383 3442 4450 Ἀνοητεύεις,
3475 4383 3770 4453 μειράκιον,
3805 4382 3892 4429 καὶ

553 4491 690 4542 sunt
711 4490 810 4540 tua
839 4464 1021 4537 verba
1041 4483 1209 4534 aetate
1233 4480 1436 4546 digna.
1469 4481 1540 4530 At
1564 4476 1689 4545 jam
1714 4473 1893 4540 disce,
1913 4473 2076 4544 quod
2107 4488 2178 4527 es

2303 4481 2394 4535 τῆς
2433 4473 2639 4535 ἡλικίας
2668 4473 2791 4536 ἄξια
2821 4473 3071 4543 τυγχάνει
3101 4472 3166 4521 τὰ
3194 4471 3407 4543 ῥήματά
3440 4489 3554 4520 σου.
3591 4464 3888 4537 Διδάχθητι

551 4572 652 4628 tibi
700 4567 1111 4626 conducibile:
1147 4571 1204 4620 et
1243 4565 1558 4626 accedens,
1611 4560 1883 4615 sacriﬁca
1935 4561 2176 4614 maximc

2304 4558 2389 4613 οὖν
2447 4566 2502 4614 τὸ
2561 4567 2836 4634 συμφέρον,
2888 4564 2976 4610 καὶ
3028 4558 3320 4631 προσελθὼν
3355 4560 3510 4608 θῦσον
3558 4564 3628 4625 τῷ
3660 4559 3888 4628 μεγίστῳ

551 4661 700 4726 Jovi,
751 4664 808 4714 et
859 4671 1037 4728 parce
1094 4659 1205 4709 tuae
1236 4651 1551 4723 juventuti.
1615 4647 1773 4703 Dixit
1803 4647 2145 4703 adolescens

2307 4654 2400 4721 θεῷ
2433 4653 2529 4712 Διί,
2575 4656 2662 4702 καὶ
2694 4654 2868 4720 φεῖσαί
2916 4669 3012 4702 σου
3065 4656 3158 4710 τῆς
3202 4652 3457 4707 νεότητος.
3507 4649 3575 4697 Τό
3625 4647 3894 4718 μειράκιον

553 4751 864 4822 Propterea
919 4744 1077 4817 quod
1117 4758 1237 4797 non
1267 4739 1440 4805 facio,
1471 4737 1634 4810 quod
1659 4735 1768 4800 vis,
1796 4751 1990 4807 neque
2023 4737 2178 4791 sacri

2303 4743 2394 4810 ἔφη
2432 4757 2444 4768 °
2476 4741 2555 4791 Ἐν
2583 4746 2654 4808 τῷ
2699 4744 2769 4809 μή
2804 4747 2965 4790 ποιεῖν
2987 4743 3043 4790 τὸ
3087 4739 3281 4808 θέλημά
3315 4755 3407 4787 σου
3433 4735 3595 4806 λέγεις
3621 4753 3710 4805 μοι
3744 4732 3896 4789 ἀνοη-

552 4840 662 4895 ﬁco
695 4834 1038 4898 simulacris,
1101 4832 1240 4886 dicis
1269 4844 1362 4884 me
1394 4827 1638 4882 stultum
1677 4841 1831 4881 esse.
1861 4828 2005 4881 Nam
2032 4826 2177 4897 quoc

2303 4833 2508 4896 ταίνειν,
2566 4826 2671 4879 ἐπεὶ
2718 4830 2806 4877 καὶ
2855 4829 2985 4878 πάνυ
3035 4834 3200 4898 φρονώ
3258 4829 3375 4896 περὶ
3428 4828 3520 4881 τήν
3566 4827 3742 4874 πίστιν
3806 4828 3897 4872 τοῦ

554 4929 755 4983 attinet
781 4924 1022 4997 quidem
1055 4921 1126 4976 ad
1157 4919 1337 4974 ﬁdem
1381 4916 1612 4972 Domini
1657 4915 1770 4970 mei
1800 4916 1931 4970 Jesu
1963 4915 2179 4979 Christi,

2305 4920 2497 4988 Κυρίου
2529 4935 2626 4986 μου
2678 4916 2854 4972 Ἰησοῦ
2907 4922 3156 4988 Χριστοῦ.
3216 4918 3338 4965 Τότε
3386 4908 3520 4964 εἶπεν
3573 4912 3598 4962 ό
3650 4913 3901 4982 τύραννος

552 5017 724 5072 valde
747 5015 934 5086 sapio.
973 5015 1131 5066 Tunc
1165 5007 1315 5062 dixit
1347 5012 1630 5077 tyrannus
1672 5021 1874 5059 rursus
1917 5003 2143 5059 Sanctis

2301 5007 2429 5076 πρὸς
2487 5006 2605 5063 τοὺς
2663 5003 2843 5072 ἁγίους
2902 5001 3051 5053 πάλιν
3108 5000 3272 5060 ⁶Ἕως
3331 5006 3450 5052 πότε
3512 5007 3600 5059 τῆς
3648 4999 3903 5069 ὑμετέρας

555 5107 873 5175 Quousque
898 5099 1404 5172 importunitatem
1454 5099 1708 5149 vestram
1743 5093 2126 5159 sustinemus,
2157 5107 2180 5146 c

2305 5096 2613 5152 σκαιότητος
2663 5090 2954 5163 ἀνεχόμεθα
3008 5095 3096 5141 καὶ
3146 5097 3259 5150 ταῖς
3306 5087 3561 5161 βασάνοις
3610 5086 3810 5158 ἀνοχὴν
3846 5086 3903 5149 ἐξ

554 5193 773 5254 miseri,
824 5197 881 5246 et
929 5192 1222 5246 tormenta
1281 5183 1609 5238 differimus
1632 5198 1703 5238 ex
1725 5179 2179 5252 benignitatein-

2302 5179 2619 5251 ἀσυγκρίτου
2674 5179 3057 5251 φιλανθρωπίας
3130 5183 3424 5251 παρέχομεν
3486 5196 3498 5241 ;
3562 5179 3754 5228 θύσατε
3807 5171 3901 5227 οὖν

554 5279 942 5348 comparabili
1000 5278 1028 5332 ?
1081 5274 1418 5332 Sacriﬁcate
1446 5288 1585 5341 ergo
1624 5271 1756 5334 diis,
1785 5285 1858 5324 ne
1887 5271 1944 5325 in
1970 5285 2075 5324 vos
2107 5285 2179 5324 ar-

2301 5276 2408 5328 τοῖς
2451 5270 2599 5327 θεοῖς,
2637 5269 2717 5319 ἵνα
2756 5273 2824 5338 μὴ
2857 5273 2948 5325 τήν
2996 5266 3149 5324 δίκην
3197 5268 3311 5318 καθ’
3362 5268 3501 5336 ὑμῶν
3547 5265 3897 5327 ἐξωπλὶσητε.

551 5368 724 5423 metis
747 5366 1060 5435 justitiam.
1084 5365 1364 5420 Dixerunt
1392 5361 1580 5418 sancti
1597 5364 1879 5432 martyres
1897 5364 2150 5433 tyranno
2175 5381 2176 5415 :

2305 5360 2368 5411 Οἱ
2396 5356 2532 5430 άγιοι
2581 5354 2717 5409 εἶπον
2763 5365 2831 5427 τῷ
2880 5359 3108 5430 τυράννῳ
3145 5375 3155 5385 ·
3191 5356 3306 5408 Ἐὰν
3352 5359 3478 5427 ἔχῃς
3530 5363 3745 5426 γνῶσιν,
3793 5356 3907 5406 ὑπ-

620 5545 642 5581 ι
678 5539 878 5599 Matth.
916 5555 978 5599 κ.
