4114 6262
283 351 388 411 365

1333 361 1501 426 VITA
1543 372 1645 430 SS.
1692 367 2026 432 MAURITII
2066 379 2154 436 ET
2192 385 2584 453 SOCIORUM.

3531 424 3636 481 366

285 485 439 557 ουργέ
496 489 594 534 τῶν
650 481 956 558 ἀκαθάρτων
1033 481 1313 560 δαιμόνων,
1371 500 1674 567 μεμάθηκας
1734 519 1838 573 παρ

285 578 534 618 Φωτεινοῡ
578 578 670 618 τήν
729 575 979 618 ἡμετέραν
1023 577 1208 618 ἱρτνύνο
1272 583 1312 618 οἱ
1382 589 1479 618 m3.
1542 586 1724 618 suum.--
1774 594 1842 618 ...'.

1954 551 1956 556 .
1990 505 2239 567 Sceleste
2269 521 2325 570 et
2353 518 2706 582 administer
2727 525 3180 592 immundorum
3201 538 3563 618 daemonum,
3584 550 3636 608 si

1989 595 2122 618 ηε,
2353 605 2383 616 ..
2420 607 2434 618 .
2503 611 2515 618 .

284 578 534 624 Φωτεινοῦ
578 578 670 630 τῆν
729 575 979 647 ἡμετέραν
1023 577 1208 649 ἰσχύν·
1271 583 1314 632 εἰ
1382 589 1480 657 γὰρ
1540 586 1724 650 ἐκεῖνος
1774 594 1877 650 νέος

282 662 536 735 ὑπάρχων
567 665 658 718 τὴν
688 661 894 719 ἡλικίαν
943 671 1276 738 κατῄσχυνέν
1318 691 1412 724 σου
1455 679 1548 732 τὴν
1598 674 1756 735 ἀσεϐῆ
1788 683 1877 729 καὶ

284 748 598 806 ἀναίσθητον
650 771 861 823 γνωμην
921 750 1014 806 διά
1057 765 1145 816 τῆς
1201 757 1499 832 εἰλικρινοῦς
1574 765 1732 817 αὑτοῦ
1793 772 1877 818 πίο

283 846 436 896 στεῶς
483 843 572 890 καὶ
627 847 718 899 τῆς
775 840 846 901 εἰς
906 848 1134 915 Χριστόν
1185 852 1436 916 γνώσεως,
1486 856 1632 922 πόσῳ
1685 854 1874 925 μᾶλλον

279 927 428 997 ἡμεῖς
470 927 800 999 αἱρησόμεθα
855 932 1026 993 πάσας
1064 931 1332 1004 βασάνους
1379 939 1690 1009 ὑποστῆναι,
1736 945 1872 1004 ὅπως

277 1018 712 1087 καταισχύνωμεν
766 1022 854 1068 τόν
906 1031 1105 1092 πατέρα
1163 1041 1276 1088 σου,
1331 1029 1416 1076 τόν
1475 1024 1735 1096 διάϐολον,
1784 1038 1872 1083 και

278 1105 703 1174 εύαρεστήσωμεν
779 1115 849 1175 τῷ
926 1115 1139 1181 Χριστῷ
1175 1114 1338 1176 ςτότε
1405 1116 1659 1186 θυμωθεὶς
1710 1121 1734 1169 ό
1788 1122 1873 1170 τύο

275 1207 450 1261 ραννος
489 1189 744 1244 ἐκέλευσεν
806 1196 1092 1248 τύπτεσθαι
1140 1202 1255 1260 τοὺς
1324 1201 1503 1272 ἁγίους
1578 1204 1872 1278 βουνεύροις

276 1278 453 1350 ὠμοῖς·
535 1285 624 1332 καὶ
695 1281 916 1356 ἤρξαντο
971 1287 1018 1336 οἱ
1075 1288 1331 1362 ὑπηρέται
1381 1295 1588 1344 τύπτειν
1663 1295 1869 1363 αύτούς,

273 1368 361 1426 ἕως
395 1364 454 1419 οὗ
500 1368 777 1443 διέρῤαξαν
824 1375 917 1434 τὰς
973 1378 1168 1447 σάρκας
1204 1377 1393 1445 αύτῶν,
1440 1387 1529 1433 καὶ
1575 1391 1663 1433 τοῦ
1712 1386 1872 1456 αἷμα-

270 1474 356 1516 τος
402 1456 570 1509 αὐτῶν
631 1456 868 1534 σφοδρῶς
921 1468 1218 1537 φερομένου,
1268 1469 1318 1518 οἱ
1359 1468 1504 1540 ἅγιοι
1544 1471 1614 1532 εἰς
1642 1476 1727 1523 τὸν
1772 1474 1866 1524 ού-

267 1548 419 1615 ρανόν
477 1544 844 1619 ἀναϐλέψαντες
895 1549 1049 1603 ἐϐόων
1108 1559 1337 1626 Χριστὸν
1407 1561 1492 1608 τόν
1557 1563 1684 1611 Θεὸν
1759 1563 1865 1613 ἰκε-

267 1636 492 1696 τεύοντες
534 1634 819 1708 ἐνισχύσαι
870 1639 1060 1702 αύτούς
1111 1649 1200 1693 καὶ
1251 1653 1350 1695 τῶν
1399 1650 1563 1697 πόνων
1597 1647 1862 1719 ἐπικουφί-

269 1739 386 1773 σαι·
453 1725 507 1784 ὃς
559 1725 856 1789 ἐπακούσας
902 1737 992 1789 τῆς
1035 1730 1200 1781 αὐτῶν
1253 1730 1484 1794 ἐκτενοῦς
1537 1745 1858 1810 προσευχῆς,

267 1809 454 1870 ἐπέστη
514 1813 688 1876 αὐτοῖς
743 1824 814 1886 τῷ
871 1815 1076 1892 ἀοράτῳ
1129 1820 1288 1872 αὑτοῦ
1343 1818 1562 1894 δυνάμει
1613 1831 1702 1877 καὶ
1760 1835 1859 1877 τῶν

265 1903 428 1950 πόνων
484 1910 583 1952 τῶν
668 1902 911 1974 βασάνων
969 1907 1154 1968 αύτούς
1214 1907 1543 1982 ἐπεκούφισεν
1613 1919 1702 1966 καὶ
1765 1918 1859 1978 τὰς

264 1985 490 2059 καρδίας
565 1991 733 2043 αὐτῶν
814 1992 860 2044 ἐν
942 2003 1002 2067 τῇ
1089 2001 1213 2069 πρὸς
1297 1999 1450 2051 αὐτὸν
1527 2000 1856 2076 ἐπεστήριξεν

263 2073 441 2148 ἀγάπῃ
452 2117 464 2129 .

333 2165 384 2218 I'.
437 2165 823 2224 Ἀτονησάντων
874 2168 931 2222 δὲ
985 2171 1340 2243 βασανιστῶν,
1396 2173 1531 2229 εἶπεν
1581 2179 1606 2230 ὁ
1667 2184 1856 2254 τύραν-

259 2270 336 2310 νος
382 2261 489 2312 τοῖς
555 2255 742 2325 ἁγίοις·
791 2256 1016 2328 ’Ἐγνωτε
1079 2257 1188 2327 οὑν,
1248 2261 1287 2313 ὦ
1329 2264 1604 2337 τολμηταὶ,
1651 2271 1718 2330 ὡς

255 2336 369 2391 διόν
399 2360 486 2412 μοι
536 2345 824 2402 καθέστηκε
871 2353 964 2404 τὴν
993 2350 1132 2408 ζωὴν
1164 2353 1305 2422 ὑμῶν
1338 2352 1606 2407 ἀπολέσαι-
1663 2360 1853 2410 θύσατε

253 2425 341 2480 όὺν
399 2438 505 2492 τοῖς
556 2434 703 2497 θεοῖς,
760 2435 841 2486 ἵνα
889 2440 961 2506 μὴ
994 2443 1306 2511 πικροτέρων
1354 2446 1641 2516 πειρωθῆτε
1680 2445 1852 2517 βασά-

253 2539 367 2572 νων.
425 2520 813 2595 Ἀποκριθέντες
860 2521 918 2575 δε
971 2528 1018 2576 οἱ
1077 2526 1218 2597 οἷγιοι
1274 2537 1346 2598 τῷ
1404 2533 1632 2604 τυράννῳ
1687 2536 1846 2586 εἷπον·

251 2614 414 2660 Τοῦτο
469 2615 708 2680 γίνωσκε,
754 2610 1066 2667 ἀσεϐέστατε
1113 2621 1203 2668 καὶ
1248 2617 1479 2692 ἀλλότριε
1526 2628 1619 2672 τοῦ
1669 2621 1848 2680 ἀληθι-

251 2704 338 2746 νοῦ
369 2699 514 2769 ἡμῶν
567 2707 718 2766 Θεοῦ,
771 2706 868 2766 ὅτι,
901 2704 1074 2778 ὥσπερ
1116 2708 1180 2756 σύ
1211 2705 1304 2757 ούκ
1339 2708 1563 2781 αἰσθάνῃ
1597 2719 1686 2770 τῆς
1714 2710 1846 2784 ἀγά-

249 2803 352 2846 πης
408 2795 500 2838 τοῦ
545 2795 773 2862 Χριστοῦ
821 2797 910 2842 καὶ
957 2800 1053 2852 τῆς
1107 2794 1468 2866 λαμπρότητος
1514 2798 1694 2865 αὐτοῦ,
1755 2799 1844 2853 διὰ

251 2879 338 2925 τόν
382 2875 828 2946 περικαλύπτοντα
862 2884 954 2936 τὴν
997 2877 1231 2932 διάνοιάν
1289 2900 1381 2933 σου
1430 2883 1481 2933 ἐκ
1529 2893 1620 2944 τῆς
1648 2887 1844 2950 πλάνης

249 2970 350 3012 τῶν
379 2959 640 3034 δαιμόνων
686 2969 890 3033 σκότον,
922 2967 1085 3027 οὑτως
1115 2965 1238 3019 ούδᾶ
1282 2971 1431 3039 ἡμεῖς
1460 2980 1558 3022 τῶν
1601 2971 1845 3044 βασάνων

251 3068 346 3101 σου
397 3051 768 3123 αἰσθανόμεθα,
821 3049 914 3104 διὰ
952 3058 1008 3106 τὸ
1058 3059 1379 3126 πεφωτίσθαι
1408 3059 1552 3129 ἡμῶν
1606 3065 1698 3118 τὴν
1730 3059 1844 3113 διά-

245 3157 387 3190 νοιαν
417 3138 472 3190 ἐκ
502 3147 598 3200 τῆς
640 3145 865 3202 πίστεως
910 3147 998 3194 καὶ
1039 3142 1248 3214 ἀγάπης
1301 3153 1532 3219 Χριστοῦ
1579 3157 1668 3199 τοῦ
1710 3157 1841 3201 Θεοῦ

241 3228 412 3298 ἡμῶν,
484 3227 702 3281 Ἐπινόει
763 3234 930 3281 τοίνυν
979 3230 1151 3304 ἐτέρας
1207 3237 1454 3304 μηχανὰς
1513 3233 1841 3307 βασανιστη-

239 3320 362 3389 ρίων
409 3324 770 3390 καινοπρεπεῖς
821 3319 938 3370 καθ’
989 3320 1153 3390 ἡμῶν·
1218 3317 1355 3390 διψᾴ
1416 3325 1517 3393 γὰρ
1586 3327 1729 3395 ἡμῶν
1805 3329 1834 3384 ἡ

244 3398 450 3455 διάνοια
479 3410 568 3457 καὶ
607 3404 847 3477 ἐπιθυμεῖ
876 3409 904 3464 ἡ
938 3411 1070 3458 κατὰ
1102 3413 1326 3482 Χριστὸν
1357 3412 1500 3481 ἡμῶν
1533 3410 1709 3482 ἀγάπη
1745 3411 1836 3466 διὰ

244 3498 337 3552 τῆς
381 3500 478 3554 σῆς
509 3495 624 3546 καθ’
655 3497 800 3566 ἡμῶν
849 3495 1174 3567 ἀποφάσεως,
1227 3499 1489 3570 θεωρῆσαι
1537 3504 1619 3551 τὸν
1665 3502 1835 3562 ζῶντα

247 3584 372 3632 Θεὸν
427 3587 516 3634 καὶ
559 3581 906 3653 βασιλεύοντα
949 3585 1015 3644 εἰς
1047 3589 1168 3646 τούς
1200 3586 1409 3649 αἰῶνας.
1457 3596 1630 3640 Ταῦτα
1684 3590 1833 3644 ἀκού-

247 3686 338 3729 σας
381 3671 407 3721 ὁ
458 3675 702 3744 τύραννος
756 3678 845 3725 καὶ
900 3675 1174 3745 θυμωθεὶς,
1229 3675 1419 3728 κελεύει
1468 3683 1637 3752 πυράν
1690 3701 1834 3753 παμ-

245 3761 428 3829 μεγέθη
460 3762 698 3830 γενεσθαι
741 3760 907 3813 καὶέν
959 3761 1090 3834 αύτῆ
1145 3771 1330 3822 στῆναι
1370 3770 1490 3827 τούς
1538 3771 1827 3842 μάρτυρας·

247 3855 343 3896 τῶν
423 3845 482 3899 δε
553 3845 852 3924 δορυφόρων
909 3851 1289 3926 πληρωσάντων
1343 3855 1500 3906 αὑτοῦ
1575 3862 1668 3915 τὴν
1738 3859 1834 3911 ἀπ-

248 3932 509 4008 ἀνθρωπον
556 3938 806 4004 κέλευσεν,
865 3940 1114 4002 ἑκουσίως
1159 3944 1206 3993 οἱ
1253 3942 1396 4013 ἅγιοι
1437 3947 1730 4019 ἐπῆρχοντο
1768 3958 1826 4022 τῇ

244 4031 494 4098 πυρκαίᾀ,
557 4030 624 4088 ὡς
679 4025 837 4080 ὕδατι
889 4037 960 4100 τῷ
1018 4035 1144 4105 πυρὶ
1206 4033 1535 4106 προσομιλεῖν
1593 4035 1831 4100 ἀλλήλοις

244 4115 722 4187 παρακελευόμενοι·
796 4123 885 4169 καὶ
932 4117 1078 4189 λόγον
1122 4116 1310 4172 ούδένα
1358 4129 1453 4182 τῆς
1529 4129 1668 4198 παρὰ
1731 4136 1828 4177 τῶν

241 4200 506 4275 ἀνθράκων
551 4208 847 4278 ποιούμενοι
898 4210 1148 4276 καύσεως,
1215 4208 1526 4282 μεγαλοφυεῖ
1579 4221 1650 4282 τῷ
1705 4233 1830 4284 φρο-

237 4297 429 4364 νήματι
483 4298 606 4367 πρός
664 4299 749 4347 τὸν
803 4299 1045 4370 τύραννον
1108 4300 1348 4368 ἔφασκον·
1410 4299 1607 4370 Ἡμεῖς,
1661 4301 1830 4363 Μαξι..

235 4385 402 4452 μιανε,
446 4387 539 4440 τὴν
588 4384 846 4455 τύφλωσιν
890 4392 980 4444 τῆς
1021 4392 1114 4444 σῆς
1165 4384 1509 4446 ἀναισθησίας
1559 4387 1826 4459 λογιζόμε-

233 4489 332 4531 νοι,
381 4470 694 4544 οἰκτείρομέν
747 4491 803 4524 σε
853 4481 946 4532 τῆς
998 4472 1194 4532 λιθίνης
1232 4470 1456 4546 καρδίας
1511 4475 1691 4541 ἕνεκεν,
1744 4480 1824 4530 ὁτι

235 4559 497 4629 ὑπηρέτης
568 4565 779 4632 γέγονας
832 4567 925 4622 τῆς
1002 4569 1100 4612 τῶν
1183 4559 1486 4636 ἀκαθάρτων
1562 4561 1822 4637 δαιμόνων

235 4644 450 4712 πλάνης,
502 4653 572 4718 μὴ
631 4645 908 4719 δυνάμενος
951 4648 1210 4720 ἀνανῆψαι
1255 4647 1394 4722 μηδὲ
1437 4649 1713 4724 ἐπιγνῶναι
1756 4659 1821 4718 ὡς

239 4739 408 4786 πᾶσαν
463 4734 782 4809 ἀνθρωπίνην
826 4737 1164 4812 ὑπερϐέϐηκεν
1213 4736 1453 4812 ἀνδρείαν
1505 4743 1534 4799 ἡ
1593 4748 1820 4803 τοσαύτη

234 4830 328 4883 τῆς
359 4829 627 4898 καρτερίας
656 4827 908 4898 ὑπομονὴ.
957 4832 1043 4887 Τίς
1089 4832 1188 4900 γάρ
1232 4834 1402 4903 χωρὶς
1453 4832 1590 4892 θείας
1630 4832 1825 4904 ἀναψύ-

235 4910 354 4973 ξεως
397 4922 641 4966 τοσοῦτον
693 4920 822 4967 κατά
869 4919 1152 4988 παμφάγου
1207 4918 1388 4990 φλογός
1463 4919 1819 4991 ἀγωνίσοιτο;

235 5002 300 5050 Οἱ
349 4997 407 5052 δὲ
453 5011 525 5072 τῷ
564 5005 814 5074 πνεύματι
848 5008 1039 5067 ζέοντες
1073 5012 1161 5058 καὶ
1191 5011 1275 5058 τὸν
1308 5012 1436 5059 Θεόν
1484 5006 1820 5083 ἐνδυσάμενοι

231 5095 332 5162 πῦρ
390 5091 767 5143 καταναλίσκον
821 5097 942 5156 τοὺς
992 5097 1122 5145 κατά
1191 5098 1247 5146 σε
1301 5093 1576 5159 δυσσεϐεῖς
1655 5103 1816 5166 ὄντας,

231 5173 479 5251 οὐδαμῶς
527 5177 732 5251 βλάψαι
782 5185 901 5243 τούς
949 5181 1173 5244 εύσεϐεἰς
1212 5180 1513 5242 δυνήσεται·
1546 5186 1671 5258 φλόξ
1716 5192 1815 5264 γὰρ

227 5267 327 5318 ὑπὸ
396 5267 578 5340 φλογὸς
633 5275 958 5343 προσκαίρου
1007 5290 1060 5322 τε
1110 5278 1196 5324 καὶ
1253 5275 1484 5345 φθαρτῆς
1540 5276 1630 5327 οῦκ
1704 5280 1814 5349 ἔχει

226 5356 380 5425 φύσιν
436 5357 930 5414 καταναλίσκεσθαι.
981 5363 1159 5417 Μάτην
1213 5361 1299 5413 οὑν
1349 5366 1589 5434 μοχθεῖς,
1633 5364 1813 5424 ἀνόητε

223 5445 448 5515 τύραννε,
490 5450 610 5508 τούς
640 5451 1033 5520 πεπυρωμένους
1063 5450 1200 5521 ἡμᾶς
1229 5458 1289 5522 τῇ
1319 5454 1496 5526 άγάπῃ
1530 5463 1618 5506 τοῦ
1651 5464 1812 5528 Χρισ-

221 5539 311 5584 τοῦ
341 5538 466 5608 πυρὶ
496 5531 834 5594 δαπανῆσθαι
859 5537 1169 5609 φιλονεικῶν·
1221 5538 1480 5616 ἐπύρωσεν
1512 5546 1612 5618 γὰρ
1644 5546 1803 5618 ἡμᾶς,

219 5623 288 5686 ὡς
315 5632 570 5702 πυροῦται
607 5628 665 5679 τὸ
692 5625 957 5704 ἀργύριον.

1985 595 2125 693 quid
2165 600 2385 672 ingenii
2418 607 2641 668 habeas
2679 621 2784 672 aut
2813 619 3091 689 scientia,
3127 595 3385 687 didicisti
3397 595 3636 696 "ar-11';

1988 684 2107 741 tino
2138 697 2404 752 nostram
2433 697 2614 757 ﬁdem
2655 708 2712 759 et
2753 706 2907 763 vires
2937 717 3192 770 nostras.
3229 718 3286 773 Si
3325 722 3484 780 enim
3514 727 3630 797 ille,

1985 787 2121 831 cum
2147 777 2223 834 sit
2244 787 2412 841 atate
2433 786 2688 858 juvenis,
2720 797 2947 865 pudore
2972 800 3168 860 affecit
3191 804 3443 879 impiam
3471 777 3631 874 tuam

1985 869 2244 924 mentem
2276 877 2330 926 et
2381 875 2545 951 nullo
2589 896 2768 938 sensu
2807 887 3143 961 praditam,
3195 869 3302 965 per
3338 900 3629 962 sinceram

1984 966 2160 1009 suam
2189 957 2370 1016 ﬁdem
2399 970 2455 1018 et
2485 966 2693 1024 Christi
2724 957 3148 1046 cognitionem,
3177 957 3405 1053 quanto
3436 957 3630 1064 magis

1979 1055 2092 1095 nos
2142 1051 2568 1110 contendamus
2609 1063 2902 1117 tormenta
2952 1067 3154 1124 omnia
3196 1051 3512 1148 sustinere,
3541 1051 3632 1138 ναι

1982 1129 2135 1148 ___J-
2283 1135 2334 1148 κ-
2380 1139 2390 1148 -

1982 1129 2210 1198 pudore
2239 1135 2571 1197 afﬁciamus
2599 1152 2832 1216 patrem
2863 1155 3030 1207 tuum
3061 1129 3630 1238 diabolum,—et"pla‘:

1981 1232 2224 1277 ceamus
2239 1223 2469 1284 Christo
2485 1238 2684 1288 nostro
2698 1240 2755 1290 et
2778 1239 2893 1293 Deo
2907 1239 2934 1293 ‘2
2948 1243 3108 1298 Tunc
3129 1244 3313 1303 iratus
3335 1223 3627 1322 tyrannus

1977 1303 2158 1372 jussit
2195 1321 2430 1370 sanctos
2468 1319 2765 1378 verberari
2816 1327 3014 1383 crudis
3053 1331 3238 1390 boum
3291 1303 3488 1396 nedrvis
3518 1359 3536 1398 :
3572 1350 3628 1401 et

1980 1405 2289 1467 caperunt
2304 1403 2554 1461 ministri
2576 1423 2675 1464 eos
2692 1412 2939 1481 cadere,
2963 1416 3155 1476 donec
3186 1439 3395 1482 carnes
3415 1445 3623 1489 eorum

1978 1483 2447 1557 discerpserunt:
2502 1501 2558 1550 et
2621 1514 2757 1556 cum
2820 1504 2995 1560 valde
3055 1520 3362 1568 emanaret
3411 1532 3623 1576 eorum

1977 1574 2247 1641 sanguis,
2282 1581 2470 1636 sancti
2501 1599 2740 1642 sursum
2770 1590 3121 1661 aspicientes
3145 1597 3204 1653 in
3236 1601 3474 1673 calum,
3501 1607 3624 1664 cla-

1975 1659 2224 1718 mabant
2267 1664 2491 1726 Christo
2522 1659 2945 1748 supplicantes,
2975 1687 3037 1737 ut
3061 1685 3144 1739 eis
3181 1688 3337 1744 vires
3378 1659 3623 1752 adderet

1972 1752 2027 1802 et
2077 1748 2294 1808 levaret
2324 1771 2528 1812 eorum
2566 1760 2822 1822 labores.
2865 1768 2973 1832 Qui
3017 1786 3152 1828 cum
3205 1777 3497 1838 audiisset
3535 1784 3623 1839 in-

1892 1847 1936 1902 Β
1974 1840 2204 1895 tensam
2248 1857 2452 1901 eorum
2506 1852 2928 1921 precationem,
2979 1860 3058 1914 ad
3097 1875 3198 1918 eos
3227 1868 3474 1925 accessit
3515 1887 3622 1942 po-

1973 1928 2174 1984 testate
2200 1946 2336 2002 qua
2373 1949 2496 1990 non
2539 1939 2698 1996 cadit
2740 1943 2853 1998 sub
2884 1952 3220 2017 aspectum,
3260 1958 3316 2008 et
3341 1928 3620 2016 allevavit

1964 2012 2202 2072 labores
2234 2027 2679 2092 tormentorum,
2713 2034 2768 2085 et
2798 2012 3172 2092 conﬁrmavit
3201 2043 3385 2100 corda
3409 2060 3616 2104 eorum

1961 2099 2023 2156 in
2050 2104 2331 2164 charitate
2360 2110 2419 2166 in
2458 2112 2676 2184 ipsum.

2036 2193 2095 2246 Χ.
2125 2192 2270 2250 Cum
2303 2197 2519 2256 defessi
2549 2209 2747 2260 autem
2781 2214 2982 2266 essent
3029 2215 3294 2289 tortores,
3326 2223 3616 2292 tyrannus

1962 2278 2108 2336 dixit
2151 2285 2399 2342 sanctis:
2429 2288 2818 2362 Cognovistis,
2863 2314 2898 2353 ο
2931 2301 3189 2358 audaces
3236 2305 3508 2366 homines
3558 2317 3615 2368 et

1962 2372 2279 2440 temerarii,
2304 2391 2492 2446 quam
2522 2379 2757 2438 sitmihi
2788 2385 2954 2442 facile
2991 2390 3168 2448 vitam
3194 2399 3450 2452 vestram
3484 2414 3614 2471 per-

1961 2457 2100 2515 dere
2125 2461 2153 2516 ?
2179 2463 2258 2517 De
2289 2469 2500 2522 caetero
2529 2483 2670 2541 ergo
2687 2470 2798 2527 diis
2831 2475 3179 2543 sacriﬁcate,
3206 2497 3282 2537 ne
3307 2457 3611 2545 acerbiora

1961 2550 2258 2606 tormenta
2332 2553 2615 2612 sentiatis.
2686 2551 2888 2618 S‘ancti
2963 2580 3100 2622 vero
3155 2572 3600 2645 respondentes,

1957 2633 2234 2692 dixerunt
2249 2643 2496 2710 tyranno
2515 2644 2884 2716 imperatori:
2911 2653 3027 2706 Hoc
3040 2669 3353 2728 cognosce,
3372 2676 3408 2716 ο
3425 2661 3605 2734 impie

1955 2728 2011 2778 et
2059 2724 2250 2783 aliene
2287 2745 2324 2784 a
2372 2746 2509 2788 vero
2566 2737 2676 2790 Deo
2727 2743 2950 2805 nostro,
2993 2743 3159 2814 quod
3206 2751 3510 2817 quomodo
3541 2757 3604 2808 tu

1958 2811 2168 2869 Christi
2195 2817 2542 2876 charitatem
2569 2838 2690 2879 non
2723 2829 2902 2883 sentis
2952 2811 3030 2885 θ(
3048 2831 3178 2902 ejus
3219 2811 3600 2905 splendorem

1957 2905 2199 2971 propter
2241 2907 2515 2964 tenebras
2554 2927 2687 2982 qua
2728 2921 2985 2972 mentem
3030 2923 3197 2976 tuam
3228 2926 3505 2994 operiunt
3531 2943 3600 2985 ex

1955 3001 2149 3045 errore
2175 2991 2542 3063 damonum,
2568 3000 2650 3056 ita
2675 3018 2867 3076 neque
2887 3021 2998 3062 nos
3023 3014 3315 3068 tormenta
3339 3018 3442 3071 tua
3471 3032 3599 3072 sen-

1956 3074 2155 3146 timus,
2193 3087 2508 3152 propterea
2549 3091 2713 3158 quod
2744 3074 2914 3149 mens
2943 3103 3152 3152 nostra
3181 3099 3253 3155 sit
3283 3101 3599 3161 illuminita

1876 3186 1918 3243 ρ
1954 3177 1982 3216 a
2011 3161 2125 3218 ﬁde
2152 3170 2208 3220 et
2226 3168 2506 3227 charitate
2527 3175 2732 3233 Christi
2759 3182 2852 3236 Dei
2883 3184 3088 3240 nostri.
3121 3188 3402 3257 Excogita
3431 3206 3593 3261 ergo,

1951 3265 1988 3304 o
2021 3254 2267 3321 tyranne
2298 3261 2354 3312 et
2385 3259 2595 3318 insane
2625 3268 2807 3332 canis,
2841 3271 2988 3328 alias
3020 3274 3081 3327 in
3122 3289 3232 3328 nos
3260 3291 3450 3332 novas
3471 3295 3596 3336 ma-

1951 3336 2156 3394 chinas
2209 3347 2654 3404 tormentorum.
2709 3353 2834 3407 Sitit
2881 3355 3041 3410 enim
3072 3373 3241 3413 mens
3286 3368 3510 3430 nostra,
3539 3374 3595 3422 et

1944 3423 2260 3494 desiderat,
2293 3446 2430 3502 qua
2459 3441 2546 3491 est
2573 3452 2646 3492 ex
2673 3439 2923 3512 Christo,
2964 3445 3240 3513 charitas,
3269 3464 3375 3520 per
3427 3423 3592 3510 tuam

1943 3512 2004 3567 in
2055 3531 2165 3571 nos
2222 3522 2594 3590 sententiam,
2645 3530 3032 3602 contemplari
3079 3534 3262 3590 Deum
3302 3538 3505 3595 vivum
3536 3548 3593 3598 et

1941 3611 2288 3672 regnantem
2309 3608 2368 3664 in
2395 3615 2630 3670 sacula.
2662 3619 2794 3673 Hac
2819 3635 2958 3676 cum
2983 3622 3268 3682 audiisset
3295 3631 3589 3698 tyrannus

1943 3696 1999 3744 et
2038 3691 2211 3748 valde
2241 3694 2678 3769 fuissetiratus,
2700 3707 2872 3776 jubet
2897 3712 3142 3766 accendi
3165 3691 3378 3784 rogum
3405 3718 3590 3774 maxi-

1944 3793 2108 3835 mum
2149 3787 2204 3838 et
2233 3783 2292 3839 in
2341 3803 2476 3844 eum
2513 3790 2634 3861 jaci
2672 3801 2913 3852 sanctos
2952 3783 3268 3871 martyres.
3304 3807 3450 3860 Cum
3480 3807 3586 3863 im-

1944 3867 2203 3937 plessent
2256 3889 2397 3932 vero
2445 3879 2718 3937 satellites
2765 3886 3050 3942 acerbum
3090 3867 3145 3944 et
3183 3891 3585 3952 inhumanum

1940 3956 2067 4026 ejus
2109 3959 2368 4032 jussum,
2428 3970 2614 4025 sancti
2669 3989 2779 4029 sua
2830 3982 3036 4046 sponte
3091 3987 3468 4038 accesserunt
3506 3984 3584 4040 ad

1938 4060 2172 4115 rogum,
2206 4066 2267 4106 se
2305 4053 2559 4113 invicem
2590 4059 2992 4129 adhortantes,
3025 4071 3086 4121 ut
3115 4067 3193 4122 ad
3222 4069 3424 4137 ignem
3456 4075 3582 4127 tan-

1937 4149 2118 4204 quam
2143 4139 2220 4192 ad
2243 4156 2465 4211 aquam
2484 4148 2859 4206 accederent:
2884 4168 3079 4224 neque
3098 4155 3278 4212 ullam
3295 4158 3582 4216 ducentes

1937 4223 2228 4279 rationem
2285 4229 2613 4287 carbonum
2673 4223 3013 4306 exustionis,
3073 4257 3294 4312 magno
3334 4252 3389 4300 et
3444 4263 3583 4304 con-

1937 4311 2109 4365 stanti
2143 4313 2350 4383 spiritu
2380 4316 2657 4376 dixerunt
2684 4328 2966 4393 tyranno:
3009 4311 3202 4394 Nos,o
3232 4332 3576 4406 imperator,

1935 4398 2378 4459 considerantes
2405 4407 2726 4466 cacitatem
2753 4415 2919 4469 tuam
2945 4421 2999 4470 et
3021 4433 3230 4474 sensus
3259 4427 3579 4490 egestatem

1856 4525 1901 4580 D
1934 4485 2151 4558 lapidei
2194 4493 2272 4544 tu:
2295 4494 2486 4548 cordis
2515 4497 2886 4567 miseremur,
2921 4506 3084 4576 quod
3109 4506 3287 4562 fueris
3316 4511 3579 4567 minister

1931 4576 2142 4631 erroris
2179 4578 2591 4651 improborum
2622 4593 2678 4643 et
2715 4589 3168 4650 immundorum
3206 4597 3574 4668 damonum,

1932 4677 2052 4718 non
2085 4664 2286 4721 valens
2317 4670 2676 4742 resipiscere,
2711 4683 2812 4733 aut
2841 4694 3196 4748 cognoscere
3227 4687 3411 4739 Deum
3447 4687 3578 4742 cali

1935 4756 1990 4806 et
2025 4756 2208 4820 terra,
2251 4757 2353 4827 qui
2392 4763 2617 4818 tantam
2667 4765 2840 4820 nobis
2871 4767 3276 4826 fortitudinem
3325 4773 3488 4830 dedit
3520 4780 3578 4831 et

1934 4843 2332 4900 tolerantiam.
2383 4846 2522 4914 Quis
2562 4851 2718 4908 enim
2758 4854 2986 4927 absque
3017 4857 3219 4913 divina
3275 4861 3578 4930 refrigera-

1932 4929 2108 4995 tione,
2137 4933 2419 4991 adversus
2445 4941 2651 4996 omnia
2676 4944 3020 5000 exedentem
3041 4945 3348 5004 ﬂammam
3379 4949 3578 5007 decer-

1931 5018 2186 5074 taverit?
2224 5023 2331 5087 Qui
2381 5034 2577 5082 autem
2619 5031 2827 5100 spiritu
2879 5032 3106 5089 fervent
3135 5041 3188 5090 et
3241 5036 3427 5092 Deum
3491 5039 3576 5095 in-

1931 5104 2205 5173 duerunt,
2237 5111 2392 5180 ignis
2434 5130 2794 5173 consumens
2833 5119 2987 5186 illos,
3021 5123 3125 5193 qui
3165 5124 3314 5180 sicut
3349 5131 3406 5180 tu
3439 5135 3575 5185 sunt

1927 5193 2097 5267 impii
2144 5215 2525 5272 nequaquam
2580 5205 2712 5276 pios
2752 5206 2967 5264 laedere
3013 5213 3244 5281 poterit.
3291 5213 3575 5274 Flamma

1926 5283 2084 5348 enim
2106 5301 2226 5342 non
2257 5294 2344 5345 est
2365 5305 2400 5345 a
2419 5296 2635 5347 natura
2655 5293 3088 5363 ingeneratum,
3107 5305 3168 5354 ut
3187 5310 3574 5360 consumatur

1925 5391 1959 5430 a
1996 5372 2259 5447 ﬂamma,
2303 5393 2438 5449 qua
2469 5384 2556 5434 est
2597 5381 2672 5435 ad
2701 5387 2952 5453 tempus,
3005 5392 3059 5440 et
3086 5389 3146 5442 in
3195 5404 3379 5459 quam
3411 5393 3572 5449 cadit

1918 5463 2205 5519 interitus.
2265 5467 2666 5531 Quamobrem
2719 5470 2932 5529 frustra
2981 5473 3242 5544 laboras,
3278 5494 3314 5533 ο
3363 5481 3572 5537 stolide

1917 5560 2186 5626 tyranne,
2239 5555 2343 5628 qui
2382 5570 2510 5621 nos,
2543 5557 2646 5629 qui
2684 5557 2899 5615 Christi
2931 5561 3372 5634 conﬂagramus
3425 5570 3564 5625 cha-

1911 5643 2100 5709 ritate,
2144 5643 2280 5714 igne
2309 5645 2615 5703 contendis
2643 5663 3014 5708 consumere.
3047 5655 3163 5710 Nos
3189 5655 3347 5712 enim
3398 5655 3562 5730 ignis

1911 5733 2260 5802 oandefeoit,
2291 5735 2442 5793 sicut
2469 5735 2729 5802 candeﬁt
2765 5746 3105 5814 argentum.
