4114 6262
528 251 630 309 367

603 375 692 431 XI.
715 374 860 428 Cum
881 382 1091 424 omnes
1111 367 1309 421 autem
1331 358 1431 432 qui
1447 353 1776 413 audiebant
1795 353 2033 423 propter
2047 347 2175 403 haec
2210 344 2257 399 A

531 461 714 516 verba
743 456 1199 515 admirarentur,
1250 455 1564 520 tyrannus,
1609 441 1711 513 qui
1736 440 1814 494 ab
1849 437 2016 492 initio
2055 437 2177 489 erat

530 565 637 604 vas
677 547 966 608 interitus,
1019 536 1414 612 perseveravit
1443 532 1587 588 velle
1627 533 1868 584 sanctos
1907 523 2175 596 perdere,

530 642 586 692 et
617 651 809 706 neque
849 645 1172 704 persuasus
1201 625 1311 680 fuit
1352 620 1548 678 verbis
1580 617 1976 689 gloriosorum
2018 625 2176 666 mar-

531 703 751 797 tyrum,
771 703 962 792 neque
984 718 1162 773 rebus
1185 714 1328 785 ipsis
1351 713 1460 766 fuit
1485 704 1949 778 obstupefactus.
1988 703 2178 766 Quam

532 813 736 868 obrem
751 811 922 880 jubet
943 809 1025 862 eis
1038 820 1242 860 rursus
1253 801 1406 873 palis
1423 796 1637 860 afﬁxis,
1654 793 1854 849 ferreis
1877 790 2179 860 unguibus

531 902 714 956 latera
753 877 989 952 fortiter
1019 893 1180 948 caedi.
1229 895 1375 946 Cum
1406 902 1547 954 ergo
1598 883 1788 938 sancti
1816 887 1871 935 et
1910 877 2180 948 generosi

533 995 824 1058 martyres
868 986 979 1038 hoc
1027 995 1266 1053 quoque
1310 984 1612 1031 certamen
1644 977 1881 1025 strenue
1922 969 2182 1022 decerta-

537 1080 688 1141 rent,
708 1081 764 1130 et
777 1088 989 1129 omnes
1011 1070 1447 1125 admirarentur
1468 1059 1837 1133 imperatoris
1855 1056 2181 1112 amentiam

532 1171 589 1220 et
639 1165 919 1221 furorem,
990 1156 1307 1226 praeclarus
1361 1156 1585 1220 martyr
1647 1146 1966 1201 Mauricius
2038 1143 2185 1196 dixit

531 1260 819 1324 tyranno:
878 1252 1003 1303 Non
1034 1245 1213 1300 sentis
1257 1248 1422 1296 tuam
1466 1234 1930 1292 imbecillitatem
1981 1236 2038 1286 et
2077 1231 2183 1285 mi-

533 1320 822 1403 s—eriam,o
849 1333 1158 1391 immunde
1190 1336 1246 1386 et
1267 1327 1516 1402 profane
1548 1331 1820 1396 tyranne,
1843 1320 2008 1392 quod
2037 1321 2183 1375 Pho-

533 1431 691 1484 tinus
749 1441 964 1496 parvus
1020 1422 1116 1477 hic
1165 1419 1512 1475 adolescens
1541 1413 1623 1469 tui
1662 1410 1895 1482 imperii
1947 1410 2187 1478 fregerit

535 1516 852 1572 audaciam
878 1513 905 1566 ‘I
943 1510 1105 1566 Talia
1144 1508 1302 1563 enim
1333 1511 1388 1560 et
1426 1510 1549 1559 tam
1575 1501 1762 1556 multa
1793 1498 2044 1553 subiisse
2073 1502 2184 1553 tor-

536 1612 757 1668 menta,
817 1606 903 1656 est
957 1599 1036 1654 tui
1085 1594 1473 1652 crudelissimi
1537 1590 1768 1662 imperii
1836 1586 2184 1642 confractio.

535 1690 849 1757 Quomodo
904 1702 1044 1757 ergo
1095 1685 1430 1739 universam
1489 1686 1752 1734 nostram
1830 1677 2189 1748 phalangem

2304 1700 2396 1731 σαν
2441 1680 2582 1746 ἡμῶν
2633 1667 2820 1741 διαρρή
2831 1666 2927 1727 ξεις

532 1781 804 1849 frangere
843 1774 1080 1847 poteris,
1121 1774 1225 1844 qui
1255 1787 1288 1826 a
1314 1769 1538 1826 tantillo
1594 1766 1966 1822 adolescente
2018 1763 2195 1819 fueris

535 1872 849 1938 superatus
878 1865 906 1920 ?
936 1865 1179 1933 Propter
1209 1861 1334 1915 haec
1377 1857 1560 1913 verba
1587 1857 1674 1912 ira
1726 1854 1980 1926 percitus
2016 1853 2197 1908 scele-

534 1963 698 2013 ratus
719 1954 1125 2017 Maximianus,
1157 1955 1213 2003 et
1243 1946 1588 2004 ardentibus
1622 1961 1759 1999 eum
1791 1945 2024 1998 intuens
2059 1958 2198 1997 ocu-

535 2047 632 2110 lis,
668 2043 992 2099 etstridens
1022 2039 1083 2093 in
1105 2053 1244 2093 eum
1266 2035 1562 2097 dentibus,
1613 2033 1890 2087 etvolens
1920 2038 2191 2086 sanctum

537 2141 592 2188 et
616 2134 857 2188 beatum
883 2129 1090 2185 Christi
1130 2132 1456 2196 martyrem
1488 2123 1832 2177 Mauricium
1870 2121 2078 2176 acerbe
2114 2119 2198 2173 ul-

537 2221 701 2284 cisci,
725 2221 894 2289 jubet
923 2214 1290 2289 spiculatori,
1314 2218 1374 2266 ut
1392 2219 1528 2268 ante
1567 2210 1770 2265 oculos
1799 2211 1981 2280 patris
2005 2209 2191 2262 filium

538 2309 814 2365 conﬁciat
843 2311 898 2361 et
927 2304 1179 2372 occidat,
1213 2304 1292 2356 Eo
1339 2301 1540 2371 itaque
1571 2304 1880 2370 praesente,
1915 2302 1970 2352 et
2002 2297 2192 2350 ﬁlium

537 2397 879 2469 aspiciente,
920 2395 1048 2464 ejus
1077 2395 1258 2462 caput
1290 2389 1546 2445 abscidit
1579 2387 1919 2458 spiculator.

615 2572 723 2626 XII.
747 2572 895 2625 Cum
917 2583 1056 2638 ergo
1083 2569 1196 2622 hoc
1217 2565 1401 2620 modo
1421 2560 1754 2618 beatissimi
1774 2559 2001 2614 Photini
2019 2567 2198 2629 caput

546 2659 960 2717 venerandum
990 2656 1199 2711 fuisset
1238 2655 1637 2722 amputatum,
1668 2650 1831 2719 isque
1871 2647 2115 2718 pulchre
2142 2653 2197 2702 et

551 2750 805 2819 gloriose
839 2747 1151 2818 migrasset
1195 2741 1275 2796 ad
1317 2740 1657 2803 Dominum,
1690 2737 1835 2791 dixit
1877 2736 2196 2808 praeclarus

546 2836 892 2893 Mauricius:
931 2838 1206 2888 Nostrum
1245 2828 1606 2884 desiderium
1648 2825 1984 2895 implevisti,
2037 2841 2072 2879 ο
2115 2831 2197 2896 ty-

546 2941 753 2990 ranne,
788 2929 841 2978 et
878 2923 952 2977 de
989 2927 1199 2976 caetero
1234 2919 1477 2972 ﬁrmum
1507 2922 1563 2969 et
1587 2913 1860 2969 stabilem
1901 2914 2195 2969 habemus

1923 217 2180 277 MENSIS
2219 202 2483 274 IULIUS.

3800 182 3921 240 368

2359 342 2462 397 IA'.
2524 341 2733 392 Πάντων
2778 333 2866 386 οὖν
2924 330 3009 382 ἐπὶ
3048 333 3152 386 τοῖς
3205 323 3462 380 τοιούτοις
3512 316 3921 388 θαυμαζόντων

2285 435 2535 507 ῥήμασιν,
2591 433 2772 484 σκεῦος
2823 423 3078 490 ὑπάρχων
3134 421 3230 474 τῆς
3275 409 3529 469 ἀπωλείας
3561 409 3586 458 ὁ
3642 408 3923 474 τύραννός

2288 519 2532 592 διέμεινεν
2585 515 2910 584 ἐνιστάμενος
2962 513 3052 558 τοῦ
3103 500 3353 554 ἀπολέσαι
3397 501 3512 556 τοὺς
3548 496 3766 566 ἁγίους,
3819 496 3920 542 καὶ

2287 609 2401 662 οὑτε
2440 613 2545 668 τοῖς
2595 605 2765 674 λόγοις
2813 598 3039 650 ἐπείθετο
3092 599 3189 643 τῶν
3251 585 3505 658 ἀοιδίμων
3581 585 3914 656 μαρτύρων,

2288 703 2403 751 οὔτε
2457 703 2558 754 τοῖς
2610 695 2914 766 πράγμασιν
2968 683 3315 746 ἐξεπλήττετο·
3376 681 3466 726 καὶ
3521 673 3717 725 κελεύει
3785 669 3915 720 ἀνα-

2292 786 2736 840 σκολωπισθέντας
2818 780 2938 836 τούς
3007 773 3190 842 ἁγίους
3250 763 3486 838 σιδηροῖς
3563 761 3740 823 ὄνυξιν
3821 761 3915 817 τὰς

2290 878 2511 949 πλευρὰς
2586 872 2749 923 αὐτῶν
2806 867 3014 922 εὐτόνως
3082 859 3312 921 ξέεσθαι.
3385 861 3494 906 Τῶν
3559 850 3646 901 οὖν
3731 848 3914 918 ἁγίων

2291 968 2562 1038 μαρτύρων
2629 965 2718 1010 καὶ
2793 958 2982 1006 τούτων
3061 949 3298 1018 ἰσχυρῶς
3372 939 3728 994 διαθλούντων
3823 941 3914 987 τόν

2293 1054 2483 1124 ἀγῶνα,
2527 1053 2612 1100 καὶ
2662 1047 2862 1098 πάντων
2922 1038 3289 1109 θαυμαζόντων
3350 1035 3443 1088 τὴν
3493 1036 3584 1079 τοῦ
3633 1025 3916 1098 βασιλέως

2292 1146 2487 1204 ἄνοιαν,
2543 1140 2851 1208 Μαυρίκιος,
2898 1132 2922 1180 ὁ
2976 1122 3219 1196 ἀοίδιμος
3271 1123 3488 1192 μάρτυς,
3533 1119 3659 1189 πρός
3687 1118 3786 1166 τὸν
3821 1117 3912 1164 τύ-

2292 1250 2469 1304 ραννον
2500 1231 2614 1298 ἔφη·
2649 1225 2759 1275 Οὐκ
2803 1219 3022 1288 αἰσθάνῃ
3076 1223 3164 1272 τῆς
3201 1219 3298 1271 σῆς
3343 1209 3622 1267 ἀσθενείας.
3674 1204 3717 1253 ὦ
3761 1199 3912 1274 βδε-

2292 1322 2552 1392 λυρώτατε
2608 1318 2837 1388 τύραννε,
2898 1310 2976 1359 ὅτι
3034 1306 3296 1361 Φωτεινός,
3368 1302 3424 1348 τὸ
3490 1294 3674 1369 βραχὺ
3746 1301 3913 1344 τοῦτο

2294 1412 2580 1482 μειράκιον,
2639 1401 2913 1454 κατέλυσεν
2962 1399 3054 1451 τὴν
3109 1389 3378 1464 βασιλείαν
3413 1403 3427 1452 ;
3461 1388 3517 1436 τό
3560 1387 3660 1454 γὰρ
3697 1383 3910 1432 τοσαύσ

2295 1520 2386 1560 τας
2439 1502 2527 1549 καὶ
2579 1492 2894 1550 τηλικαύτας
2949 1486 3240 1539 ὑποστῆναι
3271 1475 3556 1549 βασάνους,
3603 1469 3913 1528 κατάλυσις

2299 1599 2393 1650 τῆς
2439 1595 2533 1646 σῆς
2587 1583 2855 1653 ὠμότατης
2897 1571 3168 1646 βασιλείας
3222 1568 3382 1618 ἐστίν·
3426 1571 3530 1620 πῶς
3580 1566 3758 1611 τοίνυν
3805 1564 3910 1609 πᾶ-

2983 1666 3075 1718 τὴν
3117 1658 3371 1729 φάλαγγα,
3433 1651 3754 1707 τοσαυτάκις
3805 1649 3908 1697 ὑπό

2301 1763 2664 1842 μειρακυλλίου
2713 1755 3018 1812 τηλικούτου
3085 1748 3429 1806 καταπεσὼν;
3476 1740 3756 1810 Θυμωθεὶς
3816 1736 3905 1788 οὖν

2303 1858 2385 1910 ἐπὶ
2438 1860 2542 1914 τοῖς
2583 1850 2836 1904 τοιούτοις
2889 1839 3210 1910 Μαξιμιανὸς
3266 1835 3290 1884 ὁ
3343 1831 3644 1902 παμμιαρὸς
3724 1828 3909 1900 ῥήμα-

2305 1966 2408 2007 σιν,
2461 1947 2549 1993 καὶ
2600 1941 2833 2010 πυρίνοις
2901 1930 3051 1982 αὐτόν
3100 1920 3533 1998 περιϐλεψάμενος
3590 1916 3902 1988 ὀφθαλμοῖς,

2303 2038 2488 2109 τρίζων
2536 2029 2650 2080 κατ’
2695 2025 2852 2076 αὐτοῦ
2897 2024 3012 2078 τοὺς
3059 2013 3277 2072 ὀδόντας
3318 2015 3407 2060 καὶ
3447 2006 3760 2080 βουλόμενος
3813 2002 3908 2061 δῆ-

2335 2093 2343 2109 ,
2403 2093 2413 2095 -

2307 2125 2384 2174 θεν
2439 2124 2523 2171 τόν
2589 2114 2968 2188 τρισμακάριον
3043 2107 3328 2174 Μαυρίκιοθ
3386 2104 3579 2170 πικρῶς
3656 2093 3902 2164 ἀνταμεί-

2300 2211 2528 2281 ψασθαι,
2583 2205 2772 2256 κελεύει
2823 2208 2892 2267 τῷ
2969 2191 3356 2262 σπεκουλάτωρι
3427 2183 3538 2236 κατ’
3601 2181 3903 2254 ὀφθαλμούς

2299 2307 2390 2351 τοῦ
2422 2299 2610 2368 πατρὸς
2659 2285 3099 2362 διαχειρίσασθαι
3147 2284 3231 2331 τὸν
3263 2272 3454 2339 παῖδα,
3509 2277 3598 2323 καὶ
3638 2279 3900 2342 παρόντος

2300 2388 2458 2438 αὑτοῦ
2498 2388 2587 2434 καὶ
2645 2383 2892 2449 θεωμένου
2965 2376 3050 2423 τόν
3107 2371 3216 2420 υἱόν
3266 2370 3359 2422 την
3433 2365 3615 2414 τούτου
3672 2359 3898 2430 κεφαλήν

2302 2475 2568 2544 ἀποτεμεῖν
2580 2513 2591 2523 .

2373 2561 2469 2615 ΙΒ’.
2520 2560 2694 2627 Τούτῳ
2743 2558 2911 2605 τοίνυν
2959 2558 3030 2618 τῷ
3085 2549 3258 2617 τρόπῳ
3307 2547 3557 2594 Φωτεινοὺ
3615 2544 3707 2589 τοῦ
3761 2555 3894 2610 τρισ-

2303 2654 2561 2724 μακαρίου
2618 2650 2711 2703 τὴν
2760 2639 2981 2712 κεφαλὴν
3022 2633 3407 2705 ἀποτμηθέντος
3453 2631 3543 2678 καὶ
3599 2631 3693 2684 τὴν
3741 2627 3889 2681 καλὴν

2303 2737 2556 2808 ἐκδημίαν
2611 2736 2735 2806 πρὸς
2792 2733 2919 2781 Θεὸν
2969 2721 3386 2794 ἐκδημήσαντος,
3467 2719 3771 2787 Μαυρίκιος,
3856 2714 3879 2762 ὁ

2304 2825 2562 2896 ἀοίδιμος,
2619 2824 2732 2892 ἔφη·
2811 2815 3148 2887 Ἐπλήρωσας
3230 2811 3369 2879 ἡμῶν
3437 2809 3530 2862 τὴν
3598 2803 3874 2875 ἐπιθυμίαν,

2302 2921 2531 2990 τύραννε,
2580 2916 2668 2961 καὶ
2720 2909 2896 2960 λοιπόν
2956 2901 3164 2975 βέϐαιον
3218 2895 3550 2965 ἐκτησάμεθα
3601 2897 3688 2944 τόν
3751 2893 3882 2963 οὐρά-

548 3030 788 3070 cursum
811 3012 1128 3067 cmlestem.
1151 3010 1289 3073 Quis
1312 3007 1468 3061 enim
1495 3021 1565 3059 ex
1588 3009 1792 3058 nostra
1815 3003 2189 3058 multitudine

2304 3025 2408 3056 νιον
2453 2999 2665 3074 δρόμον·
2717 3002 2797 3057 τίς
2839 2998 2939 3065 γὰρ
2971 2991 3025 3042 ἐκ
3065 2998 3158 3048 τῆς
3197 2987 3451 3057 ἡμετέρας
3502 2980 3730 3044 ἀνέξεται
3768 2981 3884 3036 πλη-

550 3101 866 3159 sustinebit
913 3097 1178 3170 superari
1222 3112 1258 3151 a
1309 3095 1558 3149 Photino
1616 3091 1828 3146 Christi
1853 3092 2052 3157 milite,
2091 3093 2195 3163 qui

547 3191 825 3260 migravit
845 3190 903 3242 in
935 3187 1171 3251 ccelum,
1199 3189 1255 3238 et
1281 3183 1508 3253 pudore
1540 3180 1733 3236 affecit
1763 3187 1992 3250 patrem
2026 3187 2194 3234 tuum

549 3279 858 3334 diabolum
891 3275 918 3328 ?
948 3275 1036 3328 Ad
1066 3275 1192 3328 haec
1222 3271 1437 3341 majori
1481 3271 1679 3324 studio
1725 3278 1780 3323 et
1817 3271 2193 3324 contentione

554 3371 979 3424 tormentorum
1013 3363 1072 3416 in
1104 3377 1214 3416 nos
1245 3359 1518 3427 excogita
1549 3358 1864 3421 cruciatus,
1899 3362 1956 3410 et
1985 3357 2128 3411 nihil
2159 3374 2194 3412 a

549 3461 603 3511 te
634 3452 1110 3526 praetermittatur
1149 3464 1356 3504 eorum
1394 3463 1530 3518 quae
1565 3445 1820 3516 probant
1850 3461 1928 3500 an
1953 3445 2192 3501 ﬁrmam

549 3548 604 3598 et
634 3541 1006 3596 immobilem
1045 3538 1230 3592 ﬁdem
1281 3536 1509 3590 Christo
1557 3549 1883 3590 servemus.
1935 3535 2190 3599 Quando

548 3636 748 3686 autem
793 3628 936 3682 vidit
967 3626 1355 3680 Maximianus
1387 3629 1620 3678 sanctos
1653 3623 1859 3677 Christi
1897 3630 2191 3695 martyres

545 3722 823 3791 prompto
856 3720 910 3770 et
947 3713 1125 3768 alacri
1165 3712 1366 3766 animo
1422 3710 1831 3781 perpetientes,
1886 3717 1941 3765 et
1970 3717 2192 3768 rectam

549 3821 722 3861 suam
737 3804 918 3858 ﬁdem
936 3816 1057 3856 non
1079 3801 1438 3860 deserentes,
1458 3802 1784 3852 convocato
1803 3813 1911 3852 suo
1928 3799 2192 3856 belluino

548 3901 604 3950 et
627 3893 958 3948 inhumano
991 3894 1217 3952 senatu,
1257 3902 1392 3941 cum
1425 3886 1508 3940 eis
1547 3885 1944 3952 consultabat,
1988 3903 2180 3958 quem-

546 3982 876 4039 admodum
919 3983 1155 4034 sanctos
1188 3982 1476 4046 martyres
1525 3981 1710 4030 morte
1741 3973 2000 4031 afﬁceret
2037 3993 2196 4032 acer-

547 4072 812 4140 bissima,
835 4086 941 4141 per
968 4083 1122 4140 quos
1144 4072 1426 4121 terrorem
1454 4064 1688 4120 afferret
1709 4066 2067 4130 Christianis,
2091 4068 2194 4136 qui

548 4167 714 4216 erant
751 4161 808 4214 in
851 4165 970 4214 toto
1001 4157 1144 4213 orbe
1190 4163 1495 4216 terrarum,
1539 4161 1594 4208 et
1640 4152 1913 4222 efﬁceret,
1951 4162 2011 4210 ut
2052 4157 2194 4212 deﬁ-

547 4255 743 4304 cerent
777 4263 812 4303 a
843 4253 1050 4304 sancta
1093 4252 1149 4301 et
1195 4245 1341 4300 nulli
1373 4243 1535 4299 afﬁni
1572 4243 2017 4312 reprehensioni
2065 4246 2193 4301 reli-

2308 3097 2425 3152 θύος
2471 3091 2622 3146 ἧττον
2663 3093 2883 3157 φανῆναι
2919 3087 3007 3132 τού
3063 3083 3294 3150 Χριστόν
3352 3077 3665 3135 στρατιώτου
3709 3076 3878 3121 4mm-

2303 3193 2409 3246 νοῦ,
2457 3190 2546 3233 τοῦ
2621 3182 2745 3251 πρὸς
2795 3173 3008 3243 οὐρανὸν
3077 3162 3477 3234 ἐκδημήσαντος
3535 3165 3617 3211 καὶ
3662 3162 3741 3209 τόν
3789 3160 3868 3207 σὸν

2303 3276 2502 3343 πατέρα
2545 3265 2996 3335 καταισχύναντος
3046 3253 3287 3306 διάϐολον
3323 3269 3335 3318 ;
3378 3253 3512 3325 Πρός
3559 3257 3711 3299 ταντα
3741 3245 3873 3311 φιλο-

2302 3365 2484 3430 τίμους
2533 3366 2630 3410 τῶν
2711 3349 3137 3424 βασανιστηρίων
3195 3341 3380 3392 ἐπινόει
3434 3341 3550 3390 καθ’
3605 3338 3740 3409 ἡμῶν
3796 3337 3883 3394 τὰς

2303 3451 2539 3508 κολάσεις
2591 3450 2679 3497 καὶ
2721 3438 2884 3515 μηδέν
2945 3456 3028 3488 σοι
3083 3431 3466 3505 παραλελείφθω
3520 3436 3619 3478 τῶν
3677 3422 3888 3496 δοκιμα-

2305 3544 2492 3603 ζόντων
2545 3539 2680 3607 ημᾶς
2730 3532 2774 3583 εἰ
2828 3527 3042 3601 βεϐαίαν
3092 3532 3162 3592 τῲ
3221 3527 3432 3593 Χριστῷ
3478 3522 3568 3568 καὶ
3613 3515 3886 3566 ἀσάλευτον

2303 3634 2395 3686 τὴν
2447 3631 2624 3678 πίστιν
2677 3617 3150 3694 παραφυλάττομεν.
3199 3608 3322 3660 "Ora
3361 3607 3447 3659 οὖν
3491 3602 3624 3657 εἶδεν
3662 3607 3686 3655 ὁ
3744 3603 3885 3666 Μαξι.

2305 3721 2485 3788 μιανός
2536 3718 2654 3773 τοὺς
2709 3692 2884 3780 ἁγίους
2929 3711 3018 3756 τοῦ
3087 3705 3312 3772 Χριστοῦ
3367 3698 3632 3768 μάρτυρας
3707 3693 3756 3744 ἐν
3815 3692 3891 3764 βε-

2306 3809 2434 3875 ϐαίῳ
2487 3807 2856 3876 καρτερούντας
2908 3799 2995 3845 καὶ
3024 3800 3112 3849 τῆς
3156 3788 3321 3840 αὐτῶν
3371 3786 3530 3856 ὀρθῆς
3559 3783 3617 3833 οὐ
3649 3785 3893 3853 μεθιστα-

2304 3898 2485 3965 μένους
2539 3895 2774 3951 πίστεως,
2837 3881 3286 3954 συγκαλεσάμενος
3355 3873 3512 3925 αὑτοῦ
3570 3876 3664 3928 τὴν
3738 3870 3893 3922 ἀπάν-

2307 3984 2506 4054 θρωπον
2555 3977 2868 4048 σύγκλητον,
2914 3970 3199 4022 ἐϐουλεύετο
3247 3965 3354 4037 μετ’
3409 3963 3594 4026 αὐτῶν,
3628 3969 3732 4020 πῶς
3776 3965 3894 4017 τοὺς

2305 4071 2482 4141 ἁγίους
2525 4070 2722 4135 θανάτῳ
2770 4064 3060 4134 πικροτάτῳ
3095 4054 3352 4118 διάθοιτο,
3406 4048 3476 4102 δι’
3518 4050 3584 4100 ὧν
3625 4053 3747 4109 τοὺς
3799 4049 3894 4099 ἀνὰ

2304 4167 2474 4213 πᾶσαν
2520 4162 2610 4214 τὴν
2669 4155 2967 4223 οἰκουμένην
3028 4150 3368 4220 Χριστιανούς
3421 4138 3747 4211 ἐκφοϐησειεν
3806 4143 3892 4190 καὶ

2303 4260 2395 4310 τῆς
2447 4247 2728 4319 ἀμωμήτου
2764 4244 3044 4316 θρησκείας
3075 4235 3376 4291 ἀποστῆσαι
3425 4229 3888 4302 παρασκευάσειεν.

547 4338 723 4407 gione
756 4336 1240 4390 Christianorum.
1267 4336 1575 4387 Tunccum
1608 4332 1722 4400 ipsi
1743 4336 1932 4386 multa
1963 4336 2189 4391 consul-

2306 4337 2388 4400 Εἰς
2427 4334 2513 4389 οὖν
2565 4345 2661 4386 τῶν
2717 4331 3052 4385 συνελθόντων
3102 4323 3148 4374 ἐν
3194 4330 3253 4394 τῇ
3310 4317 3604 4390 συγκλήτῳ,
3657 4316 3778 4390 ῥίξα
3807 4337 3891 4369 πι,

545 4431 788 4489 tassent,
829 4430 881 4476 et
911 4423 1064 4476 alius
1103 4421 1217 4474 alia
1246 4420 1558 4474 dixissent:
1601 4419 1851 4488 quidam
1882 4436 1950 4474 ex
1991 4423 2060 4476 iis
2089 4431 2194 4496 qui

543 4514 605 4568 in
637 4517 910 4566 senatum
944 4513 1363 4573 convenerant,
1392 4507 1493 4576 qui
1516 4512 1639 4561 erat
1657 4507 1818 4562 radix
1837 4509 2191 4581 acerbitatis,

544 4608 600 4657 et
638 4600 865 4655 fructus
897 4595 1193 4667 nequitite,
1225 4601 1281 4649 et
1311 4594 1573 4664 cujusvis
1604 4595 1841 4650 alterius
1874 4599 2111 4655 malitiae
2139 4609 2194 4658 et

540 4688 848 4761 injustitiaa
902 4686 1080 4742 arbor
1127 4684 1515 4748 feracissima,
1567 4685 1865 4741 consuluit
1911 4693 2187 4760 tyranno,

542 4779 745 4834 dicens
771 4794 782 4830 :
817 4778 1166 4847 Imperator,
1193 4772 1288 4826 hic
1318 4773 1539 4827 mensis
1561 4779 1646 4828 est
1674 4780 1906 4846 tempus
1942 4779 2186 4836 maximi

543 4873 648 4921 eest
672 4885 720 4920 ιε
744 4870 889 4935 (erat
920 4863 1078 4919 enim
1101 4867 1240 4916 tunc
1269 4861 1489 4916 mensis
1509 4860 1738 4931 Julius),
1766 4864 1908 4918 situs
1934 4873 2020 4922 est
2049 4884 2186 4925 vero

542 4961 703 5010 extra
734 4956 1030 5009 civitatem
1061 4967 1262 5005 versus
1294 4950 1656 5005 occidentem
1687 4953 1832 5006 inter
1872 4954 2048 5020 duos,
2083 4961 2185 5029 qui

541 5050 780 5114 propter
811 5060 941 5097 eam
985 5043 1074 5096 siti
1110 5045 1265 5106 sunt,
1303 5039 1516 5093 ﬂuvios
1544 5044 1599 5093 et
1624 5039 1844 5107 lacum,
1878 5042 2042 5100 locus
2085 5063 2186 5117 po-

541 5132 721 5184 situra
738 5131 978 5199 quidem
1009 5130 1243 5200 planus,
1269 5128 1402 5182 feno
1435 5133 1632 5182 autem
1651 5128 1860 5200 plenus
1880 5137 1935 5187 et
1956 5133 2184 5190 infinita

541 5217 655 5271 alia
689 5218 1162 5287 materia,quem,
1195 5217 1296 5288 qui
1323 5218 1382 5271 in
1413 5233 1482 5271 eo
1502 5217 1634 5272 loco
1656 5218 1943 5286 habitant,
1973 5230 2186 5280 vocant

541 5307 789 5370 Rogam,
809 5310 1120 5372 propterea
1134 5307 1295 5376 quod
1319 5307 1718 5377 sitvesparum
1735 5323 1802 5362 ac
1821 5309 2180 5368 crabronum

543 5390 822 5444 acerbum
853 5389 1281 5463 habitaculum,
1300 5411 1453 5466 quos
1486 5396 1728 5452 meridie
1760 5412 1832 5452 ne
1854 5397 2023 5455 facile
2046 5402 2178 5473 qui-

543 5477 676 5534 dem
698 5480 885 5546 potest
913 5476 1126 5548 aliquis
1147 5482 1389 5539 transire
1411 5483 1534 5539 sine
1551 5486 1831 5557 periculo.
1863 5488 2015 5546 Jube
2043 5505 2181 5563 ergo

2305 4439 2453 4502 κρέας
2505 4427 2756 4497 ὑπάρχων
2816 4425 2904 4471 καὶ
2957 4418 3208 4488 πανηρίας
3265 4412 3477 4481 καρπὸς,
3541 4411 3631 4457 καὶ
3717 4409 3890 4468 πάσης

2305 4516 2510 4576 ἀδικίας
2557 4516 2976 4583 πολνφορώτατον
3027 4501 3262 4576 δένδρον,
3315 4496 3643 4550 συνεϐούλευε
3685 4504 3756 4565 τῷ
3805 4516 3893 4548 ru-

2299 4611 2462 4680 ράννῳ
2510 4604 2684 4673 λέγων·
2731 4599 2788 4650 Ὀ
2847 4601 2948 4668 μὴν
3002 4591 3150 4652 οὗτος
3206 4591 3467 4646 καύσωνος
3524 4587 3637 4636 ἐστι
3689 4589 3888 4657 καιρός·

2299 4698 2515 4765 πάνεμος
2561 4694 2661 4763 γὰρ
2719 4693 2820 4760 μὴν
2891 4688 3178 4741 τηνικαῦτα
3243 4681 3579 4732 καθέστηκεν·
3639 4675 3891 4744 παράκει-

2296 4804 2382 4835 ται
2446 4779 2502 4834 δε
2567 4779 2661 4841 ἔξω
2729 4784 2822 4837 τῆς
2879 4773 3063 4830 πόλεως
3120 4771 3252 4820 κατά
3324 4769 3381 4817 τὸ
3431 4762 3641 4815 δυτικόν
3687 4761 3887 4832 κλῆμα,

2294 4872 2483 4942 μεταξύ
2535 4877 2633 4920 τῶν
2688 4866 3062 4938 προσκειμένων
3113 4860 3304 4913 ταύτην
3361 4851 3455 4905 δύο
3495 4858 3741 4921 ποταμῶν
3793 4857 3886 4900 καὶ

2294 4969 2382 5019 τῆς
2427 4959 2625 5028 λίμνης,
2681 4960 2829 5011 τόπος
2879 4949 3060 5021 ὁμαλός
3118 4949 3205 5017 μὲν
3255 4951 3315 5014 τῇ
3366 4943 3521 5005 θέσει,
3576 4944 3776 5011 χόρτου
3827 4935 3888 4989 δὲ

2294 5053 2376 5099 καὶ
2420 5047 2572 5104 λυτῆς
2625 5044 2744 5102 ὕλης
2798 5043 3007 5112 ἀπείρου
3066 5038 3273 5107 μεστός,
3316 5034 3368 5083 ὃν
3427 5032 3474 5081 οἱ
3525 5030 3753 5080 ἐντόπιοι
3800 5027 3887 5100 ῥό-

2291 5158 2386 5208 γαν
2430 5135 2835 5204 ἐπονομάζουσιν
2886 5125 2979 5179 διὰ
3022 5128 3077 5176 τὸ
3137 5130 3346 5194 σφηκῶν
3402 5125 3491 5170 καὶ
3539 5117 3882 5190 χαλκομυιῶν

2292 5223 2474 5296 πικρὸν
2526 5228 2848 5292 καταγώγιον
2901 5218 3174 5287 ὑπάρχων,
3233 5215 3486 5261 κωνώπων
3535 5226 3586 5258 τε
3623 5212 3712 5257 καὶ
3741 5225 3884 5257 σκνι-

2292 5326 2396 5366 πῶν
2465 5312 2855 5383 πεπληρωμένον
2939 5311 3153 5377 χωρίον,
3231 5300 3313 5359 οὖς
3410 5294 3532 5348 οὐδὲ
3609 5296 3878 5368 παρελῦεῐν

2293 5424 2403 5457 τινα
2455 5398 2741 5460 ἀκινδύνως
2807 5396 2853 5446 ἐν
2906 5392 3206 5466 μεσημϐρίᾳ
3285 5389 3597 5442 καθέστηκεν
3667 5379 3874 5457 ῥᾴδιον·

2290 5493 2526 5547 κέλευσον
2569 5485 2654 5541 οὖν
2706 5486 2995 5560 χρισθῆναι
3043 5481 3155 5555 μέλι
3200 5481 3264 5530 τὰ
3315 5481 3532 5551 σώμαόα
3586 5473 3752 5526 αὐτῶν
3803 5490 3871 5524 κα
