4114 6262
309 349 414 406 369

1376 347 1536 406 VITA
1578 348 1681 406 SS.
1725 348 2045 404 MAUBITII
2088 350 2173 405 ET
2213 352 2604 412 SOCIOBUM.

3557 354 3660 412 370

314 476 362 528 ἐν
419 475 559 544 αύτῷ
606 470 957 544 δεσμευθῆναι
994 473 1259 544 ζωῦφίοις,
1309 478 1399 525 καὶ
1448 473 1494 525 ἐν
1541 477 1703 545 ταύτῃ
1744 493 1897 526 κατα-

2021 489 2228 532 eorum
2285 493 2538 550 corpora
2589 479 2726 548 ungi
2756 477 2946 543 melle,
2980 481 3034 534 et
3059 478 3118 533 in
3148 493 3219 533 eo
3257 471 3659 547 alligabuntur

311 564 564 634 λήψονται
608 565 810 613 πάντων
855 571 952 612 τῶν
992 560 1365 634 προλαϐουσών
1414 561 1655 633 βασάνων
1685 561 1908 631 ἀλγεινό-

313 672 456 725 τερον
513 652 736 724 ὄλεθρον,
794 656 884 702 καὶ
936 657 1224 722 γνώσονται
1278 656 1349 721 μὴ
1409 649 1736 722 βλασφημεῖν
1793 654 1910 710 τούς

316 742 547 799 αἰωνίους
597 741 737 810 ἡμῶν
771 742 936 804 θεούς,
981 745 1071 791 καὶ
1113 745 1164 792 τί
1194 745 1250 792 τό
1284 737 1526 812 βαδίζειν
1557 744 1649 796 τὴν
1682 739 1909 790 ἐναντίαν

316 837 422 889 τοίς
455 827 763 900 βασιλεύσιν
791 825 912 880 ὁδὸν
937 833 1052 889 τούς
1085 829 1448 900 τολμήσαντας
1468 833 1696 886 ὤνησαν.

383 918 481 973 II".
528 924 628 970 Καὶ
683 922 864 991 ἤρεσεν
920 922 977 969 τὸ
1024 920 1168 991 ῥῆμα
1210 924 1298 970 καὶ
1356 920 1382 976 η
1437 917 1598 990 βουλὴ
1651 918 1781 972 αὕτη
1838 927 1906 988 τῷ

320 1007 530 1078 βασιλεῖ
556 1011 644 1058 καὶ
674 1009 816 1078 πάση
851 1015 912 1079 τῇ
968 1007 1239 1078 συγκλήτῳ
1269 1029 1281 1040 °
1311 1011 1400 1059 καὶ
1451 1007 1639 1059 κελεύει
1693 1009 1716 1058 ὁ
1751 1010 1907 1079 βασι-

313 1097 429 1157 λεὺς
486 1098 647 1167 ταύτῃ
709 1103 770 1168 τῇ
832 1101 1057 1169 τιμωρίᾳ
1109 1098 1288 1158 αὐτούς
1327 1094 1713 1170 παραδοθῆναι.
1757 1093 1908 1148 Οἰδε

316 1193 411 1246 τῆς
449 1181 664 1247 ἀδικίας
711 1187 964 1258 ὑπηρέται
1009 1192 1101 1244 τήν
1150 1186 1478 1259 μεσημϐρίαν
1526 1191 1904 1253 σκοπήσαντες,

313 1281 402 1328 καὶ
442 1278 620 1349 καιρὸν
678 1277 891 1349 ἠρεμίας
945 1275 1368 1349 ἐπιτηρήσαντες,
1421 1277 1470 1326 ἐν
1603 1284 1762 1336 πνοῆς
1803 1274 1908 1326 ἀνέ-

313 1385 420 1435 μων
479 1363 792 1436 ἀμοιροῦντα
845 1374 942 1416 τῶν
989 1366 1224 1436 ξωύφίων
1271 1369 1335 1416 τά
1365 1365 1528 1422 πλήθη
1576 1367 1907 1435 τυγχάνουσι

315 1461 416 1514 τοῖς
449 1458 873 1526 παρεμπίπτουσι
933 1460 1145 1523 σώμασι
1198 1452 1414 1525 βαθεῖαν
1452 1457 1542 1510 τήν
1590 1461 1771 1524 τρῆσιν
1817 1457 1906 1502 καὶ

312 1537 572 1592 ἐπώδυνον
656 1540 1040 1612 ἀπεργάζονται
1097 1563 1108 1572 ·
1171 1537 1427 1600 δήσαντες
1490 1541 1706 1592 ἁλύσεσι
1793 1544 1905 1598 τοὺς

309 1628 491 1700 ἁγίους
521 1635 814 1700 κατήγαγον
860 1631 924 1688 εἰς
975 1635 1064 1680 τόν
1112 1636 1264 1680 τόπον
1313 1634 1400 1679 καὶ
1445 1624 1660 1699 δίυγρον
1706 1627 1901 1688 ἐκλεξά-

307 1737 448 1789 μενοι
525 1726 701 1784 τόπον,
797 1717 985 1790 ἀεννάῳ
1062 1725 1204 1787 πηγή
1293 1721 1686 1788 παρακείμενον,
1738 1715 1790 1778 ἐξ
1842 1716 1901 1775 ἧς

2021 564 2402 631 animalcula,
2435 571 2496 622 ut
2533 567 2589 620 in
2623 567 2734 621 hoc
2761 567 3027 622 cruciatu
3066 566 3318 621 sentiant
3357 567 3659 621 interitum

2020 656 2352 721 graviorem
2379 655 2685 710 tormentis
2717 655 3016 719 omnibus,
3049 670 3184 726 quas
3209 661 3655 726 praecesserunt,

2019 749 2074 796 et
2125 750 2506 808 cognoscant,
2555 759 2675 799 non
2714 759 2843 799 esse
2883 743 3211 798 maledictis
3264 742 3656 798 incessendos

2019 831 2264 886 invictos
2290 840 2523 887 nostros
2554 837 2608 887 et
2647 838 2892 888 aeternos
2921 831 3089 887 deos.

2091 930 2226 984 XIII.
2269 930 2397 984 Haec
2447 945 2587 999 ergo
2613 946 2746 984 cum
2781 929 3022 984 dixisset
3053 928 3348 998 pessimus
3387 931 3442 983 et
3481 929 3658 982 scele-

2017 1018 2349 1073 ratissimus
2375 1019 2472 1074 ille
2504 1023 2755 1082 senator,
2783 1018 2908 1087 ejus
2947 1016 3262 1071 consilium
3289 1015 3511 1086 placuit
3550 1017 3656 1071 im-

2019 1108 2272 1177 peratori
2297 1111 2351 1162 et
2374 1108 2650 1162 universo
2673 1105 2920 1168 senatui,
2943 1110 2998 1160 et
3017 1105 3186 1174 jubet
3209 1104 3532 1174 imperator
3551 1120 3654 1158 eos

2018 1195 2166 1248 tradi
2210 1195 2340 1249 huic
2369 1195 2678 1265 supplicio.
2713 1193 2860 1248 Cum
2893 1193 3089 1264 itaque
3120 1192 3421 1248 meridiem
3456 1192 3656 1247 obser-

2019 1290 2260 1338 vassent
2291 1284 2540 1338 ministri
2571 1281 2921 1353 iniquitatis,
2953 1284 3260 1353 ettempus
3282 1279 3650 1351 quietum,in

2017 1371 2307 1442 quo,ﬂatu
2337 1379 2640 1426 ventorum
2669 1370 2927 1424 carentia
2951 1368 3252 1432 animalia,
3281 1367 3650 1439 corporibus,

2015 1476 2144 1531 qua:
2176 1459 2460 1522 incidunt,
2505 1473 2740 1526 gravem
2784 1462 2838 1510 et
2879 1455 3188 1510 molestam
3230 1455 3493 1510 efﬁciunt
3530 1470 3655 1526 per-

2013 1548 2385 1611 forationem,
2416 1545 2639 1601 catenis
2669 1545 2892 1598 vinctos
2927 1544 3296 1598 deduxerunt
3325 1547 3562 1598 sanctos
3592 1543 3652 1596 in

2012 1636 2172 1706 prius
2205 1635 2638 1690 dictumlocum
2667 1647 2680 1686 :
2705 1636 2763 1686 et
2782 1648 2920 1687 cum
2945 1631 3233 1686 obiissent
3258 1635 3311 1685 et
3336 1629 3652 1698 elegissent

2009 1723 2204 1778 locum
2230 1722 2568 1789 humidum,
2593 1722 2770 1775 situm
2795 1735 2980 1791 prope
3007 1719 3228 1774 fontem
3248 1733 3571 1789 perennem
3595 1723 3653 1771 et

311 1804 507 1865 ἰλυώδη
556 1807 780 1879 τίλματα
828 1814 1019 1879 πέφυκε
1069 1811 1325 1879 γίνεσθαι,
1373 1808 1431 1858 οὗ
1483 1813 1571 1858 καὶ
1612 1805 1897 1878 ἐπιχωριά-

2010 1813 2308 1876 limosum,
2353 1828 2423 1866 ex
2461 1826 2582 1882 quo
2621 1809 2819 1863 enasci
2850 1809 3040 1863 solent
3069 1807 3298 1863 limosae
3328 1806 3556 1862 lacunas
3597 1811 3651 1861 et

313 1899 415 1958 ζειν
474 1896 606 1968 φιλεῖ
659 1899 684 1954 ἱ)
742 1907 839 1948 τών
898 1897 1284 1972 προρρηθέντων
1363 1898 1598 1967 ζωύφίων
1672 1895 1891 1956 πληθύς,

307 1990 529 2056 χρίουσι
581 1989 668 2056 μὲν
722 1996 818 2037 τών
871 1987 1030 2057 ἁγίων
1071 1987 1182 2058 μέλι
1230 1990 1293 2038 τά
1331 1991 1480 2057 τίμια
1533 1992 1768 2056 σώματα,
1815 1981 1895 2036 δε-

312 2083 506 2142 σμούσι
548 2071 606 2126 δε
647 2073 836 2146 βιαίως
876 2075 1047 2137 ξύλοις
1095 2078 1228 2126 κατά
1275 2079 1359 2126 τὸν
1413 2074 1565 2125 αὐτὸν
1615 2080 1788 2136 τόπον,
1819 2075 1896 2147 ρί-

305 2160 492 2228 ψαντες
541 2167 628 2214 καὶ
676 2167 732 2214 τό
783 2169 952 2234 τίμιον
999 2174 1150 2235 σῶμα
1197 2171 1470 2231 Φωτεινού,
1509 2171 1598 2214 τοῦ
1649 2159 1894 2232 ἀοιδίμου

300 2251 582 2322 μάρτυρος,
637 2256 736 2322 πρὸ
775 2258 1056 2323 προσώπου
1112 2261 1201 2303 τοῦ
1249 2253 1410 2304 αὐτού
1466 2255 1660 2324 πατρὸς
1715 2257 1898 2322 Μαυρ-

303 2344 416 2388 κίου
476 2347 565 2389 τοῦ
620 2347 978 2412 πανευφήμου,
1033 2343 1246 2412 μείζονα
1299 2348 1551 2413 τιμωρίαν
1603 2341 1655 2392 ἐκ
1713 2344 1895 2393 τούτου

306 2430 586 2498 προσάγειν
643 2428 782 2498 αὐτῷ
830 2429 1174 2500 λογιζόμενοι.
1229 2437 1392 2481 Τοῦτο
1451 2430 1728 2502 πράξαντες
1802 2435 1894 2486 τὴν

301 2522 564 2586 ταχίστην
611 2516 973 2591 ἀνεχώρησαν,
1007 2522 1078 2588 μὴ
1127 2523 1356 2589 φέροντες
1406 2523 1497 2574 τήν
1551 2527 1650 2568 τῶν
1683 2517 1892 2568 ἰοϐόλων

303 2605 535 2676 ζωύφίων
598 2605 905 2678 προσϐολήν.
963 2610 1463 2680 Διακαρτερήσαντες
1511 2603 1597 2657 οὖν
1645 2609 1693 2658 οὶ
1748 2605 1892 2677 άγιοι

303 2695 494 2767 ἡμέρας
547 2714 596 2746 τε
647 2701 735 2747 καὶ
791 2699 980 2756 νύκτας
1029 2692 1176 2760 δέκα,
1245 2702 1308 2766 τῇ
1364 2701 1528 2768 πικρᾷ
1591 2698 1748 2767 ταύτῃ
1800 2701 1888 2746 καὶ

299 2781 596 2854 ἀνυποίστῳ
647 2781 884 2855 βασάνῳ,
943 2783 1284 2842 ἀνατείναντες
1332 2787 1389 2834 τὸ
1445 2788 1587 2853 ὄμμα
1638 2788 1765 2852 πρὸς
1803 2790 1888 2836 τόν

298 2875 448 2932 Θεὸν,
513 2872 733 2933 ηὔξαντο
798 2871 1027 2941 λέγοντες
1084 2889 1094 2899 '
1154 2875 1330 2941 Κύριε,
1389 2873 1414 2920 ὁ
1464 2875 1593 2931 Θεὸς
1643 2874 1810 2942 ἡμῶν,
1866 2875 1890 2923 0

298 2965 485 3020 κτίσας
512 2962 650 3031 ἡμᾶς
706 2959 818 3010 κατ’
868 2960 1038 3010 εἰκόνα
1081 2963 1176 3015 σὴν
1228 2964 1317 3009 καὶ
1356 2960 1625 3029 ὁμοίωσιν,
1675 2966 1762 3010 καὶ
1803 2957 1888 3011 ὁδ-

303 3055 511 3120 ηγήσας
547 3051 683 3121 ἡμᾶς
733 3051 860 3120 πρὸς
916 3052 1006 3105 τὴν
1056 3046 1330 3117 ἐπίγνωσιν
1377 3055 1467 3105 τῆς
1521 3055 1612 3106 σῆς
1654 3047 1892 3108 ἀληθείας

2006 1902 2343 1970 voragines,
2373 1900 2472 1955 ubi
2511 1899 2685 1954 etiam
2720 1897 2868 1952 solet
2897 1897 3110 1964 degere
3150 1895 3469 1951 multitudo
3499 1897 3652 1964 ejus-

2007 1993 2171 2046 modi
2202 1988 2721 2055 animalculorum,
2768 1985 2938 2041 melle
2968 1985 3213 2056 quidem
3245 1988 3471 2055 ungunt
3514 1997 3650 2038 san-

2005 2085 2228 2135 ctorum
2259 2077 2598 2134 veneranda
2616 2090 2900 2145 corpora:
2931 2074 3106 2142 lignis
3128 2077 3325 2127 autem
3347 2088 3447 2126 eos
3479 2070 3647 2124 vehe-

2006 2174 2232 2224 menter
2271 2167 2514 2234 alligant
2551 2165 2609 2219 in
2647 2179 2716 2218 eo
2754 2161 2906 2228 loco,
2937 2162 3223 2232 jacientes
3252 2161 3431 2215 etiam
3470 2173 3650 2214 vene-

2004 2257 2262 2312 randum
2281 2269 2499 2324 corpus
2522 2251 2721 2322 inclyti
2742 2249 3018 2321 martyris
3041 2248 3271 2304 Photini
3290 2253 3423 2303 ante
3438 2245 3646 2301 faciem

2007 2347 2188 2416 patris
2229 2343 2316 2398 sui
2355 2339 2649 2396 benedicti
2683 2338 2947 2402 Mauritii,
2977 2341 3318 2408 reputantes
3347 2352 3407 2390 se
3433 2351 3504 2389 ex
3543 2350 3644 2389 eos

2005 2435 2055 2488 ei
2080 2433 2274 2502 majus
2316 2430 2594 2485 allaturos
2625 2426 3010 2498 supplicium.
3049 2427 3176 2480 Haec
3215 2438 3354 2492 ergo
3395 2439 3531 2478 eum
3571 2421 3649 2476 fe-

2003 2524 2243 2586 cissent,
2271 2535 2455 2591 quam
2479 2517 2739 2588 primum
2767 2521 3159 2578 recesserunt,
3189 2519 3252 2568 ut
3277 2513 3381 2584 qui
3401 2527 3646 2568 venena-

2005 2618 2196 2665 torum
2241 2606 2736 2662 animalculorum
2781 2605 3022 2658 minime
3063 2603 3280 2657 ferrent
3331 2601 3643 2672 impetum.

2002 2701 2146 2753 Cum
2187 2697 2387 2766 itaque
2426 2692 2612 2748 sancti
2640 2692 2848 2746 decem
2879 2690 3006 2745 dies
3053 2696 3109 2744 et
3147 2693 3350 2744 noctes
3408 2688 3520 2744 hoc
3563 2687 3648 2742 in-

2002 2785 2302 2841 tolerabile
2365 2788 2421 2838 et
2487 2781 2769 2836 acerbum
2831 2777 3211 2849 pertulissent
3263 2776 3643 2848 supplicium,

2002 2873 2250 2927 sublatis
2292 2872 2367 2924 ad
2400 2871 2582 2923 Deum
2622 2867 2829 2928 oculis,
2868 2865 3187 2920 Dominum
3219 2864 3438 2936 precati
3485 2867 3643 2928 sunt,

2001 2963 2262 3015 dicentes
2289 2980 2300 3010 :
2335 2957 2579 3012 Domine
2612 2958 2763 3011 Dens
2792 2957 3011 3017 noster,
3045 2953 3148 3024 qui
3178 2968 3290 3007 nos
3331 2951 3540 3006 creasti
3571 2951 3646 3005 ad

2004 3048 2330 3116 imaginem
2357 3050 2410 3099 et
2438 3043 2877 3098 similitudinem
2909 3048 3094 3106 tuam,
3129 3039 3497 3096 etdeduxisti
3537 3055 3647 3094 nos

298 3143 385 3188 καὶ
450 3140 702 3200 θεότητος,
756 3141 844 3188 καὶ
893 3143 983 3187 τοῦ
1023 3143 1327 3207 μονογενοῦς
1361 3154 1454 3186 σου
1488 3137 1629 3201 Υἰού,
1666 3143 1755 3187 καὶ
1803 3144 1894 3186 τού

2010 3137 2082 3192 ad
2114 3135 2475 3204 agnitionem
2495 3137 2607 3186 tuae
2635 3131 2889 3186 veritatis
2913 3134 2970 3184 et
2995 3127 3334 3193 divinitatis,
3369 3132 3424 3184 et
3446 3127 3648 3198 unige-

301 3231 560 3295 παναγίου
595 3230 909 3296 Πνεύματος,
968 3230 1052 3275 σοὶ
1083 3225 1612 3295 παρακατατιθέμεθα
1649 3228 1742 3286 τὰς
1773 3227 1894 3295 ήμε-

301 3319 447 3387 τέρας
517 3313 702 3384 ψυχὰς
770 3318 859 3364 καὶ
928 3311 1324 3385 παρακαλοῦμεν
1385 3312 1674 3374 κατατάξαι
1732 3315 1893 3373 αύτάς

301 3407 428 3473 μετά
476 3405 676 3454 πάντων
734 3411 831 3454 τών
906 3400 993 3452 ἀπ’
1049 3401 1228 3460 αἰῶνος
1302 3401 1756 3474 εύαρεστησάντων
1808 3423 1891 3455 σοι

301 3490 478 3560 ἁγίων.
529 3496 627 3543 Καὶ
671 3489 1075 3562 προσευξάμενοι
1121 3485 1430 3561 παρέδωκαν
1477 3488 1522 3540 ἐν
1581 3491 1753 3562 εἰρήνῃ
1799 3496 1889 3554 τάς

300 3579 482 3650 ψυχὰς
508 3580 674 3631 αὐτῶν
701 3588 772 3648 τῷ
797 3583 924 3648 Θεῷ,
953 3583 1041 3629 καὶ
1068 3587 1167 3629 τῶν
1196 3581 1451 3649 στεφάνων
1480 3579 1778 3641 ἠξιώθησαν
1801 3590 1890 3642 τῆς

298 3667 581 3731 ἀθλήσεως.

2005 3225 2107 3280 niti
2141 3221 2222 3278 tui
2257 3221 2392 3282 Filii.
2428 3225 2484 3274 et
2505 3218 2861 3273 sanctissimi
2891 3224 2946 3273 et
2969 3217 3183 3272 viviﬁci
3207 3215 3647 3288 Spiritus,apud

2003 3320 2055 3368 te
2100 3314 2332 3366 nostras
2364 3307 2594 3362 animas
2637 3304 3017 3375 deponimus,
3050 3310 3105 3359 et
3134 3319 3416 3372 rogamus
3461 3307 3521 3357 ut
3545 3319 3646 3357 eas

2001 3401 2253 3455 colloces
2277 3413 2413 3452 cum
2435 3393 2716 3450 omnibus
2741 3392 2978 3456 sanctis,
3001 3391 3104 3462 qui
3126 3391 3230 3446 tibi
3251 3390 3648 3462 placuerunta

2002 3487 2242 3544 saeculo.
2279 3482 2574 3550 Quoniam
2598 3487 2652 3536 te
2671 3479 3008 3547 dileximus,
3033 3484 3087 3533 et
3104 3483 3154 3534 te
3179 3477 3648 3533 desideravimus

2000 3597 2067 3636 ex
2103 3581 2222 3632 toto
2245 3574 2445 3630 animo
2467 3576 2692 3638 nostro,
2715 3575 2770 3624 et
2801 3585 2908 3640 pro
2926 3574 2979 3622 te
3000 3567 3275 3639 nosipsos
3296 3567 3373 3622 ad
3397 3571 3648 3622 mortem

1999 3664 2371 3726 tradidimus.
2404 3663 2487 3716 Tu
2513 3675 2576 3714 es
2601 3658 2760 3714 enim
2783 3658 2936 3712 Deus
2967 3655 3128 3712 solus
3155 3655 3445 3726 benignus
3468 3659 3521 3710 et
3539 3654 3648 3709 cle-

298 3774 487 3825 mens,
511 3764 566 3812 et
595 3763 648 3812 te
680 3757 846 3812 decet
872 3756 1058 3825 gloria
1083 3755 1138 3809 in
1173 3755 1411 3810 smcula.
1445 3758 1660 3812 Amen.
1698 3759 1839 3817 Haec
1871 3778 2008 3817 cum
2032 3755 2342 3820 dixissent,
2365 3751 2484 3804 Deo
2517 3746 2886 3803 tradiderunt
2914 3745 3119 3800 beatas
3159 3748 3215 3800 et
3249 3743 3486 3799 divinas
3524 3743 3651 3799 ani-

299 3863 449 3911 mas,
479 3853 532 3900 et
559 3847 640 3900 sic
672 3846 896 3913 dignati
924 3844 1161 3898 fuerunt
1190 3844 1428 3899 coronis
1469 3843 1904 3905 decertationis.

371 3935 466 3989 IA'.
524 3935 581 3986 Ὀ
646 3931 704 3986 δὲ
761 3938 1066 4005 παμμίαρος
1122 3931 1366 4006 βασιλεὺς
1422 3933 1744 4006 Μαξιμιανὸς
1799 3944 1889 3990 καὶ

299 4026 427 4097 μετά
460 4026 674 4076 θάνατον
715 4031 818 4083 τοὶς
858 4021 934 4075 ἀεὶ
965 4023 1094 4082 ζώσι
1129 4024 1445 4094 θυμούμενος
1491 4025 1722 4094 μάρτυσι
1755 4028 1890 4096 (Θεῷ

297 4118 398 4186 γὰρ
450 4115 611 4174 ζῶσιν
665 4115 715 4164 οἰ
767 4117 896 4165 κοιτά
951 4117 1078 4164 Θεὸν
1132 4108 1519 4182 ἐπιδημήσαντες
1567 4112 1660 4164 κᾶν
1693 4113 1894 4168 ἐνθένδε

307 4202 722 4272 ἀπαλλαγῶσιν),
781 4201 1009 4262 ἀκούσας
1057 4203 1136 4253 ὁτι
1188 4199 1495 4273 παρέδωκαν
1543 4205 1634 4263 τὰς
1686 4203 1892 4272 ψυχας,

305 4293 492 4344 κελεύει
540 4299 648 4353 τοῖς
707 4289 1018 4365 δορυφόροις
1068 4293 1162 4350 τὰς
1217 4294 1400 4359 τιμίων
1455 4287 1622 4339 αὐτῶν
1675 4289 1898 4358 κεφαλὰς

2075 3935 2204 3988 XIV.
2262 3927 2588 3986 Sceleratus
2617 3927 2817 3978 autem
2855 3927 2910 3978 et
2947 3923 3296 3994 tyrannicus
3328 3922 3651 3994 imperator

2004 4021 2408 4082 Maximianus,
2436 4015 2614 4069 etiam
2651 4018 2785 4082 past
2836 4016 3086 4067 mortem
3112 4011 3371 4066 irascens
3415 4025 3652 4081 semper

2003 4109 2337 4165 viventibus
2379 4100 2742 4171 martyribus
2784 4099 2926 4166 (Deo
2965 4101 3124 4154 enim
3171 4099 3398 4163 vivunt,
3438 4099 3541 4170 qui
3579 4113 3652 4153 ex

2006 4199 2124 4251 Deo
2173 4193 2561 4260 emigrarunt,
2607 4187 2842 4242 etiamsi
2884 4187 3023 4243 hinc
3069 4187 3465 4252 excesserint),
3511 4202 3652 4242 cum

2006 4281 2330 4339 audivisset
2359 4293 2460 4332 eos
2491 4273 2757 4329 emisisse
2779 4275 3034 4339 animas,
3058 4275 3228 4345 jubet
3257 4274 3525 4331 abscindi
3557 4290 3648 4329 ve-

309 4380 529 4452 ἐκτεμεῖν
579 4386 668 4432 καὶ
710 4380 864 4454 ῥίψαι
911 4382 1046 4429 κατά
1075 4382 1158 4428 τὸν
1189 4377 1342 4428 αὐτόν
1373 4381 1552 4428 τόπον.
1590 4378 1654 4426 Οἱ
1687 4373 1743 4428 δε
1774 4395 1897 4427 κατ-

2010 4370 2276 4426 neranda
2295 4372 2351 4422 et
2375 4368 2582 4421 saneta
2599 4377 2805 4416 eorum
2837 4362 3050 4434 capita,
3073 4367 3130 4417 et
3141 4363 3257 4431 jaci
3287 4364 3342 4416 in
3372 4363 3652 4417 eumdem

309 4475 588 4540 αγαγόντες
634 4469 734 4520 ἀπὸ
777 4477 872 4519 τών
919 4466 1076 4529 ξύλων
1121 4468 1184 4516 τὰ
1219 4461 1402 4524 ἔνδοξα
1450 4463 1613 4514 αὐτῶν
1660 4465 1896 4534 λείψανα,

309 4559 400 4610 οὐκ
484 4558 772 4630 ἐνάρκησαν
851 4558 942 4616 τὰς
1021 4553 1335 4624 σεϐασμίους
1401 4552 1566 4603 αὐτῶν
1630 4552 1898 4625 ἀποτεμεῖν

309 4647 549 4718 κεφαλὰς,
624 4645 750 4697 ἀλλά
817 4647 1009 4704 ταύτας
1056 4643 1382 4713 ἐκκόψαντες,
1463 4651 1704 4712 πανταχῆ
1767 4646 1900 4694 κατά

311 4741 402 4793 τὴν
455 4736 579 4794 ὕλην
644 4734 837 4792 ἐκείνην
901 4731 1299 4806 διεσκόρπισαν.
1373 4735 1517 4792 Τινὲς
1593 4727 1652 4782 δε
1721 4737 1898 4783 πιστοὶ

310 4822 544 4896 ἀδελφοὶ,
600 4827 782 4885 νυκτὸς
833 4826 960 4894 μετά
1020 4821 1206 4875 πολλου
1273 4820 1429 4892 φόϐου
1476 4825 1894 4893 παραγενόμενοι,

314 4913 581 4975 συνέλεξαν
605 4916 691 4972 τάς
734 4917 914 4983 τιμίας
961 4913 1127 4962 αὐτῶν
1176 4909 1394 4981 κεφαλὰς
1424 4914 1512 4960 καὶ
1557 4911 1621 4960 τά
1669 4911 1900 4979 πανάγία

311 5003 478 5054 αύτών
515 5009 753 5072 σώματα,
794 5006 882 5052 καὶ
926 5003 1053 5071 μετά
1103 5007 1259 5070 τιμῆς
1297 5004 1385 5049 καὶ
1436 4994 1656 5058 εὐωδίας
1709 4997 1897 5060 πολλῆς

312 5097 402 5143 καὶ
450 5087 759 5161 ψαλμῳδίας
792 5088 956 5140 ἐνθέου
1009 5093 1098 5139 καὶ
1150 5089 1312 5157 εὐχῆς
1351 5090 1576 5146 ἐκτενοῡς
1626 5086 1898 5160 ὀρύξαντες

310 5188 371 5252 τῇ
413 5187 480 5250 γῇ
533 5187 699 5230 ταῦτα
751 5179 1017 5228 κατέθεντο
1063 5176 1108 5226 ἐν
1156 5175 1294 5245 αύτῲ
1342 5182 1414 5243 τῷ
1461 5179 1602 5245 τόπῳ
1647 5177 1766 5226 ἔνθα
1811 5180 1897 5228 καὶ

311 5269 634 5340 ᾐγωνίσαντο
691 5269 739 5318 οἱ
789 5272 1011 5336 γενναῖοι
1063 5272 1152 5315 τοῦ
1200 5270 1426 5336 Χριστοῦ
1468 5274 1808 5333 στρατιῶται,
1853 5265 1899 5314 ἐν

307 5357 348 5426 ᾧ
404 5361 492 5407 καὶ
536 5354 888 5426 ἐπιφαίνονται
927 5357 990 5412 ὡς
1030 5359 1290 5423 φωστῆρες
1336 5350 1382 5401 ἐν
1423 5356 1622 5420 κόσμῳ.
1676 5351 1897 5424 Εὐφραί-

309 5463 397 5495 νου
451 5449 638 5511 τοίνυν,
685 5443 960 5514 Ἀπάμεια,
1019 5444 1260 5511 στέφανον
1328 5435 1696 5509 ἀναδησαμένη
1749 5458 1900 5490 πνευ-

313 5551 551 5604 ματικόν,
605 5531 660 5583 ἐκ
710 5528 970 5603 διαφόρων
1012 5529 1165 5580 λίθων
1204 5526 1496 5597 πολυτίμων
1544 5532 1896 5598 συγκείμενον,

313 5625 403 5674 καὶ
461 5625 584 5694 μίαν
645 5620 890 5695 ἁρμονίαν
967 5620 1248 5691 θεοπρεποῠ
1304 5613 1598 5688 ἐλλάμψεως
1668 5614 1898 5688 ἀπεργα-

2008 4461 2226 4516 locum.
2261 4451 2499 4510 Pessimi
2526 4465 2665 4504 vero
2690 4450 2936 4505 ministri
2960 4450 3222 4506 scelerati
3255 4451 3648 4520 imperatoris,

2007 4564 2142 4604 cum
2177 4563 2206 4601 e
2237 4545 2399 4613 ligno
2421 4537 2838 4610 deposuissent
2869 4539 3240 4595 venerandas
3279 4545 3333 4594 et
3360 4539 3652 4608 gloriosas

2007 4651 2215 4693 eorum
2234 4630 2540 4704 reliquias,
2566 4641 2685 4680 non
2708 4626 2874 4682 veriti
2898 4633 3033 4683 sunt
3060 4634 3370 4699 amputare
3401 4627 3654 4684 colenda

2007 4741 2211 4782 eorum
2243 4722 2454 4793 capita.
2489 4719 2633 4771 Cum
2665 4732 2735 4771 ea
2762 4721 2962 4772 autem
2989 4717 3397 4780 abscidissent,
3433 4717 3652 4788 ubique

2007 4831 2113 4888 per
2153 4812 2314 4868 illam
2346 4809 2551 4864 silvam
2587 4806 2962 4878 proiecerunt
2988 4821 3058 4861 ac
3087 4804 3472 4875 dissiparunt.
3517 4805 3652 4869 Qui-

2007 4905 2149 4959 dam
2184 4915 2319 4956 vero
2342 4898 2551 4952 fratres
2577 4896 2798 4964 fideles,
2826 4900 3004 4949 noctu
3022 4908 3160 4947 cum
3193 4907 3414 4961 magno
3444 4892 3652 4949 timore

2007 4992 2373 5051 accedentes,
2408 4985 2773 5056 collegerunt
2806 4982 3144 5038 veneranda
3197 4996 3401 5036 eorum
3455 4981 3652 5052 capita

2008 5087 2064 5137 et
2115 5075 2484 5134 sanctissima
2533 5081 2589 5131 et
2632 5071 2985 5129 honoranda
3037 5085 3237 5125 eorum
3283 5083 3553 5139 corpora,
3598 5079 3655 5126 et

2009 5185 2146 5225 cum
2187 5182 2278 5230 eo,
2321 5179 2441 5236 quo
2471 5179 2582 5236 par
2611 5169 2718 5224 est,
2764 5161 3006 5223 honore,
3049 5164 3101 5213 et
3144 5156 3332 5213 multo
3371 5173 3441 5212 ac
3487 5159 3654 5214 suavi

2008 5257 2211 5320 odore,
2245 5253 2567 5324 divinaque
2598 5247 2954 5322 psalmodia,
2989 5252 3043 5301 et
3075 5245 3324 5302 intensis
3354 5245 3649 5316 precibus,

2009 5347 2070 5402 in
2092 5351 2245 5402 terra
2260 5341 2570 5403 fodientes,
2601 5339 3006 5408 deposuerunt
3028 5333 3164 5405 ipsa
3192 5333 3254 5389 in
3274 5349 3344 5389 eo
3367 5333 3520 5399 loco,
3552 5334 3656 5390 ubi

2007 5433 2454 5492 decertaverunt
2506 5425 2772 5498 praeclari
2816 5428 2873 5479 et
2922 5423 3100 5479 fortes
3151 5422 3360 5478 Christi
3409 5420 3652 5476 milites.

2007 5525 2071 5579 1n
2088 5537 2209 5595 quo
2221 5518 2390 5575 etiam
2409 5518 2698 5588 apparent
2719 5519 2996 5584 tanquam
3010 5511 3318 5567 luminaria
3331 5510 3391 5565 in
3411 5509 3654 5568 mundo.

2009 5614 2275 5680 Quorum
2303 5620 2414 5666 nos
2435 5619 2679 5677 quoque
2692 5617 2898 5660 omnes
2919 5602 3234 5674 dignemur
3255 5613 3384 5656 esse
3405 5595 3653 5653 celebris
