4114 6262
437 266 535 323 371
1832 248 2091 308 MENSIS
2129 244 2398 303 IULIUS.
3689 228 3810 287 372

437 393 764 449 conventus
801 387 1119 460 participes
1149 391 1205 441 et
1235 384 1459 453 gratiae,
1494 397 1614 439 uno
1633 381 1836 437 animo
1857 381 1913 434 et
1942 391 2054 432 con

2192 372 2421 443 ξάμενον,
2484 369 2746 441 θησαυρὸν
2803 363 3040 434 οὐράνιον
3098 361 3321 430 ἔχουσα,
3378 354 3665 430 διαφόρους
3698 358 3805 427 μὲν

441 495 620 535 sensu
646 478 922 539 fruentes,
958 491 1092 546 quae
1115 474 1191 529 ab
1209 473 1293 527 eis
1315 471 1719 543 proﬁciscitur,
1745 466 2050 523 curatione

2192 442 2520 532 μαργάριτας
2566 458 2784 508 πλούτου
2838 451 3182 522 ἓκλάμποντα,
3236 450 3356 521 πρὸς
3408 450 3530 518 μίαν
3586 442 3645 498 δὲ
3702 450 3808 497 καὶ

440 534 503 615 in
542 558 770 613 Christo
808 534 943 610 Jesu
978 534 1238 609 .Domino
1283 534 1502 612 nostro,
1547 550 1640 605 cui
1668 548 1855 618 gloria
1898 552 1952 600 et
1984 562 2061 616 po

2194 554 2280 606 τὴν
2335 548 2493 604 αὐτὴν
2542 554 2637 605 τῆς
2684 546 2933 595 ακτίστου
2981 534 3205 613 Τριάδος
3248 543 3671 608 φωταγωγοῡντα
3701 539 3808 585 πί-

440 648 641 711 tentia,
674 661 808 700 cum
848 645 1014 697 Patre
1052 648 1106 697 et
1141 646 1343 696 sancto
1389 641 1605 712 Spiritu
1636 654 1795 693 nunc
1849 647 1905 691 et
1936 651 2059 690 sem

2200 657 2331 701 στιν,
2366 636 2574 710 οὐρανὸς
2615 632 2908 704 ἀγάλλεται,
2934 638 3001 699 γῆ
3040 636 3110 698 τῷ
3153 635 3248 687 τῆς
3288 623 3629 685 δικαιοσύνης
3663 624 3800 695 ἡλίῳ

440 750 564 804 per,
607 738 662 788 et
691 732 752 786 in
782 730 997 786 saecula
1023 730 1397 784 saeculorum.
1432 729 1641 782 Amen.

2201 726 2519 797 φὐτιζομένη
2578 727 2666 774 καὶ
2727 717 3098 791 παμποικίλοις
3163 717 3377 787 ἄστροις
3447 713 3804 783 ἐκλάμπουσα

440 830 549 883 τοῖς
574 817 931 891 ἑϐδομήκοντα
955 822 1211 891 μάρτυσιν
1238 822 1329 874 τὴν
1362 814 1518 878 δόξαν
1549 823 1639 867 τοῦ
1664 822 1794 867 Θεοῦ
1819 812 2238 884 διαγγέλλουσιν,
2267 816 2333 865 ὧν
2360 820 2448 865 καὶ
2469 816 2612 884 ἡμεῖς
2637 811 2970 879 ἀξιωθείημεν
2987 810 3217 857 κοινωνοὶ
3243 806 3482 874 γενέσθαι
3508 811 3604 865 τῆς
3623 823 3803 860 πανη-

439 913 636 983 γύρεως
664 914 751 960 καὶ
776 916 870 967 τῆς
895 909 1116 978 χάριτος
1145 910 1486 977 μέτοχοι,καὶ
1512 913 1606 965 τῆς
1638 905 1815 977 ἑορτῆς
1841 906 2193 975 ὁμογνώμονες
2221 912 2315 963 τῆς
2342 903 2462 974 παρ’
2490 902 2655 953 αὐτῶν
2690 900 2874 958 ἰάσεως
2905 894 3261 959 ἀπολαύοντες,
3291 893 3337 945 ἐν
3368 900 3584 965 Χριστῷ
3608 894 3803 949 Ἰησοῦ

442 1008 514 1069 τῷ
546 1003 719 1071 Κυρίῷ
746 999 909 1067 ἡμῶν,
1010 998 1036 1052 ἡ
1070 992 1200 1057 δόξα
1228 999 1316 1046 καὶ
1346 997 1403 1045 τὸ
1426 995 1613 1066 κράτος
1644 997 1737 1044 σὺν
1766 1001 1838 1062 τῷ
1872 998 2033 1067 Πατρὶ
2060 1000 2149 1045 και
2173 1002 2242 1063 τῷ
2271 992 2402 1063 ἀγίῳ
2436 992 2714 1061 Πνεύματι,
2746 995 2832 1038 νῦν
2864 989 2953 1037 καὶ
2978 983 3074 1050 ἀεὶ,
3107 988 3195 1035 καὶ
3220 983 3291 1044 εἰς
3316 986 3437 1043 τοὺς
3468 989 3660 1041 αἰῶνας
3692 989 3801 1033 τῶν

443 1086 656 1138 αἰώνων.
688 1086 872 1157 Ἀμήν.

873 1196 3796 1220 mm

868 1212 3799 1237 ψ

1756 1346 2448 1434 ΥΠΟΜΝΗΜΑ

2082 1517 2182 1566 ΕΙΣ

911 1682 1192 1789 TON
1249 1678 1785 1792 ΜΕΓΑΝ
1848 1675 2536 1789 IIPocrH'rr

1711 1678 1785 1791 δῖ
1848 1673 2691 1789 ΠΡΟΦΗΤΗΝ
2757 1666 3336 1787 ΔΑΝΙΗΔ

1713 1872 1801 1920 καὶ
1829 1871 1951 1929 τοὺς
1982 1867 2163 1939 ἁγίους
2192 1872 2331 1940 τρεῖς
2372 1862 2573 1927 παῖδας

1453 2016 1885 2091 ΑΝΑΝΙΑΝ,
1945 2016 2357 2093 ΑΖΑΡΙΑΝ,
2409 2013 2791 2081 ΜῙΣΑΗΛ.

1542 2390 2691 2513 COMMENTARIUS

741 2753 1492 2898 SANCTO
1597 2623 2364 2895 ΡΒΟΡῖΙΕ

1935 2623 2632 2895 »ΡῖΙΕΤΑ
2719 2756 2978 2897 DA
3000 2753 3560 2894 NIELE

1629 3037 1726 3094 ET
1771 3035 1869 3094 DE
1901 3033 2007 3095 SS.
2043 3035 2323 3096 TRIBUS
2368 3036 2642 3097 PUERIS

1242 3225 1679 3340 ANANIA,
1768 3227 2167 3313 AZABlA
2256 3227 2389 3311 ET
2476 3225 2987 3333 MISAELE,

459 3460 667 3523 (Latine
684 3459 826 3524 apud
853 3459 1065 3509 Surium
1090 3460 1157 3509 ad
1174 3459 1314 3510 diem
1326 3461 1380 3508 21
1408 3459 1534 3508 Julii
1564 3474 1575 3517 ;
1598 3459 1813 3509 Graecus
1832 3461 2008 3507 textus
2020 3471 2163 3507 nunc
2185 3459 2420 3522 primum
2439 3459 2614 3508 editur
2629 3472 2693 3508 ex
2713 3459 2836 3513 cod.
2858 3473 2961 3513 ms.
2991 3460 3151 3509 Paris.
3168 3460 3305 3516 1400,
3322 3472 3438 3508 saec.
3460 3472 3527 3507 χι.
3547 3456 3632 3505 Eo.
3654 3455 3803 3505 Pun)

534 3808 579 3865 Ι.
595 3808 736 3860 Cum
752 3805 1298 3861 Nabuchodonosor
1310 3820 1410 3859 rex
1425 3804 1799 3875 Assyriorum
1815 3803 2109 3859 civitatem
2142 3805 2159 3858 l

2294 3805 2374 3859 A'.
2416 3813 2569 3879 Ἂρτι
2619 3803 3097 3880 Ναϐουχοδονόσορ
3157 3808 3181 3857 ὁ
3223 3804 3471 3878 βασιλεὺς
3517 3806 3816 3875 Ἀσσυρίων

464 3894 791 3952 Jerusalem
812 3894 968 3949 bello
990 3895 1257 3964 cepisset,
1285 3899 1339 3948 et
1362 3908 1642 3961 magnam
1668 3892 1826 3947 illinc
1843 3894 2089 3963 praedan

2220 3897 2312 3950 τὴν
2359 3893 2697 3965 Ἰερουσαλὴμ
2761 3895 2964 3966 πολέμῳ
3021 3896 3504 3965 κατακτησάμενος,
3573 3893 3712 3945 λείαν
3766 3912 3818 3944 τε

465 3986 699 4054 egisset,
761 3988 817 4039 et
865 3983 1156 4055 plurimos
1205 3982 1551 4038 abduxisset
1589 3982 1745 4037 bello
1790 3988 2016 4050 captos,
2061 3997 2090 4036 e

2222 3981 2413 4037 πολλὴν
2465 3981 2650 4033 ἐκεῖθεν
2695 3981 2879 4043 ἐλάσας
2927 3989 3015 4036 καὶ
3058 3982 3381 4058 δορυαλώτος
3434 3986 3502 4043 ὡς
3545 3987 3819 4043 πλείστους

465 4072 763 4145 splendide
794 4088 863 4128 ac
894 4072 1212 4143 magniﬁce
1242 4087 1511 4127 reversus
1544 4076 1699 4125 esset
1729 4069 2086 4139 Babylonem

2222 4069 2411 4131 λαϐὼν,
2464 4072 2710 4141 λαμπρῶς
2758 4091 2811 4123 τε
2854 4073 2920 4132 εἰς
2970 4073 3247 4125 Βαϐυλῶνα
3284 4072 3436 4125 πάλιν
3488 4076 3582 4130 τὴν
3627 4071 3816 4123 οἰκείαν

467 4162 557 4218 sui
576 4161 805 4232 imperii
836 4161 1058 4226 sedem,
1089 4160 1493 4217 nobilissimos
1526 4175 1739 4231 pueros
1771 4160 2092 4214 Judseoruu

2224 4158 2398 4233 ἀρχὴν
2455 4158 2758 4227 ἀναζεύξας,
2800 4166 2921 4223 τοὺς
2969 4162 3360 4233 εὐγενεστάτους
3398 4168 3499 4212 τῶν
3550 4157 3816 4213 Ἰουδαίων

465 4250 700 4322 delegit,
733 4256 787 4305 et
808 4251 917 4305 sibi
940 4250 1015 4305 ad
1042 4266 1217 4305 suum
1248 4250 1514 4305 attribuit
1538 4249 2083 4305 ministeriumlnte

2221 4244 2423 4308 παῖδας
2516 4246 2909 4320 ἀπολεξάμενος,
2999 4251 3069 4311 εἰς
3163 4252 3450 4325 ὑπουργίαν
3558 4248 3817 4321 ἀπένειμεν

463 4355 615 4412 quos
644 4344 811 4395 erant
830 4340 1009 4396 etiam
1031 4344 1287 4410 quatuor
1317 4338 1503 4406 exiis,
1528 4340 1629 4409 qui
1655 4355 1690 4393 a
1725 4354 1860 4407 rege
1896 4338 2088 4393 Davidl

2223 4338 2406 4403 ἑαυτῶ,
2464 4337 2511 4388 ἐν
2565 4340 2641 4399 οἷς
2688 4344 2774 4391 καὶ
2821 4345 3066 4414 τέσσαρες
3104 4337 3236 4398 ἦσαν
3285 4348 3383 4392 τῶν
3431 4345 3523 4391 τοῦ
3565 4338 3816 4411 βασιλέως

468 4427 762 4483 ducebant
822 4428 1112 4496 originem
1147 4426 1416 4497 :pulcbri
1467 4426 1710 4496 quidem
1760 4426 1952 4497 specie
1992 4442 2092 4481 cor

2223 4425 2387 4480 Δαυίὸ
2418 4426 2700 4497 ἀπογόνων,
2751 4427 2901 4480 καλοὶ
2966 4432 3055 4500 μὲν
3108 4434 3201 4486 τὴν
3240 4436 3330 4481 τοῦ
3380 4434 3618 4500 σώματος
3661 4430 3809 4501 ὤραν,

467 4515 647 4588 poris,
680 4513 909 4585 pulchri
953 4518 1152 4568 autem
1203 4515 1390 4583 specie
1418 4528 1659 4583 quoque
1691 4514 1923 4578 animos,
1954 4514 2087 4582 inge

2222 4516 2368 4569 καλοὶ
2410 4513 2468 4568 δὲ
2502 4522 2589 4567 καὶ
2624 4521 2719 4573 τὴν
2761 4527 2849 4576 τῆς
2889 4517 3042 4588 ψυχὴ
3057 4537 3096 4583 ς,
3142 4522 3229 4569 καὶ
3266 4516 3395 4569 πολὺ
3433 4521 3491 4569 τὸ
3532 4517 3727 4586 εὐγενὲς
3764 4514 3815 4578 ἐξ

466 4618 777 4675 nuumque
790 4600 1153 4657 etliberalem
1175 4606 1467 4671 aspectum
1488 4600 1732 4672 pulchre
1755 4618 1823 4657 ex
1849 4602 2091 4674 Uil‘lsqw

2224 4605 2522 4678 ἀμφοτέρων
2574 4601 3003 4676 ἐπιδεικνύμενοι,
3060 4606 3106 4657 οἱ
3161 4611 3249 4658 καὶ
3308 4607 3378 4666 εἰς
3437 4605 3671 4666 Ἐζεκίαν
3726 4611 3812 4657 καὶ

468 4690 1024 4763 ostendenteszqui
1075 4690 1252 4746 etiam
1282 4689 1359 4745 ad
1412 4689 1719 4744 Ezechiam
1784 4696 1837 4745 et
1890 4692 2093 4747 Josiau

2223 4694 2427 4747 Ἰωσίαν
2480 4698 2596 4755 τούς
2657 4690 3026 4755 δικαιοτάτους
3082 4703 3359 4768 προσεχῶς
3412 4698 3469 4747 τὸ
3526 4701 3673 4765 γένος
3728 4694 3810 4745 ἀν-

468 4783 626 4839 viros
655 4780 1016 4852 justissimos
1062 4795 1249 4850 genus
1290 4779 1560 4850 proxime
1586 4778 1935 4835 referebant.
1969 4782 2093 4837 Cun

2224 4787 2393 4857 έφερον
2449 4800 2459 4811 ’
2510 4785 2724 4844 τούτους
2772 4779 2857 4834 οὖν
2916 4785 3100 4844 ἐκεῖνος
3150 4783 3393 4855 ἐκτομίας
3446 4789 3669 4844 ποιήσας
3725 4791 3810 4837 καὶ

468 4870 601 4927 illos
644 4884 785 4939 ergo
834 4870 1166 4933 excidisset,
1210 4872 1265 4922 et
1304 4867 1653 4937 providisset
1700 4874 1758 4922 ut
1814 4885 1881 4924 ex
1910 4886 2093 4927 mens:

2222 4874 2575 4947 χορηγεῖσθαι
2630 4873 2807 4934 αὐτοῖς
2854 4875 2978 4943 τάγε
3025 4877 3148 4945 πρὸς
3186 4878 3377 4946 τροφὴν
3422 4872 3522 4925 ἀπὸ
3576 4882 3672 4935 τῆς
3715 4874 3807 4946 βα-

468 4958 631 5027 regia
661 4958 973 5026 alerentur,
1014 4956 1191 5013 tradit
1250 4955 1621 5027 pmdagogis,
1671 4960 1733 5010 ut
1779 4956 1836 5012 in
1877 4966 2093 5014 externa

2226 4961 2431 5019 σιλικῆς
2485 4964 2744 5033 τραπέζης
2799 4961 3166 5033 οἰκονομήσας,
3217 4959 3579 5033 παιδαγωγοῖς
3636 4982 3806 5034 παρα-

469 5046 757 5116 sapientia
784 5051 841 5102 et
870 5048 1001 5118 ipsa
1031 5045 1433 5102 Chaldaeorum
1452 5044 1720 5100 doctrina
1734 5046 1975 5116 pulchre
1990 5065 2091 5102 eru

2226 5046 2470 5111 δίδωσιν,
2524 5051 2591 5108 ὡς
2643 5049 2702 5099 ἀν
2773 5055 2867 5107 τήν
2925 5069 2977 5102 τε
3038 5052 3253 5122 Θύραθεν
3306 5056 3488 5121 σοφίαν
3543 5056 3633 5103 καὶ
3682 5052 3809 5104 αύτά

470 5134 755 5189 direntur.
802 5137 879 5189 Ex
909 5135 996 5190 his
1028 5150 1182 5190 unus
1230 5133 1473 5206 quidem
1506 5133 1832 5188 vocabatur
1862 5136 2065 5191 Daniel

2181 5140 2417 5211 ςᾱίριστα
2482 5132 2809 5188 παιδευθῶσι
2862 5140 2927 5189 τά
2963 5147 3062 5189 τῶν
3113 5136 3413 5193 Χαλδαίων.
3472 5142 3672 5191 Τούτων
3724 5142 3806 5209 μὲν

471 5221 577 5293 qui
627 5221 826 5291 ipsum
871 5239 1012 5279 vero
1063 5223 1445 5295 sequebatur,
1478 5223 1779 5277 Ananias:
1822 5228 1877 5279 et
1912 5227 2096 5280 tertius

2224 5225 2402 5282 Δανιή)
2460 5224 2684 5275 ἐκαλεῖτο
2736 5240 2752 5256 ⁶
2801 5227 2825 5276 ὁ
2880 5228 2990 5297 μετ’
3045 5228 3199 5279 αὐτὸν
3257 5226 3307 5280 δ’
3362 5228 3619 5293 Ἀνανίας,
3654 5228 3804 5287 Ἀζα-

472 5308 729 5376 Azarias,
763 5313 819 5363 et
843 5310 990 5365 alius
1028 5314 1243 5368 Misael.
1279 5310 1519 5369 Mutatis
1545 5314 1743 5365 autem
1766 5327 1971 5368 eorum
2012 5330 2097 5369 no-

2220 5320 2335 5388 ρίας
2386 5332 2432 5363 τε
2481 5313 2505 5362 ὁ
2551 5317 2721 5383 τρίτος
2776 5318 2865 5365 καὶ
2914 5317 2938 5366 ὁ
2994 5314 3167 5376 λοιπὸς
3221 5316 3425 5373 Μισαή)
3478 5334 3488 5345 ”
3523 5313 3806 5387 διαμείψας

475 5393 758 5459 minibus,
793 5397 1093 5454 Danielem
1131 5400 1370 5470 quidem
1404 5403 1577 5454 vocat
1612 5399 1924 5466 Baltassar,
1959 5402 2100 5457 Ana-

2222 5400 2280 5454 δὲ
2327 5401 2504 5461 αὐτοῖς
2554 5403 2620 5451 τὰ
2665 5404 2910 5473 ὀνόματα,
2970 5407 3056 5454 τὸν
3116 5408 3205 5476 μὲν
3262 5405 3449 5462 Δανιὴλ
3531 5404 3798 5477 Βαλτάσαρ

477 5482 636 5538 niam
683 5481 948 5548 Sidrach,
992 5487 1258 5543 Azariam
1302 5503 1436 5545 vero
1466 5486 1700 5553 Misach,
1726 5493 1781 5545 et
1809 5489 2102 5546 Misaelem

2218 5489 2381 5559 καλεῖ,
2440 5486 2647 5559 Σεδρὰχ
2690 5486 2747 5540 δὲ
2802 5494 2885 5541 τὸν
2946 5492 3201 5558 Ἀνανίαν,
3257 5497 3339 5544 τὸν
3396 5493 3643 5566 Ἀζαρίαν
3712 5500 3804 5545 Μι-
