4114 6262
275 337 377 394 3'73

1411 339 1581 396 vm.
1619 339 1681 397 s.
1721 322 2123 395 Paopnsw
2163 340 2513 398 DANIELIS.

3518 340 3622 397 374

277 462 401 526 σόικ,
448 463 538 513 καὶ
593 454 888 530 ’Δϐδεναγώ
936 462 1022 512 τὸν
1073 461 1288 521 Μισαηλ
1336 463 1579 536 ὀνομάζει
1607 483 1621 496 ·
1652 465 1737 526 οὓς
1768 461 1857 523 δή·

1976 463 2247 522 nominat
2271 464 2785 537 Abdenago.Quos
2806 464 3053 539 quidem
3083 467 3138 521 et
3161 480 3263 521 rex
3293 465 3624 530 amabat,et

272 569 374 602 που
422 554 511 600 καὶ
564 546 719 620 ἱφίλει
770 548 797 600 ὃ
852 546 1103 620 βασιλεὺς
1162 556 1251 603 καὶ
1318 551 1431 604 λίαν
1486 554 1684 625 εὐμενὲς
1743 558 1868 629 πρὸς

276 638 461 699 αὐτοὺς
508 636 702 700 ἔϐλεπε,
735 643 827 697 τῆς
875 635 1153 709 ἀγχινοίας
1196 636 1602 711 ἀποδεχόμενος,
1652 648 1742 696 καὶ
1792 645 1869 696 ὅτι

275 731 347 799 μη
420 730 572 796 μόνον
660 726 853 799 εύφυῶς
932 723 1183 780 διέκειντο
1251 734 1369 802 περὶ
1422 733 1488 782 τά
1559 732 1863 803 μαθήματα,

275 814 401 867 ἀλλὰ
439 820 528 868 καὶ
583 815 741 874 πολλή
789 835 865 876 τις
912 814 1187 888 ἐπέπρεπεν
1235 817 1408 879 αὐτοῖς
1453 823 1657 883 σύνεσίς
1688 841 1740 873 τε
1777 826 1867 873 καί⁵

269 907 575 974 κοσμιότης.
610 902 743 957 ’Δλλ’
791 904 947 964 οὕτως
989 907 1079 975 μὲν
1124 908 1248 977 πρὸς
1301 910 1415 968 τοὺς
1453 905 1647 970 παῖδας
1695 910 1719 961 6
1770 907 1866 981 βα-

273 991 412 1044 σιλεύ
423 1012 463 1053 ς.

341 1078 412 1132 Β’.
453 1078 643 1138 Δανιὴλ
706 1077 766 1132 δε
820 1081 846 1133 ὁ
907 1082 1196 1143 θαυμάσιος
1247 1083 1340 1135 ούκ
1392 1083 1662 1148 ἐπαινέτης
1711 1090 1863 1158 μόνον

268 1174 365 1228 τῆς
412 1165 598 1241 ἀρετῆς
646 1164 727 1233 ἧν,
777 1168 902 1221 ἀλλά
952 1175 1042 1222 καὶ
1089 1176 1266 1243 μετῄει
1314 1175 1508 1231 ταύτην
1556 1173 1805 1247 ἐπιμελῶς
1846 1194 1858 1207 ·

266 1260 358 1307 καὶ
406 1251 499 1308 διὰ
536 1263 689 1309 τοῦτο
735 1255 1156 1332 σκληραγωγίαις
1201 1280 1253 1313 τε
1295 1258 1534 1324 ἐξεδίδου
1582 1266 1639 1314 τό
1690 1272 1861 1335 σῶμα,

265 1348 355 1395 καὶ
386 1342 487 1396 ἀπό
537 1351 631 1406 τῆς
673 1342 953 1417 βασιλικῆς
999 1351 1262 1421 τραπέζης
1313 1345 1612 1421 ἐδεσμάτων
1660 1350 1717 1402 ού
1767 1355 1861 1421 μό-

263 1451 371 1500 νον,
427 1433 580 1493 αὐτὸς
618 1442 898 1507 παρῃτεῖτο
950 1436 1375 1509 μεταλαμϐάνειν,
1431 1436 1559 1491 ἀλλά
1613 1444 1702 1491 καὶ
1755 1447 1865 1501 τοῖς

264 1520 451 1596 ἑτέροις
503 1527 593 1574 καὶ
653 1528 948 1595 συγγενέσι,
1007 1532 1116 1586 τοῖς
1166 1531 1309 1596 τρισὶ
1355 1525 1486 1597 λέγω
1526 1532 1730 1593 παισὶν,
1778 1529 1861 1579 ού-

262 1630 335 1662 τω
386 1619 549 1663 ποιεῖν
609 1615 910 1684 παρηγγύα.
975 1612 1134 1675 Δόξαν
1202 1611 1288 1665 οὖν
1348 1613 1670 1687 ἀμφοτέροις,
1730 1618 1861 1668 καθ-

262 1698 380 1751 όλου
413 1703 612 1751 πάντων
653 1709 750 1751 τῶν
798 1700 1051 1773 ἐμψύχων
1102 1700 1397 1773 ἀπέχεσθαι
1454 1708 1541 1756 καὶ
1593 1708 1858 1777 σπέρμασι

260 1793 437 1860 μόνοις
475 1794 563 1841 καὶ
614 1788 864 1861 λαχάνοις
916 1793 1200 1859 σιτεῖσθαι,
1247 1791 1611 1865 προσελθόντες
1658 1793 1858 1865 Ἀσχά-
1890 1795 1932 1851 Β

260 1897 320 1950 νη
378 1887 448 1949 τῷ
506 1882 598 1936 τὴν
651 1877 938 1950 ἐπιμέλειαν
1005 1879 1171 1932 αὐτῶν
1225 1879 1639 1954 ἐπιτετραμμένῳ
1703 1881 1859 1955 ἀρχι-

263 1969 520 2038 ευνούχῳ,
568 1969 634 2018 τὰ
662 1971 751 2038 μὲν
780 1971 923 2040 παρά
965 1975 1056 2020 τοῦ
1109 1968 1368 2041 βασιλέως
1418 1971 1594 2034 αὐτοῖς
1635 1972 1855 2043 κομιζο-

263 2074 390 2125 μενα
436 2054 612 2117 ἠξίουν
668 2056 821 2107 αὐτόν
868 2057 1193 2129 λαμϐάνοντα
1240 2059 1551 2125 ἀναλίσκειν,
1608 2067 1855 2135 παρέχειν

262 2141 322 2195 δε
371 2143 478 2195 ἀντ’
526 2144 691 2195 αὐτῶν
736 2148 933 2219 ὅσπριά
963 2165 1016 2199 τε
1064 2153 1154 2200 καί
1185 2154 1413 2219 φοίνικας
1442 2149 1514 2211 εἰς
1546 2146 1853 2223 διατροφὴν,

256 2237 346 2283 καὶ
398 2235 444 2284 εἴ
491 2252 540 2284 τι
591 2241 691 2284 τῶν
724 2231 949 2304 ἀψύχων
998 2236 1163 2309 ἕτερον
1192 2238 1340 2290 αὐτοὶ
1384 2238 1653 2311 βούλοιντο
1685 2257 1695 2268 ”
1732 2243 1855 2312 πρός

253 2323 352 2392 γὰρ
407 2324 500 2377 τήν
549 2324 789 2380 τοιαύτην
839 2319 1070 2384 δίαιταν,
1120 2324 1311 2395 ἔλεγον,
1346 2326 1400 2389 ἐξ
1446 2326 1624 2398 ἀρχῆς
1663 2332 1856 2379 κεκονί·

258 2410 400 2473 σθαι,
432 2415 526 2471 τῆς
558 2406 616 2461 δι
647 2409 820 2484 ἐτέρας
865 2410 1151 2484 ὀλιγωρεῖν.
1207 2412 1264 2467 Ὀ
1320 2411 1379 2466 δὲ
1423 2412 1553 2467 εἶναὶ
1583 2419 1672 2487 μεν
1722 2417 1852 2467 ἕτοι-

257 2516 349 2568 μος
396 2496 577 2569 ἔλεγεν,
636 2499 907 2570 ὑπηρετεῖν
960 2500 1127 2551 αὐτῶν
1180 2509 1242 2574 τῇ
1298 2502 1521 2560 θελήσει.
1555 2504 1852 2576 ὑφορᾶσθαι

261 2581 319 2637 δε
349 2590 418 2656 μὴ
472 2583 762 2644 κατάδηλοι
815 2596 888 2659 τῷ
944 2586 1157 2659 βασιλεῖ
1204 2591 1498 2660 γενηθέντες
1550 2592 1604 2642 ἔκ
1655 2600 1708 2641 τε
1756 2599 1852 2651 τῆς

255 2682 351 2725 τῶν
410 2676 663 2745 σωμάτων
722 2675 1037 2746 ἰσχνότητος
1089 2682 1179 2731 καὶ
1234 2686 1327 2740 τῆς
1386 2678 1695 2752 ὠχρότητος
1751 2687 1849 2730 τῶν

255 2770 546 2835 προσώπων
602 2783 614 2795 ·
675 2764 1115 2835 συμμεταϐάλλειν
1170 2769 1271 2839 γὰρ
1326 2767 1498 2827 αὐτοῖς
1538 2765 1737 2838 ἀνάγκη
1786 2770 1851 2819 τὰ

262 2856 484 2921 σώματα
512 2855 718 2912 καὶτὰς
749 2858 921 2924 χρόας
970 2852 1081 2924 ἅμα
1123 2863 1184 2925 τῇ
1238 2852 1441 2927 διαίτη,
1492 2860 1579 2906 καὶ
1622 2856 1853 2925 μάλιστα

256 2948 358 2990 τῶν
411 2938 574 2990 ἄλλων
640 2937 843 2991 παίδων
912 2940 1287 3010 εὐπαθούντων,
1367 2945 1526 2993 αἴτιοι
1608 2939 1850 2995 κινδύνου

259 3032 350 3079 καὶ
398 3031 649 3102 τιμωρίας
701 3031 842 3097 αύτῷ
898 3038 1250 3081 καταστῶσιν.
1306 3029 1538 3101 Ἐχοντα
1582 3025 1670 3080 οὖν
1724 3034 1854 3103 πρὸς

257 3123 412 3167 τούτο
460 3115 682 3178 εὐλαϐῶς
734 3120 821 3168 τὸν
872 3117 1164 3188 Ἀσχάνην,
1222 3120 1490 3172 πείθουσιν
1529 3119 1578 3170 οἰ
1628 3126 1853 3189 γενναῖοι
1889 3159 1929 3215 C

258 3206 340 3255 ἐπὶ
396 3201 526 3256 δέκα
592 3208 787 3280 ἡμέρας
860 3216 1027 3258 ταῦτα
1086 3216 1384 3279 παρασχεῖν
1439 3206 1617 3267 αὐτοῖς
1676 3213 1853 3281 πείρας

256 3291 418 3355 ἕνεκα,
470 3296 555 3344 καὶ
609 3298 678 3364 μὴ
750 3292 1144 3366 μεταϐαλούσης
1195 3298 1284 3365 μὲν
1355 3295 1533 3357 αὐτοῖς
1590 3304 1687 3356 τῆς
1752 3305 1852 3347 τῶν

260 3382 512 3451 σωμάτων
570 3380 732 3445 ἕξεως,
789 3381 873 3434 ἐὰν
927 3390 1030 3442 τοῖς
1075 3383 1254 3445 αὐτοῖς
1298 3382 1548 3456 ἐπιμένειν
1588 3386 1656 3447 ὡς
1702 3380 1852 3436 οὐδὲν

263 3469 335 3518 ἔτι
388 3466 812 3542 βλαϐησομένους
858 3488 870 3501 ·
916 3472 960 3523 εί
1005 3468 1062 3523 δε
1109 3473 1414 3543 μειωθέντας
1458 3469 1568 3525 ’ίδοι
1610 3478 1699 3525 καὶ
1753 3480 1853 3524 τῶν

261 3555 421 3608 ἄλλων
479 3554 803 3633 ἀειδέστερον
873 3562 1113 3631 ἔχοντας,
1174 3560 1259 3612 ἐπὶ
1311 3565 1405 3619 τὴν
1454 3565 1705 3636 προτέραν
1759 3560 1855 3611 αύ-

260 3648 380 3706 τούς
428 3647 571 3718 ἄγειν
627 3643 832 3699 δίαιταν
883 3654 971 3700 καὶ
1023 3651 1159 3700 κατά
1210 3652 1277 3701 τά
1312 3649 1623 3721 κελευσμένα
1667 3655 1850 3701 ποιεῖν.

255 3734 344 3798 Ὠς
397 3732 455 3788 δε
501 3738 559 3788 ού
616 3742 768 3807 μόνον
822 3734 973 3790 ούδεν
1026 3738 1216 3800 αὐτοὺς
1290 3738 1460 3791 ἐλύπει
1520 3743 1615 3797 τὴν
1660 3742 1854 3810 τροφὴν

259 3821 453 3881 ἐκείνην
511 3831 946 3900 προσφερομένης,
998 3825 1125 3879 ἀλλὰ
1165 3832 1253 3879 καὶ
1301 3836 1401 3879 τῶν
1459 3827 1620 3879 ἄλλων
1672 3827 1856 3901 εὐτρα-

259 3916 496 3987 φέστεροι
533 3918 588 3965 τὰ
621 3922 842 3987 σώματα
869 3920 957 3967 καὶ
994 3915 1143 3968 καλοί
1186 3920 1278 3975 τὴν
1328 3916 1447 3987 ὄψιν
1494 3915 1740 3988 ἐγίνοντο,
1765 3915 1853 3977 Ὠς

260 4005 379 4063 τοὺς
408 4003 629 4078 ὁρῶντας
649 4009 769 4067 τοὺς
789 4008 879 4077 μὲν
899 4010 1018 4080 περὶ
1042 4010 1128 4058 τόν
1150 4005 1339 4065 Δανιὴλ
1356 4002 1526 4058 δοκεῖν
1557 4005 1605 4057 ἕν
1638 4003 1856 4077 ἀφθονίᾳ

258 4095 348 4143 καὶ
377 4100 542 4165 τρυφῇ
573 4101 634 4165 τῇ
664 4095 809 4167 πάσῃ
842 4093 1013 4167 βιοῦν,
1046 4098 1162 4156 τοὺς
1192 4095 1391 4168 ἑτέρους
1429 4092 1488 4148 δε
1514 4103 1613 4146 τῶν
1652 4091 1853 4146 παίδων

259 4176 578 4255 ἐνδεέστερον
632 4185 896 4237 σιτεῖσθαι
935 4189 1025 4237 καὶ
1059 4187 1131 4256 μὴ
1165 4185 1301 4237 κατά
1343 4188 1529 4256 χρείαν
1580 4181 1854 4235 ἀπολαύειν

258 4277 358 4320 τῶν
390 4265 424 4322 δ
432 4267 487 4323 ιδ
489 4274 696 4343 ομίνων.

332 4357 399 4412 Γ.
437 4358 523 4422 Ἐξ
570 4358 761 4412 ίκείνου
818 4363 949 4432 μετά
1008 4355 1190 4421 ἀδείας
1245 4359 1270 4409 ό
1322 4358 1592 4429 Ἀσχάνης
1635 4356 1735 4408 ὅσα
1766 4356 1855 4427 μὲν

261 4444 361 4499 ἀπὸ
410 4456 503 4499 τοῦ
553 4445 765 4501 δείπνου
808 4448 925 4500 καθ’
968 4450 1163 4520 ἡμέραν
1214 4449 1453 4507 συνήθως
1509 4447 1699 4516 ἔπεμπε
1741 4446 1856 4495 τού-

1976 552 2233 622 benigne
2263 554 2593 611 admodum
2620 570 2722 612 eos
2748 553 3098 627 aspiciebat,
3125 568 3334 610 eorum
3362 553 3621 611 laudans

1977 641 2238 698 indolem
2271 647 2363 699 :et
2400 643 2566 714 quod
2594 659 2717 699 non
2748 643 2942 699 solum
2971 641 3248 699 valebant
3266 642 3508 712 ingenio
3539 642 3617 699 ad

1976 730 2336 801 disciplinas,
2364 732 2468 787 sed
2510 731 2594 787 eis
2622 746 2863 804 quoque
2895 746 3184 801 magnum
3210 729 3493 787 afferebat
3523 745 3620 787 or-

1976 824 2327 875 namentum
2367 819 2606 876 solertia
2643 824 2699 876 et
2759 818 3069 876 modestia.
3098 819 3210 876 Sed
3252 819 3335 874 sic
3372 818 3617 890 quidem

1974 912 2099 962 erat
2126 922 2228 962 rex
2267 908 2511 964 affectus
2550 908 2611 964 in
2643 924 2880 980 pueros.

2042 1080 2107 1134 ll.
2146 1080 2386 1136 Divinus
2426 1088 2624 1138 autem
2666 1080 2868 1138 Daniel
2896 1095 3017 1136 non
3056 1080 3244 1137 solum
3301 1083 3427 1135 erat
3489 1079 3619 1136 lau-

1972 1167 2143 1225 dator
2173 1168 2422 1233 virtutis,
2458 1170 2564 1226 sed
2590 1186 2722 1227 eam
2746 1172 2924 1225 etiam
2944 1168 3255 1239 diligenter
3280 1166 3614 1223 exercebat.

1977 1258 2038 1312 Et
2059 1257 2192 1312 ideo
2215 1258 2528 1327 asperitate
2540 1258 2671 1314 vitae
2694 1273 2910 1329 corpus
2935 1255 3256 1326 afﬂigebat,
3273 1260 3330 1312 et
3342 1256 3615 1311 ciborum

1973 1359 2196 1399 mensae
2218 1344 2395 1414 regite
2425 1360 2546 1401 non
2578 1345 2772 1401 solum
2792 1344 3114 1401 recusabat
3132 1360 3260 1400 esse
3293 1342 3613 1416 particeps,

1972 1430 2077 1487 sed
2116 1431 2244 1487 aliis
2300 1438 2457 1489 etam
2497 1435 2785 1504 cognatis,
2840 1432 3049 1498 tribus,
3101 1432 3374 1504 inquam,
3410 1431 3613 1502 pueris

1971 1519 2053 1574 sic
2093 1520 2282 1577 suasit
2311 1526 2375 1576 ut
2404 1521 2685 1578 facerent.
2755 1520 2902 1577 Cum
2943 1521 3210 1593 utrisque
3239 1534 3383 1591 ergo
3412 1519 3612 1574 visum

1968 1613 2141 1673 esset,
2157 1609 2234 1664 ab
2245 1610 2526 1666 omnibus
2540 1610 2838 1666 abstinere
2851 1609 3153 1674 animatis,
3181 1613 3236 1665 et
3247 1606 3404 1663 vesci
3416 1606 3612 1662 solum

1968 1696 2300 1753 seminibus
2341 1702 2398 1754 et
2432 1698 2711 1765 oleribus,
2750 1698 3098 1755 accedentes
3122 1696 3201 1754 ad
3216 1695 3611 1753 Aschanetem

1967 1785 2499 1853 archieunuchum,
2532 1787 2627 1843 cui
2655 1793 2777 1843 erat
2807 1786 3131 1843 commissa
3159 1800 3369 1842 eorum
3399 1798 3545 1839 cura
3574 1797 3611 1838 a

1966 1889 2123 1944 rege,
2166 1890 2304 1932 eum
2332 1880 2637 1947 rogarunt,
2681 1880 2745 1931 ut
2781 1891 2916 1948 quae
2956 1875 3033 1932 ab
3063 1874 3195 1947 ipso
3219 1888 3357 1943 rege
3397 1871 3474 1929 ad
3506 1886 3609 1926 eos

1966 1962 2299 2029 afferentur,
2341 1964 2467 2037 ipse
2528 1965 2825 2037 accipiens
2879 1966 3302 2021 consumeret:
3358 1975 3467 2032 pro
3525 1958 3609 2015 eis

1964 2057 2161 2108 autem
2186 2053 2473 2125 praberet
2492 2053 2797 2123 legumina
2818 2058 2874 2110 et
2894 2052 3164 2124 dactylos
3186 2050 3263 2107 ad
3286 2048 3610 2106 nutrimen-

1963 2146 2109 2206 tum,
2143 2146 2199 2197 et
2237 2142 2287 2197 si
2316 2142 2464 2214 quid
2503 2143 2666 2198 aliud
2693 2142 2868 2198 vellet
2905 2157 2977 2198 ex
3042 2138 3346 2195 inanimis.
3405 2138 3467 2191 In
3494 2135 3609 2191 hac

1960 2229 2121 2285 enim
2146 2231 2279 2286 vitae
2309 2231 2538 2287 ratione
2567 2230 2847 2287 dicebant
2895 2245 2959 2286 se
3006 2238 3139 2284 esse
3184 2225 3469 2282 educatos
3529 2221 3608 2279 ab

1960 2317 2145 2382 initio,
2180 2318 2358 2374 aliam
2385 2335 2524 2375 vero
2563 2318 2888 2391 despicere.
2919 2318 3014 2374 llle
3045 2320 3242 2373 autem
3273 2313 3509 2370 dicebat
3545 2324 3607 2366 se

1960 2422 2088 2461 esse
2113 2406 2360 2479 quidem
2400 2412 2677 2480 paratum
2707 2406 2991 2463 inservire
3021 2420 3226 2462 eorum
3266 2398 3557 2459 voluntati
3589 2414 3603 2454 :

1960 2494 2066 2549 sed
2099 2496 2324 2562 timere,
2350 2511 2425 2552 ne
2458 2495 2519 2552 id
2550 2511 2653 2552 rex
2669 2496 3002 2551 rescisceret
3031 2509 3101 2549 ex
3126 2505 3445 2562 corporum
3476 2502 3608 2557 gra-

1956 2582 2171 2639 cilitate
2210 2588 2267 2639 et
2313 2583 2510 2639 vultus
2564 2583 2809 2655 pallore.
2850 2585 3096 2639 Necesse
3134 2579 3294 2635 enim
3359 2591 3512 2640 esse,
3546 2577 3608 2630 ut

1955 2671 2036 2726 eis
2066 2671 2245 2727 simul
2267 2675 2570 2729 mutentur
2596 2686 2849 2743 corpora
2874 2673 2929 2726 et
2950 2668 3176 2725 colores
3203 2683 3342 2723 cum
3378 2665 3606 2722 ratione

1956 2759 2144 2815 victus
2175 2777 2188 2816 :
2229 2764 2285 2816 et
2325 2760 2609 2827 maxime,
2649 2775 2725 2816 ne
2755 2775 2894 2815 cum
2933 2759 3027 2815 alii
3066 2757 3235 2830 pueri
3274 2756 3391 2811 sint
3427 2753 3605 2810 bonae

1958 2846 2346 2913 habitudinis,
2374 2849 2489 2920 ipsi
2520 2849 2637 2904 sint
2663 2848 2713 2904 ei
2752 2863 2938 2905 causa
2961 2845 3207 2918 periculi
3223 2848 3281 2901 et
3306 2841 3603 2915 supplicii.

1959 2936 2106 2989 Cum
2137 2935 2337 3007 itaque
2363 2937 2639 2993 cautione
2671 2937 2786 2992 hac
2819 2936 2880 2992 in
2909 2949 2973 2991 re
2997 2938 3258 2991 uteretur
3277 2931 3604 2994 Aschanes,

1958 3022 2008 3077 ei
2039 3022 2399 3092 persuadent
2418 3024 2587 3096 pueri
2610 3023 2690 3080 illi
2728 3024 2970 3094 egregii,
2993 3027 3055 3079 ut
3076 3022 3281 3079 decem
3317 3018 3447 3076 dies
3477 3019 3605 3075 haec

1960 3110 2070 3166 illis
2082 3111 2374 3183 prmheret
2390 3113 2731 3184 experiendi
2755 3128 2939 3169 causa
2962 3129 2975 3171 :
2996 3116 3055 3167 et
3069 3111 3115 3166 si
3132 3125 3253 3166 non
3276 3112 3607 3166 mutaretur

1960 3198 2201 3271 quidem
2228 3200 2311 3255 eis
2345 3215 2664 3272 corporum
2703 3200 2966 3268 habitus,
2998 3198 3213 3255 sineret
3249 3199 3311 3254 in
3351 3198 3435 3254 eis
3475 3212 3608 3268 per-

1960 3302 2254 3343 severare.
2298 3289 2397 3344 Sin
2426 3293 2626 3344 autem
2655 3287 2868 3344 viderit
2897 3288 3240 3352 diminutos,
3283 3292 3339 3343 et
3376 3285 3506 3343 aliis
3545 3299 3607 3340 se

1959 3375 2248 3431 habentes
2292 3376 2569 3441 deterius,
2605 3391 2707 3431 eos
2737 3375 2817 3433 ad
2844 3375 3105 3448 priorem
3136 3376 3327 3431 victus
3359 3374 3610 3430 reducat

1958 3464 2273 3533 rationem,
2297 3468 2354 3519 et
2375 3464 2552 3521 faciat
2577 3469 2643 3521 ut
2669 3464 2775 3521 fuit
2804 3464 2858 3521 ei
2890 3464 3274 3535 imperatum.
3299 3462 3447 3518 Cum
3465 3477 3606 3518 vero

1960 3569 2031 3609 eo
2108 3553 2391 3609 alimento
2458 3559 2689 3610 utentes
2752 3553 2893 3610 nihil
2922 3552 3385 3617 oﬂ'enderentur,
3414 3550 3518 3606 sed
3551 3554 3609 3606 et

1962 3654 2225 3713 corpora
2256 3657 2464 3697 eorum
2492 3642 2750 3699 melioris
2771 3646 2974 3699 essent
2997 3639 3394 3704 habitudinis,
3421 3654 3607 3712 quam

1963 3730 2238 3796 aliorum,
2279 3735 2338 3785 et
2364 3734 2613 3802 aspectu
2677 3731 3036 3804 pulchriora,
3064 3729 3218 3786 adeo
3248 3733 3313 3784 ut
3352 3727 3455 3799 qui
3502 3742 3605 3783 eos

1962 3820 2267 3886 videbant,
2303 3823 2578 3892 putarent
2607 3818 2902 3874 Danielem
2934 3818 3184 3891 quidem
3218 3822 3275 3873 et
3298 3820 3416 3873 tres
3459 3814 3607 3873 alios

1961 3909 2160 3966 vivere
2186 3908 2248 3965 in
2273 3907 2557 3966 omnibus
2583 3906 2827 3965 lautitiis
2856 3911 2914 3964 et
2934 3906 3159 3965 deliciis
3187 3923 3200 3960 :
3228 3905 3379 3964 alios
3404 3909 3607 3962 autem

1959 4013 2181 4071 pueros
2209 3996 2369 4054 vesci
2405 3996 2664 4069 parcius,
2691 4012 2803 4053 nec
2824 3996 2910 4053 eis
2966 3998 3280 4069 suppetere
3326 4008 3418 4060 ea,
3472 4006 3607 4065 quas

1964 4091 2104 4143 sunt
2132 4086 2211 4143 ad
2243 4102 2425 4143 usum
2444 4086 2801 4143 necessaria.

2036 4347 2137 4404 ΙΙΙ.
2167 4350 2250 4405 Ex
2274 4347 2373 4406 illo
2394 4351 2678 4422 tempore,
2728 4364 2867 4405 cum
2906 4350 3254 4421 reverentia,
3312 4350 3611 4407 Aschanes

1966 4453 2339 4514 quaecunque
2351 4438 2598 4511 quidem
2623 4454 2655 4495 e
2686 4454 2798 4495 sua
2813 4453 3001 4507 ccena,
3018 4442 3080 4495 ut
3106 4438 3349 4511 solebat,
3380 4438 3611 4496 adeum

259 4542 365 4595 τοῖς
409 4537 435 4587 ό
488 4535 756 4606 βασιλεὺς,
815 4536 967 4595 αύτός
1004 4511 1312 4606 ίλάμϐανεν,
1366 4533 1614 4606 ἐχορήγει
1658 4529 1715 4585 δὲ
1760 4532 1853 4585 αύ-

1965 4511 2481 4600 mittebatrexipse
2492 4527 2851 4600 accipiebat:
2866 4542 2997 4600 quae
3009 4526 3287 4599 praedicta
3297 4532 3435 4584 sunt
3448 4542 3609 4593 vero,

260 4630 365 4684 τοῖς
400 4626 463 4676 τὰ
492 4629 837 4697 προειρημένα
869 4642 880 4653 ·
912 4627 960 4676 oi
993 4621 1051 4676 δε
1090 4627 1152 4684 ὡς
1195 4628 1284 4675 καὶ
1328 4630 1428 4675 τῶν
1457 4621 1649 4694 ψυχῶν
1682 4621 1853 4681 αὐτοῖς

264 4708 357 4763 διὰ
412 4721 565 4765 τοῦτο
619 4716 856 4787 καθαρῶν
907 4719 993 4767 καὶ
1053 4717 1180 4786 πρὸς
1235 4717 1327 4771 τὴν
1379 4721 1478 4765 τῶν
1530 4713 1851 4783 μαθημάτων

260 4798 515 4872 ἀνάληψιν
563 4800 867 4862 ίπιτηδείων
920 4802 975 4855 ἐκ
1027 4806 1211 4857 τούτου
1265 4805 1632 4873 γεγενημένων,
1678 4805 1851 4852 πᾶσαν

262 4888 479 4961 ἑτοίμως
534 4888 775 4963 ἐξέμαθον
829 4896 922 4950 τὴν
974 4887 1239 4955 παιδείαν,
1292 4893 1409 4950 ἣτις
1470 4887 1531 4948 ἦν
1584 4890 1725 4961 παρά
1798 4908 1851 4941 τε

259 4986 364 5038 τοῖς
404 4977 661 5052 Ἑϐραίοις
712 4986 799 5032 καὶ
857 4988 966 5042 τοῖς
1020 4976 1332 5043 Χαλδαίοις,
1384 4978 1615 5050 μάλιστα
1668 4974 1726 5029 δε
1758 4983 1850 5030 Δα-

257 5068 387 5133 νιὴλ,
438 5068 487 5129 ὃς
531 5071 700 5129 ἱκανός
742 5065 849 5127 ἤδη
900 5074 1014 5143 περὶ
1059 5073 1148 5126 τὴν
1198 5065 1474 5120 παίδευσιν
1500 5072 1723 5139 γεγονὼς
1759 5071 1849 5118 καὶ

259 5162 375 5229 περὶ
405 5162 621 5231 κρίσεως
660 5158 863 5230 ὀνείρων
917 5153 1253 5221 ἐσπουδάκει,
1298 5161 1388 5208 καὶ
1438 5159 1493 5208 τὸ
1527 5163 1674 5209 Θεῖον
1708 5157 1846 5224 αύτῲ

260 5250 471 5320 φανερόν
520 5245 710 5317 ἐγίνετο
754 5266 766 5279 ·
821 5246 908 5298 ὑπ’
952 5245 1112 5297 αύτού
1143 5263 1196 5297 τε
1233 5247 1550 5317 τυπούμενος
1588 5249 1680 5302 τήν
1735 5240 1841 5295 διά

258 5355 420 5403 νοιαν,
473 5335 635 5388 πολλὰ
691 5343 790 5388 τῶν
844 5333 1123 5405 μελλόντων
1186 5332 1409 5406 ἐναργῶς
1481 5338 1841 5407 προηγόρευεν.

260 5427 495 5496 Δεύτερον
551 5425 809 5499 παρῆλθεν
866 5426 972 5483 ἔτος
1016 5430 1111 5482 τῆς
1158 5430 1257 5471 τῶν
1302 5420 1665 5493 Ἰεροσολύμων
1720 5420 1847 5472 ἀλω-

263 5531 407 5579 σεως,
458 5519 547 5566 καὶ
581 5515 606 5565 ό
647 5510 896 5584 βασιλεὺς
919 5505 1392 5581 Ναϐουχοδονόσορ
1426 5512 1544 5583 ὄναρ
1590 5510 1687 5580 όρᾴ
1726 5510 1846 5560 θαυ-

260 5605 481 5677 μαστόν,
514 5600 574 5654 οὗ
602 5605 695 5661 τὴν
744 5599 959 5654 ῖκϐασιν
996 5600 1133 5651 κατὰ
1178 5601 1295 5659 τοὺς
1337 5597 1528 5657 ὕπνους
1569 5596 1720 5656 αὐτὸς
1757 5594 1847 5649 αύ-

1961 4621 2044 4678 eis
2069 4615 2514 4692 suppeditabat.
2538 4615 2625 4671 Illi
2643 4620 2863 4683 autem,
2896 4619 3093 4687 utpote
3109 4616 3277 4689 quod
3296 4617 3379 4672 eis
3394 4616 3611 4673 animm

1961 4713 2278 4782 propterea
2290 4710 2600 4761 evaserant
2615 4704 2853 4760 mundae
2871 4709 2926 4760 et
2939 4708 3091 4777 aptae
3107 4704 3184 4760 ad
3197 4704 3613 4777 suscipiendas

1959 4796 2291 4868 diciplinas,
2341 4808 2585 4851 omnem
2610 4793 2725 4849 cito
2764 4791 3021 4849 didicere
3076 4791 3429 4861 doctrinam,
3487 4795 3613 4849 tam

1958 4901 2094 4959 quae
2117 4887 2243 4940 erat
2263 4882 2426 4954 apud
2457 4881 2760 4946 Hebraeos,
2800 4895 2987 4953 quam
3025 4894 3161 4952 quas
3214 4879 3377 4953 apud
3447 4878 3613 4939 Chal-

1957 4973 2143 5030 deos:
2189 4971 2446 5027 maxime
2476 4985 2618 5027 vero
2660 4969 2879 5035 Daniel,
2921 4968 3025 5040 qui
3075 4983 3212 5024 cum
3272 4968 3399 5040 jam
3457 4972 3615 5027 esset

1955 5063 2099 5119 satis
2139 5060 2405 5117 doctrina
2432 5062 2764 5131 provectus,
2798 5056 3067 5113 studium
3125 5072 3367 5130 quoque
3397 5072 3615 5130 posue-

1954 5156 2045 5208 rat
2072 5150 2132 5206 in
2158 5146 2383 5220 judicio
2414 5146 2822 5203 somniorum:
2865 5144 3039 5217 eique
3096 5146 3251 5201 Deus
3302 5144 3614 5203 manifeste

1954 5237 2284 5311 apparebat
2312 5259 2324 5292 :
2359 5252 2397 5293 a
2419 5250 2543 5309 quo
2568 5250 2706 5291 cum
2728 5235 2855 5306 ejus
2877 5249 3047 5290 mens
3075 5231 3515 5299 informaretur,
3543 5249 3616 5291 ex

1953 5327 2164 5385 futuris
2185 5328 2370 5383 multa
2407 5323 2710 5381 evidenter
2748 5322 3040 5395 praedixit.
3080 5322 3391 5380 Secundus
3418 5337 3613 5380 annus

1955 5415 2327 5489 praeterierat,
2380 5428 2451 5470 ex
2502 5427 2625 5485 quo
2683 5415 2859 5484 capta
2898 5410 3133 5469 fuerant
3179 5411 3614 5483 Hierosolyma:

1954 5510 2010 5563 et
2038 5520 2142 5562 rex
2163 5501 2714 5561 Nabuchodonosor
2748 5500 3049 5557 somnium
3065 5500 3219 5557 videt
3234 5498 3606 5564 admirabile,

1956 5594 2128 5666 cujus
2159 5596 2441 5650 eventum
2467 5589 2526 5647 in
2558 5589 2786 5647 somnis
2809 5588 2939 5662 ipse
2968 5591 3123 5648 Deus
3140 5589 3194 5647 ei
3237 5586 3614 5661 signiﬁcavit.
