4114 6262
482 261 589 320 375

1886 260 2146 320 MENSIS
2183 257 2458 316 IULIUS.

3752 241 3878 301 376

482 395 581 448 the
605 393 807 448 autem
830 406 969 448 cum
984 392 1328 449 surrexisset
1343 406 1374 448 e
1396 392 1596 461 cubili,
1620 394 1675 448 et
1715 390 1904 463 ipsius
1926 388 2142 446 somnii

2273 395 2323 457 τῷ
2378 382 2636 444 ἐδήλωσεν
2690 383 2716 434 ὁ
2765 384 2888 442 Θεὸς
2919 397 2933 410 ·
2978 380 3002 431 ὁ
3067 374 3126 430 δὲ
3177 384 3271 439 τῆς
3314 378 3498 436 κοίτης
3559 370 3879 432 διαναστὰς

483 487 568 536 est
597 480 836 544 oblitus,
870 485 925 536 et
953 481 1127 546 illius,
1163 498 1346 552 quam
1375 497 1410 535 a
1457 483 1572 536 Deo
1625 481 1849 546 habuit,
1911 478 2142 547 conjec-

485 576 651 626 tura.
702 571 991 626 Chaldaeis
1021 586 1160 639 ergo
1187 572 1457 641 protinus
1488 571 1807 632 accersitis,
1869 575 1989 624 tam
2041 566 2143 637 qui

485 664 651 713 erant
677 659 828 713 inter
859 675 1067 728 magos
1092 660 1309 723 eximii,
1362 675 1545 729 quam
1576 658 1676 728 qui
1705 658 1875 729 periti
1915 657 2144 711 divina-

485 747 677 810 tionis,
707 745 854 800 dixit
882 747 964 800 eis
992 762 1054 800 se
1082 747 1296 800 vidisse
1327 747 1648 811 somnium,
1683 753 1736 801 et
1786 746 1930 817 quid
1967 743 2147 812 signi-

487 835 783 890 ticaverit:
817 851 994 906 porro
1025 836 1324 902 accidisse,
1362 842 1423 890 ut
1448 852 1653 890 eorum
1683 836 2143 895 oblivisceretur,

486 940 620 994 quae
646 923 874 978 viderat
902 940 912 978 :
948 929 1004 977 et
1029 923 1284 993 jubebat
1315 941 1417 980 eos
1449 926 1640 979 dicere
1655 925 1960 995 quodnam
1992 927 2146 976 esset

491 1012 813 1075 somnium,
840 1016 896 1065 et
927 1028 1202 1082 quaenam
1231 1017 1384 1067 esset
1415 1013 1790 1078 signiﬁcatio.
1853 1012 1967 1066 Illis
2009 1027 2147 1066 vero

491 1099 830 1154 dicentibus
888 1100 1014 1155 ﬁeri
1050 1116 1169 1154 non
1212 1116 1390 1171 posse
1421 1102 1499 1156 ab
1529 1101 1893 1156 hominibus.
1923 1106 1986 1155 ut
2036 1096 2146 1155 nisi

490 1193 618 1258 ipse
657 1188 1020 1258 exposuisset
1083 1189 1389 1254 visionem,
1423 1191 1822 1260 conjecturam
1879 1189 2150 1242 enuntia-

492 1282 621 1332 rent
649 1295 661 1331 :
695 1278 819 1348 ipse
852 1283 1102 1332 mortem
1134 1278 1396 1334 minatus
1446 1284 1531 1333 est
1595 1278 1983 1348 sapientibus,
2037 1277 2148 1331 nisi

495 1366 544 1420 ei
571 1369 628 1420 et
657 1366 945 1421 visionem
977 1371 1321 1422 revocarent
1351 1368 1410 1422 in
1443 1367 1819 1430 memoriam,
1849 1371 1901 1420 et
1954 1367 2146 1436 conje-

495 1458 725 1508 cturam
791 1454 967 1508 simul
1027 1455 1423 1510 enuntiarent.
1457 1458 1520 1509 Et
1572 1456 1768 1509 statim
1815 1456 1992 1525 jussit
2050 1472 2149 1510 eos

497 1557 705 1596 omnes
729 1542 1003 1606 interimi,
1037 1559 1174 1597 cum
1203 1543 1691 1612 pronuntiassent
1723 1560 1783 1597 se
1812 1560 1930 1598 non
1976 1560 2149 1614 posse

500 1629 690 1684 facere
718 1630 796 1694 id,
831 1630 994 1700 quod
1013 1631 1164 1702 jussi
1197 1631 1448 1687 fuerant.

573 1719 654 1769 ιν.
691 1718 832 1771 Cum
857 1719 969 1773 hoc
995 1719 1372 1774 intellexisset
1408 1719 1632 1783 Daniel,
1656 1721 1919 1791 jussisse
1951 1736 2150 1788 regem
2185 1714 2226 1767 Β

501 1822 710 1861 omnes
731 1807 921 1862 occidi
944 1808 1258 1878 sapientes,
1289 1809 1437 1864 inter
1463 1809 1572 1864 hos
1596 1815 1792 1865 autem
1823 1826 1883 1864 se
1908 1825 2152 1881 quoque

501 1910 639 1949 cum
656 1897 918 1963 cognatis
939 1897 1209 1952 venirein
1224 1897 1576 1966 periculum,
1596 1898 1819 1953 accedit
1842 1899 1914 1952 ad
1940 1899 2152 1952 Arioch

506 1999 691 2037 unum
719 1997 790 2038 ex
821 1984 976 2051 regis
1005 1985 1370 2050 satellitibus,
1406 1990 1460 2040 et
1515 1993 1708 2055 rogat,
1778 1994 1840 2042 ut
1893 1989 1943 2041 ei
1997 1987 2156 2042 dicat

507 2087 768 2134 causam,
797 2078 1034 2142 propter
1055 2089 1239 2144 quam
1271 2089 1371 2129 rex
1398 2078 1521 2130 tam
1553 2075 1825 2144 improbe
1882 2076 2158 2145 jussisset

505 2158 696 2214 occidi
721 2175 930 2214 omnes
955 2161 1268 2231 sapientes,
1295 2161 1602 2217 Chaldaeos
1635 2170 1689 2217 et
1740 2178 1970 2230 magos.
2010 2166 2154 2218 Cum

511 2263 645 2303 vero
670 2247 743 2301 de
773 2249 1008 2304 somnio
1035 2265 1103 2304 ex
1134 2266 1204 2304 eo
1243 2250 1641 2319 intellexisset,
1701 2257 1754 2306 et
1785 2253 1947 2323 quod
2005 2252 2158 2321 jussi

511 2352 547 2392 a
570 2350 707 2404 rege
733 2336 845 2391 hoc
861 2336 911 2390 ei
934 2337 1255 2403 declarare,
1283 2339 1386 2409 qui
1405 2338 1594 2395 fuerat
1620 2339 1862 2405 oblitus,
1889 2341 2161 2396 dixerunt

513 2441 574 2479 se
612 2440 731 2478 non
763 2441 976 2495 posse:
1012 2433 1066 2481 et
1098 2433 1402 2498 propterea
1457 2445 1559 2484 rex
1625 2429 1711 2484 ira
1778 2435 1998 2494 motus,
2059 2447 2159 2483 θος

516 2517 701 2567 morte
723 2513 1074 2570 damnavit:
1115 2517 1344 2583 rogavit
1385 2518 1620 2581 Arioch,
1686 2524 1747 2573 ut
1800 2519 2048 2574 intraret
2086 2518 2162 2572 ad

513 2616 738 2670 regem,
765 2607 821 2657 et
841 2607 1066 2672 peteret
1130 2605 1322 2675 magis
1375 2621 1560 2660 unam
1614 2610 1869 2670 noctem,
1912 2613 1966 2662 et
1995 2608 2054 2660 in
2095 2622 2166 2661 ea

516 2690 672 2744 hanc
716 2689 973 2744 differret
1017 2691 1553 2761 interemptionem.
1610 2694 1847 2749 Dicebat
1907 2695 2053 2750 enim
2105 2710 2166 2749 se

518 2792 755 2846 sperare
779 2777 899 2832 fore
926 2785 986 2832 ut
1008 2795 1144 2834 cum
1172 2781 1229 2834 in
1253 2797 1324 2836 ea
1359 2783 1534 2836 Deum
1593 2789 1836 2846 orasset,
1862 2784 2164 2838 somnium

518 2869 990 2934 cognosceret.Et
1017 2867 1108 2922 ille
1140 2869 1378 2939 quidem
1406 2870 1530 2925 haec
1555 2873 1678 2940 regi
1705 2888 1885 2942 quam
1913 2873 2166 2943 primum

517 2955 895 3010 renuntiavit.
952 2955 1050 3010 llle
1125 2961 1324 3013 autem
1384 2960 1628 3030 cupiens
1673 2961 1839 3026 scire,
1892 2977 2166 3032 quaenam

521 3047 677 3098 esset
697 3043 860 3106 visio,
891 3048 944 3099 et
973 3060 1246 3115 quaenam
1269 3052 1425 3102 esset
1454 3048 1581 3117 ejus
1602 3049 1976 3116 signiﬁcatio,
2005 3051 2168 3120 jubet

523 3131 796 3186 sustineri
828 3147 1144 3200 magorum
1176 3134 1712 3207 interemptionem,
1749 3138 1938 3194 donec
1972 3140 2161 3204 sciret,

523 3219 812 3295 quidnam
861 3220 1127 3276 dicturus
1177 3228 1329 3277 esset
1358 3225 1580 3292 Daniel,
1614 3232 1668 3280 et
1700 3243 1977 3297 quaenam
2013 3235 2169 3284 esset

521 3314 650 3383 ejus
675 3312 881 3365 virtus.
918 3309 1015 3364 Hic
1072 3325 1212 3378 ergo
1245 3311 1453 3368 beatus
1486 3330 1622 3369 cum
1671 3319 1790 3370 tota
1821 3323 1991 3370 nocte
2035 3333 2169 3371 cum

523 3399 792 3469 cognatis
833 3397 908 3452 ad
929 3413 990 3452 se
1018 3401 1375 3467 secessisset,
1424 3406 1544 3457 tota
1575 3408 1746 3457 nocte
1792 3407 1907 3458 Deo
1949 3405 2170 3476 suppli-

522 3488 697 3552 cavit,
730 3489 794 3541 ut
825 3499 1032 3554 magOS
1058 3495 1311 3544 servaret
1338 3495 1392 3544 et
1417 3490 1745 3555 Chaldaeos,
1783 3507 1919 3547 cum
1951 3493 2171 3564 quibus

522 3579 648 3648 ipse
675 3589 911 3645 quoque
955 3573 1131 3629 simul
1170 3582 1297 3632 erat
1353 3578 1741 3648 periturus,et
1770 3579 2047 3638 liberaret
2095 3583 2172 3638 ab

523 3665 611 3720 ira
642 3663 817 3731 regis,
853 3661 1176 3730 aperiendo
1228 3666 1280 3719 ei
1346 3666 1656 3730 visionem,
1684 3669 1855 3737 cujus
1893 3686 1993 3725 rex
2049 3676 2174 3727 erat

517 3752 758 3809 oblitus.
793 3752 944 3802 Deus
975 3757 1174 3806 autem
1216 3752 1391 3807 simul
1431 3762 1484 3807 et
1519 3755 1796 3809 misertus
1826 3773 2033 3813 eorum
2070 3760 2172 3829 qui

520 3843 688 3896 erant
715 3837 774 3891 in
806 3835 1088 3906 periculo,
1123 3843 1177 3894 et
1207 3840 1411 3895 volens
1439 3859 1612 3897 suum
1647 3845 1999 3914 prophetam
2041 3847 2173 3902 red-

521 3929 660 3983 dere
720 3923 1069 3995 gloriosum,
1125 3927 1176 3981 ei
1209 3929 1500 3997 signiﬁcat
1541 3933 1861 3997 somnium,
1899 3939 1952 3987 et
1991 3935 2178 4004 aperit

521 4014 956 4084 conjecturam:
991 4017 1045 4068 et
1088 4030 1224 4070 cum
1258 4018 1524 4088 protinus
1559 4020 1759 4074 Daniel
1800 4022 1927 4077 haec
1959 4024 2177 4078 Azariae

522 4108 576 4159 et
601 4100 827 4158 caeteris
859 4101 1204 4170 aperuisset,
1257 4121 1379 4172 eos,
1427 4107 1531 4177 qui
1576 4108 1710 4164 vitae
1744 4126 1910 4180 spem
1951 4111 2179 4180 abjece-

521 4195 674 4258 rant,
729 4195 784 4246 et
808 4189 868 4243 in
921 4195 1172 4247 mortem
1198 4210 1370 4250 suam
1404 4195 1729 4253 deﬁxerant
1753 4198 2176 4268 cogitationem

521 4279 802 4339 immutat
859 4288 916 4341 et
958 4283 1149 4340 reddit
1200 4283 1445 4342 laetiores
1495 4288 1551 4340 et
1594 4287 1796 4343 animo
1835 4287 2174 4344 alacriores.

591 4547 656 4602 V.
691 4550 833 4603 Cum
867 4548 984 4601 Deo
1012 4551 1213 4603 autem
1267 4564 1402 4602 cum
1443 4549 1528 4603 eis
1553 4550 1768 4618 egisset
1800 4553 2039 4620 gratias,
2073 4557 2174 4626 qui

523 4635 795 4691 misertus
816 4635 1006 4692 fuerat
1034 4651 1233 4691 eorum
1268 4637 1476 4702 aatatis,
1504 4642 1559 4693 et
1581 4643 1733 4694 esset
1756 4640 1904 4706 dies,
1960 4646 2177 4701 accedit

522 4724 598 4779 ad
639 4723 872 4788 Arioch,
899 4728 952 4781 et
982 4730 1171 4795 rogat,
1206 4730 1269 4781 ut
1293 4741 1432 4782 eum
1461 4725 1641 4782 ducat
1669 4727 1744 4783 ad
1771 4744 1989 4798 regem.
2030 4733 2176 4789 Dixit

522 4813 701 4879 enim,
737 4828 799 4868 se
829 4813 881 4869 ei
905 4814 1046 4869 velle
1079 4815 1382 4869 somnium
1417 4814 1774 4885 signiﬁcare,
1807 4821 1966 4890 quod
2009 4823 2057 4876 ei
2083 4840 2152 4878 ac

523 4901 656 4956 cidit
711 4906 773 4957 ut
820 4907 989 4958 nocte
1033 4903 1252 4958 videret
1301 4904 1616 4973 praeterita.
1655 4905 1967 4972 Ingressus
2019 4928 2173 4975 vero,

523 4989 783 5059 primum
807 5006 868 5046 se
897 4992 1221 5057 excusavit,
1251 4991 1459 5046 nolens
1493 4992 1621 5046 aliis
1673 4995 1960 5052 Chaldaeis
1998 4999 2173 5053 videri

523 5077 952 5147 sapientiorzet
990 5081 1154 5152 quod
1185 5097 1322 5136 cum
1362 5080 1554 5135 nullus
1613 5080 1846 5138 illorum
1888 5087 2178 5155 potuisset

525 5164 788 5221 invenire
805 5170 1128 5236 somnium,
1154 5170 1282 5240 ipse
1303 5169 1364 5224 id
1385 5168 1841 5225 essetdicturus.
1878 5173 1999 5229 Non
2017 5178 2176 5232 enim

526 5265 632 5320 per
660 5255 1100 5322 experientiam,
1132 5275 1325 5331 neque
1350 5259 1511 5331 quod
1538 5257 1608 5313 sit
1649 5259 1964 5316 subtilioris
1996 5268 2048 5319 et
2083 5281 2178 5318 so-

527 5338 779 5394 lertioris
819 5343 1060 5414 ingenii,
1103 5347 1214 5403 hoc
1273 5348 1523 5404 accidit:
1572 5348 1675 5403 sed
1732 5349 1929 5414 nostri,
1966 5351 2175 5423 inquit,

528 5425 804 5481 misertus
831 5429 1002 5494 Deus,
1032 5434 1126 5502 qui
1151 5452 1500 5492 veneramus
1521 5436 1579 5492 in
1623 5437 1828 5491 mortis
1856 5438 2176 5507 periculum

511 5513 670 5601 mihi
701 5529 810 5586 pro
852 5532 982 5574 mea
1013 5521 1213 5580 anima
1237 5529 1292 5580 et
1319 5539 1544 5590 eorum,
1586 5526 1688 5598 qui
1720 5531 1856 5582 sunt
1913 5528 2180 5599 ejusdem

2207 4409 2252 4463 D

2254 475 2409 526 αὐτοῦ
2455 494 2508 526 τε
2556 480 2646 524 τοῦ
2692 471 2946 544 ὀνείρατος
2983 469 3147 526 λήθην
3189 469 3318 537 ἔσχε
3357 471 3446 516 καὶ
3477 465 3538 526 ἧς
3570 466 3733 532 ἔτυχε
3765 460 3878 520 δὴ-

2252 583 2352 614 που
2381 565 2518 635 παρὰ
2551 568 2681 614 Θεοῦ
2723 568 2814 620 τῆς
2849 563 3198 631 συγκρίσεως.
3251 558 3382 615 Τοὺς
3430 549 3517 605 οὖν
3549 548 3878 611 Χαλδαίους

2255 651 2444 702 αὐτίκα
2485 649 2964 723 μεταμεμψάμενος,
3023 649 3140 697 ὅσοι
3188 664 3240 696 τε
3292 652 3391 695 τῶν
3435 644 3615 713 μάγων
3661 639 3874 712 ἐξαίρε-

2253 761 2332 793 τοι
2361 745 2449 791 καὶ
2481 742 2595 792 ὅσοι
2634 743 2720 795 τὴν
2772 741 3024 809 μαντικὴν
3073 738 3328 806 ἔμπειροι,
3380 733 3447 792 ὡς
3493 733 3571 786 εἴη
3626 749 3681 781 τε
3731 733 3870 803 ὄναρ

2257 833 2494 903 ἑωρακὼς
2530 829 2703 886 αὐτοῖς
2757 828 2919 895 ἔλεγεν
2963 829 3052 875 καὶ
3101 827 3160 874 τὸ
3207 820 3539 889 συμϐεϐηκὸς
3590 824 3707 891 περὶ
3764 822 3871 874 τὴν

2255 921 2418 976 λήθην
2474 922 2538 978 ὡς
2597 914 2726 969 εἶδεν
2782 913 3093 984 ἀπήγγελλεν
3154 929 3166 942 ⁸
3226 910 3416 962 ἐκέλευέ
3448 928 3500 960 τε
3551 907 3713 977 λέγειν
3772 906 3872 957 αύ-

2257 1012 2390 1070 τούς,
2440 1009 2464 1057 ὅ
2490 1027 2541 1057 τι
2567 1001 2704 1062 τεὴν
2758 1007 2814 1054 τὸ
2848 1007 2964 1075 ὄναρ
2993 1005 3081 1052 xui
3112 1005 3187 1060 τίς
3237 1002 3267 1058 ὴ
3326 996 3554 1056 δήλωσις
3589 1015 3599 1024 ·
3635 1004 3733 1046 τῶν
3805 991 3869 1046 δὲ

2258 1093 2512 1147 ἀδύνατον
2567 1091 2694 1145 εἶναι
2745 1092 2992 1162 λεγόντων
3055 1088 3365 1162 ἀνθρώποις,
3424 1087 3467 1138 εἰ
3521 1089 3590 1156 μὴ
3643 1088 3708 1135 τὰ
3763 1092 3870 1145 τῆς

2257 1186 2480 1255 ὁράσεως
2533 1182 2705 1242 αὐτοῖς
2750 1182 2971 1244 ἕκθοιτο,
3017 1183 3108 1236 τὴν
3153 1181 3434 1249 σύγκρισιν
3471 1173 3820 1244 ἀπαγγέλλειν
3855 1189 3868 1200 ⁸

2259 1273 2408 1332 αὐτὸς
2459 1273 2672 1322 θάνατον
2706 1269 2900 1328 ἠπείλει
2941 1275 3051 1328 τοῖς
3080 1271 3196 1340 περὶ
3228 1273 3396 1318 ταῦτα
3447 1270 3644 1334 σοφοῖς,
3693 1262 3736 1314 εἰ
3789 1265 3869 1332 μὴ

2257 1365 2346 1411 καὶ
2375 1364 2468 1418 τὴν
2501 1358 2787 1430 ἀνάμνησιν
2829 1358 2966 1427 αὐτῷ
3017 1364 3110 1408 τοῦ
3151 1358 3408 1428 ὁράματος
3451 1358 3538 1404 καὶ
3582 1357 3676 1409 τὴν
3728 1354 3876 1421 σύγ-

2259 1469 2432 1522 κρισιν
2464 1451 2592 1521 ὁμοῦ
2620 1446 2982 1519 διαγγείλωσι,
3010 1451 3100 1497 καὶ
3134 1446 3280 1504 εὐθὺς
3313 1447 3632 1515 προσέταττε
3661 1443 3874 1501 πάντας

2262 1539 2443 1598 αὐτοὺς
2483 1538 2817 1611 ἀναιρεθῆναι
2866 1538 2994 1610 πρὸς
3033 1538 3091 1586 τὸ
3127 1535 3394 1586 κελευσθὲν
3420 1528 3687 1590 ἀδυνάτως
3718 1532 3873 1600 ἔχειν

2263 1626 2742 1698 ἁπαγορεύσαντας.

2333 1714 2404 1771 Δ’.
2457 1723 2620 1766 Τοῦτο
2668 1716 2844 1785 μαθὼν
2889 1711 3095 1775 Δανιὴλ,
3131 1713 3214 1762 ὃτι
3265 1708 3570 1782 προστάξειε
3606 1710 3812 1768 πάντας
3847 1709 3874 1758 ὀ

2265 1803 2508 1877 βασιλεὺς
2561 1801 2832 1854 ἀποθανεῖν
2890 1805 3010 1862 τοὺς
3062 1803 3271 1872 σοφούς,
3326 1797 3372 1849 ἐν
3426 1801 3629 1856 τούτοις
3672 1793 3732 1847 δε
3774 1801 3877 1847 καὶ

2264 1894 2417 1944 αὐτὸν
2484 1895 2610 1964 μετά
2660 1900 2758 1942 τῶν
2839 1899 3096 1962 συγγενῶν
3181 1885 3517 1955 κινδυνεύειν,
3587 1891 3875 1957 πρόσεισιν

2265 1983 2466 2056 Ἀριωχ
2518 1990 2589 2051 τῷ
2643 1988 2734 2031 τοῦ
2791 1977 3051 2051 βασιλέως
3101 1975 3504 2048 σωματοφύλακι
3553 1979 3643 2024 καὶ
3691 1969 3876 2024 δεῖται

2266 2071 2384 2143 παρ’
2437 2069 2594 2120 αὐτοῦ
2639 2073 2730 2126 τὴν
2783 2068 2952 2119 αἰτίαν
3002 2068 3202 2138 μαθεῖν,
3253 2062 3325 2117 δι’
3370 2065 3430 2123 ὴν
3477 2063 3610 2115 οὕτω
3641 2070 3816 2121 κακῶς
3849 2063 3877 2112 ὁ

2269 2158 2517 2230 βασιλεὺς
2573 2161 2771 2218 πάντας
2827 2161 2902 2213 εἴη
2955 2156 3199 2216 κελεύσας
3252 2154 3581 2227 ἀναιρεθῆναι
3633 2155 3751 2210 τοὺς
3784 2170 3876 2202 0'0-

2268 2251 2392 2320 φούς
2420 2266 2473 2298 τε
2525 2252 2614 2298 καὶ
2670 2242 2973 2307 Χαλδαίους
3011 2250 3102 2296 καὶ
3144 2245 3341 2315 μάγους
3383 2262 3396 2273 ο
3439 2247 3527 2293 καὶ
3575 2242 3756 2313 μαθὼν
3804 2243 3878 2291 τὰ

2268 2341 2385 2408 περὶ
2457 2345 2547 2387 τοῦ
2622 2334 2858 2386 ἐνυπνίου
2933 2339 3023 2385 καὶ
3079 2335 3158 2384 ὅτι
3206 2331 3558 2391 κελευσθέντες
3616 2331 3716 2380 ὑπὸ
3777 2336 3878 2380 τοῦ

2273 2424 2530 2496 βασιλέως
2569 2423 2706 2474 τοῦτ’
2764 2423 2903 2492 αὐτῷ
2959 2419 3151 2479 δηλοῦν
3182 2420 3573 2491 ἐπιλελησμένον
3605 2424 3675 2490 μὴ
3711 2415 3878 2469 δύνα-

2277 2517 2401 2565 σθαι
2429 2510 2564 2564 εἷπον
2613 2531 2624 2542 ⁸
2653 2518 2742 2563 xui
2791 2509 2884 2564 διὰ
2926 2519 3089 2564 ταῦτα
3129 2515 3258 2582 πρὸς
3298 2511 3450 2584 ὀργὴν
3481 2511 3729 2573 κινηθεὶς,
3783 2509 3877 2558 θά-

2274 2621 2423 2654 νατον
2473 2601 2636 2652 αὐτῶν
2685 2605 3007 2674 κατακρίνοι,
3054 2600 3202 2662 ἠξίου
3247 2603 3332 2650 τὸν
3375 2599 3577 2670 Ἀριὼχ
3621 2596 3872 2649 εἰσελθόν-

2275 2711 2341 2742 τα
2386 2693 2516 2763 πρὸς
2559 2693 2642 2740 τὸν
2675 2688 2899 2761 βασιλέα
2927 2693 3045 2760 μίαν
3073 2689 3398 2746 αἰτήσασθαι
3427 2689 3590 2738 νύκτα
3629 2693 3731 2746 τοῖς
3762 2686 3867 2755 μά-

2275 2800 2388 2850 γοις
2428 2784 2516 2830 καὶ
2566 2781 2724 2850 ταύτη
2773 2782 2865 2836 τὴν
2906 2776 3166 2842 ἀναίρεσιν
3193 2777 3431 2847 ἐπισχεῖν
3467 2793 3478 2806 ’
3518 2775 3735 2837 ἐλπίζειν
3759 2776 3854 2846 γὰρ

2279 2865 2369 2919 διὰ
2408 2871 2624 2938 ταύτην,
2669 2869 2876 2938 ἔφασκε,
2912 2865 3111 2927 δεηθεὶς
3157 2874 3249 2917 τοῦ
3303 2871 3446 2928 Θεοῦ,
3488 2867 3780 2935 γνώσεσθαι
3804 2866 3854 2915 τὸ

2278 2955 2507 3009 ἐνύπνιον
2549 2975 2561 2985 ⁸
2619 2962 2708 3007 καὶ
2760 2958 2785 3006 ὁ
2841 2960 2928 3026 μὲν
2977 2958 3111 3007 κατά
3167 2958 3329 3026 τάχος
3379 2953 3664 3025 ἀπήγγελλε
3708 2960 3865 3004 ταῦτα

2207 3061 2246 3115 C
2277 3055 2349 3115 τῷ
2382 3045 2589 3118 βασιλεῖ
2623 3063 2632 3073 ·
2671 3046 2695 3097 ὀ
2747 3042 2804 3097 δὲ
2839 3046 3020 3116 μαθεῖν
3052 3045 3153 3117 οἷρα
3197 3044 3525 3115 γλιχόμενος,
3567 3049 3646 3104 τίς
3676 3045 3705 3099 ἡ
3749 3042 3865 3112 ἅῷις

2277 3140 2367 3186 xui
2415 3140 2490 3195 τίς
2545 3138 2736 3194 ταύτης
2792 3137 2821 3190 ἡ
2882 3136 3180 3206 σύγκρισις,
3226 3133 3417 3185 κελεύει
3463 3137 3550 3189 τὴν
3609 3134 3855 3204 ἀναίρεσιν

2279 3233 2378 3276 τῶν
2440 3226 2619 3294 μάγων
2678 3225 3047 3292 ἐπισχεθῆναι,
3112 3224 3206 3283 ἓως
3263 3231 3390 3293 γνῷ,
3443 3226 3572 3282 τίνες
3625 3224 3669 3272 οἱ
3717 3220 3851 3289 λόγοι

2281 3319 2372 3363 τοῦ
2405 3311 2612 3378 Δανιὴλ,
2659 3316 2748 3362 καὶ
2786 3316 2868 3372 τίς
2898 3311 2956 3362 ἂν
2997 3313 3026 3369 ὴ
3067 3311 3188 3386 παρ’
3221 3311 3394 3371 άύτοῖς
3439 3313 3517 3368 εἴη
3551 3308 3774 3379 δύναμις.
3798 3308 3856 3359 Ὀ

2281 3401 2531 3472 μακάριος
2584 3399 2732 3460 οὗτος
2780 3404 2950 3451 τοίνυν
3004 3402 3133 3470 μετὰ
3197 3409 3295 3452 τῶν
3352 3408 3611 3471 συγγενῶν
3663 3401 3864 3470 ὑποχω-

2283 3493 2453 3561 ρήσας
2497 3492 2626 3560 πρὸς
2667 3488 2868 3555 ἑαυτὸν,
2914 3484 2986 3540 δι’
3033 3489 3148 3549 ὅλης
3190 3491 3381 3541 ἱκέτευε
3425 3496 3519 3551 τῆς
3566 3491 3744 3548 νυκτὸς
3789 3491 3869 3538 τον

2287 3581 2434 3644 Θεὸν,
2472 3586 2642 3629 σώσαι
2699 3583 2787 3628 καὶ
2844 3582 2960 3638 τοὺς
3005 3580 3202 3649 μάγους
3253 3583 3343 3630 καὶ
3389 3582 3510 3638 τοὺς
3559 3573 3865 3642 Χαλδαίους,

2286 3667 2362 3727 οἷς
2394 3663 2460 3724 δὴ
2496 3672 2585 3718 καὶ
2627 3665 2785 3726 αὐτὸς
2813 3665 2984 3738 μέλλει
3024 3667 3427 3731 συναπολέσθαι,
3475 3672 3565 3720 καὶ
3613 3667 3867 3740 ῥύσασθαι

2286 3764 2379 3818 τῆς
2409 3763 2497 3806 τοὺ
2554 3753 2812 3827 βασιλέως
2867 3755 3025 3828 ὀργῆς
3059 3755 3414 3829 ἐμφανίσαντα
3452 3761 3539 3814 τὴν
3593 3756 3713 3826 ὄψιν
3744 3755 3873 3824 αὐτῷ

2287 3850 2376 3895 καὶ
2406 3850 2699 3901 ποιήσαντα
2759 3842 2944 3910 δήλην,
2997 3846 3054 3905 ἧς
3099 3847 3123 3897 ὁ
3179 3845 3427 3918 βασιλεὺς
3474 3845 3776 3902 ἐπιλέληστο
3808 3845 3874 3894 ’ὁ

2291 3929 2348 3983 δὲ
2391 3936 2517 3992 Θεὸς
2566 3933 2675 4000 οἶμα
2704 3936 2821 3994 τούς
2875 3953 2925 3986 τε
2962 3932 3350 3995 κινδυνεύοντας
3394 3935 3606 3994 ἐλεήσας
3658 3939 3746 3985 xui
3792 3936 3873 3985 τὸν

2290 4022 2444 4071 αὐτοῦ
2497 4027 2764 4094 προφήτην
2812 4019 3036 4085 δοξάσαι
3095 4023 3423 4096 βουλόμενος,
3467 4030 3523 4076 τό
3561 4044 3614 4076 τε
3640 4028 3757 4094 ὅναρ
3790 4023 3874 4074 αύ-

2287 4117 2359 4178 τῷ
2388 4110 2631 4182 ’γνωρίζει
2656 4115 2740 4162 καὶ
2773 4113 2838 4162 τὰ
2866 4120 2958 4172 τῆς
2997 4118 3321 4187 συγκρίσεως
3361 4111 3497 4171 δῆλα
3521 4118 3813 4186 παρίστησι
3851 4127 3862 4136 ’

2289 4203 2376 4249 καὶ
2408 4199 2595 4256 Δανιὴλ
2620 4201 2766 4260 εὐθὺς
2813 4207 2977 4252 ταῦτα
3032 4209 3140 4262 τοῖς
3189 4207 3305 4274 περὶ
3358 4202 3607 4276 Ἀζαρίαν
3668 4201 3872 4253 ἐκκαλύ-

2287 4286 2406 4357 ψας,
2437 4291 2553 4347 τούς
2577 4291 2666 4357 μὲν
2694 4285 3054 4359 ἀπεγνωκότας
3085 4287 3192 4348 ἤδη
3223 4299 3312 4343 τοῦ
3357 4295 3450 4362 ζῇν
3503 4296 3590 4343 xui
3643 4295 3769 4364 πρὸς
3819 4294 3870 4342 τὸ

2286 4377 2522 4428 τεθνάναι
2569 4381 2661 4434 τὴν
2693 4373 2928 4429 διάνοιαν
2959 4380 3182 4449 ἔχοντες,
3220 4379 3292 4442 εἰς
3329 4383 3386 4432 τό
3428 4380 3762 4452 εὐθυμότερον
3792 4398 3870 4450 με·

2285 4463 2472 4516 ταϐάλλ
2484 4483 2544 4517 ει.

2359 4553 2430 4605 E’.
2492 4554 2900 4627 Εὑχαριστήσας
2952 4551 3010 4608 δὲ
3062 4564 3133 4626 τῷ
3184 4561 3290 4627 Θεῷ
3365 4557 3474 4628 μετ’
3535 4558 3702 4609 αὐτῶν
3747 4557 3870 4608 ὓιεον

2283 4641 2488 4693 λαϐόντι
2535 4649 2630 4701 τῆς
2677 4641 2877 4703 ἡλικίας
2928 4644 3113 4709 αὐτῶν,
3167 4652 3438 4718 γενομένης
3486 4648 3678 4719 ὴμέρας
3715 4666 3872 4719 παρα-

2283 4737 2474 4802 γίνεται
2530 4737 2657 4804 πρὸς
2728 4735 2810 4782 τὸν
2877 4732 3076 4806 Ἀριὼχ
3141 4740 3228 4786 xui
3313 4737 3455 4806 ἄγειν
3519 4735 3672 4788 αὑτὸν
3725 4735 3866 4798 ἠξίου

2285 4823 2408 4893 πρὸς
2459 4819 2682 4892 βασιλέα
2733 4838 2743 4849 ’
2785 4818 3024 4879 δηλῶσαι
3063 4826 3162 4895 γὰρ
3211 4825 3348 4894 αὐτῷ
3381 4823 3666 4896 βούλεσθαι
3697 4829 3752 4876 τὸ
3800 4824 3870 4876 ἑν-

2285 4912 2460 4960 ύπνιον
2519 4911 2632 4980 ἔφη,
2707 4911 2826 4982 ὅπερ
2910 4908 3036 4963 ἰδεῖν
3116 4923 3211 4975 τῆς
3272 4915 3634 4986 παρελθούσης
3691 4919 3870 4978 νυκτὸς

2287 5000 2449 5068 τούτῳ
2495 4996 2835 5067 συμϐέϐηκεν.
2883 4999 3132 5052 Εἰσελθὼν
3192 4999 3249 5054 δὲ
3296 5011 3576 5077 παρῃτεῖτο
3620 5007 3684 5055 τὰ
3734 5015 3870 5074 πρῶ·

2286 5105 2370 5149 τα,
2419 5090 2488 5154 μὴ
2540 5092 2822 5159 σοφώτερον
2875 5088 3027 5140 αὐτὸν
3071 5087 3218 5153 δόξαι
3252 5099 3348 5142 τῶν
3392 5091 3553 5143 ἄλλων
3596 5090 3868 5146 Χαλδαίων

2288 5174 2610 5247 βουλόμενος,
2654 5181 2739 5228 καὶ
2793 5178 2872 5228 ὅτι
2911 5175 3137 5249 μηδενὸς
3194 5179 3390 5232 ἐκείνων
3441 5185 3497 5232 τὸ
3543 5184 3663 5254 ὄναρ
3717 5182 3868 5257 εὖρεῖν

2289 5260 2614 5326 δυνηθέντος,
2668 5263 2820 5325 αὐτὸς
2869 5265 2990 5318 αὐτὸ
3034 5268 3206 5338 μέλλοι
3258 5268 3419 5338 λέγειν
3474 5287 3484 5297 ·
3533 5269 3590 5320 ού
3621 5273 3719 5344 γὰρ
3759 5270 3869 5322 κατ’

2288 5349 2572 5421 ἐμπειρίαν,
2629 5348 2741 5403 οὐδ’
2788 5355 2863 5405 ὅτι
2916 5360 3006 5413 τὴν
3054 5354 3287 5410 διάνοιαν
3329 5357 3492 5408 αὐτῶν
3547 5357 3733 5428 μᾶλλον
3790 5358 3867 5410 ἐκ-

2288 5442 2590 5502 πεπόνηται,
2648 5448 2797 5493 τοῦτο
2867 5449 3083 5512 γίνεται,
3149 5445 3252 5497 ἀλλ’
3321 5445 3550 5508 ἐλεήσας,
3626 5453 3775 5518 φησι,
3837 5451 3862 5500 ὁ

2291 5531 2420 5590 Θεὸς
2456 5524 2837 5592 κινδυνεύοντας
2886 5532 3174 5606 ἀποθανεῖν,
3238 5532 3466 5594 δεηθέντι
3525 5541 3636 5609 περί
3685 5556 3737 5588 τε
3783 5546 3867 5599 τῆς
