4114 6262
249 347 353 404 377

1373 353 1538 410 VITA
1580 355 1640 412 S.
1679 353 2082 411 PROPHETE
2123 357 2476 418 DANIELIS.

3501 359 3606 420 378

249 471 374 544 ἐμῆς
421 474 606 545 ψυχῆς
657 477 742 526 καὶ
793 481 890 526 τῶν
962 475 1234 547 ὁμοεθνῶν,
1309 485 1399 532 καὶ
1455 485 1512 534 τὸ
1582 486 1700 554 ὄναρ
1753 486 1835 534 καί

1951 484 2164 552 gentis,
2195 488 2479 558 precanti,
2513 489 2886 543 etsomnium
2907 487 3136 559 aperuit
3165 491 3220 544 et
3251 479 3377 559 eius
3409 505 3596 558 expo-

247 567 341 620 τὴν
417 566 695 636 σύγκρισιν
772 563 930 616 αὐτοῦ
1024 569 1238 642 φανερὰν
1329 569 1569 627 ἐποίησεν
1647 591 1658 603 ·
1739 572 1843 642 οὐχ

249 651 400 708 ἧττον
429 653 530 724 γὰρ
557 659 652 713 τῆς
696 651 771 723 ἐφ’
803 655 927 724 ἡμῖν
969 654 1138 716 λύπης
1177 657 1204 714 ἢ
1241 663 1358 727 περὶ
1401 667 1494 720 τῆς
1545 668 1644 720 σῆς
1689 657 1844 722 δόξης

247 739 563 812 ἐφρόντιζον,
601 739 639 791 ὦ
687 740 928 812 βασιλεῦ,
981 740 1179 804 ἀδίκως
1215 745 1378 807 οὕτως
1421 743 1612 820 ἄνδρας
1659 749 1844 812 καλούς

247 849 303 881 τε
347 835 436 881 καὶ
484 829 710 900 ἀγαθούς
757 829 1030 882 ἀποθανεῖν
1089 831 1477 906 ἐπιτρέψαντος,
1535 836 1590 898 ἐξ
1635 838 1702 887 ὧν
1759 839 1842 889 οῦ-

249 913 334 968 δὲν
386 919 475 988 μὲν
525 916 852 990 ἀνθρωπίνης
910 925 1096 990 σοφίας
1143 920 1386 992 ἐχόμενον
1437 928 1660 996 ᾔτησας,
1717 926 1742 977 ὃ
1783 923 1841 980 δὲ

247 1003 308 1063 ἧν
360 1009 506 1080 ἔργον
549 1011 706 1078 μόνου
751 1015 885 1060 Θεοῦ
926 1006 1207 1070 ἐπεζήτεις.
1252 1016 1336 1064 Σοὶ
1383 1019 1572 1076 τοίνυν,
1608 1011 1646 1064 ὦ
1680 1013 1837 1086 βασι-

244 1095 351 1160 λεῦ,
400 1096 720 1168 φροντίζοντι
778 1101 896 1167 περὶ
969 1105 1060 1148 τοῦ
1131 1103 1210 1159 τίς
1287 1100 1430 1171 ἄρξει
1485 1110 1574 1153 τοῦ
1638 1108 1838 1174 κόσμου

246 1188 438 1245 παντὸς
505 1187 636 1255 μετά
691 1187 765 1246 σε,
825 1183 1134 1256 βουλόμενος
1196 1185 1434 1245 δηλῶσαι
1499 1195 1646 1251 Θεὸς,
1719 1191 1838 1263 ὄναρ

246 1269 572 1324 ύποδεικνύει
619 1281 849 1325 τοιοῦτον
895 1291 906 1300 ”
939 1271 1163 1336 Ἕδοξας
1207 1276 1329 1348 ὀρᾷν
1359 1276 1642 1352 ἀνδριάντα
1681 1285 1840 1350 μέγαν

246 1361 462 1418 έστῶταε
513 1361 573 1412 οὗ
625 1365 712 1419 τὴν
765 1365 854 1434 μὲν
907 1363 1126 1434 κεφαλὴν
1179 1366 1471 1418 συνέϐαινεν
1522 1363 1651 1420 εἶναι
1699 1389 1839 1442 χρυ-

247 1452 362 1511 σήν,
421 1453 536 1509 τοὺς
591 1447 650 1502 δὲ
698 1455 870 1522 ὤμους
907 1457 995 1504 καὶ
1047 1457 1166 1514 τούς
1215 1453 1508 1528 βραχίονας
1561 1456 1836 1530 ἀργυροῦς,

243 1536 345 1588 ἀπὸ
370 1537 574 1610 χαλκοῦ
617 1535 674 1590 δὲ
715 1544 808 1596 τὴν
837 1544 1066 1614 γαστέρα
1095 1547 1182 1592 καὶ
1221 1547 1339 1604 τοῦς
1379 1547 1593 1614 μηροὺς,
1636 1550 1838 1614 κνήμας

241 1631 330 1678 καὶ
381 1623 554 1688 ποδας
599 1624 855 1700 σιδηροῦς
909 1648 921 1660 ·
977 1631 1152 1680 ἔπειτα
1200 1630 1340 1682 λίθον
1390 1629 1522 1694 εἶδες
1588 1633 1643 1694 ἐξ
1691 1637 1837 1705 ιᾗοους

243 1713 598 1790 ἀπορραγέντα
661 1718 900 1787 ἐμπεσεῖν
957 1737 1012 1769 τε
1062 1727 1134 1788 τῷ
1192 1715 1463 1792 ἀνδριάντι
1514 1727 1603 1772 καὶ
1653 1729 1832 1772 τοῦτον

1951 573 2247 630 sitionem.
2276 579 2399 631 Non
2433 577 2725 632 minorem
2752 579 2910 632 enim
2934 578 3116 632 nostri
3141 577 3386 644 doloris,
3411 595 3598 650 quam

1951 665 2062 716 tuae
2107 663 2302 732 gloria
2353 681 2558 720 curam
2590 665 2889 736 gerebam,
2924 681 2960 720 ο
2983 681 3097 730 rex,
3137 666 3239 736 qui
3273 667 3430 720 viros
3471 671 3596 723 tam

1951 751 2140 806 bonos
2169 758 2226 808 et
2255 758 2374 809 tam
2407 755 2703 820 honestos,
2725 755 2926 826 inique
2961 755 3108 808 mori
3135 756 3429 824 jusseras,
3458 773 3593 811 cum

1951 840 2097 895 nihil
2130 842 2419 911 petiisses,
2448 843 2610 914 quod
2637 849 2793 898 esset
2817 845 3096 900 humanae
3125 845 3458 914 sapientiae:
3491 845 3594 899 sed

1949 930 2062 984 hoc
2093 931 2170 984 ab
2196 931 2276 986 eis
2302 932 2614 999 exegisses,
2656 933 2820 1004 quod
2852 939 2976 988 erat
3030 934 3214 987 solius
3273 934 3368 987 Dei
3417 949 3591 1003 opus.

1948 1018 2076 1072 Tibi
2106 1035 2262 1089 ergo,
2287 1037 2319 1074 ο
2345 1037 2462 1084 rex,
2492 1022 2793 1086 cogitanti,
2814 1022 2947 1092 quis
2971 1027 3101 1084 post
3125 1027 3176 1074 te
3195 1025 3345 1074 esset
3374 1021 3593 1076 mundo

1947 1107 2366 1176 imperaturus,
2399 1110 2602 1164 volens
2637 1113 2786 1164 Deus
2819 1111 3170 1176 significare,
3201 1109 3314 1163 tale
3336 1110 3592 1163 ostendit

1949 1197 2267 1252 somnium.
2327 1198 2498 1252 Visus
2562 1214 2624 1253 es
2655 1199 2754 1253 tibi
2787 1199 2984 1253 videre
3017 1213 3299 1266 magnam
3333 1202 3589 1252 statuam

1950 1285 2412 1354 stantem,cujus
2441 1287 2874 1357 caputquidem
2901 1287 3289 1355 contigitesse
3309 1301 3582 1341 aureum:

1945 1371 2229 1427 humeros
2260 1378 2459 1428 autem
2487 1379 2541 1429 et
2563 1373 2818 1432 brachia.
2854 1379 3251 1444 argentea:ex
3279 1389 3396 1428 aere
3429 1389 3582 1436 vero,

1947 1465 2212 1516 ventrem
2243 1467 2296 1516 el
2327 1463 2571 1526 femora,
2606 1463 2778 1518 tibias
2799 1468 2850 1518 et
2879 1463 3061 1534 pedes
3094 1462 3328 1516 ferreos.
3367 1461 3587 1516 Deinde

1947 1549 2209 1618 lapidem
2231 1550 2426 1604 vidisti
2457 1551 2820 1621 abruptumo
2856 1557 3072 1614 monte,
3107 1551 3366 1605 incidere
3397 1550 3456 1604 in
3479 1555 3593 1604 sta-

1947 1642 2108 1690 tuam
2171 1655 2184 1693 :
2237 1641 2290 1691 et
2340 1653 2474 1692 eam
2531 1639 3036 1708 comprehendere
3085 1654 3153 1693 ac
3183 1643 3503 1700 conterere,
3533 1641 3589 1691 et

1942 1724 2166 1779 nullam
2189 1725 2315 1796 ejus
2343 1731 2572 1796 partem
2603 1726 2930 1798 relinquere
2984 1728 3278 1796 integram
3308 1743 3320 1780 :
3367 1741 3583 1780 aurum

241 1805 600 1857 καταϐαλόντα
641 1807 922 1878 συντρίψαι
979 1811 1066 1858 καὶ
1109 1804 1272 1878 μηδὲν
1331 1809 1490 1860 αὐτοῦ
1534 1815 1681 1882 μέρος
1725 1811 1834 1862 ὁλό-

1946 1817 2142 1868 autem
2171 1818 2228 1868 et
2258 1819 2567 1884 argentum
2601 1819 2656 1870 et
2695 1831 2773 1868 aes
2806 1819 2862 1870 et
2909 1815 3128 1870 ferrum
3189 1813 3280 1869 vel
3343 1813 3584 1885 pulvere

241 1893 428 1966 κληρον
479 1893 696 1966 ἀφεῖναι,
743 1899 828 1946 τὸν
882 1891 938 1946 δὲ
992 1899 1195 1965 χρυσὸν
1243 1901 1331 1948 καὶ
1373 1901 1460 1949 τὸν
1491 1899 1716 1972 ἄργυρον
1745 1904 1834 1952 καὶ

241 1987 329 2034 τὸν
381 1984 579 2054 χαλκὸν
625 1990 712 2035 καὶ
766 1988 850 2036 τὸν
893 1981 1112 2057 σίδηρον
1149 1985 1448 2060 λεπτότερον
1475 1989 1714 2058 γενέσθαι
1746 1993 1835 2040 καὶ

243 2077 424 2134 κόνεως
481 2091 492 2102 ·
543 2077 630 2125 καὶ
689 2077 774 2124 τὸν
831 2077 918 2144 μὲν
971 2071 1156 2146 ἀνέμου
1213 2079 1524 2137 πνεύσαντος
1587 2077 1656 2137 εἰς
1710 2077 1836 2150 ἀέρα

243 2156 623 2234 διασπαρῆναι,
657 2163 740 2212 τὸν
790 2158 848 2212 δὲ
876 2161 1018 2213 λίθον
1066 2163 1297 2225 αὐξῆσαι
1335 2173 1582 2217 τοσοῦτον
1611 2169 1673 2225 ὡς
1704 2166 1836 2217 άπα-

242 2266 337 2298 σαν
365 2244 538 2299 δοκεῖν
585 2253 678 2305 τήν
726 2257 824 2318 γῆν
868 2250 954 2301 ὑπ’
996 2251 1155 2302 αὐτοῦ
1213 2251 1605 2324 πεπληρῶσθαι.
1639 2256 1708 2308 Τὸ
1747 2258 1836 2325 μὲν

237 2332 378 2404 ὄναρ,
426 2333 548 2404 ὅπερ
603 2331 760 2393 αῦτὸς
809 2329 964 2398 εἶδες,
995 2331 1199 2386 τοιόνδε
1232 2355 1238 2363 ·
1277 2339 1304 2393 ἡ
1343 2341 1623 2408 σύγκρισις
1659 2336 1718 2390 δὲ
1749 2339 1840 2390 αῦ-

237 2427 328 2470 τοῦ
359 2428 537 2472 τοῦτον
567 2422 680 2492 ἔχει
709 2424 794 2472 τὸν
828 2424 1016 2492 τρόπον
1064 2439 1074 2450 ·
1125 2426 1153 2480 ἡ
1206 2425 1295 2494 μὲν
1326 2434 1505 2494 χρυσῆ
1553 2427 1743 2496 κεφαλὴ
1781 2413 1840 2478 σέ

237 2528 292 2560 τε
343 2505 529 2566 ἐδήλου
585 2514 674 2562 καὶ
729 2514 850 2571 τοὺς
905 2516 1004 2582 πρὸ
1055 2518 1150 2562 σοῦ
1204 2511 1451 2582 βασιλέας
1485 2513 1837 2577 Βαϐυλωνίους

237 2599 292 2649 ui
326 2593 422 2649 δύο
463 2594 520 2649 δὲ
550 2605 724 2669 χεῖρες
753 2603 841 2650 καὶ
870 2601 919 2651 οἱ
945 2597 1075 2670 ὦμοι
1105 2602 1204 2651 ὑπὸ
1239 2598 1335 2653 δύο
1373 2602 1834 2660 καταλυθήσεσθαι

246 2685 500 2757 βασιλέων
554 2693 646 2744 τήν
704 2689 979 2760 ἡγεμονίαν
1046 2691 1208 2758 ὑμῶν,
1289 2695 1486 2763 Πέρσας
1556 2690 1682 2743 εἶναι
1743 2699 1832 2744 xui

241 2771 460 2836 Μήδους
515 2779 726 2836 τούτους
785 2782 918 2847 φημί
971 2795 983 2806 ·
1035 2784 1128 2836 τὴν
1183 2775 1242 2830 δὲ
1295 2778 1492 2830 ἐκείνων
1544 2781 1706 2853 ἕτερός
1759 2801 1832 2841 τις

241 2863 342 2916 ἀπὸ
391 2873 480 2924 τῆς
539 2861 736 2924 δύσεως
806 2868 1120 2936 καθαιρήσει
1179 2867 1376 2936 χαλκὸν
1452 2869 1822 2940 ἠμφιεσμένος,

237 2950 580 3024 Ἀλέξανδρος
636 2953 783 3013 οὗτος
834 2955 860 3004 ὁ
919 2949 1172 3006 Μακεδών
1235 2971 1246 2983 ·
1303 2961 1391 3006 καὶ
1447 2957 1638 3012 ταύτην
1704 2957 1831 3014 ἄλλη

241 3043 454 3106 παύσει,
487 3045 580 3098 τήν
623 3041 780 3112 ἰσχὺν
834 3043 988 3112 ὁμοία
1031 3049 1102 3110 τῷ
1145 3039 1352 3116 σιδήρῳ
1387 3058 1399 3072 ·
1447 3048 1536 3093 καὶ
1587 3049 1836 3114 κρατήσει

1945 1900 2062 1957 ﬁeri
2105 1903 2379 1958 subtilius
2413 1907 2504 1961 :et
2535 1907 2793 1958 statuam
2823 1903 3068 1974 quidem
3111 1907 3284 1958 vento
3325 1902 3582 1972 spirante

1943 1991 2276 2061 dispersam
2327 1992 2507 2047 fuisse
2563 1996 2625 2047 in
2671 2008 2868 2047 aerem
2921 1992 3222 2064 :lapidem
3257 2007 3391 2046 vero
3435 1991 3586 2046 adeo

1943 2081 2215 2146 crevisse,
2249 2086 2311 2136 ut
2351 2079 2648 2136 videretur
2675 2081 2951 2138 universa
2991 2085 3142 2136 terra
3174 2082 3245 2135 ab
3277 2096 3346 2135 eo
3397 2079 3584 2134 fuisse

1943 2167 2190 2238 repleta.
2223 2172 2410 2240 Atque
2437 2168 2734 2223 somnium
2757 2168 3023 2239 quidem,
3052 2169 3212 2238 quod
3231 2167 3354 2236 ipse
3375 2165 3582 2228 vidisti,

1945 2255 2054 2310 fuit
2085 2255 2216 2311 tale.
2241 2256 2376 2326 Ejus
2398 2261 2594 2312 autem
2617 2257 2958 2326 conjectura
2977 2257 3088 2311 hoc
3109 2256 3284 2310 modo
3298 2270 3358 2308 se
3373 2254 3586 2309 habet:

1947 2348 2206 2398 Aureum
2238 2344 2480 2415 quidem
2512 2348 2708 2414 caput,
2741 2351 2792 2398 te
2818 2343 3209 2411 signiﬁcabat,
3241 2348 3296 2396 et
3324 2342 3424 2413 qui
3453 2345 3589 2396 ante

1947 2435 2000 2485 te
2037 2431 2294 2495 fuerunt,
2321 2448 2490 2500 reges
2514 2432 2888 2502 Babylonios.
2919 2435 3055 2486 Duae
3087 2446 3226 2485 vero
3269 2445 3482 2484 manus
3529 2433 3585 2484 et.

1945 2519 2190 2584 humeri,
2206 2536 2241 2574 a
2255 2520 2486 2575 duobus
2499 2521 2738 2588 regibus
2750 2519 3183 2574 dissolvendum
3198 2534 3326 2572 esse
3341 2522 3594 2571 vestrum

1945 2607 2370 2676 principatum,
2408 2625 2442 2664 a
2473 2609 2680 2673 Persis,
2709 2610 2972 2678 inquam,
3009 2613 3065 2662 et
3115 2606 3314 2662 Medis.
3349 2605 3589 2660 Illorum

1942 2699 2142 2749 autem
2178 2695 2572 2766 principatum
2601 2695 2862 2749 destruet
2890 2694 3136 2765 quidam
3167 2693 3319 2748 alius
3351 2708 3420 2746 ex
3445 2692 3596 2747 occi-

1942 2783 2262 2847 dente,aare
2285 2783 2551 2838 indutus.
2581 2789 2628 2838 ls
2653 2782 3086 2838 estAIexander
3109 2782 3354 2838 Macedo
3377 2785 3432 2836 et
3449 2797 3591 2836 eum

1942 2869 2115 2925 faciet
2135 2870 2286 2924 alius
2312 2887 2563 2934 cessare,
2590 2871 2812 2925 viribus
2835 2871 2987 2926 ferro
3014 2870 3243 2925 similis.
3281 2869 3595 2940 Superabit

1945 2961 2144 3011 autem
2173 2959 2418 3013 omnino
2435 2965 2674 3030 propter
2699 2959 2834 3014 ferri
2863 2964 3138 3014 naturam
3175 2976 3188 3024 ;
3223 2962 3311 3012 est
3341 2958 3499 3012 enim
3538 2957 3588 3011 is

1945 3044 2150 3099 fortior
2174 3061 2342 3114 auro,
2368 3051 2610 3116 argento
2633 3053 2687 3102 et
2715 3064 2830 3102 aere
2869 3067 2881 3105 :
2916 3051 3004 3102 est
3041 3063 3182 3102 vero
3213 3046 3272 3099 id
3301 3045 3583 3117 potentis-

240 3133 331 3200 μὲν
381 3129 445 3190 εἰς
483 3129 618 3180 ἅπαν
664 3126 758 3181 διὰ
804 3135 898 3187 τήν
930 3137 1021 3182 τοῦ
1080 3126 1300 3202 σιδήρου
1335 3133 1489 3202 φύσιν
1523 3149 1534 3160 ·
1571 3129 1700 3182 εἶναι
1737 3135 1835 3205 γὰρ

1947 3133 2164 3187 simum
2195 3137 2594 3190 Romanorum
2621 3136 2954 3206 imperium.
2987 3135 3347 3203 Signiﬁcavit
3386 3137 3588 3188 autem

239 3218 398 3276 αὐτὴν
439 3217 772 3292 στερροτέραν
817 3226 908 3278 τῆς
939 3227 1027 3269 τοῦ
1074 3227 1285 3289 χρυσοῦ
1329 3225 1418 3271 καὶ
1467 3227 1558 3270 τοῦ
1606 3217 1838 3292 ἀργύρου

236 3310 327 3359 καὶ
369 3313 460 3359 τοῦ
509 3306 716 3376 χαλκοῦ
745 3323 758 3336 '
793 3309 822 3364 ἠ
857 3315 956 3357 τῶν
985 3306 1248 3377 Ῥωμαίων
1300 3307 1430 3364 αὕτη
1487 3305 1840 3378 μεγαλοδύνα-

241 3416 336 3468 μος
379 3394 646 3469 βασιλεία.
695 3392 962 3453 Ἐδήλωσε
992 3392 1051 3447 δὲ
1089 3395 1229 3465 αὐτῷ
1281 3400 1366 3447 καὶ
1407 3401 1522 3468 περὶ
1565 3404 1656 3447 τοῦ
1695 3395 1838 3447 λίθου

241 3484 395 3555 λέγων
429 3503 440 3514 ·
493 3486 572 3536 ὃτι
612 3483 670 3536 Ὀ
701 3484 842 3547 λίθος
873 3487 898 3536 ὁ
929 3487 1146 3556 τμηθεὶς
1193 3486 1311 3536 ἄνευ
1365 3493 1577 3559 χειρῶν,
1625 3487 1650 3536 ὀ
1705 3493 1836 3558 Χρι-

245 3577 360 3633 στός
416 3572 528 3626 ἐστι
586 3593 598 3605 ·

238 3683 322 3714 τευ
332 3683 413 3715 σεν
427 3705 437 3718 ι

329 3750 424 3834 ς’.
455 3751 512 3804 Ὀ
531 3747 589 3804 δὲ
620 3750 866 3822 βασιλεὺς
893 3748 1372 3822 Ναϐουχοδονόσορ
1403 3751 1641 3813 ἀκηκοὼς
1671 3759 1837 3804 ταῦτα

237 3845 328 3893 xui
379 3840 518 3892 τοῦτ’
555 3840 681 3893 αὐτὸ
722 3837 850 3892 εἶναι
891 3844 949 3892 τὸ
977 3843 1125 3910 φανὲν
1171 3845 1289 3914 ὄναρ
1344 3847 1532 3903 συνεὶς,
1583 3840 1834 3911 ἐξεπλάγη

241 3935 326 3982 τὸν
367 3929 555 3987 Δανιὴλ
608 3937 698 3982 τοῦ
728 3929 998 4002 μεγαλείου
1049 3937 1144 3990 τῆς
1188 3932 1402 4000 φύσεως·
1435 3935 1524 3981 καὶ
1553 3939 1835 4004 παραχρῆ-

241 4041 316 4091 μα
341 4022 504 4092 μικρά
545 4021 713 4071 πάντα
760 4023 847 4071 καὶ
903 4017 1172 4091 βασιλείαν
1222 4019 1384 4076 αὐτὴν
1433 4023 1522 4070 καὶ
1558 4023 1708 4088 ὄγκον
1740 4029 1834 4081 τῆς

242 4107 414 4184 ἀρχῆς
467 4111 689 4180 θέμενος,
745 4115 834 4160 τοῦ
885 4109 1063 4180 θρόνου
1107 4128 1160 4159 τε
1213 4107 1548 4170 ἐξανίσταται
1594 4114 1682 4160 καὶ
1728 4110 1834 4161 ἰσο-

244 4201 377 4259 θέοις
415 4197 598 4250 ἐκεῖνον
631 4197 782 4270 ἐτίμα
811 4205 982 4268 τιμαῖς
1025 4215 1036 4226 ’
1075 4199 1150 4248 ἔτι
1191 4192 1248 4248 δὲ
1292 4201 1380 4248 καὶ
1435 4201 1527 4254 τὴν
1571 4216 1834 4268 προσηγο-

240 4291 356 4360 ρίαν
411 4287 568 4340 αῦτοῦ
619 4295 710 4338 τοῦ
761 4283 900 4338 ἰδίου
951 4292 1084 4338 Θεοῦ
1144 4287 1366 4355 θέμενος,
1423 4283 1629 4343 ἁπάσης
1679 4284 1832 4334 αὐτὸν

240 4374 515 4447 ἐπίτροπον
539 4383 634 4434 τῆς
666 4374 944 4447 βασιλείας
993 4374 1238 4426 ἐποίησεν

239 4467 362 4523 τοὺς
421 4469 685 4532 συγγενεῖς
737 4462 876 4531 αὐτῷ
931 4465 1020 4511 καὶ
1101 4463 1192 4516 τὴν
1260 4457 1432 4529 ἀρετὴν
1491 4460 1829 4530 ὁμοτρόπους,

242 4555 362 4612 τοὺς
440 4555 558 4622 περὶ
633 4551 880 4621 Ἀζαρίαν
960 4551 1110 4619 φημὶ,
1167 4547 1427 4618 ἄρχοντας
1503 4543 1836 4600 ἀναδείκνυσι

249 4635 559 4700 Βαϐυλῶνος,
613 4638 696 4698 οὓς
744 4637 848 4710 μετ’
890 4637 1058 4707 ὀλίγον
1107 4637 1208 4696 ὑπὸ
1263 4636 1448 4706 φθόνου
1501 4639 1590 4686 καὶ
1634 4634 1836 4706 βασκα-

244 4728 353 4784 νίας
400 4725 466 4784 εἰς
512 4723 750 4778 κίνδυνον
803 4725 1038 4796 ἐμπεσεῖν
1087 4721 1294 4784 συνέϐη,
1339 4729 1408 4792 τῷ
1443 4721 1654 4792 βασιλεῖ
1679 4744 1840 4795 προσ-

244 4815 570 4886 κρούσαντας
623 4815 676 4878 ἐξ
720 4815 888 4877 αἰτίας
939 4815 1181 4871 τοιαύτης
1237 4828 1248 4840 ⁸
1303 4813 1328 4862 ὁ
1383 4811 1699 4872 Βαϐυλώνιος
1739 4812 1840 4884 βα-

245 4901 417 4962 σιλεὺς
447 4901 628 4964 ἐκεῖνος
678 4911 790 4965 ταῖς
829 4905 958 4955 κατά
1009 4905 1094 4953 τὸν
1145 4900 1259 4973 βίον
1303 4900 1562 4960 εὖθηνίαις
1595 4901 1666 4961 εἰς
1713 4900 1837 4952 ἀπό-

241 5011 382 5042 νοιαν
414 4989 672 5066 ἐπαρθεὶς,
723 4995 799 5044 ἔτι
853 4989 910 5044 δὲ
963 4996 1050 5042 καὶ
1098 4999 1168 5059 τῷ
1223 4988 1467 5060 ἀμυθήτῳ
1511 4989 1713 5060 πλούτῳ
1745 4995 1834 5043 καὶ

241 5087 312 5150 τῷ
343 5079 528 5137 πλήθει
579 5089 677 5132 τῶν
733 5083 1087 5150 ὑποταγέντων
1143 5079 1293 5129 ἐθνῶν
1341 5076 1424 5129 ἐπὶ
1472 5081 1604 5149 μέγα
1647 5097 1700 5130 τε
1744 5099 1834 5151 φυ-

244 5170 421 5230 σηθεὶς
472 5175 562 5222 καὶ
639 5177 830 5243 μικροῦ
900 5173 989 5220 καὶ
1051 5171 1180 5226 Θεὸς
1234 5163 1360 5217 εἶναι
1405 5163 1498 5218 διὰ
1538 5171 1834 5238 κουφότητα

242 5260 570 5328 φαντασθεὶς,
649 5262 932 5330 μονονουχὶ
980 5261 1068 5308 καὶ
1123 5257 1265 5315 θεοὺς
1321 5254 1556 5307 πλάττειν
1609 5257 1830 5327 αῦθήμεο

239 5365 328 5418 ρον
381 5351 506 5417 ᾤετο
571 5353 660 5401 καὶ
731 5350 794 5400 τὰ
876 5347 1040 5398 οἰκεῖα
1103 5352 1196 5395 τῶν
1251 5343 1408 5414 αὑτοῦ
1456 5353 1648 5418 χειρῶν
1705 5347 1831 5418 ἔργα

243 5437 383 5495 θεοὺς
422 5433 694 5499 ἀποδεῖξαι
721 5435 827 5489 δεῖν
855 5430 1099 5488 ἔσπευδεν
1141 5447 1154 5459 ⁸
1193 5431 1414 5483 ἐντεῦθεν
1462 5437 1552 5484 καὶ
1591 5441 1828 5506 χρυσοῦν

239 5521 526 5598 ἀνδριάντα
576 5527 995 5586 κατασκευάσας,
1039 5529 1227 5592 πηχῶν
1284 5522 1341 5570 τὸ
1390 5523 1477 5591 μὲν
1527 5520 1660 5592 ὕψος
1715 5521 1828 5583 ἐξὴ-

237 5631 415 5679 κοντα,
461 5618 517 5666 τὸ
565 5615 754 5678 πλάτος
795 5611 852 5668 δὲ
900 5613 971 5682 ἓξ,
1002 5614 1192 5669 ἔστησε
1229 5615 1406 5662 τοῦτον
1454 5607 1501 5662 ἓν
1553 5614 1695 5682 μέσῳ
1737 5617 1826 5663 τοῦ

1948 3219 1999 3276 ei
2039 3222 2217 3275 etiam
2247 3221 2320 3276 de
2347 3221 2564 3293 lapide,
2594 3223 2797 3276 dicens
2831 3239 2842 3276 :
2880 3224 3049 3292 Lapis
3081 3221 3186 3294 qui
3217 3223 3324 3276 fuit
3373 3222 3592 3275 scissus

1948 3307 2074 3362 sine
2103 3309 2398 3372 manibus,
2456 3315 2543 3365 est
2595 3309 2877 3364 Christus.
2941 3310 3087 3363 Illud
3115 3325 3273 3368 vero.
3309 3309 3442 3364 Sine
3472 3325 3597 3365 ma-

1947 3396 2146 3460 nibus,
2179 3398 2452 3468 praedixit
2482 3415 2615 3452 eum
2643 3398 2768 3452 sine
2797 3399 2956 3453 coitu
2980 3413 3111 3452 esse
3141 3397 3508 3452 nasciturum
3523 3413 3597 3453 ex

1950 3489 2114 3540 utero
2156 3501 2192 3540 a
2221 3485 2356 3540 labe
2386 3485 2604 3543 alieno.

657 3577 716 3625 τό
777 3571 835 3626 δὲ
890 3583 1082 3647 χειρῶν
1136 3575 1253 3626 ἄνευ
1313 3577 1370 3626 τὸ
1427 3579 1598 3645 χωρὶς
1670 3577 1974 3640 συνουσίας,
2041 3573 2095 3625 ἐκ
2145 3583 2235 3634 τῆς
2293 3573 2509 3647 ἀμώμου
2565 3578 2821 3646 τεχθῆναι
2872 3579 3098 3648 γαστρὸς
3157 3577 3312 3627 αύτὸν
3371 3578 3606 3648 προεφή-

2021 3755 2105 3806 Vl.
2141 3752 2692 3808 Nabuchodonosor
2725 3756 2922 3808 autem
2943 3769 3074 3808 cum
3102 3753 3230 3806 hmc
3253 3751 3596 3818 audivisset,

1947 3843 2003 3896 et
2029 3841 2140 3895 hoc
2157 3842 2457 3913 essequod
2469 3843 2518 3897 ei
2547 3847 2927 3912 apparuerat,
2953 3841 3252 3895 somnium
3283 3839 3599 3894 intellexis-

1945 3935 2049 3994 set,
2121 3931 2349 4001 stupuit
2399 3930 2656 3986 Danielis
2712 3929 2934 3998 ingenii
2987 3929 3456 3997 magnitudinem
3494 3943 3504 3982 :
3541 3931 3597 3982 et

1945 4019 2210 4090 protinus
2240 4020 2653 4088 parvaomnia,
2681 4019 3234 4088 etipsumregnum,
3283 4023 3337 4071 et
3367 4016 3596 4086 imperii

1948 4107 2418 4174 magnitudinem
2451 4123 2576 4162 esse
2598 4107 2840 4168 ducens.
2874 4106 3059 4174 surgit
3084 4122 3114 4158 e
3133 4107 3368 4171 throno,
3400 4111 3455 4158 et
3475 4106 3591 4160 Deo

1944 4195 2183 4264 paribus
2229 4194 2394 4248 illum
2447 4195 2625 4248 afﬁcit
2667 4194 3013 4248 honoribus.
3059 4196 3342 4247 Praeterea
3373 4209 3512 4246 vero
3541 4209 3595 4248 el

1945 4295 2188 4351 quoque
2227 4280 2316 4332 sui
2343 4279 2436 4333 dei
2477 4281 2759 4349 imposita
2787 4281 3202 4350 appellatione,
3238 4296 3374 4334 eum
3414 4281 3592 4334 totius

1285 4391 1301 4408 ο
1354 4371 1411 4421 οῦ
1456 4377 1556 4442 μὴν
1589 4370 1716 4422 ἀλλά
1745 4375 1834 4423 καὶ

1959 4367 2124 4439 regni
2146 4383 2276 4422 esse
2307 4367 2495 4422 effecit
2513 4369 3022 4434 curatorem.Quin
3049 4367 3228 4422 etiam
3246 4368 3372 4438 ejus
3389 4383 3606 4442 cognas-

1959 4461 2067 4521 tos,
2093 4455 2195 4528 qui
2227 4461 2394 4511 erant
2421 4457 2472 4511 ei
2494 4457 2705 4512 virtute
2725 4472 2914 4528 pares,
2940 4457 3230 4518 Azariam,
3255 4456 3523 4526 inquam,
3547 4441 3606 4511 et

1947 4549 2210 4610 creteros,
2260 4549 2416 4600 creat
2460 4544 2756 4616 principes
2813 4545 3130 4615 Babylonis
3175 4560 3372 4616 :quos
3416 4544 3595 4616 paulo

1945 4637 2084 4706 post
2099 4633 2344 4703 contigit
2361 4639 2596 4704 propter
2615 4633 2899 4688 invidiam
2919 4633 3177 4688 incidere
3201 4634 3259 4688 in
3277 4633 3595 4703 periculum

1946 4739 2084 4778 cum
2111 4737 2310 4791 regem
2351 4721 2739 4777 offendissent
2765 4722 2875 4776 hac
2901 4721 2976 4776 de
2999 4737 3183 4776 causa
3207 4737 3218 4774 :
3249 4737 3350 4774 rex
3382 4720 3476 4774 ille
3499 4723 3602 4775 Ba-

1945 4811 2204 4882 bylonis,
2235 4809 2380 4864 felici
2410 4825 2605 4864 rerum
2629 4825 2931 4872 successu,
2963 4813 3020 4863 et
3065 4807 3324 4862 infinitis
3358 4807 3597 4873 divitiis,

1944 4905 2002 4955 et
2031 4897 2404 4954 multitudine
2431 4913 2635 4953 earum
2656 4914 2809 4970 quas
2834 4899 2855 4920 '
2883 4897 3278 4966 subjunxerat
3307 4895 3598 4966 gentium,

1943 4989 2003 5044 in
2036 4986 2382 5058 superbiam
2413 4987 2600 5042 elatus
2627 4993 2680 5042 et
2705 4987 2874 5043 valde
2903 4987 3165 5050 inﬂatus,
3201 4989 3256 5038 et
3279 4999 3598 5054 propemo-

1942 5077 2088 5132 dum
2117 5081 2358 5147 propter
2393 5075 2692 5131 levitatem
2719 5091 2780 5130 se
2799 5075 2978 5130 deum
2997 5089 3125 5128 esse
3145 5073 3372 5126 visione
3387 5088 3598 5144 appre-

1939 5165 2227 5234 hendens,
2248 5165 2685 5235 pr0pemodum
2705 5181 2766 5218 se
2798 5163 2890 5218 vel
2906 5163 3050 5217 deos
3077 5161 3288 5232 eoipso
3317 5160 3410 5215 die
3424 5165 3598 5231 puta-

1939 5254 2042 5310 bat
2076 5269 2248 5325 posse
2281 5253 2524 5321 tingere,
2550 5255 2604 5307 et
2631 5268 2876 5307 suarum
2903 5265 3187 5306 manuum
3236 5263 3420 5319 opera
3448 5249 3595 5305 deos

1938 5340 2338 5398 contendebat
2376 5339 2631 5396 efficere.
2661 5339 2802 5394 Hinc
2841 5339 3064 5394 factum
3093 5341 3197 5405 est,
3233 5341 3294 5392 ut
3322 5353 3460 5392 cum
3487 5354 3594 5394 au-

1935 5445 2102 5486 ream
2165 5428 2592 5483 construxisset
2651 5433 2927 5492 statuam,
2987 5425 3293 5495 sexaginta
3347 5425 3594 5496 quidem

1936 5519 2272 5576 cubitorum
2331 5515 2658 5580 altitudine,
2713 5531 2812 5571 sex
2853 5523 3051 5571 autem
3102 5513 3429 5580 latitudine,
3455 5529 3591 5568 eam

1936 5605 2201 5664 statuerit
2222 5605 2285 5660 in
2317 5603 2514 5662 medio
2567 5620 2778 5677 campo
2839 5603 3178 5677 Babylonis,
3208 5602 3311 5674 qui
3343 5603 3589 5658 vocatur
