4144 6258
589 332 697 388 3⁸19

1994 314 2259 376 MENSIS
2297 313 2558 371 IULIUS.

3873 302 4004 363 380

600 460 800 515 Deera.
850 460 915 513 Et
952 473 1089 513 cum
1147 460 1306 511 esset
1355 468 1489 510 eam
1521 452 1995 512 consecraturus,
2029 463 2094 500 ex
2126 452 2247 501 tota

2358 438 2541 493 πεδίου
2601 440 2897 501 Βαϐυλῶνος
2974 438 3140 507 Δεηρά
3206 434 3520 507 καλουμένου
3592 439 3685 487 καὶ
3766 434 3996 506 μέλλων

599 552 773 612 terra,
807 547 901 601 cui
942 544 1296 615 imperabat,
1327 539 1923 611 convocavitprimos
1953 540 2241 606 satrapas.

597 636 847 690 Dederat
902 651 1040 689 vero
1080 634 1165 687 eis
1205 648 1440 704 quoque
1473 631 1726 700 signum,
1772 634 1971 682 utnon
1999 630 2123 680 tam
2155 628 2243 677 te-

599 740 781 787 mere,
817 738 925 778 nec
956 722 1184 794 absque
1216 721 1412 793 aliqua
1446 720 1673 776 ratione
1723 719 1773 773 ei
1832 716 2117 772 honorem
2149 712 2247 765 tri-

597 812 842 867 buerent
916 834 927 865 :
984 812 1086 866 sed
1126 817 1413 882 tanquam
1473 810 1645 877 signo
1688 807 1829 862 dato
1876 802 2244 867 accedentes,

600 917 733 955 cum
780 915 1001 968 magno
1042 906 1201 953 metu
1251 899 1589 954 adorarent.
1634 895 1763 950 Fuit
1806 899 2005 949 autem
2033 890 2147 945 tale
2177 889 2246 943 si-

600 1005 785 1058 gnum
828 1004 840 1042 :
877 988 1147 1052 Quando,
1173 986 1387 1057 inquit,
1412 985 1701 1040 audierint
1732 984 1954 1043 tubam,
1986 981 2094 1034 hoc
2126 995 2244 1033 ma-

599 1092 719 1145 gna
769 1092 910 1130 voce
933 1075 1546 1145 signiﬁcantem,tunc
1574 1077 1821 1144 oportet,
1866 1070 2074 1141 inquit,
2114 1084 2244 1139 pro-

600 1165 858 1219 cidentes
887 1164 1138 1219 adorare
1172 1168 1431 1217 statuam
1467 1182 1479 1220 :
1510 1178 1610 1217 eos
1649 1177 1813 1227 vero,
1848 1160 1949 1231 qui
1980 1158 2093 1213 hoc
2125 1172 2245 1211 non

597 1252 859 1317 fecerint,
887 1251 1170 1307 continuo
1198 1251 1358 1322 injici
1378 1251 1435 1305 in
1463 1251 1760 1305 fornacem
1780 1248 1929 1319 ignis
1948 1245 2207 1302 ardentis
2223 1288 2235 1300 .

601 1342 667 1396 Ut
710 1340 869 1396 enim
926 1344 1077 1395 esset
1112 1339 1163 1394 ei
1206 1340 1405 1410 majus
1453 1342 1507 1394 et
1550 1335 1765 1392 clarius
1796 1340 2093 1390 certamen
2134 1348 2244 1404 pro

602 1432 814 1497 statua,
868 1427 1038 1498 jubet
1092 1427 1395 1483 fornacem
1448 1443 1517 1482 ex
1569 1426 1861 1481 diametro
1900 1423 2240 1485 distantem,

601 1516 1379 1588 pice,sarmentis,naphtha
1400 1520 1455 1571 et
1475 1512 1945 1586 stuppaaccendi
1959 1528 1989 1567 e
2006 1512 2244 1581 regione

604 1610 816 1660 statuae
851 1622 863 1660 :
898 1609 962 1660 ut
996 1606 1040 1659 si
1072 1606 1208 1676 quis
1247 1605 1689 1660 convinceretur
1716 1602 1912 1673 jussui
1941 1600 2095 1669 regis
2124 1614 2247 1653 non

605 1694 953 1759 assentiens,
969 1694 1028 1749 in
1046 1693 1347 1749 fornacem
1370 1694 1567 1748 statim
1595 1691 1996 1761 conjiceretur.

676 1960 791 2014 VII.
817 1961 963 2015 Cum
994 1975 1203 2016 omnes
1234 1975 1393 2030 ergo,
1412 1962 1477 2014 ut
1492 1958 1643 2029 jussi
1664 1958 1916 2023 fuerant,
1937 1957 2065 2028 jam
2090 1970 2250 2011 reso-

606 2052 784 2104 nante
803 2048 963 2113 tuba,
988 2048 1602 2116 adorarentstatuam,
1634 2047 1691 2102 hi
1724 2052 1838 2103 tres
1882 2046 1993 2102 soli
2020 2061 2254 2102 recusa-

605 2140 745 2191 runt
792 2136 908 2192 hoc
946 2137 1158 2201 facere,
1186 2142 1252 2193 ut
1288 2153 1457 2194 sacra
1507 2137 1721 2193 docent
1754 2128 2001 2208 Eloquia
2029 2152 2041 2189 :
2068 2139 2127 2189 ut
2152 2134 2256 2204 qui

608 2225 832 2295 patrias
887 2225 1045 2295 leges
1086 2226 1420 2296 transgredi
1476 2226 1721 2281 minime
1774 2226 2149 2291 sustinerent,
2201 2225 2258 2278 et

610 2316 797 2368 Deum
838 2313 1129 2370 dedecore
1159 2314 1416 2379 afﬁcere,
1450 2320 1505 2369 et
1529 2314 1842 2370 simulacro
1868 2314 2078 2369 offerre
2115 2312 2255 2367 ado-

603 2402 921 2457 rationem.
953 2403 1093 2458 Hinc
1122 2402 1343 2459 factum
1366 2408 1455 2458 est
1484 2408 1546 2459 ut
1571 2403 1733 2474 apud
1751 2403 2026 2475 iniquum
2054 2417 2253 2471 regem

600 2495 1047 2547 accusarentur.
1110 2493 1469 2548 Accedentes
1502 2496 1720 2556 autem,
1754 2492 1857 2563 qui
1878 2507 1981 2547 eos
2012 2506 2257 2546 accusa-

602 2578 797 2635 bant:
839 2583 957 2635 Rex
1007 2581 1286 2636 dixerunt
1338 2581 1396 2644 ii,
1447 2580 1665 2652 quibus
1717 2596 1752 2634 a
1798 2587 1852 2634 te
1906 2581 2113 2635 datum
2171 2582 2259 2634 est

603 2666 923 2737 imperium
969 2670 1252 2738 regionis,
1315 2668 1579 2734 Sidrach,
1623 2668 2032 2738 inquam,hic,
2061 2668 2253 2731 Misac,

603 2760 659 2811 et
678 2756 1024 2825 Abdenago,
1061 2773 1252 2828 neque
1274 2757 1521 2812 omnino
1539 2757 1829 2811 sustinent
1850 2756 2096 2811 adorare
2114 2757 2258 2811 ima-

604 2844 829 2914 ginem,
862 2860 1057 2917 neque
1116 2847 1225 2900 tuis
1267 2845 1451 2915 jussis
1492 2845 1802 2900 obediunt.
1844 2848 1971 2900 Haec
2000 2861 2137 2899 cum
2177 2845 2255 2899 illi

600 2930 913 2997 dixissent,
967 2933 1006 2987 ii
1049 2934 1247 2989 statim
1280 2934 1550 3005 producti
1576 2940 1711 2989 sunt
1742 2938 1876 2989 ante
1898 2934 2151 2989 tribunal
2172 2949 2257 2987 re-

601 3022 787 3091 gium.
837 3023 987 3088 Quid
1041 3040 1185 3093 ergo
1234 3024 1511 3096 deinceps
1553 3028 1641 3079 est
1695 3023 2255 3079 consecutum?llle

2355 532 2624 600 καθιεροῦν
2682 530 2857 593 αὐτὸν,
2922 527 3252 579 συνεκάλεσεν
3305 524 3358 586 ἐξ
3428 524 3638 584 ἀπάσης
3698 524 3765 585 ἧς
3834 520 3996 593 ἦρχε

2356 627 2450 687 γῆς
2509 623 2629 680 τούς
2676 624 2911 691 πρώτους
2964 625 3061 667 τῶν
3132 623 3429 685 σατραπῶν,
3490 610 3716 665 δεδώκει
3769 608 3838 663 δὲ
3887 618 3991 663 καὶ

2358 715 2568 779 σημεῖον
2621 708 2814 773 αὐτοῖς,
2861 709 2943 758 ἵνα
2990 710 3059 777 μὴ
3108 704 3276 763 ἁπλῶς
3320 704 3449 754 ούτω
3479 700 3608 773 μηδ’
3642 704 3764 753 οῐνευ
3807 701 3989 771 λόγου

2355 802 2487 857 τινὸς
2540 800 2595 848 τὸ
2658 796 2809 857 σέϐας
2860 795 3002 864 αὐτῷ
3070 799 3283 865 νέμοιεν,
3333 791 3437 842 ἀλλ’
3496 794 3668 862 ὥσπερ
3724 790 3781 841 ἐκ
3840 809 3987 842 συν-

2358 890 2589 958 θήματος
2646 891 2954 960 προσιόντας
3032 888 3122 935 σὺν
3182 882 3319 954 φόϐῳ
3376 881 3545 951 πολλῷ
3617 887 3981 952 προσκυνεῖν.

2357 983 2454 1028 Καὶ
2488 981 2545 1028 τό
2588 982 2798 1047 σημεῖον
2850 970 3068 1032 τοιόνδε,
3124 973 3325 1039 Ἣνίκα,
3367 976 3546 1041 φησιν,
3593 972 3983 1039 σημαινούσης

2358 1065 2646 1117 ἀκούσουσι
2697 1068 2831 1135 μέγα
2880 1072 2971 1123 τῆς
3014 1062 3324 1132 σάλπιγγος,
3375 1079 3509 1121 τοτε,
3572 1064 3721 1130 φησὶ,
3776 1064 3982 1109 πεσόν-

2355 1175 2445 1216 τας
2505 1162 2811 1223 προσκυνεῖν
2864 1156 2949 1205 τὸν
3009 1149 3295 1224 ἀνδριάντα
3342 1166 3353 1177 “
3400 1153 3519 1209 τοὺς
3566 1145 3625 1199 δὲ
3676 1152 3751 1218 μὴ
3814 1155 3981 1198 τοῦτο

2352 1252 2625 1305 ποιοῦντας
2657 1244 2841 1303 εὐθέως
2891 1250 2953 1313 τῇ
3011 1248 3099 1292 τοῦ
3158 1242 3321 1313 πυρὸς
3366 1237 3686 1310 ἐμϐληθῆναι
3733 1241 3977 1307 καμίνῳ.

2350 1331 2460 1384 Ἰνα
2504 1335 2604 1403 γὰρ
2684 1332 2873 1403 μείζων
2933 1330 3070 1399 αύτῴ
3122 1334 3210 1381 καὶ
3277 1330 3700 1400 περιφανέστερος
3752 1328 3777 1377 ό
3838 1326 3977 1395 ὑπὲρ

2352 1429 2443 1473 τοῦ
2476 1418 2779 1493 ἀνδριάντος
2827 1419 2963 1490 ἀγὼν
3016 1426 3275 1490 καταστῇ,
3323 1422 3411 1468 καὶ
3458 1419 3674 1487 κάμινον
3727 1414 3780 1466 ἐκ
3846 1412 3979 1465 δια-

2357 1515 2540 1582 μέτρου
2595 1513 2863 1561 κατέναντι
2942 1516 3035 1569 τῆς
3086 1508 3275 1569 εἰκόνος
3330 1505 3576 1563 ἐκκαῆναι
3639 1506 3979 1577 προστάττει

2357 1605 2524 1670 πίσσῃ
2571 1605 2659 1650 καὶ
2711 1594 3020 1668 κληματίδι,
3076 1600 3205 1670 πρὸς
3265 1592 3322 1646 δε
3376 1600 3465 1646 καὶ
3495 1596 3659 1665 νάφθη
3704 1598 3797 1644 καὶ
3837 1612 3973 1643 στυ-

2362 1694 2485 1758 πείῳ
2519 1689 2753 1762 ἰσχυρῶς
2773 1691 3100 1760 τρεφομένην,
3135 1684 3193 1736 ἶν’
3227 1688 3368 1743 ὅστις
3395 1683 3661 1754 ἐλέγχοιτο
3691 1691 3765 1751 τῷ
3800 1681 3977 1753 βασι-

2280 1772 2321 1825 Β
2362 1777 2485 1846 λικῴ
2519 1773 2745 1847 δόγματι
2788 1781 2858 1847 μὴ
2893 1776 3305 1845 κατατιθέμενος,
3341 1772 3530 1824 αὐτίκα
3574 1768 3977 1846 παραδιδῶται

2361 1876 2422 1939 τῇ
2456 1872 2675 1937 καμίνῳ.

2433 1956 2504 2007 Ζ’·
2550 1959 2758 2007 Πάντων
2803 1952 2895 2006 οὗκ
2938 1956 3072 2005 κατά
3115 1957 3173 2004 τὸ
3219 1951 3484 2004 κελευσθὲν
3524 1950 3576 2002 ἐκ
3624 1952 3976 2021 συνθήματος

2363 2047 2603 2116 ηχούσης
2645 2040 2752 2101 ἤδη
2804 2052 2897 2104 τῆς
2946 2042 3229 2112 σάλπιγγος
3273 2042 3699 2112 προσκυνούντων
3754 2043 3846 2090 τόν
3894 2039 3977 2089 ἀν-

2366 2132 2605 2207 δριάντα,
2656 2136 2704 2185 οἱ
2760 2141 2896 2204 τρεῖς
2926 2134 3069 2183 οὗτοι
3119 2136 3263 2202 μόνοι
3316 2137 3466 2182 τοῦτο
3508 2129 3706 2201 πρᾶξαι
3752 2130 3975 2186 ἠπείθη-

2367 2243 2482 2287 σαν,
2542 2226 2605 2283 ως
2656 2228 2743 2274 καὶ
2799 2226 2863 2274 τὰ
2924 2225 3033 2294 ἰερά
3078 2218 3407 2273 διδάσκουσι
3466 2224 3652 2288 Λόγια,
3702 2219 3794 2269 ἅτε
3853 2224 3977 2279 ’τούς

2367 2318 2634 2384 πατρῴους
2686 2316 2872 2383 νόμους
2947 2309 3244 2383 παραϐῆναι
3318 2313 3388 2379 μὴ
3469 2307 3830 2379 ἀνασχόμενοι
3889 2313 3976 2358 καὶ

2367 2405 2452 2452 τὸν
2512 2400 2729 2470 ὕψιστον
2789 2403 2915 2452 Θεὸν
2976 2400 3233 2469 ἀτιμάσαι
3292 2402 3379 2448 καὶ
3438 2392 3631 2466 εἰδώλῳ
3690 2414 3979 2465 προσενεγο

2367 2495 2471 2539 κεῖν
2528 2493 2617 2544 τὴν
2671 2490 3024 2559 προσκύνησιν
3087 2505 3098 2516 ’
3143 2488 3304 2557 ταύτῃ
3372 2505 3451 2536 τοι
3496 2489 3584 2535 καὶ
3634 2491 3705 2552 τῷ
3760 2494 3978 2556 πονηρῴ

2368 2574 2733 2628 διαϐάλλονται
2794 2575 3050 2647 βασιλεῖ’
3088 2580 3176 2627 καὶ
3226 2573 3587 2646 προσελθόντες
3636 2575 3686 2624 οἱ
3745 2570 3976 2624 διαϐάλ-

2365 2665 2528 2725 λοντες
2576 2666 2765 2726 αύτούς
2811 2684 2822 2695 ο
2864 2664 3098 2727 Βασιλεῦ,
3142 2667 3357 2735 ἔφησαν,
3414 2665 3461 2713 οἱ
3518 2665 3659 2733 παρά
3718 2670 3815 2712 σοῦ
3873 2670 3972 2722 τῆς

2365 2762 2544 2827 χώρας
2578 2757 2761 2827 ἄρχειν
2802 2753 3069 2824 λαχόντες,
3106 2749 3303 2824 Σεδράκ
3347 2752 3491 2810 οὗτος
3539 2756 3630 2801 καὶ
3666 2753 3840 2802 Μισάκ
3870 2755 3963 2801 καὶ

2363 2840 2681 2913 Ἀϐδεναγώ,
2742 2847 2857 2895 οὔτε
2902 2850 2961 2913 τῇ
3014 2842 3170 2893 εἰκόνι
3221 2846 3524 2913 προσκυνεῖν
3576 2840 3699 2898 ὅλως
3743 2837 3951 2909 ἀνέχουσ-

2365 2953 2471 2991 ται,
2522 2936 2637 2984 οὔτε
2694 2937 2795 3003 μὴν
2860 2940 2966 2991 τοῖς
3026 2939 3135 2991 σοῖς
3192 2927 3524 3001 διατάγμασι
3582 2931 3947 2999 πειθαρχοῦσι.

2364 3029 2540 3074 Ταῦτα
2586 3019 2725 3073 εἷπον
2770 3022 2969 3083 ἐκεῖνοι,
3003 3025 3090 3070 και
3123 3023 3261 3088 ταχὺ
3323 3021 3538 3076 τούτους
3592 3017 3660 3077 εἰς
3692 3019 3959 3087 παράστα·

601 3110 845 3181 quidem
874 3112 1119 3181 rogavit,
1163 3128 1240 3167 an
1267 3128 1408 3168 vera
1436 3118 1648 3180 essent,
1667 3117 1722 3167 et
1747 3112 1969 3168 nollent
2008 3128 2248 3167 auream

2367 3131 2447 3163 σιν
2487 3115 2544 3162 τὸ
2597 3109 2873 3182 βασιλικὸν
2918 3106 3129 3179 ἐδέχετο
3165 3107 3315 3178 βῆμα
3349 3124 3359 3132 ·
3392 3112 3442 3158 τί
3482 3102 3568 3158 οὖν
3599 3110 3655 3158 τὸ
3687 3106 3911 3157 ἐντεῦθεν
3946 3122 3959 3169 ;

603 3201 863 3253 statuam
900 3200 1148 3257 adorare
1196 3217 1332 3255 cum
1373 3201 1523 3256 aliis.
1579 3201 1821 3256 Dicebat
1845 3201 1999 3255 enim
2045 3217 2107 3255 se
2137 3217 2253 3255 non

603 3287 840 3342 credere
874 3288 997 3343 haec
1039 3305 1167 3344 esse
1206 3306 1361 3345 vera.
1389 3290 1471 3344 llli
1510 3306 1648 3345 vero
1681 3306 1900 3360 magno
1937 3296 1992 3344 et
2022 3289 2252 3344 excelso

602 3376 803 3432 animo
842 3376 1117 3434 dixerunt
1163 3394 1226 3433 se
1273 3378 1503 3434 nullum
1549 3378 1731 3434 alium
1754 3379 1995 3441 habere,
2026 3378 2137 3432 nisi
2166 3395 2257 3434 so-

602 3464 729 3519 lum
754 3468 937 3521 Deum
964 3467 1023 3521 in
1055 3467 1215 3522 ccelis
1250 3489 1261 3519 :
1291 3468 1387 3537 qui
1410 3482 1520 3521 nos
1565 3471 1771 3537 potest,
1809 3483 1844 3521 ο
1874 3482 1996 3531 rex,
2032 3468 2255 3539 eripere

600 3568 670 3607 ex
694 3554 807 3609 hac
851 3554 1090 3611 fornace
1130 3554 1392 3619 ardente,
1432 3560 1489 3611 et
1514 3571 1582 3610 ex
1614 3556 1728 3609 tuis
1754 3555 2054 3611 manibus.
2086 3558 2188 3611 Cer
2218 3574 2253 3612 ο

599 3640 758 3695 enim
803 3642 974 3707 scias,
1031 3644 1189 3713 quod
1236 3660 1344 3699 nos
1383 3644 1526 3699 deos
1553 3648 1687 3699 tuos
1738 3659 1857 3699 non
1880 3644 2163 3714 colemus,
2194 3650 2250 3702 et

600 3744 867 3795 auream,
911 3747 1093 3801 quam
1110 3732 1654 3801 posuisti,statuam
1679 3748 1798 3787 non
1838 3733 2246 3791 adorabimus.

605 3817 698 3871 His
721 3822 1012 3887 tyrannus
1032 3834 1153 3873 non
1182 3820 1376 3873 minus
1403 3819 1489 3872 ira
1515 3835 1821 3883 accensus,
1840 3836 2024 3891 quam
2047 3822 2247 3877 fornax

600 3904 841 3971 ardens,
888 3906 1056 3975 jubet
1076 3906 1257 3962 iratus
1290 3906 1445 3961 viros
1480 3907 1781 3972 robustos,
1810 3910 2078 3965 Azariam
2112 3926 2249 3965 cum

600 3994 841 4063 caeteris,
866 3994 1090 4049 vinctos
1120 4011 1253 4050 cum
1294 3995 1555 4051 vestibus
1597 4001 1651 4050 et
1687 3996 2007 4062 tibialibus,
2061 3999 2140 4054 ita
2188 4005 2251 4055 ut

600 4086 785 4147 erant,
820 4082 878 4136 in
921 4082 1223 4139 fornacem
1268 4083 1524 4155 injicere.
1561 4086 1622 4139 Et
1661 4083 1742 4139 illi
1769 4085 2013 4156 quidem
2052 4087 2247 4142 statim

599 4169 659 4224 in
682 4169 880 4239 ignem
911 4171 1127 4243 injecti,
1155 4172 1358 4229 divina
1418 4174 1785 4246 providentia
1824 4181 2250 4231 conservantur

597 4258 783 4324 illussi,
816 4264 870 4315 et
900 4260 1329 4318 admirabiliter
1354 4279 1422 4319 ac
1454 4270 1660 4319 contra
1681 4264 2024 4336 opinionem
2061 4265 2250 4321 mani-

596 4347 817 4403 festum
846 4348 1134 4418 effugiunt
1164 4353 1513 4422 periculum.
1547 4354 1672 4408 Non
1697 4354 1855 4409 enim
1874 4370 1974 4409 eos
2001 4355 2248 4409 omnino

2362 3200 2420 3251 Ὀ
2451 3204 2538 3271 μεν
2587 3199 2629 3249 εἰ
2684 3199 2847 3256 ἀληθῆ
2898 3206 3063 3249 ταῦτα
3114 3195 3478 3248 διεπυνθάνετο
3527 3201 3613 3246 καὶ
3660 3203 3717 3265 τῇ
3763 3202 3951 3264 χρυσῇ

2366 3288 2522 3338 εἰκόνι
2565 3290 2691 3357 μετά
2744 3295 2841 3337 τῶν
2892 3285 3053 3336 οὒλων
3085 3286 3142 3337 ού
3184 3293 3489 3356 προσκυνεῖν
3538 3282 3792 3355 βούλοιντο
3826 3301 3837 3312 ·
3874 3287 3948 3353 μή

2368 3373 2427 3426 δὲ
2476 3379 2575 3449 γὰρ
2625 3377 2885 3425 πιστεύειν
2932 3373 3094 3443 ἔλεγεν
3141 3372 3382 3433 ἀληθείας
3431 3375 3643 3443 ἔχεσθαι
3669 3379 3834 3422 ταῦτα
3867 3390 3879 3401 ·
3909 3373 3961 3421 οἱ

2367 3462 2423 3515 δὲ
2467 3464 2807 3535 μεγαλόφρονι
2869 3460 3075 3533 διανοίᾳ
3132 3460 3282 3515 οὐδὲν
3329 3464 3494 3533 ἕτερον
3555 3463 3759 3533 ἡὲχειν
3810 3466 3962 3531 μόνον

2365 3557 2491 3606 Θεὸν
2541 3553 2588 3603 ἐν
2638 3554 2871 3626 οὐρανοῖς
2920 3555 3161 3623 ἔφασκον,
3218 3552 3273 3613 ὃς
3317 3550 3576 3613 ἐξελέσθαι
3622 3552 3758 3621 ἡμᾶς
3802 3547 3963 3601 δύνα-

2364 3662 2447 3693 ται
2501 3651 2595 3703 τῆς
2643 3648 2860 3712 καμίνου
2910 3645 3104 3702 ταύτης
3148 3649 3242 3701 τῆς
3270 3645 3547 3711 καιομένης
3591 3645 3679 3691 καὶ
3726 3649 3825 3691 τῶν
3861 3649 3953 3691 σῶν

2361 3741 2573 3803 χειρῶν,
2622 3730 2659 3783 ὦ
2707 3730 2946 3801 βασιλεῦ.
3003 3734 3234 3781 Γνωστὸν
3270 3732 3369 3802 γὰρ
3420 3729 3622 3789 ἀληθῶς
3676 3728 3809 3780 ἐστω
3856 3748 3949 3793 σοι,

2362 3823 2440 3872 ὅτι
2496 3828 2604 3880 τοῖς
2655 3823 2786 3879 θεοῖς
2840 3839 2933 3871 σου
2984 3819 3040 3870 ού
3088 3819 3392 3891 λατρεύομεν
3450 3824 3537 3869 καὶ
3590 3826 3647 3889 τῇ
3713 3818 3951 3889 εἰκόνιτῇ

2361 3918 2539 3981 χρυσῇ
2629 3912 2851 3968 ἕστησας
2878 3910 2936 3960 ού
2978 3915 3386 3982 προσκυνοῦμεν.
3440 3910 3650 3967 Τούτοις
3700 3909 3724 3958 ό
3779 3912 3958 3979 τύραν-

2360 4017 2440 4058 νος
2484 3995 2633 4048 οὐδέν
2679 4017 2829 4054 ηττον
2880 4008 2974 4059 τῆς
3021 3997 3337 4069 ἀναφθείσης
3388 4002 3606 4069 καμίνου
3656 3993 3957 4057 διακαυθεὶς

2361 4083 2556 4157 ἄνδρας
2590 4086 2847 4158 ἰσχυροὺς
2888 4086 2937 4137 ἐν
2988 4086 3114 4158 ὀργῇ
3164 4087 3352 4138 κελεύει
3392 4091 3507 4145 τοὺς
3552 4091 3669 4159 περὶ
3708 4087 3955 4159 Ἀζαρίαν

2363 4179 2546 4235 αὐταῖς
2578 4175 2788 4235 στολαῖς
2818 4180 2909 4227 καὶ
2961 4182 3329 4248 περικνημῖσιν
3379 4176 3447 4236 ὡς
3500 4173 3645 4246 εἶχον
3697 4171 3951 4231 πεδήσαν·

2360 4284 2454 4329 τες,
2514 4264 2745 4336 ἐμϐαλεῖν
2797 4266 2864 4327 εἰς
2919 4271 3011 4322 τὴν
3056 4268 3271 4335 κάμινον
3326 4282 3337 4292 ·
3390 4268 3479 4315 καὶ
3536 4266 3584 4315 οἱ
3640 4267 3729 4336 μὶν
3775 4264 3844 4324 εἰς
3896 4267 3953 4314 τὸ

2361 4361 2461 4425 πῦρ
2517 4354 2701 4415 εὐθέως
2775 4352 3063 4425 βληθέντες,
3126 4352 3179 4404 ἐκ
3234 4358 3477 4426 προνοίας
3537 4354 3675 4414 θείας
3725 4351 3955 4412 ἀϐλαϐεῖς

596 4435 750 4504 ignis
784 4438 992 4505 attigit,
1041 4455 1233 4509 neque
1263 4456 1365 4495 eos
1416 4440 1532 4495 ulla
1568 4440 1763 4496 affecit
1802 4442 2089 4498 molestia.
2134 4444 2246 4499 Sed

2366 4439 2719 4505 διασώζονται
2774 4449 2863 4495 καὶ
2920 4440 3230 4517 παραδόξως
3287 4447 3371 4493 τὸν
3424 4451 3655 4514 προφανῆ
3719 4439 3951 4494 κίνδυνον

596 4540 731 4577 cum
773 4540 894 4578 una
923 4540 1060 4579 cum
1087 4526 1171 4579 eis
1198 4526 1601 4582 descendisset
1643 4534 1697 4581 et
1744 4530 2023 4598 Angelus,
2052 4532 2246 4587 statim

594 4611 839 4684 quidem
871 4628 905 4665 a
936 4612 1369 4682 circumpositis
1409 4616 1747 4671 relaxantur
1780 4616 2027 4673 vinculis
2058 4633 2068 4670 :
2103 4635 2249 4675 aura

597 4704 796 4755 autem
824 4714 954 4755 rore
984 4716 1326 4771 aspergens,
1361 4702 1443 4757 eis
1474 4705 1661 4759 evasit
1684 4704 1859 4773 ignis,
1885 4711 1938 4760 et
1958 4710 2246 4778 tanquam

594 4789 653 4844 in
683 4788 950 4845 thalamo
996 4790 1056 4844 in
1094 4790 1295 4845 media
1339 4790 1587 4847 ﬂamma
1635 4798 1879 4856 stantes,
1920 4794 2248 4851 laudabant

592 4879 780 4935 Deum
808 4878 1223 4934 universorum
1265 4894 1278 4934 :
1310 4878 1663 4936 Benedictus
1705 4898 1783 4947 es,
1824 4881 2103 4948 dicentes,
2140 4887 2245 4941 Do-

594 4966 771 5033 mine,
799 4968 953 5022 Deus
983 4974 1221 5039 patrum
1257 4974 1594 5024 nostrorum
1616 4974 1671 5024 et
1709 4970 2008 5027 laudabile
2029 4978 2084 5028 et
2124 4974 2248 5041 glo-

590 5055 819 5111 riosum
851 5060 940 5111 est
969 5072 1190 5113 nomen
1222 5064 1384 5111 tuum
1418 5056 1477 5111 in
1519 5058 1738 5113 saecula
1771 5075 1782 5113 :
1818 5064 1872 5114 et
1910 5076 2046 5131 quae
2083 5062 2244 5117 dein-

593 5158 732 5214 ceps
787 5149 1118 5215 sequuntur
1189 5146 1249 5199 in
1297 5146 1548 5201 cantico.
1602 5148 1709 5202 Eos
1768 5163 1905 5203 vero
1936 5150 2038 5220 qui
2084 5151 2244 5220 ipsos

594 5231 977 5296 accusabant,
1000 5233 1327 5299 Chaldaeos,
1361 5240 1416 5290 et
1444 5234 1665 5290 multos
1696 5233 1843 5290 alios
1874 5252 1944 5291 ex
1968 5238 2240 5309 Assyriis,

591 5318 745 5386 ignis
772 5334 1090 5375 excurrens
1130 5323 1387 5393 perdidit
1424 5328 1479 5379 et
1510 5323 1822 5379 interemit.
1855 5325 1943 5381 Sic
1970 5326 2159 5394 gloria
2190 5331 2245 5383 et

591 5404 818 5459 honore
846 5420 1129 5465 coronare
1156 5412 1311 5467 novit
1332 5414 1483 5467 Deus
1500 5428 1621 5477 eos,
1656 5413 1761 5484 qui
1785 5428 1993 5469 revera
2021 5430 2241 5471 nomen

592 5492 746 5546 illius
776 5490 1127 5560 gloriﬁcant.
1157 5500 1247 5555 Sic
1277 5500 1395 5557 ﬁde
1425 5501 1646 5570 dignus
1679 5506 1780 5567 est,
1812 5502 1913 5574 qui
1950 5504 2238 5573 promisit,

591 5579 756 5651 quod
785 5578 1013 5637 etiamsi
1052 5598 1157 5654 per
1194 5588 1393 5658 ignem
1428 5590 1657 5658 venias,
1690 5605 1810 5648 non
1850 5591 2237 5665 combureris,

2363 4534 2742 4603 ὑποφεύγουσιν
2777 4553 2788 4564 ·
2820 4533 2875 4583 ού
2921 4537 3017 4604 γὰρ
3074 4532 3241 4601 ἥψατο
3299 4532 3465 4583 αύτών
3517 4536 3570 4582 τό
3626 4532 3849 4584 καθόλου
3895 4536 3948 4583 τό

2361 4630 2460 4691 πῦρ
2521 4618 2643 4672 οὐδὲ
2693 4628 2792 4691 μην
2847 4622 3067 4687 ἐλύπησε
3110 4625 3166 4673 τὸ
3218 4624 3476 4694 παράπαν,
3534 4620 3658 4673 ἀλλά
3693 4642 3945 4693 συγκατα-

2361 4710 2539 4770 ϐάντος
2585 4710 2759 4771 αὐτοῖς
2811 4710 3048 4780 ἀγγέλου,
3101 4710 3325 4762 ἀνίενται
3380 4714 3468 4781 μὲν
3518 4719 3615 4761 των
3669 4716 3950 4784 περικειμέ-

2358 4821 2453 4850 νων
2486 4800 2674 4850 αύτίκα
2706 4796 2910 4871 δεσμῶν
2945 4818 2955 4828 ·
2992 4796 3125 4873 αὖρα
3166 4797 3223 4851 δε
3272 4796 3601 4872 δροσίζουσα
3628 4804 3685 4851 τὸ
3715 4810 3817 4873 πῦρ
3864 4801 3953 4852 αύ-

2359 4895 2462 4947 τοῖς
2512 4887 2749 4958 ἐγεγόνει,
2812 4892 2897 4938 καὶ
2954 4892 3016 4947 ὡς
3074 4888 3121 4939 ἐν
3179 4886 3417 4939 παστάδι
3474 4898 3535 4959 τῇ
3594 4888 3743 4961 φλογὶ
3797 4896 3947 4961 μέσον

2358 4977 2576 5037 ἑστῶτες
2616 4981 2700 5028 τόν
2748 4976 2829 5029 ἐπὶ
2873 4979 3074 5029 πάντων
3124 4978 3312 5049 ὕμνουν
3360 4983 3485 5030 Θεόν
3522 4996 3531 5006 ·
3568 4978 3853 5049 Εὐλογητὸς
3884 4978 3941 5045 εἶ,

2360 5069 2533 5137 Κύριε,
2589 5065 2837 5135 λέγοντες,
2875 5068 2898 5117 ό
2930 5070 3051 5126 Θεὸς
3093 5076 3189 5117 τῶν
3234 5070 3464 5140 πατέρων
3512 5069 3673 5139 ἡμῶν,
3730 5074 3816 5121 καὶ
3871 5070 3945 5120 αἰ-

2354 5157 2491 5205 νετὸν
2539 5159 2621 5205 καὶ
2657 5150 3036 5224 δεδοξασμένον
3068 5157 3125 5204 τὸ
3158 5156 3317 5225 ὄνομά
3359 5174 3451 5205 σου
3484 5155 3555 5216 εἰς
3592 5159 3712 5217 τοὺς
3742 5157 3943 5221 αἰῶνας,

2353 5244 2535 5292 καὶτὰ
2584 5242 2695 5303 ἑξῆς
2734 5250 2820 5301 τῆς
2869 5239 3011 5313 ᾧδῆς
3046 5260 3056 5271 ·
3092 5246 3211 5304 τούς
3260 5240 3316 5293 δε
3377 5239 3717 5303 διαϐαλόντας
3766 5246 3944 5306 αὐτούς

2355 5325 2652 5390 Χαλδαίους
2697 5334 2784 5380 καὶ
2833 5330 3048 5391 πολλοὺς
3078 5330 3258 5391 ἄλλους
3300 5340 3396 5380 τὼν
3425 5333 3723 5401 Ἀσσυρίων
3764 5338 3820 5384 τό
3847 5344 3943 5405 πῦρ

2352 5414 2610 5487 ἐκδραμὸν
2667 5414 2921 5491 διέφθειρέ
2972 5438 3025 5470 τε
3069 5424 3157 5469 καὶ
3210 5419 3279 5481 εἰς
3325 5419 3463 5479 τέλος
3508 5418 3790 5475 ἀπώλεσεν.
3842 5426 3944 5473 Οὖ-

2352 5525 2422 5556 τω
2454 5501 2580 5577 δόξῃ
2626 5510 2713 5557 καὶ
2745 5514 2867 5577 τιμῇ
2917 5514 3191 5577 στεφανοῦν
3219 5503 3329 5558 οἶδε
3377 5510 3500 5568 Θεὸς
3544 5511 3665 5570 τοὺς
3708 5510 3841 5582 ἔργῳ
3886 5517 3939 5564 τὸ

2350 5595 2539 5646 ἐκείνου
2590 5590 2901 5657 δοξάζοντας
2959 5598 3118 5666 ὄνομα
3170 5615 3183 5629 ·
3235 5595 3367 5646 οὕτω
3422 5597 3607 5657 πιστὸς
3640 5597 3665 5648 ὁ
3697 5596 3939 5671 ἐπαγγει-
