4144 6258
174 300 292 360 381

1313 303 1483 360 VITA
1521 301 1583 358 S.
1621 299 2028 360 PROPHETB
2064 306 2416 372 DANIELIS.

3443 323 3550 380 382

173 426 422 501 λάμενος,
472 430 552 482 ὅτι
604 427 709 482 Κᾶν
759 424 852 481 διὰ
898 431 1057 502 πυρός
1109 425 1339 502 διέλθῃς,
1389 429 1448 482 ού
1501 432 1570 499 μὴ
1630 446 1773 480 κατα·

1903 443 2098 503 neque
2127 435 2390 496 ardebis.
2420 441 2608 513 Atque
2639 441 2768 498 hinc
2798 443 3037 514 quidem
3067 445 3148 502 sic
3185 446 3544 514 habuerunt,

172 521 384 590 καυθῇς
435 514 558 571 οὐδὲ
607 523 676 590 μὴ
726 519 1046 591 συμφλεγῇς.
1093 517 1218 591 Εἶχε
1271 523 1359 590 μεν
1417 519 1552 570 οὕτω
1603 525 1785 569 ταῦτα·

171 613 273 661 καὶ
306 610 354 661 οἱ
380 616 516 680 τρεῖς
556 604 738 670 παῖδες
768 606 816 659 ἓν
860 616 920 680 τῇ
973 613 1174 680 καμίνῳ
1230 605 1438 678 διῆγον,
1471 611 1545 660 ἔτι
1590 609 1676 658 τὸν
1707 605 1791 658 ἐπὶ

175 699 392 750 πάντων
425 697 683 759 αἰνοῦντες
715 701 862 752 Θεόν.

261 785 336 840 Η’.
380 785 437 839 Ὀ
487 784 732 859 βασιλεὺς
782 783 840 838 δὲ
887 789 942 838 τὸ
993 793 1209 860 πρᾶγμα
1257 782 1351 838 διὰ
1398 787 1659 857 θαύματος
1711 786 1785 836 θέ-

175 895 352 945 μενος,
394 883 486 928 τοῦ
538 877 718 948 θρόνου
772 879 860 946 μεν
919 875 1064 936 εύθύς
1116 876 1464 938 ἐξανίσταται·
1521 871 1785 945 διαπορῶν

180 961 246 1016 δὲ
295 961 376 1029 ἦν,
422 973 530 1026 πῶς
579 966 683 1037 ἄρα
734 971 866 1037 τρεῖς
913 966 1034 1037 παρ’
1084 965 1242 1016 αύτοῦ
1290 973 1350 1036 τῇ
1404 970 1602 1035 καμίνῳ
1653 961 1783 1035 βλη-

181 1054 352 1114 θέντες
402 1058 645 1128 τέσσαρες
693 1055 814 1126 ἄρτι
855 1056 1199 1126 καθορῶνται,
1253 1050 1418 1124 μηδὲν
1467 1053 1695 1124 λυπηρόν
1749 1053 1778 1110 ἡ

180 1138 344 1203 ἀηδὲς
391 1143 518 1204 ὅλως
565 1145 808 1214 ἔχοντες·
839 1145 868 1200 ἠ
925 1151 1014 1194 τοῦ
1063 1145 1308 1215 τετάρτου
1361 1140 1418 1194 δι
1462 1143 1578 1212 ὄψις
1630 1143 1784 1212 ὁμοία

178 1233 290 1301 Υἱῲ
346 1236 493 1297 Θεοῦ,
552 1235 640 1284 καὶ
697 1231 884 1284 αὐτίκα
933 1236 1064 1304 πρὸς
1113 1240 1174 1304 τῇ
1233 1234 1366 1304 θύρᾳ
1415 1239 1506 1283 τοῦ
1563 1235 1782 1301 καμίνου

176 1324 449 1391 γενόμενος
479 1337 490 1348 ·
525 1316 754 1394 Σεδράχ,
794 1322 907 1394 ἔφη,
958 1326 1048 1374 καὶ
1097 1323 1277 1375 Μισάκ
1325 1325 1414 1372 καὶ
1462 1315 1782 1389 Ἀϐδεναγώ,

176 1411 231 1460 οἱ
276 1405 455 1461 δοῦλοι
496 1417 588 1462 τοῦ
625 1415 752 1463 Θεοῦ
799 1417 888 1464 τοῦ
935 1411 1183 1482 ὑψίστου,
1219 1411 1439 1474 ίξέλθετε
1487 1414 1573 1460 καὶ
1613 1406 1780 1462 δεῦτε·

178 1499 230 1549 οἱ
275 1494 334 1550 δί
383 1497 559 1561 ἇξῆτον
607 1508 734 1551 σῶοι
783 1504 871 1553 καὶ
920 1502 1147 1565 ἄθικτοι,
1196 1497 1336 1572 μηδὲ
1383 1502 1570 1573 τριχὸς
1620 1497 1783 1550 αὐτῶν

174 1593 270 1638 τοῦ
300 1589 459 1654 πυρὸς
503 1590 889 1661 κυριεύσαντος.
922 1596 1098 1641 Ταῦτα
1145 1591 1213 1650 ὡς
1260 1584 1392 1640 εἶδεν
1441 1589 1466 1638 ό
1511 1585 1779 1658 βασιλεὺς,

177 1677 275 1732 τὴν
318 1673 602 1748 ὑπερϐολὴν
652 1684 742 1728 τοῦ
793 1678 1075 1749 θαύματος,
1107 1675 1294 1748 μᾶλλον
1338 1671 1395 1727 δε
1441 1683 1539 1726 τῶν
1584 1674 1781 1744 θαυμά-

1902 524 1958 574 et
1987 524 2101 619 tres
2126 525 2295 594 pueri
2326 527 2621 598 degebant
2654 531 2715 587 in
2742 531 2976 589 fornace
3007 534 3322 592 laudantes
3351 536 3538 595 Deum

1903 623 2339 670 universorum.

1969 784 2098 839 VIII.
2135 788 2248 844 Rex
2287 795 2486 847 autem
2517 807 2642 849 rem
2683 795 3032 860 admiratus,
3066 797 3264 854 statim
3296 798 3540 870 quidem

1897 872 2143 941 surgite
2183 875 2425 934 throno:
2455 881 2762 938 dubitabat
2807 890 3028 953 autem,
3067 886 3376 958 quomodo
3422 891 3540 942 tres

1895 959 1973 1015 ab
2011 977 2080 1016 eo
2111 966 2359 1034 conjecti
2392 968 2450 1022 in
2489 969 2813 1037 fornacem,
2849 989 3004 1027 nunc
3033 981 3352 1030 cernantur
3393 991 3539 1046 qua-

1895 1053 2046 1116 tuor,
2065 1051 2168 1122 qui
2187 1053 2593 1113 nihilomnino
2619 1075 2795 1128 grave
2813 1068 2916 1116 aut
2935 1061 3256 1118 molestum
3279 1077 3536 1118 sensere.

1893 1137 2180 1209 Aspectus
2210 1157 2345 1198 vero
2375 1147 2566 1216 quarti
2599 1155 2685 1202 est
2715 1149 2926 1204 similis
2974 1150 3111 1205 Filio
3155 1151 3274 1206 Dei.
3318 1153 3382 1206 Et
3422 1157 3538 1207 sta-

1895 1226 1998 1281 tim
2029 1229 2317 1284 accedens
2344 1233 2421 1287 ad
2450 1235 2666 1291 ostium
2699 1237 2975 1303 fornacis,
3008 1237 3286 1305 Sedrach,
3322 1240 3535 1311 inquit,

1895 1318 1950 1368 et
1980 1315 2172 1381 Misac,
2206 1321 2262 1373 et
2296 1318 2640 1393 Abdenago,
2673 1324 2825 1378 servi
2858 1325 2955 1380 Dei
2985 1325 3276 1395 altissimi,
3305 1326 3455 1384 exite
3485 1330 3541 1383 et

1894 1403 2107 1458 venite.
2163 1404 2246 1461 llli
2297 1413 2495 1464 autem
2550 1410 2690 1467 salvi
2750 1413 2966 1481 egressi
3021 1418 3158 1470 sunt
3205 1421 3259 1469 et
3310 1413 3538 1479 intacti,

1895 1505 2033 1546 cum
2058 1508 2132 1548 ne
2161 1493 2223 1548 in
2264 1510 2446 1552 unum
2473 1498 2718 1568 quidem
2750 1501 2940 1571 pilum
2970 1501 3346 1559 dominatum
3385 1501 3538 1558 obti-

1891 1579 2124 1636 nuisset
2152 1581 2324 1652 ignis.
2363 1587 2494 1641 Haec
2524 1603 2659 1642 cum
2698 1589 2941 1646 vidisset
2968 1606 3090 1656 rex,
3129 1590 3401 1648 miraculi
3443 1590 3537 1647 vel

1892 1667 2088 1738 potius
2110 1670 2538 1730 miraculorum
2572 1692 2874 1734 summam
2908 1682 3151 1751 stupens
3174 1679 3538 1749 magnitudi-

176 1782 276 1814 των
324 1763 694 1836 καταπλαγεὶς,
740 1766 820 1817 ὄτι
863 1785 914 1818 τε
959 1770 1227 1839 κρείττους
1278 1766 1526 1836 ὤφθησαν
1574 1758 1773 1814 τοιοῦδε

1891 1771 2050 1825 nem,
2078 1774 2295 1831 nempe
2333 1763 2499 1834 quod
2524 1767 2580 1819 et
2619 1764 2719 1820 tali
2745 1765 2880 1835 igne
2921 1766 3139 1823 fuerint
3176 1767 3535 1840 superiores,

176 1855 365 1923 πυρός,
401 1857 489 1905 καὶ
537 1855 616 1905 ὃτι
659 1858 731 1926 μὴ
780 1853 953 1914 ἁπλῶς
999 1859 1280 1926 κρείττους,
1313 1853 1440 1905 ἀλλὰ
1481 1848 1619 1924 μηδὲ
1665 1851 1782 1915 θρὶξ

179 1940 345 1992 αὐτῶν
394 1945 452 1994 τὸ
501 1941 944 2016 εύμαραντότατον
1002 1946 1232 2016 τοσαύτῃ
1289 1941 1550 2016 παρερῥύη
1607 1941 1776 2013 φλογίο

178 2031 312 2102 πρὸς
362 2031 560 2091 τούτοις
617 2032 696 2083 ὅτι
753 2027 1018 2103 δεδεμένοι
1075 2035 1210 2092 ὄντες
1265 2031 1416 2092 εὐθὺς
1479 2029 1777 2093 ἀνείθησαν,

178 2123 269 2168 καὶ
327 2119 501 2189 ὅτιπερ
560 2117 607 2170 ἓν
671 2128 730 2190 τῇ
791 2125 990 2192 καμίνῳ
1056 2125 1300 2194 παρόντες
1367 2122 1440 2171 ἐτι
1495 2123 1583 2170 καὶ
1635 2115 1780 2188 ᾄδειν

179 2205 446 2275 ἠκούοντο,
503 2206 528 2256 ὃ
587 2214 693 2268 τοῖς
745 2207 792 2258 ἐν
844 2209 990 2280 φλογὶ
1046 2211 1262 2261 θάνατον
1312 2208 1460 2270 ὀξέως
1508 2204 1645 2260 οἶδεν
1699 2206 1782 2259 ἐπ-

175 2294 318 2363 άγειν
368 2293 499 2366 αὐτῇ
555 2304 893 2371 παραχρῆμα
941 2305 1002 2369 τῇ
1062 2294 1313 2360 διανοίξει
1356 2305 1446 2350 τοῦ
1501 2301 1780 2369 στόματος,

174 2386 266 2434 καὶ
311 2383 390 2434 ὅτι
433 2386 490 2434 τὸ
546 2391 644 2456 πῦρ
691 2383 848 2437 ἐκεῖνο
898 2385 922 2436 ὃ
971 2393 1067 2446 τῆς
1114 2386 1306 2446 οἰκείας
1349 2387 1399 2438 ἐν
1445 2389 1649 2446 τούτοις
1701 2385 1782 2446 ἐξ·

178 2469 382 2522 ελάθετο
453 2474 666 2543 φύσεως,
722 2472 770 2525 ἓν
853 2481 961 2536 τοῖς
1028 2480 1146 2547 περὶ
1220 2479 1312 2533 τὴν
1370 2477 1584 2546 κάμινον
1660 2471 1780 2524 οὖσι

179 2555 467 2622 Χαλδαίοις
493 2568 596 2633 πῦρ
629 2560 831 2635 ἀκριϐὲς
878 2560 939 2622 ἦν
981 2568 1070 2616 καὶ
1117 2560 1241 2616 ούδέ
1283 2565 1418 2615 κατά
1462 2569 1644 2635 χώραν
1692 2566 1779 2633 μέ-

176 2668 282 2714 νον,
339 2649 444 2700 ἀλλ’
498 2650 629 2713 ἐξιόν
681 2656 770 2704 καὶ
822 2651 1091 2724 ἀλλόμενον
1148 2657 1234 2705 καὶ
1289 2656 1407 2713 τοὺς
1466 2650 1644 2714 ἀξίους
1696 2650 1773 2702 5:3-

179 2742 484 2811 μαρέστατα
555 2740 870 2812 καταφλέγον
901 2758 911 2770 ·
967 2750 1133 2794 ταῦτα
1209 2743 1378 2794 πάντα
1451 2741 1634 2800 ἐκεῖνος
1707 2743 1775 2800 ὡς

179 2823 334 2896 εἶδεν,
393 2827 464 2889 εἰς
509 2836 606 2899 γῆν
652 2848 702 2880 τε
760 2829 908 2891 εὐθὺς
961 2832 1139 2882 ἔπιπτε
1207 2835 1313 2892 καὶ,
1371 2829 1654 2898 Εύλόγητος
1711 2823 1771 2892 εἴ,

182 2918 357 2990 Κύριε,
391 2916 584 2988 μεγάλῃ
637 2917 820 2988 ἔκραζε
851 2925 912 2988 τῇ
956 2925 1118 2988 φωνῇ,
1150 2918 1176 2967 ό
1221 2920 1351 2978 Θεὸς
1399 2924 1488 2968 τοῦ
1542 2913 1772 2986 Σεδράχ,

177 3006 363 3055 Μισάκ
413 3009 502 3057 καὶ
572 3001 888 3075 Ἀϐδεναγώ,
949 3004 1002 3066 ὃς
1074 3004 1340 3057 ἀπέστειλε
1395 3008 1480 3055 τόν
1559 3002 1775 3074 ἄγγελον

1893 1850 1948 1900 et
1971 1848 2134 1917 quod
2154 1863 2277 1904 non
2307 1851 2501 1907 solum
2534 1853 2892 1925 superiores,
2911 1855 3017 1910 sed
3039 1871 3148 1910 nec
3180 1871 3383 1912 eorum
3411 1857 3539 1928 qui-

1890 1933 2031 1990 dem
2054 1935 2228 2007 pilus,
2266 1953 2374 2006 res,
2407 1955 2542 2012 quas
2582 1941 2861 1998 facillime
2899 1941 3193 2000 ﬂaccescit
3222 1948 3278 2000 et
3313 1959 3538 2000 marce-

1891 2023 2018 2089 scit,
2065 2028 2228 2082 tanta
2264 2026 2515 2084 ﬂamma
2570 2028 2895 2087 efﬂuxerit:
2938 2036 2994 2088 et
3023 2037 3332 2103 praeterea,
3372 2032 3539 2104 quod

1890 2127 2028 2168 cum
2069 2119 2265 2172 essent
2293 2116 2487 2182 vincti,
2522 2118 2804 2174 continuo
2839 2120 3001 2174 fuere
3050 2120 3260 2176 soluti:
3293 2124 3349 2176 et
3376 2120 3538 2192 quod

1891 2216 2030 2257 cum
2059 2203 2257 2260 adhuc
2304 2210 2500 2262 essent
2530 2207 2590 2262 in
2619 2207 2881 2272 fornace,
2915 2208 3101 2265 auditi
3139 2213 3278 2264 sunt
3317 2224 3538 2264 canen-

1894 2295 2018 2346 tes:
2063 2292 2225 2363 quod
2263 2293 2506 2366 quidem
2546 2295 2637 2360 iis,
2683 2297 2786 2368 qui
2821 2301 2958 2353 sunt
2997 2298 3057 2352 in
3103 2297 3368 2364 ﬂamma,
3402 2297 3538 2369 ipsa

1893 2379 2089 2434 statim
2133 2381 2253 2436 oris
2277 2382 2583 2453 apertione
2614 2388 2873 2440 mortem
2914 2385 3064 2442 solet
3112 2385 3322 2442 afferre
3361 2385 3539 2456 proti-

1890 2483 2041 2527 nus:
2074 2473 2130 2525 et
2181 2470 2344 2541 quod
2375 2461 2468 2526 ille
2511 2471 2685 2541 ignis,
2737 2473 2842 2544 qui
2897 2473 2959 2529 in
3013 2473 3095 2528 eis
3149 2473 3408 2546 propriae
3444 2477 3537 2530 est

1888 2555 2110 2611 oblitus
2162 2562 2408 2624 naturae,
2435 2559 2496 2614 in
2549 2560 2859 2628 Chaldaeis,
2888 2561 2993 2634 qui
3023 2569 3191 2618 erant
3229 2562 3385 2616 circa
3419 2561 3536 2617 for-

1885 2658 2119 2711 nacem,
2152 2645 2262 2700 fuit
2288 2662 2463 2701 verus
2493 2651 2549 2703 et
2572 2648 2863 2718 perfectus
2889 2649 3063 2716 ignis,
3095 2655 3150 2705 et
3183 2665 3292 2704 nec
3312 2649 3370 2703 in
3397 2648 3532 2705 loco

1885 2731 2131 2803 quidem
2158 2749 2436 2799 manens,
2471 2735 2569 2790 sed
2605 2737 2916 2805 egrediens
2957 2742 3012 2793 et
3051 2737 3288 2802 saliens.
3319 2742 3375 2793 et
3405 2752 3526 2801 eos,

1889 2821 1992 2890 qui
2029 2821 2197 2892 digni
2247 2827 2428 2887 erant,
2477 2825 2835 2880 comburens
2859 2826 3159 2882 facillime.
3206 2829 3528 2896 Postquam

1885 2906 1979 2962 ille
2003 2908 2148 2964 vidit
2173 2910 2301 2964 haec
2330 2911 2550 2977 omnia,
2584 2913 2783 2968 statim
2810 2914 2978 2970 humi
3008 2914 3238 2981 cecidit,
3271 2919 3326 2969 et
3355 2915 3534 2969 Bene-

1886 2995 2080 3051 dictus
2121 3014 2202 3062 es,
2222 2997 2491 3064 Domine,
2521 3015 2742 3069 magna
2769 3017 2916 3058 voce
2946 3003 3246 3068 clamavit,
3271 3005 3422 3057 Deus
3452 3001 3534 3058 Si-

175 3091 342 3144 αὐτοῦ
367 3098 456 3144 καὶ
487 3091 739 3167 ἐρρύσατο
778 3098 895 3154 τοὺς
923 3094 1100 3155 ὁσίους
1145 3093 1303 3145 αὐτοῦ
1346 3088 1540 3152 παῖδας
1588 3091 1642 3144 ἐκ
1685 3099 1773 3143 τοῦ

1886 3084 2089 3156 drach,
2144 3087 2321 3142 Misac
2371 3091 2428 3142 et
2477 3088 2806 3160 Abdenago
2873 3092 2976 3163 qui
3044 3092 3204 3147 misit
3248 3090 3530 3160 angelum

174 3184 343 3254 πυρός
394 3186 482 3234 καὶ
533 3191 703 3234 κακῶν
765 3180 976 3242 ἀπαθεῖς
1020 3179 1358 3256 διετήρησεν
1393 3179 1503 3235 εἶτα
1548 3185 1637 3233 καὶ
1691 3177 1778 3234 δό-

180 3289 290 3341 γμα
335 3269 623 3336 ἐκτίθησιν,
678 3276 787 3332 Πᾶς
835 3272 996 3333 ὅστις,
1050 3271 1230 3341 λέγων,
1267 3271 1324 3322 ού
1367 3276 1652 3342 προσκυνεῖ
1690 3273 1776 3322 τὸν

180 3362 309 3412 Θεὸν
362 3356 592 3431 Σεδράχ,
646 3361 829 3412 Μισάκ
877 3364 964 3411 καὶ
1011 3355 1328 3430 Ἀϐδεναγώ,
1380 3359 1447 3418 εἰς
1498 3358 1770 3410 ἀπώλειαν·

181 3449 328 3499 ἔσται
377 3453 466 3500 καὶ
513 3452 579 3501 τά
635 3448 828 3501 ἐκείνου
884 3450 1051 3501 πάντα
1104 3448 1177 3510 εἰς
1229 3453 1490 3522 προνομήν
1519 3467 1531 3480 ⁸
1589 3448 1774 3508 αύτούς

181 3533 242 3588 δὲ
288 3541 406 3599 τοὺς
450 3543 740 3612 μακαρίους
785 3534 983 3599 παῖδας
1034 3545 1121 3589 νῦν
1175 3538 1204 3597 ἢ
1265 3542 1510 3610 πρότερον
1561 3537 1772 3609 μείζοσι

181 3622 410 3689 δοξάσας
461 3634 660 3696 τιμαῖς,
713 3627 900 3700 ἄρχειν
954 3632 1043 3679 καὶ
1096 3635 1195 3678 τῶν
1251 3623 1519 3680 Ἰουδαίων
1574 3626 1772 3698 αἰχμα-

175 3713 349 3766 λώτων
375 3713 660 3788 ἐπέτρεπεν.

250 3802 332 3858 Θ’.
375 3809 556 3877 Βραχὺ
582 3807 638 3856 τὸ
687 3807 817 3876 μετά
864 3811 1050 3869 ταῦτα,
1082 3808 1171 3856 καὶ
1201 3803 1351 3856 πάλιν
1395 3806 1578 3878 ὅρασις
1627 3804 1774 3877 ἑτέρα

173 3895 311 3944 κατὰ
337 3897 458 3956 τοὺς
482 3894 670 3956 ὕπνους
715 3903 785 3964 τῷ
837 3892 1048 3964 βασιλεῖ
1078 3889 1363 3960 δείκνυται,
1395 3898 1484 3946 καὶ
1514 3896 1542 3952 ἡ
1590 3897 1772 3966 ὅρασις

172 3979 389 4035 τοιοίδε’
424 3979 638 4056 δένδρον
665 3985 787 4057 όρᾴν
831 3980 1000 4036 ἐδόκει
1044 3987 1178 4054 μέγα
1221 4003 1272 4035 τε
1323 3988 1408 4035 καὶ
1458 3987 1768 4056 θαυμάσιον,

175 4071 200 4122 ὁ
245 4070 490 4146 ἐρῤίζωτο
535 4075 623 4144 μὲν
669 4071 751 4124 ἐπὶ
797 4080 914 4143 γῆς,
954 4071 1270 4143 ἐμεγαλύνθη
1325 4068 1384 4125 δε
1434 4077 1522 4124 καὶ
1573 4076 1772 4144 ἴσχυσε

174 4163 328 4232 μέγα,
361 4166 449 4213 καὶ
476 4164 532 4212 τὸ
564 4160 697 4231 ὕψος
738 4161 897 4213 αὐτοῦ
944 4162 1238 4232 κατειλήφει
1286 4164 1373 4212 τὸν
1421 4161 1635 4235 οὐρανόν
1682 4167 1769 4214 καὶ

174 4248 379 4320 φύλλοις
429 4252 635 4324 ὡραίοις
683 4248 845 4322 ἐκόμα
887 4255 975 4301 καὶ
1023 4249 1191 4322 ἔϐριθε
1233 4248 1401 4319 πολλῷ
1448 4259 1517 4318 τῷ
1564 4258 1769 4322 καρπῷ,

172 4341 240 4390 τὰ
289 4340 447 4412 θηρία
501 4358 552 4390 τε
607 4346 698 4390 τοῦ
753 4337 913 4410 ἀγροῦ
965 4340 1132 4389 πάντα
1177 4342 1266 4388 καὶ
1323 4341 1388 4388 τὰ
1435 4340 1638 4388 πετεινὰ
1680 4345 1770 4388 τοῦ

1886 3189 2084 3238 suum,
2117 3179 2170 3230 et
2197 3174 2467 3231 liberavit
2491 3182 2728 3232 sanctos
2756 3194 2896 3234 suos
2939 3195 3156 3252 pueros
3183 3179 3262 3236 ab
3291 3179 3450 3249 igne,
3475 3182 3533 3235 et

1887 3278 1923 3318 a
1951 3262 2126 3318 malis
2155 3265 2528 3320 conservavit
2556 3264 2792 3322 illaesos.
2830 3268 3046 3322 Deinde
3076 3267 3257 3324 etiam
3282 3269 3402 3322 edit
3431 3267 3529 3322 de-

1884 3355 2133 3415 cretum,
2181 3351 2552 3424 Quicunque,
2589 3353 2811 3418 dicens,
2849 3370 2971 3412 non
3020 3354 3295 3412 adorabit
3342 3357 3528 3410 Deum

1885 3438 2148 3508 Sidrach,
2215 3439 2388 3495 Misac
2449 3444 2506 3496 et
2553 3440 2902 3511 Abdenago,
2936 3442 3216 3509 interibit,
3259 3447 3315 3498 et
3373 3441 3528 3497 illius

1881 3526 2044 3583 bona
2064 3527 2268 3584 omnia
2284 3529 2501 3600 praedae
2527 3534 2716 3586 erunt.
2737 3533 2901 3602 Ipsos
2927 3537 3030 3588 aut
3051 3531 3359 3588 embeatos
3386 3544 3530 3602 pue-

1881 3631 1980 3671 ros
2003 3617 2236 3687 majori,
2258 3632 2444 3689 quam
2471 3619 2655 3689 prius,
2677 3619 2902 3676 honore
2925 3620 3212 3686 amciens,
3235 3619 3414 3691 jussit
3431 3620 3529 3673 Ju-

1881 3704 2024 3760 daais
2054 3705 2304 3777 captivis
2343 3721 2618 3777 praeesse.

1950 3795 2039 3848 IX.
2071 3797 2197 3849 Non
2244 3793 2499 3850 multum
2529 3796 2856 3853 intercessit
2889 3797 3192 3870 temporis,
3225 3800 3279 3853 et
3319 3811 3528 3851 rursus

1881 3883 1996 3939 alia
2047 3882 2200 3938 visio
2241 3883 2366 3952 regi
2407 3891 2655 3956 apparet
2683 3886 2742 3940 in
2774 3888 3019 3942 somnis.
3066 3886 3383 3942 Videbatur
3412 3884 3526 3939 sibi

1878 3973 2076 4028 videre
2107 3973 2382 4028 arborem
2413 3987 2699 4042 magnam
2721 3981 2778 4030 et
2808 3975 3247 4040 admirabilem,
3276 3989 3411 4046 quae
3433 3988 3526 4028 ra-

1879 4062 2038 4117 dices
2089 4060 2334 4132 quidem
2395 4066 2592 4130 egerat
2645 4062 2704 4116 in
2747 4067 2940 4118 terra:
2997 4064 3180 4119 crevit
3212 4068 3414 4118 autem
3467 4065 3524 4117 et

1881 4150 2051 4205 valde
2087 4150 2254 4205 fortis
2284 4151 2490 4224 evasit,
2516 4157 2569 4206 et
2600 4151 2851 4207 altitudo
2875 4151 3004 4220 ejus
3031 4151 3248 4206 caelum
3280 4150 3526 4218 attinge-

1881 4237 2001 4302 bat,
2033 4241 2088 4292 et
2117 4237 2408 4307 speciosis
2447 4246 2574 4295 erat
2601 4244 2837 4294 comata
2866 4238 3042 4306 foliis,
3091 4243 3148 4293 et
3191 4237 3370 4310 plena
3398 4243 3525 4292 erat

1879 4325 2068 4380 multo
2093 4324 2283 4380 fructu
2309 4343 2321 4380 :
2355 4342 2565 4383 omnes
2608 4342 2748 4382 vero
2778 4326 2982 4382 bestiae
3009 4327 3135 4396 agri
3167 4331 3223 4382 et
3251 4325 3520 4382 volucres

173 4427 391 4501 ούρανοῦ
441 4426 488 4478 ἐν
535 4429 702 4497 τούτῳ
745 4432 1004 4496 κατῴκει’
1041 4422 1149 4476 εἶτα
1198 4429 1288 4475 καὶ
1338 4429 1473 4494 φωνή
1524 4444 1597 4484 τις
1643 4427 1770 4477 ἄνω-

1886 4413 1938 4469 in
1965 4430 2037 4470 ea
2065 4415 2434 4472 habitabant.
2465 4415 2684 4472 Deinde
2711 4431 2826 4470 vox
2849 4430 3092 4487 quoque
3121 4414 3404 4486 quaedam
3435 4429 3524 4469 re-

176 4517 256 4567 θεν
305 4513 468 4585 ἀθρόα
535 4519 718 4586 προῄει
771 4514 994 4584 ἐκτεμεῖν
1051 4515 1109 4563 τό
1174 4509 1388 4583 δένδρον
1467 4512 1767 4578 κελεύουσα,

173 4607 333 4674 μόνην
386 4599 444 4653 δὲ
495 4607 588 4660 τὴν
639 4611 730 4662 τῆς
773 4601 927 4675 ῥίζης
983 4601 1196 4658 ἐαθῆναι
1237 4606 1400 4672 φυὴν’
1435 4608 1521 4654 καὶ
1568 4599 1634 4660 δὴ
1679 4610 1768 4656 καὶ

174 4690 403 4754 ἐτέμνετο
455 4695 544 4742 καὶ
600 4693 666 4742 τὰ
717 4689 878 4762 φύλλα
936 4686 1092 4742 τοῦδε
1144 4699 1479 4762 παραχρῆμα
1535 4689 1765 4766 ἐξεῤῥυί-

175 4798 347 4843 σκετο,
380 4783 468 4831 καὶ
510 4781 575 4831 τά
626 4778 674 4831 ἐν
729 4779 868 4850 αύτῷ
913 4781 1078 4831 πάντα
1125 4783 1231 4842 ζῶα
1262 4784 1600 4832 καὶαπετεινά
1649 4783 1766 4834 θάτ-

170 4889 256 4922 τον
312 4866 584 4939 ἀφίστατο.
629 4868 688 4921 Ὀ
730 4871 818 4940 μεν
871 4873 1064 4940 ὄνειρος
1109 4869 1273 4928 οὗτος
1323 4871 1346 4920 ό
1397 4866 1455 4921 δὲ
1514 4869 1766 4941 βασιλεὺς

169 4965 261 5011 τοῦ
316 4957 478 5009 ὕπνου
531 4953 815 5018 διαναστὰς
867 4962 950 5009 καὶ
1004 4958 1154 5010 πάλιν
1207 4962 1322 5018 τοὺς
1373 4960 1571 5029 μάγους
1623 4961 1765 5013 καλέ-

173 5066 289 5110 σας,
336 5043 531 5117 διεξῄει
581 5051 638 5098 τὸ
699 5049 872 5099 θεαθεν
920 5051 1002 5098 καὶ
1051 5046 1160 5117 ἄμα
1210 5052 1259 5097 τί
1309 5052 1556 5117 σημαίνοι
1600 5048 1762 5119 λέγειν

169 5135 360 5198 ἠξίου·
417 5140 720 5208 παραυτίκα
765 5144 862 5187 τῶν
919 5139 1006 5206 μὲν
1062 5134 1224 5186 ἄλλων
1281 5131 1452 5196 ούδεὶς
1531 5133 1757 5196 ἐδυνήθη

169 5228 262 5282 τὴν
313 5226 497 5276 τούτου
552 5221 784 5282 δήλωσιν
836 5223 1055 5296 ἐφευρεῖν
1099 5228 1187 5275 καὶ
1234 5227 1291 5274 τὸ
1323 5222 1501 5294 με’λλον
1549 5223 1762 5298 ἕμφανί-

173 5332 260 5364 σαι
317 5322 387 5382 τῷ
438 5312 667 5384 βασιλεῖ,
720 5312 907 5370 Δανιὴλ
956 5310 1014 5364 δὲ
1050 5316 1199 5380 μόνος
1240 5318 1330 5363 καὶ
1377 5314 1514 5364 τοῦτ’
1568 5317 1756 5386 ἔκρινεν

169 5406 255 5452 καὶ
298 5403 469 5462 καθώς
520 5398 670 5464 οὗτος
721 5408 977 5472 προεῖπεν,
1035 5399 1197 5458 ἀπέϐη
1234 5417 1247 5431 ο
1281 5403 1450 5473 εἴρηκε
1499 5404 1622 5475 γὰρ,
1677 5405 1758 5456 ὅί

171 5493 225 5540 Σ.
291 5486 308 5504 τ
377 5492 387 5506 .
437 5487 496 5542 ὁ..
528 5488 561 5542 δ
705 5493 723 5504 .
877 5487 932 5542 νδ
1063 5490 1079 5508 ς
1259 5487 1342 5522 sn.
1466 5494 1475 5506 .
1569 5491 1581 5507 ,
1735 5496 1743 5507 .

207 5509 236 5539 υ
264 5508 308 5540 ει
335 5507 394 5540 το
474 5510 520 5542 εν
563 5509 668 5564 ρον,
698 5511 818 5562 οπερ
853 5511 893 5542 ει
936 5509 1003 5556 ες,
1055 5510 1093 5540 ω
1125 5487 1364 5561 βασιλέα,
1394 5508 1482 5542 και
1526 5510 1583 5541 ου
1626 5511 1756 5563 μετα

169 5575 349 5650 βραχὺ
378 5586 475 5640 τῆς
516 5579 686 5654 ἀρχῆς
715 5579 927 5652 ἔκπεσῇ⁸
957 5585 1105 5632 τοῦτο
1132 5579 1233 5650 γὰρ
1283 5579 1312 5636 ἠ
1358 5581 1489 5651 τομὴ
1539 5575 1748 5639 ἐδήλουυ

1876 4508 2050 4576 pente
2081 4520 2152 4560 ex
2183 4503 2301 4561 alto
2322 4505 2557 4570 exstitit,
2576 4521 2712 4576 quin
2725 4505 2975 4575 jubebat
2990 4503 3268 4559 arborem
3293 4502 3525 4558 exscin-

1875 4594 2033 4660 dere,
2060 4593 2254 4650 solum
2305 4597 2502 4650 autem
2547 4594 2759 4651 dimitti
2819 4609 3061 4663 germen
3118 4594 3352 4649 radicis.
3397 4593 3522 4648 Fuit

1873 4683 2072 4756 itaque
2111 4682 2329 4746 excisa,
2359 4686 2415 4738 et
2443 4683 2570 4753 ejus
2607 4682 2748 4739 folia
2775 4687 3016 4754 repente
3047 4682 3425 4740 eﬂluxerunt:
3463 4683 3522 4736 et

1872 4787 2007 4844 quas
2046 4775 2216 4827 erant
2252 4770 2314 4826 in
2364 4787 2455 4836 ea,
2495 4786 2705 4826 omnes
2756 4772 3088 4828 animantes
3121 4775 3178 4826 et
3221 4769 3518 4834 volucres,

1872 4863 1986 4919 cito
2013 4866 2400 4918 recesserunt.
2442 4866 2627 4932 Atque
2652 4861 2756 4918 fuit
2779 4861 3022 4934 quidem
3049 4861 3159 4917 hoc
3189 4860 3516 4917 somnium.

1872 4953 1994 5007 Rex
2022 4956 2216 5007 autem
2239 4966 2269 5005 e
2309 4966 2522 5006 somno
2552 4952 2858 5015 excitatus,
2892 4950 3078 5019 Magis
3103 4964 3310 5005 rursus
3340 4963 3519 5004 voca-

1871 5042 1943 5096 tis
1978 5045 2183 5097 narrat
2206 5040 2280 5104 id,
2309 5037 2474 5110 quod
2505 5039 2701 5094 visum
2731 5039 2955 5096 fuerat:
2981 5043 3038 5094 et
3068 5037 3245 5093 simul
3265 5036 3516 5108 rogavit,

1870 5135 1934 5185 ut
1963 5129 2243 5193 dicerent,
2284 5126 2577 5198 quidnam
2611 5127 2992 5198 signiﬁcaret.
3033 5129 3221 5198 Atque
3262 5125 3514 5182 aliorum

1867 5219 2114 5291 quidem
2136 5216 2332 5272 nullus
2371 5215 2560 5287 potiut
2588 5216 2785 5272 statim
2825 5216 3092 5272 invenire
3132 5213 3520 5285 signiﬁcatio-

1867 5325 2027 5376 nem,
2065 5317 2122 5365 et
2158 5307 2386 5382 aperire
2416 5307 2540 5374 regi
2567 5304 2862 5375 quidnam
2894 5309 3048 5361 esset
3077 5304 3379 5360 futurum:
3411 5306 3518 5360 Da-

1865 5399 1981 5454 niel
2036 5415 2175 5456 vero
2224 5399 2390 5455 solus
2421 5399 2536 5454 hoc
2568 5394 2856 5465 conjecit:
2893 5398 2950 5450 et
3009 5394 3221 5459 evenit,
3263 5392 3412 5450 sicut
3465 5393 3515 5449 is

1862 5489 2233 5565 praedixerat.
2271 5486 2419 5542 Dixit
2447 5486 2637 5541 enim:
2670 5485 2754 5538 Tu
2781 5497 2843 5538 es
2868 5482 3047 5538 arbor
3075 5499 3262 5554 quam
3294 5480 3512 5547 vidisti,

1860 5597 1896 5640 ο
1923 5595 2045 5638 rex.
2088 5575 2216 5633 Non
2243 5575 2427 5632 multo
2465 5577 2600 5647 post
2631 5576 2828 5631 autem
2858 5572 3096 5630 excides
3127 5571 3206 5629 ab
3235 5571 3508 5643 imperio,
