4144 6258
636 314 742 374 383

2039 307 2303 366 MENSIS
2344 303 2607 364 IULIUS.

3924 295 4050 352 384

641 442 758 499 hoc
798 440 956 498 enim
987 439 1354 512 significabat
1391 439 1594 495 sectio.
1639 435 1858 493 Deinde
1888 435 2068 493 etiam
2098 437 2282 491 vitam

2397 430 2507 485 εἶτα
2546 435 2634 483 καὶ
2674 432 2870 502 θηρίοις
2917 427 3010 497 ἔσῃ
3065 421 3502 496 συνδιαιτώμενος
3547 428 3638 476 καὶ
3686 426 3902 496 χόρτον
3970 426 4053 484 ὡς

643 548 784 601 ages
825 530 1000 585 simul
1032 547 1168 585 cum
1197 529 1354 598 feris,
1385 534 1438 583 et
1486 528 1618 582 feno
1652 527 1914 597 pasceris
1947 527 2095 579 sicut
2126 525 2235 579 bos
2269 540 2280 577 :

641 635 896 690 cumque
924 620 1004 673 sic
1035 623 1263 689 septem
1290 619 1459 672 annis
1483 616 1693 670 vixeris
1717 615 1778 670 in
1810 613 2146 682 solitudine,
2181 613 2285 667 im-

640 710 870 780 perium
911 723 1112 761 rursus
1175 706 1449 777 accipies.
1495 708 1612 760 Hoc
1651 705 1811 758 enim
1851 703 1963 757 sibi
2014 702 2135 756 vult
2175 717 2286 754 vox

639 795 759 860 illa,
802 795 905 848 sed
946 809 1186 852 germen
1244 793 1513 848 radicum
1559 791 1845 846 dimittite.
1893 793 2224 860 Propterea,
2251 803 2288 842 o

639 899 760 947 rex,
816 881 918 936 libi
971 898 1169 935 meum
1208 881 1439 952 placeat
1481 881 1816 942 consilium,
1849 884 1905 934 et
1949 878 2289 948 iniquitates

640 976 771 1026 tuas
816 970 1209 1040 eleemosynis
1259 971 1499 1029 redime.
1533 975 1588 1023 et
1618 973 1860 1040 peccata
1904 973 2000 1022 tua
2030 967 2086 1020 in
2120 965 2291 1020 mise-

637 1059 970 1114 rationibus
1031 1074 1357 1129 pauperum
1384 1076 1396 1113 :
1426 1065 1481 1113 et
1510 1057 1758 1112 fortasse
1785 1058 1843 1111 in
1886 1057 2003 1110 tuis
2063 1053 2290 1108 delictis

636 1149 1002 1203 exercebitur
1031 1147 1241 1202 lenitas
1271 1153 1324 1201 et
1355 1147 1657 1218 patientia.

711 1239 770 1291 X.
805 1241 992 1307 Atque
1013 1237 1138 1290 haec
1159 1234 1403 1305 quidem
1430 1239 1636 1305 postea
1658 1237 2001 1296 evenerunt,
2029 1235 2086 1285 et
2111 1230 2291 1284 ﬁnem

639 1328 1016 1394 acceperunt,
1052 1325 1204 1378 sicut
1228 1321 1696 1390 dixeratnDaniel.
1733 1323 1876 1375 Cum
1908 1322 2063 1374 enim
2099 1319 2291 1372 dictos

642 1420 872 1484 septem
905 1428 1097 1467 annos
1129 1417 1397 1467 versatus
1429 1417 1580 1466 esset
1605 1427 1700 1465 rex
1729 1410 1788 1464 in
1825 1409 2162 1474 solitudine,
2197 1423 2294 1462 ne-

642 1517 751 1572 que
775 1501 927 1555 ullus
959 1507 1113 1554 esset
1145 1516 1326 1557 ausus
1369 1515 1620 1567 regnum
1658 1498 1922 1565 aggredi,
1956 1501 2137 1552 Deum
2167 1511 2292 1566 pre—

639 1595 815 1651 catus,
853 1595 915 1642 ut
937 1605 1112 1642 suum
1140 1605 1390 1657 regnum
1420 1589 1725 1658 reciperet,
1749 1603 1888 1642 cum
1920 1585 2292 1640 successione

638 1677 915 1748 potentiae
955 1677 1250 1731 excelsam
1279 1692 1484 1731 rursus
1517 1681 1776 1730 mentem
1809 1675 2085 1737 induens,
2119 1673 2177 1728 in
2207 1689 2289 1726 re-

640 1781 828 1834 gnum
884 1766 1220 1819 revertitur:
1256 1769 1310 1820 et
1361 1781 1500 1819 cum
1530 1769 1837 1832 regnasset
1889 1762 2288 1834 quadraginta

2404 1757 2618 1824 αποδύς,
2676 1759 2825 1811 πάλιν
2880 1760 2946 1819 εἰς
2997 1760 3156 1816 αύτήν
3207 1757 3548 1832 ἐπανέρχεται
3594 1762 3682 1808 καὶ
3735 1759 3823 1812 ἔτη

640 1860 754 1908 tres
787 1869 993 1918 annos,
1045 1852 1275 1908 excedit
1305 1867 1336 1907 e
1363 1853 1508 1908 vita:
1547 1852 1634 1907 vir
1691 1853 1752 1907 in
1791 1851 1970 1907 rebus
2017 1851 2290 1920 gerendis

639 1957 775 1997 acer
803 1947 856 1996 et
885 1941 1229 2006 vehemens,
1267 1947 1322 1996 et
1352 1956 1582 2005 eorum,
1625 1941 1726 2012 qui
1755 1941 1948 2012 ipsum
1979 1955 2292 2010 praecesse-

642 2034 802 2091 runt,
837 2045 1088 2097 regnum
1131 2029 1305 2097 longe
1355 2028 1751 2084 felicissimus.
1815 2029 1950 2082 Post
1979 2027 2292 2082 decessum

643 2122 843 2172 autem
884 2116 1506 2181 Nabuchodonosoris,
1536 2118 1662 2186 ejus
1693 2117 1849 2171 ﬁlius
1878 2131 2132 2185 regnum
2173 2133 2294 2169 sus-

649 2205 788 2277 cipit
822 2223 834 2260 :
864 2208 965 2277 qui
1000 2206 1198 2260 statim
1246 2205 1590 2260 Jechoniam
1622 2222 1822 2272 regem
1853 2205 2294 2275 Hierosolymo-

646 2310 801 2358 rum,
821 2310 999 2364 quem
1030 2299 1196 2363 pater
1221 2293 1770 2348 Nabuchodonosor
1792 2294 2091 2364 captivum
2111 2294 2291 2347 duxe-

645 2387 738 2437 rat
793 2381 1225 2452 llierosolymis,
1270 2381 1504 2436 solvens
1543 2397 1573 2436 e
1605 2381 1879 2445 vinculis,
1911 2381 2115 2436 habuit
2146 2384 2296 2436 inter

649 2471 874 2525 amicos
904 2471 1154 2525 maxime
1177 2471 1544 2525 necessarios
1569 2487 1580 2525 :
1615 2472 1667 2525 ei
1695 2471 1932 2525 donans
1957 2471 2138 2526 multa
2167 2487 2297 2525 mu-

647 2574 813 2623 nera,
868 2565 918 2612 et
973 2559 1193 2612 honore
1234 2557 1498 2612 afﬁciens
1530 2559 1677 2612 inter
1707 2574 1828 2623 eos,
1859 2561 1962 2629 qui
2003 2564 2172 2613 erant
2235 2565 2290 2612 in

649 2662 836 2714 regno
891 2645 1373 2715 Babyloniorum.
1415 2645 1567 2700 Nihil
1605 2647 1763 2700 enim
1816 2647 1951 2700 boni
2003 2645 2294 2701 Jechoniaa

648 2734 895 2789 omnino
943 2733 1285 2788 ostenderat
1327 2739 1493 2804 pater
1540 2734 2130 2789 Nabuchodonosor:
2191 2734 2294 2788 sed

647 2837 784 2876 eum
828 2822 883 2875 in
916 2821 1166 2875 vinculis
1197 2821 1433 2876 tenebat
1463 2827 1518 2876 et
1549 2822 1870 2891 afﬂigebat,
1905 2827 1958 2877 et
1991 2823 2040 2876 si
2083 2821 2294 2876 Jecho—

645 2910 777 2964 nias
808 2909 1022 2964 fecerat
1043 2925 1167 2963 rem
1198 2909 1718 2977 humanissimam,
1743 2917 1798 2966 et
1819 2911 2063 2979 dignam
2090 2910 2292 2964 multis

644 2996 943 3063 laudibus,
994 3001 1057 3051 ut
1079 2997 1181 3068 qui
1205 2996 1466 3067 seipsum
1493 2999 1811 3054 tradiderat
1833 3015 1969 3053 cum
2006 2999 2289 3053 uxoribus

2397 521 2525 593 βοῦν
2553 520 2824 589 ψωμιοῦσί
2869 534 2923 567 σε
2948 534 2959 546 ·
2994 519 3082 566 καὶ
3115 511 3379 575 διαζήσας
3426 515 3585 574 οὕτως
3631 514 3714 565 ἐπὶ
3747 520 3854 573 τῆς
3911 511 4046 584 ἐρηο

2396 615 2514 680 μίας
2546 614 2766 680 χρόνους
2798 606 2947 669 ἐπτά,
2977 601 3126 664 αὖθις
3170 608 3264 660 τήν
3308 601 3484 677 ἀρχὴν
3528 601 3776 673 ἀπολήψῃ
3811 619 3826 629 ο
3868 609 4048 651 τοῦτο

2394 700 2494 770 γὰρ
2547 699 2575 754 ἡ
2625 701 2783 767 φωνή·
2819 694 2954 751 Πλὴν
2999 697 3091 750 τήν
3138 697 3270 763 φυήν
3311 701 3412 745 τῶν
3460 693 3620 765 ῥέζων
3672 693 3896 743 ἐάσατε.
3933 695 4048 742 Διά

2397 796 2569 851 τοῦτο,
2599 783 2637 835 ὧ
2672 783 2911 856 βασιλεῦ,
2940 784 2969 840 ἠ
3022 781 3184 853 βουλή
3239 800 3338 852 μου
3387 781 3624 850 ἀρεσάτω
3658 800 3763 844 σοι,
3797 784 3898 831 καὶ
3932 783 4042 840 τὰς

2399 875 2615 947 ἀνομίας
2647 894 2740 926 σου
2786 873 2831 924 ἐν
2881 872 3246 942 ἐλεημοσύναις
3290 871 3557 941 λύτρωσαι
3587 875 3672 921 καὶ
3709 873 3801 929 τὰς
3841 869 4035 940 ἁμαρ-

2400 971 2512 1026 τίας
2547 985 2639 1016 σου
2669 963 2715 1014 ἐν
2743 963 3027 1035 οἰκτιρμοῖς
3058 966 3285 1018 πενήτων
3332 963 3464 1022 ἴσως
3488 962 3633 1012 ἔσται
3663 960 4036 1031 μακροθυμία

2401 1061 2506 1114 τοῖς
2536 1055 2927 1125 παραπτώμασί
2960 1069 3074 1102 σου.

2474 1237 2534 1282 ι’,
2588 1228 2761 1291 Ἐξέϐη
2817 1231 2906 1299 μὲν
2962 1229 3175 1300 ὕστερον
3227 1235 3390 1279 ταῦτα
3447 1231 3537 1278 καὶ
3590 1225 3725 1284 τέλος
3779 1223 4027 1295 εἴληφεν»

2402 1323 2468 1380 ὡς
2499 1321 2522 1369 ό
2555 1319 2742 1376 Δανιὴλ
2788 1318 2980 1389 εἰρήκει
3004 1332 3016 1344 ·
3055 1313 3337 1390 διατρίψας
3375 1317 3474 1390 γὰρ
3523 1315 3604 1367 ἐπὶ
3652 1323 3743 1374 τῆς
3788 1314 4027 1385 ἐρημίας

2401 1410 2425 1459 ό
2482 1406 2729 1479 βασιλεὺς
2783 1410 2868 1458 τόν
2923 1406 3184 1476 εἰρημένον
3239 1405 3460 1476 ἑπτεστῇ
3517 1409 3726 1475 χρόνον,
3790 1400 4030 1462 οὐδενός

2400 1496 2748 1566 τολμήσαντος
2803 1494 3073 1546 ἐπιθέσθαι
3125 1501 3231 1554 τοῖς
3290 1495 3589 1566 πράγμασι,
3649 1495 3738 1543 καὶ
3798 1487 4026 1550 δεηθεὶς

2402 1592 2492 1634 τοῦ
2540 1589 2665 1635 Θεοῦ
2719 1587 2811 1640 τὴν
2867 1581 3137 1654 βασιλείαν
3188 1578 3338 1642 αὖθις
3396 1580 3692 1646 ἀπολαϐεῖν,
3749 1576 3868 1631 εἶτα
3927 1582 4026 1628 καὶ

2403 1676 2486 1722 τὸν
2535 1671 2866 1742 ὑψηλοφρονα
2906 1680 3044 1735 νοῦν,
3078 1678 3136 1742 τῇ
3191 1667 3428 1742 διαδοχῇ
3481 1678 3570 1721 τοῦ
3615 1670 3842 1740 κράτους
3898 1686 4026 1718 συν-

2400 1855 2489 1900 καὶ
2551 1851 2940 1921 τεσσαράκοντα
3021 1847 3360 1919 βασιλεύσας,
3418 1847 3621 1916 τελευτᾷ
3689 1849 3778 1896 τόν

2403 1937 2528 2011 ἀνὴρ
2577 1934 2896 2011 δραστήριος
2943 1942 3031 1988 καὶ
3080 1945 3176 1987 τῶν
3228 1939 3326 2010 πρὸ
3361 1935 3519 1987 αύτοῦ
3571 1933 3829 2006 βασιλέων
3874 1938 4021 2003 γενό-

2402 2046 2546 2098 μενος
2604 2026 3002 2095 εὐτυχέστατος.
3057 2028 3199 2078 Μετά
3257 2021 3315 2077 δε
3367 2029 3458 2082 τήν
3506 2023 3738 2080 τελευτὴν
3799 2021 4014 2074 Ναϐου·

2402 2111 2718 2186 χοὸονόσορ,
2767 2116 2790 2165 6
2838 2123 2962 2175 παῖς
3000 2115 3160 2166 αύτοῦ
3210 2119 3300 2171 τήν
3351 2112 3619 2185 βασιλείαν
3657 2110 4016 2184 παραλαμϐά-

2401 2222 2494 2266 νει,
2528 2203 2579 2266 ὃς
2624 2204 2774 2264 εὐθύς
2803 2207 2888 2255 τόν
2937 2212 3035 2254 τῶν
3059 2202 3422 2276 Ἰεροσολύμων
3472 2200 3693 2273 βασιλέα
3724 2202 4010 2270 Ἰεχονίαν,

2404 2293 2456 2344 ὃν
2488 2294 2512 2343 ό
2557 2297 2727 2365 πατὴρ
2775 2290 3247 2363 Ναϐουχοδονόσορ
3295 2291 3627 2361 αἰχμάλωτον
3671 2293 3873 2359 ἤγαγεν
3911 2288 4012 2340 ἀπο

2403 2391 2493 2441 τῆς
2547 2381 2898 2455 Ἰερουσαλήμ,
2959 2390 3055 2432 τῶν
3116 2378 3322 2452 δεσμῶν
3379 2379 3530 2444 ἀνεὶς,
3583 2379 3629 2430 ἐν
3690 2386 3800 2437 τοῖς
3854 2377 4012 2448 ἀντιγ-

2404 2473 2691 2530 καιοτάτοις
2723 2478 2818 2521 τῶν
2860 2470 3014 2540 φίλων
3047 2467 3179 2539 εἶχε,
3206 2469 3396 2530 πολλὰς
3437 2468 3576 2538 αύτῷ
3626 2464 3829 2541 δωρεὰς
3884 2463 4015 2527 δούς

2404 2565 2492 2610 καὶ
2540 2564 2756 2618 ποιήσας
2809 2561 3006 2628 ἔντιμον
3059 2557 3140 2609 ἐπὶ
3195 2566 3292 2608 τῶν
3345 2555 3392 2608 ἐν
3442 2565 3503 2628 τῇ
3560 2554 3861 2627 Βαϐυλωνίᾳ
3905 2555 4010 2626 βα-

2407 2647 2584 2699 σιλέων
2621 2665 2631 2675 ”
2667 2647 2758 2698 ούκ
2807 2643 2867 2704 ἦν
2920 2649 3018 2720 γὰρ
3071 2646 3198 2706 ὅλως
3247 2645 3436 2717 ἀγαθόν
3476 2665 3528 2696 τι
3575 2648 3705 2718 πρὸς
3748 2644 4010 2714 Ἰεχονίαν

2404 2732 2755 2806 ἐνδειξάμενος
2785 2737 2808 2786 ό
2839 2738 3024 2786 τούτου
3052 2740 3224 2807 πατὴρ
3274 2730 3769 2805 Ναϐουχοδονόσορ,
3813 2731 3922 2782 ἀλλ’
3954 2732 4004 2783 ἐν

2405 2820 2619 2893 δεσμοῖς
2651 2823 2789 2894 εἶχεν
2821 2824 2972 2875 αύτόν
3020 2829 3108 2875 καὶ
3153 2832 3212 2895 τῇ
3256 2823 3380 2895 ἄλλη
3435 2828 3686 2886 κακώσει,
3725 2827 3884 2872 καίτοι
3932 2841 3994 2890 γε

3621 2916 3710 2962 καὶ
3796 2909 3983 2960 πολλῶν

2403 2912 2650 2983 Ἰεχονίου
2740 2919 2958 2985 πρᾶγμα
3035 2912 3516 2985 φιλανθρωπότατον

2401 3000 2542 3063 ἄξιον
2603 3001 2821 3053 ἐπαίνων
2871 3001 3248 3075 ἐργασαμένόυ,
3303 3003 3366 3060 ὡς
3410 2999 3469 3052 ἂν
3511 2999 3688 3052 ἑαυτὸν
3735 2994 3990 3069 παραδόν-

646 3090 702 3139 et
728 3084 953 3150 liberis,
986 3089 1040 3139 et
1095 3087 1216 3139 toto
1243 3100 1454 3154 genere
1489 3086 1769 3142 manibus
1805 3086 2284 3158 Babyloniorum,

2400 3110 2485 3152 τος
2547 3095 2638 3142 σὺν
2693 3091 2801 3162 ἅμα
2847 3091 3049 3162 γυναιξὶ
3093 3096 3177 3141 καὶ
3229 3096 3422 3151 τέκνοις
3472 3096 3557 3142 καὶ
3606 3091 3699 3159 ὅλῳ
3753 3097 3822 3159 τῷ
3860 3092 3994 3158 γένει

644 3189 719 3228 ne
764 3173 907 3227 urbs
965 3173 1041 3228 ab
1078 3173 1349 3227 hostibus
1392 3181 1566 3246 capta
1615 3181 2011 3231 everteretur:
2061 3180 2124 3230 ut
2163 3177 2289 3231 haec

642 3260 804 3329 leges
829 3261 984 3330 apud
1012 3260 1334 3330 Josephum
1363 3270 1703 3318 narrantem
1745 3264 2106 3334 singulatim.
2143 3266 2289 3319 Cum

645 3354 842 3405 autem
880 3350 928 3403 is
968 3366 1205 3423 quoque
1236 3368 1265 3406 e
1294 3352 1412 3406 vita
1443 3353 1812 3416 decessisset,
1845 3359 2168 3422 postquam
2200 3368 2290 3406 re-

644 3443 879 3508 gnasset
906 3443 1234 3499 octodecim
1271 3457 1488 3504 annos,
1523 3441 1651 3510 ejus
1681 3440 1840 3494 ﬁlius
1874 3440 1925 3494 ei
1951 3440 2207 3495 succedit
2234 3442 2286 3494 in

643 3526 894 3596 imperio
929 3545 941 3582 :
973 3531 1132 3600 quod
1164 3549 1304 3586 cum
1333 3530 1613 3584 tenuisset
1643 3528 2042 3598 quadraginta
2072 3545 2285 3598 annos,

641 3630 671 3668 e
714 3615 830 3671 vita
876 3619 1118 3674 excedit.
1157 3619 1370 3674 Deinde
1415 3617 1721 3673 Balthasar
1752 3633 1994 3689 quoque
2034 3618 2160 3688 ejus
2193 3634 2288 3674 ne-

641 3717 750 3774 pos
798 3705 864 3758 ﬁt
928 3705 1118 3761 haeres
1197 3707 1448 3777 imperii.
1510 3710 1630 3761 Non
1679 3706 1907 3760 nultum
1959 3707 2290 3762 intercessit

640 3792 942 3862 temporis.
976 3798 1031 3847 et
1061 3796 1246 3863 Cyrus
1278 3809 1380 3847 rex
1405 3796 1736 3861 Persarum,
1773 3798 1828 3846 et
1859 3794 2068 3849 Darius
2099 3796 2289 3850 Medo-

641 3893 798 3944 rum,
852 3881 1291 3950 expeditionem
1354 3881 1680 3950 suscipiunt
1709 3880 1989 3936 adversus
2038 3883 2286 3953 Babylo-

640 3981 800 4021 nem.
842 3972 1127 4023 Caeterum
1155 3985 1290 4024 cum
1323 3984 1575 4038 regnum
1606 3969 1929 4039 accepisset
1964 3970 2284 4036 Balthasar,

641 4059 696 4108 et
725 4055 934 4110 accidit
971 4072 1191 4111 novum
1219 4055 1514 4128 quidnam
1547 4062 1601 4112 et
1631 4057 2066 4128 prodigiosum.

711 4233 792 4285 Xt.
847 4232 1240 4288 Accumbebat
1296 4233 1410 4298 ille,
1463 4249 1706 4290 coenans
1746 4234 1804 4289 in
1840 4251 2059 4305 magna
2082 4235 2284 4308 domo,

639 4323 696 4373 et
725 4318 879 4375 facta
914 4323 984 4375 ad
1014 4322 1289 4377 convivia
1320 4323 1561 4392 regalia,
1600 4340 1734 4377 cum
1769 4325 1888 4377 suis
1936 4325 2286 4379 concubinis

639 4411 694 4462 et
718 4408 942 4462 amicis.
977 4412 1104 4479 Ipse
1137 4417 1353 4473 autem,
1389 4426 1522 4463 cum
1557 4411 1639 4464 sic
1670 4411 1718 4464 ei
1745 4411 1938 4466 visum
1968 4418 2138 4478 esset,
2165 4429 2286 4484 prae

639 4511 861 4562 magna
909 4498 1250 4563 arrogantia
1274 4497 1437 4566 jubet
1477 4514 1506 4550 e
1541 4515 1646 4552 suo
1677 4500 1896 4571 templo
1923 4500 2114 4556 afferri
2143 4518 2286 4557 vasa

641 4582 759 4646 Dei,
779 4598 914 4653 quae
944 4583 1489 4639 Nabuchodonosor
1515 4585 1642 4653 ejus
1664 4603 1812 4641 avus
1839 4605 1974 4643 cum
1992 4591 2286 4661 rapuisset

641 4670 1089 4741 Hierosolymis,
1132 4673 1200 4726 iis
1243 4689 1624 4743 nequaquam
1675 4691 1816 4728 usus
1849 4676 2050 4742 fuerat,
2096 4679 2196 4733 sed
2226 4680 2282 4734 in

640 4775 748 4814 suo
791 4759 1011 4831 templo
1057 4761 1152 4831 pie
1197 4761 1574 4830 deposuerat.
1627 4763 1727 4818 Hic
1777 4780 1914 4818 vero
1951 4767 2284 4822 inconside-

639 4854 766 4904 rata
812 4855 867 4902 et
914 4865 949 4903 a
1008 4851 1232 4904 ratione
1281 4849 1473 4904 aliena
1541 4849 1818 4906 inductus
1877 4854 2150 4921 audacia,
2203 4859 2284 4912 eis

639 4936 950 5004 utebatur;
993 4943 1048 4992 et
1077 4937 1222 4991 dum
1266 4937 1488 4992 biberet
1518 4944 1573 4993 et
1608 4940 1958 4996 maledicam
2016 4943 2282 5014 linguam

639 5030 903 5079 moveret
929 5026 1220 5080 adversus
1259 5026 1586 5088 Excelsum,
1617 5043 1688 5081 ex
1717 5030 1934 5098 pariete
1965 5031 2126 5087 videt
2159 5051 2286 5089 ma-

635 5126 781 5166 num
844 5113 1284 5183 procedentem,
1342 5120 1396 5168 et
1455 5115 1513 5168 in
1564 5131 1736 5170 muro
1792 5118 2049 5189 syllabas
2087 5121 2283 5177 inscri-

642 5198 897 5256 bentem.
929 5200 1322 5256 Conturbatus
1351 5218 1488 5258 vero
1520 5219 1554 5258 a
1591 5203 1836 5269 visione,
1873 5210 2068 5276 Magos
2107 5211 2286 5268 simul

637 5290 694 5340 et
760 5287 1083 5352 Chaldaeos,
1139 5296 1193 5344 et
1247 5296 1535 5364 quotquot
1583 5298 1748 5348 erant
1806 5295 2104 5368 Babylone
2155 5301 2284 5370 ejus

639 5372 889 5440 generis,
935 5375 1036 5444 qui
1083 5382 1351 5445 poterant
1403 5381 1570 5448 signa
1619 5387 1674 5436 et
1720 5380 1920 5438 futura
1972 5386 2284 5459 conjicere,

709 5545 788 5618 (ί)
820 5546 1269 5609 Evilmerodach
1301 5556 1565 5613 nomine.

2401 3185 2558 3251 χερσὶ
2609 3179 3114 3250 τῶνιΒαϐνλωνίων,
3164 3181 3244 3230 ἵνα
3295 3185 3364 3252 μή
3418 3179 3578 3236 ἐκείνη
3633 3182 3986 3247 κατασκαφείη

2399 3267 2653 3337 ληφθεῖσα
2708 3269 2806 3318 ύπό
2859 3276 2957 3318 τῶν
3013 3268 3284 3338 πολεμίων,
3349 3271 3418 3328 ὡς
3494 3269 3755 3336 Ἰωσήππῳ
3813 3274 3988 3316 ταῦτα

2397 3358 2531 3406 κατὰ
2581 3360 2732 3427 μέρος
2783 3356 2984 3428 ἐντεύξῃ
3040 3353 3387 3428 διηγουμένῳο
3446 3359 3848 3414 Τελευτήσαντος
3926 3351 3988 3406 δι

2397 3449 2479 3494 κοὶ
2527 3447 2711 3495 τούτου
2763 3449 2893 3515 μετὰ
2945 3448 3029 3502 ἔτη
3081 3443 3441 3498 ὀκτωκαίδεκα
3497 3456 3589 3507 τῆς
3640 3444 3992 3517 βασιλείας,ό

2397 3539 2521 3592 παῖς
2559 3532 2715 3584 αὐτοῦ
2763 3538 2855 3589 τήν
2889 3531 3062 3604 ἀρχὴν
3096 3530 3410 3606 διαδέχεται
3453 3540 3541 3586 καὶ
3583 3539 3866 3604 κατασχὼν
3892 3533 3988 3583 αύ-

2397 3625 2488 3678 τὴν
2540 3621 2624 3673 ἐπὶ
2676 3624 3066 3693 τεσσαράκοντα
3116 3625 3223 3688 ἔτη,
3276 3627 3622 3697 καταστρέφει
3674 3626 3760 3674 τόν
3818 3619 3926 3692 βίον
3971 3642 3984 3652 ·

2398 3711 2503 3761 εἷτα
2533 3715 2620 3762 καὶ
2650 3710 2915 3782 Βαλτάσαρ
2957 3713 2981 3761 ό
3011 3713 3196 3762 τούτου
3241 3709 3491 3783 ἀπόγονος
3540 3711 3855 3782 κληρονόμος
3891 3716 3982 3767 τῆς

2399 3798 2573 3872 ἀρχῆς
2617 3803 2811 3870 γίνεται
2854 3816 2865 3828 ⁸
2919 3800 2976 3850 ού
3031 3799 3188 3861 πολύς
3241 3799 3372 3874 ἔρρει
3428 3804 3481 3852 τὸ
3539 3799 3733 3871 μεταξύ
3781 3803 3984 3869 χρόνος,

2397 3894 2484 3937 και
2513 3891 2680 3957 Κύρος
2717 3889 2740 3938 ό
2789 3893 2998 3961 Περσῶν
3032 3886 3275 3958 βασιλεὺς
3321 3894 3410 3940 καὶ
3453 3895 3660 3960 Δαρεῖος
3712 3890 3737 3938 ό
3793 3883 3989 3943 Μήδων

2398 3973 2827 4047 ἔπιστρατεύουσι
2857 3979 2988 4028 κατά
3011 3975 3314 4037 Βαϐυλῶνος
3353 3995 3364 4007 ·
3397 3977 3528 4036 πλὴν
3563 3977 3688 4028 ἀλλά
3719 3976 3987 4045 Βαλτάσαρ

2397 4068 2488 4119 τήν
2524 4061 2795 4134 βασιλείαν
2833 4063 3238 4136 παραλαϐόντος,
3291 4070 3464 4118 καινόν
3499 4085 3549 4118 τε
3597 4071 3686 4117 καὶ
3719 4083 3987 4137 τεραστιον

2399 4151 2502 4202 οἷον
2538 4150 2849 4223 συμϐέϐηκε.

2470 4240 2566 4294 ΙΔ¹.
2618 4246 2890 4294 Κατέκειτο
2935 4245 3024 4313 μεν
3069 4245 3168 4313 γὰρ
3213 4241 3397 4306 ἐκεῖνος
3460 4240 3697 4306 δειπνῶν,
3761 4242 3808 4293 ἐν
3865 4244 3986 4312 οῖκῳ

2397 4329 2600 4400 μεγαλῳ
2660 4336 2746 4382 καὶ
2800 4335 2924 4405 πρός
2979 4330 3231 4392 ἑστιάσεις
3293 4337 3617 4404 πεποιημένῳ
3686 4330 3983 4404 βασιλικὰς,

2317 4454 2362 4509 D
2398 4422 2523 4489 ⁸ιιετόι
2575 4428 2671 4470 τῶν
2730 4415 3062 4470 παλλακίδων
3121 4421 3279 4472 αύτοῦ
3328 4427 3416 4474 καὶ
3461 4430 3558 4472 τῶν
3594 4421 3749 4492 φίλων
3793 4438 3804 4448 '
3840 4420 3986 4478 αὐτὸς

2399 4504 2456 4558 δὲ
2486 4508 2619 4559 οὕτω
2653 4505 2807 4569 δόξαν
2840 4507 2893 4558 ἐκ
2938 4508 3128 4568 πολλῆς
3177 4508 3416 4569 ἀπονοίας
3459 4512 3778 4572 κομισθῆναι
3803 4507 3985 4559 κελεύει

2396 4605 2486 4647 τοῦ
2521 4594 2659 4648 ίὸίου
2689 4605 2813 4647 ναοῦ
2843 4601 2907 4648 τὰ
2955 4605 3043 4649 τοῦ
3076 4602 3201 4650 Θεοῦ
3236 4602 3418 4667 σκεύη,
3450 4598 3484 4650 ἃ
3512 4595 3980 4669 Ναϐουχοδονόσορ

2397 4686 2420 4736 ό
2478 4688 2661 4736 τούτου
2715 4686 2919 4745 πάππος
2971 4688 3201 4746 συλήσας
3250 4691 3303 4738 ἐκ
3354 4696 3452 4739 τῶν
3481 4687 3862 4761 Ἰεροσολύμων,
3892 4687 3984 4736 ούκ

2395 4772 2591 4845 ἐχρῆτο
2625 4777 2734 4844 μὲν,
2791 4773 2863 4835 εἰς
2907 4771 2965 4826 δὲ
3019 4779 3104 4826 τόν
3155 4776 3312 4827 αὐτοῦ
3356 4781 3474 4828 ναὸν
3525 4775 3744 4835 εὐλαϐῶς
3775 4780 3983 4826 κατατέ-

2397 4865 2556 4914 θεικεν
2589 4877 2601 4889 ⁸
2634 4862 2779 4923 οὗτος
2812 4859 2868 4914 δὲ
2919 4865 3098 4933 θράσει
3129 4867 3416 4937 προαχθεὶς
3465 4866 3632 4937 ἀλόγῳ
3675 4863 3867 4936 ἐχρῆτο
3895 4869 3981 4914 καὶ

2393 4950 2580 5020 μεταξύ
2651 4956 2807 5002 πίνων
2868 4957 2956 5002 καὶ
3020 4951 3333 5024 βλάσφημον
3401 4955 3628 5024 γλῶτταν
3695 4956 3824 5004 κατὰ
3895 4971 3985 5002 του

2392 5038 2644 5108 Ὑψίστου
2694 5048 2866 5106 κινῶν,
2915 5037 2968 5090 ἐκ
3000 5048 3087 5090 τοῦ
3129 5047 3336 5112 τείχους
3367 5045 3464 5114 όρᾲ
3506 5051 3665 5116 χεῖρα
3704 5049 3987 5112 προϊοῦσαν

2394 5132 2482 5178 καὶ
2539 5136 2608 5196 τῷ
2662 5135 2828 5198 τοίχῳ
2887 5131 3030 5189 τινας
3087 5129 3346 5191 συλλαϐὰς
3396 5131 3776 5204 ἐγγράφουσαν.
3821 5138 3988 5202 Ταρα-

2395 5217 2541 5285 χθεὶς
2573 5212 2631 5267 δὲ
2661 5217 2759 5266 ὑπὸ
2814 5225 2907 5276 τῆς
2938 5215 3120 5286 ὅψεως,
3173 5222 3371 5289 μάγους
3417 5220 3526 5292 οἶμα
3571 5224 3659 5270 καὶ
3692 5215 3990 5279 Χαλδαίους

2396 5309 2483 5354 καὶ
2531 5310 2629 5354 πᾶν
2700 5312 2849 5354 τοῦτο
2907 5307 2963 5354 τό
3039 5309 3196 5374 γένος,
3262 5310 3379 5359 ὅσον
3440 5305 3498 5366 ἦν
3548 5307 3595 5358 ἐν
3649 5307 3992 5367 Βαϐυλωνίοις

2400 5394 2590 5462 σημεῖά
2638 5411 2690 5443 τε
2731 5397 2818 5443 καὶ
2861 5392 3097 5465 ὀνείρατα
3140 5400 3327 5468 κρίνειν
3377 5393 3534 5464 εἰδός,
3584 5398 3731 5455 εύθύς
3783 5401 3986 5446 συνεκα-
