4144 6258
186 327 302 388 385

1325 319 1493 380 VlTA
1532 323 1591 380 S.
1633 319 2034 379 PROPHETE
2075 319 2424 380 DANIELIS.

3444 321 3552 381 386

186 453 289 518 λει,
350 456 530 526 μαθεῖν
582 454 644 504 τὰ
714 453 1050 522 γεγραμμένα
1100 449 1220 523 παρ’
1275 447 1474 500 ἐκείνων
1543 448 1796 520 βουλόμε-

1908 448 2101 502 statim
2142 447 2512 511 convocavit,
2544 463 2615 502 ex
2655 447 2766 502 illis
2800 447 3003 502 volens
3046 447 3272 502 discere
3303 463 3374 504 ea
3411 464 3547 519 qua:

188 561 292 602 νος·
343 550 443 594 τῶν
493 537 551 592 δὲ
590 542 770 612 μάγων
817 536 966 590 οὐδὲν
999 538 1047 590 ἐν
1098 541 1300 597 τούτοις
1353 544 1578 588 συνεῖναι
1629 537 1797 607 λεγόν-

192 651 318 697 των,
379 632 478 683 ὑπὸ
531 629 756 700 μεγάλης
805 626 1026 698 ἀγωνίας
1083 628 1107 678 ὸ
1169 625 1415 697 βασιλεὺς
1465 632 1553 677 xui
1610 625 1800 684 πολλῆς

194 728 296 780 τῆς
349 719 431 770 ἐπὶ
488 727 558 788 τῷ
611 714 897 792 παραδόξῳ
944 716 1112 776 λύπης
1179 714 1502 785 ἐπισχεθεὶς,
1588 713 1800 786 ἐκήρυξε

195 812 334 860 κατὰ
379 815 552 859 πᾶσαν
608 805 654 858 ἐν
707 804 905 878 βραχεῖ
946 809 1035 862 τὴν
1066 809 1266 876 χώραν,
1309 810 1378 871 τῷ
1408 804 1474 852 τὰ
1513 804 1800 874 γράμματα

197 905 366 948 ταῦτα
422 901 511 948 καὶ
559 900 651 952 τήν
705 895 792 946 ὑπ’
825 897 993 944 αὐτῶν
1037 889 1361 961 δηλουμένων
1398 887 1632 940 διάνοιαν
1661 897 1794 960 σαφῆ

194 990 588 1042 καταστήσοντι
663 979 850 1034 δώσειν
933 980 1357 1050 ἐπαγγελλόμενος
1435 982 1681 1052 στρεπτόν
1746 997 1799 1029 τε

195 1080 562 1146 περιαυχένιον
607 1075 835 1144 χρύσεον
885 1075 974 1123 καὶ
1029 1075 1291 1142 πορφυρᾶν
1357 1071 1551 1125 ἐσθῆτα
1608 1075 1794 1138 φορεῖν,

195 1165 370 1234 ὥσπερ
424 1165 472 1213 οἱ
524 1170 621 1212 τῶν
687 1157 961 1213 Χαλδαίων
1003 1159 1216 1210 εἰώθασι
1269 1155 1522 1228 βασιλεῖς,
1578 1159 1702 1228 πρὸς
1743 1152 1800 1206 δὲ

195 1258 286 1304 καὶ
344 1256 399 1303 τὸ
454 1257 624 1322 τρίτον
681 1254 832 1320 μέρος
880 1257 973 1308 τῆς
1032 1244 1173 1307 ἰδίας
1236 1245 1426 1319 ἀρχῆς·

199 1336 465 1397 δηλότατα
513 1335 894 1410 διακηρυχθεν,
950 1339 1025 1388 ἔτι
1057 1339 1146 1408 μεν
1194 1335 1342 1386 πλέον
1373 1336 1422 1385 οἱ
1471 1335 1631 1404 μάγοι
1679 1351 1803 1383 συν-

200 1423 427 1499 έδραμον
480 1445 532 1479 τε
584 1431 674 1478 καὶ
723 1429 849 1500 πρὸς
917 1430 1012 1482 τήν
1089 1425 1285 1497 εύρεσιν
1371 1421 1802 1492 ἐφιλοτιμήσαντο

835 1509 982 1564 οὐδὲν
1067 1509 1124 1563 δὲ
1208 1511 1413 1563 ἔλαττον
1498 1513 1802 1582 ἀποροῦντες

1507 1246 1665 1304 οὕτως
1722 1243 1800 1294 ἔκ-

198 1522 296 1565 τῶν
391 1517 730 1588 γραμμάτων,

202 1603 514 1660 ἑστήκεσαν.

274 1690 370 1746 ΙΒ’.
423 1693 502 1745 Ἐν
553 1694 718 1762 τούτῳ
773 1694 857 1742 τὸν
906 1688 1129 1760 βασιλέα
1157 1691 1342 1758 μεστὸν
1401 1685 1625 1758 ἀθυμίας
1663 1691 1802 1757 γενό-

1907 537 2122 605 scripta
2152 535 2396 600 fuerant,
2425 535 2761 590 Dicentibus
2783 540 2984 590 autem
3010 538 3221 605 magis,
3250 554 3308 591 se
3339 552 3548 592 eorum

1907 624 2051 678 nihil
2081 624 2420 693 intelligere.
2451 625 2570 678 Rex
2588 623 2758 678 valde
2780 624 3011 687 anxius,
3041 630 3095 678 et
3129 640 3349 693 magno
3365 625 3551 679 animi

1908 711 2108 766 dolore
2148 728 2491 782 Oppressus,
2535 719 2770 782 propter
2807 713 2962 766 hanc
3002 727 3130 765 rem
3175 712 3552 783 inopinatam

1909 807 1964 854 et
1994 800 2162 855 valde
2186 799 2621 865 admirabilem,
2649 799 2888 870 publico
2919 802 3220 870 prmconio
3245 800 3404 854 brevi
3434 801 3552 856 edi—

1909 890 1988 944 xit
2022 905 2124 959 per
2158 894 2342 944 totam
2385 889 2710 957 regionem,
2749 905 2812 943 se
2842 890 2915 954 ei,
2961 890 3062 960 qui
3097 891 3203 943 has
3245 890 3467 945 litteras
3499 897 3556 944 et

1907 976 2199 1049 quidnam
2249 977 2668 1046 signiﬁcarent,
2709 985 2863 1032 esset
2893 977 3333 1046 declaraturus;
3379 978 3552 1049 polli-

1908 1081 2048 1120 cens
2068 1081 2195 1120 esse
2216 1065 2498 1120 daturum
2530 1073 2798 1136 torquem
2828 1081 3098 1130 aureum,
3133 1071 3188 1120 et
3211 1072 3429 1120 vestem
3457 1082 3555 1135 ge-

1909 1153 2186 1208 standam
2215 1168 2598 1224 purpuream,
2626 1154 2774 1208 sicut
2803 1153 2994 1208 solent
3017 1153 3164 1208 ferre
3190 1168 3358 1221 reges
3382 1155 3551 1209 Chal-

1910 1240 2200 1304 daeorum,
2237 1245 2293 1294 et
2322 1247 2605 1309 praeterea
2637 1240 2862 1294 tertiam
2900 1247 3128 1312 partem
3161 1242 3250 1295 sui
3292 1242 3550 1313 imperii.

1911 1330 2057 1382 Cum
2095 1327 2209 1382 hoc
2236 1326 2477 1398 publico
2510 1328 2803 1398 praeconio
2849 1328 2929 1381 sic
2972 1328 3178 1383 fuisset
3204 1330 3550 1399 promulga-

1912 1421 2059 1480 tum,
2099 1415 2296 1470 adhuc
2317 1415 2561 1486 quidem
2594 1415 2785 1484 magis
2819 1417 3255 1471 concurrebant
3286 1419 3466 1485 magi,
3501 1426 3557 1474 et

1911 1502 2348 1558 contendebant
2388 1502 2672 1568 invenire,
2707 1503 2853 1574 quid
2903 1503 3014 1558 sibi
3063 1504 3277 1560 vellent
3322 1505 3552 1560 litterae.

1907 1591 2300 1648 Nihilominus
2331 1597 2532 1645 autem
2571 1592 2809 1646 stabant
2832 1591 3196 1646 dubitantes.

1977 1683 2085 1735 Xll.
2122 1683 2344 1735 Interea
2374 1694 2571 1748 regem
2605 1695 2826 1748 angore
2856 1679 3039 1734 animi
3066 1681 3312 1750 plenum
3342 1683 3551 1737 videns

201 1799 347 1852 μενον
404 1782 432 1838 ἡ
490 1780 650 1832 αὐτοῦ
703 1781 889 1850 μάμμη
952 1779 1261 1848 θεασαμένη,
1318 1775 1686 1847 ἀναλαμϐάνειν
1745 1795 1797 1828 τε

1908 1768 2036 1838 ejus
2068 1769 2222 1835 avia,
2255 1767 2434 1838 cmpit
2467 1772 2750 1838 repetere,
2781 1772 2838 1821 et
2867 1766 2942 1821 de
2980 1767 3216 1822 Daniele
3261 1771 3554 1841 propheta

199 1868 393 1940 ἧρξατο
443 1874 529 1920 καὶ
575 1871 640 1920 τὰ
687 1873 804 1939 περὶ
858 1874 947 1919 τοῦ
1007 1871 1272 1940 προφήτου
1324 1864 1511 1921 Δανιὴλ
1561 1870 1799 1936 γνώριμα

197 1959 474 2027 καθιστᾴν,
532 1959 631 2008 ὅσα
660 1964 730 2024 τῷ
780 1954 972 2007 ἐκείνου
1021 1957 1237 2023 πάππῳ,
1282 1961 1352 2022 τῷ
1398 1949 1797 2022 Ναϐουχοδονό-

201 2065 294 2117 σορ
344 2051 496 2117 φημὶ,
549 2045 624 2116 ἐφ’
663 2044 740 2104 οἶς
791 2044 1008 2118 ἑώρακεν
1060 2041 1394 2116 ἀπορρήτοις,
1427 2041 1581 2100 αὐτὸς
1614 2038 1797 2092 διεσά-

200 2153 379 2204 φησενο
434 2132 586 2186 Ἐστι
631 2152 730 2194 τίς,
781 2131 1024 2202 λέγουσα)
1213 2138 1306 2191 τῆς
1345 2126 1604 2189 Ἰουδαίας
1635 2130 1797 2200 αἰχμ-

197 2222 390 2282 άλωτος
446 2221 665 2272 ἐνταῦθα
722 2219 907 2290 ἀχθεὶς
951 2219 1162 2288 (Δανιὴλ
1216 2219 1356 2287 αὐτῷ
1407 2219 1608 2288 ὄνομα),
1669 2217 1796 2289 ἁνήρ

197 2307 366 2368 δεινὸς
415 2310 575 2379 εὑρεῖν
629 2310 692 2358 τὰ
747 2307 1018 2380 ἁπόῤῥητα
1056 2312 1144 2358 xui
1188 2314 1301 2376 Θεῷ
1353 2313 1589 2378 γνώριμα
1639 2311 1796 2377 μόνῳ,

199 2399 255 2458 ὃς
299 2392 774 2468 Ναϐουχοδονόσορ
825 2403 895 2464 τῷ
930 2393 1161 2466 βασιλεῖ,
1203 2391 1428 2466 μηδενὸς
1459 2395 1612 2445 ἄλλου
1642 2391 1796 2452 δυνη-

203 2488 370 2546 θέντος
403 2485 557 2536 εἰπεῐν
604 2480 820 2556 περιών
873 2479 1040 2535 ἐδειτο
1088 2484 1288 2553 μαθεῖν,
1339 2481 1583 2554 ἐγνώρισε
1634 2485 1802 2534 πάντα

200 2574 369 2635 καλῶς
424 2577 511 2624 καὶ
563 2573 632 2631 εἰς
683 2581 786 2644 φώς
838 2573 1003 2642 ἤγαγε
1051 2573 1117 2622 τὰ
1173 2573 1479 2641 ζητούμενα·
1539 2589 1798 2641 μεταπεμ-

199 2662 420 2734 ψάμενος
465 2657 551 2712 οὖν
595 2661 749 2712 αὐτὸν
808 2661 1042 2732 εὑρήσεις
1086 2658 1270 2718 εύθίως
1309 2659 1333 2710 ὃ
1368 2667 1558 2729 γνῶναι
1600 2659 1794 2719 ζητεῖς.

202 2756 301 2802 Καὶ
353 2751 408 2811 ὃς
458 2752 696 2821 τάχιστα
742 2756 920 2801 τοῦτον
983 2747 1304 2819 μετεκαλεῖτο
1348 2753 1438 2798 καὶ
1499 2743 1797 2819 διαλεχθεὶς

195 2840 296 2890 ὅσα
345 2841 559 2890 πύθοιτο
613 2843 730 2910 περὶ
791 2837 949 2888 αὐτοῦ
1001 2840 1092 2886 καὶ
1124 2836 1188 2896 ἧς
1215 2838 1328 2904 ἔχει
1361 2840 1546 2905 σοφίας
1587 2841 1676 2886 καὶ
1734 2839 1797 2896 ὡς

193 2931 251 2978 τὸ
314 2930 446 2978 θεῖον
513 2926 654 2994 αὐτῷ
711 2931 916 2995 Πνεῦμα
965 2925 1296 2994 συμπάρεστι
1366 2928 1455 2972 καὶ
1513 2928 1664 2992 μόνος
1721 2923 1797 2984 εξ-

193 3021 356 3085 ευρεῖν
418 3016 751 3077 ἱκανώτατος,
823 3011 857 3061 οἶ
931 3015 1000 3081 μὴ
1056 3017 1160 3068 τοῖς
1223 3007 1392 3069 ἄλλοις
1444 3009 1514 3070 εἰς
1573 3009 1798 3060 ἐπίνοιαν

190 3105 426 3176 ῆοχεται,
487 3101 697 3174 φράζειν
747 3100 886 3169 αὐτῷ
933 3102 1000 3150 τὰ
1049 3102 1380 3172 γεγραμμένα
1429 3103 1518 3148 καὶ
1568 3093 1796 3148 διαλύειν
1827 3131 1867 3187 C

189 3190 363 3255 ἠξίου,
419 3192 512 3240 κᾶν
575 3191 880 3263 σκυθρωπὸν
939 3184 991 3259 ᾖ,
1029 3193 1208 3258 φησὶν,
1264 3191 1321 3237 τὸ
1376 3187 1474 3237 ὑπὸ
1525 3194 1656 3238 Θεοῦ
1699 3205 1798 3244 ση-

188 3283 511 3351 μαινόμενον”
573 3284 724 3329 τοῦτο
780 3280 880 3350 γὰρ
966 3282 1248 3334 ποιήσαντι
1307 3278 1573 3348 πορφύραν
1634 3272 1792 3327 δώσω

192 3364 519 3420 ἐνδύσασθαι
576 3373 664 3418 καὶ
711 3369 938 3439 χρύσεον
985 3369 1101 3436 περὶ
1157 3367 1242 3415 τὸν
1296 3363 1494 3434 αὐχένα
1544 3367 1794 3435 στρεπτὸν

195 3461 286 3507 καὶ
315 3460 374 3507 τὸ
405 3460 576 3528 τρίτον
624 3463 719 3516 τῆς
750 3453 921 3526 ἀρχῆς
975 3458 1148 3524 μέρος,
1199 3456 1353 3523 τιμήν
1393 3456 1481 3503 καὶ
1515 3455 1670 3524 γέρας
1699 3461 1795 3512 τῆς

203 3549 386 3616 σοφίας
455 3543 714 3615 ἐσόμενον,
766 3545 828 3602 ὡς
911 3544 972 3594 ἄν
1053 3541 1107 3603 ἐξ
1176 3541 1343 3592 αὐτῶν
1412 3539 1796 3612 ἐπισημότατος

199 3632 366 3684 οἶπασι
398 3636 564 3704 γένοιο
593 3636 683 3683 καὶ
713 3630 1066 3704 περίϐλεπτος.

274 3721 370 3776 ΙΓ’.
423 3719 611 3778 Δανιὴλ
653 3716 712 3772 δε
761 3722 849 3780 τὰς
892 3724 980 3790 μεν
1030 3715 1224 3791 δωρεὰς
1263 3718 1414 3769 αὐτὸν
1445 3720 1584 3788 ἔχειν
1625 3718 1794 3780 ἠξίου·

197 3814 286 3862 τὸν
333 3813 433 3883 γὰρ
487 3812 640 3880 σοφὸν
689 3812 777 3860 καὶ
824 3810 954 3859 θεῖον
996 3803 1186 3878 δώροις
1233 3806 1336 3876 οὐχ
1377 3805 1636 3878 ἁλώσιμον
1669 3804 1800 3859 εἶναι

200 3895 283 3951 δεῖ
331 3905 538 3973 προῖκα·
617 3894 675 3948 δε
728 3899 848 3957 τοὺς
895 3892 1167 3967 δεομένους
1220 3895 1422 3966 ὠφελεῖν
1477 3893 1787 3967 βούλεσθαι·

197 3991 410 4060 μηνύειν
456 3984 514 4038 δὲ
555 3986 694 4055 αύτῷ
720 3989 786 4037 τὰ
815 3990 1146 4057 γεγραμμένα
1198 3992 1287 4036 τοῦ
1333 3982 1453 4056 βίου
1506 4004 1795 4059 καταστρο-

199 4081 319 4148 φήν,
352 4077 431 4126 ὄτι
462 4072 598 4145 μηδὲ
629 4075 706 4134 οἷς
760 4075 784 4125 ὸ
828 4080 1077 4145 πρόγονος
1109 4073 1268 4124 αὐτοῦ
1317 4070 1790 4148 Ναϐουχοδονόσορ

199 4160 294 4216 διὰ
341 4165 432 4223 τὰς
484 4163 556 4223 εἰς
606 4166 734 4216 Θεὸν
787 4161 958 4230 ὕϐρεις
1030 4161 1306 4224 ἐκολάσθη,
1356 4164 1558 4221 τούτοις
1643 4163 1794 4221 αὐτὸς

198 4254 380 4323 ἔμαθεν
436 4251 657 4303 εὐσεϐεῖν
707 4256 796 4302 καὶ
843 4249 1007 4322 μηδὲν
1061 4259 1154 4311 τῆς
1213 4249 1531 4321 ἀνθρωπίνης
1600 4253 1794 4320 φύσεως

198 4343 330 4413 πέρα
382 4348 597 4412 φρονεῖν’
654 4339 759 4391 ἀλλ’
815 4340 892 4391 ὃτι
947 4346 1037 4389 καὶ
1113 4335 1588 4408 Ναϐουχοδονόσορ
1645 4356 1797 4407 μετα-

198 4427 516 4489 πλασθέντος
567 4429 631 4488 εἰς
691 4430 881 4498 θηρίων
937 4423 1206 4495 διαγωγήν
1269 4424 1343 4494 ἐφ’
1398 4420 1474 4482 οἷς
1545 4424 1792 4490 ἠσέϐησε,
1824 4469 1873 4528 D

271 4520 280 4528 ι
447 4519 455 4528 ι
585 4515 665 4528 εει
776 4517 786 4528 ρ
899 4519 906 4528 ι
1115 4519 1122 4527 ι
1226 4509 1247 4528 Ω
1295 4518 1301 4526 ι
1495 4510 1527 4528 9η
1606 4515 1656 4528 Λα

196 4520 288 4567 καὶ
341 4519 469 4585 μετά
519 4515 706 4575 πολλὰς
773 4517 972 4575 ἱκεσίας
1042 4519 1130 4563 καὶ
1215 4509 1420 4570 δεήσεις
1487 4510 1791 4585 ἐλεηθέντος,

202 4604 337 4653 ὥστε
392 4603 543 4654 πάλιν
585 4605 866 4655 ἐπανελθεῖν
917 4602 988 4663 εἰς
1039 4604 1123 4652 τὸν
1177 4602 1492 4673 ἀνθρώπινον
1545 4599 1660 4672 βίον
1708 4608 1796 4656 καὶ

204 4694 300 4746 την
335 4689 605 4761 βασιλείαν
657 4691 817 4749 αὐτὴν
866 4696 953 4742 καὶ
1002 4687 1094 4742 διὰ
1143 4697 1310 4741 ταῦτα
1333 4691 1420 4740 τὸν
1453 4694 1580 4742 Θεὸν
1607 4694 1674 4752 ὡς
1704 4697 1795 4750 τὴν

201 4777 411 4830 ἅπασαν
499 4781 689 4850 ἔχοντα
768 4776 986 4850 δύναμιν
1067 4784 1155 4830 καὶ
1250 4782 1616 4851 προνοούμενον
1699 4790 1795 4832 τῶν

199 4865 500 4941 ἀνθρώπων,
551 4870 684 4940 ἄχρι
722 4873 808 4920 καὶ
847 4868 1079 4928 τελευτῆς
1120 4869 1398 4939 ὑμνοῦντος
1441 4867 1605 4926 λήθην
1639 4870 1796 4931 αὐτὸς

195 4954 344 5008 ἔλαϐε
389 4960 583 5008 τούτων
633 4963 720 5008 καὶ
765 4956 924 5008 πολλὰ
974 4960 1061 5027 μεν
1120 4955 1516 5027 ἐϐλασφήμησεν
1597 4959 1666 5020 εἰς
1738 4963 1794 5012 τὸ

196 5052 366 5107 Θεῖον,
418 5053 520 5104 τοῖς
571 5043 628 5097 δὲ
661 5049 895 5097 σκεύεσιν
944 5045 1101 5096 αὑτοῦ
1140 5047 1269 5116 μετὰ
1311 5054 1409 5096 τῶν
1458 5045 1792 5099 παλλακίδων

195 5129 505 5190 διηκονεῖτο·
557 5142 722 5185 ταῦτα
774 5130 860 5185 οὖν
906 5135 1102 5207 ὁρῶντα
1152 5136 1238 5184 τὸν
1289 5138 1438 5200 Θεὸν,
1480 5134 1791 5209 ὀργισθῆναι

194 5220 333 5290 αύτῷ
403 5226 492 5273 xui
567 5217 661 5272 διὰ
704 5231 800 5272 των
877 5224 1239 5295 γεγραμμένων
1304 5225 1784 5294 προκαταγγέλλειν,

190 5309 258 5368 εἰς
287 5307 391 5360 οἷον
423 5310 576 5362 αὐτὸν
625 5310 984 5383 καταστρέψαι
1035 5306 1117 5360 δεῖ
1163 5309 1316 5369 τέλος
1368 5308 1554 5368 ἐδήλου
1614 5310 1672 5364 δὲ
1725 5318 1788 5366 τὰ

190 5399 474 5470 γράμματα
527 5396 674 5451 τάδε’
729 5401 885 5470 μάνη,
939 5398 1101 5466 θέκελ,
1147 5403 1312 5470 φαρές
1371 5407 1520 5452 τοῦτο
1573 5397 1631 5454 δὲ
1683 5405 1782 5455 ἔλε-

192 5504 276 5559 γεν
321 5483 530 5538 Ἐλλάδι
571 5486 784 5558 γλώσσῃ
844 5491 1131 5558 σημαίνειν,
1193 5488 1270 5538 ὅτι
1329 5490 1425 5539 Τὸν
1473 5496 1564 5548 τῆς
1645 5495 1784 5553 ςωῆς

199 5593 293 5630 σου
343 5579 534 5653 χρόνον
590 5576 876 5655 ἠρίθμηκεν
923 5578 948 5628 ὸ
999 5579 1124 5637 Θεὸς
1171 5581 1256 5628 καὶ
1317 5579 1532 5652 σταθμῷ
1607 5584 1780 5659 περιέ-

1907 1857 1959 1912 ei
2003 1857 2355 1926 signiﬁcare,
2384 1872 2518 1927 quae
2566 1855 2720 1910 illius
2772 1870 2908 1918 avo,
2965 1857 3551 1924 Nabuchodonosori,

1907 1947 2173 2017 inquam.
2211 1951 2450 2016 propter
2487 1960 2557 1999 ea
2588 1961 2725 2016 quae
2761 1944 2989 2000 viderat
3017 1960 3256 2010 arcana,
3287 1947 3338 2000 ei
3367 1962 3552 2017 expo-

1908 2040 2126 2098 suerat,
2159 2033 2262 2088 Est
2286 2032 2555 2104 quidam,
2588 2033 2812 2097 dicens,
2837 2033 2938 2103 qui
2977 2033 3082 2088 fuit
3125 2034 3339 2088 ductus
3370 2035 3488 2089 huc
3519 2051 3550 2090 e

1905 2123 2109 2177 Judaea
2153 2123 2438 2192 captivus,
2484 2121 2723 2175 nomine
2758 2121 2980 2185 Daniel,
3026 2122 3109 2174 vir
3153 2124 3424 2190 egregius
3471 2124 3550 2178 ad

1906 2213 2266 2267 invenienda
2290 2226 2529 2275 arcana,
2559 2217 2614 2265 et
2639 2226 2774 2280 quae
2804 2214 2946 2265 sunt
2975 2211 3083 2265 soli
3111 2212 3225 2264 Deo
3257 2211 3499 2279 cognita
3532 2228 3543 2264 :

1908 2300 2011 2372 qui
2034 2300 2156 2370 regi
2176 2298 2764 2363 Nabuchodonosori,
2789 2315 2924 2353 cum
2953 2297 3145 2352 nullus
3167 2299 3316 2354 alius
3343 2305 3551 2371 posset

1909 2390 2100 2443 dicere
2129 2388 2202 2443 de
2233 2388 2306 2442 iis
2344 2404 2480 2459 quae
2514 2387 2838 2458 quaerebat,
2871 2387 3076 2442 omnia
3100 2386 3344 2458 pulchre
3375 2389 3553 2456 signi-

1907 2476 2124 2542 ﬁcavit,
2153 2482 2208 2532 et
2246 2477 2429 2532 edidit
2455 2477 2518 2530 in
2557 2477 2750 2531 lucem
2772 2491 2842 2530 ea
2871 2491 2998 2547 quae
3023 2476 3458 2546 quaerebantur.
3492 2477 3551 2531 Si

1909 2579 2046 2618 eum
2077 2579 2218 2633 ergo
2266 2565 2664 2628 accersiveris,
2696 2563 2757 2618 id
2782 2565 2947 2634 quod
2979 2565 3129 2618 scire
3172 2563 3362 2634 cupis,
3403 2579 3552 2618 mox

1907 2649 2190 2706 invenies.
2244 2650 2340 2705 Ille
2396 2666 2531 2704 vero
2589 2666 2726 2705 eum
2780 2651 3080 2705 celerrime
3135 2650 3404 2706 accersiit
3445 2667 3459 2706 :
3497 2655 3555 2706 et

1907 2755 2044 2794 cum
2083 2739 2343 2804 dixisset,
2399 2754 2534 2810 quae
2583 2738 2656 2792 de
2700 2739 2830 2808 ipso
2879 2742 2934 2793 et
2971 2739 3045 2792 de
3092 2738 3221 2807 ejus
3267 2738 3554 2794 audiebat

1909 2827 2223 2898 sapientia,
2261 2833 2318 2882 et
2346 2827 2494 2898 quid
2523 2827 2760 2881 divinus
2803 2829 2873 2882 sit
2904 2843 3042 2880 cum
3082 2843 3152 2882 eo
3189 2829 3464 2897 Spiritus;
3497 2831 3554 2882 et

1907 2917 1984 2970 sit
2012 2917 2088 2970 ad
2129 2915 2549 2970 inveniendum
2581 2916 2741 2970 solus
2778 2915 2868 2969 vel
2909 2916 3169 2971 maxime
3199 2917 3447 2970 idoneus
3479 2931 3552 2970 ea

1906 3019 2036 3074 quae
2064 3019 2182 3058 non
2230 3003 2474 3057 veniunt
2507 3002 2636 3058 aliis
2667 3003 2726 3057 in
2770 3010 3050 3069 mentem,
3094 3003 3350 3072 rogabat
3399 3011 3462 3058 ut
3497 3004 3551 3059 ei

1906 3091 2126 3146 diceret
2144 3096 2199 3146 et
2229 3091 2477 3146 solveret
2501 3106 2590 3160 ea,
2615 3107 2745 3160 quae
2777 3093 2994 3162 scripta
3020 3092 3288 3157 fuerant;
3314 3091 3552 3146 etiamsi

1905 3178 2952 3249 sitinquit,injucundumetasperum
2967 3185 3129 3251 quod
3147 3197 3181 3235 a
3200 3184 3312 3234 Deo
3326 3180 3548 3250 signiti-

1905 3271 2214 3323 catur.Hoc
2227 3283 2367 3336 ergo
2381 3266 2665 3329 sifeceris,
2682 3267 2836 3321 dabo
2865 3268 2967 3322 tibi
2993 3284 3336 3338 purpuram,
3361 3275 3548 3338 quate

1902 3357 2139 3414 induas:
2157 3363 2210 3410 et
2226 3361 2493 3426 torquem
2509 3370 2958 3424 aureum,quem
2973 3355 3124 3410 collo
3141 3356 3548 3425 tuoimponas,

1903 3451 1959 3501 et
1977 3445 2206 3500 tertiam
2225 3451 2456 3515 partem
2480 3445 2597 3497 mei
2612 3443 2863 3513 imperii,
2880 3443 3136 3498 futuram
3165 3445 3474 3514 praemium
3496 3449 3551 3500 et

1905 3534 2194 3588 honorem
2221 3537 2336 3587 tua;
2369 3532 2670 3600 sapientiae
2696 3547 2707 3584 :
2753 3537 2814 3586 ut
2842 3547 2915 3586 ex
2945 3531 3084 3601 ipsis
3119 3531 3342 3586 evadas
3369 3531 3550 3602 longe

1908 3622 2287 3686 clarissimus,
2314 3625 2370 3675 et
2391 3621 2467 3675 ab
2487 3619 2769 3674 omnibus
2793 3620 3228 3690 suspiciendus.

1980 3710 2118 3765 XIll.
2147 3709 2350 3765 Daniel
2378 3715 2578 3764 autem
2608 3708 2863 3777 rogabat
2905 3708 3169 3777 quidem,
3206 3714 3268 3763 ut
3303 3708 3412 3764 sibi
3441 3727 3551 3767 sua

1907 3799 2150 3854 haberet
2203 3813 2470 3860 munera,
2526 3798 2720 3850 virum
2777 3797 2938 3850 enim
2983 3795 3317 3867 sapientem
3350 3803 3404 3853 et
3460 3798 3554 3853 di-

1904 3893 2113 3944 vinum
2142 3903 2265 3942 non
2308 3901 2438 3942 esse
2472 3887 2824 3956 capiendum
2864 3885 3215 3940 muneribus
3247 3907 3259 3938 :
3301 3903 3368 3941 se
3410 3903 3552 3943 vero

1905 3980 2086 4048 gratis
2119 3976 2267 4032 velle
2290 3975 2495 4046 juvare
2531 3990 2633 4029 eos
2663 3974 2766 4046 qui
2795 3989 2947 4044 opus
2973 3973 3251 4030 habeant.
3288 3975 3554 4031 Declarat

1905 4074 2101 4124 autem
2137 4069 2187 4122 ei
2230 4081 2301 4120 ea
2330 4080 2465 4135 quae
2497 4064 2704 4134 scripta
2739 4061 2988 4126 fuerant,
3025 4079 3240 4133 nempe
3269 4065 3393 4118 vitae
3423 4064 3551 4118 exi-

1900 4161 2058 4210 tum:
2086 4153 2250 4223 quod
2273 4167 2380 4205 nec
2393 4153 2461 4205 iis
2481 4152 2741 4221 quidem,
2759 4166 2895 4221 quae
2920 4166 3067 4205 avus
3090 4152 3212 4220 ejus
3247 4151 3552 4206 Nabucho-

1903 4244 2168 4297 donosor
2216 4253 2430 4308 passus
2482 4245 2624 4301 erat,
2672 4239 2972 4306 suppliciis
3017 4245 3259 4308 propter
3303 4254 3441 4294 suas
3492 4240 3553 4294 in

1907 4333 2092 4384 Deum
2133 4324 2543 4389 contumelias,
2572 4323 2703 4394 ipse
2749 4324 3032 4379 didicerat
3083 4341 3215 4378 esse
3254 4326 3446 4397 pium,
3498 4331 3555 4382 et

1909 4419 2060 4473 ultra
2073 4417 2315 4470 modum
2340 4413 2851 4468 humanaenaturm
2873 4427 2991 4466 non
3015 4429 3248 4468 sumere
3271 4414 3508 4484 spiritus
3537 4431 3549 4468 :

1906 4508 2006 4563 sed
2027 4504 2190 4578 quod
2207 4504 2386 4559 etiam
2398 4519 2532 4556 cum
2544 4501 3099 4558 Nabuchodonosor
3117 4507 3376 4558 mutatus
3396 4510 3555 4559 esset

1903 4597 1965 4652 in
1995 4596 2176 4652 vitam
2221 4592 2471 4647 ferinam
2514 4595 2826 4662 propterea
2864 4605 3000 4661 quas
3048 4591 3226 4662 impie
3268 4598 3552 4661 gesserat,

1904 4693 1961 4741 et
1988 4689 2122 4756 post
2171 4680 2388 4737 multas
2413 4695 2613 4751 preces
2644 4684 2698 4734 et
2724 4679 3186 4749 supplicationes
3227 4680 3555 4735 misericor-

1905 4773 2064 4829 diam
2087 4777 2240 4827 esset
2258 4773 2632 4832 consecutus,
2657 4772 2714 4822 et
2733 4767 3003 4822 rediisset
3033 4766 3111 4821 ad
3131 4768 3307 4821 vitam
3333 4767 3550 4824 huma-

1903 4879 2048 4919 nam
2104 4868 2159 4917 et
2200 4862 2398 4931 ipsum
2440 4873 2734 4928 regnum:
2782 4861 2837 4912 et
2877 4861 3189 4926 propterea
3232 4855 3437 4921 Deum,
3490 4862 3554 4911 ut

1903 4953 2007 5025 qui
2031 4965 2272 5006 omnem
2294 4949 2537 5003 haberet
2556 4945 2899 5018 potentiam,
2921 4950 2976 4998 et
3001 4944 3316 4998 hominum
3345 4961 3551 4999 curam

1904 5044 2146 5111 gereret,
2200 5053 2389 5108 usque
2439 5035 2517 5091 ad
2554 5040 2803 5090 mortem
2847 5032 3138 5096 laudaret,
3175 5033 3301 5102 ipse
3344 5047 3550 5087 eorum

1904 5136 1994 5184 est
2018 5128 2234 5183 oblitus
2259 5143 2273 5181 ε
2307 5132 2362 5181 et
2394 5129 2579 5179 Deum
2607 5123 2849 5195 quidem
2879 5120 3078 5175 multis
3109 5120 3432 5174 insectatus
3459 5126 3552 5180 est

1904 5217 2245 5285 maledictis,
2274 5214 2430 5270 vasis
2466 5221 2665 5269 autem
2708 5211 2836 5281 ejus
2869 5216 2926 5264 ut
2952 5209 3061 5262 sibi
3092 5208 3550 5280 ministraretur,

1897 5307 2086 5363 effecit
2116 5304 2290 5360 simul
2331 5319 2470 5358 cum
2510 5299 2838 5372 pellicibus.
2897 5298 3031 5351 Haec
3067 5312 3209 5366 ergo
3251 5299 3551 5354 videntem

1897 5397 2081 5452 Deum
2105 5395 2157 5450 ei
2184 5409 2314 5449 esse
2336 5394 2571 5455 iratum,
2599 5393 2655 5444 et
2678 5403 2780 5458 per
2809 5402 2881 5441 ea
2903 5402 3035 5456 quas
3063 5389 3282 5456 scripta
3311 5394 3467 5454 sunt,
3496 5388 3551 5442 ei

1895 5483 2374 5558 praesigniﬁcare,
2415 5478 2610 5551 qualis
2659 5476 2731 5533 sit
2768 5475 3000 5530 futurus
3034 5475 3169 5532 vitae
3223 5475 3434 5530 exitus.
3469 5477 3552 5530 Si-

1894 5574 2260 5649 gniﬁcabant
2289 5573 2489 5628 autem
2518 5567 2612 5625 ha:
2641 5565 2861 5634 litterae,
2889 5565 3086 5637 Mane,
3125 5564 3355 5637 Thecel,
3382 5561 3553 5641 ΡΙιατ
