4144 6258
624 310 728 369 387

2032 308 2286 369 MENSIS
2324 310 2589 370 IULIUS.

3889 310 4007 370 388

623 438 875 507 res,hoc
914 451 1052 492 vero
1094 434 1330 492 dicebat
1366 435 1589 506 lingua.
1631 437 1839 493 Latina
1873 436 2207 507 signiﬁcare
2251 458 2256 496 ε

2383 459 2545 497 στησε
2614 445 2702 492 καὶ
2769 438 3008 515 περιελών
3095 457 3188 490 σου
3256 441 3349 489 τήν
3426 436 3699 509 βασιλείαν
3777 436 4005 499 Μήδοις

631 529 878 594 Tempus
902 528 1035 581 vitae
1053 531 1167 580 tum
1184 529 1518 581 numeravit
1530 528 1708 591 Deus,
1723 527 1851 581 etin
1873 526 2028 581 libra
2050 540 2269 595 appen-

623 616 729 680 dit,
759 622 813 671 et
839 615 1108 669 ablatum
1138 629 1386 683 regnum
1412 620 1575 669 tuum
1599 614 1817 670 dividet
1845 614 2031 670 Medis
2052 620 2105 669 et
2130 615 2270 669 Per-

619 706 720 758 sis.
750 704 894 757 Cum
948 701 1074 770 regi
1118 702 1191 755 sit
1219 703 1464 757 dixisset
1514 703 1735 767 Daniel,
1784 719 2054 774 quaenam
2096 702 2272 772 signi-

618 792 863 846 ﬁcarent
920 790 1013 844 hae
1086 790 1145 843 in
1188 806 1359 846 muro
1436 790 1654 857 litterae,
1712 791 1970 847 Baltasar
2026 790 2271 862 quidem

622 894 844 950 angore
902 884 959 933 et
1016 879 1202 933 animi
1266 879 1469 934 dolore
1517 880 1628 935 fuit
1672 896 1997 951 oppressus
2040 884 2275 950 propter

620 983 837 1039 aspera
869 966 967 1021 illa
994 971 1047 1021 et
1068 966 1275 1034 tristia,
1302 983 1436 1036 quae
1460 967 1513 1020 ei
1536 968 2045 1039 signiﬁcabantur.
2077 969 2275 1038 Neque

619 1061 819 1111 tamen
851 1054 902 1109 ei
942 1061 1231 1125 tanquam
1256 1055 1562 1125 propheta
1594 1057 1914 1119 malorum,
1941 1071 2061 1111 non
2083 1056 2185 1110 dat
2207 1071 2277 1110 ea

623 1158 894 1208 munera,
925 1157 1058 1213 quae
1083 1142 1273 1196 fuerat
1302 1143 1619 1212 pollicitus,
1653 1144 1751 1199 sed
1784 1144 2037 1215 praabuit
2073 1144 2277 1198 omnia

619 1248 805 1304 quam
835 1232 1099 1286 minatus
1130 1230 1373 1301 quidem
1404 1236 1530 1285 erat
1559 1232 1726 1301 regni
1764 1234 2090 1296 eversione,
2132 1231 2277 1285 deﬁ-

631 1320 769 1375 nitae
809 1335 936 1374 esse
966 1317 1347 1382 necessitatis,
1381 1319 1484 1373 sed
1523 1335 1644 1374 non
1676 1320 1805 1389 ejus
1849 1320 1952 1390 qui
1979 1318 2271 1389 praedixit,

619 1424 746 1465 esse
783 1411 1060 1478 reputans
1090 1422 1101 1459 :
1154 1422 1225 1461 ea
1253 1412 1475 1471 autem,
1519 1424 1655 1479 quae
1686 1406 1988 1478 promissa
2022 1406 2273 1471 fuerant,

619 1497 888 1568 implere,
932 1495 1074 1550 boni
1121 1510 1253 1549 esse
1282 1496 1392 1550 viri
1416 1496 1711 1566 judicans,
1737 1497 2003 1568 justique
2048 1501 2103 1552 et
2126 1496 2269 1551 veri.

690 1587 821 1641 XIV.
878 1583 1263 1638 Preeterﬁuxit
1322 1583 1500 1639 breve
1548 1585 1802 1655 spatium
1857 1584 2166 1654 temporis,
2220 1590 2277 1639 et

627 1678 837 1743 captus
872 1671 982 1726 fuit
1006 1670 1131 1742 ipse
1162 1676 1216 1725 et
1259 1672 1483 1737 civitas,
1518 1672 1667 1727 sicut
1694 1672 2041 1743 praedictum
2085 1672 2277 1727 fuerat

620 1778 656 1817 a
696 1760 953 1825 Daniele,
986 1776 1121 1813 cum
1164 1762 1281 1813 Rex
1321 1762 1633 1814 Persarum
1665 1762 1725 1815 in
1774 1762 1972 1831 ipsum
2010 1760 2277 1816 duxisset
2304 1780 2348 1833 Β

620 1849 936 1905 exercitum
951 1887 963 1899 .
986 1847 1098 1902 Sed
1120 1846 1425 1902 Baltassar
1445 1847 1689 1918 quidem
1713 1848 1796 1903 sic
1812 1863 1841 1902 e
1859 1847 1979 1903 vita
2000 1848 2228 1903 excedit
2256 1864 2270 1903 :

620 1937 828 1993 Darius
866 1951 1028 2000 vero,
1080 1938 1183 2006 qui
1231 1934 1697 2007 Babyloniorum
1742 1936 2012 1992 dissolvit
2057 1936 2273 2007 princi-

615 2032 850 2098 patum,
884 2025 984 2094 qui
1018 2029 1142 2079 erat
1179 2024 1357 2079 etiam
1388 2023 1543 2079 ﬁlius
1586 2025 1882 2095 Astyagis,
1912 2025 2079 2094 regni
2109 2041 2273 2081 sexa-

617 2115 916 2185 gesimum
948 2111 1279 2166 secundum
1314 2127 1539 2167 annum
1590 2117 1972 2182 transegerat,
2028 2113 2274 2185 quando

617 2203 770 2274 cepit
788 2200 1174 2271 Babylonem.
1198 2200 1305 2263 Qui
1326 2200 1501 2255 etiam
1522 2201 1941 2256 admirabilem
1958 2202 2118 2256 hunc
2140 2217 2274 2273 pro-

614 2292 857 2363 phetam
903 2304 1104 2343 secum
1152 2289 1466 2359 accipiens,
1508 2294 1794 2361 tanquam
1834 2306 1961 2344 rem
2008 2289 2272 2362 aliquam

617 2393 902 2449 magnam
934 2381 990 2430 et
1010 2375 1533 2446 pretiosissimam,
1561 2378 1730 2433 duxit
1752 2379 1811 2433 in
1842 2379 2117 2445 Mediam,
2152 2396 2273 2436 ma-

623 2483 806 2537 gnum
840 2481 1014 2520 suum
1055 2465 1115 2519 in
1146 2480 1283 2519 eum
1325 2466 1582 2521 studium
1629 2467 1947 2522 ostendens
1978 2472 2032 2523 et
2069 2468 2269 2523 obser-

618 2556 899 2612 vantiam.
934 2552 1136 2608 Daniel
1163 2568 1303 2622 ergo
1330 2569 1463 2607 cum
1495 2560 1645 2610 esset
1675 2556 1735 2609 in
1767 2561 1929 2611 tanto
1954 2556 2180 2611 honore
2214 2563 2269 2612 et

616 2643 1083 2699 exsistimatione
1111 2641 1272 2712 apud
1296 2643 1557 2707 Darium,
1578 2646 1776 2714 etipse
1802 2645 1931 2714 ejus
1960 2659 2265 2699 sermones

611 2733 924 2802 acciperet,
976 2734 1037 2783 ut
1086 2729 1188 2799 qui
1243 2729 1534 2785 haberent
1591 2730 1815 2802 aliquid
1867 2732 2154 2799 divinum,
2202 2734 2260 2788 in

607 2837 745 2875 eum
768 2834 1006 2890 quoque
1032 2818 1283 2873 excitata
1313 2823 1400 2873 est
1439 2819 1660 2875 invidia
1690 2820 1767 2875 ab
1796 2819 1868 2873 iis
1896 2820 1995 2891 qui
2034 2821 2261 2890 primas

604 2913 803 2980 partes
846 2906 1114 2961 ferebant
1153 2906 1214 2960 in
1264 2906 1469 2961 Media.
1523 2906 1748 2962 Etenim
1788 2907 2135 2964 invidebant
2167 2925 2257 2965 sa-

608 2995 1095 3067 trapae,videntes
1118 3010 1255 3048 eum
1280 3010 1407 3049 esse
1432 2996 1489 3049 in
1517 2996 1742 3064 majore
1768 2996 2254 3062 exsistimatione,

2380 530 2537 585 αὐτὴν
2580 536 2668 580 καὶ
2712 535 2933 600 Πέρσαις
2990 526 3239 597 διανεμεῖ.
3292 528 3439 579 Ούτω
3479 528 3668 585 Δανιήλ
3707 535 3884 579 ταῦτα
3918 537 3998 597 τῷ

2382 616 2592 687 βασιλεῖ
2640 623 2907 689 σημαίνειν
2952 621 3245 690 φράσαντος
3275 619 3339 667 τα
3367 614 3413 667 ἐν
3455 621 3622 686 τοίχῳ
3668 619 3995 688 γράμματα,

2384 708 2465 755 τόν
2506 710 2593 777 μὲν
2643 707 2911 778 Βαλτάσαρ
2962 707 3065 758 οἷον
3115 705 3244 764 εἰκός
3292 704 3362 776 ἐφ’
3411 706 3543 757 οὕτω
3592 705 3855 774 χαλεποῖς
3882 712 3998 764 τοῖς

2384 790 2756 865 δεδηλωμένοις
2806 794 2939 851 λύπη
2986 799 3075 845 καὶ
3131 796 3374 866 συμφορά
3415 792 3708 862 κατέλαϐεν,
3761 793 3819 843 ού
3884 798 3993 864 μὴν

2384 884 2451 943 ὡς
2506 889 2746 955 προφήτῃ
2797 892 2967 933 κακῶν
3009 882 3147 951 αύτῷ
3185 886 3434 952 γενομένῳ
3492 890 3562 951 τῷ
3603 886 3847 953 προφήτῃ
3895 884 3994 941 τὰς

2387 968 2583 1045 δωρεὰς
2614 972 2675 1031 ἅς
2704 974 2965 1042 ὑπέσχετο
2998 968 3205 1032 δώσειν,
3256 971 3313 1021 ού
3355 967 3601 1037 δίδωσιν,
3635 969 3764 1021 ἀλλά
3808 974 3993 1029 πάσας

2385 1065 2699 1132 παρέσχετο,
2782 1066 2870 1118 τήν
2955 1064 3043 1131 μὲν
3105 1060 3447 1131 ὴπειλημένην
3536 1068 3626 1120 τῆς
3707 1058 3990 1131 βασιλείας

2385 1152 2686 1222 καθαίρεσιν
2736 1159 2827 1210 τῆς
2880 1151 3177 1214 ὁρισθείσης
3231 1149 3479 1219 ἀνάγκης,
3540 1149 3645 1200 αλλ’
3702 1149 3833 1218 ούχὶ
3892 1157 3987 1199 τοῦ

2384 1242 2837 1311 προφητεύσαντος
2876 1235 3004 1289 εἶναι
3064 1238 3417 1308 λογισάμενος,
3473 1241 3566 1294 τὴν
3625 1234 3684 1288 δε
3753 1246 3855 1288 τῶν
3901 1236 3985 1287 ἐπ·

2385 1326 2704 1397 ηγγελμένων
2768 1325 3088 1397 ἐκπλήρωσιν
3147 1323 3334 1399 ἀνδρὸς
3398 1324 3596 1396 ἀγαθοῦ
3649 1330 3837 1397 κρίνων
3898 1330 3989 1377 καὶ

2384 1413 2593 1468 δικαίου
2625 1421 2713 1467 καὶ
2824 1412 2976 1466 ευδοῦ
2987 1435 3027 1476 ς.

2456 1576 2550 1628 ΙΔ’.
2588 1579 2766 1650 Βραχύ
2798 1572 2979 1631 διῆλθε
3026 1576 3082 1624 τό
3130 1573 3341 1643 μεταξύ,
3370 1578 3459 1624 καὶ
3499 1573 3651 1633 αύτός
3680 1591 3731 1623 τε
3784 1570 3982 1642 ἐλήφθη

2383 1669 2471 1715 καὶ
2521 1666 2550 1721 ἡ
2614 1665 2775 1727 πόλις,
2841 1667 2907 1722 ως
2968 1671 3039 1731 τῷ
3098 1662 3286 1719 Δανιὴλ
3341 1666 3739 1735 προηγόρευται,
3809 1664 3983 1734 Κύρου

2383 1761 2480 1803 τῶν
2535 1760 2744 1823 Περσῶν
2794 1750 3051 1822 βασιλέως
3112 1750 3610 1822 ἐπιστρατεύσαντος
3665 1750 3742 1800 ἐπ’
3798 1751 3979 1801 αὐτόν·

2385 1840 2509 1891 ἀλλὰ
2559 1840 2827 1911 Βαλτάσαρ
2868 1843 2956 1910 μεν
3005 1839 3137 1891 οὕτω
3193 1843 3274 1890 τόν
3335 1837 3449 1910 βίον
3503 1837 3720 1909 ἀμείϐει.
3786 1844 3983 1909 Δαρείῳ

2385 1926 2443 1981 δὲ
2481 1937 2551 1998 τῷ
2600 1928 2950 1980 καταλύσαντι
2996 1932 3086 1986 τὴν
3143 1925 3464 1979 Βαδυλὼνιον
3494 1929 3792 1998 ἡγεμονίαν,
3822 1929 3877 1988 ὅς
3913 1925 3979 1984 δή

2382 2022 2470 2069 καὶ
2504 2017 2829 2087 Ἀστυάγους
2858 2020 2969 2078 υἱός
3000 2013 3077 2081 ἧν,
3131 2016 3237 2075 ἔτος
3266 2015 3543 2077 ἑξηκοστὸν
3592 2021 3679 2067 καὶ
3734 2012 3979 2088 δεύτερον

2383 2115 2476 2167 τῆς
2530 2106 2801 2177 βασιλείας
2850 2108 3050 2170 ἠνύετο,
3107 2108 3256 2163 ἡνίκα
3284 2110 3375 2162 τήν
3408 2104 3689 2157 Βαϐυλῶνα
3719 2104 3868 2156 εἶλεν·
3931 2108 3983 2166 ὃς

2382 2200 2470 2247 καὶ
2505 2199 2589 2245 τόν
2618 2196 2907 2265 θαυμάσιον
2952 2198 3157 2245 τουτονὶ
3189 2199 3456 2265 προφήτην
3498 2193 3607 2264 μεθ’
3654 2193 3842 2244 ἑαυτοῦ
3888 2194 3981 2244 λα-

2382 2284 2482 2335 ϐὼν
2541 2287 2609 2344 ὡς
2658 2287 2793 2353 μέγα
2855 2302 2907 2333 τι
2950 2290 3139 2355 χρῆμα
3186 2288 3274 2334 καὶ
3328 2281 3611 2352 ἀξιότιμον,
3665 2286 3863 2353 ἤγαγεν
3917 2283 3981 2342 εἰς

2379 2379 2470 2431 τήν
2539 2369 2808 2433 Μηδικὴν,
2867 2371 3056 2429 πολλὴν
3127 2376 3220 2429 τήν
3292 2376 3408 2444 περὶ
3480 2370 3633 2422 αὐτόν
3704 2373 3979 2443 θεραπείαν

2380 2459 2683 2520 ἐπιδεικνύς.
2736 2460 2924 2517 Δανιὴλ
2976 2464 3145 2511 τοίνυν
3202 2464 3269 2509 ὧν
3327 2459 3373 2510 ἐν
3432 2462 3643 2530 τοιαύτη
3700 2468 3828 2531 τιμῇ
3890 2465 3981 2511 καὶ

2377 2550 2589 2622 λαμπρᾷ
2648 2544 2853 2619 σπουδῇ
2905 2550 3048 2621 παρὰ
3091 2555 3160 2616 τῷ
3215 2553 3427 2621 Δαρείῳ,
3480 2552 3629 2617 μόνος
3661 2567 3713 2599 τε
3749 2547 3980 2619 σύμϐουο

2373 2638 2452 2696 λος
2511 2640 2645 2706 αύτῴ
2704 2636 3053 2709 ἐχρημάτισε,
3086 2642 3173 2688 καὶ
3224 2640 3344 2695 τοὺς
3374 2637 3531 2687 αὐτοῦ
3562 2635 3751 2706 λόγους
3808 2640 3873 2696 ὦς
3927 2658 3977 2688 τι

2374 2728 2508 2778 θεῖον
2561 2728 2780 2796 ἔχοντας
2829 2726 2853 2775 ὁ
2906 2724 3154 2797 βασιλεὺς
3203 2721 3593 2797 ἀποδεχόμενος
3642 2726 3722 2783 ἦν.
3772 2726 3973 2796 Ἀμελει

2369 2820 2458 2866 καὶ
2512 2816 2692 2885 φθόνος
2749 2814 2888 2882 αύτῷ
2944 2816 3155 2885 ύφείρπε
3207 2816 3349 2881 παρὰ
3396 2822 3494 2864 τῶν
3547 2817 3611 2864 τα
3661 2833 3830 2886 πρωτα
3880 2834 3965 2885 φε-

2367 2908 2557 2973 ρόντων
2616 2901 2667 2952 ἐκ
2735 2899 2974 2973 Μηδικῃ·
3015 2902 3321 2953 ἐϐάσκαινον
3349 2904 3450 2973 γὰρ
3499 2902 3638 2971 αύτῷ
3670 2904 3717 2953 οἱ
3763 2903 3955 2973 σατρά-

2366 3011 2461 3042 παι
2510 2987 2999 3063 παρευδοκιμοῦντα
3075 2993 3287 3061 ὁρῶντες
3339 2995 3427 3041 καὶ
3506 2991 3728 3049 πλείονος
3800 2990 3961 3052 αξιού’

609 3090 817 3140 etesse
848 3083 1045 3152 majus
1087 3083 1147 3137 in
1180 3098 1315 3137 eum
1346 3085 1504 3152 regis
1545 3084 1829 3148 studium,
1871 3089 1926 3139 et
1961 3085 2168 3140 haberi
2199 3087 2256 3141 in

2370 3098 2514 3151 μενον
2565 3089 2659 3141 τῆς
2710 3079 2764 3129 ἐκ
2816 3078 3070 3150 βασιλέως
3120 3082 3387 3152 θεραπείας
3426 3098 3480 3130 τε
3522 3085 3610 3131 καὶ
3647 3087 3825 3149 τιμῆςο
3876 3084 3965 3131 καὶ

608 3173 820 3243 majori
850 3171 1010 3242 apud
1028 3187 1165 3225 eum
1184 3171 1430 3226 honore.
1452 3173 1791 3237 Quaerentes
1822 3177 2019 3228 autem
2036 3174 2259 3229 calum-

600 3264 715 3317 nias
761 3259 1133 3315 occasionem
1164 3264 1219 3313 et
1248 3260 1660 3326 accusationis,
1713 3262 1957 3316 minime
1999 3262 2260 3317 invenie-

598 3351 747 3406 bant
776 3366 789 3415 ;
822 3347 1049 3403 nullam
1078 3348 1235 3403 enim
1267 3348 1350 3403 eis
1376 3348 1679 3419 praebebat
1705 3365 1969 3416 causam,
1988 3366 2130 3404 nam
2158 3366 2257 3404 ne-

599 3454 716 3511 que
744 3454 779 3493 a
809 3437 1076 3509 pecuniis
1107 3438 1261 3491 vinci
1297 3442 1538 3507 poterat,
1574 3442 1630 3491 et
1666 3453 1908 3492 omnem
1957 3445 2251 3507 quaestum

598 3527 985 3598 despiciebat.
1016 3527 1158 3580 Hinc
1188 3525 1409 3581 factum
1440 3530 1545 3591 est,
1576 3531 1637 3580 ut
1667 3542 1804 3580 cum
1834 3526 1979 3581 nihil
2011 3533 2253 3597 possent

597 3615 878 3682 invenire,
924 3615 1081 3684 quod
1126 3615 1199 3667 de
1252 3630 1321 3668 eo
1370 3614 1634 3669 dicentes
1696 3614 1859 3685 apud
1903 3631 2126 3686 regem,
2174 3616 2248 3671 de

598 3705 728 3774 ejus
764 3703 989 3757 honore
1022 3709 1266 3771 possent
1292 3702 1517 3772 aliquid
1548 3703 1878 3769 detrahere,
1906 3703 2087 3759 alium
2122 3720 2246 3759 mo-

596 3792 743 3847 dum
774 3794 1119 3861 quzererent,
1153 3804 1272 3859 quo
1313 3805 1449 3843 eum
1481 3789 1840 3859 depellerent
1870 3807 1905 3845 a
1947 3792 2103 3862 regis
2140 3793 2246 3848 be-

595 3878 956 3935 nevolentia.
1009 3877 1282 3931 Videntes
1347 3891 1488 3945 ergo
1539 3876 1837 3933 Danielem
1894 3885 1980 3934 ter
2037 3880 2098 3934 in
2149 3880 2243 3936 die

592 3970 948 4039 precantem,
981 3964 1246 4019 arbitrati
1269 3969 1407 4019 sunt
1436 3980 1495 4020 se
1527 3965 1822 4020 invenisse
1847 3969 2238 4035 occasionem,

590 4073 693 4128 per
714 4070 897 4127 quam
929 4054 1045 4109 sint
1066 4055 1115 4108 ei
1145 4052 1377 4108 allaturi
1406 4054 1649 4109 exitium
1678 4069 1690 4108 :
1724 4060 1779 4111 et
1801 4056 2143 4113 accedentes
2164 4059 2241 4114 ad

590 4145 850 4210 Darium,
899 4144 950 4198 ei
992 4145 1353 4214 renuntiant,
1396 4143 1587 4198 visum
1631 4158 1763 4198 esse
1801 4145 2082 4201 omnibus
2113 4148 2241 4217 ejus

590 4232 847 4303 satrapis
878 4235 931 4287 et
953 4230 1339 4302 principibus,
1375 4238 1435 4285 ut
1465 4231 1662 4287 nullus
1691 4248 1763 4287 ex
1801 4234 2077 4289 omnibus
2109 4251 2240 4307 spa-

589 4322 669 4378 tio
701 4320 938 4390 triginta
959 4319 1191 4375 dierum
1214 4319 1396 4375 ullam
1414 4321 1660 4375 omnino
1686 4325 1848 4391 petat
1872 4323 2235 4393 petitionem,
2273 4353 2317 4406 D

588 4424 783 4479 neque
823 4424 858 4462 a
890 4411 1007 4462 Deo
1038 4423 1230 4476 neque
1261 4408 1339 4462 ab
1369 4408 1632 4473 homine,
1662 4409 1773 4464 nisi
1805 4409 1882 4464 ab
1920 4411 2049 4481 ipso
2080 4428 2237 4481 rege.

591 4497 701 4561 Qui
723 4497 879 4550 hanc
901 4500 1097 4548 autem
1116 4494 1307 4563 legem
1330 4494 1501 4549 fuerit
1520 4502 1943 4563 transgressus,
1965 4499 2025 4553 in
2040 4500 2238 4556 lacum

588 4576 830 4640 leonum
858 4582 1173 4652 injiciatur.

658 4673 764 4728 XV.
807 4673 921 4725 Rex
957 4684 1099 4725 vero
1143 4684 1265 4724 non
1314 4669 1640 4741 intelligens
1704 4688 1912 4728 eorum
1961 4675 2239 4745 maligni-

586 4764 788 4825 tatem,
834 4774 937 4813 nec
991 4759 1300 4830 suspicans
1357 4772 1458 4812 eos
1510 4759 1633 4814 haec
1682 4776 1809 4814 esse
1864 4763 2237 4820 machinatos

586 4850 879 4905 adversus
922 4845 1245 4914 Danielem,
1288 4846 1459 4901 cessit
1496 4862 1700 4903 eorum
1738 4851 2131 4906 sermonibus.
2174 4855 2238 4908 Et

588 4938 685 4993 alii
724 4937 968 5010 quidem
998 4951 1207 4991 omnes
1245 4940 1541 5001 caventes,
1575 4952 1647 4991 ne
1686 4939 2237 5007 transgrederentur

584 5042 656 5082 ea
686 5042 818 5097 quae
844 5024 929 5079 eis
970 5025 1258 5095 imperata
1290 5022 1539 5095 fuerant,
1572 5025 1964 5097 quiescebant
1991 5045 2003 5083 :
2035 5031 2236 5085 Daniel

587 5120 787 5169 autem
812 5114 927 5169 hoc
958 5114 1201 5168 minime
1229 5112 1508 5169 curabat:
1534 5114 1658 5180 sed,
1688 5115 1835 5170 sicut
1856 5117 1905 5171 ei
1930 5133 2061 5173 mos
2089 5124 2229 5190 erat,

583 5207 747 5255 stans
774 5202 1006 5256 orabat.
1036 5204 1176 5256 Hinc
1198 5217 1335 5255 cum
1358 5216 1494 5257 eum
1521 5202 1934 5260 observassent
1958 5210 2230 5277 satrapae,

581 5293 637 5343 et
669 5290 1041 5357 apparuisset
1084 5306 1171 5354 ea,
1207 5306 1370 5362 quan
1398 5292 1457 5346 in
1496 5291 1697 5363 ipsum
1736 5292 2055 5348 studebant
2083 5294 2234 5350 acci-

580 5390 744 5446 pere,
774 5376 1031 5440 occasio,
1058 5379 1251 5435 statim
1283 5386 1588 5451 venerunt,
1618 5380 1695 5437 ad
1726 5396 1948 5451 regem,
1982 5386 2037 5438 et
2061 5398 2231 5439 accu-

581 5466 792 5520 sarunt
854 5461 1175 5530 Danielem,
1231 5472 1295 5523 ut
1346 5469 1450 5541 qui
1504 5469 1665 5525 solus
1725 5472 2233 5541 transgrederetur

581 5566 655 5613 ea
672 5566 808 5627 qua
828 5548 1382 5629 fuerantimperata.
1406 5562 1550 5617 Nam
1576 5574 1716 5617 cum
1728 5559 1949 5630 nullus,
1965 5559 2229 5631 aiebant,

2372 3173 2644 3230 ζητοῦντες
2696 3165 2941 3227 διαϐολῆς
3011 3167 3248 3242 ἀφορμήν
3320 3173 3409 3219 καὶ
3466 3175 3791 3239 κατηγορίας,
3853 3169 3959 3238 οὐχ

2368 3257 2623 3327 εὕρισκον·
2671 3264 2893 3328 παρεῖχε
2938 3258 3039 3327 γὰρ
3095 3256 3265 3308 αἰτίαν
3321 3254 3569 3328 οὐδεμίαν
3622 3257 3807 3319 αὐτοῖς,
3843 3254 3954 3307 ἐπεὶ

2365 3350 2449 3395 καὶ
2505 3346 2794 3415 χρημάτων
2854 3343 3100 3416 ἀνώτερος
3156 3342 3215 3402 ἧν
3280 3350 3369 3396 καὶ
3430 3349 3617 3407 παντός
3679 3345 3959 3416 λήμματος

2363 3434 2675 3503 ὑπερόπτης
2736 3432 2957 3485 ἐντεῦθεν
3016 3434 3085 3495 ὡς
3142 3430 3290 3486 οὐδὲν
3334 3431 3479 3505 εἶχον
3548 3436 3702 3508 εὑρεῖν
3758 3436 3782 3485 ὅ
3829 3453 3960 3485 κατ-

2360 3528 2585 3582 ειπόντες
2615 3522 2773 3573 αὐτοῦ
2828 3526 2955 3593 πρὸς
2986 3526 3071 3574 τόν
3114 3522 3337 3594 βασιλέα
3385 3524 3750 3595 ζημιώσουσιν
3806 3523 3960 3575 αὐτὸν

2357 3612 2425 3673 εἰς
2482 3615 2574 3667 τήν
2628 3610 2747 3684 παρ’
2804 3611 2961 3662 αὐτοῦ
3021 3616 3196 3684 τιμὴν,
3252 3617 3440 3685 τρόπον
3503 3612 3651 3664 ἄλλον
3719 3611 3948 3677 ἐζήτουν,

2353 3699 2467 3751 καθ’
2520 3701 2571 3751 ὃν
2621 3699 2773 3751 αύτόν
2816 3707 2906 3760 τῆς
2944 3700 3228 3771 βασιλικῆς
3280 3700 3626 3760 ἐκστήσουσιν
3682 3702 3943 3773 εὐμενείας.

2351 3786 2593 3862 Ὁρώντες
2631 3786 2717 3840 οὖν
2762 3793 2847 3840 τόν
2898 3790 3085 3847 Δανιὴλ
3133 3795 3244 3862 τρίς
3292 3798 3387 3851 τῆς
3425 3792 3618 3864 ἡμέρας
3661 3797 3953 3862 προσευχόο

2352 3896 2497 3947 μενον
2544 3885 2615 3946 τῷ
2666 3884 2792 3947 Θεῷ,
2846 3883 3105 3952 πρόφασιν
3150 3882 3378 3949 ἔγνωσαν
3419 3882 3707 3954 εὑρηκέναι,
3769 3877 3841 3932 δι’
3892 3882 3953 3941 ἧς

2353 3965 2491 4034 αύτῷ
2575 3970 2965 4018 συσκευάσουσι
3017 3972 3109 4025 τὴν
3172 3967 3441 4021 ἀπώλειαν·
3500 3974 3591 4021 καὶ
3661 3972 3789 4041 πρός
3864 3973 3949 4020 τόν

2354 4061 2559 4125 Δαρεῖον
2609 4053 2834 4114 ἐλθόντες
2887 4053 3226 4127 ἀπήγγελλον,
3318 4060 3384 4119 ὡς
3466 4064 3576 4116 τοῖς
3655 4060 3949 4131 σατράπαις

2351 4142 2509 4193 αὐτοῦ
2569 4149 2699 4193 πᾶσι
2756 4147 2845 4194 καὶ
2895 4146 3120 4215 ἡγεμόσι
3178 4141 3390 4211 δόξειεν,
3444 4148 3526 4197 ἐπὶ
3574 4147 3767 4217 ἡμέρας
3806 4147 3945 4218 τριά-

2350 4250 2505 4282 κοντα
2559 4228 2760 4303 μηδένα
2804 4240 2901 4283 τῶν
2966 4236 3167 4285 πάντων
3250 4236 3573 4292 αἰτήσασθαί
3652 4253 3704 4285 τι
3779 4231 3944 4305 μηδὲν

2351 4324 2568 4391 αἴτημα,
2610 4325 2740 4392 μήτε
2778 4325 2921 4393 παρὰ
2973 4329 3105 4373 Θεοῦ
3161 4327 3292 4394 μήτε
3330 4325 3473 4397 παρὰ
3519 4322 3810 4395 ἀνθρώπου,
3862 4324 3942 4374 ὁτι

2349 4414 2420 4480 μὴ
2449 4414 2599 4481 μόνον
2621 4412 2763 4483 παρὰ
2794 4419 2905 4475 σοῦ,
2941 4410 3179 4481 βασιλεῦ,
3214 4414 3299 4462 τόν
3350 4408 3408 4463 δε
3461 4416 3545 4463 τόν
3592 4416 3743 4482 νόμον
3777 4431 3935 4483 παρα⁸

2316 4492 2606 4554 ⁸ϐεςηκοτα
2663 4507 2842 4551 τοῦτον
2888 4500 2958 4561 εἰς
3010 4503 3093 4551 τὸν
3138 4500 3322 4551 λάκκον
3382 4499 3802 4572 ἐμϐληθήσεσθαι
3839 4507 3932 4550 τῶν

2347 4586 2573 4640 λεόντων.

2420 4674 2517 4732 1Ε’.
2573 4675 2631 4726 Ὁ
2685 4672 2743 4727 δὲ
2780 4674 3043 4747 βασιλεὺς
3091 4677 3149 4729 ού
3202 4675 3428 4728 συνιδὼν
3472 4681 3565 4735 τήν
3615 4681 3933 4750 κακουργίαν

2348 4765 2537 4829 αὐτῶν,
2590 4761 2704 4816 οὐδ’
2759 4766 2842 4817 ἐπὶ
2872 4768 2957 4817 τόν
2989 4765 3178 4823 Δανιὴλ
3234 4773 3398 4817 ταῦτα
3448 4770 3935 4836 συσκευασαμένους

2347 4856 2661 4915 ὑπονοήσας,
2740 4854 2838 4915 εἶξε
2889 4861 2994 4915 τοῖς
3050 4855 3213 4906 αὐτῶν
3264 4854 3440 4924 λόγοις
3495 4860 3583 4906 καὶ
3651 4856 3935 4926 προτίθησι

2346 4948 2665 5016 πρόγραμμα
2721 4939 2911 4999 δηλοῦν
2965 4952 3035 5013 τῷ
3083 4943 3267 5001 πλήθει
3297 4946 3362 4995 τὰ
3406 4940 3632 5004 δόξαντα
3682 4951 3789 5002 τοῖς
3841 4963 3933 4995 σα-

2343 5034 2586 5102 ’τράτταις⁸
2642 5036 2730 5083 καὶ
2787 5034 2836 5082 οἱ
2882 5034 2970 5102 μὲν
3022 5031 3160 5083 ἄλλοι
3214 5034 3393 5091 πάντες
3445 5032 3813 5103 φυλαττόμενοι
3869 5038 3933 5085 τὰ

2342 5123 2764 5192 προστεταγμένα
2814 5125 2884 5190 μή
2967 5119 3261 5191 παραϐῆναι
3316 5121 3557 5193 ἠρέμουν,
3618 5129 3686 5190 τῷ
3744 5122 3934 5180 Δανιὴλ

2345 5204 2402 5258 δὲ
2459 5210 2652 5259 τούτων
2704 5213 2904 5281 φροντὶς
2954 5205 3191 5280 οὐδεμία,
3242 5209 3348 5260 ἀλλ’
3400 5212 3571 5283 ὥσπερ
3626 5211 3737 5271 ἔθος
3784 5214 3929 5262 ἱστά-

2341 5315 2485 5366 μενος
2540 5298 2752 5365 ηὔχετο’
2806 5300 2938 5348 ἔνθεν
2994 5317 3074 5348 τοι
3125 5297 3215 5349 καί
3258 5304 3717 5370 παρατηρήσαντες
3774 5299 3931 5352 αὐτὸν

2342 5387 2390 5435 οὶ
2440 5386 2722 5457 σατράπαι,
2770 5394 2858 5445 τῆς
2935 5384 3186 5459 ἀφορμῆς,
3248 5390 3307 5445 ἣν
3360 5383 3687 5449 ἐσπούδαζον
3757 5387 3930 5441 λαϐεῖν

2342 5472 2418 5525 ἐπ’
2469 5472 2622 5524 αὐτὸν
2668 5474 2836 5547 ὥσπερ
2868 5479 3276 5548 παραφανείσης,
3316 5474 3468 5537 εὐθὺς
3506 5476 3629 5534 ἧκον
3675 5479 3799 5551 πρὸς
3831 5476 3931 5549 βας

2343 5561 2489 5616 σιλέα
2542 5566 2630 5615 καὶ
2684 5567 3005 5639 κατηγόρουν
3058 5567 3125 5627 ὡς
3183 5562 3583 5641 παραϐαίνοντος
3629 5570 3787 5638 μόνου
3835 5575 3929 5621 τοῦ
