4144 6258
187 295 295 360 389
1333 299 1499 360 VITA
1538 301 1596 360 S.
1631 299 2037 360 .PROPHETE
2069 299 2421 364 DANIELIS.
3450 308 3555 367 390

188 426 382 486 Δανιὴλ
421 430 487 480 τὰ
534 431 962 501 προστεταγμένα
1002 447 1014 460 ·
1049 426 1287 490 Μηδενός
1333 433 1454 504 γὰρ,
1503 434 1653 501 φησὶ,
1687 436 1784 480 τῶν
1821 476 1824 484 ι

1918 429 2049 485 ilius
2071 431 2310 488 auderet
2348 432 2486 489 deos
2516 447 2685 488 orare
2717 449 2730 499 ;
2762 431 2964 488 Daniel
2990 431 3104 489 hoc
3139 447 3262 489 non
3311 435 3435 492 vult
3473 437 3554 493 fa-

181 517 348 568 οἳλλων
378 516 666 587 τολμῶντος
718 519 1110 587 προσεύχεσθαι
1153 527 1261 580 τοῖς
1314 521 1464 581 Θεοῖς,
1515 520 1541 569 ὁ
1597 517 1784 573 Δανιὴλ

1918 523 2135 576 :erezet
2157 521 2333 575 simul
2365 527 2653 592 tanquam
2685 521 2830 591 legis
2857 524 3554 590 transgressore:n,vole-

185 614 343 658 τοῦτο
373 607 613 676 πράττειν
657 605 714 656 ού
767 603 1031 676 βούλεται,
1071 612 1159 658 καὶ
1207 607 1318 678 οἶμα
1370 610 1438 668 ὡς
1480 605 1787 678 παραϐάτην

1908 607 2046 660 bant
2074 623 2209 662 eum
2237 624 2307 663 ex
2328 608 2456 680 lege
2477 608 2593 679 jaci
2618 609 2676 662 in
2704 609 2896 663 lacum
2925 609 3186 664 leonum.
3222 609 3544 667 Confidens

186 699 349 766 νόμου
379 693 558 756 ἠξίουν
607 696 743 746 κατὰ
785 697 872 745 τὸν
915 700 1068 765 νόμον
1117 696 1187 756 εἰς
1231 699 1316 747 τὸν
1367 698 1552 746 λάκκον
1603 692 1788 764 ἐμϐλη-

1916 698 2099 749 iutem
2128 697 2332 751 Darius
2361 696 2485 751 fore
2518 702 2579 752 ut
2611 701 2762 752 Deus
2789 713 2926 752 eum
2959 698 3234 768 eriperet,
3266 705 3323 753 et
3349 714 3384 752 a
3415 699 3552 754 feris

194 785 349 840 θῆναι
404 791 502 834 τῶν
559 781 789 834 λεόντων.
841 782 1128 856 Θαρρήσας
1171 781 1229 836 δε
1269 785 1293 834 ὁ
1323 791 1548 856 Δαρεῖος,
1583 785 1658 834 ὅτι
1689 782 1785 853 ρύ-

1916 781 2044 836 iihil
2093 798 2265 851 grave
2326 790 2641 855 pateretur,
2693 785 2871 855 jussit
2923 801 3062 840 eum
3117 786 3300 840 alacri
3351 787 3552 843 animo

198 891 344 924 σεται
391 875 446 922 τὸ
502 879 650 922 Θεῑον
691 871 845 922 αὑτὸν
898 878 986 924 καὶ
1034 871 1184 924 οξῖδεν
1216 873 1272 924 ού
1304 875 1462 923 πάθοι
1490 869 1656 922 δεινὸν
1687 871 1788 920 ύπό

1911 869 2047 924 Ferre
2078 873 2240 941 quod
2269 873 2600 928 acciderat:
2631 879 2686 928 et
2717 874 2772 926 in
2818 873 3016 928 lacum
3056 873 3270 943 iniecto
3298 876 3547 941 Daniele,

193 969 292 1012 τῶν
346 962 554 1032 θηρίων,
605 958 860 1012 ἐκέλευσεν
932 961 1086 1012 αὗτὸν
1135 961 1369 1034 εὐθύμως
1447 964 1504 1011 τὸ
1585 957 1788 1030 συμϐὰν

1916 972 2035 1012 tum
2089 959 2468 1030 obsignasset
2507 977 2609 1016 rex
2657 961 2940 1033 lapidem,
2997 963 3102 1032 qui
3147 968 3270 1017 erat
3298 962 3438 1019 litus
3493 965 3552 1019 in

200 1053 363 1121 φέρειν
407 1068 418 1080 ο
463 1053 552 1100 καὶ
601 1046 874 1119 βληθέντος
923 1049 996 1109 εἰς
1052 1053 1136 1101 τὸν
1189 1050 1376 1101 λάκκον
1436 1055 1527 1100 τοῦ
1577 1045 1785 1109 Δανιὴλ,

1916 1046 2064 1103 tditu
2089 1049 2219 1104 loco
2249 1051 2403 1120 ostii,
2446 1051 2708 1114 recessit,
2751 1057 2933 1106 totam
2985 1057 3220 1106 noctem
3256 1051 3552 1108 insomnis

201 1141 490 1209 σφραγίσας
543 1140 627 1188 τὸν
679 1136 761 1188 ἐπὶ
825 1146 914 1189 τοῦ
990 1143 1208 1209 στομίου
1259 1140 1488 1208 κείμενον
1540 1135 1652 1187 ἀντὶ
1704 1137 1790 1185 θύ-

1903 1137 2258 1207 transigens,
2299 1143 2362 1194 ut
2386 1140 2484 1211 qui
2511 1144 2876 1210 premeretur
2907 1155 3050 1194 cura
3074 1139 3148 1193 de
3187 1140 3443 1195 Daniele.

197 1245 293 1298 ρας
344 1225 484 1276 λίθον
539 1226 564 1275 ὁ
625 1223 892 1295 βασιλεὺς,
950 1225 1301 1301 ἀνεχώρησεν,
1361 1226 1480 1283 ὃλην
1533 1229 1625 1282 τὴν
1671 1226 1832 1273 νύκτα
1889 1221 2159 1296 διαγαγὼν
2212 1228 2425 1294 ἄϋπνος,
2483 1225 2722 1301 φροντίδι
2777 1235 2838 1298 τῆ
2898 1231 3015 1300 περὶ
3062 1230 3148 1278 τὸν
3201 1228 3389 1286 Δανιὴλ
3437 1249 3556 1280 συν-

199 1318 468 1385 εχόμενος.

269 1402 366 1464 lg".
411 1402 536 1454 Μεθ’
588 1403 782 1473 ἡμέραν
860 1400 918 1454 δὲ
1001 1401 1251 1466 ἀναστὰς,
1312 1403 1396 1455 ἐπὶ
1449 1405 1533 1454 τὸν
1602 1401 1790 1452 λάκκον

1974 1403 2108 1457 XVI.
2139 1405 2286 1459 Cum
2313 1407 2534 1470 autem,
2563 1408 2884 1476 postquam
2915 1403 3042 1458 dies
3072 1407 3249 1469 esset,
3279 1406 3557 1461 surrexis-

195 1487 317 1548 ἦλθε
361 1496 449 1541 xui
501 1490 798 1562 σωζομένην
840 1496 932 1549 τὴν
983 1490 1255 1565 σφραγῖδα
1300 1493 1479 1563 εὑρὼν,
1617 1508 1794 1560 σημη-

1914 1493 2010 1552 set,
2029 1491 2190 1545 venit
2204 1491 2277 1545 ad
2294 1489 2494 1546 lacum
2514 1509 2530 1546 :
2549 1497 2604 1547 et
2621 1507 2757 1546 cum
2773 1491 3342 1546 salvuminvenisset
3358 1493 3550 1561 signa-

195 1581 407 1651 νάμενος
466 1583 550 1630 τὸν
616 1579 756 1631 λίθον
819 1580 1192 1644 καταλελοίπει,
1267 1579 1469 1641 ἀνοίξας
1542 1578 1794 1648 ὀνομαστί

1916 1576 2128 1646 aulum,
2143 1593 2265 1649 quo
2284 1579 2597 1649 reliquerat
2609 1579 2996 1648 obsignatum
3006 1578 3268 1650 lapidem
3280 1581 3552 1651 aperiens

199 1672 251 1720 ri
281 1672 366 1719 τὸν
422 1669 610 1725 Δανιὴλ
657 1669 820 1720 ἐκάλει
863 1674 950 1721 καὶ
999 1667 1368 1721 διεπυνθάνετο
1412 1671 1516 1737 εἴγε
1562 1671 1652 1716 xui
1705 1670 1835 1766 in)»J

260 1756 310 1766 ,μ
593 1765 608 1766 η
674 1753 707 1766 ..
828 1759 837 1766 .
924 1760 941 1766 -
1058 1759 1070 1766 .
1235 1760 1242 1766 .
1560 1760 1568 1766 .
1719 1749 1752 1766 ι..

1917 1665 2258 1722 nominatim
2307 1668 2537 1723 vocavit
2574 1667 2895 1756 Danielem,
2949 1673 3003 1722 et
3044 1667 3294 1738 rogavit,
3337 1683 3413 1725 an
3451 1670 3553 1726 ad-

204 1756 422 1819 σὼξοιτο
465 1778 476 1789 ο
520 1765 611 1808 τοῦ
663 1753 720 1810 δὲ
773 1759 997 1810 κάτωθεν
1049 1759 1437 1816 ὑπακούσαντος
1489 1760 1577 1807 καὶ
1629 1741 1840 1826 μηδεν¹

1914 1753 2020 1808 huc
2051 1758 2210 1810 esset
2238 1755 2462 1811 salvus.
2491 1741 2758 1810 Cum-ille
2795 1770 2936 1811 vero
2981 1755 3206 1812 inferne
3241 1756 3550 1822 audiisset,

201 1848 381 1898 παθεῖν
435 1846 659 1906 εἰπόντος
734 1845 960 1918 ἀνιαρὸν,
1049 1846 1304 1898 ἐκέλευσεν
1362 1845 1515 1896 αὐτὸν
1589 1842 1794 1895 ἀνελκυ-

1917 1845 1960 1896 at
1988 1842 2238 1898 dixisset
2265 1859 2327 1898 se
2375 1843 2521 1898 nihil
2551 1843 2872 1900 molestum
2907 1857 3036 1898 esse
3070 1859 3338 1915 passum,
3373 1845 3553 1916 jussit

205 1937 396 1992 σθῆναι
442 1942 532 1986 τοῦ
575 1934 769 1987 λάκκου
802 1949 816 1964 ⁶
851 1937 899 1986 οὶ
948 1931 1005 1986 δὲ
1037 1934 1221 2008 ἐχθροὶ
1255 1936 1559 2004 θεασάμενοι
1587 1936 1672 1984 τὸν
1702 1938 1792 1983 Δα-

1915 1945 2043 1986 eum
2074 1932 2299 1987 extrahi
2323 1947 2354 1986 e
2388 1932 2544 1987 lacu.
2582 1935 2726 1988 Cum
2760 1931 3040 1986 vidissent
3085 1937 3285 1988 autem
3327 1933 3551 1988 inimici

203 2023 320 2079 νιὴλ
367 2019 532 2094 μηδὲν
575 2025 865 2075 πεπονθότα
907 2019 1094 2090 δεινὸν,
1127 2023 1202 2074 Οὐ
1233 2026 1320 2094 μεν
1369 2019 1476 2086 οὖν,
1523 2023 1711 2091 ἔλεγον,
1755 2017 1794 2070 ὦ

1920 2017 2207 2074 Danielem
2231 2019 2377 2074 nihil
2410 2019 2551 2075 mali
2575 2019 2759 2075 fuisse
2788 2034 3053 2090 passum.
3083 2021 3211 2076 Non
3241 2018 3370 2084 fuit,
3394 2020 3556 2076 dice-

207 2108 447 2180 βασιλεύ,
486 2107 578 2162 διὰ
625 2116 682 2163 τὸ
718 2120 867 2164 Θεῖον
909 2118 1000 2163 καὶ
1028 2116 1120 2169 τὴν
1161 2115 1344 2163 τούτου
1376 2118 1616 2185 πρόνοιαν
1648 2110 1794 2170 οὗτος

1917 2108 2069 2170 bant,
2097 2107 2202 2163 iste
2223 2113 2608 2163 conservatus
2625 2111 2863 2178 propter
2889 2109 3075 2163 Deum
3088 2114 3142 2163 et
3168 2115 3410 2179 propter
3423 2109 3553 2178 ejus

206 2202 489 2261 σέσωσται,
541 2199 667 2250 ἀλλά
717 2208 788 2268 τῷ
836 2203 950 2260 τοὺς
1003 2200 1208 2261 λέοντας
1261 2201 1655 2272 κεκορεσμένους
1703 2199 1799 2249 ύπ-

1917 2195 2299 2265 providentia,
2333 2195 2439 2250 sed
2471 2197 2631 2267 quod
2661 2195 2862 2251 leones
2904 2201 3104 2251 esseut
3147 2195 3284 2250 cibo
3334 2195 3553 2252 satiati.

200 2287 386 2358 άρχειν
443 2294 654 2360 τροφῆς.
731 2295 893 2339 Τοῦτο
960 2287 1143 2340 ἐκεῖνοι
1219 2291 1307 2358 μεν
1369 2290 1443 2339 ἔτι
1503 2285 1798 2358 βασκανίας

1916 2285 2024 2339 [-lac
2049 2282 2129 2338 illi
2156 2284 2400 2356 quidem
2421 2284 2720 2346 dicebant,
2749 2284 2881 2338 victi
2908 2283 2986 2339 ab
3007 2283 3252 2340 invidia.
3279 2287 3391 2340 Rex
3412 2299 3552 2340 vero

201 2374 480 2444 ἡττημένοι
520 2372 679 2428 εἶπον.
716 2375 773 2426 Ὀ
819 2374 1069 2446 βασιλεὺς
1114 2372 1173 2427 δὲ
1215 2379 1452 2444 μισήσας
1502 2383 1592 2434 τῆς
1643 2394 1799 2432 πονη-

1915 2371 2046 2426 odio
2085 2372 2316 2427 habens
2343 2387 2551 2427 eorum
2595 2370 3060 2442 improbitatem,
3101 2371 3269 2441 jubet
3306 2370 3551 2442 quidem

201 2466 318 2531 ρίας
368 2462 575 2526 αὐτοὺς,
639 2463 1040 2536 παραϐληθῆναι
1094 2467 1182 2534 μὲν
1229 2463 1390 2514 πολλὰ
1440 2463 1628 2514 κελεύει
1690 2470 1795 2524 τοῖς

1922 2460 2125 2516 nultas
2154 2474 2361 2516 carnes
2393 2459 2570 2530 objici
2607 2458 2910 2515 leonibus:
2940 2475 3078 2515 cum
3103 2458 3142 2513 ii
3186 2464 3386 2515 autem
3422 2458 3558 2514 fuis-

203 2548 379 2600 λέουσι
434 2556 576 2623 κρέα,
635 2554 985 2626 κορασθέντων
1041 2548 1100 2603 δὲ
1153 2551 1340 2615 αὐτῶν,
1395 2552 1462 2610 εἰς
1518 2555 1603 2602 τὸν
1677 2550 1797 2602 λάκ-

1919 2553 2037 2602 sent
2065 2549 2396 2612 satiati,eos
2429 2550 2487 2602 in
2509 2547 2701 2603 lacum
2730 2547 2913 2618 injici,
2932 2548 3058 2618 qui,
3085 2547 3226 2603 odio
3256 2547 3555 2604 habebant

205 2657 293 2690 κον
343 2637 658 2709 ἐμϐληθῆναι
699 2646 813 2700 τούς
845 2637 937 2692 διὰ
976 2645 1165 2712 μίσους
1203 2643 1288 2691 τὸν
1330 2639 1516 2696 Δανιὴλ
1556 2642 1791 2709 ἔχοντας,

1916 2635 2228 2700 Danielem,
2257 2641 2320 2690 ut
2349 2636 2543 2705 sciret,
2568 2652 2645 2692 an
2677 2642 2912 2707 propter
2943 2637 3277 2692 satietatem
3308 2652 3408 2692 eos
3437 2653 3552 2693 non

205 2728 343 2787 ὅπως
392 2728 433 2780 εἰ
475 2725 568 2780 διὰ
613 2734 762 2800 κόρον
811 2729 986 2788 αὐτοῖς
1016 2729 1074 2780 ού
1119 2729 1461 2802 προσέξουσιν
1520 2730 1567 2780 οἱ
1605 2728 1796 2790 λέοντες

1919 2728 2213 2794 tangerent
2254 2725 2470 2779 leones.
2505 2724 2750 2780 Planum
2793 2739 2934 2780 vero
2965 2725 3188 2781 factum
3232 2729 3321 2780 est
3360 2725 3555 2795 Dario,

202 2817 384 2886 μάθοι.
433 2820 585 2888 Σαφες
627 2814 684 2869 δέ
738 2819 932 2888 ἐγένετο
982 2825 1051 2886 τῷ
1123 2821 1335 2889 Δαρείῳ,
1386 2819 1462 2868 ὃτι
1520 2819 1627 2868 θεία
1673 2823 1793 2890 χεὶρ

1916 2816 2088 2870 fuisse
2124 2813 2390 2869 divinam
2431 2829 2702 2878 manum,
2747 2829 2881 2884 quae
2930 2814 3185 2870 servavit
3231 2815 3552 2880 Danielem,

204 2900 268 2973 ᾖν
323 2907 351 2961 ἡ
389 2909 474 2956 τὸν
528 2906 717 2962 Δανιὴλ
775 2912 1015 2970 σώσασα,
1068 2904 1494 2975 παραϐληθέντων
1538 2901 1645 2961 ἤδη
1693 2912 1797 2964 τοῖς

1924 2919 2045 2958 :um
2090 2901 2289 2970 injecti
2329 2900 2583 2956 fuissent
2619 2905 2911 2972 satrapa;
2955 2901 3100 2957 nulli
3149 2903 3310 2958 enim
3351 2918 3560 2958 eorum

205 2994 405 3065 θηρίοις
433 3001 532 3044 τῶν
579 3001 856 3064 σατραπῶν
887 3011 898 3022 ·
938 2989 1146 3052 ούδενὸς
1182 2994 1284 3065 γὰρ
1324 2990 1490 3042 αὐτῶν
1534 2995 1591 3042 τό
1638 2995 1800 3062 παρά·
1835 3057 1841 3065 Α

1923 2989 2156 3044 )mnino
2181 2993 2574 3060 pepercerunt
2601 3004 2612 3043 :
2645 2989 2750 3044 sed
2779 3005 2882 3046 eos
2909 3004 3120 3045 omnes
3163 2989 3466 3058 unguibus
3503 2994 3559 3046 et

201 3100 306 3132 παν
353 3081 616 3148 ἐφείσαντο
665 3081 789 3133 ἀλλά
843 3083 1040 3143 πάντας
1087 3081 1273 3142 αὐτούς
1322 3079 1460 3142 ὄνυξι
1511 3083 1600 3131 καὶ
1649 3062 1837 3131 ὀδοῦ-1

1919 3051 2202 3132 dentibus.
2231 3051 2497 3148 protinus
2535 3077 2970 3149 discerpserunt
3014 3083 3071 3134 et
3104 3051 3555 3144 devoraverunt,

203 3188 293 3220 σιν
336 3169 486 3231 εὐθὺς
542 3168 899 3242 διεσπάραξάν
970 3188 1023 3220 τε
1093 3174 1182 3221 καὶ
1240 3167 1401 3241 βορὰν
1467 3168 1798 3238 ἐποιήσαντο,

1918 3165 2156 3236 perinde
2192 3180 2262 3219 ac
2293 3165 2342 3218 si
2369 3165 2528 3220 fame
2554 3164 2892 3221 laborarent
2913 3169 2971 3220 et
2994 3165 3278 3222 alimento
3296 3170 3554 3235 egerent.

199 3260 438 3330 καθάπερ
499 3268 568 3328 τῷ
625 3259 758 3330 λιμῷ
810 3262 1086 3330 κάμνοντες
1133 3263 1221 3309 xui
1271 3265 1462 3330 τροφῆς
1503 3255 1799 3327 ἀστοχοῦν-

1919 3255 2060 3310 Cum
2106 3252 2148 3308 ii
2191 3267 2332 3322 ergo
2369 3253 2743 3319 interiissent,
2777 3254 2882 3324 qui
2933 3254 3157 3310 Danieli
3197 3258 3555 3324 paraverant

204 3365 307 3406 τες.
357 3349 742 3419 Διαφθαρέντων
818 3343 904 3398 οὖν
970 3345 1104 3397 οὕτω
1161 3354 1260 3397 τῶν
1331 3343 1798 3396 ἐπιϐουλευσάντων

1923 3342 2188 3407 insidias,
2234 3344 2354 3397 Rex
2407 3341 2617 3397 Darius
2682 3342 2948 3412 seipsum
3006 3342 3322 3397 ostendens
3369 3342 3559 3397 virum

209 3443 282 3504 τῷ
331 3435 538 3500 Διανὴλ,
582 3437 606 3486 ὁ
635 3434 881 3506 βασιλεὺς
933 3442 1136 3508 Δαρεῖος
1183 3433 1353 3501 ἄνδρα
1394 3439 1636 3506 φρόνιμον
1685 3433 1800 3486 ἐαυ-

1926 3430 2266 3502 prudentem
2287 3435 2344 3486 et
2373 3436 2683 3502 parentem
2714 3429 2970 3495 veritati,
2999 3431 3299 3502 rebusque
3339 3431 3562 3502 apertis

209 3527 298 3575 τὸν
355 3520 556 3584 δεικνύς
615 3529 703 3575 καὶ
751 3525 1046 3595 πειθόμενον
1118 3522 1350 3594 ἀληθείᾳ,
1419 3524 1698 3596 πράγμασί
1749 3542 1801 3575 τε

1927 3523 1967 3574 3t
1996 3524 2203 3574 contra
2225 3533 2379 3590 quas
2407 3517 2556 3574 nihil
2598 3517 2712 3573 dici
2745 3523 2997 3590 poterat,
3031 3518 3190 3574 misit
3232 3533 3337 3590 per
3379 3523 3563 3573 totam

213 3621 449 3685 φανεροῖς
505 3618 594 3664 καὶ
661 3612 1066 3686 ἀναντίρρητοις,
1123 3612 1238 3664 καθ’
1289 3613 1408 3668 ὅλην
1453 3611 1648 3683 ἔπεμψε
1703 3617 1799 3668 τὴν

1929 3606 2240 3676 regionem,
2274 3607 2529 3663 laudans
2555 3607 2763 3672 Deum,
2794 3622 2976 3678 quem
3007 3607 3218 3662 adorat
3248 3605 3482 3662 Daniel:
3508 3611 3565 3663 et

211 3709 396 3775 χώραν
435 3701 650 3754 ἐπαινῶν
694 3705 779 3753 τὸν
825 3706 970 3764 Θεὸν,
1021 3702 1074 3753 ὃν
1105 3703 1130 3752 ὁ
1165 3701 1351 3758 Δανιὴλ
1379 3708 1682 3774 προσκυνεῖ,
1713 3705 1802 3752 καὶ

1927 3711 2051 3751 tum
2083 3695 2277 3751 solum
2311 3695 2549 3752 dicebat
2577 3711 2708 3751 esse
2738 3711 2970 3760 verum,
3021 3699 3078 3750 et
3115 3696 3217 3766 qui
3258 3696 3319 3750 in
3359 3710 3563 3750 omnes

211 3796 365 3864 μόνον
418 3792 572 3843 αὑτὸν
634 3788 764 3842 εἶναι
833 3791 996 3861 ἔλεγεν
1089 3789 1253 3848 ἀληθῆ
1331 3795 1420 3841 καὶ
1491 3793 1548 3840 τὸ
1601 3792 1803 3841 πάντων

1927 3783 2140 3840 )btinet
2180 3784 2583 3841 dominatum.
2609 3783 2880 3840 Habebat
2910 3788 3111 3840 autem
3157 3783 3460 3840 Danielem
3501 3783 3563 3838 in

212 3883 404 3952 ἔχοντα
451 3882 640 3952 κράτος
672 3897 683 3908 ·
718 3882 847 3949 ἔσχε
894 3876 952 3930 δὲ
1000 3885 1087 3930 καὶ
1135 3882 1220 3930 τὸν
1270 3877 1456 3936 Δανιὴλ
1512 3874 1603 3930 διὰ
1650 3887 1804 3950 τιμῆς

1923 3873 2127 3944 majori
2152 3873 2399 3942 honore,
2425 3888 2612 3944 quam
2637 3873 2820 3928 ullum
2845 3871 3390 3940 alium,ostendens
3420 3888 3559 3929 eum

210 3966 387 4021 οὐδενὶ
443 3968 576 4039 ἄλλῳ
620 3968 1009 4041 παραπλησίας,
1069 3977 1270 4040 πρῶτον
1318 3968 1472 4019 αὑτὸν
1526 3964 1801 4030 ἀποδείξας

1919 3978 2039 4019 esse
2069 3962 2328 4035 primum
2349 3977 2422 4018 ex
2452 3962 2682 4018 amicis.
2721 3961 2910 4018 Simul
2936 3977 3078 4018 vero
3116 3977 3256 4016 cum
3286 3977 3358 4018 eo
3387 3968 3555 4017 erant

211 4066 312 4110 τῶν
378 4057 532 4128 φίλων
570 4077 582 4088 ·
633 4066 865 4116 συνῆσαν
921 4055 980 4108 δὲ
1031 4057 1171 4126 αύτῷ
1216 4061 1304 4108 καὶ
1349 4058 1398 4108 οἱ
1454 4055 1648 4128 ἑταῖροι
1711 4061 1800 4110 καὶ

1923 4051 2088 4108 etiam
2118 4051 2390 4122 cognati:
2432 4051 2692 4116 Azarias,
2739 4051 3157 4122 inquam,cum
3205 4049 3447 4113 cmteris,
3498 4050 3559 4105 in

213 4153 496 4216 συγγενεῖς,
565 4148 613 4197 οὶ
709 4151 825 4218 περὶ
909 4145 1158 4220 ’Δζαρίαν
1244 4150 1396 4216 φημὶ,
1481 4150 1569 4197 καὶ
1653 4145 1797 4197 αὐτοὶ

1924 4155 2065 4211 quos
2109 4144 2166 4195 et
2211 4155 2318 4210 par
2377 4145 2501 4196 erat
2546 4139 2810 4196 studium
2852 4138 3031 4208 regis,
3073 4143 3130 4193 et
3179 4139 3241 4193 in
3288 4139 3418 4209 pari
3457 4152 3560 4193 eos

209 4235 402 4304 ὁμοίως
432 4243 524 4296 τῆς
553 4237 679 4296 ἴσης
727 4235 867 4305 αὐτῷ
916 4240 1007 4286 xui
1055 4239 1300 4306 προνοίας
1345 4239 1434 4285 καὶ
1473 4243 1627 4305 τιμῆς
1675 4233 1802 4284 ἀπο·

805 4242 867 4305 τῷ
916 4240 1007 4286 xui
1055 4239 1300 4306 προνοίας
1345 4239 1434 4285 καὶ
1473 4243 1627 4305 τιμῆς
1675 4233 1802 4284 ἀπο·
1910 4229 2138 4284 honore
2157 4226 2441 4282 habebat.

206 4323 462 4383 λαύοντες.

283 4411 378 4467 ΙΣ’.
418 4411 510 4463 Ὧν
561 4409 619 4463 δὲ
655 4413 824 4472 οὕτως
861 4412 1117 4481 ἐπίσημος
1165 4415 1254 4461 καὶ
1305 4409 1555 4480 λαμπρὸς,
1609 4405 1804 4478 ᾧκοδό-
1837 4395 1881 4448 D

1981 4403 2132 4459 XVII.
2167 4401 2315 4458 Cum
2344 4401 2394 4457 is
2410 4405 2611 4458 autem
2626 4408 2784 4457 esset
2810 4401 3060 4472 insignis
3093 4407 3149 4458 et
3175 4401 3553 4473 splendidus,

207 4517 375 4572 μησεν
427 4499 472 4549 ἐν
513 4499 842 4559 Ἐκϐατάνοις
885 4506 993 4558 τοῖς
1048 4495 1308 4558 Μηδικοῖς
1365 4502 1454 4548 καὶ
1513 4495 1668 4570 βᾶριν
1725 4500 1802 4549 ἐκ·

1925 4492 2194 4548 exstruxit
2217 4491 2280 4548 in
2311 4490 2543 4548 Medicis
2573 4489 2906 4553 Ecbatanis.
2957 4490 3184 4557 turrim,
3241 4490 3561 4563 pulcherri-

208 4591 560 4659 πρεπέστατόν
625 4607 675 4638 τι
732 4587 1146 4657 κατασκεύασμα
1204 4591 1294 4637 καὶ
1357 4587 1661 4656 θαυμασίως
1710 4605 1800 4638 πε-

1921 4597 2079 4638 mum
2099 4579 2411 4654 quoddam
2441 4579 2759 4636 aediﬁcium
2779 4583 2838 4636 et
2857 4578 3080 4636 factum
3103 4578 3557 4645 admirabiliter,

210 4679 508 4743 ποιημίνον,
560 4676 588 4733 ὴ
642 4679 804 4746 μέχρι
856 4671 1010 4746 δεῦρο
1067 4678 1154 4745 μεν
1204 4676 1316 4726 ἔστι
1361 4679 1450 4725 xui
1509 4675 1732 4733 σώζεται
1785 4692 1797 4705 ’

1922 4686 2045 4744 quae
2088 4671 2150 4726 in
2187 4669 2541 4726 hodiernum
2574 4683 2765 4742 usque
2811 4668 2973 4724 diem
3017 4673 3438 4734 conservatur;
3488 4667 3558 4723 iis

209 4770 319 4821 τοῖς
373 4758 430 4814 δε
484 4765 643 4836 ὁρῶσι
699 4760 843 4815 δοκεῖ
893 4767 1204 4838 προσφάτως
1254 4765 1671 4816 κατεσκευάσθαι
1713 4771 1801 4818 xui

1916 4763 2112 4816 autem
2140 4759 2242 4832 qui
2259 4759 2482 4826 vident,
2506 4757 2739 4814 videtur
2767 4771 2957 4830 nuper
2987 4755 3168 4812 fuisse
3197 4759 3552 4820 constructa,

209 4852 292 4904 ἐπ’
347 4851 503 4911 αὐτῆς
554 4853 767 4924 ὴμέρας,
819 4854 876 4912 ἧς
920 4854 1134 4915 ἕκαστος
1184 4852 1338 4911 αὐτὴν
1390 4853 1587 4928 ἱστορεῖ
1625 4872 1635 4882 ·
1671 4857 1802 4907 οὕτω

1920 4853 2089 4921 atque
2118 4848 2270 4904 adeo
2298 4862 2370 4904 eo
2397 4849 2529 4920 ipso
2557 4847 2672 4912 die,
2706 4861 2828 4918 quo
2885 4845 3050 4902 illam
3109 4844 3319 4915 aspicit
3375 4857 3556 4898 unus-

206 4943 388 5013 νεαρὸν
444 4940 607 5001 αὐτῆς
658 4944 716 4992 τὸ
765 4941 943 5001 κάλλός
994 4947 1081 4994 xui
1123 4938 1374 5014 μηδαμοῦ
1423 4948 1709 5015 γεγηρακὸς
1748 4943 1799 4995 ὃν

1923 4939 2183 5011 quisque,
2235 4941 2356 4993 tam
2408 4949 2618 4994 recens
2679 4935 2810 5004 ejus
2873 4932 3277 5005 pulchritudo,
3316 4936 3376 4988 et
3425 4947 3559 5002 quae

209 5031 311 5081 ὑπὸ
343 5037 433 5080 τοῦ
467 5032 717 5081 τοσούτου
756 5034 950 5102 χρόνου
995 5036 1242 5101 φαίνεται.
1293 5034 1591 5083 Θάπτονται
1641 5028 1700 5083 δὲ
1754 5031 1800 5083 ἐν

1926 5027 2155 5083 ninime
2175 5025 2485 5082 consenuit
2532 5028 2696 5080 tanto
2731 5028 3018 5092 tempore,
3053 5021 3328 5076 cernitur.
3387 5021 3562 5091 Sepe-

207 5125 270 5190 τῇ
320 5116 471 5191 βάρει
513 5122 670 5192 ταύτῃ
713 5120 762 5170 οἰ
808 5138 861 5170 τε
922 5115 1113 5177 Μήδων
1160 5125 1249 5171 καὶ
1299 5127 1508 5192 Περσῶν
1541 5119 1795 5192 βασιλεῖς,

1923 5117 2130 5172 iuntur
2158 5130 2298 5171 vero
2324 5114 2383 5170 in
2423 5114 2536 5169 hac
2562 5119 2718 5169 turre
2769 5126 2940 5180 reges
2983 5110 3283 5166 Medorum
3314 5113 3372 5164 et
3422 5109 3559 5164 Per-

208 5213 299 5259 xui
353 5209 378 5258 ὁ
439 5211 631 5265 ταύτην
679 5212 1076 5279 πεπιστευμένος
1122 5205 1373 5270 Ἰουδαῖός
1435 5208 1573 5261 ἐστιν
1623 5212 1797 5284 ἱερεύς.

1923 5221 2151 5262 sarum:
2185 5208 2242 5260 et
2294 5204 2342 5258 is
2394 5203 2487 5258 cui
2521 5218 2593 5257 ea
2636 5206 2724 5256 est
2768 5199 3112 5264 commissa,
3175 5202 3262 5252 est
3315 5197 3559 5254 Iudaeus

209 5298 492 5367 Ἰωσὴππῳ
554 5302 642 5347 xui
695 5303 863 5348 ταῦτα
919 5300 1043 5367 πρὸς
1095 5296 1222 5358 λέξιν
1278 5305 1348 5366 τῷ
1405 5295 1644 5368 Ἰουδαίῳ
1686 5319 1802 5350 συν-

1921 5293 2214 5352 sacerdos.
2247 5294 2380 5349 Haec
2411 5292 2490 5348 ab
2519 5289 2742 5361 Joseph
2780 5287 2985 5344 Judaso
3013 5287 3095 5344 ad
3125 5286 3377 5342 verbum
3413 5301 3557 5343 con-

209 5387 475 5438 τέτακται.
525 5385 668 5437 Ἐπεὶ
729 5381 788 5437 δε
837 5384 894 5436 ού
955 5386 1256 5456 θαυμαστὸς
1307 5391 1456 5456 μόνον
1503 5387 1739 5459 ὑπῆρχεν
1774 5390 1799 5440 ὁ

1927 5385 2130 5456 scripta
2199 5386 2357 5439 sunt.
2427 5379 2720 5446 Quoniam
2771 5381 2973 5435 autem
3053 5391 3176 5433 non
3218 5375 3412 5432 solum
3451 5375 3563 5432 fuit

211 5472 403 5531 Δανιὴλ
458 5472 637 5548 ἐτέρων
709 5472 928 5526 ἐπιλύειν
1001 5473 1244 5547 ὀνείρους,
1304 5473 1430 5527 ἀλλὰ
1479 5480 1569 5527 καὶ
1628 5476 1799 5548 πολλῷ

1927 5471 2276 5531 idmirabilis
2331 5471 2393 5528 in
2448 5469 2749 5526 solvendis
2807 5465 3065 5524 aliorum
3119 5466 3391 5536 somniis,
3456 5465 3563 5522 sed

208 5559 402 5646 μᾶλλον
459 5563 900 5640 θαυμασιώτερος,
953 5562 1027 5636 ἐφ’
1079 5562 1158 5627 οἷς
1225 5562 1376 5628 αὐτὸς
1430 5563 1618 5629 ἐκεῖνος
1669 5566 1798 5642 ὀρῶν

1925 5577 2086 5636 onge
2147 5559 2556 5622 admirabilior
2618 5559 2682 5617 in
2715 5558 2786 5618 iis
2839 5570 2973 5633 quis
3053 5554 3151 5615 ille
3213 5555 3346 5630 ipse
3387 5551 3561 5632 vidit,
