4144 6258
547 291 646 347 391
1725 320 1731 325 .
1929 267 2191 327 MENSIS

2322 263 2512 322 LlUS.

3808 253 3924 310 392

558 428 754 486 operae
804 410 1058 483 pretium
1084 411 1175 462 est
1201 403 1293 458 hic
1323 415 1559 474 quoque
1612 412 1813 452 eorum
1866 395 2206 457 meninisse,

2324 391 2624 463 ἐτύγχανεν,
2656 388 2801 450 ἄξιον
2833 386 3054 438 ἐνταῦθα
3098 386 3187 433 καὶ
3232 384 3349 452 περὶ
3402 379 3568 430 αὐτῶν
3612 381 3929 450 μνησθῆναι

2450 478 2469 486 -
2524 479 2549 486 .-
2826 485 2839 486 η
2885 475 2897 486 .
2953 472 2974 486 ι.
3022 479 3028 486 .
3107 469 3128 486 ε.
3257 475 3266 484 ,
3399 471 3407 484 .
3531 470 3554 486 Α
3649 474 3656 482 .
3787 473 3794 482 .

555 511 612 559 et
637 503 963 564 ostendere,
1005 513 1190 568 quam
1221 496 1376 549 esset
1413 490 1543 561 ejus
1585 503 1753 542 meus
1798 501 1950 557 pura
2001 491 2056 539 et
2095 487 2210 538 Deo

556 593 759 661 digna.

628 660 813 735 XVIII.
840 683 883 731 A
924 689 1141 744 magno
1173 672 1285 726 hoc
1319 667 1629 741 propheta,
1660 679 1797 719 cum
1819 662 2015 717 adhuc
2037 660 2210 726 dege-

554 775 642 824 ret
669 766 928 820 Baltasar
959 766 1016 817 in
1057 770 1204 817 terra
1254 757 1688 818 Chaldaeorum,
1746 751 1855 806 visi
1901 755 2036 803 sunt
2066 764 2210 818 qua-

555 864 690 912 tuor
718 855 872 910 venti
903 851 1031 907 cceli
1064 852 1122 904 in
1151 865 1312 904 mare
1345 848 1581 908 irruere,
1605 849 1660 896 et
1688 846 1944 911 quatuor
1975 852 2208 907 magnae

554 945 756 1001 bestiae
789 961 863 997 ex
893 958 960 996 eo
1006 939 1350 1000 ascendere,
1383 949 1516 1005 quae
1551 929 1970 998 signiﬁcabant
1996 931 2209 996 quator

557 1049 784 1102 magna
809 1045 1011 1099 regna.
1050 1029 1311 1092 Quarum
1341 1038 1460 1077 una
1492 1019 1736 1091 quidem
1771 1015 1897 1070 visa
1930 1015 2039 1068 fuit
2085 1019 2208 1067 tan-

557 1137 744 1193 quam
775 1121 984 1181 leaana,
1026 1122 1081 1170 et
1112 1115 1237 1184 ejus
1279 1125 1492 1182 pennae
1530 1114 1819 1176 tanquam
1861 1102 2097 1173 aquilae.
2131 1103 2209 1154 Ea

558 1207 929 1279 signiﬁcabat
983 1217 1233 1270 regnum
1284 1198 1718 1254 Chaldaeorum.
1780 1193 1926 1246 Ursa
2003 1194 2202 1279 autem

559 1277 840 1360 secunda,
877 1309 1014 1364 quae
1045 1291 1103 1344 in
1133 1305 1233 1344 ore
1265 1288 1374 1343 tria
1403 1282 1663 1339 habebat
1693 1281 1911 1335 latera:
1969 1277 2064 1331 cui
2094 1290 2209 1330 vox

557 1400 800 1458 quoque
823 1381 1195 1442 audiebatur,
1226 1376 1431 1430 dicens
1453 1392 1465 1428 ι
1499 1372 1703 1439 Surge,
1729 1366 1975 1424 comede
2001 1377 2209 1419 carnes

563 1455 800 1538 multas,
838 1487 909 1526 ea
957 1465 1333 1536 signiﬁcabat
1363 1474 1614 1529 regnum
1646 1456 1947 1512 Medorum
1983 1459 2039 1508 et
2076 1455 2208 1507 Per-

564 1578 789 1618 sarum.
822 1562 886 1613 Et
919 1557 1106 1620 tertia,
1134 1553 1358 1626 pardus
1387 1571 1406 1607 :
1430 1563 1564 1620 quae
1589 1546 1765 1601 etiam
1788 1541 2211 1599 ostendebatur

560 1651 793 1706 habens
827 1651 1086 1719 quatuor
1109 1656 1341 1715 pennas
1387 1634 1641 1719 volucris
1682 1648 1862 1703 supra
1898 1631 2127 1702 ipsam:
2158 1634 2214 1683 et

2319 487 2406 532 xui
2439 478 2606 540 δεῖξαι
2635 486 2724 536 τῆς
2754 485 2844 528 τοῦ
2878 472 3063 548 ἀνδρὸς
3095 469 3331 531 διανοίας
3360 471 3416 520 τὸ
3455 470 3831 540 καθαρώτατον
3871 489 3926 520 τε

2319 575 2406 621 καὶ
2439 568 2685 630 ἀξιόθεον.

2391 659 2496 711 lI-l'.
2527 656 2724 708 Ὦπται
2765 662 2836 723 τῷ
2877 651 3082 724 μεγάλῳ
3121 652 3285 719 τούτῳ
3326 652 3589 722 προφήτῃ,
3637 646 3920 721 Βαλτάσαρ

2319 750 2392 798 ἔτι
2442 747 2490 798 ἐν
2537 752 2596 816 τῇ
2652 752 2750 795 τῶν
2805 738 3081 795 Χαλδαίων
3132 737 3425 808 διάγοντος,
3485 740 3602 796 τούς
3650 739 3921 809 τέσσαρας

2320 836 2530 907 ἀνέμους
2561 841 2651 885 τοῦ
2691 833 2909 906 ούρανοῦ
2963 827 3352 903 προσϐαλόντας
3401 833 3461 896 τῇ
3522 824 3761 897 θαλάσση
3825 831 3916 876 xui

2317 931 2554 997 τέσσαρα
2608 925 2764 993 θηρία
2825 919 3024 992 μεγάλα
3095 916 3183 967 ἀπ’
3237 915 3399 974 αὐτῆς
3463 912 3825 978 ἀναϐαίνοντα,
3884 914 3919 965 οὶ

2317 1019 2404 1065 καὶ
2479 1015 2571 1073 τὰς
2637 1009 2858 1082 μεγάλας
2934 1011 3194 1077 τέσσαρας
3248 1003 3520 1076 βασιλείας
3588 1002 3918 1075 αἰνιττόμενοι

2318 1099 2398 1166 ἦν,
2431 1102 2497 1150 ὧν
2542 1105 2633 1157 τὴν
2681 1103 2770 1170 μὲν
2819 1099 2944 1148 ὡσεὶ
2987 1095 3188 1146 λέαιναν
3237 1090 3426 1164 ὦφθαι,
3467 1097 3556 1143 καὶ
3610 1095 3776 1162 πτερὰ
3821 1092 3917 1143 αὖ·

2316 1199 2410 1250 τῆς
2459 1191 2582 1239 ὡσεὶ
2629 1186 2780 1238 ἀετοῦ
2829 1203 2840 1214 ·
2894 1193 2990 1234 τῶν
3036 1179 3315 1235 Χαλδαίων
3359 1184 3489 1237 αὕτη
3519 1184 3608 1237 τὴν
3642 1179 3918 1252 βασιλείαν

2318 1279 2696 1350 ῦπογράφουσα
2749 1271 2808 1331 ήν
2867 1293 2877 1305 ο
2935 1275 3091 1345 οῖρκον
3152 1268 3210 1322 δὲ
3293 1274 3386 1328 τήν
3459 1265 3723 1340 δευτέραν,
3795 1273 3922 1341 τρία

2317 1366 2512 1436 πλευρὰ
2550 1366 2778 1435 ἔχουσαν
2828 1361 2874 1412 ἐν
2924 1369 2994 1430 τῷ
3055 1364 3300 1430 στόματι,
3353 1359 3481 1432 πρὸς
3527 1357 3585 1413 ἣν
3639 1362 3728 1408 καὶ
3774 1362 3917 1428 φωνὴ

2317 1455 2540 1525 λέγουσα
2587 1450 2861 1510 διηκούετο
2909 1471 2920 1481 '
2958 1450 3263 1512 Ἀνάστηθι,
3311 1450 3441 1519 φάγε
3489 1448 3686 1519 σάρκας
3725 1445 3923 1506 πολλὰς

2318 1576 2369 1583 -
2423 1543 2551 1600 αὕτη
2587 1546 2679 1599 τήν
2729 1536 2925 1597 Μήδων
2970 1543 3059 1590 καὶ
3107 1547 3206 1589 τῶν
3251 1544 3461 1609 Περσῶν
3495 1532 3789 1607 διηνίττετο
3822 1533 3921 1606 ﬁu-

2323 1631 2512 1684 σιλείαν
2556 1651 2567 1661 ·
2611 1635 2698 1681 καὶ
2752 1625 3013 1700 πάρδαλιν
3064 1631 3155 1684 τήν
3199 1630 3396 1698 τρίτην,
3442 1628 3560 1685 ἣτις
3611 1628 3701 1675 καὶ
3754 1625 3925 1696 πτερὰ

561 1742 623 1795 in
660 1754 729 1793 ea
765 1707 1007 1808 quoque
1040 1707 1226 1786 bestia
1266 1707 1662 1783 cernebantur
1691 1728 1947 1793 quatuor
1995 1719 2208 1789 capita.

2322 1726 2554 1793 τέσσαρα
2591 1724 2815 1771 πετεινοῦ
2868 1718 3101 1787 ὑπεράνω
3149 1713 3307 1773 αὐτῆς
3357 1710 3621 1764 ἐδείκνυτο
3660 1715 3871 1783 ἔχουσα
3907 1733 3919 1744 ·

564 1830 836 1895 Regnum
858 1823 1200 1878 Graecorum
1241 1832 1343 1889 per
1385 1830 1519 1869 eam
1551 1810 2012 1881 signiﬁcabatur.
2049 1809 2213 1872 Quo-

560 1931 691 1970 rum
711 1910 1153 1984 potentissimos
1177 1921 1345 1974 reges
1371 1903 1516 1958 vidit
1539 1905 1744 1972 postea
1763 1899 1820 1952 in
1847 1896 2041 1952 forma
2067 1895 2213 1950 arie-

563 2005 638 2059 tis
667 2009 721 2057 et
744 2001 904 2055 hirci.
942 2001 1167 2054 Darium
1195 1993 1438 2065 quidem
1495 1998 1786 2060 tanquam
1842 1988 2106 2049 arietem,
2151 1985 2211 2038 in

565 2091 846 2147 omnibus
879 2096 1041 2142 terra:
1085 2084 1352 2156 partibus
1384 2094 1568 2134 cornu
1598 2080 1931 2148 petentem;
1965 2073 2212 2129 Alexan-

565 2182 739 2235 drum
774 2194 907 2232 vero
930 2184 1216 2246 tanquam
1249 2170 1477 2225 hircum
1512 2167 1570 2220 in
1604 2183 1741 2220 eum
1779 2166 2208 2232 insurgentem,

565 2275 621 2324 et
652 2268 873 2323 viribus
906 2282 975 2320 ac
1030 2264 1252 2332 impetu
1282 2257 1732 2312 conculcantem
1763 2259 1817 2308 et
1842 2259 2208 2324 prosternen-

565 2361 708 2411 tem.
757 2357 1040 2419 Quartam
1088 2356 1284 2404 autem
1324 2345 1580 2399 bestiam
1616 2343 1758 2397 vidit
1802 2341 2120 2396 terribilem
2158 2344 2213 2394 et

566 2444 950 2515 stupendam,
977 2445 1033 2494 et
1052 2435 1392 2493 mirandum
1417 2434 1478 2487 in
1494 2431 1738 2487 modum
1765 2429 1977 2486 fortem
2004 2446 2016 2484 :
2041 2429 2212 2498 cujus

563 2532 734 2588 ferrei
763 2530 1004 2601 quidem
1031 2528 1255 2588 dentes,
1289 2537 1519 2590 ungues
1550 2525 1748 2575 autem
1781 2519 2045 2573 aenei.Ea
2072 2531 2212 2571 vero

566 2620 1134 2691 superabatomnes,
1156 2628 1287 2684 quae
1307 2611 1498 2681 ipsam
1523 2613 1967 2679 praecesserant,
1991 2605 2213 2660 viribus

568 2715 622 2764 et
644 2706 898 2764 audacia
927 2704 1388 2769 :excedebatque
1418 2703 1472 2750 et
1501 2694 1965 2758 comminuebat,
1993 2697 2050 2748 et
2086 2693 2213 2746 reli-

565 2813 719 2868 quas
746 2793 1133 2850 conculcabat
1153 2788 1426 2861 pedibus.
1445 2789 1546 2839 Per
1572 2784 1696 2838 haec
1714 2785 1934 2838 docens
1963 2797 2212 2836 manum

570 2888 996 2944 Romanorum,
1016 2896 1150 2951 quae
1173 2875 1410 2947 jamdiu
1438 2878 1592 2928 tenet
1618 2871 2026 2942 imperium.ln
2040 2870 2210 2939 cujus

568 2974 760 3044 capite
793 2967 1201 3029 animadverti,
1235 2963 1426 3034 inquit
1464 2961 1772 3032 propheta,
1832 2961 2039 3014 decem
2089 2975 2214 3014 cor-

2320 1814 2409 1861 xui
2460 1813 2705 1879 τέσσαρες
2755 1803 2813 1858 δὲ
2855 1814 2952 1856 τὼν
2994 1806 3185 1877 θηρίων
3229 1801 3444 1873 κεφαλαὶ
3495 1803 3804 1872 καθωρῶντο
3840 1818 3850 1828 ⁸
3890 1804 3919 1857 ή

2321 1897 2568 1954 Ἐλλήνων
2625 1894 2872 1966 βασιλεία
2915 1889 2983 1943 δι’
3041 1892 3199 1951 αὐτῆς
3249 1886 3500 1947 ἐδηλοῦτο
3530 1909 3540 1920 ·
3573 1887 3640 1940 ὧν
3678 1892 3796 1948 τοὺς
3828 1885 3925 1940 δυ-

2319 1987 2642 2044 νατωτάτους
2695 1981 2945 2054 βασιλέας
2996 1980 3042 2032 ἐν
3099 1987 3247 2054 κριοῦ
3302 1983 3391 2030 καὶ
3448 1980 3642 2049 τράγου
3696 1987 3871 2050 μορφῇ
3907 1996 3918 2007 ”

2322 2081 2527 2148 Δαρεῖον
2559 2076 2646 2145 μὲν
2698 2073 2781 2123 οἵα
2829 2074 2972 2142 κριόν
3025 2072 3160 2122 κατὰ
3190 2071 3358 2120 πάντα
3399 2071 3462 2119 τὰ
3505 2071 3632 2140 μέρη
3681 2075 3778 2128 τῆς
3823 2075 3926 2136 γῆς

2319 2169 2628 2238 κυρίττοντα
2687 2182 2698 2192 ·
2762 2161 2900 2230 αύτῴ
2953 2156 3010 2211 δὲ
3066 2163 3152 2210 τόν
3205 2154 3541 2229 Ἀλέξανδρον
3591 2156 3676 2207 οἷα
3728 2157 3922 2228 τράγον

2322 2253 2720 2322 ἐπανιστάμενον
2775 2254 2863 2300 καὶ
2934 2250 3066 2322 ὁρμῇ
3144 2247 3332 2317 ἰσχύος
3407 2252 3784 2316 συμπατοῦντα
3831 2251 3925 2296 xui

2320 2339 2706 2393 καταϐάλλοντα
2745 2356 2754 2366 ·
2791 2341 2847 2388 τό
2903 2341 3140 2410 τέταρτον
3204 2333 3262 2387 δε
3319 2337 3496 2408 θηρίον
3552 2333 3764 2407 φοϐερόν
3812 2331 3924 2386 εἶδε

2320 2436 2410 2483 καὶ
2463 2427 2718 2500 ἔκθαμϐον
2767 2431 2855 2477 καὶ
2910 2426 3133 2500 ἰσχυρόν
3182 2423 3512 2497 περιττὰηοῦ
3565 2419 3784 2496 σιδηροὶ
3830 2427 3922 2494 μὲν

2322 2539 2346 2571 ο
2393 2516 2618 2582 ὀδόντες,
2653 2518 2702 2568 0i.
2728 2519 2906 2586 ὄνυχε,
2938 2511 2995 2566 δὲ
3028 2513 3127 2566 ἀπὸ
3152 2513 3358 2584 χαλκοῦ
3395 2533 3406 2544 ·
3450 2517 3539 2564 καὶ
3579 2521 3731 2564 τοῦτο
3764 2514 3921 2585 ὑπερ-

2322 2608 2519 2660 ϐάλλειν
2570 2607 2728 2677 ἰσχύϊ
2774 2608 2838 2657 τὰ
2883 2608 2982 2677 πρὸ
3041 2603 3199 2655 αὐτοῦ
3253 2604 3423 2654 πάντα
3476 2607 3566 2654 καὶ
3617 2602 3921 2669 ἰταμότητι,

2322 2700 2490 2750 ἐσθίον
2517 2700 2606 2746 καὶ
2635 2695 2874 2746 λεπτύνον
2914 2697 3002 2744 καὶ
3052 2695 3117 2744 τὰ
3171 2691 3411 2743 ἐπίλοιπα
3458 2697 3567 2752 τοῖς
3613 2696 3741 2742 ποσὶ
3787 2711 3920 2762 συμ-

2320 2794 2513 2839 πατοῦν
2553 2802 2565 2815 °
2607 2789 2699 2841 τήν
2729 2785 2849 2856 ἄρτι
2874 2787 3203 2853 κατέχουσαν
3234 2789 3390 2852 χεῖρα
3421 2777 3515 2832 διὰ
3539 2783 3721 2832 τούτου
3759 2777 3911 2831 διδα-

2325 2880 2571 2945 σκόμενος
2619 2881 2716 2923 τῶν
2780 2871 3042 2943 Ῥωμαίων
3102 2887 3114 2898 ·
3172 2870 3231 2920 οὖ
3287 2873 3414 2942 πρὸς
3462 2877 3524 2940 τῇ
3579 2869 3764 2940 κεφαλῇ
3821 2874 3908 2919 xui

2323 2960 2451 3014 δέκα
2502 2967 2692 3034 κέρατα
2744 2966 3074 3034 προσενοουν,
3134 2963 3292 3030 φησὶν
3353 2960 3378 3009 ὁ
3444 2964 3716 3030 προφήτης
3761 2973 3772 2985 ·
3825 2963 3912 3008 καὶ

566 3078 691 3116 nua
728 3066 781 3115 et
802 3059 969 3115 aliud
999 3070 1232 3128 quoque
1250 3067 1520 3123 parvum,
1551 3050 1714 3120 quod
1742 3050 1890 3104 inter
1921 3065 1992 3104 ea
2010 3063 2212 3103 nasce~

2322 3055 2505 3123 μικρὸν
2554 3050 2675 3101 οἰλλο
2732 3049 2922 3120 μεταξύ
2974 3051 3165 3100 τούτων
3223 3051 3470 3118 φυόμενον
3522 3052 3610 3097 xui
3657 3051 3775 3120 τρία
3815 3055 3914 3096 τῶν

567 3151 762 3217 batur,
793 3153 850 3203 et
885 3149 992 3202 tria
1023 3162 1092 3200 ex
1117 3141 1411 3215 prioribus
1443 3138 1726 3194 evellebat
1747 3138 2050 3194 radicitus.
2081 3140 2210 3192 .lam

568 3238 726 3292 enim
755 3237 812 3290 in
835 3239 964 3306 ipso
995 3236 1112 3288 ﬁne
1153 3230 1399 3286 Romani
1428 3233 1678 3305 imperii,
1712 3231 1873 3298 quod
1903 3226 2211 3283 secaturin

569 3325 788 3380 multos
817 3325 1200 3396 principatus,
1254 3324 1394 3379 dicit
1424 3323 1668 3395 quidem
1710 3320 1832 3374 fore
1891 3323 1953 3370 ut
2005 3317 2212 3370 decem

568 3429 736 3482 reges
763 3413 934 3467 simul
960 3419 1300 3481 exsurgant.
1323 3414 1453 3469 Hoc
1479 3411 1638 3466 enim
1667 3405 2045 3476 significabat
2070 3404 2213 3458 visio

569 3501 773 3558 decem
805 3517 1119 3565 cornuum,
1155 3502 1264 3556 tria
1293 3507 1492 3556 autem
1515 3515 1586 3554 ex
1610 3497 1704 3552 his
1733 3493 1932 3564 regnis
1955 3509 1988 3548 a
2028 3507 2214 3563 parvo

569 3589 666 3644 illo
697 3605 883 3645 cornu
912 3589 1182 3653 dissolvi,
1217 3590 1378 3660 quod
1423 3587 1701 3643 cernebat
1749 3584 1964 3638 habere
2006 3580 2214 3637 oculos

567 3677 848 3744 hominis,
880 3684 935 3731 et
963 3694 1028 3732 os
1054 3679 1530 3748 magniloquum,
1559 3682 1614 3729 et
1636 3678 2057 3744 superaturum
2085 3683 2211 3724 esse

569 3766 770 3820 vitium
793 3766 1060 3820 omnium
1087 3765 1382 3829 vitiorum,
1406 3781 1538 3835 (μιεθ
1562 3764 1722 3816 fuere
1745 3777 1776 3814 a
1810 3759 2047 3827 saeculo,
2077 3773 2212 3829 quae

570 3853 815 3924 quidem
848 3859 1047 3922 aperte
1101 3851 1438 3919 signiﬁcant
1491 3849 1927 3904 Antichristum.

641 3943 770 3996 XIX.
805 3944 947 3996 Cum
972 3941 1052 3994 sic
1083 3956 1224 4009 ergo
1265 3941 1319 3993 in
1369 3940 1591 3994 visione
1635 3936 1808 3991 valde
1858 3935 2065 3990 fuisset
2108 3935 2216 3991 ad-

569 4030 857 4084 mirabilis
898 4030 1209 4099 propheta,
1243 4027 1587 4083 viditetiam
1623 4025 1921 4097 quosdam
1967 4023 2214 4080 thronos

567 4118 953 4188 intelligentes
979 4119 1202 4189 positos
1241 4130 1296 4172 et
1340 4117 1898 4189 supramundanos:
1935 4118 1990 4169 et
2029 4116 2215 4168 Deum

568 4208 790 4277 gloriae,
823 4213 1110 4279 tanquam
1143 4206 1462 4278 Antiquum
1490 4206 1742 4269 dierum,
1772 4203 2211 4275 praesidentem:

566 4295 668 4366 qui
698 4312 787 4359 eo,
823 4295 985 4367 quod
1018 4296 1093 4348 sit
1145 4302 1280 4350 ante
1311 4295 1548 4360 saecula,
1583 4294 1666 4349 sic
1700 4292 1919 4347 videnti
1965 4291 2218 4346 voluerit

2321 3143 2582 3213 προτέρων
2621 3138 2855 3212 ἑκριξοῦν
2890 3156 2902 3168 ·
2936 3133 3042 3194 ἤδη
3083 3138 3183 3208 γὰρ
3229 3135 3305 3188 ἐπ’
3357 3136 3492 3205 αύτῷ
3542 3143 3610 3204 τῷ
3654 3135 3779 3186 τέλει
3820 3142 3914 3194 τῆς

2319 3231 2584 3298 Ῥωμαίων
2665 3225 2839 3297 ἀρχῆς
2915 3225 2980 3286 εἰς
3046 3225 3376 3296 πολυαρχίαν
3443 3227 3904 3294 κατατεμνομένης,

2324 3315 2453 3368 δέκα
2505 3320 2594 3386 μὲν
2649 3314 3039 3372 ἀναστήσεσθαι
3089 3313 3323 3385 βασιλεῖς
3354 3315 3484 3385 ὁμοῦ
3540 3313 3665 3383 λέγει
3704 3328 3715 3338 ⁸
3757 3317 3912 3361 τοῦτο

2321 3406 2419 3478 γὰρ
2452 3405 2480 3460 ή
2517 3413 2614 3454 τὼν
2655 3400 2784 3454 δέκα
2830 3405 3054 3474 κεράτων
3103 3401 3220 3472 ὄψις
3269 3398 3459 3458 ἐδήλου
3494 3416 3507 3430 ⁵
3561 3406 3692 3472 τρεῖς
3729 3395 3786 3450 δε
3817 3407 3920 3450 τῶν

2324 3495 2569 3544 τοιούτων
2622 3490 2900 3563 βασιλειῶν
2932 3493 3029 3542 ὑπὸ
3086 3498 3176 3542 τοῦ
3229 3498 3418 3562 μικροῦ
3456 3493 3671 3564 κέρατος
3726 3487 3922 3540 ἐκείνου

2323 3580 2694 3644 καταλυθῆναι,
2721 3582 2744 3630 ὃ
2770 3584 2858 3630 καὶ
2889 3579 3181 3650 ὀφθαλμοὺς
3211 3581 3350 3650 ἔχειν
3372 3577 3646 3650 ἀνθρώπου
3677 3581 3770 3628 καὶ
3803 3582 3922 3628 στό-

2323 3690 2397 3743 μα
2426 3670 2606 3721 λαλοῦν
2644 3668 2846 3741 μεγάλα
2891 3672 2980 3719 καὶ
3029 3672 3121 3726 τὴν
3155 3673 3344 3718 κακίαν
3391 3669 3593 3719 πάντων
3625 3668 3915 3741 ὑπεροίσειν

2322 3769 2418 3810 τῶν
2451 3758 2536 3810 ἀπ’
2569 3758 2751 3818 αἰῶνος
2788 3765 2957 3808 κακῶν
3012 3755 3164 3829 ἑώρα,
3209 3764 3297 3809 τοῦ
3333 3757 3707 3828 ’Δντιχρίστου
3757 3764 3923 3807 ταῦτα

2323 3844 2598 3922 προδήλως
2633 3848 2948 3916 σημαντικά.

2398 3938 2504 3990 ΙΘ’.
2537 3932 2668 3987 Ὧδε
2714 3943 2989 4008 τοιγαροῦν
3029 3943 3118 3995 τῆς
3167 3935 3592 4008 ὑπερφυεστάτης
3631 3933 3747 3994 ὃλος
3797 3935 3919 4006 ὁρά-

2328 4043 2450 4083 σεως
2504 4028 2720 4096 γεγονὼς
2799 4025 2825 4074 ὁ
2900 4029 3188 4095 προφήτης,

2323 4116 2530 4185 νοερούς
2577 4133 2718 4173 τινας
2762 4117 2850 4164 καὶ
2895 4115 3276 4184 ὑπερκοσμίους
3337 4113 3631 4182 τιθεμένους
3684 4116 3775 4162 xui
3836 4115 3924 4162 τὸν

3266 4021 3466 4094 ἐθεώρει
3531 4028 3620 4074 xui
3706 4025 3889 4094 θρόνου
3903 4043 3923 4084 ς

2325 4206 2446 4255 Θεὸν
2479 4209 2571 4263 τῆς
2627 4199 2786 4263 δόξης
2839 4203 2923 4253 οἷα
2974 4201 3196 4253 Παλαιὸν
3246 4203 3446 4275 ἡμερῶν
3504 4202 3918 4274 προκαθήμενον,

2326 4300 2397 4362 τῷ
2458 4295 2761 4364 προαιωνιον
2807 4291 2959 4342 αὐτόν
3008 4288 3155 4355 εἶναι,
3206 4291 3368 4351 οὕτως
3425 4292 3646 4360 ὀφθῆναι
3675 4298 3744 4359 τῷ
3795 4287 3921 4360 βλε-

565 4383 753 4438 videri
781 4400 793 4436 :
828 4384 998 4453 cujus
1029 4385 1207 4438 etiam
1238 4383 1650 4437 indumentum
1675 4387 1798 4435 erat
1817 4380 2042 4449 album,
2071 4380 2212 4434 sicut

2327 4399 2473 4432 ποντι
2527 4378 2866 4451 βουληθέντα,
2927 4379 2985 4430 οὗ
3039 4385 3129 4430 καὶ
3186 4381 3241 4430 τὸ
3299 4375 3498 4449 ἔνδυμα
3553 4377 3750 4441 λευκὸν,
3792 4381 3918 4429 ὡσεὶ

571 4469 713 4522 nix:
749 4473 804 4521 et
854 4467 1102 4536 capillus
1155 4468 1284 4535 ejus
1341 4465 1693 4520 cernebatur
1744 4472 2030 4534 tanquam
2079 4464 2217 4519 lana

570 4571 744 4627 pura.
775 4555 924 4608 Nihil
947 4553 1102 4608 enim
1151 4553 1496 4622 obscurum,
1525 4552 1670 4607 nihil
1700 4551 1879 4616 triste,
1913 4551 2059 4606 nihil
2098 4568 2214 4608 sor-

567 4643 778 4698 didum
806 4642 962 4712 apud
991 4658 1194 4697 veram
1223 4648 1279 4697 et
1318 4658 1599 4711 magnam
1631 4645 1685 4696 et
1713 4641 1961 4710 primam
1999 4641 2213 4697 lucem.

570 4731 720 4797 Quin
752 4732 928 4785 etiam
961 4731 1242 4784 thronum
1270 4746 1505 4801 quoque
1522 4729 1650 4799 ejus
1676 4728 1818 4783 dicit
1843 4730 2214 4799 apparuisse,

568 4824 854 4890 tanquam
886 4818 1197 4874 ﬂammam
1239 4818 1415 4887 ignis,
1450 4824 1505 4872 et
1534 4824 1693 4872 rotas
1724 4817 1925 4886 ignem
1955 4818 2218 4872 emitten-

569 4913 678 4973 tes,
710 4915 764 4963 et
795 4909 1046 4962 ﬂuvium
1100 4908 1252 4975 ignis
1301 4913 1435 4961 ante
1471 4921 1608 4960 eum
1639 4905 1940 4970 ﬂuentem,
1974 4914 2027 4961 et
2080 4907 2211 4962 hor-

569 4998 756 5052 renda
783 4999 986 5053 omnia
1037 5003 1091 5051 et
1131 4995 1434 5063 terribilia,
1467 5001 1522 5049 et
1575 4995 1950 5050 admirabilia
1991 4998 2211 5062 omnia,

572 5091 780 5156 etquae
814 5090 994 5141 Deum
1025 5085 1341 5140 decebant.
1384 5085 1530 5138 Mille
1553 5086 1710 5138 enim
1753 5083 1957 5148 millia,
2003 5086 2212 5155 inquit,

571 5180 625 5227 et
663 5175 854 5228 decies
885 5175 1042 5228 mille
1084 5174 1264 5228 millia
1290 5173 1343 5228 ei
1371 5173 1729 5238 assistentes,
1756 5175 1850 5243 pie
1882 5174 2212 5229 admodum

569 5261 1237 5317 ministrabant.Deinde
1264 5279 1392 5317 cum
1411 5261 1672 5316 nubibus
1698 5268 1981 5332 tanquam
2012 5263 2218 5317 Filium

571 5347 849 5413 hominis,
882 5349 1090 5405 Filium
1122 5351 1220 5406 Dei
1247 5351 1393 5407 dixit
1420 5369 1480 5408 se
1514 5351 1732 5407 vidisse
1768 5354 2124 5416 venientem,
2166 5358 2221 5408 et

573 5451 710 5494 eum
741 5435 818 5489 ad
849 5438 1069 5492 Patrem
1102 5455 1291 5511 usque
1321 5446 1578 5506 euntem,
1612 5446 1667 5496 et
1698 5446 1984 5513 tanquam
2012 5442 2090 5498 ab
2149 5458 2220 5498 eo

572 5523 876 5602 dilectum,
913 5539 1048 5579 cum
1080 5542 1148 5583 eo
1181 5527 1502 5586 honoriﬁce
1542 5532 1866 5604 sedentem,
1900 5536 1954 5588 et
1995 5532 2046 5588 ei
2099 5533 2220 5587 uni-

2329 4473 2462 4538 χιὼν
2490 4473 2578 4518 καὶ
2621 4472 2714 4526 τήν
2744 4472 2910 4542 τρίχα
2951 4475 3046 4528 τῆς
3084 4466 3308 4538 κεφαλῆς
3353 4470 3477 4518 ὡσεὶ
3522 4469 3655 4540 ἔριον
3690 4469 3913 4538 καθαρόν

2329 4556 2552 4629 ὁρᾶσθαι
2606 4576 2616 4587 ’
2670 4553 2819 4607 οὐδὲν
2872 4558 2969 4628 γὰρ
3016 4554 3264 4627 ἀλαμπὲς,
3315 4552 3464 4606 οὐδὲν
3518 4559 3742 4626 κατηφές
3791 4551 3916 4607 οὐδὲ

2324 4645 2501 4718 ῥυπῶν
2555 4648 2696 4718 παρά
2750 4655 2821 4715 τῲ
2874 4644 3078 4716 μεγάλῳ
3147 4649 3236 4695 καὶ
3311 4643 3538 4712 ἀληθινῲ
3597 4648 3685 4694 καὶ
3731 4648 3917 4716 πρώτῳ

2328 4739 2458 4805 φωτί
2487 4752 2496 4762 ·
2529 4731 2657 4784 ἀλλὰ
2681 4738 2768 4785 καὶ
2799 4738 2884 4784 τὸν
2941 4736 3113 4806 θρόνον
3165 4733 3322 4784 αὐτοῦ
3376 4736 3443 4794 ὡς
3467 4736 3626 4803 πυρὸς
3657 4728 3764 4783 εἷπε
3794 4736 3919 4802 φαί-

2327 4825 2506 4874 νεσθαι
2560 4823 2722 4894 φλόγα
2779 4829 2866 4874 xui
2923 4826 3148 4896 τροχοὺς
3199 4830 3298 4896 πῦρ
3357 4821 3594 4893 ἀφιέντας
3630 4825 3717 4872 καὶ
3749 4839 3919 4872 ποτα-

2329 4916 2425 4983 μὸν
2457 4917 2619 4984 πυρὸς
2667 4913 2952 4985 ἔμπροσθεν
3007 4912 3186 4985 ῥέοντα
3229 4917 3317 4962 xui
3369 4915 3537 4962 πάντα
3585 4909 3774 4981 φοϐερὰ
3829 4914 3922 4960 xui

2330 5004 2518 5073 φρικτὰ
2575 5006 2662 5052 xui
2705 5005 2874 5052 πάντα
2924 5003 3202 5071 θαυμαστὰ
3257 5006 3344 5050 xui
3391 5001 3642 5070 θεοπρεπῆ
3687 5013 3698 5023 ·
3743 4997 3924 5069 χίλιαι

2328 5110 2428 5161 γαρ
2478 5085 2737 5159 χιλιάδες,
2789 5094 2938 5158 φησί,
2980 5095 3067 5140 xui
3111 5093 3296 5159 μυρίαι
3334 5084 3584 5161 μυριάδες
3619 5087 3758 5155 αύτῴ
3788 5105 3926 5158 παρ’

2331 5187 2555 5231 εστῶσαι
2599 5177 2928 5238 πανευλαϐὠς
2982 5177 3349 5251 ἐλειτούργουν.
3432 5173 3558 5228 Εἶτα
3635 5179 3764 5246 μετὰ
3821 5184 3924 5226 των

2328 5267 2536 5338 νεφελῶν
2593 5269 2660 5327 ὡς
2727 5269 2843 5318 Υὶόν
2909 5265 3179 5339 ἀνθρώπου
3233 5271 3317 5318 τὸν
3362 5269 3477 5318 Υίὸν
3519 5265 3795 5338 ἐρχόμενον
3828 5272 3926 5315 τοῦ

2332 5363 2464 5408 Θεοῦ
2496 5352 2626 5406 εἶπεν
2672 5357 2792 5426 όρᾴν
2829 5360 2916 5406 καὶ
2972 5363 3150 5407 τοῦτον
3201 5357 3335 5430 ἄχρι
3387 5365 3477 5406 τοῦ
3530 5359 3728 5426 Πατρός
3783 5355 3934 5405 ἰόντα

2331 5449 2418 5496 xui
2449 5447 2516 5504 ὡς
2563 5442 2830 5515 ἀγαπητὸν
2887 5443 3026 5514 αύτῷ
3084 5443 3306 5516 ἐστίμως
3367 5440 3779 5517 συνεδριάζοντα
3830 5449 3928 5496 καὶ

2334 5536 2499 5607 τούτῳ
2529 5538 2620 5591 τήν
2652 5533 2770 5592 ὃλην
2800 5532 3038 5596 ἐξουσίαν
3086 5541 3174 5588 xui
3217 5539 3308 5593 τήν
3351 5533 3621 5609 βασιλείαν
3668 5543 3766 5586 τῶν
3797 5535 3932 5587 πάν-
