4144 6258
270 286 374 342 393

1394 293 1557 350 VlTA
1599 296 1669 357 S.
1714 297 2109 355 ΡΒΟΡΗΕΤΑΞ
2153 301 2497 359 DANIELIS.

3515 311 3619 366 394-

270 433 368 464 των
425 410 708 486 διδομινην
753 419 837 466 καὶ
890 420 982 475 τὴν
1026 422 1201 489 τιμήν,
1251 419 1309 470 ού
1363 425 1463 491 μήν
1513 421 1641 474 ἀλλὰ
1665 429 1754 476 καὶ
1783 424 1851 497 βί·

1980 442 2211 482 versam
2263 434 2617 500 potestatem
2662 438 2719 489 et
2763 447 3014 502 regnum
3070 433 3342 488 omnium
3401 434 3528 490 dari
3563 439 3621 489 et

268 501 419 564 ϐλους
501 501 837 576 ἀνοιγομένας
924 509 1012 556 καὶ
1080 509 1276 578 κρύφια
1356 513 1700 582 φανερούμενα
1779 517 1867 565 καὶ

266 592 437 643 πάντα
485 595 659 664 γυμνά
729 600 800 663 τῷ
852 601 1002 665 κριτῇ
1077 599 1165 646 καὶ
1232 597 1684 670 τετραχηλισμένα
1738 621 1868 674 παρ-

266 689 468 732 εστῶτα
515 685 601 732 καὶ
656 689 753 732 τῶν
805 683 894 752 μὲν
945 682 1107 733 ἄλλων
1159 688 1250 742 τὴν
1302 683 1541 746 ἐξουσίαν
1572 708 1866 760 καταργου-

267 773 421 839 μένην
474 774 562 821 καὶ
621 773 714 826 τὴν
791 768 984 844 ἀρχήν·
1065 774 1221 823 ἐκεῖνο
1292 769 1352 825 δὲ
1406 779 1461 826 τὸ
1515 782 1865 849 πονηρότατον

270 859 446 931 θηρίον
499 863 588 910 καὶ
645 863 734 916 τήν
784 865 970 911 κακίαν
1025 858 1361 935 ἀσύγκριτον,
1413 864 1438 914 ὅ
1486 870 1574 916 καὶ
1622 871 1707 917 τόν
1737 869 1864 938 μετά

267 955 365 998 τῶν
410 945 570 1018 ἁγίων
619 947 870 1019 ἐτόλμησε
917 947 1134 1020 πόλεμον
1178 956 1266 1002 καὶ
1312 956 1482 1024 στόμα
1530 952 1714 1006 λαλοῦν
1755 952 1864 1026 εἶχε

265 1036 465 1106 μεγάλα
521 1035 937 1108 ἐξαναιρούμενον
986 1043 1074 1089 καὶ
1133 1038 1206 1100 εἰς
1255 1048 1442 1092 καῦσιν
1499 1046 1658 1114 πυρός
1696 1043 1857 1096 ἄσϐε-

269 1142 388 1176 στον
437 1129 920 1198 παραπεμπόμενον
1000 1125 1223 1180 ἐντεῦθεν
1282 1125 1340 1181 δὲ
1401 1135 1494 1188 τὴν
1568 1132 1861 1203 μεγαλοσύ-

265 1231 355 1270 νην
404 1218 491 1266 καὶ
521 1217 613 1271 τὴν
644 1222 741 1265 τῶν
766 1213 890 1266 ὅλων
932 1213 1203 1287 βασιλείαν
1235 1216 1302 1277 εἰς
1343 1218 1529 1280 αἰῶνας
1560 1228 1663 1280 τοῖς
1694 1221 1864 1292 ἁγίοις

269 1297 658 1374 δεδωρημένην.

337 1389 408 1444 K'.
472 1395 570 1444 Καὶ
617 1391 675 1442 ού
725 1399 890 1444 ταῦτα
942 1397 1094 1462 μόνον
1145 1395 1207 1465 (ὥ
1260 1401 1518 1467 μακαρίας
1552 1396 1731 1468 ὅψεως)
1776 1417 1860 1450 τε-

261 1479 438 1530 θέαται
490 1480 697 1545 Δανιὴλ,
752 1479 881 1532 ἀλλά
923 1487 1010 1532 καὶ
1067 1489 1487 1556 προσευχόμενος
1519 1489 1650 1556 μετὰ
1700 1495 1862 1538 ταῦτα

255 1572 343 1618 καὶ
388 1568 620 1640 ῥήμασιν
668 1567 1081 1640 ἐξομολογήσεως
1138 1575 1220 1622 τὸν
1267 1574 1604 1646 ὑπεράγαθον
1661 1574 1860 1646 ἐξευμε-

256 1656 532 1727 νιζόμενος·
596 1655 788 1729 Ἦμην,
847 1663 996 1729 φησὶ,
1075 1662 1130 1710 τὸ
1210 1659 1321 1722 ἑξῆς
1393 1660 1440 1711 ἐν
1519 1665 1720 1722 Σούτοις
1794 1671 1856 1734 τῇ

1976 513 2286 571 honorem.
2323 519 2473 583 Quin
2501 521 2674 575 etiam
2701 521 2883 577 libros
2908 521 2962 576 ei
2989 537 3115 577 esse
3146 526 3406 592 apertos,
3433 527 3489 578 et
3525 537 3620 578 oc-

1977 603 2131 659 culta
2162 606 2211 659 ei
2234 621 2359 662 esse
2405 609 2743 675 manifesta,
2777 617 2830 665 et
2851 610 3056 666 omnia
3096 610 3332 666 adstare
3360 611 3523 666 nuda
3561 615 3618 666 et

1976 692 2230 748 detecta:
2265 699 2322 748 et
2367 695 2624 751 aliorum
2655 697 2896 768 quidem
2930 696 3151 754 aboleri
3180 702 3533 769 potestatem
3564 703 3619 753 et

1975 781 2328 852 imperium:
2357 783 2520 840 illam
2551 789 2752 841 autem
2783 787 3104 857 pessimam
3147 786 3394 841 bestiam
3427 790 3486 841 et
3512 787 3620 842 im-

1975 869 2267 940 probitate
2291 872 2845 944 incomparabilem,
2887 891 3016 946 quae
3049 875 3232 929 movit
3259 874 3485 928 bellum
3516 875 3619 930 ad-

1974 974 2183 1014 versus
2258 966 2512 1028 sanctos,
2568 965 2626 1016 et
2677 979 2742 1017 os
2788 962 3020 1026 habuit,
3074 962 3240 1033 quod
3283 977 3504 1032 magna
3565 967 3620 1018 et

1973 1049 2234 1119 superba
2257 1048 2633 1120 loquebatur,
2694 1051 2951 1106 deletam
2981 1055 3035 1106 et
3074 1051 3491 1106 transmissam
3540 1051 3619 1107 ad

1973 1134 2126 1203 ignis
2155 1136 2704 1207 conﬂagrationem,
2735 1139 2836 1210 qui
2867 1153 3179 1209 nunquam
3210 1139 3617 1210 exstinguitur.

1974 1224 2193 1279 Deinde
2223 1241 2363 1280 vero
2396 1226 2760 1296 majestatem
2791 1232 2847 1281 et
2887 1227 3307 1282 universorum
3357 1243 3610 1297 regnum

1971 1309 2182 1367 datum
2222 1315 2442 1368 sanctis
2473 1313 2533 1368 in
2568 1318 2874 1370 aeternum.

2041 1404 2147 1456 XX.
2180 1405 2379 1474 Neque
2412 1418 2542 1458 vero
2564 1403 2691 1458 haec
2723 1403 2916 1458 solum
2947 1405 3003 1473 (ο
3033 1402 3275 1458 beatam
3305 1403 3617 1476 visionem)

1973 1489 2118 1544 vidit
2148 1490 2386 1545 Daniel:
2420 1491 2524 1546 sed
2557 1506 2734 1546 orans
2765 1507 3007 1563 quoque
3054 1495 3288 1562 postea,
3324 1495 3380 1546 et
3420 1493 3616 1548 verbis

1971 1577 2357 1634 confessionis
2385 1579 2628 1649 placans
2668 1595 2806 1634 eum
2837 1580 2938 1650 qui
2983 1586 3068 1634 est
3109 1595 3344 1633 summe
3376 1581 3569 1635 bonus
3599 1600 3612 1638 :

1971 1667 2165 1731 Eram,
2198 1667 2408 1738 inquit,
2437 1667 2730 1738 deinceps,
2767 1667 2948 1732 Susis,
2979 1683 3106 1738 quae
3135 1673 3225 1722 est
3269 1669 3616 1738 metropolis

257 1745 574 1817 μητροπόλει
625 1743 900 1817 Περσίδος,
945 1752 1030 1800 καὶ
1087 1750 1155 1808 ὡς
1205 1747 1412 1810 ἐξῆλθον
1453 1750 1520 1810 εἰς
1570 1755 1626 1802 τὸ
1682 1749 1851 1804 πεδίον

1973 1754 2244 1820 Persidis,
2279 1760 2332 1810 et
2381 1761 2704 1828 postquam
2737 1771 3014 1825 egressus
3044 1771 3176 1809 sum
3236 1755 3295 1809 in
3328 1771 3615 1827 campum

259 1835 390 1904 μετά
441 1840 530 1886 καὶ
570 1844 666 1886 τῶν
709 1835 944 1909 ἑταίρων,
1004 1833 1122 1888 ἰδοῦ
1178 1841 1390 1909 σεισμός
1438 1843 1600 1911 μέγας
1645 1843 1855 1911 ἑγένετο’

260 1926 350 1973 καὶ
412 1929 673 1994 φυγόντων
728 1933 824 1975 τῶν
896 1929 989 1977 σὺν
1069 1925 1203 1998 ἐμοὶ,
1273 1932 1420 1999 μόνος
1491 1927 1859 2002 ἀπολέλειμμαι

264 2014 399 2062 κατὰ
450 2017 621 2083 στόμα
674 2019 863 2068 πεσών.
923 2019 1022 2066 Καὶ
1076 2011 1192 2066 ἰδού
1257 2035 1334 2078 τις
1392 2016 1624 2080 ἑστηκὼς
1688 2019 1858 2089 ἣψατό

263 2118 363 2169 μου
395 2106 483 2152 καὶ
514 2100 764 2159 ἀνέστησε
793 2107 880 2154 καὶ
923 2106 987 2154 τὰ
1039 2104 1285 2174 μέλλοντα
1341 2105 1704 2177 συμϐήσεσθαι
1755 2106 1859 2170 τοῖς

263 2187 498 2249 πολίταις
545 2192 674 2259 μετὰ
749 2191 938 2251 πολλὰς
992 2193 1121 2252 ὅσας
1197 2192 1612 2266 ἐμυσταγώγησε
1663 2200 1854 2267 γενεάς.

259 2270 387 2327 Ὂδε
443 2277 548 2350 ἄρα
601 2276 750 2338 οὗτος
798 2275 858 2335 ἦν
911 2280 936 2329 ό
978 2285 1135 2351 μέγας
1177 2286 1265 2332 καὶ
1312 2289 1606 2356 πρώτιστος
1647 2295 1746 2337 τῶν
1777 2287 1861 2338 ού-

259 2368 445 2434 ρανίων
505 2361 770 2437 δυνάμεων
819 2366 1069 2440 Γαϐριὴλ,
1137 2369 1192 2428 ὃς
1243 2376 1331 2422 καὶ
1382 2369 1665 2425 ἀναστάντι
1719 2374 1858 2447 αύτῷ

260 2447 539 2522 δειχθῆναι
585 2458 726 2525 κριόν
772 2454 1019 2526 ἐσήμαινε
1075 2462 1258 2528 μέγαν,
1330 2459 1492 2511 πολλὰ
1544 2465 1632 2531 μὲν
1710 2461 1856 2516 ἐκπε-

260 2547 455 2611 φυκότα
509 2548 720 2614 κέρατα,
783 2543 1072 2597 τελευταῖον
1124 2542 1182 2597 δὲ
1234 2550 1387 2598 αὑτὸν
1443 2550 1491 2599 ἓν
1539 2549 1854 2624 ὑψηλότερον

259 2632 465 2701 ἔχοντα·
521 2634 695 2684 ἔπειτα
751 2630 1036 2704 ἀναϐλέψας
1091 2638 1179 2706 μὲν
1227 2635 1298 2697 εἰς
1347 2641 1442 2694 τὴν
1499 2641 1676 2705 Λύσιν,
1744 2641 1854 2693 θεά·

260 2721 457 2771 σασθαι
497 2724 686 2794 τράγον
741 2725 830 2794 ἔφη
883 2722 969 2773 ἀπ’
1018 2723 1181 2785 αὐτῆς
1235 2721 1310 2776 δι’
1358 2725 1505 2798 ἀέρος
1562 2734 1848 2802 φερόμενον·

261 2809 589 2882 συρράξαντα
622 2807 680 2862 δὲ
719 2818 789 2880 τῷ
841 2819 970 2883 κριῷ
1027 2818 1116 2864 καὶ
1169 2820 1277 2874 τοῖς
1320 2819 1502 2886 κέρασι
1549 2818 1848 2888 κυρίξαντα,

257 2893 344 2957 δὶς
374 2897 680 2949 καταϐαλεῖν
736 2898 886 2950 αὐτόν
941 2897 1025 2950 ἐπὶ
1055 2907 1154 2969 γῆν
1187 2905 1277 2952 καὶ
1323 2910 1579 2960 πατῆσαι·
1632 2907 1744 2955 εἶτα
1769 2910 1853 2957 τόν

257 2986 450 3058 τράγον
522 2983 649 3038 ἰδεῖν
726 2985 780 3037 ἐκ
829 2994 919 3038 τοῦ
978 2993 1211 3058 μετώπον
1279 2993 1522 3060 μέγιστον
1598 2991 1856 3063 ἀναφύντα

1969 1859 2108 1898 cum
2147 1843 2561 1910 familiaribus,
2593 1859 2725 1899 ecce
2777 1844 2966 1899 factus
3022 1850 3108 1898 est
3135 1858 3394 1913 magnus
3445 1849 3614 1900 terrae

1967 1937 2187 1999 motus,
2220 1939 2276 1989 et
2312 1934 2670 2004 fugientibus
2728 1933 2797 1987 iis
2822 1933 2923 2004 qui
2969 1947 3204 1987 mecum
3244 1937 3430 1998 erant,
3488 1933 3615 1987 reli-

1970 2028 2097 2076 ctus
2129 2039 2261 2077 sum
2281 2022 2463 2076 solus.
2499 2024 2563 2076 Et
2588 2038 2722 2076 ecce
2749 2021 2997 2092 quidam
3025 2026 3189 2075 stans
3219 2035 3312 2076 me
3335 2021 3540 2090 tetigit,
3561 2027 3616 2077 et

1967 2109 2106 2165 fecit
2135 2125 2408 2179 surgere:
2441 2113 2498 2167 et
2524 2125 2658 2180 quas
2683 2108 2907 2163 civibus
2947 2113 3113 2164 erant
3141 2112 3426 2164 eventura
3478 2115 3614 2179 post

1970 2199 2188 2254 multas
2211 2198 2619 2269 generationes
2648 2197 2897 2269 mystice
2941 2196 3256 2254 enarravit.
3291 2199 3340 2251 is
3414 2202 3612 2253 autem

1969 2291 2095 2342 erat
2125 2302 2379 2356 magnus
2423 2286 2517 2340 ille
2546 2291 2599 2341 et
2634 2286 2863 2356 primus
2895 2284 3224 2340 caelestium
3249 2289 3608 2355 potestatum

1971 2375 2219 2431 Gabriel.
2255 2375 2362 2440 Qui
2395 2375 2575 2430 etiam
2615 2373 2746 2444 sibi,
2779 2390 2912 2428 cum
2969 2374 3337 2436 surrexisset,
3387 2371 3612 2441 signiﬁ-

1969 2465 2120 2519 cavit
2148 2463 2327 2519 fuisse
2358 2479 2644 2532 magnum
2670 2468 2978 2518 ostensum
3003 2461 3269 2524 arietem,
3302 2460 3396 2515 cui
3424 2461 3612 2516 multa

1966 2553 2202 2622 quidem
2227 2557 2402 2607 enata
2427 2556 2595 2607 erant
2616 2567 2867 2615 cornua;
2901 2550 3165 2605 habebat
3195 2554 3392 2604 autem
3420 2564 3608 2604 unum

1964 2640 2156 2696 altius.
2208 2642 2278 2694 Et
2345 2641 2471 2694 haec
2520 2639 2766 2710 quidem
2815 2655 2948 2692 cum
3001 2638 3341 2708 aspexisset,
3409 2638 3491 2692 ait
3547 2651 3608 2691 se

1963 2731 2186 2785 vidisse
2243 2729 2302 2784 in
2353 2728 2666 2783 Occidente
2692 2728 2945 2792 hircum,
2979 2726 3079 2798 qui
3130 2727 3268 2780 inde
3312 2725 3606 2781 ferebatur

1963 2835 2068 2890 per
2098 2833 2295 2874 aerem
2327 2834 2340 2882 ;
2373 2816 2788 2885 conﬂigentem
2840 2831 2978 2870 vero
3008 2831 3144 2868 cum
3196 2815 3396 2878 ariete,
3430 2819 3484 2869 et
3512 2814 3606 2868 bis

1964 2922 2148 2961 cornu
2181 2909 2496 2976 petentem,
2552 2905 2751 2974 ipsum
2782 2904 2944 2958 humi
2973 2901 3364 2974 prostravisse
3390 2907 3446 2956 et
3471 2916 3607 2955 con-

1964 2993 2246 3050 culcasse.
2304 2991 2524 3047 Deinde
2571 2992 2790 3047 vidisse
2848 2993 3097 3054 hircum,
3158 2990 3252 3045 cui
3312 3003 3604 3058 magnum

257 3076 427 3145 κέρας,
487 3074 547 3126 οὗ
595 3074 917 3139 κλασθέντος,
961 3074 1357 3133 ἀναϐλαστῆσαι
1418 3082 1668 3151 τέσσαρα,
1737 3083 1851 3133 καθ’

1964 3097 2148 3138 cornu
2185 3081 2542 3137 nascebatur
2579 3081 2637 3134 in
2686 3081 2911 3136 fronte:
2945 3094 3066 3151 quo
3128 3078 3328 3143 fracto,
3385 3079 3604 3148 germi-

1577 3169 1743 3220 αὐτῶν
1797 3167 1829 3222 δ
1835 3174 1856 3222 ε

252 3249 510 3322 ἀνασχεῖν
562 3256 651 3303 καὶ
699 3250 819 3303 ἄλλο
872 3251 1221 3327 βραχύτερον,
1255 3256 1280 3305 ὃ
1319 3261 1407 3307 καὶ
1435 3256 1661 3318 αὐξῆσαι
1690 3257 1853 3329 ἔλεγεν

248 3339 275 3392 ὀ
306 3347 478 3392 ταῦτα
518 3337 718 3400 δεικνὺς
773 3347 862 3392 καὶ
913 3341 1222 3414 πολεμήσειν
1277 3343 1434 3396 αὐτοῦ
1489 3349 1546 3396 τὸ
1591 3348 1727 3406 ἔθνος
1764 3353 1853 3400 καὶ

254 3162 474 3214 ἕκαστον
550 3171 646 3214 τῶν
725 3163 917 3235 ἀνέμων
993 3162 1392 3237 ἐκτετραμμένα,
1469 3167 1521 3229 ἐξ

243 3434 349 3488 τήν
399 3429 545 3482 πόλιν
590 3431 810 3502 αἱρῆσαι
859 3432 954 3482 ἀνὰ
992 3432 1182 3504 κράτος
1211 3437 1299 3484 καὶ
1338 3435 1506 3486 πάντα
1552 3437 1615 3486 τὰ
1655 3443 1743 3488 τοῦ
1774 3441 1853 3487 νό-

236 3538 353 3591 μοω
407 3517 669 3592 περιελεῖνσ
739 3523 829 3570 καὶ
902 3525 1070 3571 ταῦτα
1121 3517 1205 3572 ἐπὶ
1259 3523 1455 3596 ἡμέρας
1511 3522 1690 3594 χιλίας
1763 3530 1850 3576 καὶ

240 3605 532 3668 διακοσίας
581 3606 870 3666 ἐνενήκοντα
935 3608 1009 3670 ἐξ.
1098 3616 1275 3662 Ταῦτα
1330 3614 1419 3682 μὲν
1493 3608 1621 3664 ἰδεῖν
1673 3616 1720 3664 ἐν
1779 3623 1850 3685 τῷ

245 3695 419 3768 πεδίῳ
471 3705 542 3766 τῷ
597 3695 644 3747 ἐν
698 3699 901 3757 Σούτοις
954 3699 978 3748 ὁ
1038 3699 1226 3756 Δανιὴλ
1300 3699 1511 3771 ἔγραψέ
1565 3709 1737 3775 κρῖναι
1791 3700 1849 3755 δὲ

245 3787 390 3856 αύτῷ
447 3790 539 3844 τὴν
591 3790 709 3856 ὄψιν
758 3795 856 3838 τῶν
931 3788 1250 3859 όρασθέντων
1318 3786 1505 3847 ἐδήλου
1559 3794 1644 3842 τὸν
1720 3795 1847 3844 Θεὸν

244 3875 430 3934 οὕτως’
477 3876 563 3926 τόν
611 3878 700 3945 μὲν
743 3877 840 3947 γὰρ
895 3879 1039 3948 κριόν
1089 3874 1360 3948 βασιλείας
1397 3881 1487 3940 τὰς
1535 3876 1732 3936 Μήδων
1763 3885 1846 3932 καὶ

246 3971 466 4036 Περσῶν
508 3968 776 4035 σημαίνειν
821 3963 960 4034 αύτῷ
1009 3966 1216 4036 ἔφασκε,
1268 3967 1334 4016 τὰ
1383 3963 1441 4018 δὲ
1490 3971 1682 4042 κέρατα
1725 3973 1846 4030 τοὺς

245 4053 522 4126 μέλλοντας
562 4051 875 4124 βασιλεύειν.
934 4053 1067 4105 Αὐτὸ
1115 4051 1173 4106 δὲ
1220 4057 1277 4105 τό
1326 4059 1477 4127 κέρας
1527 4060 1584 4108 τό
1617 4061 1842 4129 ἔσχατον

247 4143 408 4194 αὐτόν
469 4146 734 4214 σημαίνειν
799 4145 884 4193 τὸν
947 4144 1168 4214 ἔσχατον
1227 4141 1466 4215 βασιλέα’
1518 4154 1694 4198 τοῦτον
1741 4151 1841 4220 γὰρ

245 4236 339 4282 καὶ
382 4227 600 4282 διοίσειν
629 4231 764 4302 ἔλεγε
812 4239 910 4282 τῶν
963 4230 1177 4296 λοιπῶν,
1227 4232 1427 4303 πλούτῳ
1471 4253 1523 4284 τε
1569 4239 1656 4285 καὶ
1711 4232 1838 4306 δόξῃ

246 4325 336 4371 καὶ
382 4326 441 4390 τῇ
493 4319 616 4391 οἴλλη
668 4323 984 4393 περιφανείᾳο
1033 4324 1118 4370 τόν
1173 4316 1231 4371 δὲ
1277 4323 1464 4392 τράγον
1515 4318 1722 4383 δηλοῦν,
1777 4325 1842 4383 ὡς

244 4416 349 4460 τῶν
399 4407 644 4465 Ἐλλήνων
696 4427 776 4469 τις
835 4407 1126 4478 βασιλεύων
1185 4410 1352 4471 ἔσται,
1421 4409 1472 4469 ὃς
1526 4416 1598 4479 τῷ
1669 4416 1837 4484 Περση

250 4494 534 4567 συμϐαλὼν
585 4492 666 4555 δὶς
718 4501 971 4570 κρατήσει
1019 4503 1079 4567 τῇ
1140 4498 1291 4568 μάχῃ
1341 4500 1430 4548 καὶ
1481 4497 1844 4570 παραλήψεται

249 4589 348 4641 τὴν
406 4585 678 4655 ἡγεμονίαν
719 4584 951 4640 ἅπασαν.
1009 4584 1304 4642 Δηλοῦσθαι
1354 4582 1412 4637 δὲ
1467 4587 1565 4638 ὑπὸ
1623 4596 1714 4640 τοῦ
1761 4610 1846 4661 με.

1876 4457 1920 4511 Ι)

249 4671 416 4744 γάλου
461 4675 673 4746 κέρατος
724 4680 814 4724 τοῦ
864 4671 910 4723 ἐν
966 4681 1037 4742 τῷ
1097 4679 1314 4746 μετώπῳ
1364 4681 1454 4726 τοῦ
1503 4678 1695 4748 τράγου
1761 4683 1844 4730 τόν

249 4768 461 4832 πρῶτον
518 4758 757 4831 βασιλέα.
814 4758 938 4814 Εἶτα
980 4767 1068 4814 καὶ
1120 4767 1207 4819 τήν
1260 4771 1356 4814 τῶν
1412 4767 1676 4839 τεσσάρων
1723 4767 1842 4820 ἀνα-

249 4849 543 4905 ϐλάστησιν
592 4847 846 4920 βασιλέων
899 4849 1199 4913 ἐκπεσόντος
1245 4850 1458 4904 ἐκείνουο
1499 4862 1558 4926 τῇ
1612 4853 1671 4909 δὲ
1716 4862 1844 4930 πρὸς

246 4940 318 4991 τὰ
391 4939 628 5009 τέσσαρα
703 4938 927 5009 κλίματα
999 4946 1092 5000 τῆς
1165 4948 1259 5010 γῆς
1318 4942 1483 4994 αὐτῶν
1537 4941 1840 5019 ἀποστροφῇ

246 5027 478 5081 ἑκάστου
508 5030 624 5086 τοὺς
671 5024 974 5098 διαδόχους
1002 5030 1127 5099 μετὰ
1149 5032 1234 5080 τόν
1264 5030 1476 5083 θάνατον
1517 5042 1607 5085 τοῦ
1638 5041 1842 5108 πρώτου

247 5114 518 5190 βασιλέως
546 5115 965 5181 ἑξεικονίξεσθαι,
1017 5120 1105 5168 καὶ
1152 5121 1238 5167 τὸν
1283 5118 1352 5179 εἰς
1396 5120 1574 5182 αύνοῦς
1607 5119 1844 5200 διαμερι-

247 5209 382 5279 σμόν
438 5200 747 5262 δηλοῦσθαι·
806 5207 1045 5274 γενέσθαι
1100 5201 1157 5256 δε
1233 5211 1321 5257 καί
1401 5227 1516 5260 τινα
1568 5212 1729 5286 ἕτερον
1789 5213 1841 5264 ἐκ

243 5297 447 5348 τούτων
501 5291 743 5365 βασιλέα,
795 5289 983 5350 ἀναιδῆ
1056 5297 1146 5364 μὲν
1198 5302 1268 5364 τῷ
1319 5303 1599 5369 προσώπῳ,
1671 5302 1841 5354 ἱκανόν

245 5381 306 5438 δὲ
356 5386 588 5435 συνιέναι
633 5380 998 5454 προϐλήματα,
1076 5383 1130 5443 ὅς
1203 5388 1290 5435 καὶ
1366 5381 1500 5457 δόλῳ
1577 5384 1846 5463 διαφθερεῖ

239 5472 464 5530 πολλοὺς
508 5475 598 5524 καὶ
650 5469 733 5523 ἐπὶ
807 5468 1035 5543 ἀπωλείᾳ
1097 5471 1296 5525 πολλῶν
1363 5479 1630 5534 στήσεται·
1695 5479 1843 5532 πολε-

243 5568 414 5643 μήσει
467 5579 520 5613 τε
565 5562 622 5613 τὸ
669 5561 812 5623 ἔθνος
863 5564 951 5612 κὰὶ
1005 5564 1124 5624 τοὺς
1180 5565 1362 5636 νόμους
1405 5564 1566 5619 αὐτῶν
1611 5571 1849 5644 ὶσχυρῶς

547 5665 787 5723 Ρλτιιοι..
818 5668 921 5722 Ga.
955 5666 1113 5725 CXV.

1965 3185 2140 3226 nasse
2165 3173 2443 3242 quatuor,
2470 3183 2640 3222 versa
2669 3169 2746 3224 ad
2791 3168 3054 3237 singulos
3081 3172 3309 3222 ventos.
3343 3169 3425 3220 Ex
3455 3166 3600 3236 ipsis

1963 3264 2163 3316 autem
2195 3261 2462 3315 exortum
2493 3271 2618 3312 esse
2647 3256 2806 3311 aliud
2852 3271 3093 3327 quoque
3122 3255 3390 3310 brevius:
3440 3255 3602 3324 quod

1961 3349 2010 3404 is
2036 3350 2138 3420 qui
2159 3348 2527 3412 ostendebat,
2562 3344 2796 3400 dicebat
2819 3343 2943 3398 fore
2973 3347 3033 3397 ut
3058 3346 3362 3408 cresceret,
3395 3345 3450 3395 et
3475 3343 3602 3410 ejus

1961 3444 2194 3509 gentem
2220 3437 2370 3493 bello
2392 3435 2717 3500 invaderet,
2749 3438 2804 3487 et
2851 3432 3145 3487 civitatem
3173 3430 3227 3483 vi
3260 3434 3512 3500 caperet,
3545 3435 3602 3484 et

1958 3542 2334 3600 quascunque
2388 3529 2522 3580 sunt
2575 3522 2740 3594 legis,
2837 3519 3095 3576 tolleret:
3130 3519 3309 3590 idque
3385 3518 3598 3573 diebus

1957 3615 2116 3669 mille
2156 3614 2424 3669 ducentis
2454 3617 2510 3667 et
2560 3609 2888 3679 nonaginta
2929 3623 3051 3664 sex.
3084 3609 3216 3663 Haec
3255 3605 3499 3677 quidem
3534 3621 3599 3661 se

1959 3704 2173 3758 vidisse
2203 3702 2262 3757 in
2322 3716 2558 3772 campo,
2592 3699 2693 3771 qui
2727 3702 2811 3752 est
2853 3697 3037 3760 Susis,
3081 3694 3315 3765 scripsit
3349 3693 3551 3749 Daniel
3581 3710 3594 3749 :

1957 3795 2141 3847 Deum
2205 3796 2402 3847 autem
2450 3804 2679 3853 eorum,
2723 3802 2858 3858 quae
2896 3785 3264 3856 adspexerat,
3305 3783 3596 3837 visionem

1953 3881 2190 3937 dicebat
2219 3880 2302 3935 sic
2333 3878 2444 3933 sibi
2473 3876 2829 3933 declarasse.
2861 3875 3009 3929 Nam
3066 3873 3308 3928 arietem
3347 3872 3590 3942 quidem

1952 3971 2185 4026 dicebat
2217 3968 2553 4038 signiﬁcare
2582 3979 2769 4034 regna
2821 3964 3122 4020 Medorum
3154 3965 3210 4015 et
3240 3960 3550 4015 Persarum
3579 3977 3592 4025 ;

1952 4075 2176 4116 cornua
2221 4062 2441 4121 autem,
2498 4071 2602 4110 eos
2645 4053 2746 4124 qui
2801 4057 2967 4106 erant
3022 4050 3343 4118 regnaturi.
3393 4049 3596 4118 Ipsum

1953 4164 2092 4201 vero
2114 4161 2299 4199 cornu
2341 4144 2634 4204 ultimum,
2667 4139 2957 4208 signiﬁcat
2985 4139 3177 4207 ipsum
3205 4137 3476 4190 ultimum
3508 4153 3597 4191 re-

1953 4250 2107 4305 gem.
2143 4232 2379 4286 Dicebat
2412 4231 2568 4284 enim
2615 4227 2758 4290 fore,
2807 4231 2868 4279 ut
2915 4227 2961 4279 is
2993 4229 3297 4295 praestaret
3346 4227 3591 4290 caeteris,

1953 4328 2008 4377 et
2037 4320 2252 4375 divitiis
2279 4323 2334 4372 et
2364 4316 2550 4386 gloria
2577 4319 2633 4370 et
2662 4312 2779 4369 alio
2833 4311 3168 4383 splendore.
3209 4310 3445 4365 Hircum
3487 4327 3594 4365 au-

1953 4417 2089 4474 tem,
2132 4407 2466 4478 signiﬁcare
2497 4404 2760 4459 futurum
2791 4417 2863 4456 ex
2891 4400 3110 4455 Graecis
3157 4414 3358 4469 regem
3387 4415 3594 4470 quem-

1950 4499 2111 4561 dam,
2146 4496 2245 4568 qui
2274 4494 2367 4550 bis
2417 4508 2554 4548 cum
2610 4492 2784 4545 Persa
2838 4487 3188 4556 conﬂigens,
3222 4503 3360 4541 eum
3386 4501 3593 4558 pugna

1950 4589 2229 4649 vinceret,
2270 4589 2326 4638 et
2381 4582 2724 4637 universum
2781 4580 3109 4633 assumeret
3152 4577 3590 4647 principatum:

1954 4674 2273 4747 significari
2304 4687 2443 4727 vero
2461 4687 2494 4725 a
2541 4683 2760 4737 magno
2783 4665 3167 4735 cornu,quod
3192 4670 3281 4719 est
3308 4666 3366 4718 in
3400 4665 3592 4720 fronte

1951 4764 2117 4828 hirci,
2152 4763 2412 4833 primum
2472 4773 2694 4828 regem.
2748 4753 2968 4809 Deinde
2998 4751 3175 4806 etiam
3209 4760 3405 4806 ortum
3447 4769 3589 4823 qua.

1953 4859 2087 4909 tuor
2115 4867 2345 4922 regum,
2393 4864 2522 4903 cum
2558 4845 2651 4900 ille
2696 4842 3088 4899 excessisset:
3121 4841 3592 4909 uniuscujusque

1953 4948 2153 4999 autem
2211 4955 2416 4995 eorum
2471 4935 2856 4991 conversione
2912 4931 2988 4986 ad
3048 4935 3306 5000 quatuor
3357 4929 3595 4985 climata

1955 5038 2120 5088 terrae
2152 5028 2404 5084 describi
2435 5039 2808 5081 successores
2841 5024 2975 5091 post
3014 5024 3258 5072 mortem
3293 5018 3466 5088 primi
3509 5034 3594 5074 re-

1954 5124 2062 5193 gis,
2077 5126 2132 5175 et
2149 5116 2465 5188 signiﬁcari
2485 5116 2704 5170 factam
2722 5113 2794 5166 ab
2814 5111 2896 5164 eis
2915 5106 3288 5163 divisionem.
3311 5106 3596 5163 Futurum

1956 5215 2153 5268 autem
2184 5208 2366 5264 alium
2397 5220 2636 5277 quoque
2663 5199 2981 5273 quemdam
3011 5195 3156 5250 exiis
3188 5211 3408 5264 regem,
3429 5197 3595 5251 vultu

1957 5299 2200 5373 quidem
2253 5294 2703 5367 impudentem:
2741 5289 3021 5343 idoneum
3059 5300 3195 5339 vero
3261 5285 3338 5339 ad
3389 5285 3597 5340 intelli-

1957 5389 2154 5460 genda
2184 5384 2558 5458 problemata
2586 5396 2596 5434 :
2623 5393 2724 5451 qui
2757 5380 2814 5431 et
2863 5375 2998 5431 dolo
3034 5373 3249 5429 multos
3281 5373 3596 5439 interimet,

1961 5483 2016 5534 et
2045 5475 2223 5533 stabit
2246 5473 2322 5531 ad
2374 5469 2674 5527 interitum
2705 5465 3058 5522 multorum:
3102 5462 3347 5518 bellabit
3397 5466 3597 5516 autem

1963 5567 2248 5625 adversus
2277 5565 2534 5635 gentem,
2563 5562 2619 5614 et
2656 5571 2863 5614 eorum
2909 5552 3070 5625 leges
3122 5550 3348 5610 fortiter
3388 5547 3603 5604 dissol-

3258 5656 3320 5711 i3
