4144 6258
628 265 732 325 395

625 476 766 533 lebit
805 475 1258 548 rempublicam,
1291 477 1346 528 et
1380 469 1724 544 prohibebit
1773 474 1885 524 tres
1919 481 2106 522 annos
2142 463 2266 519 ﬁeri

627 564 936 621 sacriﬁcia.
971 571 1101 619 Hth
1131 578 1365 635 quoque
1425 560 1508 614 sic
1556 558 1712 614 facta
1743 560 1881 612 sunt
1914 560 1970 610 et
2024 553 2100 609 ad
2131 552 2266 608 eﬂ‘e-

625 657 786 709 ctum
826 659 1237 724 pervenerunt,
1300 648 1585 704 Antiocho
1634 646 1906 701 videlicet
1958 645 2262 712 regnante,

622 741 729 814 qui
752 741 861 798 fuit
899 741 1358 810 cognominatus
1409 736 1770 809 Epiphanes.

694 829 818 885 XXI.
861 829 1136 884 Prmdixit
1191 833 1388 883 autem
1447 826 1577 897 ipsa
1644 822 1842 878 Daniel
1884 820 2083 876 multis
2131 823 2264 874 ante

623 917 1125 989 generationibus,
1157 932 1293 971 cum
1319 916 1471 969 Deus
1498 913 1546 967 ei
1600 928 1671 967 ea
1700 910 2076 975 ostendisset,
2107 912 2164 962 et
2203 913 2264 962 ut

623 1007 903 1064 scriberet
927 1005 1247 1060 effecisset:
1284 1009 1348 1059 ut
1389 1008 1445 1058 et
1474 1003 1576 1073 qui
1613 1017 1682 1055 ea
1719 1000 1944 1071 legunt,
1976 1001 2033 1054 et
2071 996 2263 1051 consi-

621 1098 830 1151 derant
857 1111 929 1150 ea
967 1111 1100 1165 quas
1141 1093 1436 1156 eveniunt,
1471 1097 1526 1146 et
1559 1088 1858 1144 Danielem
1891 1085 2262 1142 admirentur

617 1191 857 1256 propter
881 1183 1187 1245 honorem,
1231 1195 1353 1252 quo
1396 1178 1504 1233 fuit
1541 1178 1760 1246 dignus
1791 1193 1826 1229 a
1873 1175 1990 1228 Deo
2029 1173 2260 1242 judica-

617 1277 731 1341 tus,
767 1277 824 1327 et
851 1271 1158 1327 inveniant
1199 1269 1512 1339 Epicureos
1538 1266 1652 1321 hac
1678 1265 1739 1320 in
1766 1279 1827 1320 re
1850 1262 2020 1318 valde
2039 1275 2256 1328 errare,

616 1361 719 1433 qui
766 1367 820 1416 et
869 1359 1307 1432 providentiam
1356 1373 1386 1411 e
1423 1355 1546 1410 vita
1607 1352 1924 1425 expellunt,
1977 1355 2031 1404 et
2073 1352 2256 1404 Deum

614 1464 729 1504 non
765 1451 1005 1503 censent
1034 1461 1231 1500 rerum
1283 1444 1685 1498 humanarum
1753 1454 1960 1494 curam
2011 1451 2252 1506 gerere:

613 1553 803 1608 neque
850 1553 883 1591 a
914 1535 1090 1590 beata
1140 1532 1418 1595 essentia,
1485 1535 1540 1584 et
1590 1529 1646 1584 in
1722 1543 1907 1599 quam
1939 1541 2061 1580 non
2095 1523 2258 1580 cadit

609 1625 899 1690 interitus,
939 1624 1013 1677 ad
1054 1623 1166 1676 hoc
1208 1627 1271 1676 ut
1310 1621 1584 1674 universa
1611 1618 2000 1688 permaneant
2047 1613 2259 1682 guber-

607 1713 738 1769 nari
761 1714 981 1777 omnia,
1015 1710 1274 1766 carentia
1301 1709 1508 1778 auriga
1548 1711 1603 1761 et
1638 1711 1930 1760 curatore.
1973 1702 2256 1759 Mundum

605 1807 805 1857 autem
850 1799 1196 1854 universum
1252 1797 1458 1852 dicunt
1515 1811 1624 1849 sua
1677 1799 1888 1866 sponte
1953 1791 2126 1846 ferri:
2175 1791 2254 1845 sic

604 1889 758 1945 male
785 1888 1102 1944 sentientes
1147 1891 1202 1941 et
1226 1887 1488 1940 dicentes
1534 1888 1731 1954 aperte
1781 1880 1977 1936 stolidi
2025 1884 2081 1934 et
2153 1894 2252 1935 ne-

603 1978 870 2042 scientes,
917 1975 1081 2048 quod
1125 1991 1195 2029 ne
1239 1974 1408 2028 navis
1433 1972 1679 2044 quidem
1715 1971 1774 2024 in
1805 1974 1977 2040 portu
2029 1969 2249 2024 servari

599 2067 872 2138 potuerit,
906 2063 1133 2120 defecta
1173 2062 1568 2132 gubernatore
1607 2064 1664 2114 et
1706 2057 1916 2113 nautis.
1960 2057 2073 2113 Sed
2115 2057 2248 2128 quis

599 2153 661 2208 in
716 2155 894 2210 rebus
926 2151 1186 2208 honestis
1237 2150 1405 2205 fuerit
1437 2148 1589 2204 adeo
1646 2163 1847 2202 socors
1886 2149 1942 2200 et
1975 2146 2246 2214 ignavus,

596 2249 697 2298 aut
726 2240 1026 2297 auditores
1050 2245 1229 2294 tantae
1261 2237 1556 2294 damnarit
1578 2234 1948 2306 negligentiae
1995 2238 2052 2288 et
2088 2249 2245 2288 som-

594 2329 884 2394 nolentiae,
934 2332 998 2383 ut
1034 2343 1157 2382 non
1195 2325 1450 2382 aliorum
1510 2325 1686 2380 etiam
1739 2323 2074 2378 meminerit
2117 2337 2246 2393 pro-

593 2419 782 2489 phetae
820 2417 999 2486 hujus
1038 2413 1428 2480 admirabilis,
1462 2429 1598 2484 quae
1632 2417 1687 2468 et
1723 2415 1978 2483 possunt
2009 2409 2244 2465 afﬁcere

593 2505 1008 2570 admiratione,
1043 2508 1098 2559 et
1136 2518 1421 2573 magnam
1453 2501 1664 2557 afferre
1691 2500 1995 2555 utilitatem
2030 2498 2243 2554 animis

592 2594 935 2650 auditorum
965 2591 994 2646 τ

665 2683 817 2738 XXII.
850 2685 982 2736 Erat
1012 2679 1170 2736 enim
1201 2684 1338 2734 tunc
1384 2677 1547 2748 apud
1582 2676 1948 2749 Babylonios
1998 2675 2240 2731 simula-

589 2787 781 2835 crum,
798 2769 960 2842 quod
985 2769 1044 2824 in
1065 2784 1287 2838 magno
1309 2766 1648 2822 habebatur
1667 2766 1912 2820 honore.
1933 2765 1995 2819 Ei
2016 2781 2239 2820 nomen

589 2864 712 2915 erat
742 2859 835 2913 Bel
865 2875 878 2910 :
909 2858 1002 2913 cui
1034 2857 1213 2913 etiam
1233 2861 1521 2927 tanquam
1548 2853 1661 2909 deo
1688 2859 2092 2908 constructum
2118 2859 2241 2909 erat

589 2945 875 3018 templum
902 2950 956 3001 et
998 2960 1125 3008 ara,
1180 2944 1345 3015 eique
1379 2941 1740 3014 suppeditati
1799 2940 2030 2997 fuerant
2090 2941 2238 3011 largi

589 3039 893 3106 sumptus:
922 3039 980 3089 et
1008 3033 1164 3090 circa
1193 3031 1360 3087 illum
1388 3036 1513 3086 erat
1543 3030 1819 3102 frequens
1850 3029 2022 3085 turba
2047 3047 2234 3087 sacer-
2272 3087 2311 3141 Ο

607 3122 795 3141 Διᾼιη-Α-
853 3124 1124 3141 n_r____‘n___
1165 3136 1294 3141 __-__
1336 3120 1520 3141 __-_:-
1573 3119 1805 3141 -.-Ξ-1-...
1841 3134 1904 3141 --
1953 3123 2233 3141 _..__1__L__

595 3122 824 3177 dotum.
852 3124 1133 3193 Sumptus
1165 3136 1300 3175 vero
1333 3120 1525 3190 specie
1567 3119 1810 3190 quidem
1839 3134 1907 3173 ac
1953 3123 2237 3189 praetextu

595 3210 1131 3282 suppeditabantur
1159 3208 1352 3264 idolo:
1381 3224 1587 3264 revera
1616 3213 1814 3264 autem
1845 3208 1923 3263 ab
1967 3209 2094 3279 ejus
2142 3226 2236 3264 sa-

595 3297 1193 3354 cerdotibuslatenter
1210 3296 1733 3352 consumebantur.
1761 3295 1825 3350 ld
1846 3295 1972 3366 ipse
1997 3312 2238 3367 quoque

611 3403 712 3442 rex
756 3386 986 3442 colebat
1019 3393 1071 3441 Is
1098 3389 1226 3441 erat
1257 3387 1461 3457 Cyrus,
1491 3385 1594 3447 qui
1647 3383 1820 3438 Dario
1848 3389 2234 3440 successerat.

594 3475 701 3541 Qui
734 3475 932 3543 etiam,
972 3475 1237 3530 similiter
1268 3479 1445 3545 atque
1495 3473 1718 3539 Darius,
1754 3472 2038 3528 honorem
2099 3489 2236 3528 con-

592 3578 834 3618 servans
863 3563 922 3616 in
952 3563 1270 3628 Danielem,
1305 3578 1442 3617 eum
1471 3561 1733 3617 habebat
1755 3562 2151 3618 convictorem
2180 3568 2234 3618 et

592 3650 1092 3721 gloriosissimum
1123 3650 1395 3704 omnium
1428 3665 1673 3704 suorum
1698 3650 2050 3706 amicorum.
2089 3652 2232 3708 Hinc

594 3741 777 3797 etiam
808 3739 1033 3794 factum
1061 3745 1250 3808 est,ut
1275 3739 1622 3794 eisuaderet
1650 3747 1711 3792 ut
1742 3741 1838 3794 Bel
1865 3739 2078 3796 coleret
2104 3746 2229 3795 tan-

590 3843 773 3900 quam
799 3828 971 3884 deum
1002 3827 1317 3882 viventem.
1342 3830 1430 3881 An
1457 3842 1578 3881 non
1601 3827 1786 3893 vides,
1822 3828 2034 3900 inquit,
2063 3829 2228 3900 quod

589 3916 796 3972 similae
835 3915 1079 3988 quidem
1132 3915 1381 3971 Artabas
1413 3915 1732 3970 duodecim
1771 3917 2055 3987 quotidie,
2084 3933 2226 3972 oves

583 4009 772 4062 autem
799 4020 918 4060 non
944 4003 1250 4076 pauciores
1276 4020 1462 4076 quam
1494 4004 1891 4075 quadraginta
1917 4006 2228 4062 comedat?

585 4094 702 4150 vini
729 4110 866 4149 vero
893 4110 996 4148 sex
1019 4097 1172 4149 totas
1195 4093 1395 4150 ebibat
1426 4097 1703 4149 metretas
1732 4093 1760 4147 ?
1802 4096 1894 4148 Est
1923 4093 2036 4149 hoc
2068 4110 2228 4150 error

583 4183 934 4238 manifestus
976 4186 1033 4238 et
1071 4189 1271 4255 aperte
1309 4181 1603 4253 deceptio,
1648 4183 1728 4238 ait
1787 4184 1884 4238 Dei
1916 4184 2224 4256 propheta.

580 4275 717 4328 Nam
731 4271 894 4345 quod
922 4271 1079 4326 intus
1096 4272 1352 4342 quidem,
1381 4278 1466 4326 est
1489 4272 1692 4337 lutum,
1713 4288 1792 4327 aes
1811 4276 2000 4327 autem
2019 4275 2225 4329 extrin-

579 4375 771 4425 secus,
822 4375 1015 4430 neque
1050 4363 1245 4428 potest
1283 4376 1432 4422 esse,
1471 4375 1662 4429 neque
1701 4359 1925 4414 bibere.
1955 4361 2228 4416 Irascitur

2027 249 2290 309 MENSIS
2330 247 2591 306 JULIUS.

627 394 726 446 vet
748 387 921 460 :quin
951 387 1128 443 etiam
1156 384 1444 457 templum
1469 396 1712 454 quoque
1742 377 2042 452 spoliabit,
2070 382 2125 432 et
2169 376 2269 431 de-
2300 379 2345 430 A
2378 373 2678 425 καταλύσει·

3884 241 3986 298 396

2766 374 2839 422 ἔτι
2893 389 2953 439 γε
3031 373 3132 440 μὴν
3231 366 3449 424 συλήσει
3519 370 3606 418 καὶ
3679 369 3768 418 τὸν
3838 373 3977 432 ναόν,

2379 461 2580 532 ἁφανιεῐ
2622 480 2674 512 τε
2721 465 2807 517 τὴν
2849 459 3108 511 πολιτείαν
3156 462 3245 508 καὶ
3292 458 3386 516 τὰς
3439 457 3622 516 θυσίας
3667 454 3753 507 ἐπὶ
3808 462 3979 529 τρισὶν

2375 553 2539 601 ἔτεσιν
2594 549 2819 621 ἀπείρξει
2868 548 3143 600 τελεῖσθαι.
3222 549 3400 616 Γέγονε
3459 548 3548 614 μὲν
3615 544 3753 596 οὕτω
3813 554 3979 597 ταῦτα

2373 644 2462 691 καὶ
2497 639 2562 699 εἰς
2607 642 2752 712 ἔργον
2803 636 2967 702 ἐξέϐη,
3017 636 3290 706 Ἀντιόχου
3343 631 3482 691 δῆτα
3529 641 3619 684 τοῦ
3671 634 3976 704 Ἐπιφανοῦς

2377 727 2760 800 βασιλεύοντος.

2448 816 2569 870 ΚΑ’.
2623 823 2838 889 Προεῖπε
2887 811 2943 866 δὲ
2994 813 3127 865 αὐτὰ
3172 811 3360 868 Δανιὴλ
3391 810 3598 870 πολλαὶς
3648 812 3752 881 ἄρα
3781 818 3971 880 γενεαῖς

2376 911 2636 978 πρότερον,
2691 913 2782 956 τοῦ
2815 911 2946 956 Θεοῦ
2987 899 3246 964 δείξαντος
3300 900 3440 969 αὐτῷ
3493 907 3658 950 ταῦτα
3706 904 3797 950 xui
3844 903 3967 973 γρά-

2371 995 2470 1064 ψαι
2521 995 3031 1067 παρασκευάσαντος,
3089 993 3224 1042 ὥστε
3304 993 3421 1050 τοὺς
3494 988 3964 1059 ἀναγιγνώσκοντας

2370 1089 2458 1134 καὶ
2506 1087 2570 1136 τὰ
2629 1082 2980 1154 συμϐαίνοντα
3034 1087 3356 1139 σκοποῦντας
3427 1078 3710 1149 θαυμάζειν
3773 1098 3824 1129 τε
3882 1083 3962 1129 τόν

2371 1173 2552 1229 Δανιὴλ
2600 1180 2690 1232 τῆς
2744 1178 2916 1242 τιμῆς,
2964 1171 3026 1232 ἧς
3055 1169 3196 1232 ἆξιος
3227 1168 3403 1241 ἐκρίθη
3438 1171 3581 1240 παρὰ
3627 1175 3783 1233 Θεοῦ,
3829 1171 3963 1240 εὑρί-

2373 1280 2511 1312 σκειν
2566 1280 2618 1312 τε
2678 1264 2797 1320 τούς
2842 1261 3234 1331 Ἐπικουρείους
3289 1257 3512 1309 ἐντεῦθεν
3571 1255 3767 1327 κομιδῆ
3847 1257 3965 1308 πλα-

2367 1353 2634 1420 νωμένους,
2697 1350 2747 1400 οἵ
2801 1355 2893 1406 τήν
2952 1368 3004 1400 τε
3060 1354 3298 1420 πρόνοιαν
3349 1345 3654 1398 ἐϐκάλλουσι
3710 1354 3802 1397 τοῦ
3842 1345 3960 1418 βίον

2368 1443 2457 1489 καὶ
2507 1442 2634 1491 Θεὸν
2679 1437 2772 1489 οῦκ
2832 1437 3041 1498 ἀξιοῦσι
3093 1446 3192 1488 τῶν
3239 1438 3557 1509 πραγμάτων
3594 1436 3959 1507 ἐπιτροπεύειν,

2368 1524 2490 1579 οὐδὲ
2538 1529 2636 1579 ὑπὸ
2685 1535 2780 1587 τῆς
2823 1530 3086 1598 μακαρίας
3134 1530 3222 1577 καὶ
3277 1523 3541 1596 ἀφθάρτου
3591 1527 3794 1594 φύσεως
3839 1529 3963 1595 πρὸς

2369 1613 2623 1688 διαμονὴν
2703 1623 2802 1667 τῶν
2902 1615 3026 1666 ὅλων
3088 1613 3439 1686 κυϐερνᾶσθαι
3521 1615 3584 1664 τὰ
3665 1615 3960 1683 σύμπαντα,

2367 1707 2580 1779 ἄμοιρον
2613 1702 2671 1757 δὲ
2714 1706 2935 1776 ἡνιόχου
2967 1707 3054 1754 xui
3088 1710 3417 1777 φροντιστοῦ.
3462 1705 3558 1753 Τὸν
3590 1705 3786 1772 κόσμον
3813 1702 3961 1753 αὖτο-

2365 1797 2540 1866 μάτως
2588 1794 2791 1846 ἅπαντα
2835 1795 3077 1866 φέρεσθαι
3131 1792 3360 1862 λέγουσι,
3423 1799 3592 1851 κακῶς
3655 1791 3790 1842 οὕτω
3873 1797 3958 1842 καὶ

2366 1891 2656 1956 φρονοῦντες
2709 1888 2798 1934 καὶ
2855 1883 3081 1952 λέγοντες
3137 1883 3184 1932 οἱ
3243 1888 3516 1954 προφανῶς
3585 1879 3790 1936 ἀνόητοι
3871 1887 3955 1931 καὶ

2361 1973 2454 2024 οὐκ
2509 1969 2719 2036 εἰδότες,
2789 1975 2857 2033 ὡς
2930 1967 3051 2022 οὐδὲ
3123 1977 3243 2031 ναῦς
3325 1968 3372 2019 ἐν
3447 1968 3610 2040 λιμένι
3663 1965 3951 2026 διασωθείη

2360 2061 2668 2133 κυϐερνήτου
2726 2066 2811 2112 καὶ
2870 2069 3066 2111 ναυτῶν
3097 2062 3301 2132 ἕρημος.
3359 2057 3511 2108 Ἀλλὰ
3557 2061 3634 2117 τίς
3679 2059 3739 2108 ἄν
3791 2058 3954 2130 ῥάθυ-

2359 2170 2467 2217 μως
2516 2150 2649 2201 οὕτω
2706 2154 2821 2220 περὶ
2869 2152 2932 2200 τὰ
2983 2148 3114 2198 καλὰ
3171 2150 3368 2217 γένοιτο
3439 2146 3467 2204 ἣ
3520 2155 3618 2197 τῶν
3695 2145 3953 2219 ἀκροωμέ-

2356 2259 2451 2289 νων
2507 2239 2766 2311 ῥαθυμίαν
2816 2241 3080 2294 τοσαύτην
3133 2241 3221 2287 καὶ
3275 2239 3429 2287 ῦπνον
3482 2242 3835 2306 κατεγνωκὼς,
3888 2241 3952 2298 ως

2355 2331 2426 2397 μὴ
2487 2331 2575 2378 καὶ
2622 2334 2720 2377 τῶν
2775 2325 2935 2377 ἄλλων
2984 2333 3073 2376 τοῦ
3107 2327 3410 2394 θαυμαστοῦ
3459 2327 3642 2375 τούτου
3684 2331 3954 2397 προφήτου

2356 2413 2736 2485 ἐπιμνησθῆναι
2787 2415 3056 2485 θαυμάσαι
3110 2433 3162 2464 τε
3214 2415 3396 2464 ἱκανῶν
3436 2415 3587 2464 ὄντων
3635 2418 3722 2464 καὶ
3767 2415 3954 2473 πολλὴν

2355 2503 2592 2574 ὠφέλειαν
2645 2510 2756 2564 ταῖς
2788 2510 2886 2553 τῶν
2936 2501 3200 2575 ἀκροατῶν
3247 2501 3451 2573 ψυχαῖς
3507 2500 3740 2572 ἐμϐαλεῖν
3798 2499 3952 2554 δυνα-

2353 2596 2512 2662 μένων
2542 2610 2554 2660 ;

2427 2679 2519 2732 ΚΒ’
2598 2679 2692 2732 Ἦν
2788 2682 2797 2694 “
2929 2684 2936 2694 ’
3108 2687 3128 2696 “’
3275 2678 3354 2718 5"
3453 2683 3460 2695 '
3638 2681 3690 2710 ’·
3823 2675 3876 2696 ’“

2528 2720 2539 2732 .
2743 2700 2840 2752 γαρ
2887 2699 2997 2731 τοτε
3041 2699 3152 2741 τοις
3197 2687 3543 2740 Βαουλωνιοις
3573 2699 3707 2730 πάνυ
3743 2695 3947 2751 σφοορα

2352 2776 2632 2840 τιμώμενον
2707 2766 2934 2819 εἴδωλον·
3004 2772 3164 2840 ὄνομα
3211 2771 3376 2838 τούτῳ
3432 2767 3554 2834 Βὴλ,
3612 2765 3650 2837 ᾧ
3709 2775 3789 2818 καὶ
3853 2769 3940 2819 οἷα

2354 2861 2447 2929 θεῷ
2498 2862 2618 2920 ναὸς
2670 2861 3055 2909 κατεσκεύαστο
3106 2861 3194 2908 καὶ
3252 2855 3430 2929 βωμὸς
3484 2853 3715 2908 δαπάναι
3762 2876 3812 2908 τε
3857 2876 3936 2907 κε-

2348 2952 2651 3020 χορήγηντο
2720 2943 2977 3015 δαψιλεῖς
3051 2952 3138 2997 καὶ
3187 2945 3339 3016 ὄχλος
3417 2948 3586 3020 ἱερέων
3650 2942 3780 3003 ἦσαν
3828 2958 3946 3019 περὶ

2349 3039 2538 3087 ἐκείνου
2592 3039 2804 3107 συχνός·
2859 3038 2912 3086 ui
2957 3032 3186 3086 δαπάναι
3235 3031 3293 3086 δὲ
3335 3040 3594 3106 πρόφασιν
3635 3039 3723 3104 μεν
3754 3043 3825 3104 τῷ
3875 3036 3941 3087 εἰ-

2351 3121 2497 3194 δῶλῳ
2534 3127 2942 3197 χορηγοῦμεναι,
2977 3126 3034 3174 τὸ
3068 3120 3125 3175 δὲ
3158 3122 3340 3182 ἀληθὲς
3375 3129 3476 3182 τοῖς
3519 3125 3733 3197 ἱερεῦσιν
3777 3123 3937 3175 αὐτοῦ

2349 3214 2482 3262 κατὰ
2537 3215 2594 3261 τό
2660 3211 2870 3271 λεληθὸς
2919 3207 3303 3282 δαπανώμεναι·
3357 3219 3509 3262 τοῦτο
3580 3210 3770 3263 ἐσέϐετο
3843 3219 3932 3264 καὶ

2347 3298 2500 3358 αὐτὸς
2556 3297 2821 3371 βασιλεῦς.
2861 3302 3021 3374 Κύρος
3066 3296 3126 3358 ἦν
3168 3301 3328 3366 οὗτος,
3364 3301 3388 3350 ό
3437 3303 3523 3351 τὸν
3574 3308 3770 3373 Δαρεῖον
3819 3298 3938 3352 δια-

2349 3383 2640 3459 δεξάμενος,
2696 3389 2750 3448 ὅς
2806 3390 2908 3460 ἄρα
2954 3393 3042 3440 xui
3087 3393 3218 3463 πρὸς
3246 3392 3330 3440 τόν
3381 3389 3568 3447 Δανιὴλ
3621 3395 3713 3447 τὴν
3760 3392 3944 3461 ὁμοίαν

2347 3480 2537 3549 Δαρείῳ
2588 3473 2867 3538 διασῶζων
2920 3481 3088 3548 τιμὴν,
3134 3476 3434 3548 συμϐιῶτην
3479 3497 3532 3529 τε
3581 3474 3693 3548 εἶχε
3723 3484 3814 3529 καὶ
3844 3488 3945 3530 τῶν

2345 3563 2502 3615 αὐτοῦ
2556 3564 2709 3636 φίλων
2762 3561 3146 3628 ἐπιδοξότατον.
3213 3565 3386 3618 Ἔνθεν
3438 3585 3518 3618 τοι
3577 3572 3667 3618 καὶ
3720 3574 3942 3639 παρῄνει

2343 3653 2482 3722 αὐτῷ
2512 3655 2741 3726 καθάπερ
2775 3656 2869 3725 θεῷ
2903 3655 3057 3715 ζῶντι
3105 3659 3384 3729 προσέχειν
3428 3664 3498 3726 τῷ
3549 3655 3665 3714 Βήλ.
3723 3662 3787 3708 ⁴Η
3834 3657 3935 3728 οὐχ

2343 3743 2483 3814 ὁρᾷς,
2533 3748 2707 3813 φησὶν,
2770 3746 2837 3804 ὡς
2889 3743 3142 3818 Ἀρτάϐας
3185 3748 3273 3816 μὲν
3335 3741 3654 3816 σεμιδάλεως
3714 3745 3943 3808 ἑκάστης

2339 3832 2532 3902 ἡμέρας
2565 3829 2905 3898 δυοκαίδεκα,
2948 3833 3184 3907 πρόϐατα
3229 3830 3286 3884 δὲ
3317 3832 3374 3884 οὗ
3406 3841 3546 3904 μεῖον
3590 3835 3620 3891 ἢ
3678 3839 3944 3909 τεσσαρά-

2337 3938 2496 3970 κοντα
2543 3920 2724 3986 ἐσθίει,
2785 3925 2921 3973 οἴνου
2968 3919 3027 3973 δὲ
3065 3923 3117 3984 ἒξ
3155 3927 3270 3982 τοὺς
3308 3925 3504 3984 πάντας
3549 3927 3808 3997 μετρητὰς
3861 3924 3942 3976 ἐκ-

2337 4009 2744 4074 πίνειν;Πλάνη
2809 4019 2959 4063 τοῦτο
3030 4016 3198 4083 σαφὴς
3272 4017 3360 4063 καὶ
3418 4011 3654 4084 ἀντικρὺς
3708 4014 3940 4086 παραλο-

2336 4100 2543 4168 γισμός,
2603 4100 2627 4149 ό
2672 4107 2763 4150 τοῦ
2818 4104 2943 4152 Θεοῦ
3001 4100 3092 4171 ἔφη
3142 4106 3428 4174 προφήτης
3464 4102 3489 4152 ό
3523 4104 3624 4174 γὰρ
3656 4099 3802 4154 ἔνδον
3843 4108 3938 4174 μὲν

2337 4186 2515 4256 πηλός,
2566 4187 2743 4250 ἔξωθεν
2801 4185 2859 4240 δὲ
2902 4189 3098 4260 χαλκὸς
3141 4194 3228 4257 ὧν,
3283 4189 3389 4241 οὔτ’
3448 4189 3635 4242 ἐσθίειν
3683 4194 3800 4243 οὔτε
3849 4198 3936 4244 πί-

2336 4293 2434 4326 νειν
2494 4271 2726 4337 δυνατῶς
2802 4279 2932 4347 ἔχει.
2991 4277 3290 4350 Ὀργίζεται
3348 4280 3373 4328 ὁ
3431 4281 3598 4352 Κύρος
3679 4277 3931 4340 ἀκούσας·

2336 4363 2482 4414 καλεί
2551 4370 2847 4436 παραυτίκα
2919 4369 3040 4427 τοῦς
3093 4369 3254 4436 ἱερεῖς,
3307 4365 3501 4418 ἀπειλεῖ
3580 4369 3813 4432 θάνατον,
3883 4370 3933 4420 εἰ

577 4447 723 4513 haec,
757 4447 1008 4502 audiens
1026 4445 1216 4517 Cyrus
1241 4450 1297 4501 et
1327 4446 1525 4501 statim
1552 4427 1724 4501 vocat
1748 4449 2087 4505 sacerdotes
2119 4451 2226 4505 mi-

2349 4455 2405 4509 ιὴ
2441 4450 2762 4514 ἀποδείξαιεν
2803 4453 3040 4506 ἐσθίοντα
3091 4457 3175 4505 τόν
3217 4453 3338 4512 Βὴλ·
3375 4457 3422 4505 οἱ
3454 4451 3530 4506 δέ’
3565 4462 3637 4527 Τῇ
3687 4457 3922 4529 τραπέζῃ

575 4541 869 4607 naturque
886 4534 1275 4600 mortem,nisi
1299 4534 1391 4589 Bel
1411 4537 1751 4591 comedente
1763 4555 1815 4592 m
1840 4539 2220 4595 ostenderint.

574 4624 655 4680 illi
694 4639 854 4688 vero,
895 4626 1104 4679 Mensa)
1134 4623 1316 4689 cibos,
1346 4623 1531 4690 aiunt,
1567 4640 1831 4695 appone;
1865 4642 1973 4681 nos
2025 4633 2222 4684 autem

571 4715 962 4784 egrediemur,
997 4717 1055 4767 et
1085 4712 1352 4768 clavibus
1376 4728 1446 4766 ac
1497 4713 1815 4781 signaculis
1842 4715 2115 4772 obserata
2135 4717 2217 4788 ja-

566 4819 706 4869 nua,
751 4802 874 4858 redi
905 4802 999 4856 die
1041 4802 1308 4872 sequenti
1337 4820 1348 4856 :
1387 4808 1442 4856 et
1488 4802 1602 4856 nisi
1632 4805 1838 4859 omnia
1868 4816 2222 4878 consumpta

569 4890 880 4955 inveneris,
910 4904 1018 4944 nos
1051 4889 1216 4958 digni
1242 4889 1464 4944 erimus
1507 4890 1837 4961 supplicio;
1868 4893 1956 4948 sin
2001 4897 2215 4961 minus,

567 4977 788 5043 Daniel,
823 4977 927 5047 qui
950 4977 1095 5031 etde
1128 4976 1320 5041 nobis,
1354 4976 1650 5046 etdeipso
1673 4978 1787 5033 deo
1803 4988 1888 5034 est
1912 4983 2213 5037 mentitus.

562 5069 740 5136 Atque
782 5069 969 5135 Cyrus
999 5065 1244 5137 quidem
1277 5066 1496 5129 statim,
1527 5067 1675 5121 sicut
1704 5067 1994 5132 dixerant,
2049 5072 2213 5128 cibos

565 5153 870 5223 apposuit:
895 5153 1097 5208 Daniel
1121 5159 1340 5218 autem,
1375 5154 1458 5208 eis
1483 5153 1990 5226 imprudentibus,
2021 5160 2214 5216 cinere

561 5238 764 5310 templi
789 5237 981 5294 solum
1003 5242 1370 5314 conspersit:
1403 5247 1458 5298 et
1486 5259 1620 5297 cum
1647 5243 1729 5299 sic
1757 5245 1937 5301 ambo
1963 5246 2210 5304 clausis~

560 5333 688 5381 sent
738 5332 794 5380 et
831 5325 1276 5397 obsignassent,
1334 5337 1718 5388 recesserunt.
1754 5334 2031 5406 Sequenti
2073 5354 2211 5395 vero

559 5414 659 5470 die
698 5411 1064 5478 accedentes,
1104 5417 1304 5475 vident
1342 5421 1589 5492 vestigia
1620 5423 1938 5481 mulierum
1967 5430 2024 5484 et
2053 5427 2204 5485 viro-

556 5517 697 5562 rum
726 5505 784 5560 et
799 5515 1119 5576 puerorum
1144 5504 1206 5564 in
1225 5507 1437 5567 cinere.
1458 5511 1569 5578 Qui
1592 5512 1772 5572 etiam
1798 5515 1975 5590 capti,
2005 5522 2198 5577 osten-

2333 4543 2575 4614 παράθες,
2634 4545 2847 4614 ἔφασαν,
2903 4546 2968 4595 τὰ
3021 4543 3295 4618 βρώματα,
3341 4543 3580 4616 βασιλεῦ·
3643 4545 3808 4617 ἔξιμεν
3865 4544 3929 4598 δὲ

2333 4633 2500 4701 ἡμεῖς,
2555 4637 2643 4682 xui
2692 4631 2848 4692 αὐτὸς
2910 4633 3077 4684 κλεισὶ
3135 4637 3224 4684 καὶ
3296 4639 3552 4706 σφραγῖσι
3610 4639 3702 4690 τὴν
3762 4637 3928 4706 θύραν

2333 4718 2761 4791 ἀσφαλισάμενος,
2802 4729 2894 4779 τῆν
2944 4720 3055 4782 ἑξῆς
3103 4723 3198 4787 ἴθι,
3257 4725 3346 4772 xui
3395 4722 3438 4773 εἰ
3485 4727 3555 4793 μὴ
3603 4722 3927 4786 καταλάϐοις

2331 4806 2626 4879 ἀνηλωμένα
2680 4811 2865 4872 πάντα,
2921 4810 3056 4871 άξιοι
3115 4816 3363 4884 τιμωρίας
3419 4812 3588 4882 ἡμεῖς’
3634 4811 3674 4862 εἰ
3704 4808 3753 4863 δ’
3806 4809 3922 4877 οὖν,

2329 4895 2451 4948 ἀλλά
2489 4897 2676 4955 Δανιὴλ
2734 4901 2956 4961 πάντως,
3011 4901 3036 4950 ό
3103 4904 3192 4950 καὶ
3243 4899 3400 4950 αὐτοῦ
3455 4902 3568 4951 θεοῦ
3625 4919 3680 4970 γι
3746 4920 3923 4952 κατα-

2325 4984 2640 5056 ψευσάμενος
2685 4992 2773 5038 καὶ
2829 4991 2995 5060 ἡμῶν,
3059 4991 3222 5061 Κύρος
3272 4991 3359 5059 μὲν
3405 4986 3490 5039 οὖν
3537 4991 3673 5040 κατὰ
3718 4993 3802 5041 τὸν
3835 4990 3928 5042 λό-

2323 5091 2410 5143 γον
2464 5082 2561 5124 τῶν
2612 5073 2902 5149 βρωμάτων
2951 5077 3095 5136 εὐθὺς
3142 5082 3391 5135 πεποίηκε
3445 5081 3532 5135 τὴν
3605 5080 3924 5151 παράθεσιν·

2325 5162 2510 5220 Δανιὴλ
2542 5160 2600 5215 δὲ
2649 5167 2862 5226 τούτους
2907 5165 3093 5230 λαθὼν,
3145 5162 3343 5236 σποδιᾷ
3389 5169 3445 5217 τὸ
3475 5173 3564 5218 τοῦ
3611 5174 3734 5218 ναοῦ
3778 5167 3924 5219 οἶπαν

2323 5248 2510 5323 ἔδαφος
2559 5256 2892 5306 καταπάττει·
2953 5258 3041 5306 καὶ
3096 5254 3229 5306 οὕτω
3287 5254 3580 5316 κλείσαντες
3634 5253 3928 5327 ἀμφότεροι

2321 5346 2408 5393 καὶ
2484 5346 2855 5414 σφραγίσαντες
2907 5346 3126 5414 ᾤχοντο·
3184 5351 3246 5414 τῇ
3323 5342 3439 5405 ἑξῆς
3499 5339 3557 5394 δὲ
3620 5348 3924 5418 παριόντες,

2317 5433 2443 5501 ἴχνη
2483 5439 2738 5502 γυναικῶν
2787 5436 2875 5484 xui
2917 5428 3118 5505 ἀνδρῶν
3162 5437 3250 5484 καὶ
3297 5428 3522 5484 παιδίων
3567 5433 3730 5505 όρῶσι
3778 5436 3924 5487 κατὰ

2314 5527 2403 5581 τῆς
2458 5515 2698 5588 σποδιᾶς,
2770 5522 2820 5574 οἳ
2887 5524 2977 5574 καὶ
3044 5519 3311 5595 ληφθέντες
3368 5523 3462 5585 τὰς
3517 5522 3749 5597 κρυπτὰς
3812 5524 3922 5578 ὑπ-
