4144 6258
213 347 322 409 397

1358 349 1522 407 VITA
1564 349 1623 404 S.
1668 342 2058 406 PROPHETrE
2097 353 2446 409 DANIELIS.

3476 356 3579 418 398

221 476 530 532 εδείκνυσαν
562 473 824 541 εἰσόδους,
879 473 950 529 δι’
984 477 1049 528 ὧν
1081 477 1328 540 εἰσιόντες
1369 483 1567 551 πρώην,
1606 474 1821 534 ἀνὴλουν
1852 496 1866 529 Α

1979 483 2081 532 unt
2105 479 2368 534 occultos
2393 480 2604 551 aditus,
2639 495 2743 552 per
2761 495 2917 552 quos
2945 495 3137 552 nuper
3159 483 3587 558 ingredientes,

220 571 288 620 τὰ
336 569 698 640 προτιθέμεναυ
751 574 915 618 ταῦτα
967 565 1272 635 όβασιλεὺς
1324 563 1469 630 ἰδὼν,
1509 565 1665 638 ὀργῆς
1697 567 1825 635 όμοῡ

223 661 316 709 καὶ
366 657 631 726 αἰσχύνης
673 654 935 715 ὑπόπλεως
987 659 1185 726 γίνεται
1238 659 1326 706 καὶ
1376 663 1466 714 τῆς
1515 658 1678 727 μέχρι
1717 658 1830 704 τότε

231 744 684 806 διαλανθανούσης
770 744 924 796 αὐτόν
992 742 1197 806 ἀπάτης
1255 748 1377 807 τοὺς
1433 746 1582 816 ἱερεῖς
1640 742 1830 814 ἀμυνό-

232 855 403 908 μενος,
459 835 684 894 ἅπαντας
761 833 950 893 αὐτοὺς
1019 831 1236 905 ἀναιρεῖ,
1315 837 1402 884 τὸν
1453 836 1571 884 ναόν
1631 829 1689 884 δε
1745 835 1833 882 καὶ

233 930 321 979 τόν
380 923 480 982 Βὴλ
553 920 765 976 ἔκδοτον
845 922 911 983 εἰς
993 927 1360 995 καταστροφὴν
1443 927 1682 997 παρέσχε
1764 929 1835 991 τῷ

239 1013 451 1072 Δανιὴλ.

315 1101 433 1158 Kl".
485 1108 648 1153 Τοῦτο
700 1108 903 1174 πρῶτον
953 1099 1290 1161 Βαϐυλωνίοις
1334 1103 1360 1152 ό
1406 1100 1593 1158 Δανιὴλ
1650 1095 1838 1151 ἐπιδεί-

244 1192 334 1254 ξας
360 1192 694 1262 κατόρθωμα.
750 1186 961 1250 οὐδενὸς
1000 1198 1098 1241 τῶν
1147 1192 1196 1242 ἓν
1225 1209 1278 1241 τε
1316 1193 1519 1242 συνέσει
1563 1193 1654 1240 καὶ
1683 1187 1840 1260 ἀγχι-

242 1285 358 1353 νοίᾳ
409 1281 812 1350 θαυμαζομένων
882 1277 1279 1350 ἀπολειπόμενον
1336 1280 1449 1331 εἶτα
1501 1283 1590 1330 καὶ
1666 1273 1843 1329 δεύτε-

244 1389 332 1443 ρον
383 1367 698 1425 ἐπιτίθησιν
746 1367 804 1419 οὐ
833 1370 934 1440 γὰρ
968 1372 1120 1439 μόνον
1161 1370 1208 1420 οἱ
1245 1367 1556 1424 ἀναίσθητοι
1588 1362 1733 1417 οὗτοι
1757 1368 1842 1416 τόν

246 1458 558 1514 ἀναίσθητον
616 1453 852 1507 ἐσέϐοντο
904 1456 1027 1522 Βὴλ,
1083 1455 1212 1508 ἀλλὰ
1268 1461 1359 1508 καὶ
1418 1453 1681 1530 δράκοντά
1731 1473 1845 1505 τινα

245 1550 406 1618 μέγαν
451 1543 810 1616 ἕμφωλεῦοντα
861 1548 985 1615 οἶκῳ
1038 1549 1139 1597 τινὶ
1198 1546 1580 1616 θεραπεύοντες,
1631 1545 1698 1604 ὡς
1749 1544 1844 1610 θεῷ

244 1643 552 1709 προσεῖχον
618 1635 763 1703 ἔργον
821 1641 978 1684 τοῦτο
1039 1637 1096 1684 τὸ
1152 1640 1336 1688 νοητοῦ
1395 1629 1697 1704 δράκοντος,
1754 1637 1844 1680 τοῦ

248 1728 336 1796 μεν
393 1731 526 1776 Θεου
573 1731 669 1774 τῶν
719 1721 842 1773 ὅλων
885 1720 1126 1792 ἀφιστᾷν,
1182 1724 1344 1795 θηρίῳ
1377 1717 1435 1773 δὲ
1463 1721 1653 1772 πείθειν
1680 1737 1847 1790 προσ-

1935 567 2369 623 consumebant
2399 584 2469 625 ea
2497 585 2630 642 quae
2660 570 3135 642 apponebantur.
3159 573 3290 628 Haec
3318 590 3454 631 cum
3485 593 3583 634 rex

1938 654 2195 720 vidisset,
2229 655 2316 711 ira
2346 656 2522 712 simul
2559 657 2819 729 repletur
2848 663 2904 714 et
2928 659 3172 730 pudore,
3205 664 3261 716 et
3291 662 3583 720 ulciscens

1943 744 2280 799 sacerdotes
2314 751 2553 816 pr0pter
2577 762 2711 802 cam
2736 762 2869 818 qua
2890 747 2967 802 ad
2992 747 3106 804 hoc
3133 765 3325 822 usque
3352 757 3588 825 tempus

1943 831 2183 900 latebat,
2215 832 2508 902 fraudem,
2541 850 2642 890 eos
2681 851 2890 891 omnes
2945 835 3260 904 interimit;
3297 840 3588 912 templum

1946 925 2145 977 autem
2177 926 2232 976 et
2260 921 2360 976 Bel
2390 923 2635 993 praebuit
2673 924 3060 981 evertendum
3099 927 3339 984 Danieli.

2024 1101 2210 1156 XXIII.
2243 1101 2388 1156 Cum
2447 1102 2650 1158 Daniel
2709 1102 3046 1174 Babyloniis
3091 1104 3204 1160 hoc
3238 1107 3590 1177 praeclarum

1951 1190 2210 1260 primum
2249 1190 2609 1246 Ostendisset
2654 1191 2896 1256 factum,
2942 1193 3104 1264 quod
3153 1194 3318 1250 nullo
3361 1212 3590 1262 eorum,

1951 1293 2086 1350 quae
2119 1283 2357 1349 propter
2395 1278 2840 1347 intelligentiam
2870 1285 2924 1336 et
2953 1281 3172 1350 ingenii
3231 1298 3483 1339 acumen
3535 1286 3596 1340 in

1953 1365 2348 1421 admiratione
2377 1367 2690 1430 habentur,
2733 1371 2822 1420 est
2851 1367 3113 1432 inferius,
3156 1369 3371 1426 deinde
3418 1372 3596 1427 etiam

1954 1453 2286 1509 secundum
2313 1453 2532 1524 adjicit.
2561 1457 2688 1510 Non
2711 1453 2905 1509 solum
2937 1455 3094 1510 enim
3114 1456 3207 1511 isti
3237 1457 3399 1514 nullo
3422 1459 3596 1530 plane

1955 1559 2136 1598 sensu
2153 1542 2404 1614 praediti,
2435 1541 2596 1598 nullo
2621 1557 2802 1598 sensu
2827 1543 3143 1614 prmditum
3166 1545 3260 1600 Bel
3291 1547 3592 1619 colebant:

1953 1630 2059 1686 sed
2115 1632 2290 1686 etiam
2347 1645 2634 1700 magnum
2661 1631 2988 1702 quemdam
3023 1631 3364 1700 draconem,
3408 1635 3510 1706 qui
3539 1636 3601 1691 in

1954 1717 2136 1774 domo
2163 1717 2427 1790 quadam
2482 1717 2886 1782 delitescebat,
2917 1723 3208 1791 tanquam
3244 1721 3426 1776 deum
3449 1721 3602 1777 cole-

250 1813 457 1865 κεῖσθαι
494 1813 850 1885 πονηροτάτῳ
907 1815 1149 1882 πειρᾶται
1203 1817 1327 1880 γοῦν
1379 1809 1472 1860 κάν
1531 1811 1696 1880 τούτῳ
1747 1809 1846 1860 Κύ-

1978 1811 2122 1864 >ant.
2166 1808 2285 1862 Hoc
2309 1822 2461 1878 opus
2492 1812 2579 1862 est
2608 1807 2756 1877 ejus,
2789 1808 2893 1878 qui
2923 1807 3312 1876 intelligentia
3347 1810 3604 1882 percipi-

249 1921 332 1975 ρος
377 1908 468 1952 τοῦ
517 1899 706 1958 Δανιὴλ
749 1905 838 1951 καὶ
883 1902 945 1958 ὡς
1001 1897 1200 1959 ἀληθῶς
1231 1898 1457 1950 ἐσθίοντι
1506 1902 1593 1950 καὶ
1648 1902 1847 1950 πίνοντι

250 1995 338 2042 καὶ
394 1990 550 2049 ζῶντι
606 1990 701 2058 θεῴ
751 1995 1056 2062 προσκυνεῖν
1109 1990 1412 2062 παρηγγύα⁶
1477 1988 1551 2039 Οὐ
1609 1989 1706 2060 γὰρ
1763 1987 1845 2051 οἶν,

255 2081 458 2150 ἔφησεν,
515 2080 646 2149 ἓχης
698 2077 875 2145 εἰπεῖν,
937 2079 1016 2128 ὅτι
1072 2078 1167 2128 κᾶν
1217 2077 1363 2137 οὗτος
1419 2076 1512 2128 οὐκ
1570 2079 1684 2128 ἔστι
1739 2076 1848 2134 θεὸς

255 2168 374 2228 ζῶν·
435 2169 460 2218 ό
507 2164 591 2217 δέ·
654 2171 829 2236 Κυρίῳ
879 2173 948 2234 τῷ
1001 2170 1108 2228 Θεῷ
1169 2185 1270 2237 μου
1324 2170 1702 2237 προσκυνήσωο
1761 2168 1851 2234 μό-

253 2275 335 2315 νος
381 2256 482 2327 γάρ
537 2250 685 2313 οὗτος
742 2252 945 2314 ἀληθῶς
1002 2257 1124 2319 ζῶν,
1159 2251 1233 2306 δι’
1264 2255 1322 2306 οὗ
1354 2255 1519 2326 ζῶμεν
1567 2258 1655 2306 καὶ
1685 2256 1851 2304 κινού-

252 2344 384 2416 μεθα
422 2345 511 2394 καὶ
562 2344 738 2412 ἐσμέν·
801 2342 824 2392 6
858 2338 916 2393 δὲ
963 2338 1168 2415 δράκων
1217 2338 1366 2402 οὗτος
1399 2343 1595 2402 ἰοϐόλος
1623 2343 1736 2413 ὄφις
1766 2347 1851 2394 καὶ

254 2435 494 2504 πονηρός,
542 2429 886 2501 λυμαίνεσθαι
939 2433 1028 2498 μεν
1080 2427 1248 2493 εἰδὼς,
1304 2431 1507 2502 ὠφελεῖν
1561 2428 1620 2482 δὲ
1669 2427 1855 2482 οὐδένα

260 2517 475 2579 δυνατός
503 2523 589 2573 ὧν.
625 2517 682 2570 Εἰ
730 2514 782 2569 δ’
813 2519 891 2569 ὅτι
942 2523 1030 2569 καὶ
1063 2519 1238 2578 θνητός
1284 2517 1396 2570 ἔστι
1441 2527 1634 2590 γνῶναι
1675 2518 1851 2581 θέλεις,

259 2615 348 2661 καὶ
400 2613 491 2666 τὴν
545 2611 698 2678 φύσιν
753 2609 991 2681 φθαρτὸς,
1048 2605 1154 2658 ἀλλ’
1207 2607 1264 2659 οὐ
1313 2611 1402 2679 μὲν
1433 2607 1519 2659 οὖν
1565 2609 1671 2666 θεός
1701 2602 1854 2657 οὐδα-

265 2707 391 2770 μῶς,
445 2695 736 2769 ἐπίτρεψον,
772 2696 811 2746 ὧ
858 2694 1100 2768 βασιλεῦ,
1157 2695 1300 2768 κάγὼ
1353 2704 1532 2748 τοῦτον
1583 2699 1857 2770 μαχαίρας

264 2789 380 2840 ἄνευ
427 2791 516 2839 καὶ
569 2783 772 2860 ῥάϐδου
831 2796 1144 2839 κατακτενῶ.
1201 2787 1588 2846 Ἐπινεύσαντος
1641 2782 1728 2836 οὖν
1808 2785 1857 2835 ἐν

263 2881 431 2948 τούτῳ
480 2883 568 2928 τοῦ
628 2873 904 2946 βασιλέως,
970 2880 1168 2926 πίσσαν
1235 2877 1362 2946 όμοῦ
1416 2880 1504 2926 καὶ
1559 2877 1712 2945 στέαρ
1770 2877 1856 2924 καὶ

264 2970 461 3038 τρίχας
513 2965 538 3014 6
593 2965 889 3033 θαυμαστός
941 2962 1090 3023 οὗτος
1140 2961 1266 3036 ἀνὴρ
1328 2961 1574 3024 έστηκὼς,
1627 2957 1736 3011 εἶτα
1773 2965 1862 3010 καὶ

270 3053 444 3125 μάζας
483 3056 798 3112 πεποιηκὼς,
850 3050 916 3110 εἰς
966 3053 1025 3101 τό
1073 3069 1244 3121 στόμα
1288 3051 1482 3107 καθῆκε
1510 3056 1601 3101 τοῦ
1647 3045 1864 3122 δράκόν-

1961 1901 2052 1952 tur
2077 1894 2986 1965 draconis,abducerequidema
3009 1898 3126 1951 Deo
3154 1898 3561 1953 universorum
3588 1914 3602 1953 :

1959 1985 2316 2057 persuadere
2330 1989 2617 2049 autem,ut
2633 1982 2981 2038 adhaereant
2994 1983 3193 2039 bestiae
3207 1985 3603 2056 nequissimae.

1958 2076 2236 2130 Tentatur
2293 2087 2434 2141 ergo
2489 2071 2551 2126 in
2602 2071 2714 2126 hoc
2743 2086 2984 2143 quoque
3016 2071 3280 2128 Daniela
3311 2075 3500 2146 Cyro:
3551 2081 3606 2130 et

1956 2162 2204 2233 jubebat
2235 2165 2296 2216 ut
2325 2176 2463 2216 eum
2494 2159 2770 2216 adoraret
2799 2164 3091 2232 tanquam
3120 2176 3256 2217 vere
3289 2163 3603 2219 comeden-

1963 2256 2080 2308 tem
2128 2255 2185 2306 et
2239 2249 2544 2306 bibentem
2596 2252 2653 2304 et
2700 2247 2995 2303 viventem
3035 2249 3238 2306 deum.
3268 2253 3394 2306 Non
3441 2255 3607 2323 potes

1965 2340 2146 2403 enim,
2169 2337 2384 2403 aiebat,
2405 2337 2596 2392 dicere
2623 2337 2784 2392 hunc
2809 2352 2927 2391 non
2947 2352 3075 2392 esse
3093 2338 3273 2394 deum
3289 2339 3606 2394 viventem.

1966 2427 2064 2484 Ille
2094 2433 2314 2491 autem,
2345 2424 2933 2497 Dominum,-inquit,
2983 2441 3183 2480 meum
3239 2427 3528 2483 adorabo.
3559 2430 3610 2482 Is

1966 2516 2125 2571 enim
2154 2521 2243 2571 est
2292 2515 2454 2570 solus
2482 2530 2614 2569 vere
2645 2513 2864 2581 vivens,
2897 2530 3002 2585 per
3047 2529 3228 2586 quem
3277 2515 3526 2570 vivimus
3556 2521 3611 2570 et

1967 2619 2280 2659 movemur
2330 2610 2385 2658 et
2415 2619 2622 2657 sumus
2651 2604 2692 2655 ι.
2726 2602 2826 2657 Hic
2859 2617 2996 2656 vero
3023 2618 3270 2674 serpens
3315 2608 3401 2657 est
3429 2603 3610 2659 draco

1966 2695 2294 2748 venenatus
2321 2696 2378 2746 et
2401 2691 2611 2757 malus,
2664 2691 2761 2761 qui
2810 2690 2919 2744 scit
2947 2689 3192 2761 quidem
3243 2707 3476 2756 nocere,
3509 2707 3612 2747 ne-

1968 2782 2112 2838 mini
2159 2785 2360 2837 autem
2399 2785 2590 2850 potest
2620 2777 2924 2850 prodesse.
2970 2779 3142 2843 Quod
3176 2779 3223 2834 si
3265 2779 3406 2835 velis
3465 2781 3614 2836 scire

1969 2886 2106 2925 eum
2137 2869 2313 2924 etiam
2334 2884 2463 2922 esse
2484 2865 2818 2932 mortalem,
2847 2870 2904 2921 et
2929 2867 2988 2921 in
3010 2882 3190 2938 quem
3213 2873 3427 2923 natura
3456 2869 3616 2924 cadit

1972 2957 2257 3026 interitus,
2307 2971 2428 3010 non
2475 2960 2676 3010 autem
2724 2954 2927 3021 deum,
2985 2955 3277 3025 permitte,
3307 2971 3342 3010 ο
3400 2971 3519 3022 rex,
3560 2960 3617 3012 et

1973 3060 2084 3114 ego
2115 3059 2253 3100 eum
2293 3043 2562 3100 occidam
2599 3043 2726 3098 sine
2774 3043 2973 3113 gladio
3003 3046 3058 3098 et
3087 3043 3272 3113 virga.
3306 3044 3444 3099 Cum
3479 3060 3617 3100 vero

267 3161 370 3203 τος.
427 3140 486 3192 Ὀ
535 3137 594 3192 δὲ
629 3145 805 3211 φαγὼν
849 3139 1100 3212 ῥήγνυται
1144 3146 1496 3212 παραχρῆμα.
1540 3140 1673 3206 Πρός
1702 3143 1866 3188 ταῦτα

1978 3135 2028 3189 ei
2077 3148 2178 3189 rex
2223 3133 2337 3188 hoc
2386 3131 2706 3196 annuisset,
2740 3137 2796 3186 et
2841 3131 3032 3202 picem
3064 3131 3243 3187 simul
3291 3137 3348 3188 et
3373 3132 3615 3203 adipem

269 3233 318 3281 οἱ
375 3237 473 3280 τῶν
533 3226 864 3280 Βαϐυλωνίων
924 3223 1474 3299 δεισιδαιμονέστατοι
1533 3226 1730 3300 βαρέως
1788 3221 1868 3277 δι-

271 3322 575 3389 ενέγκοντες,
634 3323 706 3386 τῷ
759 3314 972 3388 βασιλεῖ
1016 3335 1070 3368 τε
1101 3315 1397 3390 προσῆλθον
1427 3319 1635 3368 καὶτὸν
1682 3313 1870 3371 Δανιὴλ

271 3405 609 3478 ἐξῃτησαντο·
670 3401 803 3462 ἦσαν
876 3407 976 3477 γὰρ
1031 3404 1266 3476 ἀτέχνως
1322 3407 1420 3456 ὑπὸ
1500 3413 1590 3456 τοῦ
1649 3403 1872 3475 ἀφανοῦς

276 3493 554 3570 δράκοντος
606 3491 1008 3565 ὑποϐεϐλημένοί
1055 3499 1144 3546 καὶ
1197 3493 1387 3552 πολλὴν
1437 3495 1564 3552 ὅσην
1614 3495 1750 3545 κατὰ
1783 3500 1872 3545 τοῦ

277 3587 543 3658 προφήτου
583 3586 676 3641 τὴν
722 3586 907 3654 μανίαν
957 3579 1245 3644 ὠδίνοντες.
1293 3588 1554 3656 Προσίασι
1607 3587 1772 3634 τοίνυν
1803 3591 1873 3653 τῷ

283 3671 509 3746 βασιλεῖ·
568 3668 808 3745 Παράδος
857 3673 982 3743 ἡμῖν
1038 3675 1122 3723 τόν
1178 3671 1384 3738 Δανιὴλ,
1438 3671 1680 3743 λέγοντες*
1739 3671 1781 3722 εἰ
1825 3668 1876 3723 δ’

284 3758 393 3828 οὖν,
448 3759 577 3812 ἀλλά
623 3779 678 3812 σε
730 3758 1123 3831 ἀποκτενοῦμεν,
1165 3760 1326 3821 Δῆλος
1353 3763 1450 3834 γὰρ
1482 3762 1604 3832 ἡμῖν
1645 3759 1745 3812 ἀπό
1777 3768 1874 3811 τῶν

284 3854 446 3925 ἔργων
493 3851 836 3912 καθίστασαι,
879 3850 959 3900 ὅτι
1009 3854 1098 3901 καὶ
1146 3849 1302 3910 αὐτός
1336 3846 1442 3908 ἤδη
1489 3853 1554 3901 τὰ
1609 3845 1877 3902 Ἰουδαίων

289 3946 504 4012 φρονεῖς.
559 3937 755 4008 Ἀμέλει
807 3942 895 3989 καὶ
948 3934 1289 4010 παραδίδωσι
1348 3947 1526 3990 τοῦτον
1581 3939 1647 3998 εἰς
1698 3947 1881 4012 χεῖρας

290 4029 456 4080 αὐτῶν
507 4027 532 4078 6
578 4025 842 4098 βασιλεὺς,
876 4027 980 4098 οὐχ
1009 4027 1133 4078 ἑκὼν
1172 4027 1335 4089 ἄλλως
1373 4024 1496 4080 οὐδὲ
1549 4026 1878 4100 βουλόμενος,

293 4111 636 4188 παραδίδωσι
688 4111 740 4166 δ’
796 4111 882 4167 οὖν
934 4117 1085 4187 ὅμωςο
1119 4118 1166 4168 οἱ
1197 4113 1256 4168 δὲ
1285 4115 1518 4177 λάϐοντες
1549 4137 1618 4178 εις
1667 4121 1750 4168 τόν
1783 4126 1880 4168 τῶν

291 4205 502 4257 λεόντων
552 4203 739 4255 λάκκον
782 4203 931 4265 εὐθὺς
978 4206 1242 4257 καθιᾶσιν·
1297 4205 1425 4258 ἑπτὰ
1468 4202 1690 4263 δεῆσαν
1742 4205 1886 4255 οὗτοι

295 4297 379 4346 τόν
432 4292 666 4367 ἀριθμὸν,
728 4293 798 4353 οἷς
848 4289 944 4344 δύο
996 4313 1048 4345 τε
1103 4299 1322 4365 σώματα
1373 4299 1462 4345 καὶ
1509 4293 1742 4365 πρόϐατα
1791 4289 1887 4343 δύο

1977 3230 2034 3279 et
2058 3222 2212 3295 pilos
2233 3220 2493 3276 coxisset
2520 3220 2614 3274 hic
2628 3219 3106 3284 viradmirabilis,
3124 3227 3178 3274 et
3199 3220 3414 3275 deinde
3441 3221 3617 3276 etiam

1978 3312 2131 3369 offas
2163 3311 2412 3373 fecisset,
2458 3307 2693 3362 demisit
2721 3307 2781 3362 in
2833 3323 2900 3362 os
2953 3307 3249 3362 draconis.
3277 3307 3371 3363 Ille
3421 3313 3620 3364 autem

1980 3417 2116 3458 cum
2170 3398 2538 3462 comedisset,
2588 3394 2904 3450 confestim
2935 3394 3251 3465 rumpitur.
3301 3397 3437 3451 Haec
3485 3412 3623 3452 cum

1982 3489 2236 3563 graviter
2274 3486 2540 3542 tulissent
2568 3483 2901 3555 quicunque
2947 3499 3019 3538 ex
3072 3483 3409 3554 Babyloniis
3460 3487 3627 3540 erant

1985 3573 2381 3650 superstitiosi
2427 3579 2484 3629 et
2541 3572 2708 3628 falsae
2754 3571 3022 3641 religioni
3068 3571 3271 3637 dediti,
3307 3572 3384 3628 ad
3427 3588 3624 3643 regem

1987 3668 2433 3725 accesseruntet
2462 3662 2755 3734 petierunt
2788 3659 3105 3717 Danielem.
3139 3662 3315 3716 Erant
3344 3662 3502 3716 enim
3546 3677 3629 3716 re-

1986 3772 2128 3812 vera
2156 3753 2413 3823 instigati
2445 3768 2480 3807 a
2504 3750 2782 3815 dracone,
2819 3748 2921 3820 qui
2970 3763 3090 3802 non
3131 3747 3279 3803 cadit
3310 3750 3422 3804 sub
3463 3765 3631 3820 aspe-

1987 3852 2168 3908 ctum,
2211 3849 2266 3898 et
2303 3841 2593 3896 adversus
2637 3837 2988 3908 prophetam
3021 3852 3312 3906 magnum
3372 3837 3631 3893 furorem

1988 3936 2399 4004 conceperant,
2431 3935 2485 3985 et
2510 3930 2635 4000 jam
2687 3926 3110 3998 parturiebant.
3144 3926 3447 3982 Accedunt
3493 3942 3633 3997 ergo

1990 4025 2069 4082 ad
2124 4037 2346 4091 regem,
2400 4019 2694 4074 dicentes:
2725 4016 2912 4070 Trade
2939 4014 3112 4069 nobis
3161 4015 3465 4070 Danielem
3497 4031 3510 4081 ;
3545 4014 3634 4069 sin

1995 4115 2207 4174 minus,
2243 4118 2294 4164 te
2324 4107 2692 4162 occidemns.
2729 4106 2858 4158 Jam
2889 4103 3044 4157 enim
3087 4103 3260 4156 nobis
3287 4119 3356 4157 ex
3391 4103 3504 4157 tuis
3547 4103 3634 4158 fa-

1995 4201 2102 4256 ctis
2132 4197 2319 4253 evasit
2351 4194 2753 4254 manifestum,
2794 4195 2847 4245 te
2886 4206 3115 4261 quoque
3177 4189 3372 4260 ipsum
3429 4191 3637 4246 eadem

2000 4286 2213 4342 sentire
2242 4297 2376 4353 quas
2399 4280 2608 4333 Judaei.
2643 4279 2788 4331 Eum
2819 4278 3018 4347 itaque
3071 4276 3244 4331 tradit
3279 4293 3381 4331 rex
3417 4277 3476 4331 in
3519 4293 3641 4332 ma-

299 4385 566 4455 ὴμερησία
603 4386 763 4454 τροφὴ
825 4384 1102 4446 τετύπωτο,
1135 4382 1184 4432 ἐν
1234 4382 1284 4444 ἓξ
1331 4379 1388 4433 δὲ
1433 4363 1555 4440 ταῖς.
1574 4381 1715 4440 ὅλαις
1770 4382 1866 4450 ἡμέ

2002 4392 2114 4431 nus
2155 4387 2383 4433 eorum,
2416 4383 2534 4423 non
2563 4366 2754 4421 libens
2785 4363 3007 4435 alioqui
3039 4379 3146 4418 nec
3186 4369 3415 4427 volens,
3466 4364 3644 4419 tradit

299 4491 418 4544 ραις
464 4472 545 4531 αἶς
597 4472 622 4522 6
669 4467 873 4530 δίκαιος
919 4469 1091 4528 αὐτοῖς
1139 4471 1600 4540 συγκαθείρψυτο,
1629 4470 1805 4520 ἄσιτοι
1833 4472 1890 4519 τό

305 4561 546 4630 παράπαν
613 4563 701 4610 καὶ
759 4565 946 4630 τροφῆς
1004 4559 1313 4616 ἡστινοσοῦν
1361 4559 1608 4630 ἄγευστοι
1653 4557 1893 4610 καταλεί-

308 4649 532 4718 φθησαν,
584 4647 666 4697 ἵνα
711 4653 782 4715 τῷ
831 4645 963 4718 λιμῷ
1017 4648 1107 4718 μὲν
1183 4647 1493 4719 πιεζόμενοι,
1544 4647 1754 4708 ἁπάσης
1839 4643 1896 4698 δε

309 4735 466 4796 ἄλλης
518 4743 710 4808 τροφῆς
766 4734 1091 4810 ἀποροῦντες,
1151 4738 1243 4788 κᾶν
1293 4740 1410 4808 ἔχοι
1462 4739 1576 4789 τινὰ
1620 4733 1840 4808 δύναμιν
1872 4738 1896 4786 ό

308 4829 577 4896 προφήτης
630 4827 902 4898 εἴργουσαν
952 4825 1123 4886 αὐτοῖς
1176 4831 1268 4885 τὴν
1315 4829 1500 4900 ὁρμὴν,
1532 4825 1638 4877 ἀλλ’
1682 4826 1767 4877 οὖν
1799 4827 1897 4877 ὑπὸ

308 4920 400 4964 τοῦ
457 4912 607 4985 λιμοῦ
649 4917 935 4985 κινούμενοι
989 4913 1268 4988 βιαίτερον,
1302 4921 1395 4974 τὴν
1447 4921 1594 4987 γένυν
1625 4916 1765 4986 αὐτῷ
1813 4935 1901 4966 τα-

310 5006 450 5073 χέως
495 5001 778 5054 ἐπιϐάλωσι
835 5009 922 5055 καὶ
977 5004 1319 5076 λαφύξωνται.
1365 5010 1426 5057 Τί
1456 5001 1542 5057 οὖν
1590 5007 1614 5056 ό
1664 5008 1897 5079 Κύριοςε

311 5096 450 5164 Ἀρα
502 5098 606 5152 τοῖς
689 5093 883 5164 θηρίοις
965 5092 1149 5164 ψυχὴν
1219 5093 1682 5166 ἐξομολογουμένην
1760 5093 1900 5164 αὐτῷ

314 5175 685 5252 παραδίδωσιν
720 5196 733 5246 ;
766 5184 794 5236 ὴ
845 5180 1003 5240 σώζει
1044 5185 1130 5252 μεν
1175 5181 1232 5233 ἐκ
1267 5187 1518 5254 στόματος
1563 5183 1796 5249 λεόντων,
1831 5190 1902 5252 τῷ

314 5266 447 5339 λιμῷ
507 5263 565 5320 δὲ
616 5271 890 5331 πιέζεσθαι
965 5269 1304 5337 καταλείπει;
1356 5275 1384 5329 ῆ
1440 5276 1630 5346 τροφὴν
1688 5274 1777 5344 μὲν
1836 5271 1906 5332 εἰς

318 5353 516 5429 βρῶσιν
571 5355 736 5432 ὀρέγει
793 5354 886 5410 διά
939 5377 1074 5419 τινος
1129 5367 1228 5412 τῶν
1275 5359 1549 5430 ἀλλογενῶν
1601 5365 1690 5412 καὶ
1731 5359 1902 5435 ἀπερι-

314 5449 565 5518 τμήτων;
623 5445 811 5498 πολλοῦ
853 5467 912 5520 γε
963 5452 1052 5501 καὶ
1111 5445 1211 5516 δεῖ,
1265 5448 1369 5502 ἀλλ’
1425 5449 1507 5502 ἵνα
1557 5446 1650 5502 διὰ
1696 5451 1900 5504 πάντων

395 5639 413 5676 ί
443 5639 568 5696 Act.
610 5655 751 5721 xvn,
778 5639 866 5698 28.

2003 4470 2221 4520 tamen.
2255 4459 2337 4514 llli
2373 4472 2507 4512 vero
2535 4470 2672 4511 cum
2705 4469 2842 4508 eum
2871 4453 3260 4525 accepissent,
3305 4469 3511 4508 rursus
3544 4453 3644 4508 de-

2005 4552 2242 4608 mittunt
2269 4549 2330 4603 in
2354 4548 2553 4603 lacum
2577 4544 2834 4600 leonum.
2868 4541 2909 4595 li
2937 4547 3104 4596 erant
3124 4545 3350 4613 septem
3371 4557 3642 4605 numero,

2005 4642 2219 4715 quibus
2249 4642 2304 4692 et
2328 4636 2450 4691 duo
2479 4648 2732 4704 corpora
2753 4637 2808 4686 et
2832 4629 2966 4684 duae
2999 4619 3140 4684 ὅνδε
3163 4630 3413 4699 singulis
3436 4629 3648 4684 diebus

2007 4727 2482 4798 erantdeputataa
2505 4721 2580 4778 ad
2593 4736 2800 4776 eorum
2825 4718 3194 4774 alimentum.
3213 4721 3322 4772 Sex
3344 4722 3544 4772 autem
3569 4722 3650 4772 to-

2009 4821 2081 4877 tis
2110 4817 2341 4879 diebus,
2361 4812 2583 4885 quibus
2607 4811 2799 4880 justus
2832 4805 2942 4860 fuit
2972 4821 3107 4859 cum
3137 4805 3218 4859 eis
3257 4805 3541 4868 inclusus,
3567 4821 3654 4859 re-

2009 4909 2126 4966 licti
2146 4910 2283 4961 sunt
2310 4901 2557 4960 omnino
2579 4896 2767 4968 jejuni
2786 4901 2841 4950 et
2861 4893 3052 4950 omnis
3067 4894 3328 4949 alimenti
3355 4897 3648 4965 expertes:

2013 5006 2072 5054 ut
2107 4997 2261 5052 fame
2287 4993 2530 5066 quidem
2560 4985 2851 5059 oppressi,
2883 4991 2937 5040 et
2963 4983 3126 5037 omni
3149 4982 3264 5037 alio
3295 4982 3654 5038 nutrimento

2013 5091 2300 5149 carentes,
2335 5079 2564 5137 etiamsi
2608 5074 2900 5148 propheta
2947 5071 3192 5126 haberet
3233 5071 3498 5141 aliquam
3542 5071 3659 5124 vir-

2013 5183 2214 5240 tutem,
2247 5187 2374 5244 quae
2397 5184 2600 5224 eorum
2633 5168 2860 5219 arceret
2889 5161 3198 5231 impetum,
3233 5163 3291 5213 at
3318 5158 3473 5212 fame
3500 5166 3658 5214 certo

2013 5263 2252 5337 impulsi
2272 5251 2887 5320 violentius,maxillas
2919 5247 3184 5304 celeriter
3204 5248 3262 5302 in
3286 5263 3422 5302 eum
3445 5247 3663 5303 immit-

2015 5336 2204 5411 terent
2242 5366 2312 5406 ac
2349 5345 2763 5415 discerperent.
2797 5337 2950 5405 Quid
2980 5351 3120 5405 ergo
3165 5336 3451 5391 Dominus
3473 5336 3499 5390 εἰ
3531 5339 3666 5392 Tra-

2016 5445 2178 5501 ditne
2225 5439 2362 5496 feris
2404 5433 2692 5499 animam,
2735 5443 2872 5500 quas
2922 5423 3281 5482 conﬁtetur?
3321 5429 3423 5482 aut
3475 5429 3667 5483 servat
