  <div class='ocr_page' id='page_1' title='image "/cluster/home/n/w/nwhite01/storage/ocr_20150623/115/mdp.39015028574336/207.png"; bbox 0 0 4144 6258; ppageno 0'>
   <div class='ocr_carea' id='block_1_1' title="bbox 655 303 763 364">
    <p class='ocr_par' dir='ltr' id='par_1_1' title="bbox 655 303 763 364">
     <span class='ocr_line' id='line_1_1' title="bbox 655 303 763 364; baseline 0.019 -2"><span class='ocrx_word' id='word_1_1' title='bbox 655 303 763 364; x_wconf 83' lang='lat'>399</span> 
     </span>
    </p>
   </div>
   <div class='ocr_carea' id='block_1_2' title="bbox 2108 289 2665 352">
    <p class='ocr_par' dir='ltr' id='par_1_2' title="bbox 2108 289 2665 352">
     <span class='ocr_line' id='line_1_2' title="bbox 2108 289 2665 352; baseline -0.014 0"><span class='ocrx_word' id='word_1_2' title='bbox 2108 289 2367 352; x_wconf 79' lang='lat' dir='ltr'>MENSIS</span> <span class='ocrx_word' id='word_1_3' title='bbox 2405 289 2665 347; x_wconf 85' lang='lat' dir='ltr'>JULIUS.</span> 
     </span>
    </p>
   </div>
   <div class='ocr_carea' id='block_1_3' title="bbox 3931 278 4041 342">
    <p class='ocr_par' dir='ltr' id='par_1_3' title="bbox 3931 278 4041 342">
     <span class='ocr_line' id='line_1_3' title="bbox 3931 278 4041 342; baseline 0.018 -2"><span class='ocrx_word' id='word_1_4' title='bbox 3931 278 4041 342; x_wconf 72' lang='grc'>400</span> 
     </span>
    </p>
   </div>
   <div class='ocr_carea' id='block_1_4' title="bbox 655 409 2259 503">
    <p class='ocr_par' dir='ltr' id='par_1_4' title="bbox 655 421 2259 503">
     <span class='ocr_line' id='line_1_4' title="bbox 655 421 2259 503; baseline -0.008 -16"><span class='ocrx_word' id='word_1_5' title='bbox 655 431 901 503; x_wconf 87' lang='lat' dir='ltr'>quidem</span> <span class='ocrx_word' id='word_1_6' title='bbox 920 445 993 486; x_wconf 83' lang='lat' dir='ltr'>ex</span> <span class='ocrx_word' id='word_1_7' title='bbox 1021 444 1121 486; x_wconf 88' lang='lat' dir='ltr'>ore</span> <span class='ocrx_word' id='word_1_8' title='bbox 1139 428 1381 484; x_wconf 86' lang='lat' dir='ltr'>leonum</span> <span class='ocrx_word' id='word_1_9' title='bbox 1397 425 1425 480; x_wconf 86' lang='lat'><strong>?</strong></span> <span class='ocrx_word' id='word_1_10' title='bbox 1447 423 1741 495; x_wconf 74' lang='lat' dir='ltr'>Relinquit</span> <span class='ocrx_word' id='word_1_11' title='bbox 1757 427 1957 478; x_wconf 93' lang='lat' dir='ltr'>autem</span> <span class='ocrx_word' id='word_1_12' title='bbox 1980 437 2116 476; x_wconf 92' lang='lat' dir='ltr'>eum</span> <span class='ocrx_word' id='word_1_13' title='bbox 2144 421 2259 475; x_wconf 85' lang='lat' dir='ltr'>fam</span> 
     </span>
    </p>
   </div>
   <div class='ocr_carea' id='block_1_5' title="bbox 2367 409 4036 503">
    <p class='ocr_par' dir='ltr' id='par_1_5' title="bbox 2367 409 4036 481">
     <span class='ocr_line' id='line_1_5' title="bbox 2367 409 4036 481; baseline -0.011 -12"><span class='ocrx_word' id='word_1_14' title='bbox 2367 421 2528 477; x_wconf 66' lang='grc' dir='ltr'>ιτὸτε</span> <span class='ocrx_word' id='word_1_15' title='bbox 2594 409 2983 481; x_wconf 79' lang='grc' dir='ltr'>παντοδύναμον</span> <span class='ocrx_word' id='word_1_16' title='bbox 3058 409 3215 460; x_wconf 74' lang='grc' dir='ltr'>αύτοῦ</span> <span class='ocrx_word' id='word_1_17' title='bbox 3269 416 3362 469; x_wconf 80' lang='grc' dir='ltr'>τῆς</span> <span class='ocrx_word' id='word_1_18' title='bbox 3419 410 3609 479; x_wconf 78' lang='grc' dir='ltr'>ἰσχύος</span> <span class='ocrx_word' id='word_1_19' title='bbox 3661 415 3753 461; x_wconf 78' lang='grc' dir='ltr'>καὶ</span> <span class='ocrx_word' id='word_1_20' title='bbox 3817 414 3878 462; x_wconf 75' lang='grc' dir='ltr'>τὸ</span> <span class='ocrx_word' id='word_1_21' title='bbox 3935 423 4036 463; x_wconf 59' lang='grc' dir='ltr'>τῶν</span> 
     </span>
    </p>
   </div>
   <div class='ocr_carea' id='block_1_6' title="bbox 654 510 2299 584">
    <p class='ocr_par' dir='ltr' id='par_1_6' title="bbox 654 510 2299 584">
     <span class='ocr_line' id='line_1_6' title="bbox 654 510 2299 584; baseline -0.009 -9"><span class='ocrx_word' id='word_1_22' title='bbox 654 520 1009 575; x_wconf 88' lang='lat' dir='ltr'>moriturum</span> <span class='ocrx_word' id='word_1_23' title='bbox 1026 538 1038 583; x_wconf 85' lang='lat'><strong>;</strong></span> <span class='ocrx_word' id='word_1_24' title='bbox 1054 516 1512 572; x_wconf 86' lang='lat' dir='ltr'>autalimentum</span> <span class='ocrx_word' id='word_1_25' title='bbox 1526 512 1768 584; x_wconf 88' lang='lat' dir='ltr'>quidem</span> <span class='ocrx_word' id='word_1_26' title='bbox 1786 511 2002 580; x_wconf 70' lang='lat' dir='ltr'>praebet</span> <span class='ocrx_word' id='word_1_27' title='bbox 2023 510 2092 565; x_wconf 91' lang='lat' dir='ltr'>ad</span> <span class='ocrx_word' id='word_1_28' title='bbox 2109 525 2299 573; x_wconf 91' lang='lat' dir='ltr'>esum,</span> 
     </span>
    </p>
   </div>
   <div class='ocr_carea' id='block_1_7' title="bbox 652 596 2302 678">
    <p class='ocr_par' dir='ltr' id='par_1_7' title="bbox 652 596 2302 678">
     <span class='ocr_line' id='line_1_7' title="bbox 652 596 2302 678; baseline -0.008 -16"><span class='ocrx_word' id='word_1_29' title='bbox 652 607 758 662; x_wconf 85' lang='lat' dir='ltr'>sed</span> <span class='ocrx_word' id='word_1_30' title='bbox 792 623 896 678; x_wconf 89' lang='lat' dir='ltr'>per</span> <span class='ocrx_word' id='word_1_31' title='bbox 919 606 1316 674; x_wconf 81' lang='lat' dir='ltr'>alienigenam</span> <span class='ocrx_word' id='word_1_32' title='bbox 1359 603 1622 673; x_wconf 87' lang='lat' dir='ltr'>aliquem</span> <span class='ocrx_word' id='word_1_33' title='bbox 1675 606 1732 654; x_wconf 88' lang='lat' dir='ltr'>et</span> <span class='ocrx_word' id='word_1_34' title='bbox 1758 598 2245 653; x_wconf 80' lang='lat' dir='ltr'>incircumcisum</span> <span class='ocrx_word' id='word_1_35' title='bbox 2274 596 2302 649; x_wconf 68' lang='lat'>‘2</span> 
     </span>
    </p>
   </div>
   <div class='ocr_carea' id='block_1_8' title="bbox 651 685 2302 762">
    <p class='ocr_par' dir='ltr' id='par_1_8' title="bbox 651 685 2302 762">
     <span class='ocr_line' id='line_1_8' title="bbox 651 685 2302 762; baseline -0.007 -13"><span class='ocrx_word' id='word_1_36' title='bbox 651 694 889 750; x_wconf 79' lang='lat' dir='ltr'>Multum</span> <span class='ocrx_word' id='word_1_37' title='bbox 921 694 1110 750; x_wconf 90' lang='lat' dir='ltr'>abest.</span> <span class='ocrx_word' id='word_1_38' title='bbox 1144 692 1259 748; x_wconf 89' lang='lat' dir='ltr'>Sed</span> <span class='ocrx_word' id='word_1_39' title='bbox 1277 695 1340 746; x_wconf 93' lang='lat' dir='ltr'>ut</span> <span class='ocrx_word' id='word_1_40' title='bbox 1355 706 1459 762; x_wconf 92' lang='lat' dir='ltr'>per</span> <span class='ocrx_word' id='word_1_41' title='bbox 1479 689 1684 745; x_wconf 89' lang='lat' dir='ltr'>omnia</span> <span class='ocrx_word' id='word_1_42' title='bbox 1703 687 2142 758; x_wconf 77' lang='lat' dir='ltr'>omnipotentes</span> <span class='ocrx_word' id='word_1_43' title='bbox 2173 685 2302 754; x_wconf 86' lang='lat' dir='ltr'>ejus</span> 
     </span>
    </p>
   </div>
   <div class='ocr_carea' id='block_1_9' title="bbox 649 773 2297 839">
    <p class='ocr_par' dir='ltr' id='par_1_9' title="bbox 649 773 2297 839">
     <span class='ocr_line' id='line_1_9' title="bbox 649 773 2297 839; baseline -0.007 -1"><span class='ocrx_word' id='word_1_44' title='bbox 649 784 801 839; x_wconf 87' lang='lat' dir='ltr'>vires</span> <span class='ocrx_word' id='word_1_45' title='bbox 829 788 887 838; x_wconf 92' lang='lat' dir='ltr'>et</span> <span class='ocrx_word' id='word_1_46' title='bbox 923 779 1237 837; x_wconf 81' lang='lat' dir='ltr'>ineffabilia</span> <span class='ocrx_word' id='word_1_47' title='bbox 1286 776 1696 834; x_wconf 82' lang='lat' dir='ltr'>misericordia</span> <span class='ocrx_word' id='word_1_48' title='bbox 1749 776 1910 829; x_wconf 89' lang='lat' dir='ltr'>ﬁeret</span> <span class='ocrx_word' id='word_1_49' title='bbox 1966 773 2297 835; x_wconf 84' lang='lat' dir='ltr'>manifesta,</span> 
     </span>
    </p>
   </div>
   <div class='ocr_carea' id='block_1_10' title="bbox 648 862 2302 942">
    <p class='ocr_par' dir='ltr' id='par_1_10' title="bbox 648 862 2302 942">
     <span class='ocr_line' id='line_1_10' title="bbox 648 862 2302 942; baseline -0.005 -18"><span class='ocrx_word' id='word_1_50' title='bbox 648 870 853 926; x_wconf 92' lang='lat' dir='ltr'>divina</span> <span class='ocrx_word' id='word_1_51' title='bbox 881 869 1124 942; x_wconf 86' lang='lat' dir='ltr'>quidem</span> <span class='ocrx_word' id='word_1_52' title='bbox 1154 883 1340 923; x_wconf 88' lang='lat' dir='ltr'>manu</span> <span class='ocrx_word' id='word_1_53' title='bbox 1369 869 1757 923; x_wconf 86' lang='lat' dir='ltr'>obstruuntur</span> <span class='ocrx_word' id='word_1_54' title='bbox 1784 880 1890 919; x_wconf 90' lang='lat' dir='ltr'>ora</span> <span class='ocrx_word' id='word_1_55' title='bbox 1917 863 2184 925; x_wconf 83' lang='lat' dir='ltr'>leonum,</span> <span class='ocrx_word' id='word_1_56' title='bbox 2213 862 2302 916; x_wconf 85' lang='lat' dir='ltr'>vel</span> 
     </span>
    </p>
   </div>
   <div class='ocr_carea' id='block_1_11' title="bbox 645 951 2296 1030">
    <p class='ocr_par' dir='ltr' id='par_1_11' title="bbox 645 951 2296 1030">
     <span class='ocr_line' id='line_1_11' title="bbox 645 951 2296 1030; baseline -0.007 -15"><span class='ocrx_word' id='word_1_57' title='bbox 645 959 916 1030; x_wconf 83' lang='lat' dir='ltr'>protinus</span> <span class='ocrx_word' id='word_1_58' title='bbox 947 957 1060 1029; x_wconf 89' lang='lat' dir='ltr'>ipsi</span> <span class='ocrx_word' id='word_1_59' title='bbox 1101 957 1332 1028; x_wconf 91' lang='lat' dir='ltr'>seipsos</span> <span class='ocrx_word' id='word_1_60' title='bbox 1370 954 1774 1026; x_wconf 84' lang='lat' dir='ltr'>comprimunt</span> <span class='ocrx_word' id='word_1_61' title='bbox 1802 969 1871 1008; x_wconf 92' lang='lat' dir='ltr'>ac</span> <span class='ocrx_word' id='word_1_62' title='bbox 1917 951 2296 1019; x_wconf 89' lang='lat' dir='ltr'>contrahunt,</span> 
     </span>
    </p>
   </div>
   <div class='ocr_carea' id='block_1_12' title="bbox 645 1039 2299 1117">
    <p class='ocr_par' dir='ltr' id='par_1_12' title="bbox 645 1039 2299 1117">
     <span class='ocr_line' id='line_1_12' title="bbox 645 1039 2299 1117; baseline -0.007 -13"><span class='ocrx_word' id='word_1_63' title='bbox 645 1047 900 1117; x_wconf 82' lang='lat' dir='ltr'>angulos</span> <span class='ocrx_word' id='word_1_64' title='bbox 927 1045 1270 1110; x_wconf 78' lang='lat' dir='ltr'>subeuntes,</span> <span class='ocrx_word' id='word_1_65' title='bbox 1327 1050 1384 1100; x_wconf 90' lang='lat' dir='ltr'>et</span> <span class='ocrx_word' id='word_1_66' title='bbox 1411 1059 1519 1099; x_wconf 89' lang='lat' dir='ltr'>nec</span> <span class='ocrx_word' id='word_1_67' title='bbox 1539 1057 1777 1098; x_wconf 88' lang='lat' dir='ltr'>sacrum</span> <span class='ocrx_word' id='word_1_68' title='bbox 1805 1056 2023 1112; x_wconf 93' lang='lat' dir='ltr'>corpus</span> <span class='ocrx_word' id='word_1_69' title='bbox 2050 1039 2299 1095; x_wconf 90' lang='lat' dir='ltr'>omnino</span> 
     </span>
    </p>
   </div>
   <div class='ocr_carea' id='block_1_13' title="bbox 643 1125 2297 1202">
    <p class='ocr_par' dir='ltr' id='par_1_13' title="bbox 643 1125 2297 1202">
     <span class='ocr_line' id='line_1_13' title="bbox 643 1125 2297 1202; baseline -0.008 -9"><span class='ocrx_word' id='word_1_70' title='bbox 643 1136 925 1193; x_wconf 83' lang='lat' dir='ltr'>audentes</span> <span class='ocrx_word' id='word_1_71' title='bbox 955 1135 1239 1202; x_wconf 81' lang='lat' dir='ltr'>attingere</span> <span class='ocrx_word' id='word_1_72' title='bbox 1264 1148 1276 1185; x_wconf 90' lang='lat'><strong>:</strong></span> <span class='ocrx_word' id='word_1_73' title='bbox 1299 1131 1402 1186; x_wconf 92' lang='lat' dir='ltr'>sed</span> <span class='ocrx_word' id='word_1_74' title='bbox 1430 1137 1720 1201; x_wconf 91' lang='lat' dir='ltr'>tanquam</span> <span class='ocrx_word' id='word_1_75' title='bbox 1746 1128 1994 1200; x_wconf 90' lang='lat' dir='ltr'>quidam</span> <span class='ocrx_word' id='word_1_76' title='bbox 2022 1125 2297 1183; x_wconf 86' lang='lat' dir='ltr'>satellites</span> 
     </span>
    </p>
   </div>
   <div class='ocr_carea' id='block_1_14' title="bbox 2413 497 4035 577">
    <p class='ocr_par' dir='ltr' id='par_1_14' title="bbox 2413 497 4035 577">
     <span class='ocr_line' id='line_1_14' title="bbox 2413 497 4035 577; baseline -0.01 -21"><span class='ocrx_word' id='word_1_77' title='bbox 2413 505 2690 577; x_wconf 78' lang='grc' dir='ltr'>οἰκτιρμῶν</span> <span class='ocrx_word' id='word_1_78' title='bbox 2765 499 3057 572; x_wconf 75' lang='grc' dir='ltr'>ἀπόρρητον</span> <span class='ocrx_word' id='word_1_79' title='bbox 3137 501 3418 566; x_wconf 47' lang='grc' dir='ltr'>καταρανες</span> <span class='ocrx_word' id='word_1_80' title='bbox 3488 501 3726 567; x_wconf 64' lang='grc' dir='ltr'>γένηται,</span> <span class='ocrx_word' id='word_1_81' title='bbox 3806 497 4035 570; x_wconf 58' lang='grc' dir='ltr'>ἐμιρράτ-</span> 
     </span>
    </p>
   </div>
   <div class='ocr_carea' id='block_1_15' title="bbox 2411 586 4034 661">
    <p class='ocr_par' dir='ltr' id='par_1_15' title="bbox 2411 586 4034 661">
     <span class='ocr_line' id='line_1_15' title="bbox 2411 586 4034 661; baseline -0.002 -17"><span class='ocrx_word' id='word_1_82' title='bbox 2411 612 2552 644; x_wconf 88' lang='grc' dir='ltr'>τεται</span> <span class='ocrx_word' id='word_1_83' title='bbox 2602 595 2690 661; x_wconf 80' lang='grc' dir='ltr'>μεν</span> <span class='ocrx_word' id='word_1_84' title='bbox 2735 592 2845 659; x_wconf 79' lang='grc' dir='ltr'>θεία</span> <span class='ocrx_word' id='word_1_85' title='bbox 2885 586 3094 657; x_wconf 73' lang='grc' dir='ltr'>παλάμη</span> <span class='ocrx_word' id='word_1_86' title='bbox 3151 586 3361 637; x_wconf 85' lang='grc' dir='ltr'>λεόντων</span> <span class='ocrx_word' id='word_1_87' title='bbox 3409 592 3669 656; x_wconf 86' lang='grc' dir='ltr'>στόματα,</span> <span class='ocrx_word' id='word_1_88' title='bbox 3723 587 3920 656; x_wconf 74' lang='grc' dir='ltr'>μᾶλλον</span> <span class='ocrx_word' id='word_1_89' title='bbox 3977 587 4034 641; x_wconf 66' lang='grc' dir='ltr'>δὲ</span> 
     </span>
    </p>
   </div>
   <div class='ocr_carea' id='block_1_16' title="bbox 2410 674 4028 752">
    <p class='ocr_par' dir='ltr' id='par_1_16' title="bbox 2410 674 4028 752">
     <span class='ocr_line' id='line_1_16' title="bbox 2410 674 4028 752; baseline -0.002 -20"><span class='ocrx_word' id='word_1_90' title='bbox 2410 687 2499 732; x_wconf 83' lang='grc' dir='ltr'>καὶ</span> <span class='ocrx_word' id='word_1_91' title='bbox 2555 685 2678 752; x_wconf 80' lang='grc' dir='ltr'>πρός</span> <span class='ocrx_word' id='word_1_92' title='bbox 2732 679 2940 736; x_wconf 83' lang='grc' dir='ltr'>ἑαυτούς</span> <span class='ocrx_word' id='word_1_93' title='bbox 2998 674 3363 726; x_wconf 63' lang='grc' dir='ltr'>συστέλλονται</span> <span class='ocrx_word' id='word_1_94' title='bbox 3417 683 3530 734; x_wconf 89' lang='grc' dir='ltr'>ταῖς</span> <span class='ocrx_word' id='word_1_95' title='bbox 3587 682 3805 746; x_wconf 88' lang='grc' dir='ltr'>γωνίαις</span> <span class='ocrx_word' id='word_1_96' title='bbox 3863 699 4028 750; x_wconf 82' lang='grc' dir='ltr'>παρα-</span> 
     </span>
    </p>
   </div>
   <div class='ocr_carea' id='block_1_17' title="bbox 2412 763 4026 842">
    <p class='ocr_par' dir='ltr' id='par_1_17' title="bbox 2412 763 4026 842">
     <span class='ocr_line' id='line_1_17' title="bbox 2412 763 4026 842; baseline -0.001 -20"><span class='ocrx_word' id='word_1_97' title='bbox 2412 766 2654 842; x_wconf 88' lang='grc' dir='ltr'>δυομενοι</span> <span class='ocrx_word' id='word_1_98' title='bbox 2711 773 2799 818; x_wconf 81' lang='grc' dir='ltr'>καὶ</span> <span class='ocrx_word' id='word_1_99' title='bbox 2838 763 2965 838; x_wconf 62' lang='grc' dir='ltr'>μηδ’</span> <span class='ocrx_word' id='word_1_100' title='bbox 3008 765 3134 824; x_wconf 84' lang='grc' dir='ltr'>ὅλως</span> <span class='ocrx_word' id='word_1_101' title='bbox 3183 766 3321 835; x_wconf 74' lang='grc' dir='ltr'>ἱερου</span> <span class='ocrx_word' id='word_1_102' title='bbox 3375 771 3617 834; x_wconf 77' lang='grc' dir='ltr'>σώματος</span> <span class='ocrx_word' id='word_1_103' title='bbox 3665 766 4026 837; x_wconf 63' lang='grc' dir='ltr'>παρα-,δαυσαι</span> 
     </span>
    </p>
   </div>
   <div class='ocr_carea' id='block_1_18' title="bbox 2410 850 4021 930">
    <p class='ocr_par' dir='ltr' id='par_1_18' title="bbox 2410 850 4021 930">
     <span class='ocr_line' id='line_1_18' title="bbox 2410 850 4021 930; baseline 0.001 -22"><span class='ocrx_word' id='word_1_104' title='bbox 2410 859 2712 930; x_wconf 69' lang='grc' dir='ltr'>τολμῶντες,</span> <span class='ocrx_word' id='word_1_105' title='bbox 2765 855 2869 905; x_wconf 71' lang='grc' dir='ltr'>ἀλλ’</span> <span class='ocrx_word' id='word_1_106' title='bbox 2920 857 3090 924; x_wconf 74' lang='grc' dir='ltr'>ὥσπερ</span> <span class='ocrx_word' id='word_1_107' title='bbox 3134 850 3416 924; x_wconf 64' lang='grc' dir='ltr'>δορυφόροι</span> <span class='ocrx_word' id='word_1_108' title='bbox 3473 858 3602 914; x_wconf 82' lang='grc' dir='ltr'>τινες</span> <span class='ocrx_word' id='word_1_109' title='bbox 3651 851 3788 905; x_wconf 74' lang='grc' dir='ltr'>εὖνοί</span> <span class='ocrx_word' id='word_1_110' title='bbox 3848 875 3903 907; x_wconf 84' lang='grc' dir='ltr'>τε</span> <span class='ocrx_word' id='word_1_111' title='bbox 3931 865 4021 910; x_wconf 71' lang='grc' dir='ltr'>καὶ</span> 
     </span>
    </p>
   </div>
   <div class='ocr_carea' id='block_1_19' title="bbox 2353 941 4017 1015">
    <p class='ocr_par' dir='ltr' id='par_1_19' title="bbox 2353 941 4017 1015">
     <span class='ocr_line' id='line_1_19' title="bbox 2353 941 4017 1015; baseline -0.002 -18"><span class='ocrx_word' id='word_1_112' title='bbox 2353 971 2355 973; x_wconf 58' lang='grc' dir='ltr'>ί</span> <span class='ocrx_word' id='word_1_113' title='bbox 2410 952 2717 998; x_wconf 72' lang='grc' dir='ltr'>πιστότατοι</span> <span class='ocrx_word' id='word_1_114' title='bbox 2769 948 2853 996; x_wconf 85' lang='grc' dir='ltr'>τόν</span> <span class='ocrx_word' id='word_1_115' title='bbox 2889 943 3078 994; x_wconf 79' lang='grc' dir='ltr'>ἑαυτῶν</span> <span class='ocrx_word' id='word_1_116' title='bbox 3112 941 3445 1012; x_wconf 64' lang='grc' dir='ltr'>φυλάττοντες</span> <span class='ocrx_word' id='word_1_117' title='bbox 3478 941 3724 1012; x_wconf 76' lang='grc' dir='ltr'>βασιλέα,</span> <span class='ocrx_word' id='word_1_118' title='bbox 3759 950 3852 994; x_wconf 85' lang='grc' dir='ltr'>καὶ</span> <span class='ocrx_word' id='word_1_119' title='bbox 3881 945 4017 1015; x_wconf 60' lang='grc' dir='ltr'>μηδὲ</span> 
     </span>
    </p>
   </div>
   <div class='ocr_carea' id='block_1_20' title="bbox 2407 1031 4016 1107">
    <p class='ocr_par' dir='ltr' id='par_1_20' title="bbox 2407 1031 4016 1107">
     <span class='ocr_line' id='line_1_20' title="bbox 2407 1031 4016 1107; baseline 0.002 -25"><span class='ocrx_word' id='word_1_120' title='bbox 2407 1044 2497 1087; x_wconf 69' lang='grc' dir='ltr'>τοι)</span> <span class='ocrx_word' id='word_1_121' title='bbox 2567 1035 2720 1107; x_wconf 74' lang='grc' dir='ltr'>λιμοῦ</span> <span class='ocrx_word' id='word_1_122' title='bbox 2773 1033 3070 1104; x_wconf 71' lang='grc' dir='ltr'>μνησθῆναι</span> <span class='ocrx_word' id='word_1_123' title='bbox 3139 1032 3238 1081; x_wconf 71' lang='grc' dir='ltr'>ὑπό</span> <span class='ocrx_word' id='word_1_124' title='bbox 3287 1038 3378 1081; x_wconf 71' lang='grc' dir='ltr'>τοῦ</span> <span class='ocrx_word' id='word_1_125' title='bbox 3459 1036 3814 1104; x_wconf 70' lang='grc' dir='ltr'>περικειμένου</span> <span class='ocrx_word' id='word_1_126' title='bbox 3869 1031 4016 1097; x_wconf 79' lang='grc' dir='ltr'>δέους</span> 
     </span>
    </p>
   </div>
   <div class='ocr_carea' id='block_1_21' title="bbox 2413 1124 3080 1194">
    <p class='ocr_par' dir='ltr' id='par_1_21' title="bbox 2413 1124 3080 1194">
     <span class='ocr_line' id='line_1_21' title="bbox 2413 1124 3080 1194; baseline -0.004 -20"><span class='ocrx_word' id='word_1_127' title='bbox 2413 1124 2587 1184; x_wconf 56' lang='lat' dir='ltr'>animi;</span> <span class='ocrx_word' id='word_1_128' title='bbox 2630 1124 3080 1194; x_wconf 85' lang='grc' dir='ltr'>συγχωρούμενοι.</span> 
     </span>
    </p>
   </div>
   <div class='ocr_carea' id='block_1_22' title="bbox 641 1208 4015 1290">
    <p class='ocr_par' dir='ltr' id='par_1_22' title="bbox 641 1208 4015 1290">
     <span class='ocr_line' id='line_1_22' title="bbox 641 1208 4015 1290; baseline -0.003 -11"><span class='ocrx_word' id='word_1_129' title='bbox 641 1222 910 1280; x_wconf 85' lang='lat' dir='ltr'>benevoli</span> <span class='ocrx_word' id='word_1_130' title='bbox 951 1238 1021 1279; x_wconf 92' lang='lat' dir='ltr'>ac</span> <span class='ocrx_word' id='word_1_131' title='bbox 1044 1220 1271 1290; x_wconf 92' lang='lat' dir='ltr'>ﬁdeles,</span> <span class='ocrx_word' id='word_1_132' title='bbox 1307 1235 1484 1274; x_wconf 91' lang='lat' dir='ltr'>suum</span> <span class='ocrx_word' id='word_1_133' title='bbox 1522 1232 1726 1287; x_wconf 83' lang='lat' dir='ltr'>regem</span> <span class='ocrx_word' id='word_1_134' title='bbox 1757 1216 2177 1285; x_wconf 89' lang='lat' dir='ltr'>custodientes,</span> <span class='ocrx_word' id='word_1_135' title='bbox 2220 1217 2275 1269; x_wconf 90' lang='lat' dir='ltr'>et</span> <span class='ocrx_word' id='word_1_136' title='bbox 2305 1226 2457 1283; x_wconf 84' lang='lat' dir='ltr'>quos</span> <span class='ocrx_word' id='word_1_137' title='bbox 2490 1228 2597 1268; x_wconf 92' lang='lat' dir='ltr'>nec</span> <span class='ocrx_word' id='word_1_138' title='bbox 2631 1211 2799 1267; x_wconf 84' lang='lat' dir='ltr'>famis</span> <span class='ocrx_word' id='word_1_139' title='bbox 2831 1210 3075 1282; x_wconf 89' lang='lat' dir='ltr'>quidem</span> <span class='ocrx_word' id='word_1_140' title='bbox 3114 1208 3456 1263; x_wconf 86' lang='lat' dir='ltr'>meminisse</span> <span class='ocrx_word' id='word_1_141' title='bbox 3492 1208 3749 1276; x_wconf 78' lang='lat' dir='ltr'>sinebat,</span> <span class='ocrx_word' id='word_1_142' title='bbox 3784 1212 3888 1282; x_wconf 88' lang='lat' dir='ltr'>qui</span> <span class='ocrx_word' id='word_1_143' title='bbox 3917 1229 4015 1268; x_wconf 88' lang='lat' dir='ltr'>eos</span> 
     </span>
    </p>
   </div>
   <div class='ocr_carea' id='block_1_23' title="bbox 649 1311 1174 1382">
    <p class='ocr_par' dir='ltr' id='par_1_23' title="bbox 649 1311 1174 1382">
     <span class='ocr_line' id='line_1_23' title="bbox 649 1311 1174 1382; baseline -0.01 -15"><span class='ocrx_word' id='word_1_144' title='bbox 649 1311 920 1382; x_wconf 81' lang='lat' dir='ltr'>urgebat,</span> <span class='ocrx_word' id='word_1_145' title='bbox 963 1315 1174 1366; x_wconf 91' lang='lat' dir='ltr'>metus.</span> 
     </span>
    </p>
   </div>
   <div class='ocr_carea' id='block_1_24' title="bbox 711 1389 2295 1466">
    <p class='ocr_par' dir='ltr' id='par_1_24' title="bbox 711 1389 2295 1466">
     <span class='ocr_line' id='line_1_24' title="bbox 711 1389 2295 1466; baseline -0.007 -10"><span class='ocrx_word' id='word_1_146' title='bbox 711 1400 900 1456; x_wconf 81' lang='lat' dir='ltr'>XXIV.</span> <span class='ocrx_word' id='word_1_147' title='bbox 956 1401 1089 1454; x_wconf 88' lang='lat' dir='ltr'>Erat</span> <span class='ocrx_word' id='word_1_148' title='bbox 1136 1402 1335 1453; x_wconf 92' lang='lat' dir='ltr'>autem</span> <span class='ocrx_word' id='word_1_149' title='bbox 1384 1395 1536 1451; x_wconf 91' lang='lat' dir='ltr'>alius</span> <span class='ocrx_word' id='word_1_150' title='bbox 1592 1393 1841 1466; x_wconf 89' lang='lat' dir='ltr'>quidam</span> <span class='ocrx_word' id='word_1_151' title='bbox 1886 1393 2178 1464; x_wconf 88' lang='lat' dir='ltr'>propheta</span> <span class='ocrx_word' id='word_1_152' title='bbox 2231 1389 2295 1444; x_wconf 90' lang='lat' dir='ltr'>in</span> 
     </span>
    </p>
   </div>
   <div class='ocr_carea' id='block_1_25' title="bbox 639 1481 2292 1554">
    <p class='ocr_par' dir='ltr' id='par_1_25' title="bbox 639 1481 2292 1554">
     <span class='ocr_line' id='line_1_25' title="bbox 639 1481 2292 1554; baseline -0.006 -12"><span class='ocrx_word' id='word_1_153' title='bbox 639 1488 868 1543; x_wconf 73' lang='lat' dir='ltr'>Iudaea.</span> <span class='ocrx_word' id='word_1_154' title='bbox 899 1488 951 1542; x_wconf 89' lang='lat' dir='ltr'>Is</span> <span class='ocrx_word' id='word_1_155' title='bbox 981 1492 1108 1543; x_wconf 88' lang='lat' dir='ltr'>erat</span> <span class='ocrx_word' id='word_1_156' title='bbox 1133 1501 1301 1542; x_wconf 90' lang='lat' dir='ltr'>sacer</span> <span class='ocrx_word' id='word_1_157' title='bbox 1320 1485 1614 1552; x_wconf 86' lang='lat' dir='ltr'>Habacuc,</span> <span class='ocrx_word' id='word_1_158' title='bbox 1641 1498 1824 1554; x_wconf 88' lang='lat' dir='ltr'>quem</span> <span class='ocrx_word' id='word_1_159' title='bbox 1855 1481 1979 1537; x_wconf 92' lang='lat' dir='ltr'>scio</span> <span class='ocrx_word' id='word_1_160' title='bbox 2004 1482 2146 1536; x_wconf 88' lang='lat' dir='ltr'>satis</span> <span class='ocrx_word' id='word_1_161' title='bbox 2166 1495 2292 1534; x_wconf 93' lang='lat' dir='ltr'>om-</span> 
     </span>
    </p>
   </div>
   <div class='ocr_carea' id='block_1_26' title="bbox 638 1568 2292 1642">
    <p class='ocr_par' dir='ltr' id='par_1_26' title="bbox 638 1568 2292 1642">
     <span class='ocr_line' id='line_1_26' title="bbox 638 1568 2292 1642; baseline -0.006 -10"><span class='ocrx_word' id='word_1_162' title='bbox 638 1577 816 1632; x_wconf 85' lang='lat' dir='ltr'>nibus</span> <span class='ocrx_word' id='word_1_163' title='bbox 845 1591 972 1631; x_wconf 91' lang='lat' dir='ltr'>esse</span> <span class='ocrx_word' id='word_1_164' title='bbox 1000 1581 1230 1630; x_wconf 90' lang='lat' dir='ltr'>notum.</span> <span class='ocrx_word' id='word_1_165' title='bbox 1265 1575 1316 1628; x_wconf 90' lang='lat' dir='ltr'>Is</span> <span class='ocrx_word' id='word_1_166' title='bbox 1346 1588 1508 1642; x_wconf 91' lang='lat' dir='ltr'>ergo,</span> <span class='ocrx_word' id='word_1_167' title='bbox 1550 1588 1687 1626; x_wconf 92' lang='lat' dir='ltr'>cum</span> <span class='ocrx_word' id='word_1_168' title='bbox 1737 1587 1957 1642; x_wconf 89' lang='lat' dir='ltr'>panem</span> <span class='ocrx_word' id='word_1_169' title='bbox 2005 1570 2067 1624; x_wconf 90' lang='lat' dir='ltr'>in</span> <span class='ocrx_word' id='word_1_170' title='bbox 2124 1568 2292 1623; x_wconf 92' lang='lat' dir='ltr'>disco</span> 
     </span>
    </p>
   </div>
   <div class='ocr_carea' id='block_1_27' title="bbox 2482 1384 4012 1459">
    <p class='ocr_par' dir='ltr' id='par_1_27' title="bbox 2482 1384 4012 1459">
     <span class='ocr_line' id='line_1_27' title="bbox 2482 1384 4012 1459; baseline 0.001 -20"><span class='ocrx_word' id='word_1_171' title='bbox 2482 1390 2591 1443; x_wconf 75' lang='lat' dir='ltr'>KA&#39;.</span> <span class='ocrx_word' id='word_1_172' title='bbox 2625 1390 2720 1442; x_wconf 84' lang='grc' dir='ltr'>Ἦν</span> <span class='ocrx_word' id='word_1_173' title='bbox 2752 1386 2811 1441; x_wconf 65' lang='grc' dir='ltr'>δέ</span> <span class='ocrx_word' id='word_1_174' title='bbox 2844 1407 2915 1448; x_wconf 88' lang='grc' dir='ltr'>τις</span> <span class='ocrx_word' id='word_1_175' title='bbox 2962 1387 3108 1447; x_wconf 71' lang='grc' dir='ltr'>ἄλλος</span> <span class='ocrx_word' id='word_1_176' title='bbox 3148 1392 3419 1458; x_wconf 65' lang='grc' dir='ltr'>προφήτης</span> <span class='ocrx_word' id='word_1_177' title='bbox 3468 1385 3515 1436; x_wconf 84' lang='grc' dir='ltr'>ἐν</span> <span class='ocrx_word' id='word_1_178' title='bbox 3569 1384 3834 1459; x_wconf 70' lang='grc' dir='ltr'>Ἰουδαίᾳ,</span> <span class='ocrx_word' id='word_1_179' title='bbox 3871 1392 3896 1440; x_wconf 85' lang='grc' dir='ltr'><strong><em>ὁ</em></strong></span> <span class='ocrx_word' id='word_1_180' title='bbox 3947 1393 4012 1441; x_wconf 84' lang='grc' dir='ltr'>ίε-</span> 
     </span>
    </p>
   </div>
   <div class='ocr_carea' id='block_1_28' title="bbox 2403 1473 4014 1548">
    <p class='ocr_par' dir='ltr' id='par_1_28' title="bbox 2403 1473 4014 1548">
     <span class='ocr_line' id='line_1_28' title="bbox 2403 1473 4014 1548; baseline 0.003 -24"><span class='ocrx_word' id='word_1_181' title='bbox 2403 1481 2492 1548; x_wconf 77' lang='grc' dir='ltr'>ρὸς</span> <span class='ocrx_word' id='word_1_182' title='bbox 2535 1476 2842 1548; x_wconf 76' lang='grc' dir='ltr'>Ἀμϐακούμ</span> <span class='ocrx_word' id='word_1_183' title='bbox 2904 1475 3073 1538; x_wconf 74' lang='grc' dir='ltr'>οὗτος,</span> <span class='ocrx_word' id='word_1_184' title='bbox 3126 1477 3178 1526; x_wconf 86' lang='grc' dir='ltr'>ὅν</span> <span class='ocrx_word' id='word_1_185' title='bbox 3232 1480 3490 1546; x_wconf 75' lang='grc' dir='ltr'>γνώριμον</span> <span class='ocrx_word' id='word_1_186' title='bbox 3535 1473 3662 1526; x_wconf 85' lang='grc' dir='ltr'>εἶναι</span> <span class='ocrx_word' id='word_1_187' title='bbox 3720 1485 3886 1528; x_wconf 71' lang='grc' dir='ltr'>πᾶσιν</span> <span class='ocrx_word' id='word_1_188' title='bbox 3933 1478 4014 1529; x_wconf 78' lang='grc' dir='ltr'>ἐπ-</span> 
     </span>
    </p>
   </div>
   <div class='ocr_carea' id='block_1_29' title="bbox 2405 1560 4009 1636">
    <p class='ocr_par' dir='ltr' id='par_1_29' title="bbox 2405 1560 4009 1636">
     <span class='ocr_line' id='line_1_29' title="bbox 2405 1560 4009 1636; baseline 0.003 -23"><span class='ocrx_word' id='word_1_189' title='bbox 2405 1569 2642 1636; x_wconf 85' lang='grc' dir='ltr'>ίσταμαι·</span> <span class='ocrx_word' id='word_1_190' title='bbox 2699 1565 2845 1625; x_wconf 78' lang='grc' dir='ltr'>οὗτος</span> <span class='ocrx_word' id='word_1_191' title='bbox 2895 1560 2983 1614; x_wconf 72' lang='grc' dir='ltr'>οὖν</span> <span class='ocrx_word' id='word_1_192' title='bbox 3039 1565 3228 1634; x_wconf 73' lang='grc' dir='ltr'>ἄρτους</span> <span class='ocrx_word' id='word_1_193' title='bbox 3275 1562 3320 1613; x_wconf 82' lang='grc' dir='ltr'>ἐν</span> <span class='ocrx_word' id='word_1_194' title='bbox 3364 1568 3543 1613; x_wconf 81' lang='grc' dir='ltr'>πίνακι</span> <span class='ocrx_word' id='word_1_195' title='bbox 3591 1560 3902 1636; x_wconf 58' lang='grc' dir='ltr'>διαθρύψας</span> <span class='ocrx_word' id='word_1_196' title='bbox 3955 1573 4009 1618; x_wconf 78' lang='grc' dir='ltr'>τό</span> 
     </span>
    </p>
   </div>
   <div class='ocr_carea' id='block_1_30' title="bbox 637 1649 2259 1746">
    <p class='ocr_par' dir='ltr' id='par_1_30' title="bbox 637 1657 2259 1733">
     <span class='ocr_line' id='line_1_30' title="bbox 637 1657 2259 1733; baseline -0.007 -12"><span class='ocrx_word' id='word_1_197' title='bbox 637 1664 1089 1721; x_wconf 89' lang='lat' dir='ltr'>comminuisset</span> <span class='ocrx_word' id='word_1_198' title='bbox 1118 1668 1175 1717; x_wconf 89' lang='lat' dir='ltr'>et</span> <span class='ocrx_word' id='word_1_199' title='bbox 1193 1663 1292 1733; x_wconf 88' lang='lat' dir='ltr'>jus</span> <span class='ocrx_word' id='word_1_200' title='bbox 1315 1677 1366 1716; x_wconf 88' lang='lat' dir='ltr'>ei</span> <span class='ocrx_word' id='word_1_201' title='bbox 1397 1661 1763 1729; x_wconf 89' lang='lat' dir='ltr'>immisisset,</span> <span class='ocrx_word' id='word_1_202' title='bbox 1805 1657 2010 1714; x_wconf 89' lang='lat' dir='ltr'>abibat</span> <span class='ocrx_word' id='word_1_203' title='bbox 2035 1663 2095 1713; x_wconf 90' lang='lat' dir='ltr'>ut</span> <span class='ocrx_word' id='word_1_204' title='bbox 2115 1657 2259 1711; x_wconf 87' lang='lat' dir='ltr'>ferre</span> 
     </span>
    </p>
   </div>
   <div class='ocr_carea' id='block_1_31' title="bbox 2367 1649 4009 1746">
    <p class='ocr_par' dir='ltr' id='par_1_31' title="bbox 2402 1649 4009 1724">
     <span class='ocr_line' id='line_1_31' title="bbox 2402 1649 4009 1724; baseline 0.001 -19"><span class='ocrx_word' id='word_1_205' title='bbox 2402 1653 2578 1724; x_wconf 72' lang='grc' dir='ltr'>έψημά</span> <span class='ocrx_word' id='word_1_206' title='bbox 2635 1674 2688 1706; x_wconf 93' lang='grc' dir='ltr'>τε</span> <span class='ocrx_word' id='word_1_207' title='bbox 2756 1655 2960 1712; x_wconf 79' lang='grc' dir='ltr'>τούτοις</span> <span class='ocrx_word' id='word_1_208' title='bbox 3018 1651 3292 1716; x_wconf 64' lang='grc' dir='ltr'>ἐπιϐαλὼν,</span> <span class='ocrx_word' id='word_1_209' title='bbox 3356 1649 3512 1722; x_wconf 60' lang='grc' dir='ltr'>ἀπῄει</span> <span class='ocrx_word' id='word_1_210' title='bbox 3585 1653 3819 1722; x_wconf 76' lang='grc' dir='ltr'>κομίζων</span> <span class='ocrx_word' id='word_1_211' title='bbox 3905 1664 4009 1716; x_wconf 91' lang='grc' dir='ltr'>τοίς</span> 
     </span>
    </p>
   </div>
   <div class='ocr_carea' id='block_1_32' title="bbox 635 1745 2288 1819">
    <p class='ocr_par' dir='ltr' id='par_1_32' title="bbox 635 1745 2288 1819">
     <span class='ocr_line' id='line_1_32' title="bbox 635 1745 2288 1819; baseline -0.006 -11"><span class='ocrx_word' id='word_1_212' title='bbox 635 1754 713 1808; x_wconf 92' lang='lat' dir='ltr'>ad</span> <span class='ocrx_word' id='word_1_213' title='bbox 742 1767 1036 1808; x_wconf 89' lang='lat' dir='ltr'>messores</span> <span class='ocrx_word' id='word_1_214' title='bbox 1064 1770 1077 1819; x_wconf 88' lang='lat'><strong>;</strong></span> <span class='ocrx_word' id='word_1_215' title='bbox 1105 1757 1231 1806; x_wconf 90' lang='lat' dir='ltr'>erat</span> <span class='ocrx_word' id='word_1_216' title='bbox 1259 1750 1416 1805; x_wconf 90' lang='lat' dir='ltr'>enim</span> <span class='ocrx_word' id='word_1_217' title='bbox 1449 1756 1686 1819; x_wconf 91' lang='lat' dir='ltr'>tempus</span> <span class='ocrx_word' id='word_1_218' title='bbox 1733 1747 1969 1802; x_wconf 60' lang='lat' dir='ltr'>aestatis.</span> <span class='ocrx_word' id='word_1_219' title='bbox 2031 1745 2288 1814; x_wconf 83' lang='lat' dir='ltr'>Angelus</span> 
     </span>
    </p>
   </div>
   <div class='ocr_carea' id='block_1_33' title="bbox 635 1831 2285 1908">
    <p class='ocr_par' dir='ltr' id='par_1_33' title="bbox 635 1831 2285 1908">
     <span class='ocr_line' id='line_1_33' title="bbox 635 1831 2285 1908; baseline -0.006 -13"><span class='ocrx_word' id='word_1_220' title='bbox 635 1844 832 1896; x_wconf 89' lang='lat' dir='ltr'>autem</span> <span class='ocrx_word' id='word_1_221' title='bbox 876 1837 1110 1894; x_wconf 90' lang='lat' dir='ltr'>Domini</span> <span class='ocrx_word' id='word_1_222' title='bbox 1156 1837 1206 1890; x_wconf 91' lang='lat' dir='ltr'>ei</span> <span class='ocrx_word' id='word_1_223' title='bbox 1238 1835 1536 1908; x_wconf 87' lang='lat' dir='ltr'>apparuit,</span> <span class='ocrx_word' id='word_1_224' title='bbox 1569 1840 1623 1889; x_wconf 92' lang='lat' dir='ltr'>et</span> <span class='ocrx_word' id='word_1_225' title='bbox 1655 1833 1831 1904; x_wconf 88' lang='lat' dir='ltr'>jussit</span> <span class='ocrx_word' id='word_1_226' title='bbox 1870 1849 2005 1888; x_wconf 89' lang='lat' dir='ltr'>eum</span> <span class='ocrx_word' id='word_1_227' title='bbox 2044 1832 2105 1887; x_wconf 92' lang='lat' dir='ltr'>id</span> <span class='ocrx_word' id='word_1_228' title='bbox 2135 1831 2285 1886; x_wconf 85' lang='lat' dir='ltr'>ferre</span> 
     </span>
    </p>
   </div>
   <div class='ocr_carea' id='block_1_34' title="bbox 635 1920 2281 1998">
    <p class='ocr_par' dir='ltr' id='par_1_34' title="bbox 635 1920 2281 1998">
     <span class='ocr_line' id='line_1_34' title="bbox 635 1920 2281 1998; baseline -0.003 -19"><span class='ocrx_word' id='word_1_229' title='bbox 635 1927 1002 1998; x_wconf 86' lang='lat' dir='ltr'>Babylonem</span> <span class='ocrx_word' id='word_1_230' title='bbox 1019 1925 1096 1981; x_wconf 90' lang='lat' dir='ltr'>ad</span> <span class='ocrx_word' id='word_1_231' title='bbox 1122 1923 1444 1980; x_wconf 89' lang='lat' dir='ltr'>Danielem.</span> <span class='ocrx_word' id='word_1_232' title='bbox 1471 1925 1616 1978; x_wconf 90' lang='lat' dir='ltr'>Cum</span> <span class='ocrx_word' id='word_1_233' title='bbox 1635 1923 1683 1976; x_wconf 89' lang='lat' dir='ltr'>is</span> <span class='ocrx_word' id='word_1_234' title='bbox 1697 1938 1832 1976; x_wconf 90' lang='lat' dir='ltr'>vero</span> <span class='ocrx_word' id='word_1_235' title='bbox 1858 1920 2281 1991; x_wconf 87' lang='lat' dir='ltr'>ignorantiam,</span> 
     </span>
    </p>
   </div>
   <div class='ocr_carea' id='block_1_35' title="bbox 633 2011 2281 2083">
    <p class='ocr_par' dir='ltr' id='par_1_35' title="bbox 633 2011 2281 2083">
     <span class='ocr_line' id='line_1_35' title="bbox 633 2011 2281 2083; baseline -0.005 -12"><span class='ocrx_word' id='word_1_236' title='bbox 633 2021 690 2071; x_wconf 88' lang='lat' dir='ltr'>et</span> <span class='ocrx_word' id='word_1_237' title='bbox 709 2031 839 2070; x_wconf 89' lang='lat' dir='ltr'>esse</span> <span class='ocrx_word' id='word_1_238' title='bbox 855 2014 1189 2070; x_wconf 83' lang='lat' dir='ltr'>maximum</span> <span class='ocrx_word' id='word_1_239' title='bbox 1208 2011 1374 2083; x_wconf 90' lang='lat' dir='ltr'>quod</span> <span class='ocrx_word' id='word_1_240' title='bbox 1395 2011 1696 2066; x_wconf 89' lang='lat' dir='ltr'>intercedit</span> <span class='ocrx_word' id='word_1_241' title='bbox 1722 2011 2003 2081; x_wconf 89' lang='lat' dir='ltr'>spatium,</span> <span class='ocrx_word' id='word_1_242' title='bbox 2024 2016 2079 2065; x_wconf 86' lang='lat' dir='ltr'>et</span> <span class='ocrx_word' id='word_1_243' title='bbox 2095 2025 2281 2081; x_wconf 91' lang='lat' dir='ltr'>quam</span> 
     </span>
    </p>
   </div>
   <div class='ocr_carea' id='block_1_36' title="bbox 629 2098 2281 2172">
    <p class='ocr_par' dir='ltr' id='par_1_36' title="bbox 629 2098 2281 2172">
     <span class='ocr_line' id='line_1_36' title="bbox 629 2098 2281 2172; baseline -0.004 -14"><span class='ocrx_word' id='word_1_244' title='bbox 629 2102 872 2159; x_wconf 84' lang='lat' dir='ltr'>difﬁcile</span> <span class='ocrx_word' id='word_1_245' title='bbox 901 2106 1056 2157; x_wconf 88' lang='lat' dir='ltr'>esset</span> <span class='ocrx_word' id='word_1_246' title='bbox 1080 2103 1458 2172; x_wconf 89' lang='lat' dir='ltr'>imperatum,</span> <span class='ocrx_word' id='word_1_247' title='bbox 1501 2100 1842 2163; x_wconf 87' lang='lat' dir='ltr'>adduceret,</span> <span class='ocrx_word' id='word_1_248' title='bbox 1873 2098 2145 2168; x_wconf 88' lang='lat' dir='ltr'>protinus</span> <span class='ocrx_word' id='word_1_249' title='bbox 2177 2112 2281 2151; x_wconf 88' lang='lat' dir='ltr'>an-</span> 
     </span>
    </p>
   </div>
   <div class='ocr_carea' id='block_1_37' title="bbox 629 2187 2277 2260">
    <p class='ocr_par' dir='ltr' id='par_1_37' title="bbox 629 2187 2277 2260">
     <span class='ocr_line' id='line_1_37' title="bbox 629 2187 2277 2260; baseline -0.004 -15"><span class='ocrx_word' id='word_1_250' title='bbox 629 2190 794 2260; x_wconf 90' lang='lat' dir='ltr'>gelus</span> <span class='ocrx_word' id='word_1_251' title='bbox 821 2206 1057 2245; x_wconf 89' lang='lat' dir='ltr'>comam</span> <span class='ocrx_word' id='word_1_252' title='bbox 1076 2189 1284 2260; x_wconf 86' lang='lat' dir='ltr'>capitis</span> <span class='ocrx_word' id='word_1_253' title='bbox 1302 2187 1717 2259; x_wconf 90' lang='lat' dir='ltr'>apprehendit,</span> <span class='ocrx_word' id='word_1_254' title='bbox 1738 2193 1794 2240; x_wconf 91' lang='lat' dir='ltr'>et</span> <span class='ocrx_word' id='word_1_255' title='bbox 1808 2191 2115 2241; x_wconf 90' lang='lat' dir='ltr'>momento</span> <span class='ocrx_word' id='word_1_256' title='bbox 2138 2192 2277 2239; x_wconf 89' lang='lat' dir='ltr'>tem-</span> 
     </span>
    </p>
   </div>
   <div class='ocr_carea' id='block_1_38' title="bbox 628 2275 2278 2350">
    <p class='ocr_par' dir='ltr' id='par_1_38' title="bbox 628 2275 2278 2350">
     <span class='ocr_line' id='line_1_38' title="bbox 628 2275 2278 2350; baseline -0.004 -16"><span class='ocrx_word' id='word_1_257' title='bbox 628 2280 791 2350; x_wconf 87' lang='lat' dir='ltr'>poris</span> <span class='ocrx_word' id='word_1_258' title='bbox 819 2279 1047 2349; x_wconf 87' lang='lat' dir='ltr'>impetu</span> <span class='ocrx_word' id='word_1_259' title='bbox 1076 2277 1346 2331; x_wconf 87' lang='lat' dir='ltr'>ducentis</span> <span class='ocrx_word' id='word_1_260' title='bbox 1378 2276 1617 2346; x_wconf 88' lang='lat' dir='ltr'>spiritus</span> <span class='ocrx_word' id='word_1_261' title='bbox 1657 2291 1954 2346; x_wconf 74' lang='lat' dir='ltr'>expensus</span> <span class='ocrx_word' id='word_1_262' title='bbox 1999 2275 2150 2330; x_wconf 89' lang='lat' dir='ltr'>stetit</span> <span class='ocrx_word' id='word_1_263' title='bbox 2182 2291 2278 2328; x_wconf 89' lang='lat' dir='ltr'>su-</span> 
     </span>
    </p>
   </div>
   <div class='ocr_carea' id='block_1_39' title="bbox 629 2363 2272 2437">
    <p class='ocr_par' dir='ltr' id='par_1_39' title="bbox 629 2363 2272 2437">
     <span class='ocr_line' id='line_1_39' title="bbox 629 2363 2272 2437; baseline -0.003 -15"><span class='ocrx_word' id='word_1_264' title='bbox 629 2382 734 2437; x_wconf 88' lang='lat' dir='ltr'>per</span> <span class='ocrx_word' id='word_1_265' title='bbox 759 2367 958 2422; x_wconf 89' lang='lat' dir='ltr'>lacum</span> <span class='ocrx_word' id='word_1_266' title='bbox 988 2383 1000 2420; x_wconf 92' lang='lat'><strong><em>:</em></strong></span> <span class='ocrx_word' id='word_1_267' title='bbox 1031 2370 1087 2420; x_wconf 92' lang='lat' dir='ltr'>et</span> <span class='ocrx_word' id='word_1_268' title='bbox 1125 2363 1440 2436; x_wconf 82' lang='lat' dir='ltr'>appellavit</span> <span class='ocrx_word' id='word_1_269' title='bbox 1468 2364 1567 2418; x_wconf 91' lang='lat' dir='ltr'>Dei</span> <span class='ocrx_word' id='word_1_270' title='bbox 1623 2364 1909 2431; x_wconf 89' lang='lat' dir='ltr'>vinctum,</span> <span class='ocrx_word' id='word_1_271' title='bbox 1970 2369 2025 2419; x_wconf 93' lang='lat' dir='ltr'>et</span> <span class='ocrx_word' id='word_1_272' title='bbox 2080 2363 2227 2417; x_wconf 85' lang='lat' dir='ltr'>dixit</span> <span class='ocrx_word' id='word_1_273' title='bbox 2258 2380 2272 2418; x_wconf 86' lang='lat'><strong>;</strong></span> 
     </span>
    </p>
   </div>
   <div class='ocr_carea' id='block_1_40' title="bbox 625 2450 2274 2527">
    <p class='ocr_par' dir='ltr' id='par_1_40' title="bbox 625 2450 2274 2527">
     <span class='ocr_line' id='line_1_40' title="bbox 625 2450 2274 2527; baseline -0.004 -16"><span class='ocrx_word' id='word_1_274' title='bbox 625 2455 840 2527; x_wconf 81' lang='lat' dir='ltr'>Accipe</span> <span class='ocrx_word' id='word_1_275' title='bbox 865 2455 1020 2510; x_wconf 88' lang='lat' dir='ltr'>hanc</span> <span class='ocrx_word' id='word_1_276' title='bbox 1067 2469 1324 2517; x_wconf 66' lang='lat' dir='ltr'>coenam,</span> <span class='ocrx_word' id='word_1_277' title='bbox 1353 2468 1536 2524; x_wconf 90' lang='lat' dir='ltr'>quam</span> <span class='ocrx_word' id='word_1_278' title='bbox 1598 2455 1750 2507; x_wconf 89' lang='lat' dir='ltr'>Deus</span> <span class='ocrx_word' id='word_1_279' title='bbox 1792 2453 1869 2507; x_wconf 90' lang='lat' dir='ltr'>ad</span> <span class='ocrx_word' id='word_1_280' title='bbox 1889 2459 1943 2507; x_wconf 91' lang='lat' dir='ltr'>te</span> <span class='ocrx_word' id='word_1_281' title='bbox 1974 2451 2158 2514; x_wconf 90' lang='lat' dir='ltr'>misit,</span> <span class='ocrx_word' id='word_1_282' title='bbox 2193 2450 2274 2507; x_wconf 89' lang='lat' dir='ltr'>tui</span> 
     </span>
    </p>
   </div>
   <div class='ocr_carea' id='block_1_41' title="bbox 628 2539 2274 2614">
    <p class='ocr_par' dir='ltr' id='par_1_41' title="bbox 628 2539 2274 2614">
     <span class='ocr_line' id='line_1_41' title="bbox 628 2539 2274 2614; baseline -0.004 -15"><span class='ocrx_word' id='word_1_283' title='bbox 628 2559 912 2614; x_wconf 88' lang='lat' dir='ltr'>magnam</span> <span class='ocrx_word' id='word_1_284' title='bbox 934 2558 1139 2597; x_wconf 88' lang='lat' dir='ltr'>curam</span> <span class='ocrx_word' id='word_1_285' title='bbox 1170 2539 1540 2610; x_wconf 73' lang='lat' dir='ltr'>gerens.Haec</span> <span class='ocrx_word' id='word_1_286' title='bbox 1567 2540 1861 2595; x_wconf 85' lang='lat' dir='ltr'>Habacuc.</span> <span class='ocrx_word' id='word_1_287' title='bbox 1896 2541 2143 2608; x_wconf 89' lang='lat' dir='ltr'>Magnus</span> <span class='ocrx_word' id='word_1_288' title='bbox 2173 2555 2274 2595; x_wconf 90' lang='lat' dir='ltr'>au-</span> 
     </span>
    </p>
   </div>
   <div class='ocr_carea' id='block_1_42' title="bbox 624 2627 2272 2699">
    <p class='ocr_par' dir='ltr' id='par_1_42' title="bbox 624 2627 2272 2699">
     <span class='ocr_line' id='line_1_42' title="bbox 624 2627 2272 2699; baseline -0.001 -12"><span class='ocrx_word' id='word_1_289' title='bbox 624 2635 742 2687; x_wconf 90' lang='lat' dir='ltr'>tem</span> <span class='ocrx_word' id='word_1_290' title='bbox 777 2631 978 2687; x_wconf 91' lang='lat' dir='ltr'>Daniel</span> <span class='ocrx_word' id='word_1_291' title='bbox 1023 2631 1084 2684; x_wconf 91' lang='lat' dir='ltr'>in</span> <span class='ocrx_word' id='word_1_292' title='bbox 1134 2629 1484 2684; x_wconf 90' lang='lat' dir='ltr'>contritione</span> <span class='ocrx_word' id='word_1_293' title='bbox 1536 2627 1779 2699; x_wconf 89' lang='lat' dir='ltr'>spiritus</span> <span class='ocrx_word' id='word_1_294' title='bbox 1836 2633 1890 2682; x_wconf 92' lang='lat' dir='ltr'>et</span> <span class='ocrx_word' id='word_1_295' title='bbox 1945 2628 2272 2685; x_wconf 82' lang='lat' dir='ltr'>humilitate</span> 
     </span>
    </p>
   </div>
   <div class='ocr_carea' id='block_1_43' title="bbox 624 2715 2271 2788">
    <p class='ocr_par' dir='ltr' id='par_1_43' title="bbox 624 2715 2271 2788">
     <span class='ocr_line' id='line_1_43' title="bbox 624 2715 2271 2788; baseline -0.002 -12"><span class='ocrx_word' id='word_1_296' title='bbox 624 2721 838 2776; x_wconf 70' lang='lat' dir='ltr'>animae</span> <span class='ocrx_word' id='word_1_297' title='bbox 871 2738 883 2775; x_wconf 93' lang='lat'>:</span> <span class='ocrx_word' id='word_1_298' title='bbox 917 2719 1173 2775; x_wconf 82' lang='lat' dir='ltr'>Meminit</span> <span class='ocrx_word' id='word_1_299' title='bbox 1200 2733 1338 2773; x_wconf 83' lang='lat' dir='ltr'>vero</span> <span class='ocrx_word' id='word_1_300' title='bbox 1370 2716 1486 2771; x_wconf 90' lang='lat' dir='ltr'>mei</span> <span class='ocrx_word' id='word_1_301' title='bbox 1515 2716 1688 2786; x_wconf 90' lang='lat' dir='ltr'>Deus,</span> <span class='ocrx_word' id='word_1_302' title='bbox 1715 2716 2040 2788; x_wconf 87' lang='lat' dir='ltr'>respondit,</span> <span class='ocrx_word' id='word_1_303' title='bbox 2080 2715 2271 2773; x_wconf 91' lang='lat' dir='ltr'>ﬁdelis</span> 
     </span>
    </p>
   </div>
   <div class='ocr_carea' id='block_1_44' title="bbox 620 2805 2267 2878">
    <p class='ocr_par' dir='ltr' id='par_1_44' title="bbox 620 2805 2267 2878">
     <span class='ocr_line' id='line_1_44' title="bbox 620 2805 2267 2878; baseline -0.001 -15"><span class='ocrx_word' id='word_1_304' title='bbox 620 2824 736 2864; x_wconf 85' lang='lat' dir='ltr'>vox</span> <span class='ocrx_word' id='word_1_305' title='bbox 768 2813 853 2863; x_wconf 91' lang='lat' dir='ltr'>est</span> <span class='ocrx_word' id='word_1_306' title='bbox 877 2823 1083 2863; x_wconf 89' lang='lat' dir='ltr'>revera</span> <span class='ocrx_word' id='word_1_307' title='bbox 1129 2805 1356 2875; x_wconf 82' lang='lat' dir='ltr'>famuli,</span> <span class='ocrx_word' id='word_1_308' title='bbox 1415 2805 1720 2877; x_wconf 91' lang='lat' dir='ltr'>quomodo</span> <span class='ocrx_word' id='word_1_309' title='bbox 1784 2806 1980 2861; x_wconf 92' lang='lat' dir='ltr'>bonus</span> <span class='ocrx_word' id='word_1_310' title='bbox 2026 2821 2267 2878; x_wconf 87' lang='lat' dir='ltr'>quoque</span> 
     </span>
    </p>
   </div>
   <div class='ocr_carea' id='block_1_45' title="bbox 622 2893 2262 2967">
    <p class='ocr_par' dir='ltr' id='par_1_45' title="bbox 622 2893 2262 2967">
     <span class='ocr_line' id='line_1_45' title="bbox 622 2893 2262 2967; baseline -0.001 -16"><span class='ocrx_word' id='word_1_311' title='bbox 622 2896 912 2953; x_wconf 88' lang='lat' dir='ltr'>Dominus</span> <span class='ocrx_word' id='word_1_312' title='bbox 938 2895 988 2967; x_wconf 90' lang='lat' dir='ltr'>ej</span> <span class='ocrx_word' id='word_1_313' title='bbox 1000 2912 1066 2950; x_wconf 90' lang='lat' dir='ltr'>us</span> <span class='ocrx_word' id='word_1_314' title='bbox 1087 2910 1293 2950; x_wconf 91' lang='lat' dir='ltr'>curam</span> <span class='ocrx_word' id='word_1_315' title='bbox 1317 2894 1483 2964; x_wconf 89' lang='lat' dir='ltr'>gerit.</span> <span class='ocrx_word' id='word_1_316' title='bbox 1507 2893 1744 2959; x_wconf 91' lang='lat' dir='ltr'>Deinde,</span> <span class='ocrx_word' id='word_1_317' title='bbox 1762 2910 1899 2948; x_wconf 92' lang='lat' dir='ltr'>cum</span> <span class='ocrx_word' id='word_1_318' title='bbox 1917 2894 2262 2965; x_wconf 89' lang='lat' dir='ltr'>accepisset,</span> 
     </span>
    </p>
   </div>
   <div class='ocr_carea' id='block_1_46' title="bbox 617 2981 2261 3054">
    <p class='ocr_par' dir='ltr' id='par_1_46' title="bbox 617 2981 2261 3054">
     <span class='ocr_line' id='line_1_46' title="bbox 617 2981 2261 3054; baseline -0.001 -15"><span class='ocrx_word' id='word_1_319' title='bbox 617 2984 875 3040; x_wconf 90' lang='lat' dir='ltr'>comedit</span> <span class='ocrx_word' id='word_1_320' title='bbox 902 2999 915 3038; x_wconf 89' lang='lat'>:</span> <span class='ocrx_word' id='word_1_321' title='bbox 943 2983 1072 3054; x_wconf 89' lang='lat' dir='ltr'>ipse</span> <span class='ocrx_word' id='word_1_322' title='bbox 1101 2988 1301 3038; x_wconf 91' lang='lat' dir='ltr'>autem</span> <span class='ocrx_word' id='word_1_323' title='bbox 1327 2982 1622 3047; x_wconf 84' lang='lat' dir='ltr'>Habacuc,</span> <span class='ocrx_word' id='word_1_324' title='bbox 1652 2997 1789 3037; x_wconf 90' lang='lat' dir='ltr'>cum</span> <span class='ocrx_word' id='word_1_325' title='bbox 1819 2981 2025 3038; x_wconf 91' lang='lat' dir='ltr'>eadem</span> <span class='ocrx_word' id='word_1_326' title='bbox 2056 2998 2261 3038; x_wconf 89' lang='lat' dir='ltr'>rursus</span> 
     </span>
    </p>
   </div>
   <div class='ocr_carea' id='block_1_47' title="bbox 614 3069 2262 3144">
    <p class='ocr_par' dir='ltr' id='par_1_47' title="bbox 614 3069 2262 3144">
     <span class='ocr_line' id='line_1_47' title="bbox 614 3069 2262 3144; baseline 0.001 -16"><span class='ocrx_word' id='word_1_327' title='bbox 614 3072 826 3128; x_wconf 88' lang='lat' dir='ltr'>virtute</span> <span class='ocrx_word' id='word_1_328' title='bbox 849 3071 995 3127; x_wconf 91' lang='lat' dir='ltr'>illud</span> <span class='ocrx_word' id='word_1_329' title='bbox 1031 3072 1383 3126; x_wconf 89' lang='lat' dir='ltr'>immensum</span> <span class='ocrx_word' id='word_1_330' title='bbox 1437 3069 1859 3127; x_wconf 84' lang='lat' dir='ltr'>transvolasset</span> <span class='ocrx_word' id='word_1_331' title='bbox 1889 3071 2168 3142; x_wconf 90' lang='lat' dir='ltr'>spatium,</span> <span class='ocrx_word' id='word_1_332' title='bbox 2204 3075 2262 3144; x_wconf 93' lang='grc' dir='ltr'>(ο</span> 
     </span>
    </p>
   </div>
   <div class='ocr_carea' id='block_1_48' title="bbox 614 3159 2258 3230">
    <p class='ocr_par' dir='ltr' id='par_1_48' title="bbox 614 3159 2258 3230">
     <span class='ocr_line' id='line_1_48' title="bbox 614 3159 2258 3230; baseline 0.001 -15"><span class='ocrx_word' id='word_1_333' title='bbox 614 3160 988 3223; x_wconf 82' lang='lat' dir='ltr'>celeritatem,</span> <span class='ocrx_word' id='word_1_334' title='bbox 1004 3176 1039 3214; x_wconf 95' lang='lat' dir='ltr'>o</span> <span class='ocrx_word' id='word_1_335' title='bbox 1065 3159 1328 3214; x_wconf 85' lang='lat' dir='ltr'>divinam</span> <span class='ocrx_word' id='word_1_336' title='bbox 1343 3159 1774 3230; x_wconf 87' lang='lat' dir='ltr'>pernicitatem)</span> <span class='ocrx_word' id='word_1_337' title='bbox 1791 3167 2094 3217; x_wconf 90' lang='lat' dir='ltr'>momento</span> <span class='ocrx_word' id='word_1_338' title='bbox 2115 3169 2258 3217; x_wconf 92' lang='lat' dir='ltr'>tem-</span> 
     </span>
    </p>
   </div>
   <div class='ocr_carea' id='block_1_49' title="bbox 611 3247 2258 3321">
    <p class='ocr_par' dir='ltr' id='par_1_49' title="bbox 611 3247 2258 3321">
     <span class='ocr_line' id='line_1_49' title="bbox 611 3247 2258 3321; baseline 0 -17"><span class='ocrx_word' id='word_1_339' title='bbox 611 3248 774 3321; x_wconf 90' lang='lat' dir='ltr'>poris</span> <span class='ocrx_word' id='word_1_340' title='bbox 806 3249 887 3305; x_wconf 90' lang='lat' dir='ltr'>ita</span> <span class='ocrx_word' id='word_1_341' title='bbox 912 3265 1021 3305; x_wconf 91' lang='lat' dir='ltr'>suo</span> <span class='ocrx_word' id='word_1_342' title='bbox 1055 3247 1161 3303; x_wconf 83' lang='lat' dir='ltr'>fuit</span> <span class='ocrx_word' id='word_1_343' title='bbox 1195 3248 1328 3303; x_wconf 95' lang='lat' dir='ltr'>loco</span> <span class='ocrx_word' id='word_1_344' title='bbox 1359 3248 1682 3314; x_wconf 89' lang='lat' dir='ltr'>restitutus,</span> <span class='ocrx_word' id='word_1_345' title='bbox 1711 3252 1774 3303; x_wconf 92' lang='lat' dir='ltr'>ut</span> <span class='ocrx_word' id='word_1_346' title='bbox 1811 3247 2081 3302; x_wconf 90' lang='lat' dir='ltr'>nondum</span> <span class='ocrx_word' id='word_1_347' title='bbox 2115 3265 2258 3319; x_wconf 71' lang='lat' dir='ltr'>pras-</span> 
     </span>
    </p>
   </div>
   <div class='ocr_carea' id='block_1_50' title="bbox 607 3337 2255 3408">
    <p class='ocr_par' dir='ltr' id='par_1_50' title="bbox 607 3337 2255 3408">
     <span class='ocr_line' id='line_1_50' title="bbox 607 3337 2255 3408; baseline -0.001 -16"><span class='ocrx_word' id='word_1_348' title='bbox 607 3338 859 3393; x_wconf 89' lang='lat' dir='ltr'>teriisset</span> <span class='ocrx_word' id='word_1_349' title='bbox 883 3339 1029 3393; x_wconf 88' lang='lat' dir='ltr'>hora</span> <span class='ocrx_word' id='word_1_350' title='bbox 1055 3337 1290 3408; x_wconf 89' lang='lat' dir='ltr'>prandii</span> <span class='ocrx_word' id='word_1_351' title='bbox 1321 3337 1701 3392; x_wconf 88' lang='lat' dir='ltr'>messoribus.</span> <span class='ocrx_word' id='word_1_352' title='bbox 1744 3342 1933 3407; x_wconf 81' lang='lat' dir='ltr'>Atque</span> <span class='ocrx_word' id='word_1_353' title='bbox 1977 3337 2091 3391; x_wconf 92' lang='lat' dir='ltr'>hoc</span> <span class='ocrx_word' id='word_1_354' title='bbox 2129 3340 2255 3408; x_wconf 90' lang='lat' dir='ltr'>qui-</span> 
     </span>
    </p>
   </div>
   <div class='ocr_carea' id='block_1_51' title="bbox 605 3425 2255 3497">
    <p class='ocr_par' dir='ltr' id='par_1_51' title="bbox 605 3425 2255 3497">
     <span class='ocr_line' id='line_1_51' title="bbox 605 3425 2255 3497; baseline -0.001 -15"><span class='ocrx_word' id='word_1_355' title='bbox 605 3426 744 3483; x_wconf 92' lang='lat' dir='ltr'>dem</span> <span class='ocrx_word' id='word_1_356' title='bbox 775 3443 912 3482; x_wconf 92' lang='lat' dir='ltr'>cum</span> <span class='ocrx_word' id='word_1_357' title='bbox 941 3427 1018 3480; x_wconf 89' lang='lat' dir='ltr'>sit</span> <span class='ocrx_word' id='word_1_358' title='bbox 1033 3426 1206 3497; x_wconf 89' lang='lat' dir='ltr'>plane</span> <span class='ocrx_word' id='word_1_359' title='bbox 1231 3425 1411 3481; x_wconf 91' lang='lat' dir='ltr'>solius</span> <span class='ocrx_word' id='word_1_360' title='bbox 1434 3425 1535 3479; x_wconf 90' lang='lat' dir='ltr'>Dei</span> <span class='ocrx_word' id='word_1_361' title='bbox 1553 3441 1705 3496; x_wconf 91' lang='lat' dir='ltr'>opus</span> <span class='ocrx_word' id='word_1_362' title='bbox 1734 3425 1850 3494; x_wconf 89' lang='lat' dir='ltr'>etej</span> <span class='ocrx_word' id='word_1_363' title='bbox 1863 3441 1928 3478; x_wconf 90' lang='lat' dir='ltr'>us</span> <span class='ocrx_word' id='word_1_364' title='bbox 1948 3425 2255 3481; x_wconf 74' lang='lat' dir='ltr'>immensae</span> 
     </span>
    </p>
   </div>
   <div class='ocr_carea' id='block_1_52' title="bbox 604 3512 2255 3585">
    <p class='ocr_par' dir='ltr' id='par_1_52' title="bbox 604 3512 2255 3585">
     <span class='ocr_line' id='line_1_52' title="bbox 604 3512 2255 3585; baseline -0.001 -15"><span class='ocrx_word' id='word_1_365' title='bbox 604 3515 895 3585; x_wconf 83' lang='lat' dir='ltr'>potentiae,</span> <span class='ocrx_word' id='word_1_366' title='bbox 926 3515 1119 3584; x_wconf 87' lang='lat' dir='ltr'>majus</span> <span class='ocrx_word' id='word_1_367' title='bbox 1160 3531 1227 3568; x_wconf 81' lang='lat' dir='ltr'>ex</span> <span class='ocrx_word' id='word_1_368' title='bbox 1258 3529 1319 3568; x_wconf 88' lang='lat' dir='ltr'>se</span> <span class='ocrx_word' id='word_1_369' title='bbox 1348 3514 1530 3569; x_wconf 90' lang='lat' dir='ltr'>habet</span> <span class='ocrx_word' id='word_1_370' title='bbox 1559 3512 1934 3577; x_wconf 90' lang='lat' dir='ltr'>miraculum,</span> <span class='ocrx_word' id='word_1_371' title='bbox 1975 3529 2155 3584; x_wconf 91' lang='lat' dir='ltr'>quam</span> <span class='ocrx_word' id='word_1_372' title='bbox 2193 3519 2255 3570; x_wconf 91' lang='lat' dir='ltr'>ut</span> 
     </span>
    </p>
   </div>
   <div class='ocr_carea' id='block_1_53' title="bbox 602 3603 2253 3674">
    <p class='ocr_par' dir='ltr' id='par_1_53' title="bbox 602 3603 2253 3674">
     <span class='ocr_line' id='line_1_53' title="bbox 602 3603 2253 3674; baseline 0.001 -17"><span class='ocrx_word' id='word_1_373' title='bbox 602 3603 666 3657; x_wconf 88' lang='lat' dir='ltr'>id</span> <span class='ocrx_word' id='word_1_374' title='bbox 695 3603 878 3674; x_wconf 84' lang='lat' dir='ltr'>possit</span> <span class='ocrx_word' id='word_1_375' title='bbox 905 3605 1144 3672; x_wconf 87' lang='lat' dir='ltr'>assequi</span> <span class='ocrx_word' id='word_1_376' title='bbox 1178 3618 1374 3657; x_wconf 88' lang='lat' dir='ltr'>sermo</span> <span class='ocrx_word' id='word_1_377' title='bbox 1427 3603 1518 3657; x_wconf 85' lang='lat' dir='ltr'>vel</span> <span class='ocrx_word' id='word_1_378' title='bbox 1549 3603 1843 3670; x_wconf 87' lang='lat' dir='ltr'>cogitatio.</span> <span class='ocrx_word' id='word_1_379' title='bbox 1895 3605 2082 3674; x_wconf 84' lang='lat' dir='ltr'>Atque</span> <span class='ocrx_word' id='word_1_380' title='bbox 2150 3620 2253 3659; x_wconf 82' lang='lat' dir='ltr'>sex</span> 
     </span>
    </p>
   </div>
   <div class='ocr_carea' id='block_1_54' title="bbox 595 3690 2252 3762">
    <p class='ocr_par' dir='ltr' id='par_1_54' title="bbox 595 3690 2252 3762">
     <span class='ocr_line' id='line_1_54' title="bbox 595 3690 2252 3762; baseline 0.002 -18"><span class='ocrx_word' id='word_1_381' title='bbox 595 3691 840 3762; x_wconf 91' lang='lat' dir='ltr'>quidem</span> <span class='ocrx_word' id='word_1_382' title='bbox 870 3690 996 3744; x_wconf 92' lang='lat' dir='ltr'>dies</span> <span class='ocrx_word' id='word_1_383' title='bbox 1027 3691 1110 3743; x_wconf 91' lang='lat' dir='ltr'>sic</span> <span class='ocrx_word' id='word_1_384' title='bbox 1140 3691 1508 3754; x_wconf 89' lang='lat' dir='ltr'>transierunt,</span> <span class='ocrx_word' id='word_1_385' title='bbox 1541 3690 1840 3745; x_wconf 88' lang='lat' dir='ltr'>Danielem</span> <span class='ocrx_word' id='word_1_386' title='bbox 1869 3691 1927 3744; x_wconf 89' lang='lat' dir='ltr'>in</span> <span class='ocrx_word' id='word_1_387' title='bbox 1953 3691 2086 3746; x_wconf 91' lang='lat' dir='ltr'>lacu</span> <span class='ocrx_word' id='word_1_388' title='bbox 2119 3708 2252 3748; x_wconf 89' lang='lat' dir='ltr'>con-</span> 
     </span>
    </p>
   </div>
   <div class='ocr_carea' id='block_1_55' title="bbox 599 3778 2250 3849">
    <p class='ocr_par' dir='ltr' id='par_1_55' title="bbox 599 3778 2250 3849">
     <span class='ocr_line' id='line_1_55' title="bbox 599 3778 2250 3849; baseline 0.001 -16"><span class='ocrx_word' id='word_1_389' title='bbox 599 3785 924 3834; x_wconf 84' lang='lat' dir='ltr'>servantes.</span> <span class='ocrx_word' id='word_1_390' title='bbox 961 3780 1146 3849; x_wconf 85' lang='lat' dir='ltr'>Cyrus</span> <span class='ocrx_word' id='word_1_391' title='bbox 1178 3782 1376 3832; x_wconf 83' lang='lat' dir='ltr'>autein</span> <span class='ocrx_word' id='word_1_392' title='bbox 1407 3778 1659 3849; x_wconf 89' lang='lat' dir='ltr'>septimo</span> <span class='ocrx_word' id='word_1_393' title='bbox 1689 3778 1783 3832; x_wconf 91' lang='lat' dir='ltr'>die</span> <span class='ocrx_word' id='word_1_394' title='bbox 1814 3778 1977 3847; x_wconf 87' lang='lat' dir='ltr'>abiit,</span> <span class='ocrx_word' id='word_1_395' title='bbox 2013 3785 2074 3833; x_wconf 90' lang='lat' dir='ltr'>ut</span> <span class='ocrx_word' id='word_1_396' title='bbox 2107 3783 2250 3835; x_wconf 84' lang='lat' dir='ltr'>ami-</span> 
     </span>
    </p>
   </div>
   <div class='ocr_carea' id='block_1_56' title="bbox 593 3867 2246 3938">
    <p class='ocr_par' dir='ltr' id='par_1_56' title="bbox 593 3867 2246 3938">
     <span class='ocr_line' id='line_1_56' title="bbox 593 3867 2246 3938; baseline 0.002 -16"><span class='ocrx_word' id='word_1_397' title='bbox 593 3883 730 3922; x_wconf 90' lang='lat' dir='ltr'>cum</span> <span class='ocrx_word' id='word_1_398' title='bbox 748 3867 875 3938; x_wconf 93' lang='lat' dir='ltr'>jam</span> <span class='ocrx_word' id='word_1_399' title='bbox 906 3867 1131 3936; x_wconf 90' lang='lat' dir='ltr'>lugeret</span> <span class='ocrx_word' id='word_1_400' title='bbox 1156 3870 1476 3921; x_wconf 90' lang='lat' dir='ltr'>mortuum.</span> <span class='ocrx_word' id='word_1_401' title='bbox 1509 3869 1655 3922; x_wconf 91' lang='lat' dir='ltr'>Cum</span> <span class='ocrx_word' id='word_1_402' title='bbox 1683 3882 1814 3921; x_wconf 89' lang='lat' dir='ltr'>vero</span> <span class='ocrx_word' id='word_1_403' title='bbox 1857 3867 2246 3938; x_wconf 80' lang='lat' dir='ltr'>despexisset,</span> 
     </span>
    </p>
   </div>
   <div class='ocr_carea' id='block_1_57' title="bbox 587 3954 2245 4027">
    <p class='ocr_par' dir='ltr' id='par_1_57' title="bbox 587 3954 2245 4027">
     <span class='ocr_line' id='line_1_57' title="bbox 587 3954 2245 4027; baseline 0.002 -15"><span class='ocrx_word' id='word_1_404' title='bbox 587 3959 644 4012; x_wconf 83' lang='lat' dir='ltr'>et</span> <span class='ocrx_word' id='word_1_405' title='bbox 673 3954 908 4011; x_wconf 86' lang='lat' dir='ltr'>vidisset</span> <span class='ocrx_word' id='word_1_406' title='bbox 928 3955 1126 4026; x_wconf 90' lang='lat' dir='ltr'>ipsum</span> <span class='ocrx_word' id='word_1_407' title='bbox 1157 3954 1458 4010; x_wconf 90' lang='lat' dir='ltr'>sedentem</span> <span class='ocrx_word' id='word_1_408' title='bbox 1483 3955 1542 4009; x_wconf 91' lang='lat' dir='ltr'>in</span> <span class='ocrx_word' id='word_1_409' title='bbox 1562 3954 1696 4010; x_wconf 85' lang='lat' dir='ltr'>lacu</span> <span class='ocrx_word' id='word_1_410' title='bbox 1719 3954 1989 4021; x_wconf 70' lang='lat' dir='ltr'>illaesum,</span> <span class='ocrx_word' id='word_1_411' title='bbox 2023 3973 2245 4027; x_wconf 88' lang='lat' dir='ltr'>magna</span> 
     </span>
    </p>
   </div>
   <div class='ocr_carea' id='block_1_58' title="bbox 590 4044 2240 4125">
    <p class='ocr_par' dir='ltr' id='par_1_58' title="bbox 590 4044 2240 4125">
     <span class='ocr_line' id='line_1_58' title="bbox 590 4044 2240 4125; baseline 0.001 -25"><span class='ocrx_word' id='word_1_412' title='bbox 590 4044 1007 4100; x_wconf 76' lang='lat' dir='ltr'>Vocelaudavit</span> <span class='ocrx_word' id='word_1_413' title='bbox 1033 4045 1219 4099; x_wconf 91' lang='lat' dir='ltr'>Deum</span> <span class='ocrx_word' id='word_1_414' title='bbox 1251 4060 1451 4099; x_wconf 89' lang='lat' dir='ltr'>rerum</span> <span class='ocrx_word' id='word_1_415' title='bbox 1477 4044 1943 4112; x_wconf 88' lang='lat' dir='ltr'>admirabilium,</span> <span class='ocrx_word' id='word_1_416' title='bbox 1963 4050 2021 4100; x_wconf 89' lang='lat' dir='ltr'>et</span> <span class='ocrx_word' id='word_1_417' title='bbox 2053 4048 2240 4125; x_wconf 85' lang='lat' dir='ltr'>magis</span> 
     </span>
    </p>
   </div>
   <div class='ocr_carea' id='block_1_59' title="bbox 587 4133 2235 4208">
    <p class='ocr_par' dir='ltr' id='par_1_59' title="bbox 587 4133 2235 4208">
     <span class='ocr_line' id='line_1_59' title="bbox 587 4133 2235 4208; baseline 0.002 -20"><span class='ocrx_word' id='word_1_418' title='bbox 587 4149 769 4205; x_wconf 85' lang='lat' dir='ltr'>quam</span> <span class='ocrx_word' id='word_1_419' title='bbox 801 4135 965 4204; x_wconf 90' lang='lat' dir='ltr'>prius</span> <span class='ocrx_word' id='word_1_420' title='bbox 995 4134 1200 4189; x_wconf 90' lang='lat' dir='ltr'>Darius</span> <span class='ocrx_word' id='word_1_421' title='bbox 1229 4150 1242 4200; x_wconf 88' lang='lat'>;</span> <span class='ocrx_word' id='word_1_422' title='bbox 1275 4139 1332 4188; x_wconf 90' lang='lat' dir='ltr'>et</span> <span class='ocrx_word' id='word_1_423' title='bbox 1370 4133 1536 4189; x_wconf 91' lang='lat' dir='ltr'>illum</span> <span class='ocrx_word' id='word_1_424' title='bbox 1587 4134 1832 4205; x_wconf 89' lang='lat' dir='ltr'>quidem</span> <span class='ocrx_word' id='word_1_425' title='bbox 1860 4135 2020 4191; x_wconf 92' lang='lat' dir='ltr'>illinc</span> <span class='ocrx_word' id='word_1_426' title='bbox 2049 4152 2235 4208; x_wconf 86' lang='lat' dir='ltr'>quam</span> 
     </span>
    </p>
   </div>
   <div class='ocr_carea' id='block_1_60' title="bbox 585 4223 2236 4295">
    <p class='ocr_par' dir='ltr' id='par_1_60' title="bbox 585 4223 2236 4295">
     <span class='ocr_line' id='line_1_60' title="bbox 585 4223 2236 4295; baseline 0.003 -20"><span class='ocrx_word' id='word_1_427' title='bbox 585 4223 845 4294; x_wconf 84' lang='lat' dir='ltr'>primum</span> <span class='ocrx_word' id='word_1_428' title='bbox 885 4224 1170 4279; x_wconf 83' lang='lat' dir='ltr'>extraxit:</span> <span class='ocrx_word' id='word_1_429' title='bbox 1204 4238 1305 4279; x_wconf 91' lang='lat' dir='ltr'>eos</span> <span class='ocrx_word' id='word_1_430' title='bbox 1335 4228 1555 4290; x_wconf 90' lang='lat' dir='ltr'>autem,</span> <span class='ocrx_word' id='word_1_431' title='bbox 1589 4223 1690 4295; x_wconf 90' lang='lat' dir='ltr'>qui</span> <span class='ocrx_word' id='word_1_432' title='bbox 1731 4225 1783 4279; x_wconf 91' lang='lat' dir='ltr'>ei</span> <span class='ocrx_word' id='word_1_433' title='bbox 1841 4230 2060 4280; x_wconf 88' lang='lat' dir='ltr'>temere</span> <span class='ocrx_word' id='word_1_434' title='bbox 2091 4226 2236 4280; x_wconf 90' lang='lat' dir='ltr'>invi-</span> 
     </span>
    </p>
   </div>
   <div class='ocr_carea' id='block_1_61' title="bbox 583 4310 2228 4374">
    <p class='ocr_par' dir='ltr' id='par_1_61' title="bbox 583 4310 2228 4374">
     <span class='ocr_line' id='line_1_61' title="bbox 583 4310 2228 4374; baseline 0.001 -10"><span class='ocrx_word' id='word_1_435' title='bbox 583 4310 824 4374; x_wconf 73' lang='lat' dir='ltr'>debant,</span> <span class='ocrx_word' id='word_1_436' title='bbox 865 4313 1146 4367; x_wconf 88' lang='lat' dir='ltr'>continuo</span> <span class='ocrx_word' id='word_1_437' title='bbox 1177 4313 1410 4367; x_wconf 90' lang='lat' dir='ltr'>demisit</span> <span class='ocrx_word' id='word_1_438' title='bbox 1449 4312 1824 4368; x_wconf 88' lang='lat' dir='ltr'>devorandos</span> <span class='ocrx_word' id='word_1_439' title='bbox 1866 4329 1901 4368; x_wconf 90' lang='lat' dir='ltr'>a</span> <span class='ocrx_word' id='word_1_440' title='bbox 1938 4314 2228 4370; x_wconf 90' lang='lat' dir='ltr'>leonibus.</span> 
     </span>
    </p>
   </div>
   <div class='ocr_carea' id='block_1_62' title="bbox 584 4399 2231 4473">
    <p class='ocr_par' dir='ltr' id='par_1_62' title="bbox 584 4399 2231 4473">
     <span class='ocr_line' id='line_1_62' title="bbox 584 4399 2231 4473; baseline 0.003 -19"><span class='ocrx_word' id='word_1_441' title='bbox 584 4399 674 4454; x_wconf 86' lang='lat' dir='ltr'>Sic</span> <span class='ocrx_word' id='word_1_442' title='bbox 715 4399 889 4452; x_wconf 81' lang='lat' dir='ltr'>etiam</span> <span class='ocrx_word' id='word_1_443' title='bbox 947 4399 1007 4451; x_wconf 91' lang='lat' dir='ltr'>in</span> <span class='ocrx_word' id='word_1_444' title='bbox 1055 4400 1332 4466; x_wconf 87' lang='lat' dir='ltr'>gentibus</span> <span class='ocrx_word' id='word_1_445' title='bbox 1385 4400 1763 4468; x_wconf 88' lang='lat' dir='ltr'>cognoscitur</span> <span class='ocrx_word' id='word_1_446' title='bbox 1819 4402 1971 4456; x_wconf 89' lang='lat' dir='ltr'>Deus</span> <span class='ocrx_word' id='word_1_447' title='bbox 2010 4403 2231 4473; x_wconf 88' lang='lat' dir='ltr'>judicia</span> 
     </span>
    </p>
   </div>
   <div class='ocr_carea' id='block_1_63' title="bbox 578 4484 2228 4562">
    <p class='ocr_par' dir='ltr' id='par_1_63' title="bbox 578 4484 2228 4562">
     <span class='ocr_line' id='line_1_63' title="bbox 578 4484 2228 4562; baseline 0.004 -22"><span class='ocrx_word' id='word_1_448' title='bbox 578 4484 822 4550; x_wconf 80' lang='lat' dir='ltr'>faciens,</span> <span class='ocrx_word' id='word_1_449' title='bbox 857 4489 915 4539; x_wconf 91' lang='lat' dir='ltr'>ut</span> <span class='ocrx_word' id='word_1_450' title='bbox 940 4486 999 4539; x_wconf 90' lang='lat' dir='ltr'>in</span> <span class='ocrx_word' id='word_1_451' title='bbox 1031 4484 1313 4555; x_wconf 85' lang='lat' dir='ltr'>operibus</span> <span class='ocrx_word' id='word_1_452' title='bbox 1344 4501 1632 4542; x_wconf 91' lang='lat' dir='ltr'>manuum</span> <span class='ocrx_word' id='word_1_453' title='bbox 1661 4487 1932 4559; x_wconf 90' lang='lat' dir='ltr'>ipsorum</span> <span class='ocrx_word' id='word_1_454' title='bbox 1965 4507 2228 4562; x_wconf 91' lang='lat' dir='ltr'>compre-</span> 
     </span>
    </p>
   </div>
   <div class='ocr_carea' id='block_1_64' title="bbox 579 4573 2222 4646">
    <p class='ocr_par' dir='ltr' id='par_1_64' title="bbox 579 4573 2222 4646">
     <span class='ocr_line' id='line_1_64' title="bbox 579 4573 2222 4646; baseline 0.003 -16"><span class='ocrx_word' id='word_1_455' title='bbox 579 4573 919 4630; x_wconf 89' lang='lat' dir='ltr'>hendantur</span> <span class='ocrx_word' id='word_1_456' title='bbox 949 4579 1312 4644; x_wconf 90' lang='lat' dir='ltr'>peccatores,</span> <span class='ocrx_word' id='word_1_457' title='bbox 1354 4575 1676 4646; x_wconf 91' lang='lat' dir='ltr'>providens</span> <span class='ocrx_word' id='word_1_458' title='bbox 1709 4577 1888 4633; x_wconf 87' lang='lat' dir='ltr'>modo</span> <span class='ocrx_word' id='word_1_459' title='bbox 1919 4579 2222 4636; x_wconf 82' lang='lat' dir='ltr'>ineﬁ‘abili.</span> 
     </span>
    </p>
   </div>
   <div class='ocr_carea' id='block_1_65' title="bbox 575 4663 2224 4734">
    <p class='ocr_par' dir='ltr' id='par_1_65' title="bbox 575 4663 2224 4734">
     <span class='ocr_line' id='line_1_65' title="bbox 575 4663 2224 4734; baseline 0.004 -15"><span class='ocrx_word' id='word_1_460' title='bbox 575 4665 703 4720; x_wconf 85' lang='lat' dir='ltr'>Fuit</span> <span class='ocrx_word' id='word_1_461' title='bbox 750 4679 890 4732; x_wconf 88' lang='lat' dir='ltr'>ergo</span> <span class='ocrx_word' id='word_1_462' title='bbox 940 4669 1143 4734; x_wconf 88' lang='lat' dir='ltr'>postea</span> <span class='ocrx_word' id='word_1_463' title='bbox 1175 4663 1376 4719; x_wconf 89' lang='lat' dir='ltr'>Daniel</span> <span class='ocrx_word' id='word_1_464' title='bbox 1414 4668 1470 4719; x_wconf 92' lang='lat' dir='ltr'>et</span> <span class='ocrx_word' id='word_1_465' title='bbox 1498 4665 1654 4734; x_wconf 90' lang='lat' dir='ltr'>regis</span> <span class='ocrx_word' id='word_1_466' title='bbox 1686 4667 2009 4732; x_wconf 90' lang='lat' dir='ltr'>convictor,</span> <span class='ocrx_word' id='word_1_467' title='bbox 2037 4668 2224 4725; x_wconf 92' lang='lat' dir='ltr'>hono-</span> 
     </span>
    </p>
   </div>
   <div class='ocr_carea' id='block_1_66' title="bbox 571 4751 2225 4824">
    <p class='ocr_par' dir='ltr' id='par_1_66' title="bbox 571 4751 2225 4824">
     <span class='ocr_line' id='line_1_66' title="bbox 571 4751 2225 4824; baseline 0.004 -16"><span class='ocrx_word' id='word_1_468' title='bbox 571 4767 818 4824; x_wconf 87' lang='lat' dir='ltr'>remque</span> <span class='ocrx_word' id='word_1_469' title='bbox 846 4757 900 4808; x_wconf 89' lang='lat' dir='ltr'>et</span> <span class='ocrx_word' id='word_1_470' title='bbox 929 4751 1178 4822; x_wconf 88' lang='lat' dir='ltr'>gloriam</span> <span class='ocrx_word' id='word_1_471' title='bbox 1209 4752 1371 4823; x_wconf 91' lang='lat' dir='ltr'>apud</span> <span class='ocrx_word' id='word_1_472' title='bbox 1408 4753 1602 4824; x_wconf 92' lang='lat' dir='ltr'>ipsum</span> <span class='ocrx_word' id='word_1_473' title='bbox 1635 4759 1724 4811; x_wconf 90' lang='lat' dir='ltr'>est</span> <span class='ocrx_word' id='word_1_474' title='bbox 1752 4762 2099 4813; x_wconf 88' lang='lat' dir='ltr'>consecutus</span> <span class='ocrx_word' id='word_1_475' title='bbox 2126 4775 2225 4814; x_wconf 90' lang='lat' dir='ltr'>su-</span> 
     </span>
    </p>
   </div>
   <div class='ocr_carea' id='block_1_67' title="bbox 570 4841 1414 4914">
    <p class='ocr_par' dir='ltr' id='par_1_67' title="bbox 570 4841 1414 4914">
     <span class='ocr_line' id='line_1_67' title="bbox 570 4841 1414 4914; baseline -0.001 -18"><span class='ocrx_word' id='word_1_476' title='bbox 570 4857 679 4914; x_wconf 86' lang='lat' dir='ltr'>pra</span> <span class='ocrx_word' id='word_1_477' title='bbox 708 4857 918 4898; x_wconf 90' lang='lat' dir='ltr'>omnes</span> <span class='ocrx_word' id='word_1_478' title='bbox 969 4841 1100 4912; x_wconf 89' lang='lat' dir='ltr'>ejus</span> <span class='ocrx_word' id='word_1_479' title='bbox 1167 4841 1414 4897; x_wconf 92' lang='lat' dir='ltr'>amicos.</span> 
     </span>
    </p>
   </div>
   <div class='ocr_carea' id='block_1_68' title="bbox 640 5017 2222 5083">
    <p class='ocr_par' dir='ltr' id='par_1_68' title="bbox 640 5017 2222 5083">
     <span class='ocr_line' id='line_1_68' title="bbox 640 5017 2222 5083; baseline 0.007 -11"><span class='ocrx_word' id='word_1_480' title='bbox 640 5019 803 5072; x_wconf 85' lang='lat' dir='ltr'>XXV.</span> <span class='ocrx_word' id='word_1_481' title='bbox 850 5017 963 5075; x_wconf 90' lang='lat' dir='ltr'>Sed</span> <span class='ocrx_word' id='word_1_482' title='bbox 993 5023 1050 5074; x_wconf 91' lang='lat' dir='ltr'>et</span> <span class='ocrx_word' id='word_1_483' title='bbox 1078 5034 1283 5073; x_wconf 90' lang='lat' dir='ltr'>rursus</span> <span class='ocrx_word' id='word_1_484' title='bbox 1309 5017 1674 5074; x_wconf 89' lang='lat' dir='ltr'>admirabilis</span> <span class='ocrx_word' id='word_1_485' title='bbox 1704 5021 1905 5078; x_wconf 90' lang='lat' dir='ltr'>Daniel</span> <span class='ocrx_word' id='word_1_486' title='bbox 1932 5029 2222 5083; x_wconf 92' lang='lat' dir='ltr'>consueta</span> 
     </span>
    </p>
   </div>
   <div class='ocr_carea' id='block_1_69' title="bbox 564 5105 2221 5184">
    <p class='ocr_par' dir='ltr' id='par_1_69' title="bbox 564 5105 2221 5184">
     <span class='ocr_line' id='line_1_69' title="bbox 564 5105 2221 5184; baseline 0.006 -24"><span class='ocrx_word' id='word_1_487' title='bbox 564 5105 810 5171; x_wconf 80' lang='lat' dir='ltr'>faciens,</span> <span class='ocrx_word' id='word_1_488' title='bbox 843 5114 898 5162; x_wconf 93' lang='lat' dir='ltr'>et</span> <span class='ocrx_word' id='word_1_489' title='bbox 926 5123 1311 5178; x_wconf 89' lang='lat' dir='ltr'>perseverans</span> <span class='ocrx_word' id='word_1_490' title='bbox 1341 5107 1401 5161; x_wconf 94' lang='lat' dir='ltr'>in</span> <span class='ocrx_word' id='word_1_491' title='bbox 1445 5107 1522 5163; x_wconf 88' lang='lat' dir='ltr'>ab</span> <span class='ocrx_word' id='word_1_492' title='bbox 1579 5107 1742 5166; x_wconf 89' lang='lat' dir='ltr'>initio</span> <span class='ocrx_word' id='word_1_493' title='bbox 1799 5117 1992 5184; x_wconf 78' lang='lat' dir='ltr'>coepta</span> <span class='ocrx_word' id='word_1_494' title='bbox 2041 5115 2221 5170; x_wconf 85' lang='lat' dir='ltr'>absti-</span> 
     </span>
    </p>
   </div>
   <div class='ocr_carea' id='block_1_70' title="bbox 562 5193 2216 5266">
    <p class='ocr_par' dir='ltr' id='par_1_70' title="bbox 562 5193 2216 5266">
     <span class='ocr_line' id='line_1_70' title="bbox 562 5193 2216 5266; baseline 0.007 -18"><span class='ocrx_word' id='word_1_495' title='bbox 562 5193 784 5255; x_wconf 86' lang='lat' dir='ltr'>nentia,</span> <span class='ocrx_word' id='word_1_496' title='bbox 827 5211 1028 5249; x_wconf 89' lang='lat' dir='ltr'>rursus</span> <span class='ocrx_word' id='word_1_497' title='bbox 1061 5196 1278 5252; x_wconf 88' lang='lat' dir='ltr'>talibus</span> <span class='ocrx_word' id='word_1_498' title='bbox 1321 5196 1538 5266; x_wconf 90' lang='lat' dir='ltr'>dignus</span> <span class='ocrx_word' id='word_1_499' title='bbox 1571 5203 1659 5254; x_wconf 90' lang='lat' dir='ltr'>est</span> <span class='ocrx_word' id='word_1_500' title='bbox 1688 5198 1924 5255; x_wconf 90' lang='lat' dir='ltr'>habitus</span> <span class='ocrx_word' id='word_1_501' title='bbox 1953 5208 2216 5260; x_wconf 89' lang='lat' dir='ltr'>contem-</span> 
     </span>
    </p>
   </div>
   <div class='ocr_carea' id='block_1_71' title="bbox 562 5279 2216 5358">
    <p class='ocr_par' dir='ltr' id='par_1_71' title="bbox 562 5279 2216 5358">
     <span class='ocr_line' id='line_1_71' title="bbox 562 5279 2216 5358; baseline 0.01 -26"><span class='ocrx_word' id='word_1_502' title='bbox 562 5279 942 5350; x_wconf 85' lang='lat' dir='ltr'>plationibus.</span> <span class='ocrx_word' id='word_1_503' title='bbox 975 5283 1078 5336; x_wconf 90' lang='lat' dir='ltr'>Fui</span> <span class='ocrx_word' id='word_1_504' title='bbox 1108 5286 1286 5353; x_wconf 91' lang='lat' dir='ltr'>enim,</span> <span class='ocrx_word' id='word_1_505' title='bbox 1320 5286 1508 5358; x_wconf 89' lang='lat' dir='ltr'>inquit</span> <span class='ocrx_word' id='word_1_506' title='bbox 1535 5287 1648 5351; x_wconf 90' lang='lat' dir='ltr'>ille,</span> <span class='ocrx_word' id='word_1_507' title='bbox 1680 5293 1796 5343; x_wconf 88' lang='lat' dir='ltr'>tres</span> <span class='ocrx_word' id='word_1_508' title='bbox 1827 5289 2055 5346; x_wconf 87' lang='lat' dir='ltr'>dierum</span> <span class='ocrx_word' id='word_1_509' title='bbox 2080 5294 2216 5348; x_wconf 89' lang='lat' dir='ltr'>heb-</span> 
     </span>
    </p>
   </div>
   <div class='ocr_carea' id='block_1_72' title="bbox 559 5366 2212 5439">
    <p class='ocr_par' dir='ltr' id='par_1_72' title="bbox 559 5366 2212 5439">
     <span class='ocr_line' id='line_1_72' title="bbox 559 5366 2212 5439; baseline 0.01 -17"><span class='ocrx_word' id='word_1_510' title='bbox 559 5366 851 5422; x_wconf 86' lang='lat' dir='ltr'>domadas</span> <span class='ocrx_word' id='word_1_511' title='bbox 869 5368 1165 5436; x_wconf 88' lang='lat' dir='ltr'>jejunans.</span> <span class='ocrx_word' id='word_1_512' title='bbox 1199 5375 1421 5431; x_wconf 88' lang='lat' dir='ltr'>Panem</span> <span class='ocrx_word' id='word_1_513' title='bbox 1451 5376 1610 5432; x_wconf 87' lang='lat' dir='ltr'>enim</span> <span class='ocrx_word' id='word_1_514' title='bbox 1635 5377 2063 5436; x_wconf 88' lang='lat' dir='ltr'>desideriorum</span> <span class='ocrx_word' id='word_1_515' title='bbox 2091 5399 2212 5439; x_wconf 89' lang='lat' dir='ltr'>non</span> 
     </span>
    </p>
   </div>
   <div class='ocr_carea' id='block_1_73' title="bbox 560 5450 2204 5530">
    <p class='ocr_par' dir='ltr' id='par_1_73' title="bbox 560 5450 2204 5530">
     <span class='ocr_line' id='line_1_73' title="bbox 560 5450 2204 5530; baseline 0.013 -22"><span class='ocrx_word' id='word_1_516' title='bbox 560 5450 814 5517; x_wconf 84' lang='lat' dir='ltr'>comedi,</span> <span class='ocrx_word' id='word_1_517' title='bbox 835 5458 889 5509; x_wconf 91' lang='lat' dir='ltr'>et</span> <span class='ocrx_word' id='word_1_518' title='bbox 909 5469 1046 5510; x_wconf 90' lang='lat' dir='ltr'>caro</span> <span class='ocrx_word' id='word_1_519' title='bbox 1068 5462 1122 5514; x_wconf 89' lang='lat' dir='ltr'>et</span> <span class='ocrx_word' id='word_1_520' title='bbox 1147 5462 1351 5518; x_wconf 89' lang='lat' dir='ltr'>vinum</span> <span class='ocrx_word' id='word_1_521' title='bbox 1374 5479 1492 5520; x_wconf 91' lang='lat' dir='ltr'>non</span> <span class='ocrx_word' id='word_1_522' title='bbox 1519 5465 1758 5524; x_wconf 89' lang='lat' dir='ltr'>intravit</span> <span class='ocrx_word' id='word_1_523' title='bbox 1777 5483 1838 5523; x_wconf 84' lang='lat' dir='ltr'>in</span> <span class='ocrx_word' id='word_1_524' title='bbox 1865 5483 1934 5525; x_wconf 91' lang='lat' dir='ltr'>os</span> <span class='ocrx_word' id='word_1_525' title='bbox 1966 5484 2168 5528; x_wconf 89' lang='lat' dir='ltr'>meum</span> <span class='ocrx_word' id='word_1_526' title='bbox 2192 5490 2204 5530; x_wconf 89' lang='lat'>:</span> 
     </span>
    </p>
   </div>
   <div class='ocr_carea' id='block_1_74' title="bbox 557 5545 2207 5632">
    <p class='ocr_par' dir='ltr' id='par_1_74' title="bbox 557 5545 2207 5632">
     <span class='ocr_line' id='line_1_74' title="bbox 557 5545 2207 5632; baseline 0.014 -34"><span class='ocrx_word' id='word_1_527' title='bbox 557 5545 617 5598; x_wconf 83' lang='lat' dir='ltr'>et</span> <span class='ocrx_word' id='word_1_528' title='bbox 648 5545 947 5612; x_wconf 83' lang='lat' dir='ltr'>unguento</span> <span class='ocrx_word' id='word_1_529' title='bbox 970 5556 1091 5602; x_wconf 89' lang='lat' dir='ltr'>non</span> <span class='ocrx_word' id='word_1_530' title='bbox 1119 5545 1204 5606; x_wconf 88' lang='lat' dir='ltr'>fui</span> <span class='ocrx_word' id='word_1_531' title='bbox 1237 5555 1467 5624; x_wconf 86' lang='lat' dir='ltr'>unctus,</span> <span class='ocrx_word' id='word_1_532' title='bbox 1507 5553 1699 5614; x_wconf 90' lang='lat' dir='ltr'>donec</span> <span class='ocrx_word' id='word_1_533' title='bbox 1752 5556 1980 5632; x_wconf 88' lang='lat' dir='ltr'>impleti</span> <span class='ocrx_word' id='word_1_534' title='bbox 2007 5566 2207 5620; x_wconf 84' lang='lat' dir='ltr'>essent</span> 
     </span>
    </p>
   </div>
   <div class='ocr_carea' id='block_1_75' title="bbox 2401 1737 4002 1817">
    <p class='ocr_par' dir='ltr' id='par_1_75' title="bbox 2401 1737 4002 1817">
     <span class='ocr_line' id='line_1_75' title="bbox 2401 1737 4002 1817; baseline 0.001 -23"><span class='ocrx_word' id='word_1_535' title='bbox 2401 1745 2656 1817; x_wconf 83' lang='grc' dir='ltr'>θερισταῖς</span> <span class='ocrx_word' id='word_1_536' title='bbox 2705 1745 2905 1816; x_wconf 80' lang='grc' dir='ltr'>(θέρους</span> <span class='ocrx_word' id='word_1_537' title='bbox 2953 1743 3053 1812; x_wconf 80' lang='grc' dir='ltr'>γὰρ</span> <span class='ocrx_word' id='word_1_538' title='bbox 3109 1737 3167 1797; x_wconf 71' lang='grc' dir='ltr'>ἦν</span> <span class='ocrx_word' id='word_1_539' title='bbox 3201 1745 3229 1792; x_wconf 78' lang='grc' dir='ltr'><em>ὅ</em></span> <span class='ocrx_word' id='word_1_540' title='bbox 3270 1743 3491 1813; x_wconf 86' lang='grc' dir='ltr'>καιρός),</span> <span class='ocrx_word' id='word_1_541' title='bbox 3523 1741 3737 1811; x_wconf 85' lang='grc' dir='ltr'>οἰγγελος</span> <span class='ocrx_word' id='word_1_542' title='bbox 3791 1740 3851 1794; x_wconf 70' lang='grc' dir='ltr'>δὲ</span> <span class='ocrx_word' id='word_1_543' title='bbox 3908 1752 4002 1797; x_wconf 75' lang='grc' dir='ltr'>Κυ-</span> 
     </span>
    </p>
   </div>
   <div class='ocr_carea' id='block_1_76' title="bbox 2395 1829 4000 1903">
    <p class='ocr_par' dir='ltr' id='par_1_76' title="bbox 2395 1829 4000 1903">
     <span class='ocr_line' id='line_1_76' title="bbox 2395 1829 4000 1903; baseline 0.002 -21"><span class='ocrx_word' id='word_1_544' title='bbox 2395 1837 2507 1901; x_wconf 90' lang='grc' dir='ltr'>ρίου</span> <span class='ocrx_word' id='word_1_545' title='bbox 2585 1832 2857 1903; x_wconf 68' lang='grc' dir='ltr'>ἐπιφανεὶς,</span> <span class='ocrx_word' id='word_1_546' title='bbox 2944 1835 3292 1900; x_wconf 76' lang='grc' dir='ltr'>μετακομίσαι</span> <span class='ocrx_word' id='word_1_547' title='bbox 3374 1839 3525 1880; x_wconf 78' lang='grc' dir='ltr'>τουτο</span> <span class='ocrx_word' id='word_1_548' title='bbox 3597 1829 3665 1890; x_wconf 85' lang='grc' dir='ltr'>εἰς</span> <span class='ocrx_word' id='word_1_549' title='bbox 3719 1831 4000 1885; x_wconf 79' lang='grc' dir='ltr'>Βαϐυλῶνα</span> 
     </span>
    </p>
   </div>
   <div class='ocr_carea' id='block_1_77' title="bbox 2394 1915 3996 1990">
    <p class='ocr_par' dir='ltr' id='par_1_77' title="bbox 2394 1915 3996 1990">
     <span class='ocr_line' id='line_1_77' title="bbox 2394 1915 3996 1990; baseline -0.001 -18"><span class='ocrx_word' id='word_1_550' title='bbox 2394 1930 2465 1990; x_wconf 84' lang='grc' dir='ltr'>τῷ</span> <span class='ocrx_word' id='word_1_551' title='bbox 2513 1921 2699 1978; x_wconf 78' lang='grc' dir='ltr'>Δανιὴλ</span> <span class='ocrx_word' id='word_1_552' title='bbox 2779 1919 3036 1971; x_wconf 79' lang='grc' dir='ltr'>ἐπέταττε·</span> <span class='ocrx_word' id='word_1_553' title='bbox 3095 1927 3185 1970; x_wconf 86' lang='grc' dir='ltr'>τοῦ</span> <span class='ocrx_word' id='word_1_554' title='bbox 3258 1915 3316 1969; x_wconf 78' lang='grc' dir='ltr'>δὲ</span> <span class='ocrx_word' id='word_1_555' title='bbox 3364 1923 3456 1975; x_wconf 81' lang='grc' dir='ltr'>τὴν</span> <span class='ocrx_word' id='word_1_556' title='bbox 3512 1920 3723 1989; x_wconf 83' lang='grc' dir='ltr'>οῖγνοιαν</span> <span class='ocrx_word' id='word_1_557' title='bbox 3784 1927 3878 1973; x_wconf 85' lang='grc' dir='ltr'>καὶ</span> <span class='ocrx_word' id='word_1_558' title='bbox 3942 1928 3996 1974; x_wconf 70' lang='grc' dir='ltr'>τὸ</span> 
     </span>
    </p>
   </div>
   <div class='ocr_carea' id='block_1_78' title="bbox 2391 2003 3993 2079">
    <p class='ocr_par' dir='ltr' id='par_1_78' title="bbox 2391 2003 3993 2079">
     <span class='ocr_line' id='line_1_78' title="bbox 2391 2003 3993 2079; baseline 0.001 -19"><span class='ocrx_word' id='word_1_559' title='bbox 2391 2010 2634 2079; x_wconf 85' lang='grc' dir='ltr'>πάμπολυ</span> <span class='ocrx_word' id='word_1_560' title='bbox 2683 2006 2810 2060; x_wconf 82' lang='grc' dir='ltr'>εἶναι</span> <span class='ocrx_word' id='word_1_561' title='bbox 2859 2012 2916 2059; x_wconf 82' lang='grc' dir='ltr'>τὸ</span> <span class='ocrx_word' id='word_1_562' title='bbox 2963 2007 3153 2078; x_wconf 80' lang='grc' dir='ltr'>μεταξύ</span> <span class='ocrx_word' id='word_1_563' title='bbox 3199 2003 3475 2078; x_wconf 82' lang='grc' dir='ltr'>διάστημα</span> <span class='ocrx_word' id='word_1_564' title='bbox 3528 2011 3586 2058; x_wconf 89' lang='grc' dir='ltr'>τὸ</span> <span class='ocrx_word' id='word_1_565' title='bbox 3627 2006 3912 2079; x_wconf 72' lang='grc' dir='ltr'>ἀμήχανόν</span> <span class='ocrx_word' id='word_1_566' title='bbox 3945 2033 3993 2064; x_wconf 77' lang='grc' dir='ltr'>τε</span> 
     </span>
    </p>
   </div>
   <div class='ocr_carea' id='block_1_79' title="bbox 2389 2095 3985 2169">
    <p class='ocr_par' dir='ltr' id='par_1_79' title="bbox 2389 2095 3985 2169">
     <span class='ocr_line' id='line_1_79' title="bbox 2389 2095 3985 2169; baseline 0.001 -20"><span class='ocrx_word' id='word_1_567' title='bbox 2389 2097 2800 2169; x_wconf 67' lang='grc' dir='ltr'>προϐαλλομένου</span> <span class='ocrx_word' id='word_1_568' title='bbox 2852 2105 2939 2147; x_wconf 75' lang='grc' dir='ltr'>τοῦ</span> <span class='ocrx_word' id='word_1_569' title='bbox 3013 2095 3381 2166; x_wconf 72' lang='grc' dir='ltr'>ἐπιτάγματος,</span> <span class='ocrx_word' id='word_1_570' title='bbox 3445 2096 3634 2147; x_wconf 64' lang='grc' dir='ltr'>αὐτίκα</span> <span class='ocrx_word' id='word_1_571' title='bbox 3687 2103 3814 2169; x_wconf 86' lang='grc' dir='ltr'>πρὸς</span> <span class='ocrx_word' id='word_1_572' title='bbox 3896 2110 3985 2152; x_wconf 71' lang='grc' dir='ltr'>τοῦ</span> 
     </span>
    </p>
   </div>
   <div class='ocr_carea' id='block_1_80' title="bbox 2389 2184 3983 2258">
    <p class='ocr_par' dir='ltr' id='par_1_80' title="bbox 2389 2184 3983 2258">
     <span class='ocr_line' id='line_1_80' title="bbox 2389 2184 3983 2258; baseline 0.003 -22"><span class='ocrx_word' id='word_1_573' title='bbox 2389 2185 2605 2256; x_wconf 78' lang='grc' dir='ltr'>ἀγγέλου</span> <span class='ocrx_word' id='word_1_574' title='bbox 2673 2192 2762 2244; x_wconf 78' lang='grc' dir='ltr'>την</span> <span class='ocrx_word' id='word_1_575' title='bbox 2838 2191 3002 2256; x_wconf 82' lang='grc' dir='ltr'>κόμην</span> <span class='ocrx_word' id='word_1_576' title='bbox 3084 2184 3426 2254; x_wconf 76' lang='grc' dir='ltr'>ἐπιληφθῆναι</span> <span class='ocrx_word' id='word_1_577' title='bbox 3510 2193 3597 2246; x_wconf 86' lang='grc' dir='ltr'>τῆς</span> <span class='ocrx_word' id='word_1_578' title='bbox 3657 2189 3882 2258; x_wconf 68' lang='grc' dir='ltr'>κεφαλῆς</span> <span class='ocrx_word' id='word_1_579' title='bbox 3937 2190 3983 2240; x_wconf 83' lang='grc' dir='ltr'>ἐν</span> 
     </span>
    </p>
   </div>
   <div class='ocr_carea' id='block_1_81' title="bbox 2387 2275 3983 2348">
    <p class='ocr_par' dir='ltr' id='par_1_81' title="bbox 2387 2275 3983 2348">
     <span class='ocr_line' id='line_1_81' title="bbox 2387 2275 3983 2348; baseline -0.006 -21"><span class='ocrx_word' id='word_1_580' title='bbox 2387 2276 2568 2348; x_wconf 79' lang='grc' dir='ltr'>ἀκαρεῖ</span> <span class='ocrx_word' id='word_1_581' title='bbox 2619 2295 2670 2326; x_wconf 90' lang='grc' dir='ltr'>τε</span> <span class='ocrx_word' id='word_1_582' title='bbox 2723 2283 2792 2343; x_wconf 81' lang='grc' dir='ltr'>τῷ</span> <span class='ocrx_word' id='word_1_583' title='bbox 2840 2275 3000 2348; x_wconf 78' lang='grc' dir='ltr'>ῥοίζῳ</span> <span class='ocrx_word' id='word_1_584' title='bbox 3058 2281 3146 2324; x_wconf 78' lang='grc' dir='ltr'>τοῦ</span> <span class='ocrx_word' id='word_1_585' title='bbox 3196 2276 3404 2342; x_wconf 74' lang='grc' dir='ltr'>ἄγοντος</span> <span class='ocrx_word' id='word_1_586' title='bbox 3434 2277 3726 2345; x_wconf 81' lang='grc' dir='ltr'>πνεύματος</span> <span class='ocrx_word' id='word_1_587' title='bbox 3776 2277 3983 2330; x_wconf 77' lang='grc' dir='ltr'>ἐκπετα-</span> 
     </span>
    </p>
   </div>
   <div class='ocr_carea' id='block_1_82' title="bbox 2389 2362 3982 2440">
    <p class='ocr_par' dir='ltr' id='par_1_82' title="bbox 2389 2362 3982 2440">
     <span class='ocr_line' id='line_1_82' title="bbox 2389 2362 3982 2440; baseline 0.003 -24"><span class='ocrx_word' id='word_1_588' title='bbox 2389 2368 2574 2417; x_wconf 79' lang='grc' dir='ltr'>σθέντα</span> <span class='ocrx_word' id='word_1_589' title='bbox 2613 2364 2779 2415; x_wconf 83' lang='grc' dir='ltr'>ἐπάνω</span> <span class='ocrx_word' id='word_1_590' title='bbox 2831 2371 3017 2421; x_wconf 85' lang='grc' dir='ltr'>στῆναι</span> <span class='ocrx_word' id='word_1_591' title='bbox 3069 2371 3159 2413; x_wconf 79' lang='grc' dir='ltr'>τοῦ</span> <span class='ocrx_word' id='word_1_592' title='bbox 3197 2362 3388 2413; x_wconf 81' lang='grc' dir='ltr'>λάκκου</span> <span class='ocrx_word' id='word_1_593' title='bbox 3421 2368 3509 2414; x_wconf 86' lang='grc' dir='ltr'>καὶ</span> <span class='ocrx_word' id='word_1_594' title='bbox 3551 2376 3982 2440; x_wconf 74' lang='grc' dir='ltr'>προσαγορεῦσαι</span> 
     </span>
    </p>
   </div>
   <div class='ocr_carea' id='block_1_83' title="bbox 2384 2448 3980 2525">
    <p class='ocr_par' dir='ltr' id='par_1_83' title="bbox 2384 2448 3980 2525">
     <span class='ocr_line' id='line_1_83' title="bbox 2384 2448 3980 2525; baseline 0.003 -20"><span class='ocrx_word' id='word_1_595' title='bbox 2384 2460 2470 2505; x_wconf 84' lang='grc' dir='ltr'>τόν</span> <span class='ocrx_word' id='word_1_596' title='bbox 2524 2450 2738 2525; x_wconf 73' lang='grc' dir='ltr'>δέσμιον</span> <span class='ocrx_word' id='word_1_597' title='bbox 2794 2451 2897 2502; x_wconf 84' lang='grc' dir='ltr'>ἐκεῖ</span> <span class='ocrx_word' id='word_1_598' title='bbox 2950 2459 3040 2503; x_wconf 72' lang='grc' dir='ltr'>τοῦ</span> <span class='ocrx_word' id='word_1_599' title='bbox 3101 2459 3254 2503; x_wconf 76' lang='grc' dir='ltr'>Θεοῦ·</span> <span class='ocrx_word' id='word_1_600' title='bbox 3324 2457 3409 2502; x_wconf 84' lang='grc' dir='ltr'>καὶ</span> <span class='ocrx_word' id='word_1_601' title='bbox 3470 2448 3618 2514; x_wconf 79' lang='grc' dir='ltr'>δέξαι</span> <span class='ocrx_word' id='word_1_602' title='bbox 3693 2462 3841 2507; x_wconf 83' lang='grc' dir='ltr'>τουτὶ</span> <span class='ocrx_word' id='word_1_603' title='bbox 3927 2462 3980 2509; x_wconf 87' lang='grc' dir='ltr'>τό</span> 
     </span>
    </p>
   </div>
   <div class='ocr_carea' id='block_1_84' title="bbox 2386 2538 3979 2615">
    <p class='ocr_par' dir='ltr' id='par_1_84' title="bbox 2386 2538 3979 2615">
     <span class='ocr_line' id='line_1_84' title="bbox 2386 2538 3979 2615; baseline 0.002 -21"><span class='ocrx_word' id='word_1_604' title='bbox 2386 2540 2609 2604; x_wconf 78' lang='grc' dir='ltr'>δεῖπνον,</span> <span class='ocrx_word' id='word_1_605' title='bbox 2669 2541 2844 2608; x_wconf 77' lang='grc' dir='ltr'>εἰπεῖν,</span> <span class='ocrx_word' id='word_1_606' title='bbox 2919 2542 2943 2591; x_wconf 92' lang='grc' dir='ltr'>ό</span> <span class='ocrx_word' id='word_1_607' title='bbox 2998 2546 3126 2600; x_wconf 89' lang='grc' dir='ltr'>Θεός</span> <span class='ocrx_word' id='word_1_608' title='bbox 3199 2559 3281 2591; x_wconf 88' lang='grc' dir='ltr'>σοι</span> <span class='ocrx_word' id='word_1_609' title='bbox 3347 2540 3490 2612; x_wconf 87' lang='grc' dir='ltr'>μάλα</span> <span class='ocrx_word' id='word_1_610' title='bbox 3542 2538 3835 2615; x_wconf 77' lang='grc' dir='ltr'>κηδόμενος</span> <span class='ocrx_word' id='word_1_611' title='bbox 3905 2546 3979 2608; x_wconf 79' lang='grc' dir='ltr'>ἐξ·</span> 
     </span>
    </p>
   </div>
   <div class='ocr_carea' id='block_1_85' title="bbox 2383 2628 3975 2700">
    <p class='ocr_par' dir='ltr' id='par_1_85' title="bbox 2383 2628 3975 2700">
     <span class='ocr_line' id='line_1_85' title="bbox 2383 2628 3975 2700; baseline 0.003 -18"><span class='ocrx_word' id='word_1_612' title='bbox 2383 2631 2662 2683; x_wconf 81' lang='grc' dir='ltr'>απέστειλε.</span> <span class='ocrx_word' id='word_1_613' title='bbox 2709 2637 2886 2681; x_wconf 80' lang='grc' dir='ltr'>Ταύτα</span> <span class='ocrx_word' id='word_1_614' title='bbox 2929 2630 2954 2680; x_wconf 87' lang='grc' dir='ltr'>ό</span> <span class='ocrx_word' id='word_1_615' title='bbox 3005 2628 3330 2700; x_wconf 80' lang='grc' dir='ltr'>Ἀμϐακούμ.</span> <span class='ocrx_word' id='word_1_616' title='bbox 3361 2629 3418 2681; x_wconf 72' lang='grc' dir='ltr'><strong>Ὀ</strong></span> <span class='ocrx_word' id='word_1_617' title='bbox 3470 2634 3633 2700; x_wconf 86' lang='grc' dir='ltr'>μέγας</span> <span class='ocrx_word' id='word_1_618' title='bbox 3681 2628 3738 2684; x_wconf 78' lang='grc' dir='ltr'>δὲ</span> <span class='ocrx_word' id='word_1_619' title='bbox 3782 2637 3975 2693; x_wconf 74' lang='grc' dir='ltr'>Δανιὴλ</span> 
     </span>
    </p>
   </div>
   <div class='ocr_carea' id='block_1_86' title="bbox 3753 2721 3966 2791">
    <p class='ocr_par' dir='ltr' id='par_1_86' title="bbox 3753 2721 3966 2791">
     <span class='ocr_line' id='line_1_86' title="bbox 3753 2721 3966 2791; baseline 0.009 -2"><span class='ocrx_word' id='word_1_620' title='bbox 3753 2721 3966 2791; x_wconf 65' lang='grc' dir='ltr'>ψυχῆς·</span> 
     </span>
    </p>
   </div>
   <div class='ocr_carea' id='block_1_87' title="bbox 2826 2805 3962 2883">
    <p class='ocr_par' dir='ltr' id='par_1_87' title="bbox 2826 2805 3962 2883">
     <span class='ocr_line' id='line_1_87' title="bbox 2826 2805 3962 2883; baseline 0.005 -27"><span class='ocrx_word' id='word_1_621' title='bbox 2826 2826 2924 2877; x_wconf 87' lang='grc' dir='ltr'>μου</span> <span class='ocrx_word' id='word_1_622' title='bbox 2983 2808 3008 2857; x_wconf 91' lang='grc' dir='ltr'>ό</span> <span class='ocrx_word' id='word_1_623' title='bbox 3058 2811 3206 2871; x_wconf 87' lang='grc' dir='ltr'>Θεός,</span> <span class='ocrx_word' id='word_1_624' title='bbox 3265 2805 3589 2881; x_wconf 79' lang='grc' dir='ltr'>ἁπεκρίνατο·</span> <span class='ocrx_word' id='word_1_625' title='bbox 3653 2817 3836 2860; x_wconf 73' lang='grc' dir='ltr'>πιστοῦ</span> <span class='ocrx_word' id='word_1_626' title='bbox 3884 2821 3962 2883; x_wconf 80' lang='grc' dir='ltr'>τῷ</span> 
     </span>
    </p>
   </div>
   <div class='ocr_carea' id='block_1_88' title="bbox 2380 2717 3660 2792">
    <p class='ocr_par' dir='ltr' id='par_1_88' title="bbox 2380 2717 3660 2792">
     <span class='ocr_line' id='line_1_88' title="bbox 2380 2717 3660 2792; baseline 0 -22"><span class='ocrx_word' id='word_1_627' title='bbox 2380 2717 2426 2770; x_wconf 85' lang='grc' dir='ltr'>ἐν</span> <span class='ocrx_word' id='word_1_628' title='bbox 2507 2717 2749 2792; x_wconf 72' lang='grc' dir='ltr'>συντριϐῇ</span> <span class='ocrx_word' id='word_1_629' title='bbox 2837 2720 3119 2788; x_wconf 83' lang='grc' dir='ltr'>πνεύματος</span> <span class='ocrx_word' id='word_1_630' title='bbox 3198 2723 3286 2769; x_wconf 86' lang='grc' dir='ltr'>καὶ</span> <span class='ocrx_word' id='word_1_631' title='bbox 3365 2724 3660 2770; x_wconf 78' lang='grc' dir='ltr'>ταπεινώσει</span> 
     </span>
    </p>
   </div>
   <div class='ocr_carea' id='block_1_89' title="bbox 2375 2804 2762 2879">
    <p class='ocr_par' dir='ltr' id='par_1_89' title="bbox 2375 2804 2762 2879">
     <span class='ocr_line' id='line_1_89' title="bbox 2375 2804 2762 2879; baseline -0.005 -19"><span class='ocrx_word' id='word_1_632' title='bbox 2375 2809 2639 2879; x_wconf 79' lang='grc' dir='ltr'>Ἐμνήσθη</span> <span class='ocrx_word' id='word_1_633' title='bbox 2703 2804 2762 2858; x_wconf 80' lang='grc' dir='ltr'>δέ</span> 
     </span>
    </p>
   </div>
   <div class='ocr_carea' id='block_1_90' title="bbox 2376 2895 3956 2969">
    <p class='ocr_par' dir='ltr' id='par_1_90' title="bbox 2376 2895 3956 2969">
     <span class='ocr_line' id='line_1_90' title="bbox 2376 2895 3956 2969; baseline 0.002 -21"><span class='ocrx_word' id='word_1_634' title='bbox 2376 2901 2480 2948; x_wconf 77' lang='grc' dir='ltr'>ὄντι</span> <span class='ocrx_word' id='word_1_635' title='bbox 2535 2899 2842 2969; x_wconf 87' lang='grc' dir='ltr'>θεράποντος</span> <span class='ocrx_word' id='word_1_636' title='bbox 2896 2897 2924 2953; x_wconf 77' lang='grc' dir='ltr'>ἡ</span> <span class='ocrx_word' id='word_1_637' title='bbox 3007 2900 3165 2966; x_wconf 71' lang='grc' dir='ltr'>φωνὴ,</span> <span class='ocrx_word' id='word_1_638' title='bbox 3220 2897 3392 2968; x_wconf 79' lang='grc' dir='ltr'>ὥσπερ</span> <span class='ocrx_word' id='word_1_639' title='bbox 3464 2895 3563 2969; x_wconf 81' lang='grc' dir='ltr'>ἆρα</span> <span class='ocrx_word' id='word_1_640' title='bbox 3622 2902 3706 2948; x_wconf 84' lang='grc' dir='ltr'>καὶ</span> <span class='ocrx_word' id='word_1_641' title='bbox 3758 2896 3956 2969; x_wconf 73' lang='grc' dir='ltr'>ἆγαθού</span> 
     </span>
    </p>
   </div>
   <div class='ocr_carea' id='block_1_91' title="bbox 2374 2981 3961 3059">
    <p class='ocr_par' dir='ltr' id='par_1_91' title="bbox 2374 2981 3961 3059">
     <span class='ocr_line' id='line_1_91' title="bbox 2374 2981 3961 3059; baseline 0.002 -21"><span class='ocrx_word' id='word_1_642' title='bbox 2374 2990 2630 3038; x_wconf 87' lang='grc' dir='ltr'>Δεσπότου</span> <span class='ocrx_word' id='word_1_643' title='bbox 2680 2987 2708 3042; x_wconf 78' lang='grc' dir='ltr'>ἡ</span> <span class='ocrx_word' id='word_1_644' title='bbox 2765 2989 2881 3056; x_wconf 80' lang='grc' dir='ltr'>περὶ</span> <span class='ocrx_word' id='word_1_645' title='bbox 2929 2984 3082 3035; x_wconf 64' lang='grc' dir='ltr'>αὐτόν</span> <span class='ocrx_word' id='word_1_646' title='bbox 3123 2989 3356 3056; x_wconf 90' lang='grc' dir='ltr'>πρόνοια·</span> <span class='ocrx_word' id='word_1_647' title='bbox 3410 2981 3522 3036; x_wconf 82' lang='grc' dir='ltr'>εἶτα</span> <span class='ocrx_word' id='word_1_648' title='bbox 3569 2990 3653 3037; x_wconf 74' lang='grc' dir='ltr'>καὶ</span> <span class='ocrx_word' id='word_1_649' title='bbox 3689 2983 3961 3059; x_wconf 77' lang='grc' dir='ltr'>δεξάμενος</span> 
     </span>
    </p>
   </div>
   <div class='ocr_carea' id='block_1_92' title="bbox 2371 3070 3959 3147">
    <p class='ocr_par' dir='ltr' id='par_1_92' title="bbox 2371 3070 3959 3147">
     <span class='ocr_line' id='line_1_92' title="bbox 2371 3070 3959 3147; baseline 0.006 -27"><span class='ocrx_word' id='word_1_650' title='bbox 2371 3078 2566 3147; x_wconf 71' lang='grc' dir='ltr'>ἔφαγεν·</span> <span class='ocrx_word' id='word_1_651' title='bbox 2624 3073 2777 3125; x_wconf 66' lang='grc' dir='ltr'>αὐτόν</span> <span class='ocrx_word' id='word_1_652' title='bbox 2823 3070 2881 3125; x_wconf 77' lang='grc' dir='ltr'>δὲ</span> <span class='ocrx_word' id='word_1_653' title='bbox 2931 3081 3264 3144; x_wconf 76' lang='grc' dir='ltr'>παραχρῆμα</span> <span class='ocrx_word' id='word_1_654' title='bbox 3315 3076 3398 3124; x_wconf 88' lang='grc' dir='ltr'>τόν</span> <span class='ocrx_word' id='word_1_655' title='bbox 3457 3073 3760 3146; x_wconf 77' lang='grc' dir='ltr'>Ἀμϐακουμ</span> <span class='ocrx_word' id='word_1_656' title='bbox 3811 3075 3959 3140; x_wconf 69' lang='grc' dir='ltr'>αὖθις</span> 
     </span>
    </p>
   </div>
   <div class='ocr_carea' id='block_1_93' title="bbox 2368 3159 3953 3235">
    <p class='ocr_par' dir='ltr' id='par_1_93' title="bbox 2368 3159 3953 3235">
     <span class='ocr_line' id='line_1_93' title="bbox 2368 3159 3953 3235; baseline 0.002 -21"><span class='ocrx_word' id='word_1_657' title='bbox 2368 3172 2429 3234; x_wconf 70' lang='grc' dir='ltr'>τῇ</span> <span class='ocrx_word' id='word_1_658' title='bbox 2488 3164 2616 3234; x_wconf 65' lang='grc' dir='ltr'>αὐτῇ</span> <span class='ocrx_word' id='word_1_659' title='bbox 2673 3159 2889 3232; x_wconf 74' lang='grc' dir='ltr'>δυνάμει</span> <span class='ocrx_word' id='word_1_660' title='bbox 2951 3165 3008 3212; x_wconf 88' lang='grc' dir='ltr'>τὸ</span> <span class='ocrx_word' id='word_1_661' title='bbox 3059 3166 3243 3235; x_wconf 84' lang='grc' dir='ltr'>μυρίον</span> <span class='ocrx_word' id='word_1_662' title='bbox 3302 3160 3461 3213; x_wconf 84' lang='grc' dir='ltr'>ἐκεῖνο</span> <span class='ocrx_word' id='word_1_663' title='bbox 3509 3163 3796 3235; x_wconf 79' lang='grc' dir='ltr'>διάστημα,</span> <span class='ocrx_word' id='word_1_664' title='bbox 3871 3163 3953 3217; x_wconf 75' lang='grc' dir='ltr'>δι-</span> 
     </span>
    </p>
   </div>
   <div class='ocr_carea' id='block_1_94' title="bbox 2368 3250 3950 3324">
    <p class='ocr_par' dir='ltr' id='par_1_94' title="bbox 2368 3250 3950 3324">
     <span class='ocr_line' id='line_1_94' title="bbox 2368 3250 3950 3324; baseline -0.004 -21"><span class='ocrx_word' id='word_1_665' title='bbox 2368 3255 2601 3303; x_wconf 82' lang='grc' dir='ltr'>απτάντα</span> <span class='ocrx_word' id='word_1_666' title='bbox 2635 3251 2694 3319; x_wconf 77' lang='grc' dir='ltr'>(ὦ</span> <span class='ocrx_word' id='word_1_667' title='bbox 2734 3259 2822 3300; x_wconf 80' lang='grc' dir='ltr'>τού</span> <span class='ocrx_word' id='word_1_668' title='bbox 2868 3251 3083 3320; x_wconf 82' lang='grc' dir='ltr'>τάχους,</span> <span class='ocrx_word' id='word_1_669' title='bbox 3117 3255 3156 3299; x_wconf 80' lang='grc' dir='ltr'><em>ὦ</em></span> <span class='ocrx_word' id='word_1_670' title='bbox 3187 3260 3275 3310; x_wconf 79' lang='grc' dir='ltr'>τῆς</span> <span class='ocrx_word' id='word_1_671' title='bbox 3325 3252 3465 3311; x_wconf 87' lang='grc' dir='ltr'>θείας</span> <span class='ocrx_word' id='word_1_672' title='bbox 3511 3250 3750 3314; x_wconf 66' lang='grc' dir='ltr'>ὀξύτητος</span> <span class='ocrx_word' id='word_1_673' title='bbox 3781 3253 3791 3306; x_wconf 84' lang='lat'><strong>!</strong></span> <span class='ocrx_word' id='word_1_674' title='bbox 3821 3255 3836 3324; x_wconf 86' lang='lat'><strong>)</strong></span> <span class='ocrx_word' id='word_1_675' title='bbox 3866 3256 3950 3306; x_wconf 66' lang='grc' dir='ltr'>οὗ-</span> 
     </span>
    </p>
   </div>
   <div class='ocr_carea' id='block_1_95' title="bbox 2365 3338 3956 3414">
    <p class='ocr_par' dir='ltr' id='par_1_95' title="bbox 2365 3338 3956 3414">
     <span class='ocr_line' id='line_1_95' title="bbox 2365 3338 3956 3414; baseline 0.003 -23"><span class='ocrx_word' id='word_1_676' title='bbox 2365 3359 2464 3396; x_wconf 85' lang='grc' dir='ltr'>τως</span> <span class='ocrx_word' id='word_1_677' title='bbox 2533 3338 2578 3390; x_wconf 86' lang='grc' dir='ltr'>ἐν</span> <span class='ocrx_word' id='word_1_678' title='bbox 2627 3340 2754 3412; x_wconf 74' lang='grc' dir='ltr'>ῥιπῇ</span> <span class='ocrx_word' id='word_1_679' title='bbox 2812 3342 2939 3412; x_wconf 87' lang='grc' dir='ltr'>πρός</span> <span class='ocrx_word' id='word_1_680' title='bbox 3000 3342 3084 3390; x_wconf 86' lang='grc' dir='ltr'>τόν</span> <span class='ocrx_word' id='word_1_681' title='bbox 3155 3339 3340 3391; x_wconf 81' lang='grc' dir='ltr'>οἰκεῖον</span> <span class='ocrx_word' id='word_1_682' title='bbox 3389 3339 3726 3401; x_wconf 76' lang='grc' dir='ltr'>ἀνασωθῆναι</span> <span class='ocrx_word' id='word_1_683' title='bbox 3778 3348 3956 3414; x_wconf 80' lang='grc' dir='ltr'>τόπον,</span> 
     </span>
    </p>
   </div>
   <div class='ocr_carea' id='block_1_96' title="bbox 2364 3428 3960 3504">
    <p class='ocr_par' dir='ltr' id='par_1_96' title="bbox 2364 3428 3960 3504">
     <span class='ocr_line' id='line_1_96' title="bbox 2364 3428 3960 3504; baseline 0.004 -24"><span class='ocrx_word' id='word_1_684' title='bbox 2364 3433 2432 3490; x_wconf 86' lang='grc' dir='ltr'>ὡς</span> <span class='ocrx_word' id='word_1_685' title='bbox 2483 3435 2552 3501; x_wconf 80' lang='grc' dir='ltr'>μὴ</span> <span class='ocrx_word' id='word_1_686' title='bbox 2601 3428 3018 3500; x_wconf 86' lang='grc' dir='ltr'>παρελκυσθῆναι</span> <span class='ocrx_word' id='word_1_687' title='bbox 3070 3433 3162 3486; x_wconf 79' lang='grc' dir='ltr'>τὴν</span> <span class='ocrx_word' id='word_1_688' title='bbox 3215 3432 3350 3501; x_wconf 80' lang='grc' dir='ltr'>ὤραν</span> <span class='ocrx_word' id='word_1_689' title='bbox 3401 3439 3493 3481; x_wconf 74' lang='grc' dir='ltr'>τοῦ</span> <span class='ocrx_word' id='word_1_690' title='bbox 3559 3430 3778 3504; x_wconf 79' lang='grc' dir='ltr'>ἀρίστου</span> <span class='ocrx_word' id='word_1_691' title='bbox 3848 3443 3960 3498; x_wconf 79' lang='grc' dir='ltr'>τοῖς</span> 
     </span>
    </p>
   </div>
   <div class='ocr_carea' id='block_1_97' title="bbox 2367 3514 3957 3596">
    <p class='ocr_par' dir='ltr' id='par_1_97' title="bbox 2367 3514 3957 3596">
     <span class='ocr_line' id='line_1_97' title="bbox 2367 3514 3957 3596; baseline 0.003 -26"><span class='ocrx_word' id='word_1_692' title='bbox 2367 3521 2644 3591; x_wconf 84' lang='grc' dir='ltr'>θερισταῖς·</span> <span class='ocrx_word' id='word_1_693' title='bbox 2700 3526 2849 3569; x_wconf 78' lang='grc' dir='ltr'>τοῦτο</span> <span class='ocrx_word' id='word_1_694' title='bbox 2905 3522 2994 3590; x_wconf 74' lang='grc' dir='ltr'>μὲν</span> <span class='ocrx_word' id='word_1_695' title='bbox 3044 3514 3129 3570; x_wconf 80' lang='grc' dir='ltr'>οὖν</span> <span class='ocrx_word' id='word_1_696' title='bbox 3182 3524 3338 3590; x_wconf 81' lang='grc' dir='ltr'>μόνου</span> <span class='ocrx_word' id='word_1_697' title='bbox 3389 3522 3628 3592; x_wconf 81' lang='grc' dir='ltr'>καθαρῶς</span> <span class='ocrx_word' id='word_1_698' title='bbox 3699 3524 3848 3596; x_wconf 80' lang='grc' dir='ltr'>ἔργον</span> <span class='ocrx_word' id='word_1_699' title='bbox 3905 3529 3957 3575; x_wconf 77' lang='grc' dir='ltr'>ὅν</span> 
     </span>
    </p>
   </div>
   <div class='ocr_carea' id='block_1_98' title="bbox 2362 3604 3956 3683">
    <p class='ocr_par' dir='ltr' id='par_1_98' title="bbox 2362 3604 3956 3683">
     <span class='ocr_line' id='line_1_98' title="bbox 2362 3604 3956 3683; baseline 0.003 -23"><span class='ocrx_word' id='word_1_700' title='bbox 2362 3617 2452 3660; x_wconf 76' lang='grc' dir='ltr'>τοῦ</span> <span class='ocrx_word' id='word_1_701' title='bbox 2516 3616 2649 3661; x_wconf 82' lang='grc' dir='ltr'>Θεού</span> <span class='ocrx_word' id='word_1_702' title='bbox 2723 3611 2812 3658; x_wconf 81' lang='grc' dir='ltr'>καὶ</span> <span class='ocrx_word' id='word_1_703' title='bbox 2884 3615 2976 3667; x_wconf 87' lang='grc' dir='ltr'>τῆς</span> <span class='ocrx_word' id='word_1_704' title='bbox 3038 3604 3432 3678; x_wconf 71' lang='grc' dir='ltr'>παντοὸυνάμου</span> <span class='ocrx_word' id='word_1_705' title='bbox 3492 3610 3680 3683; x_wconf 76' lang='grc' dir='ltr'>ροπῆς³</span> <span class='ocrx_word' id='word_1_706' title='bbox 3738 3611 3956 3665; x_wconf 66' lang='grc' dir='ltr'>αὐτόθεν</span> 
     </span>
    </p>
   </div>
   <div class='ocr_carea' id='block_1_99' title="bbox 2360 3696 3952 3772">
    <p class='ocr_par' dir='ltr' id='par_1_99' title="bbox 2360 3696 3952 3772">
     <span class='ocr_line' id='line_1_99' title="bbox 2360 3696 3952 3772; baseline 0.002 -24"><span class='ocrx_word' id='word_1_707' title='bbox 2360 3700 2474 3769; x_wconf 76' lang='grc' dir='ltr'>ἔχει</span> <span class='ocrx_word' id='word_1_708' title='bbox 2527 3702 2582 3749; x_wconf 88' lang='grc' dir='ltr'>τό</span> <span class='ocrx_word' id='word_1_709' title='bbox 2632 3696 2858 3768; x_wconf 70' lang='grc' dir='ltr'>θαυμαη</span> <span class='ocrx_word' id='word_1_710' title='bbox 2893 3699 3024 3747; x_wconf 75' lang='grc' dir='ltr'>κατὰ</span> <span class='ocrx_word' id='word_1_711' title='bbox 3054 3696 3208 3766; x_wconf 84' lang='grc' dir='ltr'>λόγου</span> <span class='ocrx_word' id='word_1_712' title='bbox 3238 3702 3326 3748; x_wconf 84' lang='grc' dir='ltr'>καὶ</span> <span class='ocrx_word' id='word_1_713' title='bbox 3368 3708 3553 3770; x_wconf 72' lang='grc' dir='ltr'>φρενῶν</span> <span class='ocrx_word' id='word_1_714' title='bbox 3600 3696 3848 3772; x_wconf 78' lang='grc' dir='ltr'>δύναμιν.</span> <span class='ocrx_word' id='word_1_715' title='bbox 3896 3701 3952 3755; x_wconf 79' lang='grc' dir='ltr'><strong>Ἠ</strong></span> 
     </span>
    </p>
   </div>
   <div class='ocr_carea' id='block_1_100' title="bbox 2361 3781 3952 3860">
    <p class='ocr_par' dir='ltr' id='par_1_100' title="bbox 2361 3781 3952 3860">
     <span class='ocr_line' id='line_1_100' title="bbox 2361 3781 3952 3860; baseline 0.003 -24"><span class='ocrx_word' id='word_1_716' title='bbox 2361 3788 2478 3842; x_wconf 80' lang='grc' dir='ltr'>ἕκτη</span> <span class='ocrx_word' id='word_1_717' title='bbox 2538 3789 2625 3856; x_wconf 73' lang='grc' dir='ltr'>μεν</span> <span class='ocrx_word' id='word_1_718' title='bbox 2675 3781 2760 3836; x_wconf 76' lang='grc' dir='ltr'>οὖν</span> <span class='ocrx_word' id='word_1_719' title='bbox 2819 3783 2980 3844; x_wconf 84' lang='grc' dir='ltr'>ούτως</span> <span class='ocrx_word' id='word_1_720' title='bbox 3035 3788 3340 3858; x_wconf 82' lang='grc' dir='ltr'>ἐπεραίνετο,</span> <span class='ocrx_word' id='word_1_721' title='bbox 3399 3791 3484 3836; x_wconf 85' lang='grc' dir='ltr'>τόν</span> <span class='ocrx_word' id='word_1_722' title='bbox 3542 3788 3729 3845; x_wconf 76' lang='grc' dir='ltr'>Δανιὴλ</span> <span class='ocrx_word' id='word_1_723' title='bbox 3779 3788 3831 3840; x_wconf 87' lang='grc' dir='ltr'>ἐν</span> <span class='ocrx_word' id='word_1_724' title='bbox 3880 3799 3952 3860; x_wconf 79' lang='grc' dir='ltr'>τῷ</span> 
     </span>
    </p>
   </div>
   <div class='ocr_carea' id='block_1_101' title="bbox 2358 3871 3952 3949">
    <p class='ocr_par' dir='ltr' id='par_1_101' title="bbox 2358 3871 3952 3949">
     <span class='ocr_line' id='line_1_101' title="bbox 2358 3871 3952 3949; baseline 0.005 -25"><span class='ocrx_word' id='word_1_725' title='bbox 2358 3873 2530 3944; x_wconf 84' lang='grc' dir='ltr'>λάκκῳ</span> <span class='ocrx_word' id='word_1_726' title='bbox 2579 3872 2929 3946; x_wconf 71' lang='grc' dir='ltr'>διατηροῦσα,</span> <span class='ocrx_word' id='word_1_727' title='bbox 2965 3875 3130 3948; x_wconf 79' lang='grc' dir='ltr'>Κύρος</span> <span class='ocrx_word' id='word_1_728' title='bbox 3163 3871 3219 3925; x_wconf 72' lang='grc' dir='ltr'>δε</span> <span class='ocrx_word' id='word_1_729' title='bbox 3257 3883 3318 3945; x_wconf 76' lang='grc' dir='ltr'>τῇ</span> <span class='ocrx_word' id='word_1_730' title='bbox 3354 3872 3549 3949; x_wconf 75' lang='grc' dir='ltr'>ἑϐδόμη</span> <span class='ocrx_word' id='word_1_731' title='bbox 3586 3877 3741 3948; x_wconf 69' lang='grc' dir='ltr'>ἀπῄει</span> <span class='ocrx_word' id='word_1_732' title='bbox 3776 3881 3846 3940; x_wconf 81' lang='grc' dir='ltr'>ὡς</span> <span class='ocrx_word' id='word_1_733' title='bbox 3874 3900 3952 3932; x_wconf 85' lang='grc' dir='ltr'>τε-</span> 
     </span>
    </p>
   </div>
   <div class='ocr_carea' id='block_1_102' title="bbox 2357 3959 3948 4035">
    <p class='ocr_par' dir='ltr' id='par_1_102' title="bbox 2357 3959 3948 4035">
     <span class='ocr_line' id='line_1_102' title="bbox 2357 3959 3948 4035; baseline 0.006 -23"><span class='ocrx_word' id='word_1_734' title='bbox 2357 3965 2580 4019; x_wconf 87' lang='grc' dir='ltr'>θνηκότα</span> <span class='ocrx_word' id='word_1_735' title='bbox 2629 3959 2733 4020; x_wconf 67' lang='grc' dir='ltr'>ἢδη</span> <span class='ocrx_word' id='word_1_736' title='bbox 2790 3965 2874 4012; x_wconf 86' lang='grc' dir='ltr'>τὸν</span> <span class='ocrx_word' id='word_1_737' title='bbox 2923 3962 3062 4034; x_wconf 72' lang='grc' dir='ltr'>φίλον</span> <span class='ocrx_word' id='word_1_738' title='bbox 3127 3965 3413 4020; x_wconf 76' lang='grc' dir='ltr'>πενθήσων”</span> <span class='ocrx_word' id='word_1_739' title='bbox 3467 3963 3696 4035; x_wconf 72' lang='grc' dir='ltr'>ἐγκύψας</span> <span class='ocrx_word' id='word_1_740' title='bbox 3741 3963 3803 4018; x_wconf 70' lang='grc' dir='ltr'>δὲ</span> <span class='ocrx_word' id='word_1_741' title='bbox 3855 3975 3948 4021; x_wconf 77' lang='grc' dir='ltr'>καὶ</span> 
     </span>
    </p>
   </div>
   <div class='ocr_carea' id='block_1_103' title="bbox 2353 4047 3941 4130">
    <p class='ocr_par' dir='ltr' id='par_1_103' title="bbox 2353 4047 3941 4126">
     <span class='ocr_line' id='line_1_103' title="bbox 2353 4047 3941 4126; baseline 0.004 -25"><span class='ocrx_word' id='word_1_742' title='bbox 2353 4047 2478 4102; x_wconf 75' lang='grc' dir='ltr'>ἰδὼν</span> <span class='ocrx_word' id='word_1_743' title='bbox 2511 4050 2663 4101; x_wconf 71' lang='grc' dir='ltr'>αὐτόν</span> <span class='ocrx_word' id='word_1_744' title='bbox 2720 4049 2767 4101; x_wconf 83' lang='grc' dir='ltr'>ἐν</span> <span class='ocrx_word' id='word_1_745' title='bbox 2810 4057 2881 4120; x_wconf 80' lang='grc' dir='ltr'>τῷ</span> <span class='ocrx_word' id='word_1_746' title='bbox 2929 4050 3100 4121; x_wconf 85' lang='grc' dir='ltr'>λάκκῳ</span> <span class='ocrx_word' id='word_1_747' title='bbox 3151 4054 3434 4122; x_wconf 78' lang='grc' dir='ltr'>καθήμενον</span> <span class='ocrx_word' id='word_1_748' title='bbox 3477 4051 3697 4119; x_wconf 70' lang='grc' dir='ltr'>ἀϐλαϐῆ,</span> <span class='ocrx_word' id='word_1_749' title='bbox 3738 4057 3941 4126; x_wconf 82' lang='grc' dir='ltr'>μεγάλη</span> 
     </span>
    </p>
   </div>
   <div class='ocr_carea' id='block_1_104' title="bbox 2349 4141 3939 4214">
    <p class='ocr_par' dir='ltr' id='par_1_104' title="bbox 2349 4141 3939 4214">
     <span class='ocr_line' id='line_1_104' title="bbox 2349 4141 3939 4214; baseline 0.003 -25"><span class='ocrx_word' id='word_1_750' title='bbox 2349 4147 2484 4211; x_wconf 81' lang='grc' dir='ltr'>φωνῇ</span> <span class='ocrx_word' id='word_1_751' title='bbox 2541 4142 2625 4190; x_wconf 85' lang='grc' dir='ltr'>τὸν</span> <span class='ocrx_word' id='word_1_752' title='bbox 2675 4147 2771 4190; x_wconf 86' lang='grc' dir='ltr'>τῶν</span> <span class='ocrx_word' id='word_1_753' title='bbox 2828 4141 3128 4207; x_wconf 79' lang='grc' dir='ltr'>θαυμασίων</span> <span class='ocrx_word' id='word_1_754' title='bbox 3183 4141 3326 4211; x_wconf 71' lang='grc' dir='ltr'>ὕμνει</span> <span class='ocrx_word' id='word_1_755' title='bbox 3366 4144 3493 4193; x_wconf 77' lang='grc' dir='ltr'>Θεὸν</span> <span class='ocrx_word' id='word_1_756' title='bbox 3541 4147 3628 4194; x_wconf 87' lang='grc' dir='ltr'>καὶ</span> <span class='ocrx_word' id='word_1_757' title='bbox 3673 4144 3864 4214; x_wconf 78' lang='grc' dir='ltr'>μᾶλλον</span> <span class='ocrx_word' id='word_1_758' title='bbox 3909 4150 3939 4204; x_wconf 74' lang='grc' dir='ltr'><strong><em>ἦ</em></strong></span> 
     </span>
    </p>
   </div>
   <div class='ocr_carea' id='block_1_105' title="bbox 2345 4229 3939 4304">
    <p class='ocr_par' dir='ltr' id='par_1_105' title="bbox 2345 4229 3939 4304">
     <span class='ocr_line' id='line_1_105' title="bbox 2345 4229 3939 4304; baseline 0.003 -24"><span class='ocrx_word' id='word_1_759' title='bbox 2345 4236 2552 4304; x_wconf 84' lang='grc' dir='ltr'>Δαρεῖος</span> <span class='ocrx_word' id='word_1_760' title='bbox 2605 4233 2660 4280; x_wconf 81' lang='grc' dir='ltr'>τό</span> <span class='ocrx_word' id='word_1_761' title='bbox 2714 4232 2977 4303; x_wconf 84' lang='grc' dir='ltr'>πρότερον·</span> <span class='ocrx_word' id='word_1_762' title='bbox 3035 4234 3123 4280; x_wconf 85' lang='grc' dir='ltr'>καὶ</span> <span class='ocrx_word' id='word_1_763' title='bbox 3175 4234 3258 4280; x_wconf 87' lang='grc' dir='ltr'>τὸν</span> <span class='ocrx_word' id='word_1_764' title='bbox 3316 4234 3406 4301; x_wconf 74' lang='grc' dir='ltr'>μὲν</span> <span class='ocrx_word' id='word_1_765' title='bbox 3459 4229 3645 4283; x_wconf 80' lang='grc' dir='ltr'>ἐκεῖθεν</span> <span class='ocrx_word' id='word_1_766' title='bbox 3705 4232 3939 4285; x_wconf 70' lang='grc' dir='ltr'>ἀνείλκυο</span> 
     </span>
    </p>
   </div>
   <div class='ocr_carea' id='block_1_106' title="bbox 2346 4313 3936 4392">
    <p class='ocr_par' dir='ltr' id='par_1_106' title="bbox 2346 4313 3936 4392">
     <span class='ocr_line' id='line_1_106' title="bbox 2346 4313 3936 4392; baseline 0.003 -22"><span class='ocrx_word' id='word_1_767' title='bbox 2346 4337 2428 4371; x_wconf 88' lang='grc' dir='ltr'>σεν</span> <span class='ocrx_word' id='word_1_768' title='bbox 2477 4321 2524 4370; x_wconf 82' lang='grc' dir='ltr'>ἐν</span> <span class='ocrx_word' id='word_1_769' title='bbox 2579 4313 2808 4389; x_wconf 73' lang='grc' dir='ltr'>σπουδῇ·</span> <span class='ocrx_word' id='word_1_770' title='bbox 2871 4322 2987 4378; x_wconf 78' lang='grc' dir='ltr'>τοὺς</span> <span class='ocrx_word' id='word_1_771' title='bbox 3029 4314 3086 4370; x_wconf 78' lang='grc' dir='ltr'>δὲ</span> <span class='ocrx_word' id='word_1_772' title='bbox 3142 4321 3311 4389; x_wconf 81' lang='grc' dir='ltr'>μάτην</span> <span class='ocrx_word' id='word_1_773' title='bbox 3369 4320 3505 4390; x_wconf 71' lang='grc' dir='ltr'>αὐτῷ</span> <span class='ocrx_word' id='word_1_774' title='bbox 3548 4319 3936 4392; x_wconf 83' lang='grc' dir='ltr'>βασκαίνοντας</span> 
     </span>
    </p>
   </div>
   <div class='ocr_carea' id='block_1_107' title="bbox 2341 4406 3926 4482">
    <p class='ocr_par' dir='ltr' id='par_1_107' title="bbox 2341 4406 3926 4482">
     <span class='ocr_line' id='line_1_107' title="bbox 2341 4406 3926 4482; baseline 0.004 -24"><span class='ocrx_word' id='word_1_775' title='bbox 2341 4406 2547 4478; x_wconf 83' lang='grc' dir='ltr'>ἑτοίμην</span> <span class='ocrx_word' id='word_1_776' title='bbox 2598 4408 2743 4467; x_wconf 72' lang='grc' dir='ltr'>εὐθὺς</span> <span class='ocrx_word' id='word_1_777' title='bbox 2794 4414 2903 4468; x_wconf 90' lang='grc' dir='ltr'>τοῖς</span> <span class='ocrx_word' id='word_1_778' title='bbox 2955 4407 3130 4458; x_wconf 86' lang='grc' dir='ltr'>λέουσι</span> <span class='ocrx_word' id='word_1_779' title='bbox 3177 4409 3372 4465; x_wconf 83' lang='grc' dir='ltr'>καθῆκε</span> <span class='ocrx_word' id='word_1_780' title='bbox 3431 4407 3614 4482; x_wconf 83' lang='grc' dir='ltr'>βοράν·</span> <span class='ocrx_word' id='word_1_781' title='bbox 3667 4411 3800 4462; x_wconf 78' lang='grc' dir='ltr'>οὕτω</span> <span class='ocrx_word' id='word_1_782' title='bbox 3855 4409 3926 4471; x_wconf 76' lang='grc' dir='ltr'>δὴ</span> 
     </span>
    </p>
   </div>
   <div class='ocr_carea' id='block_1_108' title="bbox 2339 4491 3926 4572">
    <p class='ocr_par' dir='ltr' id='par_1_108' title="bbox 2339 4491 3926 4572">
     <span class='ocr_line' id='line_1_108' title="bbox 2339 4491 3926 4572; baseline 0.006 -29"><span class='ocrx_word' id='word_1_783' title='bbox 2339 4491 2429 4544; x_wconf 79' lang='grc' dir='ltr'>κάν</span> <span class='ocrx_word' id='word_1_784' title='bbox 2483 4503 2585 4554; x_wconf 85' lang='grc' dir='ltr'>τοῖς</span> <span class='ocrx_word' id='word_1_785' title='bbox 2638 4498 2803 4547; x_wconf 82' lang='grc' dir='ltr'>ἔθνεσι</span> <span class='ocrx_word' id='word_1_786' title='bbox 2859 4501 3169 4567; x_wconf 84' lang='grc' dir='ltr'>γινώσκεται</span> <span class='ocrx_word' id='word_1_787' title='bbox 3245 4499 3429 4571; x_wconf 81' lang='grc' dir='ltr'>Κύριος</span> <span class='ocrx_word' id='word_1_788' title='bbox 3485 4503 3713 4572; x_wconf 85' lang='grc' dir='ltr'>κρίματα</span> <span class='ocrx_word' id='word_1_789' title='bbox 3766 4511 3926 4552; x_wconf 81' lang='grc' dir='ltr'>ποιῶν</span> 
     </span>
    </p>
   </div>
   <div class='ocr_carea' id='block_1_109' title="bbox 2338 4581 3926 4660">
    <p class='ocr_par' dir='ltr' id='par_1_109' title="bbox 2338 4581 3926 4660">
     <span class='ocr_line' id='line_1_109' title="bbox 2338 4581 3926 4660; baseline 0.006 -27"><span class='ocrx_word' id='word_1_790' title='bbox 2338 4581 2384 4633; x_wconf 90' lang='grc' dir='ltr'>ἐν</span> <span class='ocrx_word' id='word_1_791' title='bbox 2433 4591 2539 4645; x_wconf 85' lang='grc' dir='ltr'>τοῖς</span> <span class='ocrx_word' id='word_1_792' title='bbox 2586 4587 2754 4658; x_wconf 86' lang='grc' dir='ltr'>ἔργοις</span> <span class='ocrx_word' id='word_1_793' title='bbox 2804 4604 2855 4636; x_wconf 87' lang='grc' dir='ltr'>τε</span> <span class='ocrx_word' id='word_1_794' title='bbox 2899 4593 2996 4636; x_wconf 86' lang='grc' dir='ltr'>τῶν</span> <span class='ocrx_word' id='word_1_795' title='bbox 3026 4594 3220 4659; x_wconf 87' lang='grc' dir='ltr'>χειρῶν</span> <span class='ocrx_word' id='word_1_796' title='bbox 3252 4585 3417 4638; x_wconf 66' lang='grc' dir='ltr'>αὐτῶν</span> <span class='ocrx_word' id='word_1_797' title='bbox 3469 4585 3700 4660; x_wconf 71' lang='grc' dir='ltr'>ἀρρήτως</span> <span class='ocrx_word' id='word_1_798' title='bbox 3735 4589 3926 4642; x_wconf 81' lang='grc' dir='ltr'>οἰκονο-</span> 
     </span>
    </p>
   </div>
   <div class='ocr_carea' id='block_1_110' title="bbox 2335 4674 3925 4746">
    <p class='ocr_par' dir='ltr' id='par_1_110' title="bbox 2335 4674 3925 4746">
     <span class='ocr_line' id='line_1_110' title="bbox 2335 4674 3925 4746; baseline 0.006 -23"><span class='ocrx_word' id='word_1_799' title='bbox 2335 4682 2462 4741; x_wconf 80' lang='grc' dir='ltr'>μῶν,</span> <span class='ocrx_word' id='word_1_800' title='bbox 2514 4677 2632 4735; x_wconf 88' lang='grc' dir='ltr'>τούς</span> <span class='ocrx_word' id='word_1_801' title='bbox 2689 4674 3021 4746; x_wconf 68' lang='grc' dir='ltr'>ἁμαρτωλοὺς</span> <span class='ocrx_word' id='word_1_802' title='bbox 3092 4674 3560 4746; x_wconf 82' lang='grc' dir='ltr'>συλλαμϐάνεσθαι·</span> <span class='ocrx_word' id='word_1_803' title='bbox 3611 4675 3667 4736; x_wconf 77' lang='grc' dir='ltr'>ἦν</span> <span class='ocrx_word' id='word_1_804' title='bbox 3727 4679 3814 4730; x_wconf 79' lang='grc' dir='ltr'>οὖν</span> <span class='ocrx_word' id='word_1_805' title='bbox 3864 4685 3925 4733; x_wconf 82' lang='grc' dir='ltr'>τὸ</span> 
     </span>
    </p>
   </div>
   <div class='ocr_carea' id='block_1_111' title="bbox 2333 4763 3924 4838">
    <p class='ocr_par' dir='ltr' id='par_1_111' title="bbox 2333 4763 3924 4838">
     <span class='ocr_line' id='line_1_111' title="bbox 2333 4763 3924 4838; baseline 0.006 -25"><span class='ocrx_word' id='word_1_806' title='bbox 2333 4765 2461 4833; x_wconf 85' lang='grc' dir='ltr'>μετὰ</span> <span class='ocrx_word' id='word_1_807' title='bbox 2499 4771 2661 4816; x_wconf 81' lang='grc' dir='ltr'>ταυτα</span> <span class='ocrx_word' id='word_1_808' title='bbox 2692 4765 2716 4815; x_wconf 91' lang='grc' dir='ltr'>ό</span> <span class='ocrx_word' id='word_1_809' title='bbox 2747 4764 2932 4822; x_wconf 74' lang='grc' dir='ltr'>Δανιὴλ</span> <span class='ocrx_word' id='word_1_810' title='bbox 2982 4763 3281 4836; x_wconf 77' lang='grc' dir='ltr'>συμϐιωτὴς</span> <span class='ocrx_word' id='word_1_811' title='bbox 3313 4784 3362 4817; x_wconf 88' lang='grc' dir='ltr'>τε</span> <span class='ocrx_word' id='word_1_812' title='bbox 3393 4773 3483 4817; x_wconf 73' lang='grc' dir='ltr'>τοῦ</span> <span class='ocrx_word' id='word_1_813' title='bbox 3527 4765 3782 4838; x_wconf 83' lang='grc' dir='ltr'>βασιλέως</span> <span class='ocrx_word' id='word_1_814' title='bbox 3833 4775 3924 4823; x_wconf 86' lang='grc' dir='ltr'>καὶ</span> 
     </span>
    </p>
   </div>
   <div class='ocr_carea' id='block_1_112' title="bbox 2331 4849 3924 4927">
    <p class='ocr_par' dir='ltr' id='par_1_112' title="bbox 2331 4849 3924 4927">
     <span class='ocr_line' id='line_1_112' title="bbox 2331 4849 3924 4927; baseline 0.011 -34"><span class='ocrx_word' id='word_1_815' title='bbox 2331 4861 2488 4923; x_wconf 74' lang='grc' dir='ltr'>τιμῆς</span> <span class='ocrx_word' id='word_1_816' title='bbox 2529 4853 2650 4927; x_wconf 82' lang='grc' dir='ltr'>παρ’</span> <span class='ocrx_word' id='word_1_817' title='bbox 2699 4853 2836 4924; x_wconf 78' lang='grc' dir='ltr'>αὐτῷ</span> <span class='ocrx_word' id='word_1_818' title='bbox 2875 4858 2964 4905; x_wconf 86' lang='grc' dir='ltr'>καὶ</span> <span class='ocrx_word' id='word_1_819' title='bbox 3010 4849 3169 4915; x_wconf 75' lang='grc' dir='ltr'>δόξης</span> <span class='ocrx_word' id='word_1_820' title='bbox 3216 4855 3341 4926; x_wconf 74' lang='grc' dir='ltr'>ὑπὲρ</span> <span class='ocrx_word' id='word_1_821' title='bbox 3388 4857 3581 4917; x_wconf 87' lang='grc' dir='ltr'>πάντας</span> <span class='ocrx_word' id='word_1_822' title='bbox 3608 4859 3768 4908; x_wconf 74' lang='grc' dir='ltr'>αὑτοῦ</span> <span class='ocrx_word' id='word_1_823' title='bbox 3796 4863 3924 4922; x_wconf 79' lang='grc' dir='ltr'>τοὺς</span> 
     </span>
    </p>
   </div>
   <div class='ocr_carea' id='block_1_113' title="bbox 2332 4940 2957 5012">
    <p class='ocr_par' dir='ltr' id='par_1_113' title="bbox 2332 4940 2957 5012">
     <span class='ocr_line' id='line_1_113' title="bbox 2332 4940 2957 5012; baseline 0.01 -22"><span class='ocrx_word' id='word_1_824' title='bbox 2332 4940 2506 5012; x_wconf 78' lang='grc' dir='ltr'>φίλους</span> <span class='ocrx_word' id='word_1_825' title='bbox 2543 4942 2957 5012; x_wconf 84' lang='grc' dir='ltr'>καταξιούμενος.</span> 
     </span>
    </p>
   </div>
   <div class='ocr_carea' id='block_1_114' title="bbox 2405 5029 3924 5106">
    <p class='ocr_par' dir='ltr' id='par_1_114' title="bbox 2405 5029 3924 5106">
     <span class='ocr_line' id='line_1_114' title="bbox 2405 5029 3924 5106; baseline 0.005 -25"><span class='ocrx_word' id='word_1_826' title='bbox 2405 5029 2514 5083; x_wconf 71' lang='grc' dir='ltr'>ΚΕ.</span> <span class='ocrx_word' id='word_1_827' title='bbox 2554 5030 2708 5082; x_wconf 80' lang='grc' dir='ltr'>Ἀλλὰ</span> <span class='ocrx_word' id='word_1_828' title='bbox 2748 5033 2846 5106; x_wconf 82' lang='grc' dir='ltr'>γὰρ</span> <span class='ocrx_word' id='word_1_829' title='bbox 2887 5036 2975 5083; x_wconf 83' lang='grc' dir='ltr'>καὶ</span> <span class='ocrx_word' id='word_1_830' title='bbox 3015 5031 3163 5084; x_wconf 83' lang='grc' dir='ltr'>πάλιν</span> <span class='ocrx_word' id='word_1_831' title='bbox 3203 5033 3391 5092; x_wconf 82' lang='grc' dir='ltr'>Δανιὴλ</span> <span class='ocrx_word' id='word_1_832' title='bbox 3452 5035 3476 5085; x_wconf 90' lang='grc' dir='ltr'>ό</span> <span class='ocrx_word' id='word_1_833' title='bbox 3515 5035 3806 5106; x_wconf 84' lang='grc' dir='ltr'>θαυμάσιος</span> <span class='ocrx_word' id='word_1_834' title='bbox 3852 5040 3924 5089; x_wconf 80' lang='grc' dir='ltr'>τὰ</span> 
     </span>
    </p>
   </div>
   <div class='ocr_carea' id='block_1_115' title="bbox 2333 5119 3918 5197">
    <p class='ocr_par' dir='ltr' id='par_1_115' title="bbox 2333 5119 3918 5197">
     <span class='ocr_line' id='line_1_115' title="bbox 2333 5119 3918 5197; baseline 0.005 -29"><span class='ocrx_word' id='word_1_835' title='bbox 2333 5120 2530 5176; x_wconf 81' lang='grc' dir='ltr'>συνήθη</span> <span class='ocrx_word' id='word_1_836' title='bbox 2567 5128 2724 5170; x_wconf 87' lang='grc' dir='ltr'>ποιῶν</span> <span class='ocrx_word' id='word_1_837' title='bbox 2754 5125 2841 5172; x_wconf 87' lang='grc' dir='ltr'>καὶ</span> <span class='ocrx_word' id='word_1_838' title='bbox 2873 5129 2961 5180; x_wconf 84' lang='grc' dir='ltr'>τῆς</span> <span class='ocrx_word' id='word_1_839' title='bbox 2992 5120 3042 5182; x_wconf 84' lang='grc' dir='ltr'>ἐξ</span> <span class='ocrx_word' id='word_1_840' title='bbox 3083 5119 3251 5195; x_wconf 81' lang='grc' dir='ltr'>ἀρχῆς</span> <span class='ocrx_word' id='word_1_841' title='bbox 3305 5121 3548 5194; x_wconf 77' lang='grc' dir='ltr'>ἐχόμενος</span> <span class='ocrx_word' id='word_1_842' title='bbox 3591 5123 3918 5197; x_wconf 78' lang='grc' dir='ltr'>ἐγκρατείας,</span> 
     </span>
    </p>
   </div>
   <div class='ocr_carea' id='block_1_116' title="bbox 2327 5206 3918 5287">
    <p class='ocr_par' dir='ltr' id='par_1_116' title="bbox 2327 5206 3918 5287">
     <span class='ocr_line' id='line_1_116' title="bbox 2327 5206 3918 5287; baseline 0.006 -30"><span class='ocrx_word' id='word_1_843' title='bbox 2327 5211 2569 5259; x_wconf 77' lang='grc' dir='ltr'>τοιούτων</span> <span class='ocrx_word' id='word_1_844' title='bbox 2618 5206 2767 5269; x_wconf 79' lang='grc' dir='ltr'>αὖθις</span> <span class='ocrx_word' id='word_1_845' title='bbox 2815 5211 3023 5272; x_wconf 73' lang='grc' dir='ltr'>ἠξιοῦτο</span> <span class='ocrx_word' id='word_1_846' title='bbox 3062 5215 3148 5261; x_wconf 87' lang='grc' dir='ltr'>καὶ</span> <span class='ocrx_word' id='word_1_847' title='bbox 3194 5219 3291 5262; x_wconf 87' lang='grc' dir='ltr'>τῶν</span> <span class='ocrx_word' id='word_1_848' title='bbox 3334 5214 3572 5286; x_wconf 85' lang='grc' dir='ltr'>θεωρίων’</span> <span class='ocrx_word' id='word_1_849' title='bbox 3619 5216 3758 5284; x_wconf 76' lang='grc' dir='ltr'>ἤμην</span> <span class='ocrx_word' id='word_1_850' title='bbox 3786 5219 3918 5287; x_wconf 71' lang='grc' dir='ltr'>γὰρ,</span> 
     </span>
    </p>
   </div>
   <div class='ocr_carea' id='block_1_117' title="bbox 2325 5293 3915 5373">
    <p class='ocr_par' dir='ltr' id='par_1_117' title="bbox 2325 5293 3915 5373">
     <span class='ocr_line' id='line_1_117' title="bbox 2325 5293 3915 5373; baseline 0.005 -27"><span class='ocrx_word' id='word_1_851' title='bbox 2325 5293 2510 5358; x_wconf 77' lang='grc' dir='ltr'>ἐκεῖνος</span> <span class='ocrx_word' id='word_1_852' title='bbox 2563 5317 2709 5368; x_wconf 75' lang='grc' dir='ltr'>φησι,</span> <span class='ocrx_word' id='word_1_853' title='bbox 2796 5307 2929 5370; x_wconf 86' lang='grc' dir='ltr'>τρεῖς</span> <span class='ocrx_word' id='word_1_854' title='bbox 2995 5295 3290 5370; x_wconf 74' lang='grc' dir='ltr'>ἑϐδομάδας</span> <span class='ocrx_word' id='word_1_855' title='bbox 3352 5303 3554 5373; x_wconf 82' lang='grc' dir='ltr'>ἡμερῶν</span> <span class='ocrx_word' id='word_1_856' title='bbox 3628 5305 3915 5358; x_wconf 83' lang='grc' dir='ltr'>νηστεύων.</span> 
     </span>
    </p>
   </div>
   <div class='ocr_carea' id='block_1_118' title="bbox 2323 5383 3918 5465">
    <p class='ocr_par' dir='ltr' id='par_1_118' title="bbox 2323 5383 3918 5465">
     <span class='ocr_line' id='line_1_118' title="bbox 2323 5383 3918 5465; baseline 0.004 -27"><span class='ocrx_word' id='word_1_857' title='bbox 2323 5383 2507 5458; x_wconf 70' lang='grc' dir='ltr'>Ἄρτον</span> <span class='ocrx_word' id='word_1_858' title='bbox 2577 5390 2676 5460; x_wconf 81' lang='grc' dir='ltr'>γὰρ</span> <span class='ocrx_word' id='word_1_859' title='bbox 2733 5388 3014 5460; x_wconf 85' lang='grc' dir='ltr'>ἐπιθυμιῶν</span> <span class='ocrx_word' id='word_1_860' title='bbox 3071 5389 3162 5441; x_wconf 70' lang='grc' dir='ltr'>οὐκ</span> <span class='ocrx_word' id='word_1_861' title='bbox 3217 5391 3400 5461; x_wconf 71' lang='grc' dir='ltr'>ἔφαγον</span> <span class='ocrx_word' id='word_1_862' title='bbox 3476 5395 3564 5442; x_wconf 83' lang='grc' dir='ltr'>καὶ</span> <span class='ocrx_word' id='word_1_863' title='bbox 3624 5394 3747 5465; x_wconf 86' lang='grc' dir='ltr'>κρέα</span> <span class='ocrx_word' id='word_1_864' title='bbox 3821 5397 3918 5444; x_wconf 88' lang='grc' dir='ltr'>καὶ</span> 
     </span>
    </p>
   </div>
   <div class='ocr_carea' id='block_1_119' title="bbox 2319 5473 3912 5554">
    <p class='ocr_par' dir='ltr' id='par_1_119' title="bbox 2319 5473 3912 5554">
     <span class='ocr_line' id='line_1_119' title="bbox 2319 5473 3912 5554; baseline 0.005 -27"><span class='ocrx_word' id='word_1_865' title='bbox 2319 5473 2448 5536; x_wconf 82' lang='grc' dir='ltr'>οἶνος</span> <span class='ocrx_word' id='word_1_866' title='bbox 2497 5476 2591 5528; x_wconf 78' lang='grc' dir='ltr'>οὐκ</span> <span class='ocrx_word' id='word_1_867' title='bbox 2643 5476 2871 5536; x_wconf 82' lang='grc' dir='ltr'>εἰσῆλθεν</span> <span class='ocrx_word' id='word_1_868' title='bbox 2924 5478 2996 5540; x_wconf 84' lang='grc' dir='ltr'>εἰς</span> <span class='ocrx_word' id='word_1_869' title='bbox 3045 5482 3102 5530; x_wconf 89' lang='grc' dir='ltr'>τὸ</span> <span class='ocrx_word' id='word_1_870' title='bbox 3163 5483 3331 5551; x_wconf 85' lang='grc' dir='ltr'>στόμα</span> <span class='ocrx_word' id='word_1_871' title='bbox 3385 5499 3506 5552; x_wconf 86' lang='grc' dir='ltr'>μου,</span> <span class='ocrx_word' id='word_1_872' title='bbox 3559 5481 3912 5554; x_wconf 73' lang='grc' dir='ltr'>καὶοῖλειμμα</span> 
     </span>
    </p>
   </div>
   <div class='ocr_carea' id='block_1_120' title="bbox 2317 5564 3910 5648">
    <p class='ocr_par' dir='ltr' id='par_1_120' title="bbox 2317 5564 3910 5648">
     <span class='ocr_line' id='line_1_120' title="bbox 2317 5564 3910 5648; baseline 0.005 -30"><span class='ocrx_word' id='word_1_873' title='bbox 2317 5564 2411 5618; x_wconf 78' lang='grc' dir='ltr'>οὐκ</span> <span class='ocrx_word' id='word_1_874' title='bbox 2469 5564 2763 5643; x_wconf 68' lang='grc' dir='ltr'>ἠλειψάμην</span> <span class='ocrx_word' id='word_1_875' title='bbox 2815 5568 2905 5632; x_wconf 77' lang='grc' dir='ltr'>ἕως</span> <span class='ocrx_word' id='word_1_876' title='bbox 2980 5566 3287 5644; x_wconf 79' lang='grc' dir='ltr'>πληρώσεως</span> <span class='ocrx_word' id='word_1_877' title='bbox 3373 5577 3528 5648; x_wconf 87' lang='grc' dir='ltr'>τριῶν</span> <span class='ocrx_word' id='word_1_878' title='bbox 3593 5564 3910 5645; x_wconf 79' lang='grc' dir='ltr'>ἑϐδομάδων</span> 
     </span>
    </p>
   </div>
  </div>
