4144 6258
262 265 366 320 401
1393 275 1568 330 VITA
1611 273 1672 328 S.
1719 270 1898 327 PBOP

1993 271 2122 328 ΞΤιΕ
2161 275 2300 329 DAN
2307 276 2326 330 Ι
2333 275 2506 332 ELIS.
3526 281 3629 340 402

263 394 492 468 ἡμερῶν.
530 399 627 448 Καὶ
669 395 716 448 ἐν
757 397 927 471 ἡμέρᾳ
965 397 1170 466 εἰκοστῇ
1207 406 1296 454 καὶ
1345 403 1562 474 τετάρτῃ
1595 407 1686 452 τοῦ
1727 404 1862 474 πρώ-
1897 445 1899 450 .

1991 397 2103 454 iies
2125 399 2303 456 trium
2331 401 2782 460 hebdomadum
2807 420 2820 470 ;
2845 407 2903 460 et
2933 403 3210 462 vicesimo
3231 408 3287 461 et
3301 409 3516 478 quarto
3532 405 3627 462 die

262 501 358 534 του
399 487 576 554 μηνός,
625 485 724 558 ἐγὼ
769 491 908 558 ἤμην
961 488 1188 561 ἐχόμενα
1239 499 1328 543 τοῦ
1378 497 1614 562 ποταμοῦ
1657 497 1748 541 τοῦ
1781 508 1866 561 με-

1988 487 2155 559 primi
2170 489 2415 556 mensis,
2431 505 2540 560 ego
2562 491 2842 548 sedebam
2860 508 3044 566 prope
3059 509 3347 564 magnum
3373 493 3624 551 ﬂuvium

259 571 426 643 γάλου
455 579 652 648 Χωριαρ
685 580 774 628 καὶ
805 573 908 648 ἦρα
937 581 1054 638 τοὺς
1085 579 1380 651 ὀφθαλμούς
1411 599 1510 650 μου
1542 583 1632 630 καὶ
1683 575 1818 630 εἶδον
1851 595 1861 605 ·

1988 575 2241 643 31]οΙ)δι“;
2279 583 2335 632 et
2377 579 2584 634 sustuli
2611 581 2814 636 oculos
2841 597 3028 647 meos,
3051 586 3106 638 et
3129 583 3266 638 vidi.
3297 585 3358 637 Et
3381 599 3514 638 ecce
3535 583 3624 639 vir

261 665 356 713 xui
385 659 502 714 ἰδοὺ
533 661 659 735 ἀνὴρ
702 661 1034 736 ἐνδεδυμένος
1084 665 1284 737 βαδὸὶν
1331 674 1419 720 καὶ
1449 670 1478 726 ἡ
1515 667 1676 738 ὀσφῦς
1707 665 1865 718 αὐτοῦ

1986 665 2217 720 indutus
2261 683 2429 722 sacra
2462 668 2632 732 stola,
2658 673 2712 724 et
2741 669 2978 724 lumbus
3011 671 3138 740 ejus
3162 671 3460 726 accinctus
3479 686 3622 727 auro

261 751 652 824 περιεζωσμένη
701 752 748 804 ἐν
793 761 1003 826 χρυσίῳ
1056 758 1275 828 Ὀφὰτζ,
1309 763 1397 810 καὶ
1439 759 1496 809 τὸ
1529 765 1680 827 σῶμα
1705 755 1866 807 αὐτοῦ

1987 752 2238 824 Hophatz
2272 771 2282 808 :
2321 761 2376 810 et
2405 772 2622 828 corpus
2645 757 2773 828 ejus
2791 761 3082 830 tanquam
3115 759 3372 828 Tharsis,
3405 763 3462 814 et
3499 760 3623 814 vul-

263 841 394 890 ὡσεὶ
436 848 683 915 Θαρσεῖς,
731 849 821 895 xui
872 847 926 895 τό
973 849 1252 919 πρόσωπον
1301 846 1454 898 αὑτοῦ
1503 849 1626 898 ὡσεὶ
1679 846 1862 918 ὅρασις

1985 855 2068 895 :us
2097 843 2221 912 ejus
2249 847 2536 914 tanquam
2569 851 2843 915 aspectus
2873 845 3122 914 fulguris
3152 863 3162 901 :
3201 851 3258 902 et
3295 847 3450 902 oculi
3495 848 3621 917 ejus

263 924 561 1001 ἀστραπῆς,
613 935 700 983 καὶ
731 933 780 982 οἱ
810 932 1066 1004 ὀφθαλμοὶ
1113 936 1269 986 αὑτοῦ
1319 938 1440 986 ὡσεὶ
1472 931 1738 1005 λαμπάδες
1767 953 1860 984 πυ-

1983 945 2260 1001 .anquam
2289 931 2600 1001 lampades
2631 932 2806 1002 ignis,
2837 936 2893 986 et
2927 933 3175 988 brachia
3213 934 3338 1004 ejus
3382 939 3438 988 et
3467 934 3619 989 tibiae

259 1021 372 1089 ρός,
400 1023 490 1071 xui
520 1021 568 1070 οὶ
600 1018 879 1094 βραχίονες
927 1023 1085 1075 αὐτοῦ
1117 1029 1204 1076 xui
1251 1027 1316 1076 τὰ
1364 1023 1518 1082 σκέλη
1562 1026 1630 1085 ὡς
1673 1025 1862 1094 ὅφασις

1985 1033 2254 1090 ,anquam
2289 1029 2563 1091 aspectus
2603 1021 2734 1074 aeris
2767 1021 3217 1092 resplendentis,
3257 1027 3313 1076 et
3343 1037 3455 1076 vox
3494 1037 3621 1077 ver-

259 1107 466 1178 χαλκοῠ
514 1108 828 1172 στίλϐοντος,
861 1115 948 1163 καὶ
997 1113 1024 1170 ἡ
1081 1118 1218 1184 φωνὴ
1269 1121 1366 1165 τῶν
1413 1113 1574 1184 λόγων
1605 1113 1763 1164 αὐτοῦ
1795 1116 1858 1174 ὡς

1986 1121 2183 1162 )orum
2216 1109 2343 1177 ejus
2389 1113 2678 1181 tanquam
2725 1125 2833 1164 vox
2863 1109 3044 1164 tubas.
3091 1112 3222 1164 Haec
3247 1109 3386 1175 vidi,
3424 1113 3480 1164 et
3509 1109 3622 1164 vir-

259 1199 400 1266 φωνή
443 1197 624 1266 ὄχλου.
667 1203 842 1251 Ταῦτα
889 1195 1028 1252 εἶδον
1071 1205 1160 1253 καὶ
1204 1203 1232 1259 ἡ
1281 1201 1442 1273 ἰσχύς
1489 1221 1588 1273 μου
1637 1199 1855 1263 ἐξέλιπεν

1983 1209 2062 1250 :us
2095 1211 2228 1250 mea
2263 1195 2474 1250 defecit
2503 1213 2538 1250 a
2573 1212 2683 1262 me,
2719 1202 2771 1250 et
2801 1197 2989 1265 gloria
3029 1212 3164 1252 mea
3194 1212 3480 1252 conversa
3515 1197 3619 1252 fuit

259 1281 350 1335 ἀπ’
394 1283 537 1355 ἐμοῦ,
589 1291 677 1339 καὶ
723 1289 752 1346 ἡ
807 1285 938 1350 δόξα
980 1309 1080 1361 μου
1110 1292 1434 1364 μετεστράφη
1469 1290 1538 1352 εἰς
1566 1287 1856 1363 διαφθορὰν

1987 1298 2026 1338 n
2056 1284 2356 1338 interitum
2389 1303 2402 1340 :
2431 1289 2490 1338 et
2523 1285 2802 1340 continuo
2833 1285 2982 1340 cado
3019 1286 3078 1338 in
3123 1290 3362 1350 terram,
3395 1290 3452 1340 et
3484 1301 3617 1341 ecce

254 1377 346 1424 xui
389 1373 539 1435 εὐθὺς
574 1374 653 1426 ἐπὶ
704 1381 797 1434 τὴν
841 1385 936 1448 γῆν
979 1383 1153 1430 πίπτω
1183 1401 1194 1412 ·
1229 1384 1316 1432 καὶ
1369 1377 1485 1432 ἰδοὺ
1529 1383 1650 1451 χεὶρ
1699 1378 1852 1430 ἁπτο-

1979 1387 2173 1427 nanus
2207 1388 2299 1427 me
2323 1378 2590 1442 tangens,
2613 1374 2793 1428 erexit
2825 1389 2916 1428 me
2943 1377 2998 1430 et
3023 1389 3201 1445 super
3223 1389 3418 1443 genua
3443 1390 3615 1443 mea;

254 1465 380 1532 μένη
439 1481 538 1532 μου
591 1468 680 1514 καὶ
732 1467 908 1536 ἤγειρε
957 1486 1020 1537 με
1075 1465 1159 1519 ἐπὶ
1215 1470 1282 1518 τὰ
1334 1470 1528 1538 γόνατά
1577 1486 1678 1538 μου
1740 1472 1848 1534 καὶ,

1978 1465 2018 1515 ιι
2039 1461 2304 1525 Attende,
2324 1461 2530 1532 inquit,
2559 1461 2632 1516 ad
2657 1477 2770 1524 me,
2793 1461 3014 1526 Daniel,
3047 1463 3136 1516 vir
3155 1461 3614 1531 desideriorum,

256 1551 402 1612 Σύνες
602 1557 751 1623 φησὶ,
799 1559 928 1624 πρός
971 1574 1053 1626 με,
1105 1555 1314 1618 Δανιὴλ,
1376 1553 1502 1629 ἀνὴρ
1543 1557 1846 1625 ἐπιθυμιῶν,

1979 1551 2014 1602 ιι
2047 1553 2138 1602 sta
2169 1549 2228 1602 in
2263 1549 2516 1604 statione
2541 1564 2675 1604 mea
2707 1566 2720 1604 :
2746 1550 3034 1620 quoniam
3065 1565 3225 1604 nunc
3253 1564 3364 1618 ego
3397 1550 3615 1604 missus

251 1644 341 1690 xui
401 1641 557 1699 στῆθι
609 1639 690 1694 ἐπὶ
749 1650 810 1714 τῇ
875 1647 1058 1696 στάσει
1109 1665 1230 1716 μου,
1274 1646 1353 1696 ὃτι
1409 1652 1494 1696 νῦν
1555 1643 1846 1700 ἀπεστάλην

1979 1651 2091 1691 :um
2115 1637 2192 1691 ad
2225 1641 2277 1692 te
2310 1653 2322 1690 :
2354 1638 2642 1707 quoniam
2670 1653 2706 1692 a
2736 1637 2930 1708 primo
2977 1638 3093 1704 die,
3121 1653 3242 1710 quo
3273 1637 3485 1693 dedisti
3514 1652 3615 1693 cor

251 1725 352 1798 ἐγὼ
407 1731 534 1800 πρὸς
585 1733 660 1796 σε,
706 1731 781 1782 ὅτι
834 1730 932 1784 ἀπὸ
983 1739 1074 1793 τῆς
1124 1735 1322 1806 ἡμέρας
1369 1741 1462 1795 τῆς
1511 1738 1740 1806 πρώτης,
1785 1733 1887 1794 ἧς]

1977 1739 2148 1790 ηιιυιτι,
2189 1729 2248 1780 ut
2277 1725 2672 1780 humiliareris
2699 1741 2902 1782 coram
2929 1726 3184 1782 Domino
3209 1729 3326 1782 Deo
3349 1730 3473 1792 tuo,
3502 1741 3613 1795 ego

250 1814 451 1879 ἔδωκας
505 1825 596 1877 τήν
639 1816 861 1892 καρδίαν
909 1841 1002 1872 σου
1047 1825 1422 1880 ταπεινωθῆναι
1475 1821 1694 1873 ἐναντίον
1753 1829 1844 1872 τοῦ

1977 1815 2088 1868 reni
2128 1814 2203 1870 ad
2233 1820 2284 1868 te
2319 1830 2329 1866 :
2364 1819 2418 1869 et
2447 1815 2718 1885 princeps
2743 1815 2909 1884 regni
2937 1815 3256 1870 Persarum
3289 1814 3447 1870 stetit
3476 1829 3613 1869 con-

253 1913 448 1980 Κυρίου
479 1915 570 1960 τοῦ
605 1917 736 1960 Θεοῦ
783 1929 897 1974 σου,
945 1911 1285 1970 ἠκούσθησαν
1335 1914 1381 1963 οἰ
1422 1911 1564 1982 λόγοι
1617 1931 1709 1962 σου
1754 1913 1843 1962 καὶ

1977 1918 2043 1958 ra
2081 1918 2176 1958 me
2232 1902 2438 1972 viginti
2491 1907 2546 1958 et
2575 1919 2762 1958 unum
2810 1903 2991 1958 diem.
3035 1905 3100 1958 Et
3145 1917 3306 1958 nunc
3353 1906 3477 1958 esto
3523 1901 3612 1956 vir

251 1994 352 2065 ἐγὼ
385 1993 536 2054 ἦλθον
591 2001 718 2069 πρὸς
767 2001 824 2051 σε
863 2005 951 2050 καὶ
986 2001 1011 2051 6
1052 2001 1233 2072 ἄρχων
1281 2009 1373 2062 τῆς
1404 1999 1672 2072 βασιλείας
1720 2007 1844 2074 Περ-

1973 1989 2120 2046 ‘ortis
2147 1995 2203 2046 et
2245 1991 2547 2060 robustus,
2594 1991 2882 2063 quoniam
2933 2007 3044 2061 ego
3084 2007 3217 2046 sum
3250 1995 3464 2046 tecum.
3509 1989 3609 2046 Hic

251 2093 354 2134 σῶν
413 2085 618 2143 ἑστήκει
675 2085 728 2148 ἐξ
783 2087 1013 2150 ἐναντίας
1057 2108 1156 2160 μου
1199 2092 1365 2141 εἴκοσι
1407 2094 1496 2141 καὶ
1545 2093 1668 2158 μίαν
1719 2091 1840 2160 itus,"

1975 2079 2137 2135 nulta
2179 2079 2422 2152 quidem
2455 2079 2673 2144 futura,
2709 2080 2812 2152 qui
2845 2079 3119 2152 apparuit
3169 2079 3434 2151 angelus,
3477 2093 3611 2150 pro-

243 2191 340 2244 ραν
413 2177 512 2224 Καὶ
554 2180 640 2224 νῦν
680 2172 931 2246 ἀνδρίζου
979 2181 1068 2228 καὶ
1115 2180 1296 2248 ἴσχυε,
1350 2179 1424 2228 ὅτι
1458 2175 1556 2247 ἐγὼ
1586 2179 1715 2248 μετα
1748 2185 1840 2229 σοῦ

1969 2169 2145 2239 phetae
2188 2169 2436 2240 mystice
2497 2169 2768 2225 enuntiat
2822 2168 2896 2223 de
2947 2183 3130 2238 regno
3183 2169 3497 2224 Persarum
3549 2171 3605 2222 et

243 2259 348 2329 εἰμι
373 2277 384 2288 ⁸
419 2259 638 2312 ἐνταῦθα
667 2262 827 2314 πολλὰ
851 2267 940 2334 μὲν
963 2273 1061 2315 τῶν
1091 2264 1343 2336 ἐσομένων
1372 2267 1397 2317 ὁ
1425 2271 1600 2336 φανεὶς
1630 2265 1842 2337 ἄγγελος

1965 2257 2080 2327 ejus
2106 2258 2413 2312 eversione
2430 2277 2442 2314 :
2459 2259 2514 2311 et
2535 2256 2610 2312 ad
2633 2272 2786 2328 quos
2803 2262 2926 2312 erat
2940 2256 3355 2312 deventurum.
3381 2254 3601 2310 Deinde

243 2356 314 2418 τῷ
347 2355 584 2422 προφήτῃ
613 2359 955 2423 μυσταγωγεῖ
981 2358 1096 2422 περί
1127 2372 1180 2404 τε
1205 2361 1301 2415 τῆς
1331 2361 1540 2426 Περσῶν
1569 2353 1840 2424 βασιλείας

1964 2346 2128 2401 etiam
2155 2346 2227 2400 de
2257 2345 2460 2416 regina
2489 2345 2700 2408 Austri,
2743 2359 2877 2416 quas
2901 2344 3144 2415 quidem
3185 2347 3390 2416 postea
3418 2341 3600 2396 ﬁnem

243 2443 332 2488 xui
355 2437 679 2499 καταλύσεως
699 2443 788 2491 xui
819 2439 891 2501 εἰς
919 2439 1007 2501 οὓς
1043 2441 1213 2512 ἔμελλε
1239 2447 1575 2513 μεταπίπτειν
1617 2459 1626 2469 ·
1668 2445 1841 2494 ἔπειτα

1965 2437 2318 2503 ιοοθροτιιιιῐ,
2351 2437 2406 2488 et
2436 2432 2658 2504 scripta
2697 2437 2832 2487 sunt
2858 2431 2916 2487 in
2943 2431 3128 2498 libris,
3161 2431 3264 2502 qui
3313 2431 3601 2486 vocantur

247 2523 306 2578 δὲ
335 2531 423 2579 xui
454 2533 570 2601 περὶ
601 2537 690 2588 τῆς
731 2527 1056 2601 βασιλίσσης
1086 2535 1278 2599 Νότου,
1306 2529 1340 2582 ἂ
1368 2535 1457 2583 xui
1503 2534 1660 2605 πέρας
1691 2530 1839 2584 ἔλαϐε
1947 2520 2443 2579 MaChabEBOI‘umo

245 2619 374 2678 μετὰ
415 2624 583 2670 ταῦτα
629 2622 716 2670 xui
763 2625 873 2680 τοῖς
922 2618 1254 2692 καλουμένοις
1302 2619 1700 2682 Μακκαϐαῑκοίς
1738 2619 1836 2673 ἐνε-

239 2705 434 2778 γράφη.

313 2828 430 2892 Κς·’.
465 2830 576 2881 Οὐκ
606 2829 657 2880 ἐκ
689 2833 881 2882 τούτων
935 2828 992 2882 δε
1037 2835 1207 2901 μόνον,
1252 2829 1378 2883 ἀλλὰ
1418 2835 1507 2882 xui
1553 2831 1606 2892 ἐξ
1653 2831 1832 2904 ἐτέρων

2013 2840 2186 2892 XXVI.
2229 2840 2355 2892 Non
2385 2853 2456 2892 ex
2488 2835 2579 2891 his
2607 2839 2804 2894 autem
2831 2837 2991 2902 solis,
3021 2836 3123 2892 sed
3144 2837 3321 2894 etiam
3352 2851 3420 2893 ex
3442 2836 3589 2901 aliis,

239 2918 264 2967 6
309 2917 498 2976 Δανιὴλ.
539 2921 702 2989 μέγας
747 2937 800 2970 τε
847 2923 941 2976 τὴν
993 2921 1206 2991 θεωρίαν
1252 2923 1341 2970 xui
1392 2921 1692 2989 θαυμάσιος
1738 2925 1831 2976 τὴν

1957 2925 2143 2980 Daniel
2176 2926 2453 2996 apparuit
2489 2941 2746 2996 magnus
2789 2926 2848 2980 in
2881 2925 3378 2996 contemplatione
3409 2929 3464 2980 et
3493 2925 3593 2981 ad-

241 3008 448 3057 σύνεσιν
499 3004 716 3078 ἀνεφάνη
773 3026 784 3038 ·
832 3011 920 3058 xui
967 3007 1048 3058 ἰνκ
1095 3005 1256 3057 τᾶλλα
1295 3015 1555 3078 παρῶμεν,
1609 3006 1732 3058 ἀλλὰ
1775 3011 1829 3058 τὸ

1953 3013 2252 3068 mirandus
2277 3013 2677 3080 intelligentia.
2703 3017 2765 3068 Et
2791 3017 2854 3069 ut
2883 3013 3000 3069 alia
3025 3013 3397 3077 omittamus,
3425 3013 3589 3083 quod

235 3098 369 3145 κατὰ
448 3099 542 3152 τὴν
622 3099 796 3168 κρίσιν
876 3097 1160 3158 Σωσάννης,
1225 3097 1250 3147 ὃ
1315 3094 1509 3146 πολλῶν
1587 3099 1871 3168 πρότερόν“

1952 3100 2014 3156 ie
2063 3101 2334 3156 Susanna
2365 3079 2584 3155 factum
2623 3107 2712 3156 est
2755 3101 3070 3172 judicium,
3123 3100 3289 3172 quod
3319 3099 3420 3154 diu
3443 3079 3588 3156 ante

233 3181 370 3248 ἐστι,
426 3187 535 3242 νέος
587 3183 673 3250 ὢν,
733 3187 994 3257 εἴργαστο,
1041 3187 1157 3234 τίνα
1202 3183 1358 3240 ἄλλην
1401 3187 1652 3243 συνέσεως
1682 3184 1830 3256 ὑπερ-

1953 3187 2094 3252 ῗοοὶι,
2123 3205 2258 3244 cum
2305 3192 2458 3243 esset
2486 3188 2683 3243 adhuc
2725 3189 2982 3256 juvenis,
3015 3188 3306 3260 quidnam
3353 3188 3589 3259 reliquit

234 3271 388 3330 ϐολήν
439 3271 750 3338 ἀπολείπει;
795 3271 888 3324 Ἢν
941 3277 1133 3330 πιστὴν
1185 3275 1275 3342 μὲν
1323 3280 1394 3341 τῷ
1431 3267 1586 3344 ἄνδρι
1628 3277 1828 3342 γενομέ-

1949 3276 2357 3345 intelligentiae,
2405 3291 2524 3346 quo
2555 3276 2616 3330 id
2655 3277 2838 3347 possit
2885 3291 3166 3348 superare
3201 3277 3228 3332 ?
3259 3277 3398 3340 Quae
3459 3275 3585 3344 qui-

231 3380 342 3426 νην,
401 3362 618 3412 θάνατον
679 3357 738 3412 δὲ
781 3363 1185 3432 κατακριθεῖσαν
1233 3359 1287 3412 ἐκ
1333 3364 1679 3432 συκοφαντίας
1711 3356 1828 3411 ἀδι-

1951 3364 2072 3420 iem
2106 3381 2243 3420 cum
2270 3363 2472 3419 fuisset
2505 3365 2718 3419 marito
2747 3363 2958 3429 ﬁdelis,
2991 3369 3180 3418 morte
3211 3367 3408 3418 autem
3434 3367 3587 3418 esset

230 3451 465 3509 κωτάτης
521 3457 620 3499 τῶν
680 3447 989 3508 ἀκολάστοις
1048 3449 1329 3521 ὀφθαλμοῖς
1384 3447 1573 3520 μᾶλλον
1636 3451 1824 3506 ἐκείνην

1948 3453 2220 3509 iamnata
2241 3468 2310 3507 ex
2331 3451 2710 3523 iniquissima
2735 3451 3036 3508 calumnia
3057 3466 3264 3506 eorum
3291 3451 3392 3522 qui
3423 3449 3584 3504 illam

236 3542 557 3610 θεασαμένων
610 3538 952 3610 παραπλήσιά
1005 3557 1058 3590 τε
1125 3547 1197 3608 τῷ
1250 3539 1438 3609 Ἰωσὴφ
1491 3533 1820 3589 κινδυνεύου-

1949 3541 2252 3612 ωριιᾶὶοἰε
2273 3545 2621 3611 aspexerant
2639 3539 2851 3606 oculis,
2875 3543 2931 3595 et
2946 3543 3071 3596 erat
3091 3538 3302 3594 similia
3323 3553 3585 3610 passura

237 3648 331 3681 σαν
374 3630 685 3692 ὑποστῆναι,
727 3629 752 3678 ό
784 3628 965 3679 ἐκεῖνον
1017 3633 1129 3679 τότε
1179 3628 1470 3700 ῥυσάμενος
1509 3631 1597 3678 καὶ
1627 3630 1821 3684 ταύτην

1942 3629 2002 3683 iis
2037 3645 2174 3701 quae
2204 3629 2424 3699 Ioseph
2453 3643 2671 3697 passus
2705 3633 2812 3690 est,
2841 3628 2944 3700 qui
2972 3627 3136 3682 illum
3167 3629 3307 3681 tunc
3345 3625 3578 3696 eripuit,

215 3714 284 3776 δὴ
317 3715 627 3792 παραδόξως
674 3716 768 3768 διὰ
817 3716 1008 3774 Δανιὴλ
1059 3717 1242 3790 ῥύεται
1290 3723 1421 3787 σοφῇ
1455 3720 1627 3786 κρίσει
1665 3734 1817 3767 κακο-

1939 3718 1978 3772 is
1999 3733 2131 3774 eam
2157 3733 2398 3789 quoque
2423 3716 2854 3772 admirabiliter
2879 3719 3076 3772 servat
3103 3729 3210 3787 per
3233 3713 3534 3770 Danielem
3565 3735 3575 3767 :

211 3813 423 3878 τεχνίαν
493 3815 591 3858 τῶν
669 3804 1034 3879 πρεσϐυτέρων
1103 3804 1406 3876 ἐλέγξαντος
1472 3809 1562 3856 καὶ
1631 3804 1819 3866 αὐτοὺς

1944 3808 2030 3878 lui
2065 3805 2332 3876 sapiente
2360 3804 2586 3876 judicio
2617 3805 2917 3860 seniorum
2966 3803 3220 3860 convicit
3248 3801 3580 3870 malignita-

211 3897 398 3970 μᾶλλον
431 3895 602 3958 ἀξίους
628 3897 853 3948 θανάτου
888 3893 1154 3957 δείξαντος
1179 3912 1232 3946 τε
1263 3898 1351 3945 xui
1387 3895 1624 3964 γενέσθαι
1653 3912 1815 3967 παρα-

1949 3911 2063 3960 em,
2098 3900 2154 3950 et
2182 3909 2286 3949 eos
2335 3893 2527 3962 magis
2588 3897 2777 3949 morte
2829 3893 3046 3963 dignos
3107 3890 3384 3958 ostendit,
3427 3893 3482 3946 et
3517 3894 3581 3946 ut

213 3988 535 4038 σκευάσαντο
545 4007 584 4048 ς.

1925 3989 2180 4040 mortem
2209 3986 2555 4055 paterentur
2584 3979 2793 4038 eﬂ'ecit.

281 4102 395 4155 ΚΖ.
431 4103 580 4155 Οὕτω
637 4105 889 4162 συνέσεως
943 4102 1102 4171 ἔχων,
1159 4101 1294 4151 οὕτω
1343 4100 1563 4172 χάριτος
1602 4102 1690 4150 καὶ
1724 4117 1814 4168 με-

1995 4101 2196 4154 XXVII.
2227 4097 2374 4153 Cum
2423 4101 2590 4152 tanta
2619 4099 2772 4152 esset
2801 4095 3210 4164 intelligentia,
3242 4099 3408 4150 tanta
3447 4105 3579 4164 gra—

205 4195 389 4266 γέθους
449 4195 670 4265 θεωριῶν
721 4189 1052 4252 κατηξίωται
1088 4206 1099 4218 ·
1144 4188 1276 4240 αὐτά
1321 4207 1374 4239 τε
1423 4190 1487 4238 τὰ
1541 4195 1630 4238 τοῦ
1682 4192 1812 4238 Θεοῦ

1951 4189 2006 4241 ia
2030 4189 2089 4238 et
2118 4189 2238 4239 tam
2280 4185 2514 4252 magnis
2557 4183 2774 4251 dignus
2799 4187 2892 4238 est
2928 4182 3168 4237 habitus
3213 4181 3580 4252 contempla-

207 4283 401 4354 κρύφια
428 4287 516 4333 καὶ
560 4288 650 4340 τῆς
705 4277 890 4340 δίττης
935 4285 1026 4329 τοῦ
1078 4276 1236 4346 λόγου
1287 4279 1582 4346 παρουσίας
1613 4279 1814 4344 μυστή-

1940 4271 2186 4327 :ionibus
2219 4286 2232 4325 :
2266 4286 2524 4342 cumque
2575 4269 2706 4340 ipsa
2760 4270 2860 4324 Dei
2920 4285 3159 4336 arcana,
3219 4273 3275 4325 et
3325 4269 3576 4341 duplicis

207 4389 300 4441 ρια
353 4377 421 4439 τῷ
469 4372 723 4438 πνεύματι
775 4368 1192 4436 καταθεωρήσας
1243 4379 1254 4391 ⁸
1305 4367 1394 4414 καὶ
1448 4363 1548 4413 ὅσα
1604 4358 1661 4412 δε
1717 4368 1813 4411 τῶν

1939 4360 2094 4416 Verbi
2125 4359 2418 4414 adventus
2450 4358 2735 4430 mysteria
2775 4357 2984 4428 spiritu
3014 4361 3172 4414 esset
3209 4357 3575 4430 contempla-

213 4424 218 4441 ι
394 4425 402 4439 .
597 4427 604 4438 .
1022 4424 1030 4436 .

213 4457 374 4510 ἄλλων
427 4457 812 4527 ἀξιολογώτατα
865 4459 959 4504 καὶ
1030 4455 1129 4504 ὅσα
1183 4454 1314 4524 πρὸς
1367 4458 1438 4520 τῷ
1490 4456 1580 4500 τοῦ
1639 4448 1815 4508 αἰῶνος

1939 4467 2020 4505 .us
2047 4466 2058 4504 :
2085 4449 2230 4521 quin
2255 4447 2434 4502 etiam
2464 4461 2840 4519 quaecunque
2860 4450 2997 4503 sunt
3017 4445 3149 4502 aliis
3161 4446 3342 4518 pluris
3360 4445 3575 4502 facien-

215 4546 342 4597 τέλει
403 4545 766 4616 συμϐήσεσθαι
823 4541 993 4614 μέλλει
1045 4545 1133 4592 καὶ
1191 4543 1282 4596 τὴν
1325 4543 1438 4591 τότε
1495 4537 1665 4608 θλίψιν
1727 4542 1814 4590 καὶ

1933 4539 2021 4606 da,
2051 4543 2106 4593 et
2145 4551 2523 4608 quaecunque
2581 4539 2716 4591 sunt
2759 4538 3046 4591 eventura
3101 4535 3160 4591 in
3205 4535 3322 4590 ﬁne
3352 4535 3569 4601 saeculi,

216 4638 308 4690 τὴν
362 4633 415 4684 ἐκ
471 4641 565 4704 γῆς
631 4637 884 4704 χώματος
968 4629 1310 4692 ἐξανάστασιν
1363 4637 1460 4680 τῶν
1536 4627 1813 4700 ἀνθρώπων

1936 4633 1980 4684 ιι
2010 4643 2162 4692 eam,
2197 4641 2331 4696 quae
2382 4629 2521 4680 tunc
2573 4625 2700 4694 erit,
2733 4623 3139 4694 aﬂlictionem,
3175 4628 3230 4680 et
3260 4625 3572 4680 hominum

215 4727 304 4782 τὴν
355 4731 452 4774 τῶν
495 4721 654 4792 ἁγίων
703 4739 754 4772 τε
803 4717 960 4783 δόξαν
1007 4723 1092 4770 xui
1133 4722 1224 4775 τὴν
1255 4726 1352 4769 τῶν
1390 4716 1588 4768 ἀσεϐῶν
1619 4716 1814 4787 αἰσχύ-

1939 4732 1990 4770 ax
2015 4727 2179 4770 terrae
2201 4729 2416 4782 aggere
2441 4713 2959 4776 resurrectionem,
2992 4715 3050 4768 et
3077 4716 3416 4768 sanctorum
3449 4712 3575 4782 glo-

214 4833 303 4870 νην
341 4815 432 4869 τὴν
473 4807 718 4862 οὐδέποτε
765 4809 1056 4880 ληγουσαν,
1113 4810 1178 4858 τὰ
1231 4805 1372 4880 βάθη
1419 4825 1471 4858 τε
1517 4813 1609 4857 τοῦ
1659 4812 1810 4870 Θεοῦ,

1937 4805 2093 4868 ‘iam,
2134 4808 2190 4858 et
2225 4803 2546 4872 impiorum
2606 4801 3020 4870 ignominiam,
3077 4813 3210 4870 quae
3264 4815 3573 4872 nunquam

215 4901 328 4953 καθ’
388 4902 510 4951 ὅσον
563 4898 724 4950 οἷόντε
781 4906 852 4967 τῷ
932 4900 1102 4971 σάρκα
1175 4898 1506 4968 περικειμένῳ
1575 4891 1668 4945 διὰ
1719 4900 1813 4944 τοῦ

1942 4893 2158 4954 icsinit,
2210 4896 2264 4946 et
2315 4892 2414 4946 Dei
2462 4889 2778 4962 profunda,
2839 4891 3132 4962 quantum
3162 4889 3426 4959 potestis
3475 4888 3578 4960 qui

215 4989 506 5063 ἐρευνῶντος
581 4987 713 5038 αὐτὰ
766 4989 1052 5057 πνεύματος
1138 4988 1372 5054 ἐγνωκὼς
1427 5005 1438 5016 ·
1497 4985 1672 5035 ἔπειτα
1721 4989 1810 5034 τοῦ

1937 4987 2006 5037 est
2035 4996 2212 5036 carne
2261 4979 2526 5040 indutus.
2571 4993 2676 5050 per
2723 4978 2854 5049 ipsa
2897 4979 3262 5037 scrutantem
3302 4975 3573 5049 spiritum

215 5075 410 5149 δεσμοῦ
456 5077 626 5138 λυθεὶς
673 5079 762 5126 καὶ
797 5079 890 5131 τὴν
943 5081 1042 5144 γῆν
1096 5069 1262 5134 ἡδέως
1293 5081 1355 5144 τῇ
1398 5079 1464 5144 γῇ
1520 5067 1808 5146 παραδοὺς,

1941 5069 2322 5136 :ognovisset,
2357 5067 2570 5122 deinde
2617 5065 2850 5122 vinculo
2903 5064 3151 5131 solutus,
3202 5069 3358 5121 terra
3417 5068 3577 5122 terrae

214 5170 340 5239 πρὸς
425 5165 476 5216 ὃν
557 5163 728 5216 ἐπόθει
833 5165 962 5214 Θεὸν
1045 5163 1068 5212 ὁ
1143 5168 1242 5212 τῶν
1329 5159 1610 5231 ἐπιθυμιῶν
1682 5157 1808 5232 ἀνὴρ

1941 5159 2168 5215 ibenter
2211 5156 2444 5223 tradita,
2478 5157 2550 5211 ad
2593 5157 2799 5220 Deum,
2831 5169 3014 5226 quem
3055 5153 3450 5219 desiderabat,
3494 5155 3577 5210 vir

217 5259 407 5326 ᾤχετο,
461 5258 632 5312 αὐτοῖς
655 5271 740 5326 “re
788 5258 895 5312 τοῖς
945 5255 1090 5324 τρισὶ
1149 5253 1237 5300 καὶ
1299 5247 1462 5320 φίλοις
1515 5253 1670 5300 παισὶ
1721 5251 1811 5298 καί

1939 5245 2348 5302 iesideriorum
2372 5243 2536 5308 abiit,
2557 5259 2693 5298 cum
2726 5243 2818 5298 his
2845 5241 3035 5297 tribus
3065 5245 3122 5298 et
3149 5241 3354 5298 amicis
3375 5243 3575 5312 pueris

213 5349 498 5418 προφήταις
583 5342 649 5402 εἰς
716 5339 793 5392 ea
871 5343 1034 5391 συνὼν
1120 5342 1206 5389 καὶ
1288 5333 1424 5408 μηδὲ
1483 5339 1626 5410 ἡμῶν
1676 5338 1809 5388 κατά

1938 5341 1975 5391 ιι
2006 5333 2308 5406 prophetis
2354 5336 2638 5404 perpetuo
2669 5343 3052 5396 conversans,
3089 5334 3144 5386 et
3183 5345 3292 5385 nec
3335 5346 3370 5386 a
3400 5330 3574 5386 nobis

215 5417 271 5503 γε
321 5435 378 5482 τὸ
439 5435 696 5506 περιέπειν
748 5433 838 5480 καὶ
902 5426 1111 5500 βοηθεῖν
1169 5425 1529 5496 ἀφιστάμενος,
1588 5425 1659 5486 εἰς
1721 5421 1808 5476 δό-

1937 5422 2184 5495 Ῑυὶόοω,
2207 5422 2370 5493 quod
2393 5420 2470 5476 ad
2502 5417 2940 5474 defendendum
2959 5421 3016 5474 et
3031 5417 3448 5490 adjuvandum
3488 5421 3573 5474 at-

218 5519 308 5587 ξαν
351 5523 574 5595 Πατρός,
633 5522 776 5584 Υἰοῦ,
826 5521 916 5570 xui
962 5516 1113 5588 ἁγίου
1158 5517 1453 5588 Πνεύματος
1509 5521 1604 5575 τῆς
1653 5515 1810 5588 ὑπερ-

1943 5511 2082 5582 inet,
2137 5511 2486 5567 abscedens.
2551 5507 2634 5564 Ad
2693 5507 2945 5578 gloriam
2975 5508 3160 5567 Patris
3227 5511 3282 5566 et
3331 5506 3458 5564 Filii
3521 5510 3579 5564 et
