  <div class='ocr_page' id='page_1' title='image "/cluster/home/n/w/nwhite01/storage/ocr_20150623/115/mdp.39015028574336/209.png"; bbox 0 0 4144 6258; ppageno 0'>
   <div class='ocr_carea' id='block_1_1' title="bbox 481 298 582 352">
    <p class='ocr_par' dir='ltr' id='par_1_1' title="bbox 481 298 582 352">
     <span class='ocr_line' id='line_1_1' title="bbox 481 298 582 352; baseline 0 0"><span class='ocrx_word' id='word_1_1' title='bbox 481 298 582 352; x_wconf 72' lang='grc'>403</span> 
     </span>
    </p>
   </div>
   <div class='ocr_carea' id='block_1_2' title="bbox 1878 283 2443 344">
    <p class='ocr_par' dir='ltr' id='par_1_2' title="bbox 1878 283 2443 344">
     <span class='ocr_line' id='line_1_2' title="bbox 1878 283 2443 344; baseline -0.011 0"><span class='ocrx_word' id='word_1_2' title='bbox 1878 285 2137 344; x_wconf 87' lang='lat' dir='ltr'>MENSIS</span> <span class='ocrx_word' id='word_1_3' title='bbox 2176 283 2443 342; x_wconf 86' lang='lat' dir='ltr'>JULIUS.</span> 
     </span>
    </p>
   </div>
   <div class='ocr_carea' id='block_1_3' title="bbox 3737 271 3853 326">
    <p class='ocr_par' dir='ltr' id='par_1_3' title="bbox 3737 271 3853 326">
     <span class='ocr_line' id='line_1_3' title="bbox 3737 271 3853 326; baseline 0.009 -1"><span class='ocrx_word' id='word_1_4' title='bbox 3737 271 3853 326; x_wconf 68' lang='grc'>404</span> 
     </span>
    </p>
   </div>
   <div class='ocr_carea' id='block_1_4' title="bbox 485 394 2180 494">
    <p class='ocr_par' dir='ltr' id='par_1_4' title="bbox 485 413 2180 494">
     <span class='ocr_line' id='line_1_4' title="bbox 485 413 2180 494; baseline -0.008 -16"><span class='ocrx_word' id='word_1_5' title='bbox 485 422 731 494; x_wconf 77' lang='lat' dir='ltr'>Spiritus</span> <span class='ocrx_word' id='word_1_6' title='bbox 783 421 989 486; x_wconf 78' lang='lat' dir='ltr'>sancti,</span> <span class='ocrx_word' id='word_1_7' title='bbox 1041 418 1499 492; x_wconf 90' lang='lat' dir='ltr'>supernaturalis</span> <span class='ocrx_word' id='word_1_8' title='bbox 1530 422 1585 474; x_wconf 88' lang='lat' dir='ltr'>et</span> <span class='ocrx_word' id='word_1_9' title='bbox 1614 416 1831 472; x_wconf 70' lang='lat' dir='ltr'>divinae</span> <span class='ocrx_word' id='word_1_10' title='bbox 1883 413 2180 469; x_wconf 73' lang='lat' dir='ltr'>Trinita—l</span> 
     </span>
    </p>
   </div>
   <div class='ocr_carea' id='block_1_5' title="bbox 2289 394 3854 494">
    <p class='ocr_par' dir='ltr' id='par_1_5' title="bbox 2289 394 3854 471">
     <span class='ocr_line' id='line_1_5' title="bbox 2289 394 3854 471; baseline -0.01 -10"><span class='ocrx_word' id='word_1_11' title='bbox 2289 415 2399 470; x_wconf 72' lang='grc' dir='ltr'><em>δούς</em></span> <span class='ocrx_word' id='word_1_12' title='bbox 2473 410 2560 457; x_wconf 86' lang='grc' dir='ltr'><em>καὶ</em></span> <span class='ocrx_word' id='word_1_13' title='bbox 2646 406 2784 464; x_wconf 83' lang='grc' dir='ltr'>θείας</span> <span class='ocrx_word' id='word_1_14' title='bbox 2860 396 3110 471; x_wconf 76' lang='grc' dir='ltr'><em>Τριάδος,</em></span> <span class='ocrx_word' id='word_1_15' title='bbox 3285 400 3469 471; x_wconf 81' lang='grc' dir='ltr'>πρέπει</span> <span class='ocrx_word' id='word_1_16' title='bbox 3553 399 3680 467; x_wconf 81' lang='grc' dir='ltr'><em>τιμὴ</em></span> <span class='ocrx_word' id='word_1_17' title='bbox 3753 400 3854 446; x_wconf 85' lang='grc' dir='ltr'><em>καὶ</em></span> 
     </span>
    </p>
   </div>
   <div class='ocr_carea' id='block_1_6' title="bbox 484 502 2133 583">
    <p class='ocr_par' dir='ltr' id='par_1_6' title="bbox 484 502 2133 583">
     <span class='ocr_line' id='line_1_6' title="bbox 484 502 2133 583; baseline -0.007 -17"><span class='ocrx_word' id='word_1_18' title='bbox 484 511 557 566; x_wconf 88' lang='lat' dir='ltr'>tis</span> <span class='ocrx_word' id='word_1_19' title='bbox 591 527 601 565; x_wconf 93' lang='lat'><strong>:</strong></span> <span class='ocrx_word' id='word_1_20' title='bbox 638 526 823 583; x_wconf 90' lang='lat' dir='ltr'>quam</span> <span class='ocrx_word' id='word_1_21' title='bbox 855 511 1021 565; x_wconf 89' lang='lat' dir='ltr'>decet</span> <span class='ocrx_word' id='word_1_22' title='bbox 1064 509 1257 565; x_wconf 88' lang='lat' dir='ltr'>honor</span> <span class='ocrx_word' id='word_1_23' title='bbox 1289 513 1345 565; x_wconf 91' lang='lat' dir='ltr'>et</span> <span class='ocrx_word' id='word_1_24' title='bbox 1374 506 1644 565; x_wconf 88' lang='lat' dir='ltr'>adoratio</span> <span class='ocrx_word' id='word_1_25' title='bbox 1693 506 1752 561; x_wconf 94' lang='lat' dir='ltr'>in</span> <span class='ocrx_word' id='word_1_26' title='bbox 1787 502 2006 559; x_wconf 67' lang='lat' dir='ltr'>saecula</span> <span class='ocrx_word' id='word_1_27' title='bbox 2033 517 2133 555; x_wconf 63' lang='lat' dir='ltr'>saa-</span> 
     </span>
    </p>
   </div>
   <div class='ocr_carea' id='block_1_7' title="bbox 485 599 1134 669">
    <p class='ocr_par' dir='ltr' id='par_1_7' title="bbox 485 599 1134 669">
     <span class='ocr_line' id='line_1_7' title="bbox 485 599 1134 669; baseline -0.008 -14"><span class='ocrx_word' id='word_1_28' title='bbox 485 600 775 655; x_wconf 90' lang='lat' dir='ltr'>culorum.</span> <span class='ocrx_word' id='word_1_29' title='bbox 817 601 1002 654; x_wconf 84' lang='lat' dir='ltr'>Amen</span> <span class='ocrx_word' id='word_1_30' title='bbox 1035 599 1134 669; x_wconf 85' lang='lat'>(2).</span> 
     </span>
    </p>
   </div>
   <div class='ocr_carea' id='block_1_8' title="bbox 560 767 2137 847">
    <p class='ocr_par' dir='ltr' id='par_1_8' title="bbox 560 767 2137 847">
     <span class='ocr_line' id='line_1_8' title="bbox 560 767 2137 847; baseline -0.004 -18"><span class='ocrx_word' id='word_1_31' title='bbox 560 778 633 847; x_wconf 78' lang='lat'>(‘2)</span> <span class='ocrx_word' id='word_1_32' title='bbox 670 778 959 830; x_wconf 78' lang='lat' dir='ltr'>Uumatus</span> <span class='ocrx_word' id='word_1_33' title='bbox 984 782 1063 830; x_wconf 85' lang='lat' dir='ltr'><em>est</em></span> <span class='ocrx_word' id='word_1_34' title='bbox 1081 775 1139 829; x_wconf 90' lang='lat' dir='ltr'>S.</span> <span class='ocrx_word' id='word_1_35' title='bbox 1167 775 1378 830; x_wconf 81' lang='lat' dir='ltr'>Daniel</span> <span class='ocrx_word' id='word_1_36' title='bbox 1404 775 1465 829; x_wconf 77' lang='lat' dir='ltr'>in</span> <span class='ocrx_word' id='word_1_37' title='bbox 1484 778 1742 847; x_wconf 65' lang='lat' dir='ltr'>angusta</span> <span class='ocrx_word' id='word_1_38' title='bbox 1764 785 2015 826; x_wconf 72' lang='lat' dir='ltr'>caverna</span> <span class='ocrx_word' id='word_1_39' title='bbox 2039 767 2137 822; x_wconf 86' lang='lat' dir='ltr'>ho—</span> 
     </span>
    </p>
   </div>
   <div class='ocr_carea' id='block_1_9' title="bbox 487 846 2141 915">
    <p class='ocr_par' dir='ltr' id='par_1_9' title="bbox 487 846 2141 915">
     <span class='ocr_line' id='line_1_9' title="bbox 487 846 2141 915; baseline -0.005 -13"><span class='ocrx_word' id='word_1_40' title='bbox 487 846 726 902; x_wconf 75' lang='lat' dir='ltr'>noribus</span> <span class='ocrx_word' id='word_1_41' title='bbox 746 849 975 915; x_wconf 81' lang='lat' dir='ltr'>magnis</span> <span class='ocrx_word' id='word_1_42' title='bbox 1001 849 1058 899; x_wconf 78' lang='lat' dir='ltr'>in</span> <span class='ocrx_word' id='word_1_43' title='bbox 1085 847 1407 914; x_wconf 80' lang='lat' dir='ltr'>Babylone,</span> <span class='ocrx_word' id='word_1_44' title='bbox 1429 847 1527 899; x_wconf 70' lang='lat' dir='ltr'>ubi</span> <span class='ocrx_word' id='word_1_45' title='bbox 1545 846 1742 899; x_wconf 83' lang='lat' dir='ltr'>adhuc</span> <span class='ocrx_word' id='word_1_46' title='bbox 1758 858 1861 895; x_wconf 85' lang='lat' dir='ltr'>suo</span> <span class='ocrx_word' id='word_1_47' title='bbox 1882 849 2141 915; x_wconf 81' lang='lat' dir='ltr'>tempore</span> 
     </span>
    </p>
   </div>
   <div class='ocr_carea' id='block_1_10' title="bbox 489 913 2142 987">
    <p class='ocr_par' dir='ltr' id='par_1_10' title="bbox 489 913 2142 987">
     <span class='ocr_line' id='line_1_10' title="bbox 489 913 2142 987; baseline -0.005 -15"><span class='ocrx_word' id='word_1_48' title='bbox 489 921 613 987; x_wconf 79' lang='lat' dir='ltr'>ejus</span> <span class='ocrx_word' id='word_1_49' title='bbox 630 913 1067 973; x_wconf 74' lang='lat' dir='ltr'>monunientum</span> <span class='ocrx_word' id='word_1_50' title='bbox 1089 913 1323 973; x_wconf 75' lang='lat' dir='ltr'>exstare</span> <span class='ocrx_word' id='word_1_51' title='bbox 1336 917 1505 972; x_wconf 79' lang='lat' dir='ltr'>habet</span> <span class='ocrx_word' id='word_1_52' title='bbox 1524 915 1896 980; x_wconf 73' lang='lat' dir='ltr'>Epiphanius</span> <span class='ocrx_word' id='word_1_53' title='bbox 1927 914 2001 987; x_wconf 81' lang='lat' dir='ltr'>De</span> <span class='ocrx_word' id='word_1_54' title='bbox 2022 913 2142 963; x_wconf 87' lang='lat' dir='ltr'>vita</span> 
     </span>
    </p>
   </div>
   <div class='ocr_carea' id='block_1_11' title="bbox 492 986 2139 1062">
    <p class='ocr_par' dir='ltr' id='par_1_11' title="bbox 492 986 2139 1062">
     <span class='ocr_line' id='line_1_11' title="bbox 492 986 2139 1062; baseline -0.004 -21"><span class='ocrx_word' id='word_1_55' title='bbox 492 986 936 1062; x_wconf 86' lang='lat' dir='ltr'>prophetarum,</span> <span class='ocrx_word' id='word_1_56' title='bbox 966 1005 1109 1062; x_wconf 52' lang='lat' dir='ltr'>cap.</span> <span class='ocrx_word' id='word_1_57' title='bbox 1141 993 1218 1062; x_wconf 72' lang='lat' dir='ltr'>l0,</span> <span class='ocrx_word' id='word_1_58' title='bbox 1270 988 1325 1041; x_wconf 85' lang='lat' dir='ltr'>in</span> <span class='ocrx_word' id='word_1_59' title='bbox 1362 989 1497 1062; x_wconf 79' lang='lat' dir='ltr'>fine.</span> <span class='ocrx_word' id='word_1_60' title='bbox 1548 987 1695 1039; x_wconf 82' lang='lat' dir='ltr'>Inde</span> <span class='ocrx_word' id='word_1_61' title='bbox 1748 1000 1881 1062; x_wconf 62' lang='lat' dir='ltr'>uero</span> <span class='ocrx_word' id='word_1_62' title='bbox 1931 986 2056 1062; x_wconf 58' lang='lat' dir='ltr'>ejus</span> <span class='ocrx_word' id='word_1_63' title='bbox 2088 988 2139 1035; x_wconf 82' lang='lat' dir='ltr'>et</span> 
     </span>
    </p>
   </div>
   <div class='ocr_carea' id='block_1_12' title="bbox 492 1053 2144 1130">
    <p class='ocr_par' dir='ltr' id='par_1_12' title="bbox 492 1053 2144 1130">
     <span class='ocr_line' id='line_1_12' title="bbox 492 1053 2144 1130; baseline -0.006 -16"><span class='ocrx_word' id='word_1_64' title='bbox 492 1053 666 1114; x_wconf 54' lang='lat' dir='ltr'>iriu&#39;m</span> <span class='ocrx_word' id='word_1_65' title='bbox 677 1075 985 1128; x_wconf 80' lang='lat' dir='ltr'>puerorum</span> <span class='ocrx_word' id='word_1_66' title='bbox 1000 1053 1260 1130; x_wconf 77' lang='lat' dir='ltr'>reliquiae</span> <span class='ocrx_word' id='word_1_67' title='bbox 1274 1060 1718 1114; x_wconf 71' lang='lat' dir='ltr'>translataesunt</span> <span class='ocrx_word' id='word_1_68' title='bbox 1736 1053 2144 1109; x_wconf 68' lang='lat' dir='ltr'>Alexandriam</span> 
     </span>
    </p>
   </div>
   <div class='ocr_carea' id='block_1_13' title="bbox 2241 485 3655 571">
    <p class='ocr_par' dir='ltr' id='par_1_13' title="bbox 2241 485 3655 571">
     <span class='ocr_line' id='line_1_13' title="bbox 2241 485 3655 571; baseline -0.011 -20"><span class='ocrx_word' id='word_1_69' title='bbox 2241 500 2599 571; x_wconf 77' lang='grc' dir='ltr'><em>προσκύνησις</em></span> <span class='ocrx_word' id='word_1_70' title='bbox 2623 494 2690 553; x_wconf 82' lang='grc' dir='ltr'>εἰς</span> <span class='ocrx_word' id='word_1_71' title='bbox 2722 495 2839 550; x_wconf 84' lang='grc' dir='ltr'><em>τοὺς</em></span> <span class='ocrx_word' id='word_1_72' title='bbox 2870 490 3059 548; x_wconf 82' lang='grc' dir='ltr'>αἰῶνας</span> <span class='ocrx_word' id='word_1_73' title='bbox 3084 495 3182 539; x_wconf 83' lang='grc' dir='ltr'>τῶν</span> <span class='ocrx_word' id='word_1_74' title='bbox 3214 486 3429 538; x_wconf 85' lang='grc' dir='ltr'>αἰώνων.</span> <span class='ocrx_word' id='word_1_75' title='bbox 3468 485 3655 557; x_wconf 85' lang='grc' dir='ltr'><em>Ἀμήν.</em></span> 
     </span>
    </p>
   </div>
   <div class='ocr_carea' id='block_1_14' title="bbox 2246 752 3855 834">
    <p class='ocr_par' dir='ltr' id='par_1_14' title="bbox 2246 752 3855 834">
     <span class='ocr_line' id='line_1_14' title="bbox 2246 752 3855 834; baseline -0.011 -13"><span class='ocrx_word' id='word_1_76' title='bbox 2246 773 2301 821; x_wconf 85' lang='lat' dir='ltr'><em>et</em></span> <span class='ocrx_word' id='word_1_77' title='bbox 2343 780 2402 818; x_wconf 85' lang='grc' dir='ltr'>ιη</span> <span class='ocrx_word' id='word_1_78' title='bbox 2434 761 2735 818; x_wconf 82' lang='lat' dir='ltr'>ecclesiam</span> <span class='ocrx_word' id='word_1_79' title='bbox 2768 760 2866 815; x_wconf 82' lang='lat' dir='ltr'>SS.</span> <span class='ocrx_word' id='word_1_80' title='bbox 2901 762 3145 834; x_wconf 76' lang='lat' dir='ltr'>Joannis</span> <span class='ocrx_word' id='word_1_81' title='bbox 3173 763 3224 812; x_wconf 85' lang='lat' dir='ltr'><em>et</em></span> <span class='ocrx_word' id='word_1_82' title='bbox 3256 754 3403 823; x_wconf 79' lang='lat' dir='ltr'>Cyri</span> <span class='ocrx_word' id='word_1_83' title='bbox 3431 753 3660 834; x_wconf 57' lang='lat' dir='ltr'>posita’.</span> <span class='ocrx_word' id='word_1_84' title='bbox 3700 752 3855 834; x_wconf 62' lang='grc' dir='ltr'><em>ξρε-</em></span> 
     </span>
    </p>
   </div>
   <div class='ocr_carea' id='block_1_15' title="bbox 2248 824 3855 903">
    <p class='ocr_par' dir='ltr' id='par_1_15' title="bbox 2248 824 3855 903">
     <span class='ocr_line' id='line_1_15' title="bbox 2248 824 3855 903; baseline -0.01 -11"><span class='ocrx_word' id='word_1_85' title='bbox 2248 839 2375 891; x_wconf 85' lang='lat' dir='ltr'>dem</span> <span class='ocrx_word' id='word_1_86' title='bbox 2405 835 2658 889; x_wconf 79' lang='lat' dir='ltr'><em>Venetias</em></span> <span class='ocrx_word' id='word_1_87' title='bbox 2683 832 3019 887; x_wconf 68' lang='lat' dir='ltr'>translatas</span> <span class='ocrx_word' id='word_1_88' title='bbox 3046 845 3184 895; x_wconf 90' lang='lat' dir='ltr'><em>esse,</em></span> <span class='ocrx_word' id='word_1_89' title='bbox 3210 836 3409 883; x_wconf 74' lang='lat' dir='ltr'>etcrus</span> <span class='ocrx_word' id='word_1_90' title='bbox 3432 824 3684 878; x_wconf 84' lang='lat' dir='ltr'>Danielis</span> <span class='ocrx_word' id='word_1_91' title='bbox 3715 824 3855 903; x_wconf 46' lang='lat' dir='ltr'>Ver;</span> 
     </span>
    </p>
   </div>
   <div class='ocr_carea' id='block_1_16' title="bbox 2250 903 3857 977">
    <p class='ocr_par' dir='ltr' id='par_1_16' title="bbox 2250 903 3857 977">
     <span class='ocr_line' id='line_1_16' title="bbox 2250 903 3857 977; baseline -0.011 -14"><span class='ocrx_word' id='word_1_92' title='bbox 2250 907 2436 970; x_wconf 81' lang='lat' dir='ltr'>cellis,</span> <span class='ocrx_word' id='word_1_93' title='bbox 2470 912 2522 961; x_wconf 79' lang='lat' dir='ltr'><em>et</em></span> <span class='ocrx_word' id='word_1_94' title='bbox 2549 920 2825 977; x_wconf 59' lang='lat' dir='ltr'>magnam</span> <span class='ocrx_word' id='word_1_95' title='bbox 2861 903 3039 977; x_wconf 72' lang='lat' dir='ltr'>trium</span> <span class='ocrx_word' id='word_1_96' title='bbox 3076 914 3399 977; x_wconf 53' lang='lat' dir='ltr'>puerorum</span> <span class='ocrx_word' id='word_1_97' title='bbox 3427 911 3734 977; x_wconf 56' lang='lat' dir='ltr'>sacrarum</span> <span class='ocrx_word' id='word_1_98' title='bbox 3761 911 3857 961; x_wconf 78' lang='lat' dir='ltr'>p1-</span> 
     </span>
    </p>
   </div>
   <div class='ocr_carea' id='block_1_17' title="bbox 2251 968 3857 1050">
    <p class='ocr_par' dir='ltr' id='par_1_17' title="bbox 2251 968 3857 1050">
     <span class='ocr_line' id='line_1_17' title="bbox 2251 968 3857 1050; baseline -0.01 -16"><span class='ocrx_word' id='word_1_99' title='bbox 2251 996 2326 1050; x_wconf 87' lang='lat' dir='ltr'><strong><em>gn</em></strong></span> <span class='ocrx_word' id='word_1_100' title='bbox 2336 968 2502 1033; x_wconf 69' lang='lat' dir='ltr'>orum</span> <span class='ocrx_word' id='word_1_101' title='bbox 2521 968 2750 1050; x_wconf 61' lang='lat' dir='ltr'>partem</span> <span class='ocrx_word' id='word_1_102' title='bbox 2768 976 2959 1050; x_wconf 63' lang='lat' dir='ltr'>Romw</span> <span class='ocrx_word' id='word_1_103' title='bbox 2971 973 3033 1050; x_wconf 89' lang='grc' dir='ltr'>η</span> <span class='ocrx_word' id='word_1_104' title='bbox 3047 970 3319 1050; x_wconf 64' lang='lat' dir='ltr'>diagonia</span> <span class='ocrx_word' id='word_1_105' title='bbox 3332 968 3653 1050; x_wconf 57' lang='lat' dir='ltr'>S._Adr_&#39;ian§</span> <span class='ocrx_word' id='word_1_106' title='bbox 3664 980 3857 1050; x_wconf 66' lang='lat' dir='ltr'><em>asser—</em></span> 
     </span>
    </p>
   </div>
   <div class='ocr_carea' id='block_1_18' title="bbox 2256 1037 3855 1114">
    <p class='ocr_par' dir='ltr' id='par_1_18' title="bbox 2256 1037 3855 1114">
     <span class='ocr_line' id='line_1_18' title="bbox 2256 1037 3855 1114; baseline -0.011 -9"><span class='ocrx_word' id='word_1_107' title='bbox 2256 1037 2396 1114; x_wconf 78' lang='grc' dir='ltr'><em>ἶιανί,</em></span> <span class='ocrx_word' id='word_1_108' title='bbox 2408 1051 2491 1103; x_wconf 76' lang='lat' dir='ltr'>ait</span> <span class='ocrx_word' id='word_1_109' title='bbox 2506 1037 2784 1101; x_wconf 77' lang='lat' dir='ltr'>Baronius</span> <span class='ocrx_word' id='word_1_110' title='bbox 2801 1048 2855 1099; x_wconf 74' lang='lat' dir='ltr'>in</span> <span class='ocrx_word' id='word_1_111' title='bbox 2872 1044 3023 1099; x_wconf 83' lang='lat' dir='ltr'>notis</span> <span class='ocrx_word' id='word_1_112' title='bbox 3037 1044 3116 1099; x_wconf 86' lang='lat' dir='ltr'>ad</span> <span class='ocrx_word' id='word_1_113' title='bbox 3129 1038 3609 1111; x_wconf 78' lang='lat' dir='ltr'>Martyrologium</span> <span class='ocrx_word' id='word_1_114' title='bbox 3627 1038 3720 1091; x_wconf 85' lang='lat' dir='ltr'>hoc</span> <span class='ocrx_word' id='word_1_115' title='bbox 3739 1037 3830 1090; x_wconf 78' lang='lat' dir='ltr'>die</span> <span class='ocrx_word' id='word_1_116' title='bbox 3843 1079 3855 1088; x_wconf 92' lang='lat'>.</span> 
     </span>
    </p>
   </div>
   <div class='ocr_carea' id='block_1_19' title="bbox 492 1222 2885 1248">
    <p class='ocr_par' dir='ltr' id='par_1_19' title="bbox 492 1222 2885 1248">
     <span class='ocr_line' id='line_1_19' title="bbox 492 1222 2885 1248; baseline 0.003 -4"><span class='ocrx_word' id='word_1_117' title='bbox 492 1222 2885 1248; x_wconf 67' lang='lat'>——_——————————————-——————3————‘——________—.</span> 
     </span>
    </p>
   </div>
   <div class='ocr_carea' id='block_1_20' title="bbox 494 1226 3839 1263">
    <p class='ocr_par' dir='ltr' id='par_1_20' title="bbox 494 1226 3839 1263">
     <span class='ocr_line' id='line_1_20' title="bbox 494 1226 3839 1263; baseline -0.005 0"><span class='ocrx_word' id='word_1_118' title='bbox 494 1226 3839 1263; x_wconf 31' lang='grc' dir='ltr'><em>ψ</em></span> 
     </span>
    </p>
   </div>
   <div class='ocr_carea' id='block_1_21' title="bbox 1726 1369 2605 1490">
    <p class='ocr_par' dir='ltr' id='par_1_21' title="bbox 1726 1369 2605 1490">
     <span class='ocr_line' id='line_1_21' title="bbox 1726 1369 2605 1490; baseline -0.007 -2"><span class='ocrx_word' id='word_1_119' title='bbox 1726 1369 2605 1490; x_wconf 88' lang='grc' dir='ltr'>ΜΑΡΤΥΡΙΟΝ</span> 
     </span>
    </p>
   </div>
   <div class='ocr_carea' id='block_1_22' title="bbox 869 1555 3455 1659">
    <p class='ocr_par' dir='ltr' id='par_1_22' title="bbox 869 1555 3455 1659">
     <span class='ocr_line' id='line_1_22' title="bbox 869 1555 3455 1659; baseline -0.006 -3"><span class='ocrx_word' id='word_1_120' title='bbox 869 1572 1099 1659; x_wconf 88' lang='grc' dir='ltr'>ΤΟΥ</span> <span class='ocrx_word' id='word_1_121' title='bbox 1153 1568 1498 1657; x_wconf 86' lang='grc' dir='ltr'>ΑΓΙΟΥ</span> <span class='ocrx_word' id='word_1_122' title='bbox 1555 1570 1756 1653; x_wconf 87' lang='grc' dir='ltr'>ΚΑΙ</span> <span class='ocrx_word' id='word_1_123' title='bbox 1822 1556 2348 1653; x_wconf 86' lang='grc' dir='ltr'>ΕΝΔΟΞΟΥ</span> <span class='ocrx_word' id='word_1_124' title='bbox 2406 1555 3455 1647; x_wconf 77' lang='grc' dir='ltr'>ΜΕΓΑΛΟΜΑΡΤΥΡΟΣ</span> 
     </span>
    </p>
   </div>
   <div class='ocr_carea' id='block_1_23' title="bbox 1518 1718 2838 2000">
    <p class='ocr_par' dir='ltr' id='par_1_23' title="bbox 1518 1718 2838 2000">
     <span class='ocr_line' id='line_1_23' title="bbox 1518 1718 2838 2000; baseline -0.005 -99"><span class='ocrx_word' id='word_1_125' title='bbox 1518 1718 2838 2000; x_wconf 73' lang='grc' dir='ltr'>ΠΛΑΤῼΝΟΣ.</span> 
     </span>
    </p>
   </div>
   <div class='ocr_carea' id='block_1_24' title="bbox 1750 2082 2628 2204">
    <p class='ocr_par' dir='ltr' id='par_1_24' title="bbox 1750 2082 2628 2204">
     <span class='ocr_line' id='line_1_24' title="bbox 1750 2082 2628 2204; baseline -0.005 0"><span class='ocrx_word' id='word_1_126' title='bbox 1750 2082 2628 2204; x_wconf 81' lang='lat' dir='ltr'>MARTYBIUM</span> 
     </span>
    </p>
   </div>
   <div class='ocr_carea' id='block_1_25' title="bbox 1070 2356 2537 2451">
    <p class='ocr_par' dir='ltr' id='par_1_25' title="bbox 1070 2356 2537 2451">
     <span class='ocr_line' id='line_1_25' title="bbox 1070 2356 2537 2451; baseline -0.004 -1"><span class='ocrx_word' id='word_1_127' title='bbox 1070 2358 1527 2451; x_wconf 84' lang='lat' dir='ltr'>SANGTI</span> <span class='ocrx_word' id='word_1_128' title='bbox 1642 2359 1804 2448; x_wconf 87' lang='lat' dir='ltr'>ET</span> <span class='ocrx_word' id='word_1_129' title='bbox 1917 2356 2537 2450; x_wconf 81' lang='lat' dir='ltr'>GLORIOSI</span> 
     </span>
    </p>
   </div>
   <div class='ocr_carea' id='block_1_26' title="bbox 2652 2351 3322 2443">
    <p class='ocr_par' dir='ltr' id='par_1_26' title="bbox 2652 2351 3322 2443">
     <span class='ocr_line' id='line_1_26' title="bbox 2652 2351 3322 2443; baseline -0.001 0"><span class='ocrx_word' id='word_1_130' title='bbox 2652 2351 3322 2443; x_wconf 79' lang='lat' dir='ltr'>MARTYBIS</span> 
     </span>
    </p>
   </div>
   <div class='ocr_carea' id='block_1_27' title="bbox 1516 2554 2846 2742">
    <p class='ocr_par' dir='ltr' id='par_1_27' title="bbox 1516 2554 2846 2742">
     <span class='ocr_line' id='line_1_27' title="bbox 1516 2554 2846 2742; baseline -0.002 -2"><span class='ocrx_word' id='word_1_131' title='bbox 1516 2554 2846 2742; x_wconf 81' lang='lat' dir='ltr'>PLATONIS.</span> 
     </span>
    </p>
   </div>
   <div class='ocr_carea' id='block_1_28' title="bbox 719 2804 2180 2931">
    <p class='ocr_par' dir='ltr' id='par_1_28' title="bbox 719 2809 2178 2923">
     <span class='ocr_line' id='line_1_28' title="bbox 719 2809 2178 2923; baseline -0.003 -61"><span class='ocrx_word' id='word_1_132' title='bbox 719 2814 921 2874; x_wconf 88' lang='lat' dir='ltr'>(Latine</span> <span class='ocrx_word' id='word_1_133' title='bbox 946 2812 1088 2875; x_wconf 88' lang='lat' dir='ltr'>apud</span> <span class='ocrx_word' id='word_1_134' title='bbox 1119 2812 1333 2862; x_wconf 91' lang='lat' dir='ltr'>Surium</span> <span class='ocrx_word' id='word_1_135' title='bbox 1367 2811 1430 2862; x_wconf 88' lang='lat' dir='ltr'>ad</span> <span class='ocrx_word' id='word_1_136' title='bbox 1464 2812 1603 2863; x_wconf 89' lang='lat' dir='ltr'>diem</span> <span class='ocrx_word' id='word_1_137' title='bbox 1632 2812 1692 2860; x_wconf 80' lang='grc'>22</span> <span class='ocrx_word' id='word_1_138' title='bbox 1721 2810 1849 2861; x_wconf 89' lang='lat' dir='ltr'>Julii</span> <span class='ocrx_word' id='word_1_139' title='bbox 1878 2825 1890 2868; x_wconf 89' lang='lat'>;</span> <span class='ocrx_word' id='word_1_140' title='bbox 1927 2809 2178 2923; x_wconf 51' lang='lat' dir='ltr'>Gsrgegaxri</span> 
     </span>
    </p>
   </div>
   <div class='ocr_carea' id='block_1_29' title="bbox 2289 2804 3682 2931">
    <p class='ocr_par' dir='ltr' id='par_1_29' title="bbox 2289 2804 3682 2931">
     <span class='ocr_line' id='line_1_29' title="bbox 2311 2804 3682 2931; baseline -0.002 -77"><span class='ocrx_word' id='word_1_141' title='bbox 2311 2807 2544 2931; x_wconf 54' lang='lat' dir='ltr'>primum</span> <span class='ocrx_word' id='word_1_142' title='bbox 2578 2806 2845 2870; x_wconf 88' lang='lat' dir='ltr'>prodeunt</span> <span class='ocrx_word' id='word_1_143' title='bbox 2880 2820 2943 2856; x_wconf 83' lang='lat' dir='ltr'>ex</span> <span class='ocrx_word' id='word_1_144' title='bbox 2973 2805 3089 2855; x_wconf 91' lang='lat' dir='ltr'>cod.</span> <span class='ocrx_word' id='word_1_145' title='bbox 3128 2819 3231 2858; x_wconf 90' lang='lat' dir='ltr'>ms.</span> <span class='ocrx_word' id='word_1_146' title='bbox 3275 2804 3434 2853; x_wconf 87' lang='lat' dir='ltr'>Paris.</span> <span class='ocrx_word' id='word_1_147' title='bbox 3468 2818 3522 2852; x_wconf 92' lang='lat' dir='ltr'>n.</span> <span class='ocrx_word' id='word_1_148' title='bbox 3556 2804 3682 2864; x_wconf 80' lang='grc'>1539,</span> 
     </span>
     <span class='ocr_line' id='line_1_30' title="bbox 2289 2882 2401 2922; baseline -0.045 -1"><span class='ocrx_word' id='word_1_149' title='bbox 2289 2882 2401 2922; x_wconf 79' lang='grc' dir='ltr'>)ΙἹ’.</span> 
     </span>
    </p>
   </div>
   <div class='ocr_carea' id='block_1_30' title="bbox 1962 2882 2401 2923">
    <p class='ocr_par' dir='ltr' id='par_1_30' title="bbox 1962 2882 2401 2923">
     <span class='ocr_line' id='line_1_31' title="bbox 1962 2882 2401 2923; baseline -0.007 -4"><span class='ocrx_word' id='word_1_150' title='bbox 1962 2885 2081 2921; x_wconf 72' lang='grc' dir='ltr'>ΒξΒΟ.</span> <span class='ocrx_word' id='word_1_151' title='bbox 2111 2882 2200 2923; x_wconf 82' lang='lat' dir='ltr'>XII</span> <span class='ocrx_word' id='word_1_152' title='bbox 2234 2882 2401 2922; x_wconf 64' lang='lat' dir='ltr'>EDIT.</span> 
     </span>
    </p>
   </div>
   <div class='ocr_carea' id='block_1_31' title="bbox 595 3108 2261 3183">
    <p class='ocr_par' dir='ltr' id='par_1_31' title="bbox 595 3108 2261 3183">
     <span class='ocr_line' id='line_1_32' title="bbox 595 3108 2261 3183; baseline -0.004 -14"><span class='ocrx_word' id='word_1_153' title='bbox 595 3117 637 3171; x_wconf 93' lang='grc' dir='ltr'><strong>Ι.</strong></span> <span class='ocrx_word' id='word_1_154' title='bbox 667 3118 791 3171; x_wconf 88' lang='lat' dir='ltr'>Non</span> <span class='ocrx_word' id='word_1_155' title='bbox 821 3130 956 3171; x_wconf 92' lang='lat' dir='ltr'>sum</span> <span class='ocrx_word' id='word_1_156' title='bbox 991 3130 1147 3170; x_wconf 90' lang='lat' dir='ltr'>nova</span> <span class='ocrx_word' id='word_1_157' title='bbox 1174 3113 1439 3170; x_wconf 89' lang='lat' dir='ltr'>dicturus</span> <span class='ocrx_word' id='word_1_158' title='bbox 1470 3114 1543 3168; x_wconf 90' lang='lat' dir='ltr'>de</span> <span class='ocrx_word' id='word_1_159' title='bbox 1576 3112 1811 3181; x_wconf 79' lang='lat' dir='ltr'>Galatia,</span> <span class='ocrx_word' id='word_1_160' title='bbox 1839 3126 2027 3183; x_wconf 89' lang='lat' dir='ltr'>neque</span> <span class='ocrx_word' id='word_1_161' title='bbox 2050 3111 2188 3167; x_wconf 87' lang='lat' dir='ltr'>alie-</span> <span class='ocrx_word' id='word_1_162' title='bbox 2219 3108 2261 3163; x_wconf 90' lang='grc' dir='ltr'>Β</span> 
     </span>
    </p>
   </div>
   <div class='ocr_carea' id='block_1_32' title="bbox 526 3201 2185 3275">
    <p class='ocr_par' dir='ltr' id='par_1_32' title="bbox 526 3201 2185 3275">
     <span class='ocr_line' id='line_1_33' title="bbox 526 3201 2185 3275; baseline -0.001 -19"><span class='ocrx_word' id='word_1_163' title='bbox 526 3220 601 3260; x_wconf 87' lang='lat' dir='ltr'>na</span> <span class='ocrx_word' id='word_1_164' title='bbox 626 3204 701 3259; x_wconf 89' lang='lat' dir='ltr'>ab</span> <span class='ocrx_word' id='word_1_165' title='bbox 730 3204 797 3258; x_wconf 86' lang='lat' dir='ltr'>iis</span> <span class='ocrx_word' id='word_1_166' title='bbox 828 3205 930 3275; x_wconf 88' lang='lat' dir='ltr'>qui</span> <span class='ocrx_word' id='word_1_167' title='bbox 960 3208 1258 3274; x_wconf 78' lang='lat' dir='ltr'>Ancyram</span> <span class='ocrx_word' id='word_1_168' title='bbox 1298 3202 1601 3258; x_wconf 87' lang='lat' dir='ltr'>habitant:</span> <span class='ocrx_word' id='word_1_169' title='bbox 1637 3218 1745 3257; x_wconf 91' lang='lat' dir='ltr'>nec</span> <span class='ocrx_word' id='word_1_170' title='bbox 1772 3201 1966 3256; x_wconf 91' lang='lat' dir='ltr'>dicam</span> <span class='ocrx_word' id='word_1_171' title='bbox 2000 3202 2185 3255; x_wconf 85' lang='lat' dir='ltr'>incre-</span> 
     </span>
    </p>
   </div>
   <div class='ocr_carea' id='block_1_33' title="bbox 527 3289 2183 3357">
    <p class='ocr_par' dir='ltr' id='par_1_33' title="bbox 527 3289 2183 3357">
     <span class='ocr_line' id='line_1_34' title="bbox 527 3289 2183 3357; baseline -0.001 -9"><span class='ocrx_word' id='word_1_172' title='bbox 527 3293 731 3350; x_wconf 89' lang='lat' dir='ltr'>dibilia</span> <span class='ocrx_word' id='word_1_173' title='bbox 757 3292 829 3348; x_wconf 91' lang='lat' dir='ltr'>de</span> <span class='ocrx_word' id='word_1_174' title='bbox 862 3292 1218 3357; x_wconf 89' lang='lat' dir='ltr'>confessore,</span> <span class='ocrx_word' id='word_1_175' title='bbox 1244 3295 1300 3346; x_wconf 89' lang='lat' dir='ltr'>et</span> <span class='ocrx_word' id='word_1_176' title='bbox 1327 3307 1396 3347; x_wconf 92' lang='lat' dir='ltr'>eo</span> <span class='ocrx_word' id='word_1_177' title='bbox 1429 3291 1521 3346; x_wconf 91' lang='lat' dir='ltr'>cui</span> <span class='ocrx_word' id='word_1_178' title='bbox 1563 3291 1811 3346; x_wconf 85' lang='lat' dir='ltr'>verbum</span> <span class='ocrx_word' id='word_1_179' title='bbox 1855 3291 1949 3345; x_wconf 83' lang='lat' dir='ltr'>Dei</span> <span class='ocrx_word' id='word_1_180' title='bbox 1992 3289 2183 3346; x_wconf 80' lang='lat' dir='ltr'>fuerat</span> 
     </span>
    </p>
   </div>
   <div class='ocr_carea' id='block_1_34' title="bbox 526 3379 2183 3439">
    <p class='ocr_par' dir='ltr' id='par_1_34' title="bbox 526 3379 2183 3439">
     <span class='ocr_line' id='line_1_35' title="bbox 526 3379 2183 3439; baseline -0.004 -2"><span class='ocrx_word' id='word_1_181' title='bbox 526 3381 935 3437; x_wconf 91' lang='lat' dir='ltr'>commissum.</span> <span class='ocrx_word' id='word_1_182' title='bbox 961 3380 1146 3435; x_wconf 83' lang='lat' dir='ltr'>Stulte</span> <span class='ocrx_word' id='word_1_183' title='bbox 1185 3380 1343 3435; x_wconf 91' lang='lat' dir='ltr'>enim</span> <span class='ocrx_word' id='word_1_184' title='bbox 1377 3380 1637 3435; x_wconf 87' lang='lat' dir='ltr'>fecerunt</span> <span class='ocrx_word' id='word_1_185' title='bbox 1671 3379 1909 3439; x_wconf 83' lang='lat' dir='ltr'>Galatae,</span> <span class='ocrx_word' id='word_1_186' title='bbox 1942 3382 2004 3431; x_wconf 88' lang='lat' dir='ltr'>ut</span> <span class='ocrx_word' id='word_1_187' title='bbox 2035 3393 2183 3432; x_wconf 89' lang='lat' dir='ltr'>con-</span> 
     </span>
    </p>
   </div>
   <div class='ocr_carea' id='block_1_35' title="bbox 527 3465 2176 3531">
    <p class='ocr_par' dir='ltr' id='par_1_35' title="bbox 527 3465 2176 3531">
     <span class='ocr_line' id='line_1_36' title="bbox 527 3465 2176 3531; baseline -0.003 -7"><span class='ocrx_word' id='word_1_188' title='bbox 527 3475 842 3525; x_wconf 86' lang='lat' dir='ltr'>sueverant</span> <span class='ocrx_word' id='word_1_189' title='bbox 874 3486 884 3523; x_wconf 93' lang='lat'>:</span> <span class='ocrx_word' id='word_1_190' title='bbox 920 3468 1027 3524; x_wconf 87' lang='lat' dir='ltr'>fuit</span> <span class='ocrx_word' id='word_1_191' title='bbox 1060 3474 1254 3524; x_wconf 90' lang='lat' dir='ltr'>autem</span> <span class='ocrx_word' id='word_1_192' title='bbox 1296 3468 1455 3523; x_wconf 82' lang='lat' dir='ltr'>Plato</span> <span class='ocrx_word' id='word_1_193' title='bbox 1496 3482 1700 3522; x_wconf 83' lang='lat' dir='ltr'>revera</span> <span class='ocrx_word' id='word_1_194' title='bbox 1742 3465 2176 3531; x_wconf 89' lang='lat' dir='ltr'>sanctissimus,</span> 
     </span>
    </p>
   </div>
   <div class='ocr_carea' id='block_1_36' title="bbox 526 3556 2181 3629">
    <p class='ocr_par' dir='ltr' id='par_1_36' title="bbox 526 3556 2181 3629">
     <span class='ocr_line' id='line_1_37' title="bbox 526 3556 2181 3629; baseline -0.001 -18"><span class='ocrx_word' id='word_1_195' title='bbox 526 3558 629 3629; x_wconf 89' lang='lat' dir='ltr'>qui</span> <span class='ocrx_word' id='word_1_196' title='bbox 670 3558 784 3612; x_wconf 89' lang='lat' dir='ltr'>sibi</span> <span class='ocrx_word' id='word_1_197' title='bbox 818 3558 913 3613; x_wconf 90' lang='lat' dir='ltr'>Dei</span> <span class='ocrx_word' id='word_1_198' title='bbox 954 3557 1237 3612; x_wconf 82' lang='lat' dir='ltr'>creditam</span> <span class='ocrx_word' id='word_1_199' title='bbox 1278 3556 1540 3612; x_wconf 80' lang='lat' dir='ltr'>habebat</span> <span class='ocrx_word' id='word_1_200' title='bbox 1578 3556 1931 3627; x_wconf 80' lang='lat' dir='ltr'>sapientiam</span> <span class='ocrx_word' id='word_1_201' title='bbox 1968 3573 1979 3609; x_wconf 88' lang='lat'>:</span> <span class='ocrx_word' id='word_1_202' title='bbox 2016 3560 2072 3610; x_wconf 92' lang='lat' dir='ltr'>et</span> <span class='ocrx_word' id='word_1_203' title='bbox 2110 3570 2181 3610; x_wconf 90' lang='lat' dir='ltr'>ea</span> 
     </span>
    </p>
   </div>
   <div class='ocr_carea' id='block_1_37' title="bbox 528 3643 2181 3717">
    <p class='ocr_par' dir='ltr' id='par_1_37' title="bbox 528 3643 2181 3717">
     <span class='ocr_line' id='line_1_38' title="bbox 528 3643 2181 3717; baseline -0.002 -16"><span class='ocrx_word' id='word_1_204' title='bbox 528 3662 745 3717; x_wconf 89' lang='lat' dir='ltr'>passus</span> <span class='ocrx_word' id='word_1_205' title='bbox 784 3649 870 3700; x_wconf 90' lang='lat' dir='ltr'>est</span> <span class='ocrx_word' id='word_1_206' title='bbox 918 3661 953 3699; x_wconf 89' lang='lat' dir='ltr'>a</span> <span class='ocrx_word' id='word_1_207' title='bbox 1005 3646 1240 3710; x_wconf 86' lang='lat' dir='ltr'>Calatis,</span> <span class='ocrx_word' id='word_1_208' title='bbox 1274 3661 1408 3717; x_wconf 73' lang='lat' dir='ltr'>quae</span> <span class='ocrx_word' id='word_1_209' title='bbox 1464 3644 1800 3701; x_wconf 76' lang='lat' dir='ltr'>confessore</span> <span class='ocrx_word' id='word_1_210' title='bbox 1843 3644 1965 3716; x_wconf 91' lang='lat' dir='ltr'>pati</span> <span class='ocrx_word' id='word_1_211' title='bbox 2010 3643 2181 3714; x_wconf 80' lang='lat' dir='ltr'>jubet</span> 
     </span>
    </p>
   </div>
   <div class='ocr_carea' id='block_1_38' title="bbox 529 3732 2182 3803">
    <p class='ocr_par' dir='ltr' id='par_1_38' title="bbox 529 3732 2182 3803">
     <span class='ocr_line' id='line_1_39' title="bbox 529 3732 2182 3803; baseline -0.001 -15"><span class='ocrx_word' id='word_1_212' title='bbox 529 3734 621 3788; x_wconf 82' lang='lat' dir='ltr'>lex</span> <span class='ocrx_word' id='word_1_213' title='bbox 644 3733 871 3788; x_wconf 79' lang='lat' dir='ltr'>Christi.</span> <span class='ocrx_word' id='word_1_214' title='bbox 904 3734 1044 3786; x_wconf 88' lang='lat' dir='ltr'>Eum</span> <span class='ocrx_word' id='word_1_215' title='bbox 1071 3733 1228 3787; x_wconf 91' lang='lat' dir='ltr'>enim</span> <span class='ocrx_word' id='word_1_216' title='bbox 1257 3738 1497 3803; x_wconf 89' lang='lat' dir='ltr'>captum</span> <span class='ocrx_word' id='word_1_217' title='bbox 1530 3734 1664 3789; x_wconf 74' lang='lat' dir='ltr'>saevi</span> <span class='ocrx_word' id='word_1_218' title='bbox 1688 3738 1743 3786; x_wconf 93' lang='lat' dir='ltr'>et</span> <span class='ocrx_word' id='word_1_219' title='bbox 1769 3732 2182 3787; x_wconf 90' lang='lat' dir='ltr'>immisericor-</span> 
     </span>
    </p>
   </div>
   <div class='ocr_carea' id='block_1_39' title="bbox 531 3820 2179 3892">
    <p class='ocr_par' dir='ltr' id='par_1_39' title="bbox 531 3820 2179 3892">
     <span class='ocr_line' id='line_1_40' title="bbox 531 3820 2179 3892; baseline -0.001 -16"><span class='ocrx_word' id='word_1_220' title='bbox 531 3822 637 3877; x_wconf 91' lang='lat' dir='ltr'>des</span> <span class='ocrx_word' id='word_1_221' title='bbox 683 3821 1063 3892; x_wconf 87' lang='lat' dir='ltr'>conjecerunt</span> <span class='ocrx_word' id='word_1_222' title='bbox 1092 3822 1151 3874; x_wconf 93' lang='lat' dir='ltr'>in</span> <span class='ocrx_word' id='word_1_223' title='bbox 1196 3836 1513 3884; x_wconf 88' lang='lat' dir='ltr'>carcerem,</span> <span class='ocrx_word' id='word_1_224' title='bbox 1558 3826 1619 3875; x_wconf 90' lang='lat' dir='ltr'>ut</span> <span class='ocrx_word' id='word_1_225' title='bbox 1649 3820 1751 3892; x_wconf 88' lang='lat' dir='ltr'>qui</span> <span class='ocrx_word' id='word_1_226' title='bbox 1800 3820 2045 3875; x_wconf 86' lang='lat' dir='ltr'>verbum</span> <span class='ocrx_word' id='word_1_227' title='bbox 2080 3820 2179 3875; x_wconf 92' lang='lat' dir='ltr'>Dei</span> 
     </span>
    </p>
   </div>
   <div class='ocr_carea' id='block_1_40' title="bbox 532 3908 2181 3978">
    <p class='ocr_par' dir='ltr' id='par_1_40' title="bbox 532 3908 2181 3978">
     <span class='ocr_line' id='line_1_41' title="bbox 532 3908 2181 3978; baseline -0.001 -15"><span class='ocrx_word' id='word_1_228' title='bbox 532 3908 927 3974; x_wconf 85' lang='lat' dir='ltr'>annuntiaret,</span> <span class='ocrx_word' id='word_1_229' title='bbox 969 3916 1023 3962; x_wconf 89' lang='lat' dir='ltr'>et</span> <span class='ocrx_word' id='word_1_230' title='bbox 1055 3908 1296 3962; x_wconf 86' lang='lat' dir='ltr'>violaret</span> <span class='ocrx_word' id='word_1_231' title='bbox 1324 3908 1483 3975; x_wconf 79' lang='lat' dir='ltr'>leges</span> <span class='ocrx_word' id='word_1_232' title='bbox 1520 3908 1909 3978; x_wconf 88' lang='lat' dir='ltr'>imperatoris.</span> <span class='ocrx_word' id='word_1_233' title='bbox 1965 3908 2181 3962; x_wconf 83' lang='lat' dir='ltr'>Accrbe</span> 
     </span>
    </p>
   </div>
   <div class='ocr_carea' id='block_1_41' title="bbox 532 3996 2181 4067">
    <p class='ocr_par' dir='ltr' id='par_1_41' title="bbox 532 3996 2181 4067">
     <span class='ocr_line' id='line_1_42' title="bbox 532 3996 2181 4067; baseline -0.001 -14"><span class='ocrx_word' id='word_1_234' title='bbox 532 4001 740 4067; x_wconf 82' lang='lat' dir='ltr'>ergoet</span> <span class='ocrx_word' id='word_1_235' title='bbox 765 3996 1172 4052; x_wconf 88' lang='lat' dir='ltr'>iuhumaneiis</span> <span class='ocrx_word' id='word_1_236' title='bbox 1196 4011 1330 4051; x_wconf 89' lang='lat' dir='ltr'>eum</span> <span class='ocrx_word' id='word_1_237' title='bbox 1350 3996 1672 4052; x_wconf 77' lang='lat' dir='ltr'>affecerunt</span> <span class='ocrx_word' id='word_1_238' title='bbox 1698 3996 2022 4067; x_wconf 88' lang='lat' dir='ltr'>suppliciis,</span> <span class='ocrx_word' id='word_1_239' title='bbox 2047 4012 2181 4067; x_wconf 71' lang='lat' dir='ltr'>quae</span> 
     </span>
    </p>
   </div>
   <div class='ocr_carea' id='block_1_42' title="bbox 533 4085 2179 4158">
    <p class='ocr_par' dir='ltr' id='par_1_42' title="bbox 533 4085 2179 4158">
     <span class='ocr_line' id='line_1_43' title="bbox 533 4085 2179 4158; baseline -0.001 -17"><span class='ocrx_word' id='word_1_240' title='bbox 533 4102 653 4141; x_wconf 86' lang='lat' dir='ltr'>non</span> <span class='ocrx_word' id='word_1_241' title='bbox 687 4086 775 4141; x_wconf 88' lang='lat' dir='ltr'>fas</span> <span class='ocrx_word' id='word_1_242' title='bbox 809 4090 897 4141; x_wconf 90' lang='lat' dir='ltr'>est</span> <span class='ocrx_word' id='word_1_243' title='bbox 943 4085 1135 4158; x_wconf 87' lang='lat' dir='ltr'>ipsam</span> <span class='ocrx_word' id='word_1_244' title='bbox 1174 4086 1504 4141; x_wconf 87' lang='lat' dir='ltr'>humanam</span> <span class='ocrx_word' id='word_1_245' title='bbox 1544 4086 1831 4141; x_wconf 85' lang='lat' dir='ltr'>sustinere</span> <span class='ocrx_word' id='word_1_246' title='bbox 1887 4091 2179 4150; x_wconf 90' lang='lat' dir='ltr'>naturam,</span> 
     </span>
    </p>
   </div>
   <div class='ocr_carea' id='block_1_43' title="bbox 533 4174 2185 4247">
    <p class='ocr_par' dir='ltr' id='par_1_43' title="bbox 533 4174 2185 4247">
     <span class='ocr_line' id='line_1_44' title="bbox 533 4174 2185 4247; baseline -0.001 -18"><span class='ocrx_word' id='word_1_247' title='bbox 533 4190 765 4247; x_wconf 84' lang='lat' dir='ltr'>gravem</span> <span class='ocrx_word' id='word_1_248' title='bbox 781 4175 1154 4231; x_wconf 87' lang='lat' dir='ltr'>ostendentes</span> <span class='ocrx_word' id='word_1_249' title='bbox 1171 4174 1544 4230; x_wconf 86' lang='lat' dir='ltr'>insolentiam</span> <span class='ocrx_word' id='word_1_250' title='bbox 1556 4178 1631 4239; x_wconf 88' lang='lat' dir='ltr'>,et</span> <span class='ocrx_word' id='word_1_251' title='bbox 1644 4175 1701 4229; x_wconf 92' lang='lat' dir='ltr'>in</span> <span class='ocrx_word' id='word_1_252' title='bbox 1715 4174 2031 4230; x_wconf 88' lang='lat' dir='ltr'>belluinam</span> <span class='ocrx_word' id='word_1_253' title='bbox 2047 4190 2185 4230; x_wconf 89' lang='lat' dir='ltr'>con-</span> 
     </span>
    </p>
   </div>
   <div class='ocr_carea' id='block_1_44' title="bbox 536 4264 2186 4320">
    <p class='ocr_par' dir='ltr' id='par_1_44' title="bbox 536 4264 2186 4320">
     <span class='ocr_line' id='line_1_45' title="bbox 536 4264 2186 4320; baseline 0 -1"><span class='ocrx_word' id='word_1_254' title='bbox 536 4264 687 4319; x_wconf 87' lang='lat' dir='ltr'>versi</span> <span class='ocrx_word' id='word_1_255' title='bbox 732 4264 1160 4320; x_wconf 85' lang='lat' dir='ltr'>crudelitatem.</span> <span class='ocrx_word' id='word_1_256' title='bbox 1194 4265 1433 4320; x_wconf 84' lang='lat' dir='ltr'>Fortiter</span> <span class='ocrx_word' id='word_1_257' title='bbox 1480 4269 1679 4320; x_wconf 90' lang='lat' dir='ltr'>autem</span> <span class='ocrx_word' id='word_1_258' title='bbox 1729 4264 1954 4319; x_wconf 86' lang='lat' dir='ltr'>ferebat</span> <span class='ocrx_word' id='word_1_259' title='bbox 2014 4280 2186 4319; x_wconf 84' lang='lat' dir='ltr'>vene-</span> 
     </span>
    </p>
   </div>
   <div class='ocr_carea' id='block_1_45' title="bbox 533 4351 2184 4424">
    <p class='ocr_par' dir='ltr' id='par_1_45' title="bbox 533 4351 2184 4424">
     <span class='ocr_line' id='line_1_46' title="bbox 533 4351 2184 4424; baseline 0 -17"><span class='ocrx_word' id='word_1_260' title='bbox 533 4354 759 4408; x_wconf 90' lang='lat' dir='ltr'>randus</span> <span class='ocrx_word' id='word_1_261' title='bbox 786 4357 843 4408; x_wconf 91' lang='lat' dir='ltr'>et</span> <span class='ocrx_word' id='word_1_262' title='bbox 868 4354 1222 4424; x_wconf 88' lang='lat' dir='ltr'>purissimus</span> <span class='ocrx_word' id='word_1_263' title='bbox 1255 4353 1511 4409; x_wconf 87' lang='lat' dir='ltr'>Platonis</span> <span class='ocrx_word' id='word_1_264' title='bbox 1534 4354 1787 4417; x_wconf 85' lang='lat' dir='ltr'>animus,</span> <span class='ocrx_word' id='word_1_265' title='bbox 1822 4357 1881 4407; x_wconf 91' lang='lat' dir='ltr'>ut</span> <span class='ocrx_word' id='word_1_266' title='bbox 1902 4352 2007 4423; x_wconf 88' lang='lat' dir='ltr'>qui</span> <span class='ocrx_word' id='word_1_267' title='bbox 2042 4351 2184 4407; x_wconf 85' lang='lat' dir='ltr'>afﬂi-</span> 
     </span>
    </p>
   </div>
   <div class='ocr_carea' id='block_1_46' title="bbox 2370 3106 3884 3178">
    <p class='ocr_par' dir='ltr' id='par_1_46' title="bbox 2370 3106 3884 3178">
     <span class='ocr_line' id='line_1_47' title="bbox 2370 3106 3884 3178; baseline 0 -16"><span class='ocrx_word' id='word_1_268' title='bbox 2370 3109 2438 3163; x_wconf 74' lang='lat' dir='ltr'>A&#39;.</span> <span class='ocrx_word' id='word_1_269' title='bbox 2477 3109 2552 3161; x_wconf 83' lang='grc' dir='ltr'><em>Ού</em></span> <span class='ocrx_word' id='word_1_270' title='bbox 2584 3109 2698 3171; x_wconf 85' lang='grc' dir='ltr'><em>ξένα</em></span> <span class='ocrx_word' id='word_1_271' title='bbox 2746 3107 2984 3160; x_wconf 81' lang='grc' dir='ltr'><em>Γαλατῶν</em></span> <span class='ocrx_word' id='word_1_272' title='bbox 3029 3108 3169 3159; x_wconf 82' lang='grc' dir='ltr'><em>ἔστιν</em></span> <span class='ocrx_word' id='word_1_273' title='bbox 3225 3107 3258 3158; x_wconf 84' lang='grc' dir='ltr'><em>ἃ</em></span> <span class='ocrx_word' id='word_1_274' title='bbox 3306 3106 3469 3178; x_wconf 71' lang='grc' dir='ltr'><em>μέλλω</em></span> <span class='ocrx_word' id='word_1_275' title='bbox 3526 3106 3707 3178; x_wconf 73' lang='grc' dir='ltr'><em>λέγειν,</em></span> <span class='ocrx_word' id='word_1_276' title='bbox 3762 3107 3884 3161; x_wconf 79' lang='grc' dir='ltr'><em>ούδε</em></span> 
     </span>
    </p>
   </div>
   <div class='ocr_carea' id='block_1_47' title="bbox 2294 3193 3882 3271">
    <p class='ocr_par' dir='ltr' id='par_1_47' title="bbox 2294 3193 3882 3271">
     <span class='ocr_line' id='line_1_48' title="bbox 2294 3193 3882 3271; baseline -0.001 -20"><span class='ocrx_word' id='word_1_277' title='bbox 2294 3207 2389 3251; x_wconf 82' lang='grc' dir='ltr'>τῶν</span> <span class='ocrx_word' id='word_1_278' title='bbox 2444 3203 2535 3256; x_wconf 81' lang='grc' dir='ltr'>τήν</span> <span class='ocrx_word' id='word_1_279' title='bbox 2594 3197 2856 3271; x_wconf 72' lang='grc' dir='ltr'><em>Ἀγκυραν</em></span> <span class='ocrx_word' id='word_1_280' title='bbox 2906 3197 3178 3249; x_wconf 76' lang='grc' dir='ltr'><em>οἰκούντων</em></span> <span class='ocrx_word' id='word_1_281' title='bbox 3223 3196 3483 3271; x_wconf 83' lang='grc' dir='ltr'><em>ἀλλότρια,</em></span> <span class='ocrx_word' id='word_1_282' title='bbox 3530 3193 3652 3249; x_wconf 71' lang='grc' dir='ltr'>οὐδὲ</span> <span class='ocrx_word' id='word_1_283' title='bbox 3710 3198 3882 3269; x_wconf 85' lang='grc' dir='ltr'><em>ὁμολο-</em></span> 
     </span>
    </p>
   </div>
   <div class='ocr_carea' id='block_1_48' title="bbox 2292 3286 3883 3360">
    <p class='ocr_par' dir='ltr' id='par_1_48' title="bbox 2292 3286 3883 3360">
     <span class='ocr_line' id='line_1_49' title="bbox 2292 3286 3883 3360; baseline 0 -22"><span class='ocrx_word' id='word_1_284' title='bbox 2292 3296 2455 3358; x_wconf 74' lang='grc' dir='ltr'><em>γητου</em></span> <span class='ocrx_word' id='word_1_285' title='bbox 2521 3292 2609 3338; x_wconf 85' lang='grc' dir='ltr'><em>καὶ</em></span> <span class='ocrx_word' id='word_1_286' title='bbox 2663 3292 2789 3338; x_wconf 78' lang='grc' dir='ltr'><em>Θεοῦ</em></span> <span class='ocrx_word' id='word_1_287' title='bbox 2846 3286 2995 3357; x_wconf 76' lang='grc' dir='ltr'><em>λόγον</em></span> <span class='ocrx_word' id='word_1_288' title='bbox 3054 3290 3462 3356; x_wconf 86' lang='grc' dir='ltr'><em>πεπιστευμένου</em></span> <span class='ocrx_word' id='word_1_289' title='bbox 3521 3288 3720 3338; x_wconf 78' lang='grc' dir='ltr'><em>ἄπιστα</em></span> <span class='ocrx_word' id='word_1_290' title='bbox 3770 3287 3883 3360; x_wconf 79' lang='grc' dir='ltr'><em>ἐρῶ,</em></span> 
     </span>
    </p>
   </div>
   <div class='ocr_carea' id='block_1_49' title="bbox 2295 3374 3884 3448">
    <p class='ocr_par' dir='ltr' id='par_1_49' title="bbox 2295 3374 3884 3448">
     <span class='ocr_line' id='line_1_50' title="bbox 2295 3374 3884 3448; baseline 0 -20"><span class='ocrx_word' id='word_1_291' title='bbox 2295 3375 2581 3448; x_wconf 78' lang='grc' dir='ltr'><em>Ἔπραττον</em></span> <span class='ocrx_word' id='word_1_292' title='bbox 2631 3374 2857 3427; x_wconf 79' lang='grc' dir='ltr'>Γαλάται</span> <span class='ocrx_word' id='word_1_293' title='bbox 2912 3374 3137 3436; x_wconf 80' lang='grc' dir='ltr'>ἀνοήτως</span> <span class='ocrx_word' id='word_1_294' title='bbox 3190 3374 3225 3426; x_wconf 83' lang='grc' dir='ltr'><em>ἃ</em></span> <span class='ocrx_word' id='word_1_295' title='bbox 3283 3376 3502 3435; x_wconf 87' lang='grc' dir='ltr'><em>σύνηθες</em></span> <span class='ocrx_word' id='word_1_296' title='bbox 3559 3376 3732 3437; x_wconf 71' lang='grc' dir='ltr'><em>αὐτοῖς</em></span> <span class='ocrx_word' id='word_1_297' title='bbox 3782 3374 3842 3434; x_wconf 74' lang='grc' dir='ltr'><em>ἦν</em></span> <span class='ocrx_word' id='word_1_298' title='bbox 3873 3400 3884 3411; x_wconf 92' lang='grc'><strong>·</strong></span> 
     </span>
    </p>
   </div>
   <div class='ocr_carea' id='block_1_50' title="bbox 2293 3461 3893 3538">
    <p class='ocr_par' dir='ltr' id='par_1_50' title="bbox 2293 3461 3893 3538">
     <span class='ocr_line' id='line_1_51' title="bbox 2293 3461 3893 3538; baseline 0.003 -23"><span class='ocrx_word' id='word_1_299' title='bbox 2293 3466 2529 3538; x_wconf 79' lang='grc' dir='ltr'><em>ὑπῆρχεν</em></span> <span class='ocrx_word' id='word_1_300' title='bbox 2571 3461 2629 3516; x_wconf 75' lang='grc' dir='ltr'>δὲ</span> <span class='ocrx_word' id='word_1_301' title='bbox 2670 3463 2882 3516; x_wconf 75' lang='grc' dir='ltr'><em>Πλάτων</em></span> <span class='ocrx_word' id='word_1_302' title='bbox 2938 3466 2962 3515; x_wconf 86' lang='grc' dir='ltr'><em>ὁ</em></span> <span class='ocrx_word' id='word_1_303' title='bbox 3022 3464 3307 3535; x_wconf 73' lang='grc' dir='ltr'><em>ἁγιώτατος</em></span> <span class='ocrx_word' id='word_1_304' title='bbox 3361 3462 3564 3526; x_wconf 86' lang='grc' dir='ltr'><em>ἀληθῶς</em></span> <span class='ocrx_word' id='word_1_305' title='bbox 3618 3473 3751 3518; x_wconf 78' lang='grc' dir='ltr'><em>Θεοῦ</em></span> <span class='ocrx_word' id='word_1_306' title='bbox 3808 3486 3893 3519; x_wconf 87' lang='grc' dir='ltr'><em>σο-</em></span> 
     </span>
    </p>
   </div>
   <div class='ocr_carea' id='block_1_51' title="bbox 2292 3555 3892 3626">
    <p class='ocr_par' dir='ltr' id='par_1_51' title="bbox 2292 3555 3892 3626">
     <span class='ocr_line' id='line_1_52' title="bbox 2292 3555 3892 3626; baseline 0.001 -21"><span class='ocrx_word' id='word_1_307' title='bbox 2292 3558 2409 3626; x_wconf 89' lang='grc' dir='ltr'><em>φίαν</em></span> <span class='ocrx_word' id='word_1_308' title='bbox 2463 3557 2864 3624; x_wconf 85' lang='grc' dir='ltr'><em>πεπιστευμένος</em></span> <span class='ocrx_word' id='word_1_309' title='bbox 2916 3558 3004 3604; x_wconf 87' lang='grc' dir='ltr'><em>καὶ</em></span> <span class='ocrx_word' id='word_1_310' title='bbox 3060 3557 3364 3625; x_wconf 80' lang='grc' dir='ltr'><em>κεκτημένος</em></span> <span class='ocrx_word' id='word_1_311' title='bbox 3421 3558 3509 3605; x_wconf 86' lang='grc' dir='ltr'><em>καὶ</em></span> <span class='ocrx_word' id='word_1_312' title='bbox 3576 3556 3806 3626; x_wconf 82' lang='grc' dir='ltr'><em>ἔπασχεν</em></span> <span class='ocrx_word' id='word_1_313' title='bbox 3860 3555 3892 3606; x_wconf 76' lang='grc' dir='ltr'><em>ἃ</em></span> 
     </span>
    </p>
   </div>
   <div class='ocr_carea' id='block_1_52' title="bbox 2290 3643 3888 3716">
    <p class='ocr_par' dir='ltr' id='par_1_52' title="bbox 2290 3643 3888 3716">
     <span class='ocr_line' id='line_1_53' title="bbox 2290 3643 3888 3716; baseline 0.002 -22"><span class='ocrx_word' id='word_1_314' title='bbox 2290 3644 2555 3715; x_wconf 74' lang='grc' dir='ltr'><em>ὑπομένειν</em></span> <span class='ocrx_word' id='word_1_315' title='bbox 2620 3643 2913 3714; x_wconf 73' lang='grc' dir='ltr'><em>ὁμολογητῇ</em></span> <span class='ocrx_word' id='word_1_316' title='bbox 2994 3645 3143 3713; x_wconf 86' lang='grc' dir='ltr'><em>νόμος</em></span> <span class='ocrx_word' id='word_1_317' title='bbox 3220 3650 3451 3714; x_wconf 80' lang='grc' dir='ltr'><em>Χριστοῦ</em></span> <span class='ocrx_word' id='word_1_318' title='bbox 3520 3647 3888 3716; x_wconf 84' lang='grc' dir='ltr'><em>προσέταττεν.</em></span> 
     </span>
    </p>
   </div>
   <div class='ocr_carea' id='block_1_53' title="bbox 2296 3728 3892 3803">
    <p class='ocr_par' dir='ltr' id='par_1_53' title="bbox 2296 3728 3892 3803">
     <span class='ocr_line' id='line_1_54' title="bbox 2296 3728 3892 3803; baseline 0.001 -19"><span class='ocrx_word' id='word_1_319' title='bbox 2296 3732 2548 3793; x_wconf 79' lang='grc' dir='ltr'><em>Λαϐόντες</em></span> <span class='ocrx_word' id='word_1_320' title='bbox 2596 3728 2682 3784; x_wconf 82' lang='grc' dir='ltr'><em>οὖν</em></span> <span class='ocrx_word' id='word_1_321' title='bbox 2732 3731 2882 3783; x_wconf 74' lang='grc' dir='ltr'><em>αὐτὸν</em></span> <span class='ocrx_word' id='word_1_322' title='bbox 2936 3732 3100 3783; x_wconf 83' lang='grc' dir='ltr'><em>ἔθεντο</em></span> <span class='ocrx_word' id='word_1_323' title='bbox 3142 3730 3187 3781; x_wconf 86' lang='grc' dir='ltr'>ἐν</span> <span class='ocrx_word' id='word_1_324' title='bbox 3240 3737 3438 3803; x_wconf 79' lang='grc' dir='ltr'>φρουρᾷ</span> <span class='ocrx_word' id='word_1_325' title='bbox 3477 3734 3541 3792; x_wconf 87' lang='grc' dir='ltr'><em>ὡς</em></span> <span class='ocrx_word' id='word_1_326' title='bbox 3578 3732 3724 3801; x_wconf 72' lang='grc' dir='ltr'><em>λόγον</em></span> <span class='ocrx_word' id='word_1_327' title='bbox 3759 3741 3892 3785; x_wconf 69' lang='grc' dir='ltr'><em>Θεοῦ</em></span> 
     </span>
    </p>
   </div>
   <div class='ocr_carea' id='block_1_54' title="bbox 2290 3817 3889 3892">
    <p class='ocr_par' dir='ltr' id='par_1_54' title="bbox 2290 3817 3889 3892">
     <span class='ocr_line' id='line_1_55' title="bbox 2290 3817 3889 3892; baseline 0.003 -20"><span class='ocrx_word' id='word_1_328' title='bbox 2290 3821 2704 3892; x_wconf 74' lang='grc' dir='ltr'><em>καταγγέλλοντα</em></span> <span class='ocrx_word' id='word_1_329' title='bbox 2776 3824 2865 3872; x_wconf 83' lang='grc' dir='ltr'><em>καὶ</em></span> <span class='ocrx_word' id='word_1_330' title='bbox 2946 3824 3129 3891; x_wconf 84' lang='grc' dir='ltr'><em>νόμους</em></span> <span class='ocrx_word' id='word_1_331' title='bbox 3194 3817 3451 3891; x_wconf 81' lang='grc' dir='ltr'><em>βασιλέως</em></span> <span class='ocrx_word' id='word_1_332' title='bbox 3517 3823 3889 3892; x_wconf 80' lang='grc' dir='ltr'><em>καθαιροῦντα.</em></span> 
     </span>
    </p>
   </div>
   <div class='ocr_carea' id='block_1_55' title="bbox 2293 3904 3894 3981">
    <p class='ocr_par' dir='ltr' id='par_1_55' title="bbox 2293 3904 3894 3981">
     <span class='ocr_line' id='line_1_56' title="bbox 2293 3904 3894 3981; baseline 0.002 -23"><span class='ocrx_word' id='word_1_333' title='bbox 2293 3908 2468 3968; x_wconf 76' lang='grc' dir='ltr'><em>Οὕτως</em></span> <span class='ocrx_word' id='word_1_334' title='bbox 2521 3904 2607 3958; x_wconf 78' lang='grc' dir='ltr'><em>οὖν</em></span> <span class='ocrx_word' id='word_1_335' title='bbox 2661 3908 2815 3959; x_wconf 72' lang='grc' dir='ltr'><em>αὐτὸν</em></span> <span class='ocrx_word' id='word_1_336' title='bbox 2876 3906 3219 3978; x_wconf 79' lang='grc' dir='ltr'><em>ἐτιμωροῦντο</em></span> <span class='ocrx_word' id='word_1_337' title='bbox 3275 3906 3308 3957; x_wconf 84' lang='grc' dir='ltr'><em>ἃ</em></span> <span class='ocrx_word' id='word_1_338' title='bbox 3361 3912 3431 3978; x_wconf 82' lang='grc' dir='ltr'>μὴ</span> <span class='ocrx_word' id='word_1_339' title='bbox 3488 3909 3625 3980; x_wconf 80' lang='grc' dir='ltr'><em>θέμις</em></span> <span class='ocrx_word' id='word_1_340' title='bbox 3680 3910 3894 3981; x_wconf 79' lang='grc' dir='ltr'><em>ὑπομεῖ-</em></span> 
     </span>
    </p>
   </div>
   <div class='ocr_carea' id='block_1_56' title="bbox 2292 3990 3894 4069">
    <p class='ocr_par' dir='ltr' id='par_1_56' title="bbox 2292 3990 3894 4069">
     <span class='ocr_line' id='line_1_57' title="bbox 2292 3990 3894 4069; baseline 0.002 -23"><span class='ocrx_word' id='word_1_341' title='bbox 2292 4016 2374 4046; x_wconf 91' lang='grc' dir='ltr'>ναι</span> <span class='ocrx_word' id='word_1_342' title='bbox 2429 4000 2518 4052; x_wconf 79' lang='grc' dir='ltr'><em>τὴν</em></span> <span class='ocrx_word' id='word_1_343' title='bbox 2582 3995 2903 4069; x_wconf 78' lang='grc' dir='ltr'><em>ἀνθρωπίνην</em></span> <span class='ocrx_word' id='word_1_344' title='bbox 2955 3997 3107 4067; x_wconf 84' lang='grc' dir='ltr'><em>φύσιν</em></span> <span class='ocrx_word' id='word_1_345' title='bbox 3152 3990 3527 4067; x_wconf 72' lang='grc' dir='ltr'><em>ἐνδεικνύμενοι</em></span> <span class='ocrx_word' id='word_1_346' title='bbox 3583 4014 3594 4025; x_wconf 85' lang='grc'><em>’</em></span> <span class='ocrx_word' id='word_1_347' title='bbox 3652 3997 3717 4057; x_wconf 85' lang='grc' dir='ltr'>εἰς</span> <span class='ocrx_word' id='word_1_348' title='bbox 3769 3997 3894 4051; x_wconf 80' lang='grc' dir='ltr'><em>ἀπὸ·</em></span> 
     </span>
    </p>
   </div>
   <div class='ocr_carea' id='block_1_57' title="bbox 2293 4084 3893 4158">
    <p class='ocr_par' dir='ltr' id='par_1_57' title="bbox 2293 4084 3893 4158">
     <span class='ocr_line' id='line_1_58' title="bbox 2293 4084 3893 4158; baseline 0.003 -23"><span class='ocrx_word' id='word_1_349' title='bbox 2293 4104 2433 4135; x_wconf 86' lang='grc' dir='ltr'><em>νοιαν</em></span> <span class='ocrx_word' id='word_1_350' title='bbox 2486 4084 2721 4155; x_wconf 74' lang='grc' dir='ltr'><em>χαλεπήν</em></span> <span class='ocrx_word' id='word_1_351' title='bbox 2782 4088 2867 4136; x_wconf 85' lang='grc' dir='ltr'><em>καὶ</em></span> <span class='ocrx_word' id='word_1_352' title='bbox 2929 4087 3202 4155; x_wconf 80' lang='grc' dir='ltr'><em>ὡμοτάτην</em></span> <span class='ocrx_word' id='word_1_353' title='bbox 3256 4090 3679 4158; x_wconf 84' lang='grc' dir='ltr'><em>μετατραπέντες.</em></span> <span class='ocrx_word' id='word_1_354' title='bbox 3738 4092 3893 4158; x_wconf 75' lang='grc' dir='ltr'><em>Ἐφε-</em></span> 
     </span>
    </p>
   </div>
   <div class='ocr_carea' id='block_1_58' title="bbox 2293 4170 3895 4246">
    <p class='ocr_par' dir='ltr' id='par_1_58' title="bbox 2293 4170 3895 4246">
     <span class='ocr_line' id='line_1_59' title="bbox 2293 4170 3895 4246; baseline 0.001 -22"><span class='ocrx_word' id='word_1_355' title='bbox 2293 4193 2374 4246; x_wconf 87' lang='grc' dir='ltr'>ρεν</span> <span class='ocrx_word' id='word_1_356' title='bbox 2451 4170 2508 4224; x_wconf 74' lang='grc' dir='ltr'>δὲ</span> <span class='ocrx_word' id='word_1_357' title='bbox 2574 4175 2602 4231; x_wconf 83' lang='grc' dir='ltr'>ἡ</span> <span class='ocrx_word' id='word_1_358' title='bbox 2686 4174 3017 4245; x_wconf 83' lang='grc' dir='ltr'><em>καθαροτάτη</em></span> <span class='ocrx_word' id='word_1_359' title='bbox 3101 4172 3367 4234; x_wconf 81' lang='grc' dir='ltr'><em>Πλάτωνος</em></span> <span class='ocrx_word' id='word_1_360' title='bbox 3426 4173 3580 4246; x_wconf 72' lang='grc' dir='ltr'><em>ψυχή</em></span> <span class='ocrx_word' id='word_1_361' title='bbox 3648 4182 3895 4246; x_wconf 71' lang='grc' dir='ltr'><em>γενναίως</em></span> 
     </span>
    </p>
   </div>
   <div class='ocr_carea' id='block_1_59' title="bbox 2296 4262 3894 4335">
    <p class='ocr_par' dir='ltr' id='par_1_59' title="bbox 2296 4262 3894 4335">
     <span class='ocr_line' id='line_1_60' title="bbox 2296 4262 3894 4335; baseline 0.001 -21"><span class='ocrx_word' id='word_1_362' title='bbox 2296 4264 2470 4323; x_wconf 81' lang='grc' dir='ltr'><em>πάσας</em></span> <span class='ocrx_word' id='word_1_363' title='bbox 2526 4264 2618 4323; x_wconf 86' lang='grc' dir='ltr'>τάς</span> <span class='ocrx_word' id='word_1_364' title='bbox 2677 4264 2947 4335; x_wconf 81' lang='grc' dir='ltr'><em>συμφορὰς</em></span> <span class='ocrx_word' id='word_1_365' title='bbox 3004 4265 3168 4333; x_wconf 79' lang='grc' dir='ltr'><em>φέρειν</em></span> <span class='ocrx_word' id='word_1_366' title='bbox 3222 4262 3595 4334; x_wconf 82' lang='grc' dir='ltr'><em>μεμελετηκυῖα</em></span> <span class='ocrx_word' id='word_1_367' title='bbox 3630 4282 3641 4292; x_wconf 89' lang='grc'>·</span> <span class='ocrx_word' id='word_1_368' title='bbox 3687 4264 3894 4335; x_wconf 75' lang='grc' dir='ltr'><em>φίλοσοσ</em></span> 
     </span>
    </p>
   </div>
   <div class='ocr_carea' id='block_1_60' title="bbox 2298 4350 3892 4425">
    <p class='ocr_par' dir='ltr' id='par_1_60' title="bbox 2298 4350 3892 4425">
     <span class='ocr_line' id='line_1_61' title="bbox 2298 4350 3892 4425; baseline 0.002 -22"><span class='ocrx_word' id='word_1_369' title='bbox 2298 4356 2413 4424; x_wconf 86' lang='grc' dir='ltr'><em>φίαν</em></span> <span class='ocrx_word' id='word_1_370' title='bbox 2438 4354 2559 4422; x_wconf 73' lang='grc' dir='ltr'><em>γὰρ,</em></span> <span class='ocrx_word' id='word_1_371' title='bbox 2594 4351 2652 4402; x_wconf 82' lang='grc' dir='ltr'>ού</span> <span class='ocrx_word' id='word_1_372' title='bbox 2696 4355 2787 4409; x_wconf 82' lang='grc' dir='ltr'>τήν</span> <span class='ocrx_word' id='word_1_373' title='bbox 2818 4351 2973 4408; x_wconf 68' lang='grc' dir='ltr'><em>αὐτὴν</em></span> <span class='ocrx_word' id='word_1_374' title='bbox 3000 4360 3070 4421; x_wconf 82' lang='grc' dir='ltr'><em>τῷ</em></span> <span class='ocrx_word' id='word_1_375' title='bbox 3099 4352 3352 4423; x_wconf 78' lang='grc' dir='ltr'><em>ὁμωνύμῳ</em></span> <span class='ocrx_word' id='word_1_376' title='bbox 3385 4352 3742 4425; x_wconf 70' lang='grc' dir='ltr'><em>φιλοσοφήσας</em></span> <span class='ocrx_word' id='word_1_377' title='bbox 3770 4350 3892 4405; x_wconf 69' lang='grc' dir='ltr'><em>οὐδὲ</em></span> 
     </span>
    </p>
   </div>
   <div class='ocr_carea' id='block_1_61' title="bbox 534 4438 2180 4516">
    <p class='ocr_par' dir='ltr' id='par_1_61' title="bbox 534 4440 2180 4511">
     <span class='ocr_line' id='line_1_62' title="bbox 534 4440 2180 4511; baseline -0.001 -16"><span class='ocrx_word' id='word_1_378' title='bbox 534 4441 756 4496; x_wconf 86' lang='lat' dir='ltr'>ctiones</span> <span class='ocrx_word' id='word_1_379' title='bbox 812 4456 1020 4495; x_wconf 89' lang='lat' dir='ltr'>omnes</span> <span class='ocrx_word' id='word_1_380' title='bbox 1071 4446 1129 4496; x_wconf 90' lang='lat' dir='ltr'><em>et</em></span> <span class='ocrx_word' id='word_1_381' title='bbox 1184 4441 1551 4495; x_wconf 86' lang='lat' dir='ltr'>calamitates</span> <span class='ocrx_word' id='word_1_382' title='bbox 1600 4444 1839 4511; x_wconf 83' lang='lat' dir='ltr'>prOpter</span> <span class='ocrx_word' id='word_1_383' title='bbox 1890 4440 2180 4494; x_wconf 87' lang='lat' dir='ltr'>Christum</span> 
     </span>
    </p>
   </div>
   <div class='ocr_carea' id='block_1_62' title="bbox 2289 4438 3886 4516">
    <p class='ocr_par' dir='ltr' id='par_1_62' title="bbox 2296 4438 3886 4516">
     <span class='ocr_line' id='line_1_63' title="bbox 2296 4438 3886 4516; baseline 0.001 -23"><span class='ocrx_word' id='word_1_384' title='bbox 2296 4443 2380 4493; x_wconf 82' lang='grc' dir='ltr'><em>τὸν</em></span> <span class='ocrx_word' id='word_1_385' title='bbox 2435 4440 2588 4491; x_wconf 66' lang='grc' dir='ltr'><em>αὐτὸν</em></span> <span class='ocrx_word' id='word_1_386' title='bbox 2641 4439 2810 4511; x_wconf 84' lang='grc' dir='ltr'><em>ἐκείνῳ</em></span> <span class='ocrx_word' id='word_1_387' title='bbox 2863 4440 3008 4511; x_wconf 75' lang='grc' dir='ltr'><em>λόγον</em></span> <span class='ocrx_word' id='word_1_388' title='bbox 3050 4438 3307 4506; x_wconf 77' lang='grc' dir='ltr'><em>ἀσκήσας,</em></span> <span class='ocrx_word' id='word_1_389' title='bbox 3353 4442 3627 4516; x_wconf 82' lang='grc' dir='ltr'><em>ὑπερεῖχεν</em></span> <span class='ocrx_word' id='word_1_390' title='bbox 3668 4441 3715 4494; x_wconf 85' lang='grc' dir='ltr'>ἐν</span> <span class='ocrx_word' id='word_1_391' title='bbox 3748 4444 3886 4513; x_wconf 74' lang='grc' dir='ltr'><em>πάσῃ</em></span> 
     </span>
    </p>
   </div>
   <div class='ocr_carea' id='block_1_63' title="bbox 536 4527 2185 4597">
    <p class='ocr_par' dir='ltr' id='par_1_63' title="bbox 536 4527 2185 4597">
     <span class='ocr_line' id='line_1_64' title="bbox 536 4527 2185 4597; baseline -0.001 -14"><span class='ocrx_word' id='word_1_392' title='bbox 536 4528 685 4583; x_wconf 82' lang='lat' dir='ltr'><em>ferre</em></span> <span class='ocrx_word' id='word_1_393' title='bbox 723 4533 876 4582; x_wconf 90' lang='lat' dir='ltr'>esset</span> <span class='ocrx_word' id='word_1_394' title='bbox 907 4528 1245 4583; x_wconf 89' lang='lat' dir='ltr'>meditatus.</span> <span class='ocrx_word' id='word_1_395' title='bbox 1273 4531 1417 4582; x_wconf 83' lang='lat' dir='ltr'>Nam</span> <span class='ocrx_word' id='word_1_396' title='bbox 1443 4543 1562 4582; x_wconf 90' lang='lat' dir='ltr'>non</span> <span class='ocrx_word' id='word_1_397' title='bbox 1593 4527 1890 4592; x_wconf 87' lang='lat' dir='ltr'>eamdem,</span> <span class='ocrx_word' id='word_1_398' title='bbox 1922 4543 2100 4597; x_wconf 90' lang='lat' dir='ltr'>quam</span> <span class='ocrx_word' id='word_1_399' title='bbox 2136 4528 2185 4582; x_wconf 90' lang='lat' dir='ltr'>is</span> 
     </span>
    </p>
   </div>
   <div class='ocr_carea' id='block_1_64' title="bbox 537 4615 2190 4687">
    <p class='ocr_par' dir='ltr' id='par_1_64' title="bbox 537 4615 2190 4687">
     <span class='ocr_line' id='line_1_65' title="bbox 537 4615 2190 4687; baseline 0.001 -17"><span class='ocrx_word' id='word_1_400' title='bbox 537 4615 640 4687; x_wconf 90' lang='lat' dir='ltr'>qui</span> <span class='ocrx_word' id='word_1_401' title='bbox 709 4620 834 4670; x_wconf 91' lang='lat' dir='ltr'>erat</span> <span class='ocrx_word' id='word_1_402' title='bbox 902 4615 1173 4685; x_wconf 88' lang='lat' dir='ltr'>ejusdem</span> <span class='ocrx_word' id='word_1_403' title='bbox 1260 4615 1539 4682; x_wconf 90' lang='lat' dir='ltr'>nominis,</span> <span class='ocrx_word' id='word_1_404' title='bbox 1621 4615 1783 4671; x_wconf 86' lang='lat' dir='ltr'>Plato</span> <span class='ocrx_word' id='word_1_405' title='bbox 1849 4622 2190 4672; x_wconf 80' lang='lat' dir='ltr'>exercuerat</span> 
     </span>
    </p>
   </div>
   <div class='ocr_carea' id='block_1_65' title="bbox 2303 4524 3893 4603">
    <p class='ocr_par' dir='ltr' id='par_1_65' title="bbox 2303 4524 3893 4603">
     <span class='ocr_line' id='line_1_66' title="bbox 2303 4524 3893 4603; baseline 0.003 -23"><span class='ocrx_word' id='word_1_406' title='bbox 2303 4533 2458 4600; x_wconf 84' lang='grc' dir='ltr'><em>σοφίᾳ</em></span> <span class='ocrx_word' id='word_1_407' title='bbox 2488 4528 2664 4600; x_wconf 77' lang='grc' dir='ltr'><em>λόγου,</em></span> <span class='ocrx_word' id='word_1_408' title='bbox 2701 4526 2899 4601; x_wconf 79' lang='grc' dir='ltr'><em>διέφερε</em></span> <span class='ocrx_word' id='word_1_409' title='bbox 2940 4524 2998 4580; x_wconf 74' lang='grc' dir='ltr'>δὲ</span> <span class='ocrx_word' id='word_1_410' title='bbox 3028 4533 3204 4581; x_wconf 81' lang='grc' dir='ltr'><em>πίστει</em></span> <span class='ocrx_word' id='word_1_411' title='bbox 3245 4537 3342 4581; x_wconf 82' lang='grc' dir='ltr'>τῶν</span> <span class='ocrx_word' id='word_1_412' title='bbox 3373 4536 3580 4583; x_wconf 86' lang='grc' dir='ltr'><em>πώποτε</em></span> <span class='ocrx_word' id='word_1_413' title='bbox 3630 4535 3893 4603; x_wconf 69' lang='grc' dir='ltr'><em>γεγενημέ-</em></span> 
     </span>
    </p>
   </div>
   <div class='ocr_carea' id='block_1_66' title="bbox 2299 4638 2416 4670">
    <p class='ocr_par' dir='ltr' id='par_1_66' title="bbox 2299 4638 2416 4670">
     <span class='ocr_line' id='line_1_67' title="bbox 2299 4638 2416 4670; baseline 0.026 -3"><span class='ocrx_word' id='word_1_414' title='bbox 2299 4638 2416 4670; x_wconf 85' lang='grc' dir='ltr'><em>νων.</em></span> 
     </span>
    </p>
   </div>
   <div class='ocr_carea' id='block_1_67' title="bbox 539 4703 3897 4778">
    <p class='ocr_par' dir='ltr' id='par_1_67' title="bbox 539 4703 3897 4778">
     <span class='ocr_line' id='line_1_68' title="bbox 539 4703 3897 4778; baseline 0.001 -19"><span class='ocrx_word' id='word_1_415' title='bbox 539 4703 1001 4777; x_wconf 89' lang='lat' dir='ltr'>philosophiam,</span> <span class='ocrx_word' id='word_1_416' title='bbox 1033 4719 1143 4759; x_wconf 89' lang='lat' dir='ltr'>nec</span> <span class='ocrx_word' id='word_1_417' title='bbox 1168 4707 1293 4759; x_wconf 89' lang='lat' dir='ltr'>erat</span> <span class='ocrx_word' id='word_1_418' title='bbox 1335 4703 1393 4757; x_wconf 92' lang='lat' dir='ltr'>in</span> <span class='ocrx_word' id='word_1_419' title='bbox 1437 4703 1649 4759; x_wconf 90' lang='lat' dir='ltr'>eadem</span> <span class='ocrx_word' id='word_1_420' title='bbox 1678 4704 1946 4759; x_wconf 90' lang='lat' dir='ltr'>doctrina</span> <span class='ocrx_word' id='word_1_421' title='bbox 1988 4705 2447 4778; x_wconf 89' lang='lat' dir='ltr'>philosophatus</span> <span class='ocrx_word' id='word_1_422' title='bbox 2478 4722 2487 4758; x_wconf 95' lang='lat'>:</span> <span class='ocrx_word' id='word_1_423' title='bbox 2524 4705 2623 4759; x_wconf 88' lang='lat' dir='ltr'>sed</span> <span class='ocrx_word' id='word_1_424' title='bbox 2659 4709 2783 4760; x_wconf 90' lang='lat' dir='ltr'>erat</span> <span class='ocrx_word' id='word_1_425' title='bbox 2812 4704 3055 4777; x_wconf 90' lang='lat' dir='ltr'>quidem</span> <span class='ocrx_word' id='word_1_426' title='bbox 3080 4707 3611 4776; x_wconf 64' lang='lat' dir='ltr'>praestantissimus</span> <span class='ocrx_word' id='word_1_427' title='bbox 3640 4709 3697 4764; x_wconf 90' lang='lat' dir='ltr'>in</span> <span class='ocrx_word' id='word_1_428' title='bbox 3732 4714 3897 4770; x_wconf 91' lang='lat' dir='ltr'>omni</span> 
     </span>
    </p>
   </div>
   <div class='ocr_carea' id='block_1_68' title="bbox 540 4792 2693 4867">
    <p class='ocr_par' dir='ltr' id='par_1_68' title="bbox 540 4792 2693 4867">
     <span class='ocr_line' id='line_1_69' title="bbox 540 4792 2693 4867; baseline -0.001 -19"><span class='ocrx_word' id='word_1_429' title='bbox 540 4792 705 4849; x_wconf 92' lang='lat' dir='ltr'>verbi</span> <span class='ocrx_word' id='word_1_430' title='bbox 738 4793 1031 4865; x_wconf 80' lang='lat' dir='ltr'>sapientia</span> <span class='ocrx_word' id='word_1_431' title='bbox 1063 4792 1216 4847; x_wconf 87' lang='lat' dir='ltr'>:ﬁde</span> <span class='ocrx_word' id='word_1_432' title='bbox 1245 4796 1442 4848; x_wconf 90' lang='lat' dir='ltr'>autem</span> <span class='ocrx_word' id='word_1_433' title='bbox 1474 4792 1860 4848; x_wconf 88' lang='lat' dir='ltr'>antecellebat</span> <span class='ocrx_word' id='word_1_434' title='bbox 1892 4793 1961 4847; x_wconf 92' lang='lat' dir='ltr'>iis</span> <span class='ocrx_word' id='word_1_435' title='bbox 2000 4794 2102 4865; x_wconf 91' lang='lat' dir='ltr'>qui</span> <span class='ocrx_word' id='word_1_436' title='bbox 2129 4810 2395 4867; x_wconf 88' lang='lat' dir='ltr'>unquam</span> <span class='ocrx_word' id='word_1_437' title='bbox 2434 4792 2693 4848; x_wconf 88' lang='lat' dir='ltr'>fuerunt.</span> 
     </span>
    </p>
   </div>
   <div class='ocr_carea' id='block_1_69' title="bbox 609 4879 2191 4953">
    <p class='ocr_par' dir='ltr' id='par_1_69' title="bbox 609 4879 2191 4953">
     <span class='ocr_line' id='line_1_70' title="bbox 609 4879 2191 4953; baseline 0.001 -17"><span class='ocrx_word' id='word_1_438' title='bbox 609 4884 671 4936; x_wconf 89' lang='lat' dir='ltr'>ll.</span> <span class='ocrx_word' id='word_1_439' title='bbox 706 4882 805 4937; x_wconf 85' lang='lat' dir='ltr'>Hic</span> <span class='ocrx_word' id='word_1_440' title='bbox 848 4898 987 4952; x_wconf 83' lang='lat' dir='ltr'>ergo</span> <span class='ocrx_word' id='word_1_441' title='bbox 1022 4880 1233 4937; x_wconf 88' lang='lat' dir='ltr'>beatus</span> <span class='ocrx_word' id='word_1_442' title='bbox 1286 4879 1444 4935; x_wconf 89' lang='lat' dir='ltr'>Plato</span> <span class='ocrx_word' id='word_1_443' title='bbox 1494 4880 1711 4936; x_wconf 88' lang='lat' dir='ltr'>multos</span> <span class='ocrx_word' id='word_1_444' title='bbox 1746 4881 1985 4953; x_wconf 92' lang='lat' dir='ltr'>quidem</span> <span class='ocrx_word' id='word_1_445' title='bbox 2013 4898 2085 4938; x_wconf 84' lang='lat' dir='ltr'>ex</span> <span class='ocrx_word' id='word_1_446' title='bbox 2123 4884 2191 4937; x_wconf 91' lang='lat' dir='ltr'>iis</span> 
     </span>
    </p>
   </div>
   <div class='ocr_carea' id='block_1_70' title="bbox 540 4968 2191 5042">
    <p class='ocr_par' dir='ltr' id='par_1_70' title="bbox 540 4968 2191 5042">
     <span class='ocr_line' id='line_1_71' title="bbox 540 4968 2191 5042; baseline 0.001 -18"><span class='ocrx_word' id='word_1_447' title='bbox 540 4970 641 5042; x_wconf 91' lang='lat' dir='ltr'>qui</span> <span class='ocrx_word' id='word_1_448' title='bbox 670 4972 968 5042; x_wconf 83' lang='lat' dir='ltr'>Ancyram</span> <span class='ocrx_word' id='word_1_449' title='bbox 1008 4968 1363 5025; x_wconf 88' lang='lat' dir='ltr'>habitabant</span> <span class='ocrx_word' id='word_1_450' title='bbox 1389 4968 1582 5024; x_wconf 79' lang='lat' dir='ltr'>affecit</span> <span class='ocrx_word' id='word_1_451' title='bbox 1612 4970 1899 5026; x_wconf 80' lang='lat' dir='ltr'>beneficio</span> <span class='ocrx_word' id='word_1_452' title='bbox 1934 4994 1944 5025; x_wconf 90' lang='lat'>:</span> <span class='ocrx_word' id='word_1_453' title='bbox 1977 4972 2191 5027; x_wconf 89' lang='lat' dir='ltr'>multos</span> 
     </span>
    </p>
   </div>
   <div class='ocr_carea' id='block_1_71' title="bbox 541 5056 2193 5125">
    <p class='ocr_par' dir='ltr' id='par_1_71' title="bbox 541 5056 2193 5125">
     <span class='ocr_line' id='line_1_72' title="bbox 541 5056 2193 5125; baseline 0.001 -11"><span class='ocrx_word' id='word_1_454' title='bbox 541 5063 737 5114; x_wconf 88' lang='lat' dir='ltr'>autem</span> <span class='ocrx_word' id='word_1_455' title='bbox 781 5058 961 5115; x_wconf 90' lang='lat' dir='ltr'>verbo</span> <span class='ocrx_word' id='word_1_456' title='bbox 988 5057 1352 5125; x_wconf 87' lang='lat' dir='ltr'>illuminans,</span> <span class='ocrx_word' id='word_1_457' title='bbox 1387 5056 1517 5112; x_wconf 88' lang='lat' dir='ltr'>fecit</span> <span class='ocrx_word' id='word_1_458' title='bbox 1549 5056 1775 5113; x_wconf 91' lang='lat' dir='ltr'>Christo</span> <span class='ocrx_word' id='word_1_459' title='bbox 1820 5058 2057 5115; x_wconf 90' lang='lat' dir='ltr'>credere</span> <span class='ocrx_word' id='word_1_460' title='bbox 2091 5077 2102 5113; x_wconf 93' lang='lat'>:</span> <span class='ocrx_word' id='word_1_461' title='bbox 2137 5065 2193 5115; x_wconf 89' lang='lat' dir='ltr'>et</span> 
     </span>
    </p>
   </div>
   <div class='ocr_carea' id='block_1_72' title="bbox 542 5145 2195 5218">
    <p class='ocr_par' dir='ltr' id='par_1_72' title="bbox 542 5145 2195 5218">
     <span class='ocr_line' id='line_1_73' title="bbox 542 5145 2195 5218; baseline 0.001 -18"><span class='ocrx_word' id='word_1_462' title='bbox 542 5146 757 5201; x_wconf 90' lang='lat' dir='ltr'>multos</span> <span class='ocrx_word' id='word_1_463' title='bbox 780 5163 850 5202; x_wconf 84' lang='lat' dir='ltr'>ex</span> <span class='ocrx_word' id='word_1_464' title='bbox 880 5147 971 5213; x_wconf 91' lang='lat' dir='ltr'>iis,</span> <span class='ocrx_word' id='word_1_465' title='bbox 1003 5147 1103 5218; x_wconf 90' lang='lat' dir='ltr'>qui</span> <span class='ocrx_word' id='word_1_466' title='bbox 1131 5162 1166 5201; x_wconf 92' lang='lat' dir='ltr'>a</span> <span class='ocrx_word' id='word_1_467' title='bbox 1214 5145 1644 5217; x_wconf 89' lang='lat' dir='ltr'>potentioribus</span> <span class='ocrx_word' id='word_1_468' title='bbox 1698 5147 2195 5218; x_wconf 89' lang='lat' dir='ltr'>opprimebantur</span> 
     </span>
    </p>
   </div>
   <div class='ocr_carea' id='block_1_73' title="bbox 544 5232 2195 5307">
    <p class='ocr_par' dir='ltr' id='par_1_73' title="bbox 544 5232 2195 5307">
     <span class='ocr_line' id='line_1_74' title="bbox 544 5232 2195 5307; baseline 0.002 -21"><span class='ocrx_word' id='word_1_469' title='bbox 544 5232 874 5300; x_wconf 89' lang='lat' dir='ltr'>calumniis,</span> <span class='ocrx_word' id='word_1_470' title='bbox 902 5234 1175 5290; x_wconf 90' lang='lat' dir='ltr'>liberavit</span> <span class='ocrx_word' id='word_1_471' title='bbox 1217 5234 1294 5290; x_wconf 91' lang='lat' dir='ltr'>ab</span> <span class='ocrx_word' id='word_1_472' title='bbox 1333 5234 1582 5305; x_wconf 90' lang='lat' dir='ltr'>injuriis.</span> <span class='ocrx_word' id='word_1_473' title='bbox 1623 5237 1730 5289; x_wconf 88' lang='lat' dir='ltr'>Pro</span> <span class='ocrx_word' id='word_1_474' title='bbox 1772 5234 1840 5288; x_wconf 86' lang='lat' dir='ltr'>iis</span> <span class='ocrx_word' id='word_1_475' title='bbox 1873 5251 2030 5300; x_wconf 89' lang='lat' dir='ltr'>vero,</span> <span class='ocrx_word' id='word_1_476' title='bbox 2066 5236 2195 5307; x_wconf 89' lang='lat' dir='ltr'>qui-</span> 
     </span>
    </p>
   </div>
   <div class='ocr_carea' id='block_1_74' title="bbox 544 5320 2193 5395">
    <p class='ocr_par' dir='ltr' id='par_1_74' title="bbox 544 5320 2193 5395">
     <span class='ocr_line' id='line_1_75' title="bbox 544 5320 2193 5395; baseline 0.003 -20"><span class='ocrx_word' id='word_1_477' title='bbox 544 5321 659 5375; x_wconf 90' lang='lat' dir='ltr'>bus</span> <span class='ocrx_word' id='word_1_478' title='bbox 685 5320 845 5390; x_wconf 89' lang='lat' dir='ltr'>ipsos</span> <span class='ocrx_word' id='word_1_479' title='bbox 881 5320 1160 5379; x_wconf 75' lang='lat' dir='ltr'>affecerat</span> <span class='ocrx_word' id='word_1_480' title='bbox 1184 5323 1512 5389; x_wconf 86' lang='lat' dir='ltr'>beneﬁciis,</span> <span class='ocrx_word' id='word_1_481' title='bbox 1542 5339 1734 5395; x_wconf 66' lang='lat' dir='ltr'>poma:</span> <span class='ocrx_word' id='word_1_482' title='bbox 1768 5324 1844 5379; x_wconf 88' lang='lat' dir='ltr'>ab</span> <span class='ocrx_word' id='word_1_483' title='bbox 1874 5340 1943 5379; x_wconf 93' lang='lat' dir='ltr'>eo</span> <span class='ocrx_word' id='word_1_484' title='bbox 1974 5330 2193 5380; x_wconf 77' lang='lat' dir='ltr'>exactae</span> 
     </span>
    </p>
   </div>
   <div class='ocr_carea' id='block_1_75' title="bbox 548 5410 2195 5484">
    <p class='ocr_par' dir='ltr' id='par_1_75' title="bbox 548 5410 2195 5484">
     <span class='ocr_line' id='line_1_76' title="bbox 548 5410 2195 5484; baseline 0.004 -23"><span class='ocrx_word' id='word_1_485' title='bbox 548 5411 723 5471; x_wconf 89' lang='lat' dir='ltr'>sunt;</span> <span class='ocrx_word' id='word_1_486' title='bbox 757 5412 858 5461; x_wconf 89' lang='lat' dir='ltr'>aut</span> <span class='ocrx_word' id='word_1_487' title='bbox 902 5410 1098 5478; x_wconf 89' lang='lat' dir='ltr'>potius</span> <span class='ocrx_word' id='word_1_488' title='bbox 1128 5412 1391 5483; x_wconf 90' lang='lat' dir='ltr'>seipsum</span> <span class='ocrx_word' id='word_1_489' title='bbox 1418 5411 1605 5467; x_wconf 88' lang='lat' dir='ltr'>libens</span> <span class='ocrx_word' id='word_1_490' title='bbox 1633 5412 1891 5477; x_wconf 87' lang='lat' dir='ltr'>tradidit,</span> <span class='ocrx_word' id='word_1_491' title='bbox 1944 5411 2195 5484; x_wconf 85' lang='lat' dir='ltr'>fortique</span> 
     </span>
    </p>
   </div>
   <div class='ocr_carea' id='block_1_76' title="bbox 552 5492 2197 5570">
    <p class='ocr_par' dir='ltr' id='par_1_76' title="bbox 552 5492 2197 5570">
     <span class='ocr_line' id='line_1_77' title="bbox 552 5492 2197 5570; baseline 0.004 -22"><span class='ocrx_word' id='word_1_492' title='bbox 552 5498 607 5549; x_wconf 88' lang='lat' dir='ltr'>et</span> <span class='ocrx_word' id='word_1_493' title='bbox 635 5492 865 5548; x_wconf 80' lang='lat' dir='ltr'>excelso</span> <span class='ocrx_word' id='word_1_494' title='bbox 892 5494 1091 5550; x_wconf 87' lang='lat' dir='ltr'>animo</span> <span class='ocrx_word' id='word_1_495' title='bbox 1125 5498 1251 5553; x_wconf 91' lang='lat' dir='ltr'>tulit</span> <span class='ocrx_word' id='word_1_496' title='bbox 1297 5500 1680 5557; x_wconf 88' lang='lat' dir='ltr'>calamitates.</span> <span class='ocrx_word' id='word_1_497' title='bbox 1718 5504 1849 5556; x_wconf 89' lang='lat' dir='ltr'>Erat</span> <span class='ocrx_word' id='word_1_498' title='bbox 1880 5501 2039 5555; x_wconf 91' lang='lat' dir='ltr'>enim</span> <span class='ocrx_word' id='word_1_499' title='bbox 2070 5501 2197 5570; x_wconf 89' lang='lat' dir='ltr'>ejus</span> 
     </span>
    </p>
   </div>
   <div class='ocr_carea' id='block_1_77' title="bbox 554 5580 2196 5662">
    <p class='ocr_par' dir='ltr' id='par_1_77' title="bbox 554 5580 2196 5662">
     <span class='ocr_line' id='line_1_78' title="bbox 554 5580 2196 5662; baseline 0.006 -26"><span class='ocrx_word' id='word_1_500' title='bbox 554 5595 788 5662; x_wconf 85' lang='lat' dir='ltr'>semper</span> <span class='ocrx_word' id='word_1_501' title='bbox 815 5580 893 5638; x_wconf 81' lang='lat' dir='ltr'>ad</span> <span class='ocrx_word' id='word_1_502' title='bbox 916 5582 1100 5639; x_wconf 90' lang='lat' dir='ltr'>Deum</span> <span class='ocrx_word' id='word_1_503' title='bbox 1130 5599 1364 5657; x_wconf 88' lang='lat' dir='ltr'>scopus,</span> <span class='ocrx_word' id='word_1_504' title='bbox 1386 5588 1556 5659; x_wconf 89' lang='lat' dir='ltr'>cujus</span> <span class='ocrx_word' id='word_1_505' title='bbox 1584 5589 1759 5648; x_wconf 90' lang='lat' dir='ltr'>etiam</span> <span class='ocrx_word' id='word_1_506' title='bbox 1785 5588 1891 5646; x_wconf 88' lang='lat' dir='ltr'>fuit</span> <span class='ocrx_word' id='word_1_507' title='bbox 1914 5588 2196 5647; x_wconf 87' lang='lat' dir='ltr'>imitator.</span> 
     </span>
    </p>
   </div>
   <div class='ocr_carea' id='block_1_78' title="bbox 2376 4878 3897 4957">
    <p class='ocr_par' dir='ltr' id='par_1_78' title="bbox 2376 4878 3897 4957">
     <span class='ocr_line' id='line_1_79' title="bbox 2376 4878 3897 4957; baseline 0.001 -24"><span class='ocrx_word' id='word_1_508' title='bbox 2376 4882 2440 4935; x_wconf 66' lang='lat' dir='ltr'>B&#39;.</span> <span class='ocrx_word' id='word_1_509' title='bbox 2502 4882 2666 4943; x_wconf 78' lang='grc' dir='ltr'><em>Οὗτος</em></span> <span class='ocrx_word' id='word_1_510' title='bbox 2712 4878 2797 4933; x_wconf 76' lang='grc' dir='ltr'><em>οὖν</em></span> <span class='ocrx_word' id='word_1_511' title='bbox 2856 4884 2879 4932; x_wconf 84' lang='grc' dir='ltr'>ὁ</span> <span class='ocrx_word' id='word_1_512' title='bbox 2942 4884 3200 4953; x_wconf 80' lang='grc' dir='ltr'><em>μακάριος</em></span> <span class='ocrx_word' id='word_1_513' title='bbox 3251 4882 3463 4944; x_wconf 74' lang='grc' dir='ltr'><em>πολλοὺς</em></span> <span class='ocrx_word' id='word_1_514' title='bbox 3512 4888 3601 4957; x_wconf 76' lang='grc' dir='ltr'>μεν</span> <span class='ocrx_word' id='word_1_515' title='bbox 3657 4894 3753 4937; x_wconf 85' lang='grc' dir='ltr'>τῶν</span> <span class='ocrx_word' id='word_1_516' title='bbox 3805 4890 3897 4943; x_wconf 79' lang='grc' dir='ltr'>τὴν</span> 
     </span>
    </p>
   </div>
   <div class='ocr_carea' id='block_1_79' title="bbox 2304 4970 3898 5046">
    <p class='ocr_par' dir='ltr' id='par_1_79' title="bbox 2304 4970 3898 5046">
     <span class='ocr_line' id='line_1_80' title="bbox 2304 4970 3898 5046; baseline 0.001 -22"><span class='ocrx_word' id='word_1_517' title='bbox 2304 4970 2569 5043; x_wconf 65' lang='grc' dir='ltr'><em>Ἄγκυραν</em></span> <span class='ocrx_word' id='word_1_518' title='bbox 2623 4971 2892 5023; x_wconf 85' lang='grc' dir='ltr'><em>οἰκούντων</em></span> <span class='ocrx_word' id='word_1_519' title='bbox 2952 4971 3236 5044; x_wconf 67' lang='grc' dir='ltr'><em>εὐηργέτει,</em></span> <span class='ocrx_word' id='word_1_520' title='bbox 3287 4972 3502 5035; x_wconf 81' lang='grc' dir='ltr'><em>πολλοὺς</em></span> <span class='ocrx_word' id='word_1_521' title='bbox 3545 4971 3603 5027; x_wconf 73' lang='grc' dir='ltr'>δὲ</span> <span class='ocrx_word' id='word_1_522' title='bbox 3651 4984 3722 5033; x_wconf 80' lang='grc' dir='ltr'><em>τῶ</em></span> <span class='ocrx_word' id='word_1_523' title='bbox 3765 4974 3898 5046; x_wconf 73' lang='grc' dir='ltr'>λόγῳ</span> 
     </span>
    </p>
   </div>
   <div class='ocr_carea' id='block_1_80' title="bbox 2304 5058 3900 5131">
    <p class='ocr_par' dir='ltr' id='par_1_80' title="bbox 2304 5058 3900 5131">
     <span class='ocr_line' id='line_1_81' title="bbox 2304 5058 3900 5131; baseline 0.002 -20"><span class='ocrx_word' id='word_1_524' title='bbox 2304 5064 2537 5131; x_wconf 81' lang='grc' dir='ltr'><em>φωτίζων</em></span> <span class='ocrx_word' id='word_1_525' title='bbox 2579 5058 2737 5111; x_wconf 88' lang='grc' dir='ltr'><em>ἐποίει</em></span> <span class='ocrx_word' id='word_1_526' title='bbox 2786 5067 3090 5125; x_wconf 82' lang='grc' dir='ltr'><em>πιστεῦσαι,</em></span> <span class='ocrx_word' id='word_1_527' title='bbox 3140 5060 3357 5121; x_wconf 78' lang='grc' dir='ltr'><em>πολλοὺς</em></span> <span class='ocrx_word' id='word_1_528' title='bbox 3403 5059 3461 5115; x_wconf 71' lang='grc' dir='ltr'>δὲ</span> <span class='ocrx_word' id='word_1_529' title='bbox 3513 5072 3610 5115; x_wconf 85' lang='grc' dir='ltr'>τῶν</span> <span class='ocrx_word' id='word_1_530' title='bbox 3665 5060 3900 5116; x_wconf 78' lang='grc' dir='ltr'><em>καταδυ-</em></span> 
     </span>
    </p>
   </div>
   <div class='ocr_carea' id='block_1_81' title="bbox 2302 5147 3903 5225">
    <p class='ocr_par' dir='ltr' id='par_1_81' title="bbox 2302 5147 3903 5225">
     <span class='ocr_line' id='line_1_82' title="bbox 2302 5147 3903 5225; baseline -0.002 -25"><span class='ocrx_word' id='word_1_531' title='bbox 2302 5151 2684 5219; x_wconf 80' lang='grc' dir='ltr'><em>ναστευομένων</em></span> <span class='ocrx_word' id='word_1_532' title='bbox 2758 5147 3031 5221; x_wconf 74' lang='grc' dir='ltr'><em>ἠλευθέρου</em></span> <span class='ocrx_word' id='word_1_533' title='bbox 3111 5154 3199 5200; x_wconf 80' lang='grc' dir='ltr'><em>καὶ</em></span> <span class='ocrx_word' id='word_1_534' title='bbox 3280 5150 3405 5223; x_wconf 72' lang='grc' dir='ltr'><em>ὑπὲρ</em></span> <span class='ocrx_word' id='word_1_535' title='bbox 3494 5152 3559 5202; x_wconf 79' lang='grc' dir='ltr'><em>ὧν</em></span> <span class='ocrx_word' id='word_1_536' title='bbox 3637 5152 3903 5225; x_wconf 70' lang='grc' dir='ltr'><em>εὐηργέτει</em></span> 
     </span>
    </p>
   </div>
   <div class='ocr_carea' id='block_1_82' title="bbox 2305 5234 3901 5309">
    <p class='ocr_par' dir='ltr' id='par_1_82' title="bbox 2305 5234 3901 5309">
     <span class='ocr_line' id='line_1_83' title="bbox 2305 5234 3901 5309; baseline 0.002 -21"><span class='ocrx_word' id='word_1_537' title='bbox 2305 5240 2483 5288; x_wconf 75' lang='grc' dir='ltr'><em>τἰύτου</em></span> <span class='ocrx_word' id='word_1_538' title='bbox 2530 5240 2689 5309; x_wconf 74' lang='grc' dir='ltr'><em>χάριν</em></span> <span class='ocrx_word' id='word_1_539' title='bbox 2745 5234 2898 5297; x_wconf 73' lang='grc' dir='ltr'><em>δίκας</em></span> <span class='ocrx_word' id='word_1_540' title='bbox 2948 5236 3192 5309; x_wconf 68' lang='grc' dir='ltr'><em>ἀπῃτεῖτο</em></span> <span class='ocrx_word' id='word_1_541' title='bbox 3229 5255 3239 5266; x_wconf 86' lang='grc'>⁶</span> <span class='ocrx_word' id='word_1_542' title='bbox 3269 5243 3357 5290; x_wconf 79' lang='grc' dir='ltr'><em>καὶ</em></span> <span class='ocrx_word' id='word_1_543' title='bbox 3414 5240 3538 5291; x_wconf 82' lang='grc' dir='ltr'><em>ἑκὼν</em></span> <span class='ocrx_word' id='word_1_544' title='bbox 3586 5238 3766 5293; x_wconf 68' lang='grc' dir='ltr'><em>ἐδίδου</em></span> <span class='ocrx_word' id='word_1_545' title='bbox 3812 5246 3901 5292; x_wconf 83' lang='grc' dir='ltr'><em>καὶ</em></span> 
     </span>
    </p>
   </div>
   <div class='ocr_carea' id='block_1_83' title="bbox 2306 5325 3903 5399">
    <p class='ocr_par' dir='ltr' id='par_1_83' title="bbox 2306 5325 3903 5399">
     <span class='ocr_line' id='line_1_84' title="bbox 2306 5325 3903 5399; baseline 0.003 -23"><span class='ocrx_word' id='word_1_546' title='bbox 2306 5328 2542 5397; x_wconf 76' lang='grc' dir='ltr'><em>ὑπέμενεν</em></span> <span class='ocrx_word' id='word_1_547' title='bbox 2603 5329 2690 5385; x_wconf 86' lang='grc' dir='ltr'>τάς</span> <span class='ocrx_word' id='word_1_548' title='bbox 2742 5327 3031 5397; x_wconf 79' lang='grc' dir='ltr'><em>συμφοράς.</em></span> <span class='ocrx_word' id='word_1_549' title='bbox 3082 5325 3175 5378; x_wconf 84' lang='grc' dir='ltr'><em>Ἦν</em></span> <span class='ocrx_word' id='word_1_550' title='bbox 3242 5330 3341 5399; x_wconf 79' lang='grc' dir='ltr'>’γὰρ</span> <span class='ocrx_word' id='word_1_551' title='bbox 3402 5328 3560 5380; x_wconf 70' lang='grc' dir='ltr'><em>αὐτοῦ</em></span> <span class='ocrx_word' id='word_1_552' title='bbox 3614 5331 3637 5379; x_wconf 83' lang='grc' dir='ltr'><em>ὁ</em></span> <span class='ocrx_word' id='word_1_553' title='bbox 3714 5333 3903 5390; x_wconf 84' lang='grc' dir='ltr'><em>σκοπὸς</em></span> 
     </span>
    </p>
   </div>
   <div class='ocr_carea' id='block_1_84' title="bbox 2304 5415 3903 5487">
    <p class='ocr_par' dir='ltr' id='par_1_84' title="bbox 2304 5415 3903 5487">
     <span class='ocr_line' id='line_1_85' title="bbox 2304 5415 3903 5487; baseline 0.003 -21"><span class='ocrx_word' id='word_1_554' title='bbox 2304 5417 2429 5487; x_wconf 88' lang='grc' dir='ltr'><em>πρὸς</em></span> <span class='ocrx_word' id='word_1_555' title='bbox 2484 5418 2567 5465; x_wconf 84' lang='grc' dir='ltr'><em>τὸν</em></span> <span class='ocrx_word' id='word_1_556' title='bbox 2628 5418 2836 5485; x_wconf 78' lang='grc' dir='ltr'><em>Κύριον,</em></span> <span class='ocrx_word' id='word_1_557' title='bbox 2893 5415 2952 5465; x_wconf 75' lang='grc' dir='ltr'><em>οὗ</em></span> <span class='ocrx_word' id='word_1_558' title='bbox 3028 5420 3115 5467; x_wconf 83' lang='grc' dir='ltr'><em>καὶ</em></span> <span class='ocrx_word' id='word_1_559' title='bbox 3188 5420 3415 5486; x_wconf 82' lang='grc' dir='ltr'><em>μιμητής</em></span> <span class='ocrx_word' id='word_1_560' title='bbox 3474 5421 3685 5487; x_wconf 76' lang='grc' dir='ltr'><em>ἐγένετο.</em></span> <span class='ocrx_word' id='word_1_561' title='bbox 3746 5418 3819 5469; x_wconf 82' lang='grc' dir='ltr'>Δι’</span> <span class='ocrx_word' id='word_1_562' title='bbox 3879 5419 3903 5470; x_wconf 85' lang='grc' dir='ltr'><strong>ὃ</strong></span> 
     </span>
    </p>
   </div>
   <div class='ocr_carea' id='block_1_85' title="bbox 2305 5501 3903 5577">
    <p class='ocr_par' dir='ltr' id='par_1_85' title="bbox 2305 5501 3903 5577">
     <span class='ocr_line' id='line_1_86' title="bbox 2305 5501 3903 5577; baseline 0.004 -25"><span class='ocrx_word' id='word_1_563' title='bbox 2305 5508 2393 5553; x_wconf 85' lang='grc' dir='ltr'><em>καὶ</em></span> <span class='ocrx_word' id='word_1_564' title='bbox 2453 5501 2649 5575; x_wconf 74' lang='grc' dir='ltr'><em>θαρρῶν</em></span> <span class='ocrx_word' id='word_1_565' title='bbox 2704 5501 2857 5573; x_wconf 72' lang='grc' dir='ltr'><em>ἀπῄει</em></span> <span class='ocrx_word' id='word_1_566' title='bbox 2912 5502 2995 5553; x_wconf 87' lang='grc' dir='ltr'><em>ἐπὶ</em></span> <span class='ocrx_word' id='word_1_567' title='bbox 3055 5508 3146 5561; x_wconf 79' lang='grc' dir='ltr'>τήν</span> <span class='ocrx_word' id='word_1_568' title='bbox 3218 5508 3469 5576; x_wconf 83' lang='grc' dir='ltr'><em>τιμωρίαν</em></span> <span class='ocrx_word' id='word_1_569' title='bbox 3520 5504 3784 5577; x_wconf 76' lang='grc' dir='ltr'><em>ἀγόμενος.</em></span> <span class='ocrx_word' id='word_1_570' title='bbox 3844 5506 3903 5558; x_wconf 86' lang='grc' dir='ltr'><strong>Ὀ</strong></span> 
     </span>
    </p>
   </div>
   <div class='ocr_carea' id='block_1_86' title="bbox 2307 5586 3902 5665">
    <p class='ocr_par' dir='ltr' id='par_1_86' title="bbox 2307 5586 3902 5665">
     <span class='ocr_line' id='line_1_87' title="bbox 2307 5586 3902 5665; baseline 0.002 -23"><span class='ocrx_word' id='word_1_571' title='bbox 2307 5586 2363 5642; x_wconf 69' lang='grc' dir='ltr'>δὲ</span> <span class='ocrx_word' id='word_1_572' title='bbox 2418 5588 2660 5662; x_wconf 80' lang='grc' dir='ltr'><em>βικάριος</em></span> <span class='ocrx_word' id='word_1_573' title='bbox 2724 5592 3063 5662; x_wconf 75' lang='grc' dir='ltr'><em>Ἀγριππῑνος</em></span> <span class='ocrx_word' id='word_1_574' title='bbox 3125 5592 3447 5663; x_wconf 85' lang='grc' dir='ltr'><em>προκαθίσας</em></span> <span class='ocrx_word' id='word_1_575' title='bbox 3504 5592 3553 5644; x_wconf 84' lang='grc' dir='ltr'>ἐν</span> <span class='ocrx_word' id='word_1_576' title='bbox 3620 5600 3679 5665; x_wconf 74' lang='grc' dir='ltr'>τῇ</span> <span class='ocrx_word' id='word_1_577' title='bbox 3738 5592 3902 5665; x_wconf 80' lang='grc' dir='ltr'><em>βασι-</em></span> 
     </span>
    </p>
   </div>
  </div>
