4144 6258
301 253 410 312 405

1642 255 1808 309 VITA
1853 255 1918 338 ε.
1957 257 2323 316 PLATONIS.

3558 273 3662 328 406

295 378 415 450 λικῇ
473 378 720 450 ἄντικρυς
759 383 852 428 τοῦ
917 380 1052 442 Διὸς,
1107 379 1362 432 ἐκέλευσεν
1419 387 1758 455 παραστῆναι
1813 384 1892 434 τὸν

2013 385 2414 449 Quamobrem
2442 405 2578 446 cum
2611 391 3025 464 abduceretur,
3065 396 3374 453 confidens
3423 396 3546 453 ibat
3580 397 3657 452 ad

301 471 564 541 μάρτυρα.
641 465 698 518 Ὀ
784 463 841 518 δὲ
921 465 1116 538 βοηθός
1181 471 1295 539 ἔφη·
1345 469 1595 526 Ἔστηκεν
1647 474 1748 543 πρὸ
1809 478 1900 523 τοῦ

303 555 545 630 βήματος
596 573 711 620 σου,
768 557 932 628 κύριε.
984 556 1322 628 Ἀγριππῖνος
1371 552 1522 608 εἶπεν.
1585 563 1770 619 nam.“
1808 567 1902 621 τῆς

303 645 607 716 οἰκουμένης
663 643 712 695 ἐν
773 645 984 715 ἡσυχίᾳ
1041 640 1355 714 διαγούσης,
1409 647 1488 696 ῖνα
1541 651 1592 697 τί
1646 647 1800 708 αὐτὸς
1853 647 1902 698 ἐν

299 737 530 806 τοσαύτῃ
585 737 674 784 καὶ
722 732 1007 806 τηλικαύτῃ
1061 735 1388 793 καθέστηκας
1441 734 1603 807 πλάνῃ
1642 751 1655 799 ς
1691 737 1900 787 Πλάτων

304 821 459 875 εἶπεν·
520 823 688 894 ’Υμεῐς
747 822 862 874 ἐστε
912 824 960 874 οἱ
1008 821 1054 874 ἐν
1105 822 1267 895 πλάνῃ
1323 819 1588 894 διάγοντες
1641 829 1724 876 τὸν
1776 829 1898 877 Θεὸν

303 915 390 963 τόν
429 931 728 969 ποιησαντα
776 915 860 962 τόν
910 911 1123 984 ούρανόν
1175 918 1264 963 καὶ
1314 915 1404 968 τὴν
1451 920 1548 983 γῆν
1602 918 1693 963 σὺν
1743 920 1897 966 παντὶ

301 1009 372 1070 τῷ
429 1005 610 1070 κόσμῳ
667 999 826 1051 αὐτοῦ
883 1004 972 1050 καὶ
1029 998 1293 1071 σεϐόμενοι
1340 1001 1512 1063 λίθους
1557 1001 1896 1074 πεπελεκημέ-

299 1108 416 1151 νους
475 1093 562 1140 καὶ
617 1088 741 1150 ξύλα
791 1090 962 1150 σαθρὰ
1004 1091 1130 1162 ἔργα
1174 1097 1366 1162 χειρῶν
1419 1087 1716 1162 ἀνθρώπων.
1747 1091 1806 1142 Ὀ
1839 1088 1896 1143 δὲ

301 1176 638 1250 Ἀγριππῖνος
690 1179 802 1248 ἔφη·
855 1179 922 1232 T6
974 1181 1081 1229 νέον
1139 1185 1230 1238 τῆς
1281 1178 1484 1240 ἡλικίας
1525 1188 1792 1252 προπετεῖν
1841 1199 1898 1231 σε

298 1273 438 1317 ποιεῖ
486 1270 574 1317 καὶ
621 1264 768 1338 ὕϐριν
820 1265 876 1317 ού
915 1270 1007 1324 τὴν
1052 1269 1324 1338 τυχοῦσάν
1359 1286 1443 1318 σοι
1491 1267 1738 1340 προξενεῖ.
1775 1269 1897 1320 Εἰπέ

299 1352 387 1406 οὖν
426 1374 536 1426 μοι,
581 1359 734 1415 ποίας
788 1357 1064 1427 θρησκείας
1114 1357 1176 1424 εἶ,
1217 1361 1304 1407 καὶ
1355 1361 1504 1416 ποίας
1551 1359 1726 1428 τύχης
1775 1377 1898 1426 τυγ-

295 1445 491 1515 χάνεις,
554 1445 582 1502 ἢ
641 1449 689 1494 τί
733 1447 789 1495 τό
847 1446 1005 1516 ὄνομά
1065 1464 1158 1496 σου
1194 1463 1206 1512 ;
1245 1445 1448 1497 Πλάτων
1504 1443 1656 1497 εἶπεν
1720 1446 1895 1508 Θέλεις

294 1533 496 1603 μαθεῖν,

593 1537 744 1592 ποίας
814 1535 1088 1604 θρησκείας
1172 1534 1276 1603 εἰμί
1321 1549 1334 1600 ;
1381 1537 1688 1606 Χριστιανός
1765 1533 1888 1604 εἰμι.

297 1620 639 1692 Ἀγριππῖνος
690 1624 810 1693 ἔφη’
877 1625 946 1674 Τό
987 1625 1128 1696 παρά
1181 1620 1456 1694 ἀνθρώπων
1501 1641 1586 1672 σοι
1628 1621 1888 1692 κληρωθὲν

2010 474 2388 545 supplicium.
2412 479 2670 535 Vicarius
2689 487 2889 538 autem
2914 485 3273 557 Agrippinus
3298 502 3435 540 cum
3458 489 3659 556 aperte

2009 563 2381 632 praesedisset
2408 567 2460 620 in
2487 569 2648 623 Jovis
2679 569 2945 642 basilica,
2970 573 3146 642 jussit
3173 573 3290 628 sisti
3313 577 3654 644 martyrem.

2007 651 2321 722 Apparitor
2363 661 2560 710 autem
2606 657 2751 712 dixit
2785 679 2798 714 :
2835 661 2954 715 Stat
2985 663 3120 716 ante
3162 667 3330 715 tuum
3372 660 3651 726 tribunal,

2007 738 2264 794 domine.
2303 741 2450 798 Dixit
2487 745 2888 817 Agrippinus:
2927 747 3070 803 Cum
3099 752 3257 804 totus
3296 748 3457 804 orbis
3487 753 3654 804 terrae

2006 825 2180 896 degat
2217 830 2272 883 in
2307 830 2523 896 laetitia,
2559 849 2663 888 cur
2692 850 2752 888 es
2783 835 2840 890 in
2875 836 2970 890 tali
3013 841 3068 891 et
3101 841 3262 891 tanto
3295 852 3485 892 errore
3517 853 3652 892 con-

2004 916 2293 972 stitutus?
2325 921 2476 975 Dixit
2533 927 2774 978 sanctus
2817 924 2976 979 Plato
3020 941 3030 979 :
3067 925 3179 980 Vos
3232 925 3388 991 estis,
3435 928 3535 997 qui
3593 926 3652 980 in

2003 1020 2198 1060 errore
2253 1007 2461 1076 degitis
2526 1029 2536 1064 :
2607 1016 2663 1065 et
2733 1011 3049 1084 reliquistis
3107 1015 3310 1080 Deum,
3370 1013 3472 1084 qui
3519 1013 3653 1069 fecit

2004 1092 2217 1148 coelum
2251 1103 2306 1149 et
2353 1099 2564 1150 terram
2599 1115 2734 1154 cum
2783 1105 2904 1153 toto
2944 1116 3151 1155 eorum
3183 1106 3395 1155 ornatu
3431 1117 3441 1154 :
3472 1105 3526 1156 et
3552 1115 3647 1155 ex-

2003 1181 2156 1236 cisos
2179 1183 2363 1236 colitis
2381 1185 2609 1255 lapides
2637 1192 2689 1240 et
2707 1187 2866 1256 ligna
2883 1187 3136 1257 putrida,
3157 1204 3338 1259 opera
3356 1204 3648 1243 manuum

2004 1270 2338 1324 hominum.
2371 1273 2519 1327 Dixit
2557 1274 2950 1345 Agrippinus:
2985 1276 3264 1330 Juvenilis
3294 1279 3399 1330 tua
3429 1281 3571 1332 tetas
3599 1281 3649 1330 te

2005 1357 2141 1412 facit
2179 1360 2578 1426 temerarium,
2627 1365 2682 1415 et
2708 1361 2880 1418 eﬂicit
2914 1369 2975 1419 ut
3027 1363 3105 1418 sis
3144 1363 3312 1418 valde
3363 1364 3644 1418 insolens.

2005 1448 2103 1502 Dic
2140 1465 2281 1518 ergo
2315 1448 2477 1511 mihi,
2540 1451 2856 1519 cujusnam
2912 1467 2974 1505 es
3027 1451 3344 1520 religionis,
3373 1457 3430 1506 et
3475 1451 3647 1521 cujus

2001 1537 2360 1592 conditionis
2401 1541 2455 1591 et
2497 1539 2758 1604 civitatis,
2793 1545 2848 1593 et
2903 1539 3068 1610 quod
3131 1546 3212 1595 est
3269 1539 3370 1594 tibi
3403 1554 3644 1595 nomen.

2002 1625 2250 1679 Sanctus
2281 1625 2426 1680 dixit
2457 1627 2619 1682 Plato
2655 1644 2666 1680 :
2713 1628 2766 1682 Si
2801 1627 2938 1683 velis
2970 1629 3116 1682 scire
3181 1627 3495 1698 cujusnam
3532 1628 3645 1684 sim

293 1714 456 1782 ὄνομα
505 1709 652 1781 λέγω·
711 1709 790 1762 ὃτι
843 1713 943 1782 γὰρ
1007 1714 1319 1785 Χριστιανός
1375 1707 1435 1774 εἶ,
1513 1709 1658 1782 κάγὼ
1739 1708 1879 1762 οῖδα·

2003 1713 2459 1782 religionis,sum
2476 1715 2861 1771 Christianus.
2881 1716 3240 1772 Dixitautem
3259 1716 3642 1788 Agrippinus:

291 1797 420 1850 ἀλλὰ
485 1798 740 1851 ἐκέλευσεν
815 1801 840 1850 6
917 1800 1249 1873 αύτοκράτωρ
1333 1795 1537 1870 μηδένα
1618 1799 1884 1870 ἄνθρωπον

292 1887 639 1959 ὀνομάζεσθαι
687 1893 1018 1960 Χριστιανὸν.
1078 1888 1286 1940 Πλάτων
1367 1894 1519 1939 εἶπεν·
1573 1887 1634 1939 Εἰ
1703 1889 1884 1958 μαθεῖν

295 1975 467 2040 θέλεις,
523 1981 670 2036 ποίας
725 1977 1000 2044 θρησκείας
1056 1975 1182 2048 εἰμὶ,
1243 1974 1380 2028 εἶπον
1436 1972 1542 2034 ἤδη
1595 1977 1674 2027 ὅτι
1757 1983 1882 2049 Χρι-

296 2069 502 2125 στιανός
549 2065 672 2136 εἰμι·
725 2065 768 2116 εἰ
821 2061 880 2117 δὲ
929 2070 1017 2118 καὶ
1069 2068 1123 2116 τό
1178 2069 1337 2136 ὄνομα
1391 2065 1548 2126 θέλεις
1594 2066 1775 2136 μαθεῖν
1826 2068 1881 2116 τὸ

293 2157 434 2224 παρὰ
491 2161 588 2203 τῶν
627 2156 812 2224 γονέων
843 2173 942 2226 μου
992 2153 1271 2224 κληρωθὲν,
1307 2153 1517 2205 Πλάτων
1564 2151 1781 2224 λέγομαι
1825 2153 1881 2205 ἐκ

287 2237 506 2300 παιδός*
569 2248 798 2309 Χριστοῦ
856 2239 1042 2301 δοῦλός
1107 2242 1212 2313 εἶμι
1291 2242 1346 2292 ἐκ
1419 2240 1618 2302 κοιλίας
1689 2247 1881 2313 μητρός

287 2348 407 2399 μου·
466 2327 653 2390 πόλεως
716 2325 774 2381 δὲ
833 2338 923 2389 τῆς
970 2330 1189 2382 ἐνταῦθα
1258 2331 1528 2400 τυγχάνω·
1590 2329 1880 2403 ἐκρατήθην

289 2414 347 2470 δε
394 2421 458 2480 ὡς
503 2419 741 2478 θεοσεϐὴς
784 2423 872 2469 καὶ
923 2414 1108 2478 δοῦλος
1155 2425 1404 2490 Χριστοῦο
1455 2423 1543 2470 καὶ
1596 2423 1678 2470 σοὶ
1718 2438 1880 2490 προσ-

287 2509 514 2578 ηνέχθην
561 2512 648 2558 καὶ
703 2511 968 2579 πρόκειταί
1020 2525 1111 2578 μοι
1183 2503 1276 2558 διὰ
1338 2509 1562 2579 Χριστόν
1637 2507 1873 2569 θάνατος,

288 2595 340 2646 ὃν
394 2597 684 2654 ύποστῆναί
737 2615 799 2666 με
852 2592 933 2646 δεῖ
984 2597 1124 2668 παρὰ
1159 2601 1276 2650 σοῦ.
1335 2591 1589 2646 Ποίειοῦν
1621 2595 1646 2644 ὃ
1693 2593 1869 2656 θέλεις.

1999 1801 2096 1855 Dic
2117 1819 2357 1870 nomen,
2385 1804 2546 1876 quod
2578 1805 2680 1859 tibi
2715 1805 2820 1860 fuit
2841 1804 3186 1876 impositum
3217 1805 3639 1876 aparentibus.

1995 1892 2140 1944 Nam
2169 1891 2294 1961 ipse
2336 1907 2576 1963 quoque
2599 1892 2725 1948 scio
2756 1899 2809 1948 te
2845 1909 2975 1949 esse
3003 1892 3421 1948 Christianum.
3463 1892 3644 1947 Jussit

1991 1993 2132 2033 vero
2192 1981 2512 2051 imperator
2576 1981 2806 2036 nullum
2859 1981 3162 2036 hominem
3221 1979 3420 2036 vocari
3481 1979 3642 2035 Chri-

1993 2061 2274 2122 stianum.
2321 2069 2468 2124 Dixit
2499 2077 2739 2126 sanctus
2775 2069 2965 2124 Plato:
3015 2067 3074 2124 Si
3115 2068 3254 2124 velis
3294 2068 3439 2124 scire
3472 2067 3641 2138 cujus

1992 2155 2105 2210 sim
2133 2155 2448 2225 religionis,
2479 2157 2607 2226 jam
2641 2158 2760 2213 dixi
2800 2157 2898 2212 tibi
2931 2173 3027 2212 me
3057 2173 3182 2212 esse
3221 2156 3638 2211 Christianum.

1989 2242 2048 2298 Si
2073 2251 2269 2298 autem
2305 2243 2389 2298 vis
2424 2246 2602 2300 etiam
2635 2245 2782 2300 scire
2823 2260 3043 2300 nomen
3091 2243 3234 2300 mihi
3289 2243 3575 2298 tributum
3606 2259 3640 2298 a

1990 2331 2348 2400 parentibus,
2382 2333 2546 2387 dicor
2573 2332 2734 2388 Plato
2766 2349 2799 2388 a
2828 2331 3094 2404 pueritia;
3149 2335 3203 2386 et
3230 2346 3364 2386 sum
3395 2329 3639 2402 quidem

1989 2419 2194 2474 Christi
2223 2435 2430 2474 servus
2448 2421 2525 2476 ab
2549 2426 2710 2476 utero
2737 2419 3138 2476 matris'meae:
3164 2435 3296 2474 sum
3324 2433 3463 2474 vero
3491 2417 3638 2473 civis

1987 2506 2166 2576 hujus
2195 2508 2464 2563 civitatis.
2491 2512 2655 2564 Nunc
2676 2515 2874 2564 autem
2906 2525 3037 2562 sum
3061 2511 3264 2578 captus
3283 2511 3338 2562 et
3358 2505 3436 2562 ad
3463 2509 3514 2561 te
3539 2505 3638 2561 ad-

1985 2594 2219 2658 ductus,
2257 2601 2542 2667 tanquam
2577 2598 2707 2668 pius
2746 2602 2798 2653 et
2841 2595 3048 2652 Christi
3087 2611 3313 2652 servus.
3345 2594 3642 2660 Quamob-

285 2700 406 2738 rem
445 2701 602 2739 mors
627 2691 712 2740 est
739 2684 880 2738 mihi
913 2684 1217 2755 proposita
1251 2687 1490 2755 propter
1531 2683 1848 2749 Christum,
1897 2698 2076 2755 quam
2104 2688 2336 2755 Oportet
2358 2701 2452 2740 me
2484 2701 2519 2740 a
2553 2690 2606 2740 te
2638 2689 2989 2757 exspectare.
3027 2684 3134 2740 Fac
3166 2698 3307 2754 ergo
3334 2683 3448 2739 cito
3481 2681 3640 2754 quod

292 2773 406 2828 scis
443 2783 498 2827 et
537 2773 810 2828 statuisti.

365 2861 442 2919 Γ’,
480 2861 537 2912 Ὀ
572 2858 630 2913 δὲ
653 2863 993 2932 Ἀγριππῖνος
1021 2863 1108 2932 ἔφη
1127 2903 1138 2914 .
1167 2860 1241 2911 Ov}
1267 2862 1515 2930 συμφέρει
1544 2877 1628 2909 σοι
1651 2862 1706 2909 τὸ
1732 2863 1890 2932 ὄνομα
1924 2862 1962 2916 C

295 2959 388 3002 τοῦ
433 2957 670 3024 Χριστοῦ
721 2952 856 3000 κατὰ
910 2947 1144 3000 διάνοιαν
1198 2949 1362 3018 ἔχειν·
1415 2949 1536 3006 τοὺς
1568 2947 1668 3018 γὰρ
1714 2939 1892 3016 ὁμολο-

295 3048 518 3112 γοῦντας
567 3040 720 3092 αὐτόν
768 3041 968 3109 θανάτῳ
1015 3033 1416 3112 παραδίδοσθαι
1473 3037 1498 3086 ό
1555 3036 1888 3110 αὐτοκράτωρ

298 3127 572 3194 ἐκέλευσεν,
622 3131 740 3188 τοὺς
797 3123 856 3179 δὲ
913 3125 1253 3200 ἀρνουμένους
1303 3130 1480 3190 τιμαῖς
1530 3128 1618 3174 καὶ
1675 3120 1892 3196 δωρεαῖς

297 3215 621 3288 ἀμείϐεσθαι.
689 3217 776 3268 Διὸ
832 3213 1166 3286 συμϐουλεύω
1221 3231 1304 3264 σοι
1353 3214 1630 3269 πεισθῆναι
1684 3218 1754 3280 τῷ
1801 3217 1890 3262 τοῦ

295 3306 670 3380 αὐτοκράτορος
725 3307 882 3376 νόμῳ,
917 3308 1006 3354 καὶ
1055 3298 1315 3374 κερδῆσαι
1357 3303 1414 3352 τὸ
1460 3307 1624 3350 κακοῦ
1671 3301 1888 3350 θανάτου

293 3403 470 3467 πεῖραν
527 3392 719 3445 λαϐεῖν.
782 3392 1112 3463 Ἀποκριθεὶς
1168 3387 1227 3441 δέ
1290 3388 1497 3442 Πλάτων
1552 3384 1706 3440 εἶπεν·
1753 3389 1889 3458 Ἐγὼ

294 3491 364 3554 τῷ
414 3482 516 3554 ἐμῷ
588 3484 837 3553 πείθομαι
892 3479 1122 3552 βασιλεῖ,
1202 3478 1615 3552 ὧκεκλήρωμαι·
1674 3480 1758 3528 τόν
1831 3472 1890 3528 δὲ

294 3577 615 3648 πρόσκαιρον
646 3579 826 3623 τοῦτον
859 3572 1107 3642 αἱροῦμαι
1139 3569 1376 3632 θάνατον,
1426 3567 1512 3618 ἵνα
1546 3570 1639 3624 τὴν
1685 3565 1888 3616 αἰὼνιον

297 3662 454 3714 αὐτοῦ
535 3661 909 3732 κληρονομήσω
978 3656 1268 3730 βασιλείαν.
1329 3656 1689 3730 Ἀγριππῖνος,
1732 3653 1885 3725 λέγει·

293 3757 485 3820 Ὕπαγε
534 3747 726 3818 σκέψαι
775 3751 831 3799 τὸ
883 3749 1140 3818 συμφέρον
1198 3763 1299 3808 σοι,
1333 3745 1414 3795 ἱνα
1465 3749 1535 3814 μὴ
1590 3748 1680 3794 καὶ
1723 3751 1890 3802 κακῶς

298 3839 576 3910 ἀποθάνῃς.
638 3837 965 3908 Ἀποκριθεὶς
1013 3831 1072 3886 δὲ
1127 3835 1152 3886 ό
1201 3833 1346 3904 ἅγιος
1389 3832 1598 3885 Πλάτων
1629 3827 1782 3883 εἶπεν·
1815 3832 1892 3882 Τὰ

300 3927 624 4000 συμφέροντά
667 3926 808 3997 μοιὸ
853 3926 1040 3996 Κύριος
1065 3927 1390 3996 μεριμνήσει.
1444 3924 1788 3994 Ἀγριππῖνος
1816 3919 1891 3971 λέ-

295 4035 396 4088 γει·
445 4015 642 4086 Ἐγνως
701 4018 764 4066 τα
813 4015 1196 4088 προστάγματα
1241 4019 1332 4063 τοῦ
1378 4010 1780 4083 αὐτοκράτορος,
1823 4012 1890 4069 ὡς

297 4107 588 4159 κελεύουσιν
623 4107 670 4157 οἱ
716 4105 976 4176 άχραντοι
1029 4102 1185 4154 αὑτοῦ
1233 4105 1382 4173 νόμοι
1431 4107 1706 4170 πανταχοῦ
1764 4099 1889 4149 πάν-

2072 2863 2156 2913 Ill.
2203 2860 2463 2915 Vicarius
2504 2861 2692 2917 dixit:
2747 2865 2872 2917 Non
2917 2859 3154 2932 expedit
3201 2858 3324 2922 tibi,
3380 2874 3414 2914 ο
3458 2858 3636 2924 Plato,

1996 2945 2266 3002 Cruciﬁxi
2298 2964 2511 3002 nomen
2561 2949 2784 3004 habere
2814 2950 2874 3004 in
2915 2951 3132 3002 mente.
3177 2950 3322 3003 Nam
3371 2945 3472 3018 qui
3503 2961 3641 3002 eum

1999 3035 2373 3102 confitentur,
2416 3037 2584 3108 jubet
2610 3038 2934 3108 imperator
2971 3037 3121 3092 tradi
3155 3035 3325 3090 morti
3367 3034 3637 3090 acerbae:

1999 3138 2100 3176 eos
2141 3129 2359 3187 autem,
2392 3125 2493 3194 qui
2517 3125 2712 3194 ipsum
2747 3129 2983 3194 negant,
3016 3123 3185 3178 donis
3217 3122 3492 3178 maximis
3513 3121 3640 3176 afﬁ-

1999 3227 2147 3266 cere.
2182 3210 2582 3272 Quamobrem
2623 3211 2726 3267 tibi
2757 3211 3025 3276 consulo,
3060 3217 3124 3266 ut
3152 3227 3365 3283 pareas
3395 3209 3506 3280 legi
3535 3209 3642 3263 im-

1999 3300 2304 3370 peratoris,
2369 3305 2425 3354 et
2467 3299 2580 3354 hoc
2642 3299 2997 3361 lucrifacias,
3050 3315 3124 3354 ne
3165 3299 3367 3352 mortis
3414 3295 3642 3352 acerbae

1997 3387 2177 3444 facias
2209 3388 2957 3458 periculum.Respondens
2992 3391 3188 3443 autem
3225 3385 3375 3440 dixit
3403 3390 3643 3440 sanctus

2000 3479 2195 3532 Plato:
2249 3479 2364 3549 Ego
2409 3492 2589 3548 pareo
2643 3492 2777 3532 meo
2827 3476 2980 3546 Regi,
3028 3475 3120 3530 cui
3170 3473 3348 3529 etiam
3398 3472 3584 3528 milito
3625 3487 3638 3538 ;

2000 3571 2250 3621 mortem
2291 3571 2512 3631 autem,
2554 3581 2690 3637 quae
2737 3569 2821 3620 est
2847 3563 2925 3620 ad
2956 3569 3210 3635 tempus,
3237 3561 3414 3631 eligo,
3439 3565 3498 3614 ut
3532 3559 3642 3614 sim

1997 3655 2186 3709 haeres
2219 3654 2382 3726 regni
2411 3653 2630 3709 aeterni.
2653 3653 2798 3708 Dicit
2825 3653 3214 3724 Agrippinus:
3245 3649 3588 3714 Considera,
3608 3663 3643 3704 ο

1999 3743 2178 3808 Plato,
2204 3743 2492 3813 quidnam
2513 3743 2586 3795 sit
2612 3741 2715 3796 tibi
2739 3740 3131 3806 conducibile,
3152 3755 3225 3794 ne
3245 3738 3396 3793 male
3413 3751 3640 3807 pereas.

2001 3831 2148 3886 Dixit
2166 3835 2406 3886 sanctus
2437 3830 2596 3884 Plato
2631 3845 2641 3884 :
2679 3829 2916 3884 Curabit
2938 3828 3222 3884 Dominus
3253 3841 3324 3882 ea
3348 3841 3482 3898 quae
3510 3827 3647 3880 sunt

1998 3920 2142 3975 mihi
2169 3919 2587 3975 conducibilia.
2639 3918 2786 3973 Dixit
2826 3916 3188 3988 Agrippinus
3223 3933 3234 3969 :
3264 3914 3422 3971 Nosti
3461 3911 3642 3980 Plato,

1990 4010 2164 4082 jussa
2209 4007 2610 4080 imperatoris,
2651 4005 2959 4078 quomodo
2989 4005 3240 4076 jubeant
3283 4004 3646 4058 intemeratae

1999 4099 2126 4167 ejus
2165 4097 2324 4166 leges
2353 4112 2564 4152 omnes
2605 4093 2974 4150 Christianos
3005 4097 3105 4148 aut
3136 4092 3248 4146 diis
3289 4089 3643 4156 sacrificare,

297 4215 383 4257 τας
433 4199 551 4256 τοὺς
615 4195 955 4268 Χριστιανοὺς
1005 4195 1033 4249 ἥ
1090 4193 1224 4242 θύειν
1265 4189 1295 4247 ἢ
1337 4193 1394 4240 τό
1429 4192 1522 4260 ζῇν
1577 4186 1890 4238 ἀπαλλάττε-

2003 4189 2102 4238 aut
2133 4184 2254 4238 vita
2271 4183 2522 4253 privari?
2537 4186 2619 4237 Tu
2646 4197 2784 4250 ergo
2807 4179 3114 4252 quomodo
3134 4178 3318 4232 audes
3332 4179 3458 4233 haec
3477 4179 3647 4248 jussa

301 4287 446 4338 σθαι.
497 4287 562 4336 Σὺ
601 4279 687 4334 οὖν
715 4301 822 4344 mp;
851 4279 1040 4350 τολμᾷς
1089 4276 1374 4351 ἀνατρέψαι
1413 4279 1476 4326 τα
1511 4275 1893 4348 προστάγματα

298 4381 386 4425 τοῦ
444 4371 700 4444 βασιλέως
736 4366 828 4421 διὰ
869 4375 962 4426 τῆς
1011 4372 1280 4438 παρακοῆς
1329 4365 1562 4422 καὶτοὺς
1607 4361 1892 4412 ὑπακούον-

300 4481 386 4520 τας
437 4459 780 4532 ἆνατρέπεις;
829 4455 1035 4506 Πλάτων
1097 4451 1318 4522 γελάσας
1375 4447 1527 4501 εἶπεν·
1587 4448 1788 4518 ’Έγνως
1837 4450 1892 4499 τὸ

301 4553 620 4620 πρόσταγμα
667 4552 758 4596 τοῦ
802 4548 929 4596 Θεοῦ
982 4560 1104 4612 μου,
1150 4542 1213 4599 ὡς
1257 4537 1522 4590 κελεύουσί
1569 4557 1658 4610 μοι
1699 4539 1896 4608 ἄχραν-

303 4657 379 4688 τοι
425 4635 581 4687 αὐτοῦ
629 4639 796 4705 νόμοι,
855 4630 1148 4703 ἀνατρέπειν
1201 4647 1294 4688 τας
1341 4633 1442 4677 τῶν
1515 4623 1774 4699 δαιμόνων
1821 4644 1896 4678 τε-

303 4725 450 4786 λετὰς
492 4728 581 4775 καὶ
635 4721 772 4792 αύτῷ
837 4723 974 4792 μόνῳ
1029 4717 1310 4789 λατρεύειν,
1397 4719 1510 4768 οὔτε
1587 4734 1670 4766 σοι
1760 4713 1894 4776 ξένον

306 4813 444 4866 ἐστὶν
501 4811 716 4864 ἐπινοεῖν
787 4807 1064 4881 βασάνους.
1138 4809 1252 4857 οὔτε
1310 4801 1368 4856 δὲ
1422 4803 1508 4876 ἐμὲ
1570 4803 1894 4875 αἰκιζόμενον

305 4906 430 4974 ὑπὲρ
483 4909 579 4961 τῆς
631 4897 889 4958 εὐσεϐείας
940 4895 1308 4953 ἀποθνησκειν.
1360 4897 1426 4945 Σύ
1475 4895 1575 4966 γὰρ
1621 4889 1728 4950 ἤδη
1779 4891 1896 4943 πολ-

304 4993 418 5052 λοὺς
467 4989 550 5042 ἐπὶ
598 4997 658 5046 τῆ
693 4989 906 5058 τοιαύτῃ
958 4985 1201 5036 ὑποθέσει
1254 4982 1462 5048 ἀνεῖλες,
1515 4985 1696 5043 οἵτινες
1752 4985 1895 5038 νική-

309 5097 482 5140 σαντες
528 5081 613 5130 τόν
647 5078 861 5130 θάνατον
894 5069 1214 5131 ἀνεδήσαντο
1254 5073 1388 5124 κατὰ
1415 5078 1506 5123 τοῦ
1539 5067 1783 5123 διαϐόλου
1813 5073 1895 5122 τὸν

305 5177 391 5230 τῆς
423 5165 761 5224 δικαιοσύνης
790 5167 1053 5234 στέφανον.

377 5262 446 5312 Δ’.
497 5261 595 5309 Καὶ
648 5256 672 5306 ό
727 5253 1070 5326 Ἀγριππῖνος
1121 5256 1288 5300 ταῦτα
1336 5247 1564 5310 ἀκούσας
1609 5250 1896 5320 αἱρεσίτρο-

311 5351 404 5408 πός
451 5364 504 5398 τε
557 5344 812 5416 ὑπάρχων
869 5343 959 5391 καὶ
1012 5339 1144 5389 κατὰ
1191 5345 1288 5388 τῶν
1347 5336 1578 5395 ἀθλητῶν
1621 5345 1711 5396 τῆς
1759 5335 1899 5388 pia-3-

315 5434 456 5495 ϐείας
511 5429 923 5506 ὑπερϐαλλόντως
985 5427 1302 5498 ἠγριωμένος
1351 5426 1582 5498 καθάπερ
1645 5427 1760 5476 τινὰ
1815 5423 1896 5476 ἐπὶ

317 5526 444 5594 φόνῳ
495 5519 684 5573 οἶλόντα
737 5519 768 5575 ἦ
824 5513 906 5567 ἐπί
953 5533 1055 5566 τινι
1103 5511 1252 5588 ἑτέρῳ
1297 5511 1718 5585 πλημμελήματι,
1759 5513 1904 5566 Μετὰ

2003 4275 2280 4334 evertere,
2301 4275 2356 4323 et
2375 4285 2477 4338 per
2493 4268 2958 4322 inobedientiam
2980 4281 3082 4320 eos
3099 4265 3277 4320 etiam
3299 4266 3401 4337 qui
3423 4264 3524 4320 tibi
3544 4281 3647 4335 pa-

2005 4363 2154 4422 rent,
2183 4357 2430 4413 evertis?
2477 4357 2624 4410 Dixit
2668 4360 2910 4410 sanctus
2959 4353 3448 4422 PlatozCognovi
3475 4353 3649 4422 jussa

2007 4448 2106 4502 Dei
2171 4463 2303 4512 mei,
2373 4446 2525 4500 sicut
2585 4443 2800 4515 jubent
2864 4441 2992 4514 ejus
3060 4442 3422 4496 intemeratae
3485 4439 3646 4511 leges

2005 4542 2059 4591 et
2091 4534 2320 4590 viviﬁca
2355 4537 2666 4605 praecepta,
2708 4545 2924 4602 nempe
2963 4529 3308 4585 daemonum
3367 4526 3650 4598 mysteria

2005 4629 2280 4688 evertere,
2323 4627 2378 4678 et
2417 4623 2469 4677 ei
2508 4621 2612 4676 soli
2655 4619 2888 4674 servire.
2933 4621 3131 4689 Neque
3205 4617 3364 4672 enim
3410 4620 3498 4671 est
3540 4613 3648 4671 tibi

2004 4729 2230 4769 novum
2263 4717 2318 4768 et
2357 4711 2638 4774 alienum,
2679 4707 3012 4777 excogitare
3061 4709 3358 4760 tormenta
3398 4721 3411 4758 :
3455 4717 3649 4774 neque

2004 4818 2212 4857 rursus
2235 4801 2397 4866 mihi,
2433 4799 2582 4854 mori
2603 4813 2708 4869 pro
2733 4797 2967 4867 pietate.
2986 4794 3070 4848 Tu
3091 4791 3250 4848 enim
3267 4792 3396 4862 jam
3431 4790 3647 4846 multos

2006 4890 2288 4947 sustulisti
2332 4889 2405 4944 de
2456 4887 2652 4943 medio
2695 4888 2933 4956 propter
2986 4883 3143 4938 hanc
3191 4879 3645 4945 confessionem,

2004 4979 2127 5053 qui,
2163 4983 2346 5034 morte
2374 4977 2621 5042 devicta,
2667 4973 2906 5045 justitiaa
2955 4973 3312 5042 acceperunt
3365 4981 3649 5023 coronam

2004 5069 2293 5124 adversus
2317 5065 2647 5122 diabolum.

2079 5245 2164 5298 IV.
2195 5240 2554 5312 Agrippinus
2585 5240 2784 5293 autem
2815 5249 2952 5290 cum
2983 5233 3111 5288 haec
3140 5229 3438 5297 audiisset,
3461 5232 3526 5285 ut
3546 5229 3650 5301 qui

2009 5335 2162 5387 esset
2191 5345 2389 5385 saevus
2411 5331 2467 5383 et
2483 5323 2756 5382 belluinis
2784 5320 3073 5386 moribus,
3095 5317 3453 5376 etadversus
3471 5316 3652 5374 athle-

2011 5425 2102 5477 tas
2129 5417 2358 5491 pietatis
2395 5429 2574 5487 supra
2613 5411 2862 5468 modum
2901 5408 3195 5474 efferatus,
3229 5405 3408 5464 veluti
3446 5420 3652 5478 quem-

2011 5511 2156 5568 dam
2185 5505 2362 5563 caedis
2391 5519 2578 5574 reum,
2607 5505 2711 5560 aut
2737 5499 2986 5571 alicujus
3013 5497 3252 5558 alterius
3284 5493 3521 5568 magnis
3543 5493 3654 5550 cri-

2077 5627 2096 5650 τ
