4144 6258
508 312 609 367 407

1900 300 2159 359 MENSIS
2198 298 2467 358 JULIUS.

3758 296 3870 352 408

509 436 687 493 minis
713 433 1068 500 convictum,
1102 438 1421 505 postquam
1447 431 1575 503 ipse
1619 433 1696 485 ab
1722 429 1888 485 initio
1919 428 2152 484 didicis-

2277 429 2319 478 76
2353 428 2533 497 μαθεῖν
2590 424 2743 477 αὐτόν
2798 423 2853 475 ἐκ
2901 427 3185 498 προοιμίων
3218 427 3310 482 τὴν
3358 426 3541 475 τούτου
3596 426 3725 495 πρὸς
3776 426 3867 475 τὸν

511 532 598 581 set
635 526 763 595 ejus
797 524 857 579 in
899 524 1215 578 Dominum
1262 526 1531 576 nostrum
1591 519 1795 573 Jesum
1855 517 2150 571 Christum

513 616 785 668 virtutem
803 616 855 666 et
883 610 1060 665 fidem
1090 610 1324 665 ﬁrmam
1354 613 1407 664 et
1440 606 1809 662 immobilem
1834 606 2021 675 jubet,
2056 621 2147 658 ex-

511 708 743 759 tensum
769 715 917 755 saeve
935 699 1078 753 credi
1103 698 1297 753 nervis
1324 696 1587 751 bubulis.
1614 695 1785 761 Quod
1804 711 1940 749 eum
1969 708 2151 764 quam

512 792 773 861 primum
796 789 1013 843 factum
1046 791 1215 851 esset,
1250 792 1303 840 et
1340 791 1598 857 quatuor
1638 784 1848 838 milites
1880 786 2151 837 sanctum

511 878 891 933 verberarent
938 875 1152 929 multas
1193 876 1393 938 horas,
1437 879 1493 928 et
1530 874 1750 928 defessi
1799 877 2013 933 essent,
2058 871 2155 925 alii

514 973 711 1023 autem
739 964 1053 1017 duodecim
1097 963 1310 1016 milites
1353 964 1423 1017 ad
1466 963 1522 1016 id
1568 961 1773 1015 mutati
1835 964 2048 1021 essent,
2083 976 2153 1013 ne

515 1055 631 1110 ulla
660 1052 905 1125 quidem
938 1052 1175 1105 inventa
1205 1056 1288 1104 est
1318 1050 1552 1104 macula
1586 1049 1645 1103 in
1686 1064 1932 1118 corpore
1973 1047 2155 1102 sancti

514 1142 768 1197 Platonis
801 1158 811 1195 :
842 1140 993 1195 adeo
1052 1144 1112 1193 ut
1179 1154 1387 1193 omnes
1444 1137 1685 1208 quidem
1734 1136 2151 1206 obstupefacti,

514 1246 697 1301 supra
730 1228 976 1283 modum
1017 1226 1289 1282 admirati
1322 1226 1553 1289 fuerint,
1585 1233 1638 1282 et
1680 1243 1713 1279 a
1758 1243 1818 1279 se
1864 1225 2157 1279 discesse-

514 1319 669 1381 rint;
703 1317 829 1388 ipse
858 1320 1057 1371 autem
1088 1314 1341 1371 alacrius
1373 1319 1427 1369 et
1466 1314 1837 1369 constantius
1890 1328 2159 1384 perseve-

514 1405 734 1462 raverit
770 1404 828 1459 in
856 1403 1225 1458 confessione
1266 1402 1496 1466 Christi,
1527 1407 1582 1457 et
1623 1418 1725 1472 per
1755 1401 1971 1456 multas
2014 1400 2157 1455 afﬂi-

517 1495 741 1550 ctiones
767 1492 1135 1548 contenderit
1153 1491 1382 1561 ingredi
1409 1490 1469 1545 in
1492 1505 1745 1559 regnum
1769 1491 1880 1559 Dei,
1916 1491 1975 1545 in
1996 1488 2157 1561 quod

518 1598 640 1638 non
671 1582 827 1637 cadit
856 1581 1139 1635 interitus.

591 1673 652 1725 V.
683 1670 836 1725 Dixit
864 1670 1222 1739 Agrippinus
1257 1684 1268 1723 :
1304 1670 1422 1737 Ego
1461 1666 1565 1721 tibi
1597 1666 1842 1721 consulo
1874 1672 1935 1721 ut
1968 1666 2162 1721 amico

2260 604 2432 655 λευτον
2509 608 2709 667 πίστιν,

2265 519 2450 587 Κύριον
2505 518 2648 585 ἡμῶν
2710 514 2912 571 Ἰησοῦν
2966 516 3192 584 Χριστόν
3248 513 3429 588 ἀρετήν
3470 532 3523 565 τε
3582 517 3671 564 καὶ
3730 512 3871 564 ἀσά-

2786 602 3214 676 παρεκελεύσατο,
3315 610 3493 653 τοῦτον
3584 601 3867 654 ἐκταθέντα

2265 689 2520 767 δέρμασιν
2575 694 2735 764 ὠμοῖς
2779 697 2867 743 καὶ
2902 692 3072 764 βοῑοις
3133 692 3455 751 αἰκίζεσθαι.
3519 696 3620 744 Καὶ
3678 693 3861 743 τούτου

2262 787 2532 853 γενομένου
2578 787 2665 833 καὶ
2722 784 2988 854 τεσσάρων
3048 789 3374 853 στρατιωτῶν
3435 786 3733 833 τυπτόντων
3776 784 3860 831 τόν

2264 872 2411 941 άγιον
2487 870 2569 922 ἐπὶ
2617 871 2824 931 πολλαῖς
2894 873 3050 944 ὥραις
3100 875 3187 921 καὶ
3249 870 3595 921 ἀτονισάντων
3676 870 3859 942 ἐτέρων

2268 968 2598 1033 στρατιωτῶν
2632 956 2842 1011 δώδεκα
2889 959 3222 1030 ἀλλαγέντων,
3274 956 3398 1010 οῦδὲ
3430 961 3454 1010 6
3481 963 3647 1029 τυχὸν
3678 959 3861 1020 σπίλος

2267 1050 2444 1120 εὑρέθη
2501 1048 2546 1098 ἐν
2600 1056 2668 1117 τῷ
2740 1054 2945 1119 σώματι
3003 1056 3093 1100 τοῦ
3148 1048 3299 1119 ἁγίου
3358 1048 3650 1110 Πλάτωνος,
3729 1050 3859 1099 ὥστε

2266 1138 2461 1197 πάντας
2520 1135 2858 1206 ἐκπλαγέντας
2931 1139 3220 1208 θαυμάσαι,
3282 1137 3437 1189 αὑτὸν
3493 1134 3552 1189 δὲ
3602 1139 3862 1211 προθυμό-

2266 1245 2407 1297 τερον
2462 1224 2694 1296 ἐμμεῖναι
2751 1233 2812 1297 τῇ
2864 1234 2954 1278 τοῦ
3014 1234 3248 1301 Χριστοῦ
3305 1226 3574 1298 ὁμολογίᾳ,
3627 1231 3721 1291 καὶ,
3769 1223 3863 1277 διὰ

2268 1314 2462 1365 πολλῶν
2509 1313 2726 1384 θλίψεων
2757 1312 3050 1368 σπεύδοντα
3080 1315 3321 1368 εἰσελθεῖν
3352 1315 3417 1375 εἰς
3464 1319 3557 1374 τὴν
3590 1322 3679 1368 τοῦ
3730 1322 3863 1368 Θεοῦ

2270 1404 2525 1476 ἄφθαρτον
2558 1401 2849 1473 βασιλείαν.

2346 1664 2412 1720 Ε’.
2462 1666 2798 1740 Ἀγριππῖνος
2855 1664 3007 1719 εἶπεν·
3068 1668 3199 1738 Ἐγώ
3261 1687 3343 1720 σοι
3398 1676 3632 1740 παραινῶ
3690 1666 3863 1719 ἐκκλί-

520 1764 582 1815 ut
614 1763 861 1813 mortem
889 1758 1131 1828 quidem
1159 1756 1436 1821 declines,
1479 1756 1555 1810 ad
1596 1756 1777 1810 vitam
1816 1760 2014 1810 autem
2067 1771 2156 1809 ac-

2277 1774 2355 1805 ναι
2412 1757 2496 1806 τὸν
2557 1757 2770 1806 θάνατον
2828 1759 2915 1807 καὶ
2960 1752 3315 1829 προσδραμεῖν
3363 1763 3422 1827 τῇ
3459 1756 3595 1827 ζωῇ.
3657 1755 3865 1807 Πλάτων

522 1848 718 1903 cedas.
775 1846 926 1899 Dixit
979 1850 1219 1899 sanctus
1264 1844 1426 1899 Plato
1485 1861 1496 1897 :
1543 1846 1709 1897 Recte
1749 1844 2058 1908 admones,
2127 1859 2162 1898 ο

520 1935 857 2006 Agrippine.
894 1933 1078 2003 Fugio
1117 1934 1273 1987 enim
1328 1936 1578 1987 mortem
1629 1935 1933 1997 aeternam,
1976 1936 2029 1987 et
2088 1932 2165 1987 ad

522 2024 701 2079 vitam
731 2038 825 2077 me
852 2022 1093 2077 confero
1120 2022 1564 2091 sempiternam,
1588 2020 1738 2075 Dixit
1771 2020 2162 2092 Agrippinus:

523 2113 643 2175 Dic,
677 2110 1080 2173 caeodaamon,
1106 2114 1252 2180 quot
1283 2113 1419 2164 sunt
1457 2112 1677 2163 mortes
1700 2110 1727 2164 ?
1751 2109 1899 2163 Dixit
1926 2116 2167 2164 sanctus

523 2200 691 2256 Plato
719 2222 730 2253 :
766 2202 903 2253 Dure
938 2214 950 2253 :
985 2213 1104 2253 una
1134 2198 1373 2268 quidem
1406 2197 1481 2253 ad
1515 2202 1787 2268 tempus;
1822 2197 2003 2253 altera
2031 2214 2167 2254 vero

525 2292 762 2344 aeterna.
788 2288 872 2341 Ita
897 2286 1096 2350 etiam,
1122 2286 1255 2340 duae
1289 2286 1420 2341 vitae
1456 2300 1467 2339 :
1506 2301 1625 2341 una
1658 2286 1902 2357 quidem
1932 2287 2162 2357 brevis;

524 2376 708 2433 altera
739 2390 879 2430 vero
947 2374 1323 2445 sempiterna.
1377 2373 1528 2428 Dixit
1580 2375 1989 2445 Agrippinus:
2046 2376 2164 2430 Diis

524 2465 810 2529 sacriﬁca,
834 2468 889 2518 et
922 2461 1155 2517 declina
1181 2462 1492 2517 cruciatus.
1514 2462 1667 2517 Dixit
1696 2468 1937 2519 sanctus
1970 2464 2163 2519 Plato:

525 2557 636 2609 Fac
666 2554 802 2616 cito,
845 2567 879 2605 ο
916 2551 1250 2622 Agrippine,
1292 2550 1353 2605 id
1393 2552 1548 2621 quod
1598 2551 1702 2605 tibi
1750 2552 1993 2606 videtur.
2049 2556 2169 2620 Ego

526 2640 684 2695 enim
709 2654 1018 2709 nunquam
1051 2638 1340 2693 sacriﬁco.
1368 2642 1567 2708 Neque
1585 2639 1744 2692 enim
1776 2639 1951 2706 ignis,
1976 2654 2169 2706 neque

522 2743 688 2792 crux,
708 2742 901 2797 neque
930 2726 1017 2781 ira
1042 2726 1386 2791 bestiarum,
1416 2740 1609 2797 neque
1629 2726 1847 2781 ablatio
1874 2725 2171 2781 membro-

522 2832 657 2872 rum
688 2816 861 2870 nobis
884 2814 1241 2885 persuadent
1274 2831 1308 2869 a
1343 2817 1455 2869 Deo
1492 2815 1623 2869 vivo
1662 2814 1926 2869 deﬁcere.
1972 2818 2169 2885 Neque

525 2906 683 2962 enim
719 2903 1015 2974 diligimus
1054 2903 1216 2974 quod
1243 2918 1402 2957 nunc
1442 2907 1529 2957 est
1570 2903 1850 2957 saeculum
1883 2923 1894 2961 :
1932 2903 2034 2957 sed
2066 2902 2170 2975 qui

523 3009 633 3066 pro
664 3008 757 3048 me
796 2996 880 3047 est
911 2997 1183 3048 mortuus
1215 2996 1271 3047 et
1300 2992 1633 3058 resurrexit,
1674 2991 1990 3048 Christum.

596 3083 686 3139 Vl.
733 3082 826 3136 His
863 3080 1101 3172 auditis,
1128 3079 1683 3172 Agrippinusjussit
1713 3096 1849 3135 eum
1882 3080 2083 3135 reduci
2111 3080 2167 3135 in
2204 3116 2242 3172 Ο

525 3186 845 3227 carcerem.
884 3168 1252 3241 Sequebatur
1285 3174 1481 3222 autem
1542 3168 1726 3223 multa
1770 3170 1945 3224 turba
2010 3170 2169 3225 Chri-

529 3261 881 3323 stianorum,
916 3262 1156 3327 propter
1182 3258 1307 3326 ejus
1326 3262 1593 3311 sanctam
1616 3263 1670 3311 et
1694 3257 2017 3325 gloriosam
2035 3276 2171 3314 con-

529 3347 868 3405 fessionem.
899 3347 1082 3401 Fortis
1138 3350 1334 3400 autem
1395 3351 1451 3400 et
1504 3347 1929 3414 magnanimus
1961 3347 2169 3401 Christi

529 3442 755 3507 martyr
786 3434 944 3491 Plato
980 3433 1156 3504 jussit
1197 3433 1307 3488 sibi
1349 3434 1474 3488 fieri
1521 3433 1841 3488 silentium.
1886 3437 1949 3489 Et
2015 3439 2173 3505 post-

528 3540 711 3595 quam
776 3523 887 3593 ipsi
936 3525 1247 3577 eessarunt
1302 3537 1337 3576 a
1389 3520 1668 3585 tumultu,
1728 3537 1868 3575 voce
1937 3522 2171 3579 sublata

527 3612 675 3667 dixit
712 3612 795 3665 eis
850 3625 862 3665 :
924 3610 1039 3664 Viri
1096 3610 1196 3681 qui
1256 3609 1549 3664 Christum
1604 3609 1860 3679 diligitis,
1922 3616 1978 3666 et
2034 3612 2172 3667 estis

527 3704 824 3755 amatores
857 3698 1141 3763 veritatis,
1176 3712 1293 3751 non
1336 3696 1444 3751 levi
1483 3698 1557 3751 de
1610 3714 1789 3753 causa
1842 3700 1993 3754 adeo
2059 3700 2172 3755 hoc

526 3790 824 3843 certamen
860 3804 871 3839 :
907 3785 1009 3838 sed
1042 3788 1282 3855 propter
1312 3784 1644 3840 effectorem
1678 3786 1806 3839 οξειὶ
1838 3792 1892 3840 et
1924 3795 2085 3841 terrae
2115 3793 2173 3843 et

526 3876 795 3931 omnium
820 3889 952 3945 quae
982 3878 1117 3929 sunt
1149 3873 1204 3927 in
1240 3873 1345 3927 eis.
1388 3880 1467 3926 Ne
1498 3888 1602 3927 vos
1621 3889 1760 3939 ergo
1792 3877 2168 3942 conturbent,

523 3979 691 4032 rogo,
728 3979 795 4017 ea
834 3978 966 4033 quae
1008 3960 1176 4015 ﬁunt.
1211 3961 1419 4015 Multae
1449 3960 1605 4015 enim
1647 3966 1788 4015 sunt
1818 3964 2171 4032 (If/lichenes

514 4055 835 4120 justorum,
875 4056 928 4105 et
968 4065 1042 4105 ex
1066 4051 1145 4104 eis
1188 4049 1454 4104 omnibus
1488 4049 1757 4105 liberabit
1795 4051 1944 4120 ipsos
1979 4054 2172 4107 Domi-

524 4142 680 4195 nusi.
715 4140 922 4194 Adeste
954 4139 1027 4193 de
1068 4143 1296 4202 caetero,
1319 4142 1372 4193 et
1403 4139 1817 4208 confugiamus
1860 4156 2068 4196 omnes
2101 4142 2172 4197 si-

523 4229 649 4285 mul
683 4230 756 4283 ad
782 4216 1041 4299 portum,
1062 4229 1162 4299 qui
1197 4228 1373 4283 nullis
1405 4230 1661 4298 agitatur
1692 4233 2165 4303 tempestatibus,

521 4332 736 4387 nempe
754 4318 1071 4379 Christum,
1094 4322 1149 4371 et
1171 4317 1247 4371 ad
1264 4322 1513 4387 petram,
1536 4333 1716 4389 quam
1742 4336 1997 4385 magnus
2027 4321 2169 4377 dixit

520 4405 865 4477 Apostolus:
887 4407 1063 4460 Petra
1082 4412 1276 4461 autem
1296 4413 1423 4461 erat
1447 4408 1717 4461 Christus
1738 4411 1782 4461 ².
1807 4412 1885 4462 Ne
1907 4424 2047 4479 ergo
2075 4426 2165 4465 ce-

521 4495 757 4557 damus,
800 4509 835 4548 o
867 4493 1082 4553 dilecti,
1117 4493 1413 4558 periculis,
1456 4510 1587 4563 quae
1630 4496 2028 4565 suscipieutur
2059 4515 2167 4569 pro

520 4584 735 4656 pietate
765 4598 776 4636 :
808 4597 945 4636 cum
985 4580 1266 4641 sciamus,
1295 4581 1457 4649 quod
1490 4583 1996 4654 passioneshujus
2021 4592 2169 4642 tem-

520 4671 679 4743 poris
702 4685 821 4726 non
847 4673 985 4724 sunt
1016 4668 1232 4737 dignae,
1258 4684 1391 4739 quae
1416 4669 1799 4724 conferantur
1820 4687 1955 4727 cum
1982 4674 2169 4741 gloria

518 4774 652 4831 quae
683 4764 771 4815 est
796 4759 856 4813 in
888 4756 1059 4812 nobis
1090 4757 1411 4812 revelanda
1434 4762 1473 4811 ³.
1497 4761 1627 4812 Haec
1659 4774 1799 4823 ergo
1832 4775 1963 4815 cum
1990 4763 2170 4819 dixis-

519 4852 604 4902 set
652 4847 859 4903 Christi
894 4850 1119 4916 martyr
1159 4844 1339 4911 Plato,
1381 4849 1435 4899 et
1477 4847 1682 4909 turbis,
1724 4862 1859 4917 quas
1900 4850 2164 4920 aderant,

519 4934 1148 4999 addidissetanimum,
1170 4938 1225 4987 et
1239 4938 1495 4988 mentem
1510 4951 1716 4989 eorum
1736 4938 2018 4994 conﬁrma
2030 4949 2164 4999 sset.

517 5023 817 5089 ingressus
847 5027 934 5078 est
962 5036 1257 5077 carcerem
1296 5021 1462 5076 ltetus
1493 5029 1546 5077 et
1583 5026 1761 5077 Deum
1795 5024 2159 5093 gloriﬁcans,

518 5108 825 5175 Ingressus
864 5116 1084 5173 autem,
1136 5109 1303 5164 humi
1364 5109 1494 5164 ﬁxis
1533 5110 1807 5179 genibus,
1847 5115 2160 5175 Dominum

518 5204 790 5264 precatus
840 5204 945 5263 est,
1014 5199 1096 5252 sic
1150 5197 1351 5252 dicens
1392 5214 1403 5251 :
1452 5199 1695 5253 Domine
1737 5204 1873 5258 Jesu
1922 5206 2164 5276 Christe,

523 5284 785 5339 omnium
822 5292 1046 5341 creator
1071 5292 1124 5342 et
1153 5286 1368 5358 opifex,
1407 5292 1461 5342 et
1500 5290 1602 5360 qui
1642 5293 1740 5343 tua
1794 5294 2165 5361 providentia

520 5386 719 5428 curam
761 5374 912 5443 geris
942 5375 1373 5446 universorum,
1435 5378 1537 5448 qui
1585 5379 1866 5436 omnibus
1918 5384 2027 5436 tuis
2082 5385 2159 5440 fa-

591 5575 607 5612 ¹
651 5568 800 5633 Psal.
832 5590 1030 5643 χχχιιι,
1070 5580 1158 5633 20.
1234 5579 1254 5615 ³
1288 5580 1458 5636 ICor.
1484 5595 1542 5655 ι,
1576 5584 1631 5643 4.
1708 5587 1726 5620 ³
1758 5585 1929 5644 Rom.
1955 5599 2077 5659 vni,
2108 5590 2190 5647 i8.

2197 4462 2244 4520 D

2275 1842 2397 1896 εἶπε·
2474 1843 2647 1903 Καλῶς
2704 1852 2989 1917 παραινεῖς,
3046 1844 3084 1896 ὦ
3138 1846 3461 1917 Ἀγριππίνε·
3542 1847 3710 1916 φεύγω
3762 1846 3864 1915 γὰρ

2274 1937 2359 1986 τόν
2392 1933 2595 1985 αἰώνιον
2646 1935 2861 1986 θάνατον
2904 1939 2992 1986 καὶ
3040 1938 3347 2005 προσφεύγω
3395 1942 3455 2006 τῇ
3513 1931 3671 2004 ἀῐδίῳ
3731 1934 3863 2004 ζωῇ.

2276 2024 2617 2093 Ἀγριππῖνος
2675 2020 2825 2075 εἶπεν·
2886 2024 3030 2089 Εἰπὲ,
3110 2020 3452 2095 κακόδαιμον,
3531 2027 3689 2074 πόσοι
3765 2022 3867 2074 εἰσὶ

2281 2114 2533 2177 θάνατοι;
2597 2111 2806 2163 Πλάτων
2882 2114 3007 2164 εἷπε·
3084 2116 3200 2164 Δύο·
3280 2113 3303 2163 ὁ
3374 2115 3463 2183 μὲν
3520 2116 3867 2183 πρόσκαιρος,

2279 2202 2303 2251 ὁ
2380 2197 2437 2251 δε
2514 2201 2736 2262 αἰώνιος·
2815 2202 2973 2261 οὕτως
3050 2198 3107 2254 δὲ
3180 2206 3267 2253 καὶ
3322 2202 3452 2262 ζωαὶ
3512 2197 3628 2252 δύο·
3690 2202 3720 2257 ἡ
3782 2204 3869 2271 μὲν

2279 2289 2658 2362 ὀλιγοχρόνιος,
2745 2292 2774 2347 ἡ
2851 2287 2909 2342 δὲ
2986 2290 3213 2351 ἀείζωος.
3303 2290 3633 2361 Ἀγριππῖνος
3712 2286 3866 2340 εἶπεν.

2278 2382 2444 2431 Θύσον
2520 2387 2624 2439 τοῖς
2702 2382 2847 2439 θεοῖς,
2930 2385 3016 2432 καὶ
3093 2383 3183 2440 τας
3268 2384 3526 2453 τιμωρίας
3621 2378 3868 2430 ἓκκλινον.

2282 2468 2491 2519 Πλάτων
2585 2464 2737 2519 εἶπεν·
2840 2474 2980 2521 Ποίει
3067 2472 3125 2520 τό
3210 2466 3397 2520 δοκοῦν
3496 2488 3579 2520 σοι
3659 2466 3867 2527 ἀπηνές·

2280 2556 2377 2627 ἐγὼ
2428 2559 2529 2629 γὰρ
2579 2557 2637 2608 ού
2694 2560 2816 2609 θύω·
2865 2558 2979 2610 οὗτε
3007 2560 3107 2632 γὰρ
3139 2561 3324 2631 πυρός,
3355 2558 3471 2609 οὗτε
3513 2560 3723 2632 θηρίων,
3757 2561 3872 2609 οὔτε
3960 2582 3963 2583 ν

2284 2648 2447 2717 θυμοῦ
2525 2652 2667 2721 μερὶς
2746 2652 3058 2706 ποιήσουσιν
3106 2667 3167 2720 με
3235 2646 3527 2706 ἀποστῆναι
3587 2647 3684 2700 ἀπὸ
3742 2652 3868 2699 Θεοῦ

2282 2735 2491 2796 ζῶντος·
2530 2735 2586 2787 ού
2616 2738 2717 2811 γὰρ
2764 2741 2848 2788 τόν
2893 2744 2978 2787 νῦν
3012 2735 3197 2807 ἀγαπῶ
3247 2736 3428 2803 αἰῶνα,
3478 2735 3605 2787 ἀλλὰ
3632 2740 3712 2787 τὸν
3739 2735 3861 2807 μελ-

2278 2825 2431 2877 λοντα
2500 2831 2587 2877 καὶ
2632 2830 2717 2878 τόν
2766 2828 2890 2901 ὑπὲρ
2952 2826 3075 2899 ἐμοῦ
3126 2825 3445 2879 ἀποθανόντα
3500 2828 3716 2899 Χριστὸν
3766 2828 3855 2875 καὶ

2280 2913 2593 2968 ἀναστάντα.

2374 3068 2467 3140 ς’.
2519 3073 2617 3120 Καὶ
2676 3070 2700 3120 6
2758 3067 3091 3138 Ἀγριππῖνος
3148 3067 3278 3120 αύτά
3333 3066 3565 3129 ἀκούσας
3620 3066 3873 3119 ἐκελευσεν

2282 3166 2434 3217 αὐτόν
2484 3166 2836 3236 ἀναληφθῆναι
2913 3165 2960 3216 ἐν
3036 3174 3106 3235 τῷ
3162 3162 3523 3237 δεσμωτηρίῳ·
3584 3164 3746 3235 ὄχλος
3812 3159 3870 3214 δὲ

2280 3254 2437 3314 πολύς
2486 3253 2754 3311 ἠκολούθει
2805 3262 2901 3303 τῶν
2936 3259 3261 3325 Χριστιανῶν
3314 3253 3395 3306 ἐπὶ
3436 3261 3497 3325 τῇ
3553 3254 3679 3324 ἁγίᾳ
3720 3252 3878 3303 αὐτοῦ

2282 3347 2369 3393 καὶ
2427 3340 2614 3413 ἐνδόξῳ
2685 3342 2951 3414 ὁμολογίᾳ.
3015 3342 3072 3394 Ὀ
3134 3341 3193 3395 δὲ
3246 3343 3576 3416 μεγαλόφρων
3627 3348 3717 3393 καὶ
3793 3340 3878 3391 ἀν-

2283 3427 2449 3502 δρεῖος
2502 3438 2590 3481 τοῦ
2646 3438 2877 3503 Χριστοῦ
2925 3433 3125 3506 μάρτυς
3180 3431 3435 3485 ἐκέλευσεν
3468 3433 3607 3501 αύτῷ
3638 3434 3879 3501 ἡσυχίαν

2280 3522 2521 3590 γενέσθαι
2564 3525 2653 3571 καὶ
2703 3523 2831 3590 μετά
2879 3528 2970 3572 τοῦ
3003 3523 3311 3573 παύσασθαι
3358 3521 3544 3582 αύτούς
3593 3528 3685 3571 τοῦ
3724 3522 3883 3593 θορύ-

2282 3608 2395 3673 ϐου,
2450 3612 2641 3682 ἐπάρας
2695 3614 2787 3667 τὴν
2844 3606 2984 3661 ἰδίαν
3034 3615 3202 3681 φωνὴν
3255 3607 3407 3662 εἶπεν·
3461 3606 3683 3683 ’Ἄνδρες
3739 3608 3883 3680 φιλό-

2281 3718 2499 3769 χριστοι
2550 3703 2638 3750 καὶ
2695 3707 2790 3760 τῆς
2843 3698 3083 3760 ἀληθείας
3135 3698 3370 3771 ἐρασταὶ,
3421 3699 3478 3751 ού
3530 3699 3729 3770 φαύλης
3774 3699 3877 3749 ἓνε-

2281 3807 2363 3839 κεν
2422 3788 2591 3847 αἰτίας
2640 3786 2721 3839 ἐπὶ
2770 3784 2919 3840 τόνδε
2963 3791 3179 3859 πάρειμι
3211 3787 3402 3857 ἀγῶνα,
3454 3786 3559 3838 ἀλλ’
3591 3789 3750 3839 ἕνεκεν
3782 3796 3877 3838 τοῦ

2284 3884 2509 3933 Ποιητοῦ
2563 3877 2781 3949 ούρανοῦ
2833 3882 2919 3927 καὶ
2956 3885 3051 3947 γῆς
3080 3881 3168 3928 καὶ
3216 3879 3415 3927 πάντων
3448 3885 3545 3927 τῶν
3578 3878 3624 3927 ἐν
3673 3874 3874 3935 αὐτοῖς·

2280 3966 2363 4022 Μὴ
2397 3969 2567 4015 τοίνυν
2620 3968 2752 4035 ἡμᾶς
2814 3964 3113 4039 θορυϐείτω,
3163 3965 3459 4039 παρακαλῶ,
3498 3969 3554 4016 τό
3582 3982 3874 4036 γινομενον·

2285 4053 2473 4105 Πολλαὶ
2519 4056 2617 4126 γὰρ
2664 4056 2717 4105 αἱ
2764 4054 2962 4125 θλίψεις
3017 4064 3115 4105 τῶν
3172 4051 3410 4121 δικαίων,
3459 4060 3548 4106 καὶ
3595 4054 3649 4106 ἐκ
3693 4064 3879 4106 πασῶν

2278 4143 2494 4215 ῥύσεται
2570 4143 2757 4204 αύτούς
2839 4144 2863 4193 6
2931 4147 3137 4215 Κύριος.
3217 4144 3373 4197 Ἀλλὰ
3439 4141 3587 4196 δεῦτε
3661 4146 3871 4205 πάντες·

2281 4234 2409 4303 ὁμοῦ
2494 4235 2869 4303 καταφύγωμεν
2962 4230 3044 4283 ἐπὶ
3126 4235 3212 4283 τόν
3292 4234 3615 4304 ἀχείμαστον
3696 4233 3879 4303 λιμένα

2282 4331 2513 4397 Χριστοῦ
2569 4328 2657 4375 καὶ
2713 4328 2805 4381 τὴν
2859 4326 3066 4394 πέτραν,
3122 4322 3178 4380 ἢν
3228 4324 3252 4373 ό
3312 4329 3473 4394 μέγας
3558 4323 3879 4384 Ἀποστολος

2280 4410 2431 4465 εἶπεν·
2492 4412 2549 4464 ’Π
2606 4407 2663 4463 δὲ
2720 4416 2878 4483 πέτρα
2922 4407 2982 4468 ἦν
3032 4413 3056 4462 6
3108 4414 3315 4482 Κύριος.
3364 4416 3447 4469 Μὴ
3484 4409 3711 4483 ἐνδῶμιν
3766 4419 3873 4471 τοῖς

2280 4503 2403 4574 ὑπὲρ
2460 4500 2713 4561 εὐσεϐείας
2755 4497 3037 4564 κινδύνοις,
3092 4496 3280 4561 εἰδότες
3344 4502 3424 4552 ὅτι
3477 4501 3571 4552 οῦκ
3632 4500 3755 4563 οἰξια
3807 4502 3872 4551 τά

2278 4592 2567 4660 παθήματα
2608 4597 2698 4641 τοῦ
2745 4597 2831 4639 νῦν
2877 4598 3060 4660 καιροῦ
3111 4592 3234 4661 πρὸς
3276 4594 3366 4647 τὴν
3397 4590 3681 4661 μέλλουσαν
3712 4587 3871 4652 δόξαν

2280 4678 2704 4749 ἀποκαλυφθῆναι
2766 4680 2831 4737 εἰς
2887 4679 3045 4748 ἡμᾶς.
3101 4684 3275 4730 Ταῦτα
3350 4679 3503 4730 εἰπὼν
3551 4684 3639 4731 καὶ
3697 4699 3874 4751 παρα-

2282 4770 2535 4840 θαρσύνας
2592 4770 2707 4825 τούς
2776 4775 3125 4840 περιεστῶτας
3179 4766 3388 4837 ὄχλους,
3435 4773 3523 4819 καὶ
3590 4768 3873 4837 πληρώσας

2280 4862 2363 4913 τὴν
2423 4853 2773 4907 διδασκαλίαν
2822 4854 3051 4913 εἰσῆλθεν
3112 4856 3182 4916 εἰς
3235 4859 3292 4906 τὸ
3345 4852 3724 4929 δεσμωτήριον·
3777 4862 3870 4909 καὶ

2280 4944 2536 5011 εἰσελθὼν,
2591 4945 2691 5004 θεὶς
2735 4945 2797 4995 τὰ
2840 4948 3032 5014 γόνατα
3080 4944 3257 5010 αὐτοῦ,
3311 4944 3361 5007 ἐξ
3405 4944 3528 5005 ὅλης
3566 4953 3656 5004 τῆς
3680 4944 3871 5015 ψυχῆς

2282 5033 2546 5095 στενάξας,
2600 5031 2788 5093 ηὔξατο
2853 5036 2981 5105 πρὸς
3027 5036 3112 5083 τὸν
3197 5036 3383 5107 Κύριον
3460 5033 3618 5103 λέγων
3678 5034 3864 5093 οὕτως·

2274 5121 2332 5172 Ὀ
2392 5124 2590 5172 πάντων
2642 5126 2864 5181 κτίστης
2939 5126 3026 5171 καὶ⁵
3084 5118 3420 5194 δημιουργός,
3486 5124 3510 5172 ὁ
3583 5131 3680 5173 τῶν
3739 5122 3869 5174 ὅλων

2278 5214 2425 5269 Θεὸς,
2484 5211 2507 5259 6
2551 5216 2708 5260 πᾶσιν
2757 5217 2861 5271 τοῖς
2913 5206 3116 5270 δούλοις
3172 5229 3264 5261 σου
3292 5216 3383 5267 τὴν
3414 5212 3676 5281 ὑπομονὴν
3706 5231 3870 5282 χαρι-

2278 5300 2500 5369 ζόμενος,
2551 5300 2777 5368 χάρισαι
2832 5304 2919 5348 καὶ
2963 5298 3095 5367 ἐμοὶ,
3128 5307 3198 5368 τῷ
3247 5295 3414 5369 δούλῳ
3448 5318 3542 5350 σου
3574 5301 3865 5370 ὑπομονὴν,

2272 5391 2359 5437 καὶ
2403 5384 2758 5447 ἐξαπόστειλον
2802 5384 3042 5454 Μιχαὴλ,
3093 5388 3176 5436 τόν
3231 5384 3556 5457 ἀρχάγγελόν
3612 5406 3728 5456 σου,
3782 5389 3872 5441 ῖνα
