4144 6258
276 299 380 356 409

1605 299 1766 356 Vl'l‘A
1807 301 1869 359 S.
1908 302 2189 361 PLATON
2197 308 2281 365 IS.

3525 317 3628 372 410

272 424 505 499 ῥύσηταί
559 443 621 496 με
673 426 727 476 ἑκ
773 432 866 476 τοῦ
911 429 1230 497 κακοτέχνου
1272 430 1358 478 xui
1413 424 1679 484 ἀπατηλοῦ
1710 426 1867 499 ὄφεως

1980 430 2156 486 mulis
2193 432 2562 493 tolerantiam
2599 437 2834 508 largiris
2866 443 2922 495 et
2944 439 3272 506 victoriam,
3305 439 3451 497 mihi
3481 457 3628 514 quo-

277 513 644 586 Ἀγριππίνου,
700 514 780 565 ἵνα
823 523 1016 584 γνῶσιν
1070 517 1276 580 πάντες,
1316 516 1393 566 ὅτι
1443 518 1492 566 οἱ
1545 513 1639 567 διὰ
1677 525 1866 586 χειρῶν

276 603 561 678 ἀνθρώπων
594 608 853 675 γενόμενοι
887 607 990 656 θεοὶ
1023 601 1174 657 οὐδέν
1215 604 1364 672 εἰσιν,
1398 603 1524 656 ἀλλὰ
1553 609 1617 656 σὺ
1647 609 1794 676 μόνος
1826 603 1872 656 εἶ

277 688 660 764 δεδοξασμένος
690 693 756 752 εἰς
779 696 897 754 τοῦς
927 692 1114 754 αἰῶνας
1140 701 1236 744 τῶν
1265 694 1477 748 αἰώνων.
1512 695 1698 764 Ἀμήν.

1977 533 2092 590 que
2116 521 2329 577 humili
2359 530 2413 579 et
2454 526 2682 596 abjecto
2720 527 2933 598 largire
2960 529 3035 582 ad
3059 529 3240 583 ﬁnem
3269 545 3456 601 usque
3485 529 3624 586 tole-

1977 609 2254 675 rantiam,
2283 619 2338 666 et
2358 614 2559 670 emitte
2593 616 3021 685 archangelum
3056 623 3222 671 tuum
3250 617 3616 685 Michaelem,

1979 699 2041 748 ut
2071 712 2163 751 me
2185 698 2391 754 liberet
2414 718 2447 756 a
2479 701 2672 758 fallaci
2703 708 2757 758 et
2795 705 3092 760 malitioso
3121 712 3389 776 serpente
3411 706 3623 777 Agrip—

278 783 439 852 pino,
473 788 532 836 ut
560 787 927 852 cognoscant
959 799 1170 838 omnes
1190 799 1305 838 non
1341 798 1467 837 esse
1483 783 1642 846 deos,
1674 781 1774 852 qui
1806 781 1956 836 ﬁunt
1979 798 2083 852 per
2107 789 2669 856 manushominum,
2701 793 2806 847 sed
2836 799 2888 848 te
2904 793 3097 849 solum
3123 810 3250 848 esse
3275 795 3483 860 Deum,
3517 795 3624 866 qui

277 885 341 925 es
374 871 605 939 patiens
633 876 687 925 et
710 871 908 925 multa:
944 871 1357 926 misericordiae
1378 879 1432 926 et
1463 871 1823 940 gloriﬁcatus
1857 869 1918 924 in
1943 873 2179 927 saecula.
2207 883 2410 932 Amen.

350 957 422 1012 Z'.
481 962 621 1012 Μετὰ
674 957 732 1011 δε
787 962 983 1034 ἡμέρας
1031 961 1159 1012 ἑπτὰ
1205 963 1580 1033 προκαθεσθεὶς
1639 962 1662 1011 ὀ
1721 957 1874 1031 βικά-

278 1050 757 1122 ριος²Αγριππῖνος
806 1049 856 1100 ἐν
904 1058 965 1122 τῇ
1002 1049 1254 1122 βασιλικῇ
1305 1052 1548 1121 ἄντικρυς
1599 1057 1686 1100 τοῦ
1723 1054 1870 1112 Θεοῦ,

279 1135 536 1188 ἐκέλευσεν
589 1146 923 1211 παραστῆναι
982 1143 1065 1190 τὸν
1122 1142 1378 1211 μάρτυρα.
1435 1138 1492 1190 Ὀ
1558 1135 1616 1190 δε
1678 1136 1874 1209 βοηθὸς

279 1229 564 1286 Βικεντίνος
617 1228 708 1298 ἔφη
741 1242 753 1254 ⁸
785 1225 844 1279 Ὀ
899 1234 1002 1288 τοῖς
1053 1231 1225 1300 νόμοις
1274 1236 1378 1278 τῶν
1419 1226 1676 1299 βασιλέων
1731 1225 1900 1300 ἄπει-ι

283 1313 380 1364 θῶν
463 1319 551 1366 καὶ
633 1313 905 1387 ἀντιλέγων
981 1324 1086 1379 τοῖς
1161 1319 1423 1390 ἡμετέροις
1497 1317 1873 1390 προστάγμασι

280 1401 512 1467 Πλάτων,
562 1405 587 1455 ὁ
640 1413 734 1467 τῆς
789 1407 1070 1479 θρησκείας
1116 1415 1216 1458 τῶν
1268 1413 1588 1480 Χριστιανῶν
1641 1406 1874 1478 ὑπερμα-

275 1511 376 1562 χος
439 1493 652 1550 ἔστηκεν
704 1497 803 1569 πρό
856 1503 946 1547 τοῦ
1003 1495 1243 1568 βήματος
1291 1515 1405 1559 σου,
1460 1497 1623 1566 κύριε.
1690 1498 1788 1545 Καὶ
1846 1494 1871 1543 ό

277 1579 614 1654 Ἀγριππῐνος
671 1584 985 1658 προσέταξεν
1041 1587 1358 1658 προτεθῆναι
1410 1583 1620 1635 ποικίλα
1694 1581 1872 1654 βασα-

278 1676 544 1742 νιστήρια,
598 1672 790 1730 λέϐητα
843 1673 1096 1745 χαλκοῦν,
1151 1679 1240 1726 καὶ
1299 1678 1502 1744 τίγανα,
1539 1677 1628 1724 καὶ
1686 1679 1870 1744 χεῖρας

283 1756 529 1832 σιδηρᾶς,
607 1766 696 1814 καὶ
777 1761 1122 1832 ἀνακλάστας,
1177 1767 1264 1815 καὶ
1323 1761 1666 1826 καταπέλτας,
1711 1758 1870 1812 όϐίλε-
1903 1799 1948 1856 Β

283 1866 442 1910 σκους
503 1849 632 1912 ὀξεῖς
689 1856 776 1904 καὶ
824 1851 1081 1923 ὄγκίνους,
1128 1856 1216 1904 καὶ
1271 1853 1417 1926 ἕτερα
1462 1849 1642 1918 πολλὰ,
1698 1849 1871 1920 οἰόμε-

278 1956 363 1999 νος
415 1933 508 1990 διὰ
558 1941 753 1991 τούτων
822 1941 1195 1999 καταπλήττειν
1260 1945 1346 1993 τόν
1416 1942 1672 2013 μάρτυρα,
1735 1940 1870 1998 ὅπως

283 2027 429 2078 θύσει
495 2034 602 2089 τοῖς
657 2030 803 2093 θεοῖς,
863 2028 1132 2104 ἐξαιρέτως
1190 2027 1248 2084 δὲ
1320 2038 1389 2100 τῷ
1439 2028 1719 2082 Ἀπόλλωνι
1778 2031 1868 2078 καί

280 2134 408 2184 φησι
454 2119 578 2187 πρὸς
630 2119 820 2168 αὐτόν’
856 2119 988 2190 Ἐγὼ
1033 2122 1296 2194 θεωρήσας
1355 2138 1449 2171 σου
1514 2124 1609 2179 τῆς
1662 2116 1869 2178 ἡλικίας

278 2207 335 2252 τό
401 2208 530 2268 νέον,
595 2210 683 2256 xui
757 2204 1052 2279 φειδόμενός
1119 2228 1214 2260 σου
1297 2215 1388 2270 τῆς
1466 2214 1556 2258 τοῦ
1628 2212 1868 2277 σώματος

276 2289 462 2362 ἀκμῆς,
518 2301 610 2354 τῆς
673 2314 725 2346 τε
782 2304 878 2346 τῶν
925 2300 1158 2370 πατέρων
1211 2297 1468 2367 εὐγενείας
1515 2295 1867 2366 ἐπιγινώσκων

279 2398 336 2431 σε
388 2380 533 2442 ἄξιον
578 2385 718 2449 ὄντα,
760 2389 881 2456 πρὶν
938 2384 1091 2436 πάλιν
1138 2385 1401 2459 ἄρξασθαι
1455 2394 1550 2437 τῶν
1599 2383 1862 2455 βασάνων,

281 2467 615 2539 συμϐουλεύω
674 2490 778 2538 σοι,
837 2475 971 2525 ὥστε
1034 2481 1135 2525 τῶν
1190 2476 1384 2526 θυσιῶν
1451 2472 1866 2544 ἀπογευσάμενον

281 2557 544 2617 σώζεσθαι
591 2559 705 2632 μεθ’
762 2564 926 2634 ἡμῶν,
970 2559 1144 2615 εἰδότα
1200 2571 1352 2615 τοῦτο
1405 2564 1485 2614 ὃτι
1537 2558 1709 2621 οὐδεὶς
1766 2568 1865 2611 τῶν

279 2645 618 2700 ἀντειπόντων
666 2669 756 2721 μοι
803 2651 984 2711 ἔζησεν
1027 2669 1040 2682 ο
1092 2653 1264 2722 ὥσπερ
1332 2651 1483 2703 πάλιν
1541 2646 1713 2711 οὐδεὶς
1767 2656 1865 2700 τῶν

276 2734 611 2789 ἀκουσάντων
658 2737 986 2812 ἀπεστερήθη
1061 2751 1158 2792 τῶν
1224 2740 1344 2815 παρ’

274 2828 460 2878 θέντων
510 2827 647 2898 αὐτῷ
682 2845 694 2857 °
731 2832 796 2881 σὺ
834 2834 1025 2898 τοίνυν,
1086 2830 1129 2881 εἰ
1173 2829 1328 2891 θέλεις
1385 2849 1482 2900 μου
1537 2827 1761 2880 ἀκοῦσαι
1800 2833 1866 2888 ὡς

1426 2741 1552 2812 ἐμοῦ
1618 2739 1785 2810 ἐπαγγ
1792 2737 1868 2790 ελ-

277 2913 420 2968 ἱδίου
468 2921 660 2991 πατρὸς
708 2917 870 2977 καλῶς
939 2937 1022 2969 σοι
1100 2916 1559 2988 συμϐουλεύοντος,
1618 2923 1865 2988 μονογενῆ

275 3007 541 3080 θυγατέρα
565 3001 910 3078 ἀδελφοῦςμου
933 3009 1043 3078 ἔχω
1075 3023 1085 3034 ·
1121 3009 1314 3064 ταύτην
1345 3002 1605 3076 ἐκδίδωμί
1633 3023 1716 3056 σοι
1741 3009 1869 3076 πρὸς

2051 962 2162 1017 VII.
2181 965 2415 1035 Septem
2430 975 2626 1023 autem
2641 974 2772 1040 post
2788 969 3000 1026 diebus
3017 971 3339 1041 praesidens
3353 970 3612 1042 Agrippi'

1981 1065 2095 1104 nus
2127 1052 2377 1108 vicarius
2394 1056 2453 1110 in
2480 1057 2726 1114 basilica
2742 1075 2812 1114 ex
2830 1060 3082 1114 adverso
3103 1059 3476 1130 Jovis,jussit
3500 1059 3620 1113 sisti

1983 1148 2326 1211 martyrem.
2346 1145 2646 1202 Dixitvero
2665 1147 2970 1219 apparitor
2989 1147 3349 1202 Vincentius:
3372 1149 3480 1212 Qui
3500 1162 3621 1202 non

1981 1234 2143 1297 paret
2169 1228 2597 1302 imperatorum
2621 1234 2872 1303 legibus,
2905 1239 2963 1290 et
2989 1235 3204 1290 vestris
3229 1237 3418 1306 jussis
3450 1251 3622 1306 repu-

1981 1321 2142 1384 gnat,
2169 1318 2349 1387 Plato,
2381 1321 2482 1392 qui
2506 1328 2592 1378 est
2620 1322 2893 1378 defensor
2925 1323 3124 1394 impiae
3151 1323 3618 1379 Christianorum

1980 1405 2297 1476 religionis,
2314 1413 2426 1465 stat
2445 1417 2576 1466 ante
2603 1417 2767 1466 tuum
2791 1412 3071 1478 tribunal,
3091 1411 3351 1467 domine.
3369 1415 3528 1468 Tunc
3551 1413 3621 1464 Α-

1979 1494 2470 1567 grippinusjussit
2481 1499 2710 1554 diversa
2721 1505 2776 1554 et
2787 1499 2950 1555 varia
2965 1505 3389 1554 tormentorum
3403 1513 3622 1568 genera

1978 1589 2115 1638 ante
2177 1586 2373 1656 ipsum
2417 1588 2632 1643 statui:
2676 1587 2926 1643 lebetem
2967 1603 3222 1654 aeneum,
3288 1588 3618 1657 sartagines

1977 1671 2215 1739 ferreas,
2240 1675 2564 1732 candentes
2592 1682 2804 1742 crates,
2839 1692 3052 1732 manus
3077 1676 3318 1744 ferreas,
3353 1675 3618 1747 catapul-

1977 1766 2086 1830 tas,
2127 1770 2332 1820 acutos
2370 1765 2681 1830 obeliscos,
2721 1782 2928 1836 uncos,
2973 1770 3157 1832 rotas,
3198 1771 3253 1821 et
3281 1771 3472 1820 mutta
3510 1764 3620 1820 alia

1981 1853 2281 1918 terribilia,
2347 1854 2696 1910 existimans
2754 1854 2975 1923 infelix,
3029 1872 3090 1910 se
3145 1870 3249 1926 per
3303 1854 3431 1909 hinc
3488 1869 3619 1908 esse

1980 1942 2318 1999 territurum
2368 1950 2713 2014 martyrem,
2773 1947 2835 1998 ut
2897 1944 3006 1998 diis
3052 1944 3183 2014 ejus
3239 1942 3616 2010 sacriﬁcaret,

1978 2032 2275 2103 praecipue
2307 2036 2506 2087 autem
2536 2031 2808 2103 Apollini,
2842 2032 2942 2104 qui
2983 2031 3144 2102 pellit
3179 2032 3252 2086 ad
3292 2030 3616 2096 interitum,

1976 2126 2031 2177 et
2061 2121 2200 2176 dicit
2225 2121 2305 2175 ei:
2332 2123 2453 2191 Ego
2474 2122 2735 2192 quidem,
2773 2121 3120 2176 charissime
3147 2120 3322 2185 Plato,
3353 2124 3618 2174 contem-

1977 2209 2152 2280 plans
2183 2215 2343 2265 tuam
2365 2209 2686 2280 juvenilem
2719 2214 2968 2274 aetatem,
3005 2215 3060 2264 et
3089 2224 3343 2280 parcens
3375 2206 3500 2262 ﬂori
3534 2206 3617 2262 tui

1979 2300 2265 2371 corporis,
2297 2303 2350 2355 et
2380 2299 2572 2353 sciens
2602 2304 2912 2370 parentum
2946 2303 3181 2354 tuorum
3230 2296 3615 2360 nobilitatem,

1979 2387 2084 2443 tibi
2103 2387 2346 2443 consulo
2361 2389 2713 2459 priusquam
2733 2403 2935 2442 rursus
2953 2386 3233 2458 incipiam
3247 2389 3302 2440 te
3322 2391 3616 2455 torquere,

1978 2483 2036 2530 ut
2077 2476 2328 2546 gustatis
2379 2475 2678 2532 sacriﬁciis
2729 2476 2999 2540 serveris,
3045 2480 3100 2530 et
3138 2474 3221 2528 sis
3261 2473 3613 2528 nobiscum:

1973 2563 2088 2619 hoc
2117 2580 2359 2636 quoque
2405 2565 2618 2628 sciens,
2652 2566 2813 2635 quod
2847 2549 3044 2618 nullus
3076 2579 3342 2634 unquam
3375 2561 3516 2616 vixit
3546 2577 3618 2616 ex

1974 2653 2042 2708 iis
2073 2653 2177 2724 qui
2191 2653 2334 2707 mihi
2352 2668 2474 2707 non
2497 2658 2850 2723 paruerunt:
2874 2651 3182 2722 quomodo
3199 2666 3404 2706 rursus
3421 2647 3617 2704 nullus

1975 2757 2046 2796 ex
2059 2741 2128 2796 iis
2145 2741 2241 2812 qui
2257 2740 2401 2796 mihi
2419 2745 2759 2812 paruerunt,
2779 2740 2880 2795 eia
2898 2755 2992 2795 me
3005 2740 3310 2812 promissis
3326 2738 3500 2794 bonis
3513 2736 3620 2793 fuit

1976 2830 2264 2901 privatus,
2293 2832 2444 2899 Ergo
2466 2836 2527 2886 tu
2553 2845 2816 2902 quoque,
2848 2845 2884 2885 ο
2911 2830 3133 2900 optime
3159 2827 3396 2893 Plato,si
3423 2827 3620 2882 volue-

1979 2919 2057 2972 ris
2083 2935 2176 2972 me
2194 2918 2423 2984 audire,
2448 2924 2736 2991 tanquam
2770 2925 3001 2989 patrem
3029 2918 3354 2990 proprium,
3387 2917 3618 2972 bonum

1979 3006 2087 3061 tibi
2115 3005 2358 3062 dantem
2400 3007 2737 3073 consilium,
2775 3007 2970 3063 habeo
3001 3007 3240 3061 unicam
3280 3006 3472 3061 fratris
3499 3005 3615 3060 mei

263 3097 440 3166 γάμον
493 3091 709 3156 ἐπιδοὺς
756 3095 886 3167 αὐτῇ
940 3101 1132 3166 προῖκα
1178 3093 1426 3152 πολυτελῆ
1485 3098 1576 3145 καὶ
1624 3089 1763 3144 ἴδιόν
1815 3112 1872 3144 σε

1980 3094 2192 3150 ﬁliam:
2227 3112 2360 3151 eam
2391 3097 2493 3151 tibi
2519 3097 2756 3152 daboin
2793 3095 3257 3160 matrimonium,
3286 3094 3458 3151 valde
3491 3109 3619 3149 ma-

265 3182 608 3257 ἀναγορεύσω
665 3188 860 3239 τέκνον.
905 3183 962 3236 Ὀ
1022 3181 1080 3236 δὲ
1135 3186 1392 3255 μακάριος
1452 3183 1730 3259 ἀθλοφόρος
1781 3193 1870 3244 καὶ

1692 3273 1749 3324 Ἀ
1765 3274 1871 3328 θλιε

262 3366 363 3412 καὶ
406 3362 760 3433 μισάνθρωπε,
811 3365 899 3412 καὶ
942 3364 1114 3421 πάσης
1164 3358 1507 3422 δικαιοσύνης
1546 3361 1724 3434 ἐχθρὲ,
1774 3365 1870 3415 ῦπ-

261 3273 474 3344 μάρτυς
520 3280 610 3324 τοῦ
661 3280 894 3344 Χριστοῦ
945 3272 1152 3325 Πλάτων
1200 3272 1421 3344 γελάσας
1469 3272 1603 3325 εἶπεν
1637 3295 1649 3306 ο

271 3454 438 3525 ηρέτα
485 3457 576 3502 τοῦ
629 3446 876 3502 διαϐόλου
938 3456 1028 3502 καὶ
1087 3452 1316 3522 ὑπουργε
1385 3457 1476 3503 τοῦ
1549 3458 1774 3517 Σατανᾶ,
1827 3452 1870 3504 εἰ

268 3540 407 3600 ὅλως
459 3537 745 3611 ἐϐουλόμην
798 3539 868 3601 εἰς
950 3541 1118 3611 γάμον
1202 3539 1360 3592 ἐλθεῖν
1433 3545 1520 3592 xui
1577 3541 1870 3612 ἀγαγέσθαι

268 3636 502 3702 γυναῖκα
557 3633 646 3681 καὶ
699 3625 898 3700 διάγειν
971 3628 1018 3680 ἐν
1069 3637 1420 3703 περισπασμῷ
1475 3637 1565 3681 τοῦ
1617 3629 1869 3702 βιωτικοῦ

270 3723 464 3772 τούτου
523 3725 741 3786 καπνοῦ,
795 3717 854 3771 οὗ
911 3717 1213 3780 κάτηξίωκα
1287 3717 1347 3768 ἂν
1413 3727 1484 3788 τῷ
1548 3719 1871 3791 φροντίζοντι

267 3817 376 3862 τῶν
424 3811 742 3882 πραγμάτων
813 3827 912 3880 μου
964 3806 1136 3859 λαϐεῖν
1186 3814 1410 3879 γυναῖκα
1463 3812 1558 3866 τὴν
1615 3811 1874 3881 θυγατέρα

271 3907 367 3952 τοῦ
421 3895 642 3970 ἀδελφοῦ
695 3917 809 3962 σου,
862 3902 950 3948 καὶ
1005 3895 1271 3969 βελτίοντα
1314 3895 1372 3950 δι
1429 3897 1584 3955 ἄλλην
1639 3897 1676 3956 ἦ,
1710 3898 1871 3956 αὐτὴν

271 3989 484 4060 ἠγόμην
513 3988 585 4050 εις
633 3990 820 4059 γάμον.
854 3991 979 4039 Τότε
1024 3988 1048 4038 ὁ
1091 3986 1358 4058 σύσχολος
1388 3995 1477 4039 τοῦ
1533 3993 1733 4040 Σατανᾶ
1779 3992 1868 4040 xui

269 4077 536 4151 ὑπουργὸς
587 4084 678 4128 τοῦ
731 4079 922 4150 πατρὸς
994 4077 1152 4128 αὐτοῦ
1225 4083 1314 4128 τοῦ
1395 4072 1640 4129 διαϐόλου
1694 4079 1872 4138 πάσης

268 4170 459 4225 κακίας
515 4170 683 4238 γέμων
741 4170 831 4217 καὶ
881 4169 1071 4227 παντὸς
1137 4165 1216 4217 ἰοῦ
1269 4170 1357 4216 καὶ
1411 4161 1564 4216 δόλου
1609 4184 1872 4236 μεμεστω-

271 4259 444 4327 μένος,
499 4257 730 4326 καθάπερ
770 4274 844 4314 τις
897 4254 1020 4306 λέων
1078 4259 1224 4326 φόνον
1277 4253 1622 4326 ἐρευγόμενος,
1679 4252 1868 4303 ἐκέλευ-

273 4363 361 4396 σεν
421 4342 696 4415 ἐνεχθῆναι
747 4341 1039 4417 κράϐϐατον
1092 4342 1326 4412 χαλκοῦν
1379 4347 1468 4394 καὶ
1521 4343 1871 4398 κατατεθῆναι

273 4433 347 4494 εἰς
399 4432 554 4484 αὐτὸν
602 4437 686 4484 τὸν
746 4435 986 4505 μάρτυρα
1038 4436 1125 4482 καὶ
1179 4432 1538 4488 ὑποκαυθῆναι
1590 4437 1712 4502 πῦρ,
1781 4433 1870 4481 καὶ
1900 4454 1948 4512 D

271 4522 521 4591 γενέσθαι
573 4519 853 4594 ἀνθρακιὰν
919 4519 1167 4591 μεγάλην,
1244 4523 1332 4570 καὶ
1407 4520 1645 4593 ῥένεσθαι
1709 4519 1868 4578 αὐτὴν

277 4607 452 4676 ἐλαίῳ,
487 4615 576 4662 καὶ
622 4611 830 4683 ῥητίνη,
867 4615 954 4662 xui
1006 4608 1271 4681 ἀσφάλτῳ,
1317 4614 1404 4662 καὶ
1447 4619 1613 4680 κηρῷ,
1664 4615 1754 4662 καὶ
1780 4612 1870 4686 ῥα-

278 4693 525 4756 ϐδίζεθαι
555 4698 708 4749 αὐτὸν
737 4697 1056 4771 λεπτοτέροις
1084 4695 1322 4773 ῥάϐδοις,
1358 4701 1438 4751 ἵνα
1469 4700 1566 4751 ὑπὸ
1590 4708 1681 4752 τοῦ
1711 4704 1870 4775 πυρός

275 4789 366 4837 xui
397 4795 496 4838 τῶν
523 4787 732 4859 πληγῶν
759 4789 788 4845 ἡ
819 4788 1084 4860 οἰκονομία
1109 4796 1208 4841 τῶν
1242 4790 1558 4862 σπλάγχνων
1589 4789 1748 4842 αὐτοῦ
1773 4811 1873 4861 γυ-

274 4875 546 4946 μνωθείσα
582 4875 837 4948 ἀφόρητον
877 4877 1015 4948 αὐτῷ
1044 4882 1358 4952 περιποιήσῃ
1388 4885 1482 4938 τὴν
1510 4878 1763 4953 βάσανον.

349 4962 430 5018 Η’.
492 4965 830 5037 Αἰκιζομένου
897 4963 955 5019 δὲ
1019 4967 1198 5033 αὐτοῦ,
1272 4974 1554 5042 Σωφρόνιος
1622 4980 1872 5042 κομεντα-

272 5060 462 5129 ρήσιος
513 5057 604 5126 ἔφη
669 5072 680 5084 ·
743 5055 1016 5123 Πανάθλιε,
1089 5057 1332 5113 πείσθητι
1378 5066 1448 5126 τῷ
1507 5056 1734 5130 βικαρίῳ
1783 5065 1870 5114 xui

275 5147 434 5198 θύσον
482 5151 589 5205 τοῖς
635 5145 783 5206 θεοῖς,
837 5148 924 5196 καὶ
962 5147 1020 5195 τό
1059 5153 1231 5206 κακῶς
1284 5144 1554 5198 ἀποθανεῖν
1585 5145 1866 5220 κέρδησον,

271 5240 334 5288 Τί
389 5233 684 5304 ἀντιλέγεις,
736 5234 879 5286 ἄθλιε
927 5233 1094 5304 ;Οὖχ
1133 5235 1252 5306 ὁρᾷς
1307 5238 1370 5286 τα
1424 5241 1733 5308 προκείμενα
1773 5237 1869 5310 βα-

276 5329 593 5398 σανιστήρια
645 5319 737 5376 διὰ
794 5328 850 5375 σέ
883 5340 896 5390 ;
931 5322 1142 5375 Πλάτων
1196 5319 1328 5375 εἶπεν
1364 5338 1376 5352 ⁰
1413 5323 1541 5394 Ἐγὼ
1600 5329 1656 5376 τό
1715 5328 1866 5397 σῶμά

275 5433 374 5484 μου
436 5410 531 5466 διὰ
582 5415 813 5488 Χριστὸν
859 5411 971 5464 ὅλον
1014 5407 1316 5485 παρέδωκα.
1369 5417 1430 5464 Τί
1482 5409 1567 5464 οὖν
1614 5433 1713 5484 μου
1765 5415 1858 5466 οὐκ

277 5501 590 5575 ἀφίστασαι,
651 5503 937 5574 σκρινιάριε
986 5507 1077 5552 τοῦ
1136 5505 1336 5553 Σατανᾶ
1403 5506 1492 5554 καὶ
1550 5500 1706 5575 ἐχθρὲ
1771 5512 1866 5564 τῆς

280 5590 526 5653 ἀληθείας
584 5608 598 5660 ;
649 5593 866 5644 Σεαυτόν
934 5591 1245 5648 νουθέτησον
1319 5596 1410 5650 τῆς
1478 5590 1673 5652 πλάνης
1727 5589 1867 5656 ἓκτὸς

1979 3200 2159 3252 gnam
2174 3185 2224 3239 ei
2240 3183 2477 3240 tradens
2495 3184 2708 3250 dotem,
2729 3190 2784 3238 et
2800 3190 2855 3238 te
2871 3200 3060 3239 meum
3081 3183 3372 3254 proprium
3389 3183 3616 3237 vocabo

1976 3272 2187 3328 ﬁlium.
2217 3275 2422 3329 Beatus
2444 3278 2642 3327 autem
2666 3278 2721 3326 et
2738 3287 2944 3328 revera
2970 3271 3136 3326 fortis
3160 3271 3375 3326 athleta
3401 3270 3614 3327 Christi

1976 3361 2139 3416 Plato
2191 3360 2393 3415 ridens
2443 3361 2622 3415 dixit:
2673 3361 2840 3416 Miser
2885 3366 2941 3416 et
2989 3360 3302 3415 hominum
3357 3357 3610 3427 inimice,

1974 3450 2056 3504 ﬁli
2082 3449 2331 3514 diaboli,
2361 3455 2417 3505 et
2447 3449 2798 3505 administer
2829 3451 3080 3512 Satanae,
3111 3449 3161 3503 si
3190 3447 3394 3502 vellem
3442 3445 3612 3516 jungi

1974 3539 2375 3602 matrimonio,
2400 3542 2454 3592 et
2487 3538 2704 3593 ducere
2731 3553 2998 3604 uxorem,
3027 3543 3081 3592 et
3119 3536 3334 3605 degere
3355 3536 3414 3590 in
3444 3534 3616 3589 dece-

1975 3627 2196 3698 ptione,
2231 3625 2567 3696 implicatus
2598 3624 2763 3680 fumo
2791 3625 2971 3695 hujus
2993 3625 3310 3679 mundanae
3335 3624 3490 3692 vitae,
3524 3622 3618 3678 di-

1978 3730 2269 3784 gnarerne
2301 3713 2394 3769 vel
2424 3714 2483 3768 in
2511 3730 2708 3769 rerum
2743 3729 3010 3769 mearum
3047 3711 3438 3768 sollicitudine
3465 3709 3613 3766 acci-

1977 3819 2115 3875 pere
2171 3819 2416 3859 uxorem
2469 3802 2661 3858 fratris
2707 3803 2792 3856 tni
2836 3801 3042 3865 ﬁliam,
3076 3806 3176 3856 aut
3205 3800 3352 3856 tales
3396 3799 3616 3855 habere

1977 3891 2244 3955 ancillas,
2293 3890 2487 3963 qualis
2518 3895 2602 3946 est
2648 3891 2771 3945 ﬁlia
2817 3889 3011 3945 fratris
3044 3891 3144 3954 tui,
3197 3893 3300 3943 aut
3343 3904 3412 3942 ea
3437 3887 3615 3943 etiam

1977 3981 2266 4051 meliores,
2286 3987 2346 4036 ut
2366 3997 2477 4052 ego
2503 3996 2636 4036 eam
2651 3981 2870 4035 ducam
2900 3995 3142 4034 uxorem
3163 3977 3359 4033 ?Tunc
3386 3979 3618 4032 Satanas

1981 4070 2368 4126 scholasticus
2419 4074 2471 4124 et
2521 4069 2872 4124 administer
2943 4067 3124 4138 patris
3179 4067 3309 4136 ejus
3371 4065 3614 4130 diaboli,

1978 4158 2187 4227 plenus
2214 4157 2376 4210 omni
2412 4157 2552 4210 vitio
2589 4162 2644 4210 et
2666 4157 2923 4226 repletus
2963 4153 3125 4209 omni
3157 4169 3369 4224 genere
3395 4153 3620 4223 impro-

1979 4243 2196 4304 bitatis,
2230 4258 2350 4297 non
2374 4258 2544 4297 secus
2561 4259 2628 4296 ac
2649 4243 2829 4297 draco
2852 4243 3152 4313 quispiam
3166 4241 3370 4296 autleo
3393 4241 3617 4296 caedem

1980 4335 2274 4392 eructans,
2309 4330 2624 4400 grabatum
2639 4330 2811 4401 jussit
2831 4329 3026 4384 afferri
3053 4345 3302 4395 aeneum,
3331 4335 3385 4385 et
3411 4329 3469 4384 in
3488 4330 3619 4400 ipso

1979 4419 2197 4492 deponi
2231 4425 2575 4489 martyrem:
2626 4424 2681 4474 et
2721 4417 2804 4473 sic
2839 4417 3037 4488 ignem
3078 4417 3343 4482 accendi,
3386 4425 3444 4473 et
3493 4417 3620 4472 ﬁeri

1980 4524 2266 4580 magnum
2285 4523 2564 4563 acervum
2588 4522 2940 4578 prunarum,
2960 4522 3218 4578 eumque
3244 4505 3479 4578 aspergi
3493 4506 3620 4561 oleo

1980 4602 2037 4653 et
2066 4598 2260 4652 resina
2292 4602 2346 4650 et
2384 4596 2672 4652 bitumine
2713 4601 2768 4651 et
2797 4611 2948 4662 cera,
2987 4600 3040 4650 et
3081 4612 3217 4650 eum
3259 4595 3404 4651 caedi
3436 4596 3616 4665 virgis

1981 4686 2206 4741 subtilis
2219 4685 2402 4750 simis,
2436 4691 2498 4740 ut
2528 4701 2562 4740 a
2583 4684 2773 4756 plagis
2799 4691 2853 4739 et
2877 4684 3010 4754 igne
3042 4683 3263 4738 nudata
3288 4685 3415 4754 eius
3437 4684 3621 4739 visce-

1981 4791 2111 4831 rum
2154 4779 2440 4830 structura
2491 4773 2540 4827 ei
2565 4773 2915 4828 intolerabile
2964 4777 3324 4828 tormentum
3382 4772 3615 4828 efﬁciat.

2051 4971 2188 5025 Vlll.
2223 4970 2366 5024 Cum
2406 4968 2509 5022 diu
2548 4971 2748 5023 autem
2797 4967 3120 5022 caederetur
3172 4971 3416 5037 martyr,
3472 4966 3622 5023 dixit

1983 5059 2347 5130 Sophronius
2368 5055 2935 5113 commentariensis:
2951 5055 3524 5126 lnfelicissime,pare
3540 5055 3620 5110 vi-

1979 5149 2159 5214 cario,
2178 5153 2233 5203 et
2252 5148 2363 5202 diis
2385 5146 2672 5210 sacriﬁca,
2695 5153 2750 5200 et
2771 5161 2845 5200 ne
2864 5144 3017 5201 male
3042 5143 3334 5209 moriaris,
3351 5143 3615 5200 lucrifac.

1979 5237 2131 5304 Quid
2180 5234 2581 5292 contradicis?
2633 5238 2758 5290 Non
2815 5234 2980 5287 vides
3031 5238 3237 5303 parata
3288 5238 3528 5304 propter
3568 5240 3618 5288 te

1980 5330 2272 5382 tormenta
2293 5325 2320 5381 *Ι
2353 5324 2501 5379 Dixit
2531 5328 2772 5378 sanctus
2800 5320 2961 5376 Plato
2991 5336 3002 5374 :
3038 5323 3158 5390 Ego
3188 5325 3379 5376 totum
3411 5337 3612 5376 meum

1977 5431 2192 5485 corpus
2247 5418 2486 5485 propter
2537 5410 2828 5468 Christum
2879 5410 3114 5467 tradidi.
3166 5412 3279 5465 Cur
3323 5425 3463 5480 ergo
3495 5425 3619 5464 non

1975 5504 2230 5568 desistis,
2261 5519 2296 5558 ο
2329 5505 2555 5558 Satanae
2587 5498 2904 5565 scriniarie,
2940 5503 2994 5554 et
3024 5499 3260 5554 inimice
3310 5498 3564 5554 veritatis
3590 5499 3618 5553 ‘I

1974 5593 2251 5668 Teipsum
2279 5591 2556 5663 admone,
2589 5593 2653 5648 ut
2676 5589 2754 5649 ab
2784 5603 2980 5649 errore
3003 5587 3276 5648 desistas.
3308 5589 3426 5659 Ego
3456 5584 3618 5643 enim
