4144 6258
503 321 602 376 411

508 445 648 515 scio,
682 443 829 516 quid
858 443 1002 498 mihi
1043 439 1338 513 expediat,
1365 441 1420 493 et
1457 450 1764 506 nunquam
1808 434 2041 488 avertar
2083 426 2160 483 ab
2191 425 2237 478 A

510 535 624 590 hac
656 533 1043 589 confessione.
1081 527 1602 599 DixitAgrippinus
1634 542 1645 579 :
1683 523 1823 589 Quis
1859 527 1944 576 est
1971 519 2161 574 Chris-

512 629 655 688 stus,
689 638 865 693 quem
892 621 1041 675 dicis
1063 621 1090 675 ?
1116 624 1265 675 Num
1314 621 1506 689 potest
1551 620 1605 669 te
1637 614 1841 668 vivum
1883 611 2106 681 eripere
2131 623 2161 662 e

514 711 652 765 meis
670 711 942 764 manibus
962 725 1081 764 non
1098 705 1554 762 sacrificantem?
1567 706 1730 758 Nunc
1749 716 1889 769 ergo
1906 699 1992 753 vis
2009 695 2162 751 male

513 799 687 854 mori.
709 798 868 854 Scias
883 802 1077 852 autem
1090 840 1102 861 ,
1119 797 1282 867 quod
1303 797 1402 866 qui
1421 795 1525 849 fuit
1539 792 1852 847 crucifixus
1873 805 1907 843 a
1923 787 2159 852 Judmis,

515 903 633 942 non
658 891 857 958 potest
884 895 932 940 te
958 902 1214 950 servare,
1244 883 1470 938 etiamsi
1506 879 1817 952 praestigiis
1848 880 1960 932 tuis
1992 875 2162 930 valde

514 975 910 1031 conﬁdas.Sin
934 979 1134 1029 autem
1156 989 1373 1042 magno
1396 972 1508 1026 deo
1527 969 1777 1041 Apollini
1795 965 2160 1028 sacriﬁcat-is,

515 1067 571 1118 et
594 1069 690 1118 tuo
715 1062 1006 1117 sacriﬁcio
1034 1078 1172 1116 eum
1194 1061 1301 1116 tibi
1326 1060 1603 1132 placaris,
1626 1063 1817 1129 potest
1845 1060 1900 1110 te
1922 1053 1998 1109 ab
2029 1056 2161 1117 hoc,

514 1152 616 1224 qui
637 1155 688 1206 te
704 1151 944 1216 detinet;
963 1150 1273 1205 candentis
1296 1148 1450 1217 ignis
1481 1147 1733 1215 grabato
1759 1151 1811 1199 et
1831 1144 2033 1198 dolore
2056 1141 2167 1196 eri-

513 1255 675 1312 pere.
717 1242 967 1295 Sanctus
999 1243 1200 1294 autem
1235 1237 1394 1292 Plato
1426 1235 1598 1290 dixit:
1629 1237 1944 1302 Nunquam
1990 1229 2167 1285 sacri-

514 1327 731 1391 ﬁcabo,
779 1342 888 1382 nec
940 1326 1217 1398 Apollini,
1259 1341 1367 1380 nec
1410 1322 1654 1394 reliquis
1693 1321 1804 1376 diis
1843 1321 1974 1375 tuis.
2019 1321 2166 1373 Nam

517 1416 620 1487 qui
650 1414 862 1486 Apollo
891 1415 1126 1479 dicitur,
1171 1413 1335 1485 pellit
1377 1412 1453 1467 ad
1491 1410 1818 1466 intcritum:
1849 1412 1904 1463 et
1932 1421 2162 1471 omnes,

517 1505 620 1575 qui
650 1506 706 1560 in
747 1520 884 1560 eum
919 1502 1184 1564 credunt.
1219 1502 1428 1557 eodem
1469 1498 1748 1571 peribunt
1773 1496 2029 1553 interitu.
2075 1495 2166 1548 Vis

521 1599 720 1650 autem
750 1594 920 1656 scire,
949 1607 984 1647 ο
1005 1591 1178 1646 stulte
1205 1589 1441 1659 etgravi
1467 1588 1664 1653 corde,
1692 1586 1874 1641 delire
1896 1589 1952 1641 et
1973 1589 2167 1640 mente

521 1688 714 1754 capte,
773 1682 936 1754 quod
968 1695 1090 1735 non
1149 1684 1286 1734 sunt
1313 1679 1416 1742 dii,
1469 1678 1572 1749 qui
1622 1676 1768 1731 fiunt
1809 1691 1913 1747 per
1950 1688 2166 1729 manus

1908 301 2169 360 MENSIS
2209 298 2476 355 JULIUS.

3772 292 3893 348 412

2273 427 2513 496 γενέσθαι
2574 442 2586 452 ·
2639 422 2737 494 ἐγώ
2791 426 2891 494 γὰρ
2940 427 2996 474 τό
3057 425 3314 493 συμφέρον
3367 421 3576 492 ἐμαυτῷ
3630 423 3894 490 γινώσκω

2272 518 2361 564 καὶ
2412 513 2468 564 οὐ
2500 517 2886 583 μετατρέπομαι
2941 511 3040 563 ἀπὸ
3092 519 3183 570 τῆς
3226 510 3502 582 ὁμολογίας
3556 511 3783 568 ταύτης.
3825 505 3890 557 εΟ

2275 599 2332 653 δὲ
2366 602 2698 672 Ἀγριππῖνος
2738 603 2828 671 ἔφη
2885 618 2895 629 ·
2949 607 3040 661 Τίς
3097 599 3236 651 ἐστιν
3285 602 3309 651 ὁ
3354 601 3585 673 Χριστός
3614 597 3667 648 ὃν
3702 601 3770 647 σὺ
3803 595 3889 646 λέ-

2271 710 2380 760 γεις
2413 707 2425 756 ;
2461 695 2544 747 Μὴ
2593 686 2814 740 δύναταί
2867 708 2922 740 σε
2970 690 3237 763 ῥύσασθαι
3285 687 3338 739 ἐκ
3379 696 3476 740 τῶν
3526 693 3748 760 χειρῶν,
3804 689 3880 755 μὴ

2276 781 2462 832 θύοντα
2496 797 2508 845 ;
2541 786 2627 830 νῦν
2683 775 2768 830 οὖν
2825 777 3001 850 βούλει
3061 787 3230 839 κακῶς
3286 776 3578 829 ἀποθανεῖν.
3647 779 3885 826 Γίνωσκε

2275 866 2381 934 οὖν,
2443 873 2522 921 ὅτι
2568 871 2592 921 ό
2637 870 2948 940 σταυρωθεὶς
2996 870 3136 940 παρά
3164 876 3261 918 τῶν
3302 863 3572 919 Ἰουδαίων
3615 864 3672 915 ού
3721 860 3884 914 δύνα-

2275 964 2360 1010 ταί
2394 979 2450 1011 σε
2483 967 2670 1020 σῶσαι,
2716 958 2758 1010 εἰ
2801 963 2889 1008 xui
2941 953 3148 1030 σφόδρα
3188 955 3386 1030 θαρρεῖς
3439 961 3552 1014 ταῖς
3606 956 3883 1022 γοητείαις

2279 1066 2394 1098 σου.
2442 1047 2556 1098 Ἐἀν
2607 1044 2666 1098 δὲ
2709 1049 2872 1118 θύσῃς
2922 1054 2994 1115 τῷ
3038 1045 3240 1117 μεγάλῳ
3301 1047 3396 1114 θεῷ
3448 1041 3738 1096 Ἀπόλλωνι
3787 1046 3883 1090 xui

2280 1137 2603 1207 θεραπεύσης
2635 1136 2788 1186 αὑτὸν
2823 1132 2912 1187 διά
2957 1143 3049 1194 τῆς
3081 1136 3264 1195 θυσίας
3298 1153 3413 1199 σου,
3467 1129 3687 1190 δυνατός
3739 1129 3883 1181 ἐστιν

2277 1222 2378 1275 ἀπὸ
2411 1231 2505 1285 τῆς
2542 1227 2876 1294 κατεχούσας
2905 1243 2960 1275 σε
2991 1226 3186 1283 ταύτης
3235 1219 3428 1283 ὀδύνης
3467 1226 3556 1272 καὶ
3586 1217 3876 1293 κραεϐατο-

2277 1317 2465 1383 πυρίας
2518 1311 2796 1374 ἐξελέσθαι.
2854 1311 3064 1364 Πλάτων
3114 1309 3248 1364 εἶπεν
3295 1333 3306 1344 ·
3357 1311 3432 1362 Οὐ
3486 1312 3590 1362 θύω
3624 1312 3741 1360 οὔτε
3773 1313 3882 1365 τοῖς

2275 1400 2475 1464 λοιποῖς
2559 1404 2711 1469 θεοῖς,
2764 1404 2878 1454 οὔτε
2936 1399 3216 1454 Ἀπόλλωνι
3271 1419 3280 1428 ·
3349 1402 3374 1451 ό
3425 1401 3526 1471 γὰρ
3584 1397 3882 1468 λεγόμενος

2278 1490 2537 1543 Ἀπόλλων
2592 1491 2817 1543 ἀπώλειά
2857 1490 3013 1554 ἐστιν,
3070 1496 3159 1542 xui
3197 1492 3375 1548 πάντες
3421 1485 3479 1540 δε
3531 1489 3580 1538 οἱ
3621 1487 3689 1546 εἰς
3721 1486 3876 1536 αὐτὸν

2276 1582 2621 1642 πιστεύοντες,
2674 1587 2734 1650 τῇ
2813 1579 2942 1651 αὐτῇ
3014 1577 3243 1649 ἀπωλείᾳ
3310 1576 3641 1629 ἀπολοῦνται.
3701 1573 3882 1632 Θέλεις

2281 1663 2338 1719 δὲ
2382 1677 2590 1738 γνῶναι,
2641 1666 2823 1726 ἀνόητε
2877 1673 2963 1719 καὶ
3018 1663 3367 1740 βαρυκάρδιε,
3431 1671 3519 1716 καὶ
3576 1664 3888 1737 φρεναπάται

520 1751 858 1834 hominum,
895 1769 998 1824 sed
1054 1783 1269 1822 aurum
1318 1771 1372 1822 et
1421 1769 1754 1836 argentum,
1803 1768 1859 1818 et
1887 1763 2069 1832 ligna,
2114 1766 2169 1816 et

2281 1761 2366 1808 xui
2405 1757 2622 1829 λυμεὼν,
2672 1759 2751 1808 ὅτι
2801 1757 2892 1809 οὐκ
2940 1757 3043 1809 εἰσὶ
3079 1760 3181 1809 θεοὶ
3211 1759 3260 1808 οἱ
3305 1753 3397 1808 διά
3440 1762 3633 1828 χειρῶν
3682 1751 3884 1820 ἀνθρὼ-

521 1859 750 1931 lapides
789 1858 1027 1914 formati
1069 1856 1250 1912 variis
1291 1859 1348 1912 et
1389 1855 1638 1910 diversis
1669 1853 1966 1909 coloribus
2003 1852 2030 1906 ?
2059 1851 2169 1917 Qui

521 1947 726 2004 oculos
764 1946 1007 2012 habent,
1051 1949 1106 2000 et
1139 1960 1257 2000 non
1300 1944 1535 1999 vident:
1567 1958 1786 1998 manus
1835 1941 2080 2007 habent,
2113 1946 2170 1997 et

522 2050 645 2091 non
662 2035 909 2106 palpant
935 2035 1141 2106 :pedes
1157 2033 1400 2096 habent,
1418 2036 1472 2087 et
1494 2046 1615 2086 non
1640 2029 1972 2095 ambulant,
1999 2045 2168 2086 aures

523 2123 763 2189 habent,
811 2128 864 2178 et
912 2139 1034 2179 non
1075 2122 1365 2178 audiunt:
1423 2137 1597 2176 nares
1653 2119 1896 2184 habent,
1945 2125 2000 2174 et
2047 2135 2168 2174 non

526 2211 856 2267 odorantur
879 2212 902 2246 ⁴
937 2228 950 2277 ;
985 2215 1061 2274 et,
1138 2214 1203 2265 ut
1237 2221 1250 2236 '
1272 2209 1453 2265 semel
1525 2209 1741 2272 dicam,
1788 2212 1925 2262 sunt
1989 2223 2171 2278 opera

522 2299 852 2362 fabrorum,
895 2304 949 2354 et
987 2299 1318 2363 auriﬁcum,
1351 2304 1405 2352 et
1449 2302 1840 2360 tornatorum,
1887 2301 1942 2351 et
1976 2298 2170 2369 lapici-

525 2387 759 2443 darum.
810 2387 909 2442 Isti
949 2387 1133 2452 enim,
1167 2403 1317 2459 quos
1353 2393 1414 2442 tu
1445 2387 1590 2442 deos
1639 2402 1770 2441 esse
1801 2385 1949 2440 dicis
1981 2403 1991 2440 :
2025 2402 2172 2458 quo-

526 2475 709 2532 modo
773 2492 894 2532 non
953 2480 1206 2548 possunt
1271 2476 1446 2533 alicui
1506 2474 1871 2541 benefacere,
1938 2477 2017 2531 ita
2064 2492 2173 2531 nec

527 2570 1065 2637 possuntunquam
1095 2565 1309 2620 laedere
1345 2581 1448 2620 eos
1465 2565 1566 2635 qui
1601 2564 1814 2619 timent
1832 2565 2170 2620 Dominum.

531 2654 679 2708 Sunt
709 2653 870 2708 enim
913 2653 1079 2709 nullo
1112 2668 1293 2708 sensu
1342 2652 1598 2724 praediti,
1629 2651 1803 2706 vobis
1832 2651 2085 2707 similes:
2118 2656 2175 2707 et

527 2757 645 2796 non
668 2742 944 2807 sentiunt,
974 2757 1084 2797 nec
1111 2758 1248 2796 cum
1279 2742 1360 2796 eis
1391 2741 1633 2796 offertur
1659 2740 2037 2797 sacriﬁcium.
2065 2757 2175 2797 nec

527 2845 667 2885 cum
703 2830 985 2896 libamen,
1025 2846 1135 2885 nec
1185 2847 1320 2885 cum
1349 2830 1432 2884 eis
1484 2829 1639 2885 ullus
1690 2829 1841 2884 alius
1867 2829 2176 2885 exhibetur

528 2918 737 2973 cultus.
776 2921 927 2974 Deus
983 2923 1204 2982 autem,
1255 2919 1356 2989 qui
1408 2919 1610 2974 omnia
1667 2917 1818 2983 fecit,
1853 2923 1909 2973 et
1957 2917 2170 2974 caelum

527 3007 792 3062 extendit
819 3010 1102 3078 tanquam
1126 3006 1361 3079 pellem,
1386 3012 1438 3062 et
1463 3012 1679 3062 terram
1698 3006 1967 3061 fundavit
1994 3023 2175 3078 super

531 3110 723 3165 aquas
754 3097 796 3160 ⁵,
831 3096 930 3166 qui
959 3100 1151 3166 potest
1181 3095 1447 3151 animam
1482 3099 1538 3151 et
1579 3111 1791 3167 corpus
1837 3095 2082 3168 perdere
2112 3097 2170 3150 in
2203 3115 2243 3168 ο

533 3183 809 3251 gehenna
837 3185 858 3219 ⁸
912 3184 1076 3255 :ipse
1110 3183 1169 3238 in
1197 3199 1406 3239 omnes
1450 3184 1824 3238 dominatum
1879 3183 2166 3252 obtinens,

527 3270 840 3326 rationalia
873 3274 928 3326 et
960 3272 1269 3327 incruenta
1310 3273 1554 3343 suscipit
1591 3271 1901 3337 sacrificia,
1935 3289 2069 3343 quae
2101 3290 2170 3329 ex

527 3373 680 3430 puro
713 3360 890 3415 corde
920 3362 968 3415 ei
1001 3359 1357 3415 offeruntur:
1393 3366 1448 3415 et
1477 3361 1783 3432 quomodo
1815 3376 1933 3415 non
1960 3366 2045 3415 est
2073 3362 2174 3416 ab—

528 3448 796 3515 surdum,
832 3454 893 3503 ut
928 3465 1041 3504 nos
1071 3449 1268 3504 relicto
1313 3449 1585 3504 effectore
1612 3450 2043 3515 universorum,
2087 3467 2175 3504 sa-

529 3536 862 3592 criﬁcemus
877 3537 1054 3607 lignis
1069 3537 1437 3609 ctlapidibus
1450 3537 1677 3592 ratione
1694 3537 2049 3605 carentibus,
2071 3541 2172 3611 qui

530 3625 714 3680 creati
746 3642 953 3680 sumus
980 3626 1056 3681 ad
1091 3627 1188 3681 Dei
1219 3626 1584 3694 imaginem?

597 3801 680 3856 lX.
718 3800 862 3855 Dicit
900 3799 1290 3870 Agrippinus:
1333 3800 1598 3856 Miserere
1624 3800 1706 3855 tui
1754 3801 1827 3856 de
1859 3807 2092 3869 caetero,
2138 3821 2172 3859 ο

528 3889 740 3958 miser;
765 3888 880 3942 etsi
907 3886 1060 3942 nolis
1089 3887 1552 3948 sacriﬁcare,dic
1571 3888 1792 3942 solum:
1823 3893 2062 3960 Magnus
2090 3897 2177 3946 est

530 3975 760 4047 Apollo,
784 3981 839 4030 et
858 3975 1086 4046 jubebo
1111 3981 1163 4030 te
1185 3974 1400 4030 auferri
1425 3975 1502 4031 ab
1527 3975 1641 4030 hoc
1664 3978 1827 4046 gravi
1853 3977 2028 4045 ignis,
2053 3995 2174 4050 quo

528 4064 786 4130 vexaris,
821 4064 1109 4127 cruciatu,
1138 4063 1357 4133 abique
1390 4080 1597 4136 sospes
1619 4072 1673 4120 et
1696 4071 1896 4121 noster
1921 4067 2170 4122 amicus.

529 4155 778 4210 Sanctus
811 4158 1010 4227 autem
1056 4153 1201 4208 dixit
1236 4153 1432 4208 Plato:
1479 4153 1662 4218 Absit,
1693 4159 1752 4210 ut
1804 4171 1915 4224 ego
1946 4157 2025 4211 ita
2061 4157 2173 4211 mei

529 4243 820 4307 miserear,
842 4247 900 4298 ut
912 4258 1046 4297 meo
1061 4258 1302 4313 parcens
1315 4243 1560 4314 corpori,
1579 4250 1635 4298 et
1647 4259 1831 4315 parva
1846 4251 2175 4316 accepta,ut

529 4337 586 4385 tu
601 4347 831 4397 censes,
845 4331 1226 4397 relaxatione,
1243 4349 1378 4387 cum
1403 4332 1606 4386 anima
1630 4333 1740 4387 vad
1751 4349 1847 4388 am
1862 4333 1937 4388 ad
1954 4335 2177 4404 gehen-

529 4435 668 4474 nam
698 4420 868 4488 ignis.
905 4420 1056 4473 Dixit
1086 4420 1479 4489 Agrippinus:
1514 4422 1684 4473 Recte
1712 4419 1871 4487 facis,
1906 4421 2173 4477 infelicis-

530 4508 697 4574 sime,
717 4506 820 4561 tibi
837 4510 1083 4560 mortem
1101 4505 1373 4560 atterens.
1397 4511 1446 4560 te
1468 4507 1574 4560 hac
1603 4507 1957 4564 suavissima
1972 4510 2175 4566 volens

530 4595 656 4650 luce
695 4593 950 4666 privare.
989 4593 1136 4647 Dixit
1178 4592 1368 4647 Plato:
1403 4594 1510 4648 Pro
1542 4593 1770 4650 Christo
1818 4597 1993 4663 mori,
2036 4615 2179 4654 con-

531 4684 686 4740 ciliat
741 4681 887 4738 mihi
937 4697 1184 4750 regnum
1235 4681 1564 4747 caelorum;
1606 4699 1726 4738 non
1779 4685 1921 4739 mihi
1979 4693 2177 4744 autem

531 4773 745 4836 solum,
778 4771 883 4826 sed
910 4770 1087 4826 etiam
1120 4769 1421 4833 omnibus,
1458 4771 1558 4842 qui
1589 4770 1779 4840 ipsum
1809 4772 2033 4831 timent.
2061 4779 2176 4846 Ego

529 4877 670 4916 vero
701 4860 803 4916 tibi
826 4860 978 4925 dico,
1012 4859 1176 4929 quod
1207 4874 1325 4913 non
1361 4865 1610 4928 possunt
1637 4860 1888 4926 vincere,
1916 4865 2018 4934 qui
2041 4882 2177 4921 cum

530 4949 648 5004 Deo
681 4954 975 5004 conantur
1015 4947 1232 5001 bellum
1275 4962 1497 5014 gerere,
1552 4953 1606 5003 et
1649 4948 1881 5018 pietatis
1927 4953 2178 5010 athletas

532 5037 777 5092 diversis
802 5036 1109 5092 tormentis
1132 5036 1450 5108 subjiciunt
1475 5051 1485 5090 :
1514 5036 1820 5107 quomodo
1842 5055 2046 5096 rursus
2072 5059 2180 5098 nec

531 5125 632 5193 qui
647 5125 942 5180 Christum
957 5124 1180 5180 habent
1198 5139 1374 5195 opem
1392 5124 1694 5188 ferentem,
1718 5135 1970 5195 possunt
1989 5131 2180 5186 malos

531 5210 805 5265 homines
831 5217 887 5266 et
919 5216 1035 5267 Deo
1074 5212 1293 5267 invisos
1327 5212 1556 5267 vincere
1606 5221 1845 5284 propter
1874 5216 2175 5287 insignem

535 5311 743 5351 eorum
772 5297 1081 5354 malitiam.
1115 5300 1519 5364 Quamobrem
1553 5300 1686 5356 dico
1727 5300 1848 5366 tibi,
1902 5308 2177 5377 tyranne,

535 5381 701 5454 quod
717 5397 912 5454 neque
927 5385 1066 5450 vita,
1084 5402 1278 5458 neque
1296 5404 1476 5459 mors,
1498 5405 1690 5461 neque
1710 5389 1966 5458 gladius,
1988 5409 2181 5466 neque

611 5555 631 5590 ὀ
672 5552 830 5610 Psal.
861 5569 1014 5622 σιω,
1051 5557 1166 5612 5-7.
1247 5562 1268 5595 ⁴
1294 5562 1448 5620 Psal.
1493 5579 1605 5633 cm,
1636 5568 1689 5637 3,
1724 5570 1775 5622 5.

2278 1866 2385 1898 πων
2433 1851 2711 1918 γενόμενοι,
2758 1845 2884 1897 ἀλλά
2917 1850 3138 1917 χρυσὸς,
3177 1850 3264 1897 καὶ
3295 1845 3541 1916 ἄργυρος,
3588 1845 3676 1893 xui
3729 1840 3881 1909 ξύλα,

2279 1940 2367 1987 καὶ
2433 1935 2586 1998 λίθοι,
2656 1939 3044 2008 μεμορφωμένοι
3121 1933 3377 1992 ποικίλοις
3439 1937 3527 1983 καὶ
3601 1927 3887 2002 διαφόροις

2278 2028 2559 2096 χρώμασιν
2591 2040 2601 2051 ·
2635 2024 2682 2075 οἳ
2737 2023 3032 2096 ὀφθαλμούς
3079 2026 3268 2093 ἔχουσι
3316 2025 3402 2072 καὶ
3459 2021 3517 2072 οὐ
3565 2018 3879 2091 βλέπουσιν,

2278 2109 2384 2163 ὦτα
2457 2115 2647 2183 ἔχουσι
2719 2117 2808 2164 καὶ
2867 2113 2960 2164 οὐκ
3017 2113 3285 2172 ἀκούουσι,
3336 2111 3476 2184 ῥῖνας
3529 2111 3723 2178 ἔχουσι
3785 2111 3879 2157 καὶ

2278 2201 2371 2252 οὐκ
2434 2200 2901 2274 ὄσφρανθησονται,
2978 2209 3159 2273 χεῖρας
3237 2204 3427 2272 ἔχουσι
3493 2203 3583 2250 καὶ
3651 2197 3711 2247 οὐ
3771 2195 3879 2266 Ψψ

2277 2289 2596 2361 λαφήσουσι,
2673 2288 2838 2351 πόδας
2921 2294 3108 2361 ἔχουσι
3190 2294 3277 2341 καὶ
3353 2288 3410 2340 οὐ
3482 2289 3882 2357 περιπατήσου-

2284 2399 2338 2431 σι
2394 2397 2405 2408 ·
2466 2385 2555 2431 καὶ
2604 2379 2773 2440 ἀπλῶς
2830 2380 3006 2444 εἰπεῖν,
3063 2383 3189 2451 ἔργα
3239 2386 3429 2452 χειρῶν
3484 2384 3740 2446 τεχνιτῶν
3785 2379 3881 2425 xui

2281 2473 2602 2541 χρυσοχόων

2283 2556 2443 2609 Οὗτοι
2471 2559 2593 2628 γὰρ,
2644 2556 2732 2617 ούς
2778 2557 2913 2628 λέγει
2962 2558 3089 2609 εἶναι
3139 2559 3301 2624 θεοὺς,
3348 2557 3519 2624 ὥσπερ
3572 2552 3770 2623 ἀγαθὸν
3821 2551 3883 2603 ού

2695 2473 2785 2520 καὶ
2865 2477 3144 2540 τορνευτῶν
3233 2471 3323 2518 καὶ
3387 2464 3630 2527 λιθοξόων
3720 2463 3879 2516 εἰσίν.

2284 2641 2528 2696 δύνανται
2585 2654 2826 2714 ποιῆσαι,
2884 2646 3047 2706 οὕτως
3104 2641 3227 2696 οὐδὲ
3281 2642 3485 2716 βλάψαι
3525 2646 3644 2702 τοὺς
3684 2640 3883 2712 φοϐου-

2283 2736 2464 2798 μένους
2539 2736 2624 2783 τὸν
2691 2736 2818 2786 Θεὸν
2875 2729 3140 2797 δύνανται,
3205 2731 3332 2784 ἀλλά
3381 2730 3687 2787 ἀναίσθητοί
3736 2728 3876 2778 εἰσιν

2282 2824 2451 2892 ὅμοιοι
2505 2822 2644 2893 ὑμῶν
2686 2827 2776 2874 xui
2825 2822 2917 2873 οὐκ
2962 2822 3297 2874 αἰσθάνονται
3335 2822 3451 2873 οὔτε
3484 2819 3661 2878 θυσίας
3703 2835 3869 2890 προσ-

2283 2915 2563 2982 φερομένης
2616 2914 2728 2963 οὔτε
2771 2915 2873 2982 μὴν
2932 2911 3100 2982 ἐτέρας
3155 2913 3291 2971 τινός
3350 2911 3640 2980 θεραπείας.
3688 2905 3744 2957 Ὀ
3810 2902 3868 2956 δὲ

2283 3002 2450 3050 πάντα
2502 3004 2744 3061 ποιήσας,
2792 3003 2877 3051 xui
2927 3003 3012 3051 τὸν
3063 2999 3274 3070 οὐρανὸν
3316 3001 3544 3057 τανύσας
3601 2998 3722 3047 ὡσεὶ
3761 2990 3880 3066 δέρ-

2281 3089 2360 3162 ριν
2408 3092 2497 3140 xui
2553 3091 2645 3146 τὴν
2697 3096 2795 3159 γῆν
2848 3088 3160 3160 θεμελιώσας
3217 3086 3299 3138 ἐπὶ
3347 3095 3443 3138 τῶν
3498 3083 3725 3146 ῦδάτων,
3786 3079 3882 3134 δυ-

2283 3179 2494 3249 νάμενος
2540 3183 2629 3228 xui
2668 3182 2760 3234 τὴν
2809 3177 2994 3248 ψυχὴν
3041 3181 3130 3228 xui
3164 3179 3220 3228 τό
3268 3184 3418 3246 σῶμα
3451 3173 3704 3226 ἀπολέσαι
3736 3174 3783 3223 ἐν
3816 3179 3877 3243 τῇ

2282 3270 2474 3336 γεέννῃ,
2505 3266 2658 3325 αὐτὸς
2686 3263 2955 3326 δεσπόζων
2981 3268 3200 3328 πάντων,
3223 3261 3581 3338 προσδέχεται
3612 3265 3710 3323 τὰς
3741 3263 3881 3330 λογι-

2283 3356 2373 3412 κάς
2415 3355 2596 3412 θυσίας
2625 3358 2714 3405 xui
2745 3351 3113 3424 ἀναιμάκτους,
3143 3356 3236 3414 τὰς
3267 3352 3368 3405 ἀπὸ
3396 3355 3626 3424 καθαρᾶς
3657 3346 3886 3424 καρδίας

2282 3447 2694 3515 προσφερομένας
2737 3446 2820 3493 xui
2871 3451 2975 3502 πῶς
3016 3443 3108 3494 οὐκ
3153 3444 3342 3494 ἄτοπόν
3370 3442 3505 3494 ἐστιν
3537 3439 3888 3510 καταλείψαν-

2282 3551 2371 3592 τας
2424 3534 2560 3602 ὴμᾶς
2621 3534 2707 3582 τόν
2755 3539 2851 3582 τῶν
2909 3531 3034 3584 ὅλων
3081 3537 3323 3595 ποιητὴν,
3373 3531 3540 3592 ξύλοις
3582 3534 3672 3581 xui
3715 3528 3887 3590 λίθοις

2284 3621 2492 3690 ἀλόγοις
2523 3622 2658 3673 θύειν
2685 3621 2714 3679 ἡ
2751 3617 2986 3674 σπένδειν
3036 3624 3156 3682 τούς
3202 3619 3317 3674 κατ’
3375 3620 3545 3672 εἰκόνα
3575 3621 3888 3678 κτισθέντας

2285 3718 2418 3764 Θεοῦ
2453 3729 2464 3774 ;

2357 3799 2437 3853 Θ’.
2491 3799 2548 3851 Ὀ
2607 3796 2664 3852 δὲ
2714 3798 3051 3872 Ἀγριππῖνος
3109 3801 3201 3870 ἔφη
3261 3816 3272 3827 ·
3333 3801 3600 3871 Οἴκτειρον
3664 3800 3886 3848 σεαυτόν

2285 3887 2479 3950 λοιπόν,
2548 3888 2838 3960 τρισάθλιε,
2896 3893 3004 3950 xui,
3069 3888 3112 3940 εἰ
3181 3891 3250 3958 μὴ
3309 3887 3464 3948 θέλεις
3539 3889 3717 3950 θύσαι,
3780 3885 3888 3937 εἰπε

2287 3980 2436 4046 μόνον
2489 3995 2500 4006 ·
2555 3981 2727 4046 Μέγας
2781 3979 2805 4027 ό
2861 3977 3143 4041 Ἀπόλλων,
3217 3981 3305 4028 xui
3362 3976 3587 4028 κελεύσω
3645 3978 3701 4027 σε
3761 3994 3887 4026 κατ·

2288 4067 2560 4136 ενεχθῆναι
2593 4065 2692 4117 ἀπὸ
2730 4062 2822 4125 τῆς
2865 4069 3192 4136 κατεχούσης
3242 4085 3298 4118 σε
3351 4063 3526 4126 δεινῆς
3578 4073 3670 4116 τοῦ
3723 4068 3887 4137 πυρός

2287 4153 2560 4215 κολάσεως,
2611 4159 2700 4205 καὶ
2756 4153 2941 4206 ἄπελθε
2997 4157 3241 4224 ὑγιαίνων
3293 4159 3376 4205 xui
3432 4155 3576 4226 φίλος
3627 4156 3888 4227 ὑπάρχων

2288 4245 2546 4314 ἡμέτερος.
2615 4243 2822 4294 Πλάτων
2877 4239 3009 4294 εἶπεν
3087 4263 3096 4273 ·
3183 4247 3266 4300 Μὴ
3321 4248 3519 4314 γένοιτό
3574 4263 3665 4314 μοι
3727 4244 3889 4302 οὕτως

2289 4333 2467 4384 ἑαυτὸν
2518 4331 2741 4395 ἐλεῆσαι,
2820 4333 2901 4383 ἵνα
2973 4328 3271 4403 φειδόμενός
3338 4351 3438 4402 μου
3495 4339 3587 4383 τοῦ
3645 4337 3889 4403 σώματος

2211 4455 2252 4508 D
2287 4427 2375 4472 xui
2430 4421 2619 4491 ὀλίγον,
2669 4424 2737 4482 ὡς
2796 4425 2860 4472 σὺ
2919 4421 3166 4491 νομίζεις,
3222 4422 3394 4472 ἄνεσιν
3452 4420 3620 4472 λαϐὼν
3674 4425 3769 4472 σύν
3826 4428 3886 4492 τῇ

2287 4511 2441 4582 ψυχῇ
2503 4509 2708 4582 ἐμπέσω
2772 4510 2838 4570 εἰς
2891 4515 2984 4568 τὴν
3038 4514 3258 4581 γέενναν.
3313 4509 3375 4561 Ὁ
3432 4507 3489 4562 δὲ
3545 4511 3890 4582 Ἀγριππίνος

2290 4603 2379 4672 ἔφη
2443 4620 2454 4632 ⁸

2290 4691 2443 4760 αγεις,
2504 4687 2809 4760 βουλόμενος
2858 4687 3034 4739 ἑαυτὸν
3087 4692 3326 4760 στερέσαι
3373 4695 3464 4739 τοῦ
3504 4685 3733 4745 ἡδίστου
3790 4709 3892 4759 φω-

2516 4599 2711 4663 Καλώς,
2773 4596 3192 4670 δυστυχέστατε,
3278 4600 3494 4650 θάνατον
3570 4599 3738 4668 ἑαυτῷ
3798 4599 3887 4651 ἐπ-

2288 4783 2390 4838 τός.
2435 4777 2494 4828 ⁸0
2533 4777 2676 4846 ἅγιος
2731 4775 2939 4828 Πλάτων
2978 4774 3110 4828 εἶπεν
3147 4794 3156 4804 ·
3191 4779 3258 4828 Τό
3305 4778 3430 4849 ύπερ
3487 4784 3723 4850 Χριστοῦ
3766 4776 3888 4829 ἀπο-

2293 4869 2455 4918 θανεῖν
2516 4864 2785 4937 βασιλείαν
2843 4865 3069 4939 οὐρανῶν
3132 4864 3364 4940 προξενεῖ
3441 4886 3550 4938 μοι,
3621 4867 3716 4918 ούκ
3773 4866 3889 4938 ἐμοὶ

2291 4960 2460 5026 μόνον,
2499 4954 2625 5005 ἀλλὰ
2670 4960 2758 5006 xui
2810 4962 2969 5006 πᾶσιν
3012 4961 3116 5014 τοῖς
3164 4953 3496 5025 φοϐουμένοις
3547 4955 3718 5008 αὐτόν.
3755 4955 3888 5026 Ἐγὼ

2292 5040 2350 5095 δέ
2408 5062 2490 5093 σοι
2537 5042 2664 5112 λέγω
2711 5044 2790 5094 ὅτι
2839 5043 2896 5094 ού
2943 5039 3190 5094 δύνανται
3234 5051 3450 5100 νικῆσαι
3497 5047 3679 5106 οἵτινες
3732 5046 3887 5116 μάχῃ

2293 5139 2568 5202 πειρῶνται
2625 5138 2767 5200 νικᾷν
2826 5135 2941 5190 τούς
3001 5139 3097 5192 τῆς
3156 5130 3422 5194 εὐσεϐείας
3479 5131 3729 5197 ἀθλητὰς,
3797 5133 3891 5183 κᾶν

2295 5219 2547 5291 βασάνοις
2625 5216 2889 5290 διαφόροις
2962 5217 3339 5284 ύποϐάλλωσιν,
3410 5223 3582 5294 ὥσπερ
3635 5221 3790 5273 πάλιν
3845 5224 3893 5273 οἱ

2293 5311 2520 5379 Χριστὸν
2578 5306 2901 5378 ἐπαμύνοντα
2945 5309 3154 5376 ἔχοντες
3199 5311 3451 5360 νικᾶσθαι
3489 5315 3597 5370 τοῖς
3641 5317 3892 5382 πονηροῖς

2295 5391 2522 5466 ἀνδράσι
2574 5399 2661 5445 xui
2718 5397 2987 5466 μισοθέοις
3039 5394 3096 5445 ού
3147 5393 3416 5449 δύνανται.
3479 5401 3566 5448 Διό
3619 5397 3748 5468 λέγω
3810 5416 3891 5448 σοι

1854 5566 1875 5600 ⁵
1907 5567 2110 5626 Matth.
2141 5584 2195 5638 x,
2230 5573 2316 5625 28.
