4144 6258
284 294 390 349 413

1626 279 1795 336 VITA
1837 277 1898 337 S.
1939 277 2286 334 PLATONIS

3552 280 3656 336 414

285 425 402 474 οὔτε
462 419 594 482 ζωή,
638 417 755 468 οὔτε
812 414 1045 476 θάνατος,
1094 412 1208 463 οὔτε
1251 410 1516 482 μάχαιρα,
1565 409 1681 460 οὔτε
1708 405 1876 478 λιμός,

2017 404 2202 473 'ames,
2260 419 2453 477 neque
2513 404 2864 476 periculum,
2906 421 3099 479 neque
3147 406 3412 473 altitudo,
3459 420 3652 478 neque

283 515 402 564 οὔτε
438 503 697 569 κίνδυνος,
744 505 856 555 οὔτε
893 502 1111 572 ὕψωμα,
1161 502 1278 551 οὔτε
1312 497 1494 570 βάθος,
1529 500 1640 548 οὔτε
1668 515 1744 556 τις
1773 498 1882 546 κτί-

291 619 376 661 σις
407 599 553 671 ἑτέρα
600 598 826 668 χωρίσει
875 611 937 662 με
977 589 1077 642 ἀπὸ
1111 597 1205 650 τῆς
1254 587 1460 657 ἀγάπης
1507 592 1597 638 τοῦ
1641 590 1766 637 Θεοῦ
1797 592 1886 644 τῆς

292 689 340 743 ἓν
372 694 585 761 Χριστῷ
614 691 686 754 τῷ
738 685 912 754 Κυρίῳ
963 681 1133 751 ἡμῶν,
1177 680 1373 730 Τούτου
1419 677 1580 747 χάριν
1610 675 1889 730 πεισθῆναί

289 799 379 852 μοι
444 775 659 847 ὀφείλεις
713 769 1130 842 ἐπαγγελλομένῳ
1201 786 1284 819 σοι
1338 766 1394 818 ού
1443 767 1680 836 φθαρτῶν
1737 782 1888 814 τινων

291 867 611 941 πραγμάτων
665 867 755 913 καὶ
811 861 1015 929 σαθρῶν
1075 856 1382 918 ἀπόλαυσιν,
1441 852 1567 904 ἀλλὰ
1612 850 1888 924 βασιλείαν

292 957 538 1029 οὐρανῶν,
595 952 654 1010 ἢν
694 953 742 1003 οἱ
787 949 855 1010 εἰς
903 951 987 999 τὸν
1036 949 1265 1019 Χριστὸν
1303 943 1688 1016 ἐπιστρέφοντες
1737 943 1889 1011 ἔχου-

296 1065 397 1113 σιν,
450 1045 559 1096 ὅθεν
615 1035 820 1108 ἀπέδρα
873 1033 1032 1093 ὀδύνη
1097 1040 1185 1086 καὶ
1244 1034 1378 1091 λύπη
1434 1037 1523 1084 καὶ
1585 1033 1885 1101 στεναγμός.

294 1138 601 1191 Ματαίωσον
678 1133 845 1181 τοίνυν
904 1130 996 1184 τὴν
1078 1119 1266 1176 ἐλπίδα
1338 1129 1429 1174 τοῦ
1503 1117 1771 1182 διαϐόλου,
1830 1117 1890 1174 ἣν

294 1227 439 1296 ἔχεις
483 1221 568 1273 ἐπὶ
606 1223 714 1287 σοὶ,
759 1221 848 1269 καὶ
892 1215 1155 1273 ἀπόστηθι
1185 1210 1286 1264 ἀπὸ
1317 1220 1407 1272 τῆς
1440 1214 1626 1283 μανίας
1648 1210 1843 1266 ταύτης
1877 1223 1888 1235 ·

295 1317 385 1365 καὶ
437 1307 704 1362 ἀναλαϐὼν
753 1309 810 1358 1'6
859 1304 1067 1376 λογικὸν
1131 1301 1355 1373 ἀξίωμα,
1418 1301 1578 1372 γνῶθι
1627 1301 1702 1358 τίς
1752 1296 1890 1348 ἐστιν

295 1403 320 1452 ὁ
378 1400 520 1470 πάσῃ
569 1400 724 1472 σαρκὶ
779 1397 916 1457 ζωήν
959 1392 1331 1465 χαριζόμενος.
1379 1389 1531 1441 Ούτω
1587 1389 1688 1460 γὰρ
1745 1387 1893 1436 ἔσται

297 1490 603 1562 θαυμαστός
668 1485 956 1558 μετατεθεὶς
1017 1481 1118 1535 ἀπὸ
1193 1488 1290 1542 τῆς
1371 1481 1621 1551 πονηρίας
1697 1475 1893 1533 ταύτης

293 1583 384 1631 καὶ
433 1576 816 1648 ψυχοφθάρτου
869 1571 1080 1631 πλάνης.
1142 1571 1359 1640 Δέχεται
1411 1568 1511 1638 γὰρ
1569 1566 1686 1623 τούς
1739 1580 1892 1633 μετα-

295 1673 536 1725 νοοῦντας
588 1664 613 1715 ό
669 1664 854 1734 Κύριος
912 1661 936 1711 ό
988 1659 1186 1718 πάντας
1265 1655 1416 1709 θέλων
1503 1653 1737 1709 σωθῆναι
1801 1654 1890 1700 καὶ

1994 493 2380 565 profundum,
2455 510 2647 566 neque
2706 494 2825 550 ulla
2871 495 2987 552 alia
3035 511 3128 551 res
3189 500 3389 552 creata
3460 497 3656 567 pmest

1995 598 2104 637 nos
2154 598 2431 654 separare
2473 599 2509 638 a
2560 584 2843 639 charitate
2886 584 3003 649 Dei,
3056 601 3189 656 quae
3239 589 3327 639 est
3376 584 3436 638 in
3492 582 3652 640 Chri-

1997 677 2085 725 sto
2152 672 2289 726 Jesu
2359 673 2608 727 Domino
2670 678 2870 728 nostro
2936 675 2976 726 7.
3044 676 3124 728 Ea
3191 674 3264 728 de
3337 688 3520 728 causa
3591 676 3653 726 tu

1999 761 2188 830 magis
2213 762 2396 816 debes
2422 763 2564 816 mihi
2602 777 2829 832 parere,
2862 762 3156 833 pollicenti
3183 763 3319 824 fore.
3349 767 3409 815 ut
3438 760 3653 815 fruaris

1999 865 2117 904 non
2164 850 2342 904 rebus
2401 849 2701 922 aliquibus
2758 850 3025 915 caducis,
3088 856 3142 905 et
3189 851 3246 904 in
3295 866 3448 921 quas
3499 849 3656 904 cadit

1997 937 2282 1003 interitus,
2347 939 2448 994 sed
2504 954 2683 1006 regno
2734 939 3021 994 caelorum
3078 944 3132 994 et
3198 939 3320 993 vita
3373 944 3592 993 aeterna
3640 955 3652 991 :

1998 1043 2182 1098 quam
2223 1027 2459 1093 habent,
2491 1028 2594 1099 qui
2635 1028 2712 1082 ad
2751 1028 2948 1097 ipsum
2991 1031 3453 1094 convertuntur;
3499 1026 3656 1080 unde

2000 1115 2225 1185 aufugit
2279 1115 2470 1182 dolor,
2524 1116 2754 1171 tristitia
2810 1122 2865 1171 et
2923 1117 3178 1184 gemitus
3239 1118 3282 1167 δ.
3349 1117 3460 1170 Fac
3514 1129 3654 1183 ergo

2001 1208 2064 1258 ut
2094 1219 2248 1258 vana
2282 1204 2355 1259 sit
2396 1219 2554 1274 spes,
2593 1220 2779 1275 quam
2828 1205 2890 1258 in
2938 1208 2989 1259 te
3035 1204 3214 1259 habet
3255 1202 3554 1269 diabolus,
3602 1205 3658 1257 et

1999 1291 2237 1346 discede
2267 1291 2345 1346 ab
2375 1291 2486 1347 hac
2516 1292 2774 1359 insania,
2802 1295 2860 1347 et
2880 1291 3154 1347 rationali
3183 1296 3436 1363 accepta
3463 1290 3654 1360 digni-

2001 1383 2133 1446 tate,
2167 1395 2458 1450 cognosce
2487 1381 2767 1451 quisnam
2803 1380 2875 1436 sit
2911 1380 3015 1452 qui
3055 1380 3220 1436 omni
3259 1380 3425 1435 carni
3465 1380 3650 1434 vitam

1997 1467 2260 1539 largitur.
2285 1468 2376 1523 Sic
2394 1468 2551 1523 enim
2571 1467 2685 1522 eris
2707 1467 3094 1532 admirabilis,
3114 1467 3420 1523 traductus
3445 1467 3519 1522 ab
3546 1467 3660 1522 hac

2001 1556 2374 1627 improbitate
2400 1560 2455 1612 et
2480 1556 2553 1611 ab
2583 1571 2797 1621 errore,
2823 1556 2926 1629 qui
2954 1555 3124 1612 affert
3146 1556 3362 1612 anima:
3389 1555 3655 1610 exitium.

2003 1646 2112 1698 Eos
2179 1645 2338 1698 enim
2410 1644 2646 1716 excipit,
2716 1645 2818 1716 qui
2898 1648 3214 1700 moventur
3285 1643 3658 1716 poenitentia,

299 1755 364 1815 εἰς
417 1753 694 1824 ἐπίγνωσιν
749 1732 1004 1810 νᾶληθείας
1079 1745 1255 1810 ἐλθεῖν,
1333 1745 1358 1796 6
1433 1746 1502 1815 μὴ
1579 1739 1890 1813 βουλόμενος

2017 1732 2288 1787 )ominus
2339 1736 2534 1788 noster
2575 1735 2744 1788 Jesus
2788 1733 3072 1798 Christus,
3128 1733 3230 1804 qui
3281 1733 3409 1788 vult
3462 1746 3660 1787 omnes

299 1849 386 1898 τὸν
419 1845 638 1896 θάνατον
667 1847 759 1894 τοῦ
790 1836 1098 1914 ἁμαρτωλοῦ
1129 1837 1196 1898 ὡς
1239 1838 1296 1886 1'6
1329 1831 1638 1904 ἐπιπρέψαι
1678 1833 1768 1881 καὶ
1795 1829 1890 1902 ζῇν

301 1933 456 1987 αύτόν
469 1977 481 1990 .

384 2108 439 2162 Ι’.
471 2107 530 2160 Ὀ
580 2103 638 2158 δὲ
683 2106 1015 2178 Ἀγριππῖνος
1057 2106 1224 2154 ταῦτα
1283 2098 1510 2158 ἀκούσας
1552 2098 1642 2168 ἔφη
1689 2112 1700 2124 ’
1745 2095 1897 2148 Ἀπο-

309 2199 592 2268 νενοημένε,
651 2199 740 2247 καὶ
790 2201 888 2246 τῶν
943 2193 1066 2244 θεῶν
1113 2190 1368 2264 ἆλλότριε,
1417 2191 1506 2240 καὶ
1582 2193 1678 2238 τῶν
1751 2184 1898 2236 αύτο-

309 2289 571 2361 κρατόρων
603 2283 781 2356 ἐχθρὲ,
813 2286 904 2334 καὶ
951 2289 1050 2332 τῶν
1095 2284 1260 2351 νόμων
1309 2285 1408 2329 τῶν
1454 2273 1740 2348 βασιλικῶν
1771 2275 1903 2326 καθ-

314 2380 509 2449 αιρίτα,
594 2373 666 2435 εἰς
739 2372 1000 2428 τοσαύτην
1079 2373 1266 2440 μανίαν
1344 2363 1514 2432 ἦλθες,
1596 2368 1732 2417 ὥστε
1813 2369 1903 2417 καὶ

310 2469 500 2537 μέχρις
529 2462 650 2534 ἐμοῦ
699 2459 917 2513 ἐκτεῖναι
963 2462 1057 2516 τήν
1098 2456 1294 2514 πλάνην
1352 2474 1445 2507 σου
1485 2458 1572 2506 καὶ
1621 2455 1902 2527 πειρᾶσθαι

315 2553 415 2607 ἀπὸ
481 2561 575 2612 τῆς
641 2557 737 2603 τῶν
810 2551 929 2602 θεῶν
1009 2546 1268 2620 εὐμενείας
1326 2543 1629 2602 ἀποστῆσαί
1691 2561 1752 2613 με
1817 2545 1901 2593 καὶ

313 2646 620 2714 μεταγαγεῖν
678 2638 747 2701 εἰς
824 2641 911 2696 τὴν
962 2643 1053 2689 τοῦ
1119 2634 1508 2708 ἐσταυρωμένον
1572 2633 1898 2707 θρησκείαν;

314 2732 524 2785 Πλάτων
579 2725 715 2782 εἶπεν
768 2733 932 2788 ’Ταῖς
990 2725 1138 2796 ἐμαῖς
1187 2723 1244 2776 ού
1302 2725 1452 2795 πείθη
1512 2723 1898 2796 παραινέσεσιν,

315 2821 443 2874 ἀλλὰ
496 2817 772 2879 ἀποκαλεῖς
827 2835 887 2888 με
937 2822 1104 2867 ταῦτα
1158 2813 1457 2883 τυγχάνειν,
1521 2807 1699 2868 ἐπειδὴ
1769 2809 1905 2861 ἐνου-

317 2915 514 2972 θέτησά
553 2931 610 2964 σε
656 2914 747 2962 καὶ
777 2912 835 2960 1'6
876 2911 1133 2978 συμφέρον
1190 2924 1273 2957 σοι
1323 2902 1716 2956 συνεϐούλευσα.
1765 2902 1906 2960 Πλὴν

315 3006 405 3053 καὶ
450 3000 605 3060 οὕτως
659 3000 893 3070 μέμνησό
939 3013 1057 3067 μου,
1110 2994 1192 3045 ὅτε
1249 2991 1360 3054 ἣξει
1401 2993 1602 3063 καιρὸς,
1650 2991 1734 3042 ὅτε
1780 2994 1909 3062 μετὰ

2003 1821 2264 1877 homines
2283 1821 2474 1877 salvos
2497 1822 2647 1890 ﬁeri,
2667 1827 2721 1877 et
2738 1821 2941 1878 venire
2960 1822 3041 1877 ad
3061 1821 3418 1891 agnitionem
3442 1821 3663 1877 verita-

2005 1910 2076 1966 tis
2108 1913 2127 1946 ⁹
2152 1923 2173 1982 ,‘
2200 1911 2303 1982 qui
2330 1926 2448 1966 non
2477 1911 2603 1966 vult
2633 1916 2877 1966 mortem
2906 1911 3220 1980 peccatoris
3251 1915 3306 1966 et
3336 1909 3524 1977 impii,
3555 1908 3658 1964 sed

2003 2005 2067 2055 ut
2096 2005 2473 2056 convertatur
2497 2006 2550 2055 et
2576 2000 2737 2055 vivat
2764 2000 2832 2064 ¹⁰,
2861 1998 3075 2054 ductus
3109 1998 3478 2069 poenitentia.

2076 2100 2136 2154 X.
2170 2096 2531 2168 Agrippinus
2550 2101 2770 2161 autem,
2794 2096 2887 2152 his
2915 2095 3156 2161 auditis,
3187 2094 3385 2150 furore
3407 2093 3663 2165 percitus

2008 2185 2189 2241 dixit:
2223 2185 2654 2249 Amentissime,
2682 2189 2743 2241 et
2792 2201 2828 2241 a
2874 2185 2988 2240 diis
3051 2183 3262 2249 aliene,
3323 2187 3378 2237 et
3422 2182 3660 2236 inimice

2010 2274 2458 2346 imperatorum,
2501 2278 2558 2330 et
2594 2273 2792 2345 legum
2832 2288 3072 2329 eversor
3115 2270 3658 2343 imperatoriarum,

2013 2378 2279 2434 eousque
2309 2362 2645 2434 processisti
2676 2362 2921 2418 insaniae
2951 2366 3008 2416 et
3040 2361 3334 2426 amentiae,
3367 2362 3428 2413 ut
3459 2359 3536 2413 ad
3565 2373 3663 2413 me

2013 2467 2202 2524 usque
2232 2456 2399 2508 tuum
2430 2467 2690 2508 errorem
2717 2451 3079 2517 extenderes,
3111 2453 3166 2504 et
3197 2463 3292 2503 me
3323 2464 3358 2503 a
3413 2445 3664 2502 deorum

2010 2539 2418 2594 benevolentia
2446 2539 2744 2595 conareris
2767 2538 3086 2603 abducere,
3120 2540 3176 2592 et
3205 2536 3284 2592 ad
3315 2535 3662 2604 religionem

2013 2627 2282 2682 Cruciﬁxi
2306 2627 2610 2684 traducere
2634 2629 2662 2683 ?
2689 2627 2840 2682 Dixit
2862 2631 3106 2682 sanctus
3133 2625 3298 2681 Plato
3327 2644 3339 2683 :
3370 2623 3499 2680 Scio
3528 2638 3658 2694 ego,

2011 2732 2047 2772 ο
2074 2720 2344 2788 tyranne,
2375 2715 2542 2788 quod
2574 2720 2632 2770 tu
2663 2730 2784 2770 non
2813 2730 2987 2786 pares
3043 2713 3192 2770 meis
3247 2711 3666 2769 admonitioni-

2013 2805 2166 2860 bus:
2209 2805 2312 2860 sed
2367 2821 2462 2861 me
2521 2820 2699 2860 vocas
2754 2804 3002 2876 planum
3061 2807 3117 2858 et
3150 2801 3660 2874 prmstigiatorem,

2016 2895 2179 2964 quod
2203 2893 2450 2964 quidem
2479 2897 2541 2949 tu
2573 2909 2633 2948 es
2664 2911 2675 2948 :
2701 2894 2991 2965 quoniam
3013 2896 3066 2948 te
3112 2890 3399 2947 admonui
3430 2893 3486 2944 et
3529 2904 3665 2944 con-

2018 2981 2169 3035 sului
2201 2981 2261 3035 id
2299 2981 2458 3052 quod
2487 2986 2576 3037 est
2603 2981 2711 3038 tibi
2740 2981 2898 3036 utile.
2927 2982 3212 3037 Caeterum
3242 2979 3328 3034 sic
3373 2977 3488 3033 mei
3519 2992 3667 3049 quo-

318 3087 558 3162 δακρύων
596 3086 976 3159 ἀναμνησθήσῃ
1033 3101 1133 3154 μου
1184 3089 1279 3141 τῆς
1324 3081 1597 3140 νουθεσίας
1639 3084 1727 3131 καὶ
1758 3076 1904 3131 οὐδὲν

2017 3085 2134 3142 que
2166 3071 2524 3136 memineris,
2552 3071 2798 3142 quando
2824 3071 3048 3125 venerit
3072 3074 3342 3140 tempus:
3373 3083 3493 3138 quo
3526 3071 3668 3122 tem-

316 3179 614 3250 ὠφελήσεις,
723 3174 849 3226 ἀλλὰ
947 3172 1130 3245 βυθοῖς
1217 3171 1495 3244 Ταρτάρων
1575 3165 1906 3241 παραδοθεὶς,

317 3267 572 3339 ἀπελεύση
634 3265 700 3324 εἰς
755 3263 966 3315 αἰωνίαν
1020 3261 1251 3313 κόλασιν.
1291 3263 1434 3310 [laici
1486 3253 1572 3309 οὖν
1631 3257 1655 3309 ὃ
1707 3258 1862 3319 θέλεις
1894 3275 1905 3286 '

316 3361 434 3418 τοὺς
479 3359 580 3430 γὰρ
652 3361 745 3414 τῆς
801 3349 1025 3424 καρδίας
1083 3369 1176 3402 σου
1232 3346 1524 3420 ὀφθαλμούς
1581 3347 1742 3407 οὕτως
1803 3345 1910 3398 ἐτύ-

319 3447 514 3520 φλωσεν
569 3445 594 3496 ό
639 3439 903 3507 διάϐολος,
954 3441 1087 3492 ὥστε
1126 3441 1195 3510 μή
1249 3433 1531 3506 διαϐλέψαι
1577 3455 1635 3488 σε
1674 3439 1802 3510 πρὸς
1851 3439 1909 3487 τό

318 3545 413 3598 τῆς
471 3537 786 3605 θεογνωσίας
861 3539 984 3603 φῶς,
1046 3527 1174 3580 ἀλλὰ
1229 3529 1356 3600 πρὸς
1409 3529 1466 3577 τὸ
1527 3529 1712 3588 σκότος
1763 3527 1907 3600 ὁρᾷν,

319 3628 439 3679 ἔνθα
483 3626 805 3695 ἡτοίμασται
857 3623 912 3671 τὸ
971 3625 1072 3692 πῦρ
1122 3619 1180 3668 1'6
1224 3615 1428 3667 αἰώνιόν
1469 3618 1553 3666 σοί
1609 3633 1662 3666 τε
1709 3618 1798 3666 καὶ
1837 3622 1908 3684 τῷ

320 3717 478 3785 πατρί
527 3731 642 3776 σου,
695 3717 766 3780 τῷ
822 3713 1039 3777 Σατανᾷ.
1072 3706 1236 3780 Ὠρῶν
1282 3700 1340 3756 δε
1386 3710 1541 3775 τριῶν
1600 3699 1903 3775 διαγενομέ-

319 3824 415 3855 νων
468 3807 553 3854 xui
621 3800 1016 3870 κατενεχθέντος
1075 3795 1234 3846 αὐτοῦ
1289 3792 1388 3845 ἀπὸ
1443 3800 1532 3844 τοῦ
1589 3792 1907 3866 κραϐϐάτου,

322 3892 486 3952 οὕτως
536 3889 754 3961 ἔλαμπεν
814 3890 870 3938 τό
951 3893 1103 3957 σῶμα
1175 3889 1266 3935 τοῦ
1331 3885 1590 3954 μακαρίου
1647 3882 1910 3942 Πλάτωνος

323 3985 386 4042 ὡς
435 3979 534 4032 ἀπό
588 3979 807 4050 λουτροῦ
838 3974 1124 4037 ἐξελθόντος
1167 3972 1344 4035 αὑτοῦ,
1396 3975 1483 4022 καὶ
1523 3968 1717 4023 εὐωδία
1746 3974 1934 4044 μύρου,

324 4068 626 4129 πολυτελοῦς
682 4066 1002 4140 ἐξεπορεύετο
1060 4061 1112 4124 ἐξ
1160 4062 1318 4113 αὐτοῦ
1381 4077 1392 4089 ’
1454 4060 1593 4132 εἶχεν
1643 4063 1744 4132 γὰρ
1820 4069 1911 4112 τοῦ

327 4166 556 4233 Χριστοῦ
613 4161 669 4210 τό
728 4155 966 4213 ἀληθινόν
1043 4151 1256 4226 λουτρόν
1337 4155 1426 4202 καὶ
1507 4154 1600 4207 τὴν
1666 4148 1912 4206 ἀληθινὴν

324 4258 536 4322 γνῶσιν,
589 4244 660 4299 δι’
711 4246 774 4307 ἧς
803 4249 892 4296 καὶ
945 4237 1167 4301 εὐωδίας
1204 4243 1324 4300 τοὺς
1377 4241 1712 4306 παρεστῶτας
1763 4237 1915 4293 ἐπλή-

326 4357 440 4413 ρου,
497 4341 587 4388 καὶ
640 4341 741 4394 πᾶς
794 4335 819 4384 ό
865 4328 1129 4403 παριστὰς
1186 4327 1342 4398 ὄχλος
1395 4323 1609 4388 ἐδόξαζε
1653 4328 1738 4376 τόν
1789 4326 1916 4376 Θεὸν

328 4411 413 4478 ἐπὶ
456 4433 516 4497 τῇ
568 4425 798 4491 ὑπομονῇ
859 4425 949 4470 τοῦ
1007 4419 1267 4488 μακαρίου
1329 4413 1616 4477 Πλάτωνος,
1658 4413 1792 4462 ὥστε
1838 4411 1919 4462 λέ-
1949 4438 1993 4493 D

329 4533 436 4584 γειν
485 4514 582 4576 ὅτι,
643 4508 871 4566 Ἀληθῶς
936 4507 1092 4576 μέγας
1151 4503 1174 4552 ὁ
1219 4503 1346 4560 Θεὸς
1391 4507 1491 4551 τῶν
1543 4507 1868 4574 Χριστιανῶν
1903 4517 1914 4528 '

330 4602 584 4659 τοσαύτας
640 4600 740 4670 γὰρ
796 4593 1060 4667 βασάνους
1117 4588 1419 4649 ύποϐληθεὶς
1479 4590 1620 4660 παρὰ
1680 4596 1768 4640 τοῦ
1822 4589 1915 4638 ἁν-

333 4688 498 4750 ελεοῦς
549 4683 826 4748 δικαστοῦ,
879 4682 972 4735 οῦκ
1028 4681 1292 4756 ἠρνήσατο
1343 4681 1399 4730 τό
1461 4677 1669 4749 φοϐερόν
1741 4681 1918 4748 ὄνομα,

334 4776 461 4829 ἀλλὰ
496 4784 568 4848 τῷ
619 4777 831 4846 γενναίῳ
879 4771 1113 4844 λογισμῷ
1143 4768 1395 4840 ,ἐνίκησεν
1447 4771 1535 4824 τήν
1586 4771 1772 4838 μανίαν
1833 4773 1920 4818 τοῦ

332 4869 608 4940 ἄρχοντος.

408 5133 505 5189 ΙΑ’.
554 5132 612 5184 '0
663 5127 721 5184 δὲ
776 5129 1113 5202 Ἀγριππίνος
1164 5127 1293 5197 μετὰ
1346 5127 1400 5176 τό
1462 5123 1719 5196 ἀφόρητον
1785 5122 1922 5192 αύτῷ

334 5230 422 5277 καὶ
493 5223 738 5278 τοιαύτην
812 5217 1042 5290 βάσανον
1111 5219 1464 5289 προσαγαγεῖν
1542 5210 1677 5264 εἶπεν
1749 5229 1761 5241 ·
1814 5212 1924 5264 Ούκ

337 5313 600 5374 ἐπείσθης,
659 5309 891 5374 Πλάτων,
953 5304 1007 5356 ἐκ
1045 5311 1134 5364 τῆς
1187 5303 1620 5376 φροσενεχθείσης
1673 5320 1756 5353 σοι
1814 5297 1919 5352 δει-

336 5410 426 5463 νῆς
479 5400 714 5474 βασάνου
771 5398 928 5448 θῦσαι
976 5399 1084 5453 τοῖς
1139 5393 1270 5452 θεοῖς
1304 5389 1474 5456 “vim
1517 5389 1560 5441 εἰ
1614 5394 1684 5460 μὴ
1741 5388 1916 5461 βούλει

408 5579 426 5611 τ
462 5577 628 5634 Rom.
662 5589 776 5638 vui,
810 5575 896 5638 38,
931 5573 1017 5626 39.
1096 5569 1116 5603 ³
1138 5567 1249 5623 Isa.
1277 5579 1451 5629 xxxv,
1486 5568 1565 5620 10.

1643 5565 1663 5599 θ
1689 5565 1705 5617 [
1735 5563 1884 5619 Tim.
1912 5579 1973 5630 n,
2008 5563 2062 5623 4.

2022 3174 2164 3230 pore
2181 3174 2318 3213 cum
2334 3159 2614 3230 lacrymis
2629 3158 3030 3213 recordaberis
3050 3174 3196 3212 mea;
3211 3154 3664 3220 admonitionis,

2021 3263 2129 3302 nec
2159 3263 2230 3302 ea
2265 3247 2368 3302 tibi
2420 3246 2754 3318 quidquam
2793 3247 3072 3316 proderit,
3129 3261 3164 3299 ο
3205 3244 3422 3307 infelix,
3475 3241 3579 3296 sed
3608 3242 3669 3296 in

2018 3335 2234 3391 Tartari
2267 3334 2564 3405 profundo
2597 3335 2706 3389 ibis
2741 3333 2816 3388 ad
2841 3333 3200 3405 supplicium
3228 3338 3534 3386 aeternum.
3555 3330 3670 3384 Fac

2019 3441 2159 3494 ergo
2190 3424 2305 3479 cito
2336 3424 2395 3478 id
2425 3423 2590 3495 quod
2626 3423 2732 3477 vis.
2776 3422 2981 3477 Cordis
3044 3421 3205 3476 enim
3239 3421 3318 3474 tui
3351 3417 3557 3474 oculos
3590 3417 3671 3472 ita

2020 3513 2340 3568 excaecavit
2365 3512 2661 3576 diabolus,
2693 3515 2756 3566 ut
2786 3525 2907 3565 non
2933 3508 3185 3580 aspicias
3227 3508 3302 3562 ad
3353 3507 3548 3561 lucem
3567 3504 3670 3559 Dei

2019 3601 2412 3670 cognitionis:
2465 3600 2568 3655 sed
2626 3598 2906 3654 intuearis
2959 3597 3037 3653 ad
3096 3595 3385 3660 tenebras,
3423 3593 3526 3648 ubi
3585 3596 3671 3647 est

2019 3695 2262 3763 paratus
2299 3691 2453 3759 ignis
2509 3693 2756 3744 aeternus
2805 3687 2908 3742 tibi
2975 3690 3030 3741 et
3060 3685 3209 3757 patri
3264 3689 3366 3739 tuo
3417 3684 3668 3738 Satanae.

2020 3782 2166 3835 Cum
2199 3787 2314 3832 tres
2335 3782 2534 3833 autem
2561 3777 2721 3831 horae
2774 3773 3269 3836 intercessissent,
3311 3775 3367 3825 et
3397 3771 3522 3838 ipse
3571 3768 3669 3822 de-

2019 3867 2251 3940 positus
2281 3865 2480 3920 fuisset
2511 3880 2581 3919 ex
2604 3863 2872 3933 grabato,
2907 3878 3124 3933 corpus
3152 3861 3234 3915 ita
3267 3855 3676 3928 resplendebat

2022 3958 2207 4013 sancti
2231 3962 2285 4012 et
2315 3954 2471 4011 beati
2493 3952 2769 4018 Platonis,
2803 3951 3047 4023 perinde
3069 3954 3246 4020 atque
3274 3947 3323 4002 si
3349 3947 3476 4017 ipse
3501 3945 3662 4000 exiis-

2022 4053 2106 4104 set
2137 4064 2166 4102 e
2196 4046 2431 4108 balneo,
2463 4047 2520 4097 et
2557 4041 2752 4096 suavis
2783 4040 3029 4110 quidam
3073 4037 3221 4092 odor
3255 4041 3538 4106 tanquam
3570 4048 3673 4087 un-

2025 4134 2227 4203 guenti
2259 4131 2499 4201 pretiosi
2527 4146 2592 4183 ex
2611 4145 2681 4183 eo
2735 4127 3168 4195 egrediebatur.
3214 4123 3478 4177 Habebat
3518 4121 3677 4176 enim

2027 4221 2231 4278 Christi
2284 4234 2487 4272 verum
2534 4218 2862 4273 lavacrum,
2905 4220 2960 4268 et
2991 4212 3308 4283 pretiosam
3365 4216 3418 4264 et.
3475 4224 3675 4264 veram

2027 4310 2448 4380 cognitionem,
2483 4321 2582 4375 per
2629 4319 2807 4372 quam
2837 4302 2998 4357 bono
3038 4301 3224 4356 odore
3262 4299 3550 4370 implebat
3579 4313 3680 4352 eos

2027 4398 2130 4472 qui
2161 4397 2404 4452 aderant
2463 4398 2567 4449 :et
2623 4397 2745 4447 tota
2791 4406 2922 4462 quae
2976 4387 3451 4444 circumsistebat
3507 4384 3681 4440 turba

2031 4491 2212 4544 Deum
2245 4483 2617 4556 gloriﬁcabat
2659 4485 2894 4553 propter
2944 4477 3358 4534 fortitudinem
3421 4478 3479 4530 et
3548 4473 3683 4528 tole-

2027 4577 2282 4634 rantiam
2314 4575 2466 4628 beati
2496 4570 2772 4632 Platonis.
2798 4568 2949 4623 adeo
2978 4572 3040 4622 ut
3063 4566 3175 4637 ipsi
3201 4565 3463 4620 dicerent
3491 4579 3502 4616 :
3536 4565 3678 4617 Vere

2029 4671 2118 4724 est
2147 4679 2400 4732 magnus
2428 4663 2581 4716 Deus
2607 4658 3098 4715 Christianorum.
3129 4656 3270 4709 Tam
3301 4652 3502 4708 multis
3524 4651 3680 4706 enim

2028 4753 2326 4812 tormentis
2342 4744 2925 4820 subjectusacrudeli
2944 4749 2999 4799 et
3014 4738 3679 4808 immisericordijudice,

2031 4862 2152 4903 non
2196 4842 2431 4912 negavit
2457 4843 2726 4894 sanctum
2771 4841 2827 4891 et
2872 4833 3125 4890 terribile
3153 4846 3373 4886 nomen
3420 4827 3673 4884 Christi:

2033 4935 2136 4992 sed
2167 4934 2225 4989 in
2257 4929 2542 5003 praeclaro
2582 4938 2964 4998 perseverans
3005 4920 3192 4978 animi
3226 4918 3516 4978 instituto,
3553 4915 3684 4970 vicit

2032 5022 2334 5081 insaniam
2376 5015 2672 5090 praesidis.

2106 5122 2172 5178 XI
2227 5080 2586 5188 Agrippinus
2620 5115 2821 5167 autem
2860 5111 3186 5180 postquam
3227 5103 3281 5158 ei
3312 5080 3706 5158 intolerabile.

2033 5214 2088 5266 et
2126 5208 2237 5264 tale
2269 5207 2630 5262 tormentum
2661 5197 2970 5264 attulisset,
3015 5192 3163 5249 dixit
3192 5210 3202 5246 :
3250 5195 3377 5248 Non
3419 5189 3522 5246 tibi
3555 5204 3683 5260 per-

2033 5297 2237 5361 suasit,
2257 5311 2292 5350 o
2317 5294 2494 5359 Plato,
2521 5285 2940 5359 gravissimum
2969 5285 3358 5345 tormentum,
3389 5277 3552 5351 quod
3574 5276 3681 5332 tibi

2033 5387 2142 5443 fuit
2170 5385 2418 5445 illatum,
2444 5385 2501 5433 ut
2527 5377 2637 5432 diis
2664 5373 3029 5431 sacriﬁcares
3061 5387 3076 5436 ;
3109 5369 3216 5425 sed
3241 5369 3288 5425 si
3323 5367 3473 5424 nolis
3497 5364 3684 5421 sacri-

2137 5565 2184 5600 ¹⁰
2216 5558 2416 5616 Ezech.
2449 5569 2606 5620 xvm,
2639 5553 2738 5610 23.
