4144 6258
478 322 584 378 415
1856 316 2114 374 MENSIS

2200 315 2424 372 ULlUS.
3730 306 3836 364 416

481 445 680 510 ﬁcare,
723 443 916 500 solum
964 458 1120 512 nega
1169 441 1548 508 Cruciﬁxum,
1599 445 1654 498 et
1693 445 1745 497 te
1797 441 2116 497 dimittam.

2194 436 2412 504 .Oﬂaai,
2469 438 2695 510 ἄρνησαι
2748 437 2834 486 τόν
2901 432 3306 506 ἐσταυρωμένον,
3347 437 3436 484 καὶ
3479 429 3692 484 ἀπολύω
3754 449 3830 482 σε.

486 535 634 590 Dixit
672 539 913 589 sanctus
954 533 1150 588 Plato:
1209 535 1251 590 Ο
1293 549 1394 588 cor
1432 548 1794 604 perversum,
1847 537 1903 588 et
1953 547 2121 586 mens

2234 528 2444 581 Πλάτων
2489 524 2621 579 εἶπεν
2649 541 2662 555 ·
2688 524 2758 576 Ὠ
2782 519 2979 596 καρδία
3020 520 3428 596 διεστραμμένη,
3483 526 3572 574 καὶ
3625 518 3835 572 διάνοια

483 624 791 687 exstincta,
827 627 881 676 et
911 621 1115 676 anima
1147 621 1323 675 malis
1357 621 1591 687 tradita,
1623 625 1677 676 et
1700 637 1834 693 quae
1863 619 2011 675 nihil
2030 633 2119 673 co-

2233 615 2536 687 ἐσϐεσμένη,
2572 614 2838 684 καὶψυχὴ
2893 619 3072 673 κακοῖς
3105 609 3382 683 δεδομένη,
3415 617 3505 663 καὶ
3538 607 3689 662 οὐδὲν
3716 615 3835 682 πρέ-

483 711 629 781 gitat
659 710 818 782 quod
864 711 1046 764 Deum
1088 710 1312 765 deceat.
1359 709 1512 775 Quid
1550 715 1657 780 est,
1715 709 1880 781 quod
1919 705 2119 762 dicis?

2234 725 2325 757 πον
2382 712 2452 774 τῷ
2510 712 2622 774 Θεῷ
2680 700 3040 773 διανοουμένη,
3101 721 3150 752 τι
3197 701 3338 753 ἐστιν
3391 701 3415 752 ὁ
3471 700 3632 771 λέγεις
3679 706 3833 768 ;Τῶν

483 799 592 864 Qui
619 798 762 853 mihi
797 803 874 852 tot
900 798 1185 854 beneficia
1207 798 1554 863 conciliavit,
1577 800 1945 854 Servatorem
1969 795 2119 852 Chri-

2233 797 2490 845 τοσούτων
2565 793 2865 866 εὐεργεσιῶν
2938 790 3176 864 πρόξενόν
3229 810 3318 862 μοι
3387 808 3654 861 γενόμενον
3736 795 3833 839 Σω-

483 893 640 942 stum
671 886 905 956 negabo
937 893 1176 958 propter
1206 893 1277 951 te,
1309 904 1343 942 ο
1378 888 1690 942 crudivore
1721 894 1776 941 et
1806 886 2016 940 vindex
2049 885 2119 940 si-

2236 891 2371 957 τῆρα
2425 884 2651 953 Χριστὸν
2700 878 2991 953 ἀρνήσομαι
3042 876 3133 930 διὰ
3183 882 3259 944 σέ,
3307 878 3573 950 αἰμοϐόρε,
3621 881 3710 929 καὶ
3737 884 3832 928 τῶν

485 975 900 1039 mulacrorum,
917 991 1235 1048 rerumque
1247 977 1642 1032 inanimarum
1657 983 1710 1031 et
1726 983 2016 1030 mutarum
2031 973 2121 1028 de-

2237 968 2459 1022 εἰδώλων
2509 967 2700 1032 ἔκδικε,
2751 973 2840 1019 καὶ
2897 976 2993 1018 τῶν
3045 965 3268 1038 ἀψύχων
3324 972 3412 1019 καὶ
3463 967 3674 1038 ἀφώνων
3717 985 3833 1037 προ-

486 1062 706 1126 fensor,
757 1068 812 1118 et
861 1069 1107 1132 patrone
1155 1065 1388 1129 erroris,
1438 1071 1499 1119 ut
1546 1065 1762 1119 reddar
1793 1064 1990 1127 miser,
2026 1061 2122 1116 tibi

2241 1061 2424 1122 στάτα,
2489 1064 2574 1109 καὶ
2643 1066 2737 1116 τῆς
2817 1056 3008 1116 πλάνης
3083 1061 3356 1128 συνὴγυρε,
3439 1057 3520 1107 ἱνα
3608 1060 3835 1125 γένωμαι

488 1150 697 1206 similis
725 1157 780 1206 et
808 1151 1050 1222 iniquus
1072 1153 1099 1206 ?
1129 1160 1184 1207 et
1216 1169 1334 1207 non
1368 1152 1583 1208 sufficit
1612 1153 1714 1208 tibi
1773 1152 1970 1207 solum
1999 1167 2124 1205 esse

2239 1149 2413 1218 ὅμοιός
2475 1165 2588 1209 σου,
2670 1146 2968 1219 παράνομος
3023 1149 3112 1196 καὶ
3179 1145 3272 1196 ούκ
3348 1144 3494 1218 ἀρκεῖ
3550 1165 3632 1198 σοι
3683 1149 3835 1216 μόνος

485 1237 687 1304 talem,
747 1239 851 1295 sed
903 1255 1006 1296 eos
1065 1241 1247 1295 etiam
1305 1240 1404 1312 qui
1459 1241 1588 1311 jam
1648 1239 1813 1294 relati
1874 1243 2014 1293 sunt
2069 1239 2121 1292 in

2239 1233 2368 1287 εἶναι
2417 1242 2670 1299 τοιοῦτος,
2735 1232 2863 1285 ἀλλά
2906 1238 2994 1285 καὶ
3037 1236 3158 1295 τοὺς
3189 1231 3296 1292 ἤδη
3333 1233 3836 1308 στρατολογηθέντας

483 1341 801 1382 numerum
887 1328 1143 1383 militum
1227 1329 1453 1394 Christi,
1538 1329 1628 1383 vis
1709 1343 1839 1382 esse
1933 1327 2119 1382 socios

2238 1332 2310 1394 τῷ
2361 1331 2576 1398 Χριστῷ
2630 1325 2904 1384 κοινωνοὺς
2955 1330 3045 1382 τῆς
3119 1322 3354 1384 ἀσεϐείας
3410 1342 3502 1375 σου
3557 1322 3710 1383 θέλεις
3771 1319 3834 1373 εἶ·

484 1419 601 1470 tuas
670 1416 1012 1486 impietatis,
1097 1417 1157 1471 in
1237 1417 1447 1472 eadem
1500 1417 1596 1473 via
1661 1416 1929 1472 interitus
2010 1419 2120 1470 stu-

2240 1433 2343 1479 ναι,
2392 1413 2462 1473 εἰς
2513 1416 2606 1470 τὴν
2656 1412 2816 1470 αὐτὴν
2865 1411 3116 1473 ἀπωλείας
3156 1410 3278 1464 ὀδόν
3315 1413 3554 1465 σκελίσαι
3599 1409 3831 1464 σπεύδων

485 1502 640 1557 dens
671 1519 772 1560 eos
802 1505 1211 1576 supplantare,
1234 1505 1336 1577 qui
1369 1509 1525 1561 recta
1551 1506 1648 1562 via
1669 1505 2121 1574 ingrediuntur?

2243 1506 2360 1563 τοὺς
2413 1498 2688 1560 ὁδεύοντας
2735 1504 2827 1558 τὴν
2876 1501 3074 1552 εὐθεῖαν
3126 1498 3247 1554 ὁδόν
3281 1518 3294 1568 ;
3331 1502 3568 1554 ’Λπὸστα
3597 1500 3686 1554 ἀπ’
3717 1500 3829 1572 ἐμοῦ

487 1592 730 1647 Discede
771 1608 804 1647 a
862 1609 974 1657 me,
1005 1595 1103 1664 qui
1137 1596 1399 1665 operaris
1437 1594 1832 1666 iniquitatem.
1865 1591 2123 1648 Statuistl

2245 1591 2269 1640 6
2320 1594 2412 1646 τὴν
2468 1587 2682 1660 ἀνομίαν
2741 1587 3078 1662 ἐργαζόμενος
3155 1606 3166 1617 ’
3224 1595 3530 1662 προῄρησαι
3588 1591 3688 1660 γὰρ
3751 1593 3837 1640 καὶ

488 1680 648 1734 enim
679 1681 824 1735 alios
851 1698 1091 1752 quoque
1114 1683 1188 1738 ad
1213 1698 1344 1738 eam
1375 1683 1621 1739 trahere.
1654 1683 1902 1738 Conﬁdo
1934 1687 2124 1737 autem

2245 1678 2423 1737 ἄλλους
2472 1677 2543 1737 εἰς
2596 1677 2757 1734 αὐτὴν
2815 1677 3044 1741 ἑλκύσαι,
3097 1683 3185 1730 καὶ
3232 1679 3402 1752 θαῤῥῶ
3451 1687 3522 1749 τῷ
3565 1685 3677 1747 Θεῷ
3717 1697 3837 1750 μου,

489 1768 550 1821 in
583 1770 700 1822 Deo
727 1785 881 1834 meo,
913 1770 1068 1840 quod
1097 1786 1216 1825 non
1249 1770 1421 1826 faciet
1444 1777 1717 1826 sanctum
1739 1788 1913 1826 suum
1937 1771 2125 1825 videre

2201 1769 2325 1842 ιὸτι
2377 1766 2435 1817 ού
2481 1770 2550 1837 μὴ
2575 1771 2786 1823 ποιήσει
2831 1769 2915 1817 τὸν
2956 1768 3098 1818 ὅσιον
3143 1767 3302 1819 αὐτοῦ
3355 1765 3483 1819 ἰδεῖν
3531 1765 3837 1838 διαφθοράν.

486 1856 810 1912 interitum.
861 1857 1012 1913 Dixit
1059 1860 1456 1930 Agrippinus:
1514 1862 1808 1926 Quoniam
1863 1860 1942 1915 tui
2002 1875 2122 1914 surr

2247 1858 2580 1927 Ἀγριππῖνος
2632 1858 2723 1927 ἔφη
2785 1873 2796 1883 ·
2852 1852 3066 1913 Ἐπειδὴ
3149 1859 3369 1931 ᾤκτειρά
3457 1876 3532 1927 σε,
3591 1856 3843 1929 ὑϐριστὴς

489 1945 784 2008 misertus,
851 1947 1090 2002 evasisti
1155 1947 1420 2003 insolens
1501 1966 1571 2004 ac
1643 1948 2125 2012 contumeliosus,

2247 1950 2334 1996 καὶ
2387 1944 2677 2016 μωρολογος
2721 1949 2809 1996 καὶ
2855 1944 3202 2016 φρενοϐλαϐὴς
3247 1950 3482 2017 γέγονας,
3538 1945 3634 2016 ἐγώ
3697 1964 3754 1997 σε
3794 1945 3841 1996 ἐν

490 2031 670 2087 stulta
685 2032 936 2106 loquens
963 2040 1016 2090 et
1047 2040 1256 2092 emotae
1283 2038 1495 2092 mentis
1525 2054 1538 2103 ;
1572 2053 1684 2107 ego
1710 2045 1907 2092 autem
1935 2043 1987 2092 te
2019 2037 2126 2092 cite

2247 2034 2403 2103 τάχει
2454 2037 2731 2106 τιμωρίαις
2779 2032 3034 2103 χαλεπαῖς
3081 2032 3405 2106 παραδώσω,
3464 2036 3545 2086 ἱνα
3596 2053 3685 2106 μοι
3759 2032 3843 2102 ἀφ’

489 2123 612 2175 tam
637 2123 921 2190 gravibus
951 2124 1205 2181 afﬁciam
1231 2126 1558 2198 suppliciis,
1584 2132 1645 2182 ut
1670 2143 1740 2182 ex
1773 2126 1964 2198 teipso
1991 2128 2125 2182 mihi

2248 2120 2429 2172 ἑαυτοῦ
2497 2120 2644 2192 εἱπῇς
2687 2140 2698 2153 ·
2749 2125 2837 2181 Δός
2891 2140 2980 2192 μοι
3031 2123 3112 2172 ῖνα
3173 2125 3335 2175 θύσω.
3396 2123 3452 2174 Ὀ
3509 2120 3566 2175 δὲ
3614 2130 3844 2194 γενναῖος

492 2208 818 2266 dicas:Da
871 2213 1036 2276 mihi,
1089 2219 1153 2268 ut
1216 2214 1560 2271 sacriﬁcam.
1596 2216 1878 2286 Egregius
1938 2220 2128 2271 autem

2248 2217 2336 2261 τοῦ
2393 2217 2621 2280 Χριστοῦ
2689 2208 2914 2270 ἀθλητὴς
2985 2207 3118 2262 εἶπεν
3174 2228 3190 2242 ο
3249 2211 3429 2264 Ἔστιν
3481 2215 3505 2263 ό
3563 2217 3689 2274 Θεὸς
3744 2231 3841 2282 μου

493 2295 701 2352 Christi
733 2300 954 2355 athleta
986 2301 1145 2358 Plato
1176 2303 1321 2358 dixit
1354 2321 1366 2359 :
1417 2304 1679 2360 Christus
1712 2308 1798 2359 est
1855 2306 2027 2370 Deus,
2089 2314 2129 2360 el

2248 2302 2336 2349 καὶ
2394 2296 2727 2372 ἀνεξάρνητον
2793 2301 2942 2350 ἔσται
3000 2302 3056 2350 τὸ
3107 2303 3266 2372 ὄνομα
3323 2303 3380 2352 τό
3439 2301 3582 2372 άγιον
3637 2296 3795 2352 αύτοῦ
3829 2319 3839 2331 ·

491 2399 612 2440 non
641 2389 728 2441 est
759 2393 1031 2444 sanctum
1063 2391 1189 2459 ejus
1221 2407 1441 2446 nomen
1470 2393 1836 2464 negandum.
1893 2395 2019 2448 Non
2054 2403 2127 2448 est

2249 2386 2344 2438 ούκ
2391 2389 2532 2438 ἔστιν
2585 2383 2676 2438 οὖκ
2727 2391 2820 2444 τὴν
2884 2392 3058 2457 πηγὴν
3133 2396 3223 2449 τῆς
3296 2389 3430 2450 ζωῆς
3492 2388 3847 2441 καταλιπόντα

494 2489 761 2545 mquum,
790 2481 850 2531 ut
876 2493 984 2547 ego
1008 2479 1346 2551 relinquens
1370 2480 1588 2536 fontem
1619 2481 1767 2550 vitae,
1799 2482 1993 2537 colam
2025 2483 2130 2538 daa-

2250 2480 2533 2546 προσέχειν
2584 2471 2878 2547 δαιμονίοις
2923 2481 3011 2528 καὶ
3067 2475 3302 2530 σπένδειν
3355 2478 3538 2544 λίθοις,
3581 2480 3646 2530 ὧν
3690 2485 3848 2551 μητέ-

496 2563 700 2617 monia
736 2563 990 2620 etlibem
1015 2565 1342 2638 lapidibus.
1394 2585 1650 2641 quorum
1682 2570 1921 2640 quidem
1955 2576 2132 2626 mater

2251 2583 2333 2637 ρες
2380 2568 2564 2635 τέχναι
2615 2583 2627 2596 ο
2665 2568 2752 2616 καὶ
2802 2567 2900 2637 γὰρ
2956 2569 3140 2637 τέχναι
3190 2569 3332 2639 παρὰ
3393 2576 3490 2620 τῶν
3541 2567 3842 2640 ἀνθρώπων,

495 2654 587 2705 est.
612 2666 728 2706 ars.
761 2653 815 2707 Si
848 2654 1006 2708 enim
1034 2670 1155 2710 non
1179 2654 1424 2711 fuissent
1447 2663 1602 2712 artes
1635 2659 1890 2713 inventae
1922 2660 1999 2713 ab
2039 2659 2131 2714 ho-

2254 2653 2298 2706 εἰ
2352 2657 2422 2724 μή
2476 2649 2610 2710 ἦσαν
2663 2651 3018 2728 ἐφευρημέναι,
3075 2655 3165 2708 οῦκ
3219 2655 3439 2728 ἐμέλλετε
3496 2659 3636 2719 θεοὺς
3681 2661 3841 2729 ἔχειν,

495 2737 777 2804 minibus,
809 2756 929 2796 non
958 2743 1134 2798 eratis
1154 2743 1301 2799 deos
1327 2745 1608 2810 habituri,
1638 2747 1741 2800 sed
1763 2746 1938 2816 plane
1967 2747 2131 2803 eratis

2254 2741 2380 2793 ἀλλὰ
2410 2743 2667 2814 ὑπάρχειν
2720 2743 2883 2795 ἄθεοι.
2921 2742 2978 2796 Ὀ
3030 2742 3088 2796 δε
3140 2745 3480 2818 Ἀγριππίνος
3524 2749 3689 2819 θυμοῦ
3720 2747 3842 2804 πλη-

495 2825 675 2881 futuri
700 2827 823 2883 sine
849 2829 983 2884 diis.
1013 2831 1180 2887 Tunc
1206 2833 1490 2905 Agrippin
1503 2851 1592 2898 us,
1626 2834 1815 2890 multa
1847 2835 1932 2890 ira
1958 2836 2131 2907 reple-

2257 2833 2393 2891 σθεὶς
2443 2827 2534 2883 διὰ
2588 2835 2680 2889 τὴν
2730 2831 3026 2905 παῤῥησίαν
3093 2841 3183 2886 τοῦ
3249 2837 3532 2908 μάρτυρος,
3602 2835 3831 2899 ἐξανέστη

497 2917 589 2969 tus
621 2920 860 2987 propter
885 2918 1169 2975 ﬁduciam
1201 2925 1259 2976 et
1287 2922 1524 2977 dicendi
1553 2922 1887 2979 libertatem
1929 2932 2133 2997 marty-

2255 2939 2344 2972 του
2431 2921 2612 2993 θρόνου
2688 2924 2777 2971 καὶ
2856 2924 2914 2972 τὸ
2991 2921 3320 2996 φιϐλατόριον
3401 2928 3840 2998 περισχισάμενος

493 3002 594 3068 ris,
631 3006 884 3060 surrexit
910 3023 939 3061 e
973 3007 1186 3063 throno
1234 3026 1384 3065 suo:
1437 3016 1492 3067 et
1521 3027 1704 3082 quam
1735 3012 2013 3068 citissime
2059 3014 2129 3067 ini

2259 3006 2466 3080 σπουδῇ
2517 3008 2675 3081 πολλῇ
2727 3009 2918 3063 κελεύει
2969 3017 3190 3084 σφαίρας
3255 3010 3484 3085 σιδηρᾶς
3541 3016 3846 3088 πυρωθῆναι

495 3090 676 3146 dulus
705 3091 1036 3150 ﬁbulatorio
1058 3097 1228 3167 jubet
1255 3099 1520 3171 sphaeras
1545 3102 1787 3156 accendi
1817 3101 2056 3168 ferreas,
2091 3117 2131 3156 ei

2211 3124 2220 3176 ζ
2257 3105 2346 3151 καὶ
2373 3100 2582 3156 τεθῆναι
2613 3099 2682 3158 είς
2707 3101 2800 3160 τὰς
2843 3101 3131 3172 μασχάλας
3161 3101 3340 3154 αὑτοῦ.
3376 3105 3442 3155 Οἱ
3492 3100 3550 3155 δὲ
3597 3105 3847 3178 ὑπηρέται

497 3179 636 3249 poni
672 3179 731 3234 in
776 3181 905 3253 ejus
957 3186 1318 3241 mammillis.
1374 3189 1614 3243 Ministri
1669 3194 1864 3244 autem
1909 3190 2133 3247 Satanae

2256 3196 2346 3240 τοῦ
2373 3194 2573 3240 Σατανᾶ
2596 3190 2780 3239 θᾶττον
2812 3192 2876 3240 τὰ
2893 3190 3225 3242 κελευσθέντα
3251 3192 3429 3254 αὐτοῖς
3455 3189 3844 3266 διεπράττοντο·

493 3267 610 3322 cito
643 3267 908 3324 fecerunt
934 3287 1002 3326 ea
1035 3289 1172 3345 quas
1196 3274 1580 3345 jubebantur.
1631 3278 2010 3349 Sphaerarum
2044 3297 2129 3334 au-

2255 3279 2483 3334 τοσαύτη
2530 3278 2629 3348 γὰρ
2681 3274 2975 3348 σφοδρότης
3021 3277 3074 3330 ἐκ
3120 3288 3217 3330 τῶν
3271 3289 3500 3353 σφαιρῶν
3535 3280 3727 3352 ἐγένετο
3760 3290 3849 3333 τοῦ

495 3356 613 3408 tem
644 3357 796 3425 ignis
847 3357 954 3414 fuit
1013 3365 1177 3417 tanta
1228 3365 1622 3428 vehementia.
1679 3371 1744 3421 ut
1785 3382 1906 3422 non
1949 3367 2131 3421 solum

2253 3368 2437 3438 πυρός,
2471 3366 2604 3416 ὥστε
2642 3369 2713 3436 μὴ
2746 3370 2898 3436 μόνον
2948 3366 3266 3440 ἀναφανῆναι
3297 3372 3384 3429 τὰς
3412 3369 3635 3445 πλευρὰς
3665 3371 3845 3436 αὐτοῦ,

496 3450 851 3512 apparerent
877 3447 1004 3517 ejus
1035 3449 1240 3515 latera,
1278 3454 1382 3507 sed
1423 3455 1603 3508 etiam
1664 3460 2132 3526 corrumperetur

2255 3453 2380 3507 ἀλλά
2406 3458 2494 3505 καὶ
2523 3458 2613 3510 τὴν
2640 3451 2841 3507 ἔνδοθεν
2869 3456 3163 3527 οἰκονομίαν
3207 3465 3304 3508 τῶν
3339 3458 3655 3530 σπλάγχνων
3686 3459 3848 3511 αὑτοῦ

492 3527 724 3586 interna
777 3535 904 3604 ejus
961 3537 1256 3593 viscerum
1315 3546 1633 3607 structura,
1690 3548 1753 3597 ut
1808 3558 1914 3613 per
1970 3558 2128 3598 nares

2254 3547 2533 3618 φθαρῆναι,
2559 3543 2649 3606 ἕως
2668 3540 2762 3597 διὰ
2787 3552 2886 3598 τῶν
2911 3551 3188 3618 μυκτήρων
3215 3545 3374 3598 αὐτοῦ
3401 3552 3487 3598 καὶ
3518 3568 3608 3600 του
3639 3547 3846 3620 ἐγκεφά-

496 3617 625 3686 ejus
659 3624 715 3675 et
739 3623 1047 3679 cerebrum
1071 3627 1325 3682 emissus
1345 3629 1518 3686 fuerit
1540 3631 1741 3687 fumus
1772 3647 1840 3686 ex
1871 3633 2069 3688 calore
2092 3635 2132 3688 ei

2253 3634 2341 3686 λου
2374 3630 2398 3679 ὁ
2442 3637 2632 3694 καπνός
2681 3629 2940 3707 ἀνεφέρετο
2990 3634 3045 3684 ἐκ
3095 3642 3184 3694 τῆς
3213 3636 3526 3707 ὑπαφθὴσης
3557 3637 3721 3689 αὐτῶν
3755 3634 3845 3689 δια

492 3720 598 3775 per
619 3707 884 3777 sphaeras
911 3729 1185 3770 accenso.

2255 3733 2353 3777 τῶν
2383 3732 2612 3799 σφαιρῶν
2639 3725 2967 3797 θερμότητος.

566 3795 923 3886 Xll.‘Beatus
956 3806 1153 3855 autem
1184 3802 1368 3867 Plato,
1401 3807 1500 3875 qui
1538 3807 1664 3876 jam
1696 3823 1731 3862 ει
1762 3808 2147 3880 multisrepu-

2328 3795 2434 3868 IB'.
2572 3811 2629 3865 δὲ
2668 3795 2925 3884 μακάριος
2973 3812 3182 3864 Πλάτων
3215 3808 3321 3871 ἤδη
3354 3817 3622 3886 νομισθεὶς
3667 3818 3843 3868 τεθνά-

497 3884 649 3935 tatus
679 3882 868 3940 fuerat
899 3903 1025 3942 esse
1059 3895 1349 3956 mortuus,
1372 3892 1517 3947 dixit
1548 3895 1876 3966 Agrippino
1912 3913 1924 3951 :
1963 3901 2133 3952 Parva

2254 3923 2357 3967 ναι,
2392 3901 2525 3954 εἶπεν
2577 3908 2702 3973 πρὸς
2745 3905 2831 3952 τόν
2881 3899 3221 3974 Ἀγριππῖνον
3271 3921 3280 3931 ·
3329 3909 3529 3976 Μικραί
3580 3907 3672 3956 σού
3715 3905 3847 3956 εἰσιν

496 3975 636 4023 sunt
666 3977 769 4027 tua
798 3976 1112 4042 tormenta,
1168 3994 1204 4034 o
1239 3982 1412 4050 potor
1470 3983 1804 4052 sanguinis,
1847 3988 1903 4039 et
1949 3985 2132 4040 bestiis

2256 3994 2308 4044 αἱ
2364 3989 2610 4062 βασάνοι,
2666 3993 2926 4060 αἰμοπότα
2977 3995 3062 4042 καὶ
3124 3993 3433 4066 θηριότροπε
3489 3997 3578 4045 καὶ
3634 3993 3851 4068 ἀνήμερε

496 4059 764 4114 moribus
793 4063 1019 4130 similis,
1054 4071 1109 4122 et
1139 4083 1292 4123 saeve
1321 4071 1504 4136 canis,
1535 4071 1582 4126 si
1618 4072 2029 4129 consideretur
2058 4074 2132 4129 ira

2253 4083 2388 4131 κύων
2437 4081 2561 4151 πρὸς
2618 4081 2702 4128 τὸν
2755 4080 2914 4149 θυμόν
2969 4097 3062 4130 σου
3121 4085 3209 4132 καὶ
3259 4079 3548 4152 ἀγριότητα
3595 4099 3608 4112 °
3671 4081 3778 4134 ἀλλ’
3825 4084 3848 4134 ό

497 4150 599 4203 tua
649 4155 704 4204 et
747 4151 1107 4212 immanitas.
1158 4158 1251 4214 Ira
1296 4163 1397 4215 tua
1440 4162 1547 4217 erit
1595 4178 1803 4234 parva,
1851 4168 2133 4220 tormenta

2258 4170 2412 4239 θυμός
2463 4187 2555 4219 σου
2608 4169 2741 4219 ἔστω
2791 4170 2992 4242 μικρὸς,
3035 4171 3089 4219 αἱ
3138 4165 3198 4220 δε
3228 4167 3454 4240 βάσανοί
3487 4189 3582 4222 σου
3614 4173 3849 4224 ἔστωσαν

499 4241 696 4331 autem
753 4245 852 4296 tua
903 4243 1018 4299 sint
1051 4262 1293 4316 magna.
1328 4251 1473 4306 Nam
1530 4268 1633 4323 per
1663 4256 1974 4324 tormenta,
2008 4270 2135 4326 quae

2253 4256 2473 4328 μεγάλαι
2516 4273 2526 4285 ⁸
2559 4261 2734 4328 γνώσῃ
2790 4258 2890 4328 γὰρ
2947 4253 3040 4308 διὰ
3080 4265 3178 4308 τῶν
3229 4257 3494 4330 βασάνων,
3545 4260 3612 4310 ὧν
3645 4258 3852 4331 ἐπάγεις

497 4324 948 4418 intentas,
1003 4349 1327 4404 cognosces
1377 4341 1702 4408 potentiam
1753 4343 1978 4408 Christi,
2029 4324 2133 4415 qui

2252 4366 2342 4418 μοι
2392 4351 2483 4403 τὴν
2534 4341 2754 4416 δύναμιν
2811 4352 2902 4396 τοῦ
2960 4343 3160 4417 βοηθοῦ
3216 4365 3314 4418 μου
3373 4354 3629 4417 Χριστοῦ.
3677 4347 3734 4400 Ὁ
3793 4345 3850 4400 δὲ

495 4413 637 4468 mihi
655 4415 1084 4477 fertauxilium.
1109 4427 1422 4494 Apparitor
1453 4435 1648 4484 autem
1682 4431 1924 4486 veniens
1958 4413 2131 4505 prope

497 4509 762 4525 _-_-.-___
796 4506 1018 4525 n._.,r,
1155 4512 1192 4525 ..
1245 4513 1274 4525 ..
1330 4515 1407 4525 ..ς
1607 4517 1620 4525 .
1835 4520 1846 4525 -
1967 4521 1977 4525 -
2037 4523 2045 4525 μ

2212 4480 2219 4518 ,
2256 4435 2446 4510 βοηθὸς
2477 4434 2771 4508 προσελθὼν
2816 4439 3037 4492 πλησίον
3069 4443 3160 4486 τοῦ
3206 4434 3356 4506 ἁγίου
3401 4435 3669 4499 Πλάτωνος
3713 4438 3848 4490 εἶπεν

495 4509 768 4558 sanctum
794 4506 1114 4573 Platonem,
1137 4512 1535 4582 dixiteizPare,
1555 4533 1590 4570 o
1607 4517 2011 4592 homo,jussis
2035 4523 2131 4577 im-

2253 4524 2392 4593 αύτῷ
2425 4539 2438 4553 ⁸
2472 4525 2723 4581 Πείσθητι
2771 4531 2879 4585 τοῖς
2924 4526 3298 4596 προστάγμασι
3337 4533 3428 4576 τοῦ
3472 4526 3849 4600 αὐτοκράτορος

496 4591 782 4660 peratoris
810 4594 990 4648 etdiis
1010 4598 1355 4660 sacrifica.et
1375 4601 1638 4670 lucrifac,
1658 4622 1731 4661 ne
1755 4591 1908 4663 male
1927 4611 2132 4667 moria-

2251 4617 2339 4664 καὶ
2401 4615 2556 4665 θῦσον
2609 4621 2714 4672 τοῖς
2773 4615 2926 4677 θεοῖς,
2978 4617 3067 4664 καὶ
3109 4616 3166 4664 τό
3211 4622 3384 4675 κακῶς
3430 4614 3700 4668 ἀποθανεῖν
3731 4620 3849 4688 κέρ-

495 4679 596 4733 ris.
633 4682 756 4735 Non
789 4688 954 4753 potes
979 4686 1137 4741 enim
1165 4694 1414 4744 mortem
1443 4692 1721 4762 effugere,
1753 4696 1865 4751 nisi
1887 4714 1957 4752 ea
1988 4698 2131 4753 fece-

2253 4699 2437 4759 δησον.
2495 4703 2568 4753 Οὐ
2613 4704 2714 4774 γὰρ
2769 4698 2996 4753 δύνασαι
3037 4703 3318 4774 ἀποφυγεῖν
3362 4707 3445 4754 τόν
3498 4707 3733 4770 θάνατον,
3764 4705 3845 4757 ἐὰν

496 4768 594 4834 ris,
628 4785 761 4841 quae
789 4788 824 4827 a
855 4789 949 4827 me
980 4774 1083 4829 tibi
1115 4775 1273 4832 dicta
1307 4784 1460 4834 sunt.
1493 4781 1599 4842 Qui
1621 4791 1817 4840 autem
1856 4793 1979 4841 erat
2009 4803 2132 4843 vere

2249 4795 2319 4863 μὴ
2354 4790 2562 4864 ἀνάσχῃ
2594 4799 2692 4842 τῶν
2720 4790 3004 4862 λεχθέντων
3060 4811 3143 4843 σοι
3191 4793 3309 4862 παρ’
3357 4791 3500 4863 ἐμοῦ.
3552 4800 3610 4845 Ὀ
3666 4790 3724 4846 δὲ
3761 4815 3845 4866 με·

495 4872 718 4927 magno
746 4865 802 4914 et
843 4862 1075 4918 excelso
1134 4866 1336 4921 animo
1393 4872 1448 4922 et
1501 4885 1631 4925 vere
1688 4872 1894 4929 Christi
1957 4876 2131 4944 Plato,

2248 4862 2658 4952 γαλόφρωνήκαὶ
2714 4879 2918 4952 εὐγενὴς
2971 4888 3030 4951 τῇ
3089 4879 3242 4952 ψυχῇ
3291 4862 3386 4932 καί
3424 4880 3626 4942 ἀληθῶς
3664 4862 3848 4945 δοῦλος

495 4949 895 5017 apparitorem
925 4952 1171 5022 quidem
1204 4969 1323 5008 non
1356 4959 1558 5026 parvis
1589 4959 1898 5017 incessens
1930 4970 2131 5021 contu-

2249 4976 2339 5020 τοῦ
2389 4976 2624 5040 Χριστοῦ
2686 4968 2896 5020 Πλάτων
2944 4971 3030 5020 τὸν
3069 4971 3158 5039 μὲν
3203 4968 3399 5041 βοηθόν
3431 4971 3488 5022 οῦ
3530 4980 3729 5042 μικρῶς
3772 4972 3844 5023 ἐν·

496 5037 708 5131 meliis,
743 5039 793 5093 ei
821 5057 885 5094 os
915 5041 1214 5097 obstruxit
1244 5048 1523 5115 tanquam
1561 5048 1719 5103 malo
1751 5051 2092 5108 consiliario
2124 5071 2132 5110 :

2249 5055 2485 5129 υϐρίσας,
2561 5056 2896 5128 ἐπεστόμισεν
2961 5060 3029 5117 ὡς
3086 5057 3530 5129 κακοσύμϐουλον,
3613 5059 3847 5131 ἀτρέπτῳ

495 5103 757 5184 ὥῑθιτὶῐο
771 5140 967 5189 autem
987 5133 1196 5205 spiritu
1221 5137 1494 5193 etanimo
1526 5139 1841 5209 immobili,
1865 5148 1920 5199 et
1947 5152 2131 5201 mente

2256 5103 2271 5108 ⁷
2295 5103 2485 5129 't'"""
2563 5103 2889 5128 """‘.“""
2963 5103 3028 5117 "'
3087 5103 3530 5129 ⁷“”“⁷“Τ”’⁷’”“⁷’⁹
3613 5103 3846 5131 “Τ“”””τ’

2251 5143 2308 5198 δὲ
2373 5150 2662 5218 φρονήματι
2709 5151 2796 5197 καὶ
2854 5145 3211 5218 ἀμετακινήτῳ
3265 5154 3321 5219 τῇ
3379 5147 3532 5220 ψυχῇ
3596 5154 3682 5200 καὶ
3748 5147 3848 5201 ἀτα

495 5229 615 5308 non
647 5221 1012 5285 perturbata,
1041 5223 1247 5278 oculos
1277 5224 1335 5280 in
1369 5227 1584 5282 coelum
1611 5229 1914 5298 extollens,
1947 5234 2094 5289 dixit
2122 5253 2131 5290 :

2247 5237 2402 5308 ράχῳ
2439 5243 2500 5305 τῇ
2563 5232 2770 5304 διανοίᾳ
2825 5234 3088 5298 ἀνατείνας
3135 5239 3251 5297 τοὺς
3294 5236 3589 5308 ὀφθαλμοὺς
3637 5238 3706 5299 εἰς
3755 5242 3844 5290 τόν

502 5303 749 5397 Dorsum
779 5323 966 5397 meam
998 5311 1134 5366 dedi
1164 5313 1244 5367 ad
1268 5315 1535 5385 ﬂagella,
1578 5324 1630 5374 et
1657 5334 1838 5388 genas
1877 5338 2029 5377 meas
2060 5325 2138 5379 ad

2248 5323 2460 5396 οὐρανόν
2511 5320 2641 5375 εἶπεν
2698 5341 2709 5354 ⁸
2766 5327 2863 5375 Τόν
2915 5328 3071 5376 νῶτόν
3144 5344 3244 5396 μου
3303 5322 3476 5376 ἔδωκα
3532 5327 3598 5386 εἰς
3655 5329 3819 5397 μάστι

497 5391 704 5458 alapas
729 5409 742 5446 :
763 5395 980 5461 faciem
1012 5404 1205 5455 autem
1229 5418 1414 5460 meam
1438 5422 1553 5461 non
1581 5408 1771 5463 averti
1800 5425 1834 5463 a
1863 5409 2133 5468 dedecore

2246 5431 2359 5484 γας,
2419 5414 2507 5470 τὰς
2556 5409 2614 5462 δε
2682 5416 2929 5482 σιαγόνας
2977 5413 3045 5473 εἰς
3095 5413 3406 5486 ῥαπίσματα
3438 5434 3448 5446 ·
3479 5418 3534 5465 τό
3581 5411 3640 5467 δὲ
3678 5421 3844 5488 πρόσ-

495 5484 801 5545 sputorum
830 5483 897 5531 ¹¹.
919 5485 1007 5539 Ne
1028 5486 1354 5547 discesseris
1381 5508 1416 5549 a
1438 5510 1546 5562 me,
1575 5496 1841 5564 Domine,
1857 5490 2131 5569 quoniam

2248 5504 2383 5552 ωπόν
2468 5519 2566 5572 μου
2659 5500 2753 5550 ούκ
2831 5499 3092 5574 ἀπέτρεψα
3148 5500 3248 5553 ἀπὸ
3313 5501 3574 5574 αἰσχύνης
3639 5507 3844 5576 ἐμπτυ-

568 5602 610 5638 ¹¹
650 5605 759 5661 lsa.
800 5620 854 5674 ι,
897 5609 950 5661 6.
