4144 6258
287 277 393 339 417

1624 279 1793 339 νΙΤΑ
1831 282 1893 341 S.
1932 279 2217 339 PLATON
2222 283 2306 340 IS.

3538 291 3640 345 418

290 409 502 480 σμάτων
558 408 628 478 μὴ
686 403 916 476 ἀποστῇς
973 401 1060 455 ἀπ’
1117 403 1263 476 ἐμοῦ,
1334 405 1508 475 Κύριε,
1579 405 1660 457 ὅτι
1714 406 1883 478 θλίψις

2000 409 2348 477 afﬂictiones
2369 425 2549 478 prope
2570 412 2615 446 ¹³
2638 423 2658 480 ;
2680 425 2751 467 ne
2773 411 2932 480 forte
2949 410 3152 466 dicant
3171 417 3389 480 gentes:
3424 413 3532 469 Ubi
3552 421 3638 470 est

692 511 814 545 ποτε
873 495 1086 544 εἴπωσιν
1154 494 1218 543 τὰ
1283 493 1422 555 ἔθνη,
1487 499 1592 544 Ποῦ
1650 497 1788 546 ἔστιν
1859 498 1885 547 ό

288 495 463 567 ἐγγὺς,
533 499 602 566 μή

289 590 414 645 Θεὸς
463 583 619 635 αὐτοῦ
650 602 666 653 ;
695 582 866 642 Αὐτός
914 577 1022 645 οὖν,
1084 584 1257 652 Κύριε,
1301 581 1476 638 Ἰησοῦ
1537 587 1750 655 Χριστὲ,
1809 584 1886 635 εὖ·

291 672 520 732 δόκησον
576 672 646 732 εἰς
692 669 798 742 ἐμὲ,
848 672 930 721 ἶνα
960 670 1162 731 τελείως
1192 673 1285 727 τὴν
1319 667 1602 740 τυραννίδα
1641 680 1732 722 τοῦ
1765 669 1887 724 δια-

290 763 440 814 ϐόλου
499 758 764 832 διαφυγών
832 767 1086 832 παραστῶ
1144 767 1214 828 τῷ
1268 756 1473 829 βήματί
1525 777 1618 810 σου
1665 769 1734 831 τῷ
1797 781 1881 832 φοι

523 853 607 901 τόν
664 849 818 900 καλὸν
877 847 1048 918 ἀγῶνα
1132 846 1534 918 ἀγωνισάμενος

289 851 439 923 ϐερφλ

288 945 470 1015 πρέπει
520 943 609 990 καὶ
667 936 714 988 ἐν
770 935 1074 996 ἐκκλησίαις
1143 940 1229 987 καὶ
1286 935 1336 986 ἐν
1391 942 1545 987 παντὶ
1597 942 1738 1008 τόπῳ
1790 946 1884 1000 τῆς

1625 854 1709 900 σοὶ
1783 852 1881 924 γὰρ

290 1026 593 1087 δεσποτείας
646 1045 740 1079 σου
792 1029 937 1096 τιμὴ,
994 1026 1202 1096 κράτος,
1244 1024 1606 1096 μεγαλωσύνη,
1657 1033 1744 1076 νῦν
1795 1031 1882 1078 xui

291 1118 368 1170 ἀεὶ
416 1122 504 1168 xui
560 1115 624 1174 εἰς
675 1118 792 1175 τοὺς
846 1113 1052 1173 αἰῶνας.
1111 1117 1209 1165 Καὶ
1241 1112 1434 1164 πολλῶν
1485 1113 1882 1165 ἐπακουσάντων

289 1210 346 1258 τό
387 1207 564 1276 Ἀμὴν,
600 1203 810 1260 ἐσείσθη
868 1203 893 1253 ὁ
945 1207 1102 1262 τόπος
1153 1209 1247 1262 τῆς
1299 1199 1580 1273 βασιλικῆς
1623 1207 1713 1255 καὶ
1760 1200 1883 1254 οὐδὲ

287 1295 448 1355 οὕτως
505 1301 720 1351 συνῆκεν
769 1292 794 1342 ό
855 1286 1217 1364 Ἀγριππῖνος,
1275 1292 1356 1341 ὅτι
1406 1288 1758 1362 βοηθούμενος
1822 1287 1881 1348 ἧν

286 1384 427 1454 παρά
465 1388 556 1432 τοῦ
616 1386 870 1454 Χριστοῦ,
914 1377 1020 1429 ἀλλ’
1078 1379 1186 1430 εἶπε
1243 1381 1373 1450 πρὸς
1427 1379 1602 1430 αὐτόν’
1656 1381 1878 1443 Ἀνόσιε,

287 1469 380 1523 διά
433 1475 483 1522 τί
535 1470 669 1522 οὕτω
721 1467 1064 1524 ἀπονενόησαι
1117 1473 1203 1519 καὶ
1267 1467 1325 1518 οὐ
1384 1464 1536 1538 φείδῃ
1592 1476 1684 1519 τοῦ
1741 1465 1880 1519 ἰδίου

288 1565 546 1632 σώματος,
606 1559 736 1628 ὁρῶν
789 1557 944 1608 αὐτόν
1009 1555 1169 1615 οὕτως
1227 1551 1490 1626 διαφόρως
1551 1560 1880 1626 τιμωρούμε-

284 1666 386 1700 νον·
452 1648 701 1704 πείσθητι
744 1641 830 1696 οὖν
876 1664 965 1716 μοι
1013 1648 1102 1695 καὶ
1161 1645 1316 1696 θῦσον
1355 1651 1462 1704 τοῖς
1496 1646 1649 1710 θεοῖς,
1695 1646 1777 1694 ἵνα
1805 1649 1876 1716 μὴ

1992 498 2148 553 Deus
2177 513 2375 554 eorum
2412 501 2454 534 ¹³
2477 498 2504 553 ἳ
2536 500 2655 554 Tibi
2688 515 2829 569 ergo
2860 499 3104 570 placeat,
3139 516 3175 555 o
3232 501 3474 556 Domine
3500 503 3637 558 Jesu

1990 586 2228 651 Christe,
2267 594 2325 641 ut
2372 603 2482 656 ego
2520 586 2783 642 famulus
2826 592 2979 653 tuus,
3027 587 3279 659 perfecte
3319 589 3639 646 adversarii

1992 672 2273 744 effugiens
2303 676 2692 746 tyrannidem,
2714 693 2845 730 cuin
2877 676 3132 731 audacia
3161 680 3218 730 et
3237 677 3454 733 ﬁducia
3469 678 3642 735 sistar

1992 769 2126 818 ante
2154 771 2316 819 tuum
2349 765 2608 819 tribunal
2641 764 2911 831 terribile,
2956 766 3069 820 hoc
3099 765 3346 835 pulchro
3376 765 3640 823 confecto

1991 855 2330 908 certamine.
2371 854 2445 908 Te
2507 869 2666 908 enim
2705 853 2874 908 decet
2911 859 2966 908 et
2995 854 3054 908 in
3093 853 3344 908 Ecclesis
3385 860 3439 910 et
3473 857 3640 911 omni

1989 938 2121 996 loco
2153 947 2268 998 tuae
2305 943 2730 998 dominationis
2769 942 2976 1012 gloria,
3020 943 3230 1008 honor,
3284 943 3548 1014 potentia
3583 948 3642 1000 et

1994 1029 2296 1098 majestas,
2328 1047 2486 1086 nunc
2516 1036 2570 1086 et
2619 1045 2872 1101 semper,
2928 1037 2982 1086 et
3011 1031 3071 1084 in
3127 1031 3346 1086 saecula
3398 1031 3636 1088 saeculo-

1989 1129 2145 1172 rum.
2189 1118 2250 1171 Et
2277 1134 2414 1173 cum
2446 1117 2614 1174 multi
2667 1117 3016 1182 audiissent,
3045 1121 3254 1186 Amen,
3303 1125 3502 1174 motus
3553 1125 3642 1176 est

1991 1207 2160 1263 locus
2201 1207 2453 1261 basilica-3
2487 1228 2498 1259 :
2542 1212 2597 1261 et
2627 1221 2698 1260 ne
2729 1205 2812 1260 sic
2849 1205 3093 1277 quidem
3141 1206 3425 1262 intellexit
3463 1208 3638 1263 miser

1991 1296 2370 1369 Agrippinus,
2399 1293 2561 1366 quod
2593 1294 2850 1348 Christus
2885 1294 2936 1348 ei
2966 1293 3137 1348 ferret
3168 1295 3476 1363 auxilium,
3536 1296 3641 1351 sed

1990 1387 2138 1442 dixit
2165 1386 2215 1440 ei
2246 1401 2258 1438 :
2283 1383 2488 1453 Impie,
2521 1398 2625 1436 cur
2649 1397 2710 1436 es
2737 1381 2888 1436 adeo
2923 1385 3138 1436 emotaa
3167 1381 3402 1450 mentis,
3430 1389 3486 1437 et
3521 1399 3640 1440 non

1990 1474 2185 1546 parcis
2208 1483 2310 1528 tuo
2339 1469 2595 1542 corpori,
2623 1486 2760 1525 cum
2787 1469 2844 1524 id
2873 1470 3072 1525 videas
3105 1469 3278 1524 variis
3300 1471 3494 1526 modis
3521 1476 3639 1528 tam

1989 1563 2200 1620 acerbe
2241 1561 2491 1616 cruciari
2522 1557 2711 1614 ?Pare
2750 1574 2891 1628 ergo
2923 1558 3085 1620 mihi,
3118 1563 3174 1614 et
3206 1559 3476 1616 sacriﬁca
3525 1561 3641 1615 diis

1987 1651 2367 1716 intemeratis,
2401 1665 2473 1704 ne
2498 1647 2651 1702 male
2674 1648 2971 1702 moriaris.
3005 1647 3255 1702 Sanctus
3281 1647 3446 1702 Plato
3473 1648 3640 1702 dixit:

287 1745 459 1796 κακῶς
516 1734 798 1806 ἀποθάνῃς.
881 1733 1090 1785 Πλάτων
1149 1730 1303 1784 εἶπεν·
1373 1733 1528 1785 Εἶπον
1611 1751 1694 1784 σοι
1760 1733 1880 1784 πολ-

2000 1741 2116 1796 Dixi
2142 1738 2247 1793 tibi
2275 1751 2450 1808 saepe,
2485 1736 2628 1807 quin
2656 1735 2836 1791 etiam
2878 1750 3038 1788 nunc
3067 1735 3169 1789 tibi
3201 1735 3357 1800 dico,
3385 1751 3477 1790 me
3517 1751 3643 1791 esse

287 1825 457 1893 λάκις,
509 1830 599 1876 xui
644 1831 731 1874 νῦν
778 1841 861 1874 σοι
913 1822 1063 1892 λέγω,
1124 1821 1201 1872 ὃτι
1259 1825 1384 1873 Θεοῦ
1444 1820 1632 1880 ζῶντος
1686 1819 1880 1893 λάτρης

292 1916 396 1987 εἰμὶ
438 1919 526 1965 καὶ
578 1915 764 1964 τούτου
812 1913 877 1962 τὰ
915 1907 1156 1982 δόγματα
1188 1909 1498 1980 καταλείψαι
1543 1909 1600 1962 οὐ
1653 1906 1882 1982 δύναμαι

291 2009 380 2056 καὶ
431 2009 536 2064 τοῖς
581 2006 827 2073 ματαίοις
878 2003 935 2051 τὸ
986 2003 1145 2071 ὄνομα
1198 2001 1387 2070 ἔχουσι
1440 2001 1571 2060 θεοῖς
1624 2007 1732 2060 τοῖς
1772 1999 1881 2051 κίϐ-

294 2089 470 2152 δηλοις
527 2094 729 2151 τούτοις
786 2098 1151 2162 προσκυνῆσαι
1203 2093 1292 2139 καὶ
1345 2097 1598 2161 μυσαροῖς
1657 2086 1884 2150 εἰδώλοις

292 2181 385 2232 οὐκ
444 2179 719 2248 ἀνέχομαι.
780 2177 932 2230 Ἀλλά
983 2177 1099 2229 καθ’
1145 2179 1339 2250 ἡμέραν
1388 2178 1446 2228 οὐ
1495 2180 1769 2250 παύσομαι
1815 2188 1886 2250 τῷ

292 2276 404 2338 Θεῷ
455 2271 895 2339 προσευχόμενος,
957 2269 1298 2338 προσπίπτων
1365 2271 1454 2317 καὶ
1507 2263 1746 2338 δεόμενος
1794 2275 1885 2329 τῆς

1652 2361 1718 2407 Σὺ
1807 2353 1885 2421 δε,

295 2445 612 2518 Ἀγριππῐνε,
668 2447 912 2515 ματαίοις
969 2439 1200 2502 εἰδώλοις
1240 2448 1607 2513 προστετηκὼς
1664 2451 1753 2496 καὶ
1801 2449 1886 2496 τόν

290 2357 413 2428 παρ’
486 2356 647 2406 αὑτοῦ
711 2354 961 2414 ἀληθινῆς
1039 2358 1302 2427 σωτηρίας
1367 2362 1570 2424 τυχεῖν.

293 2542 408 2586 νοῦν
477 2533 824 2604 σεσυλημένος
895 2534 979 2582 τὸν
1058 2530 1128 2590 εἰς
1193 2532 1501 2600 θεογνωσίαν
1563 2550 1620 2582 σε
1677 2533 1886 2583 ἕλκοντα

292 2625 433 2694 παρά
481 2629 571 2674 τοῦ
615 2626 812 2695 πατρός
859 2639 952 2671 σου
1001 2627 1090 2671 τοῦ
1139 2625 1357 2683 Σατανᾶ,
1409 2624 1499 2671 καὶ
1547 2620 1674 2680 όλως
1724 2621 1884 2672 αὐτοῦ

289 2717 575 2783 γενόμενος,
630 2714 719 2761 καὶ
781 2708 854 2770 εἰς
910 2714 1000 2766 τὴν
1069 2705 1190 2760 ὁδόν
1248 2717 1343 2770 τῆς
1401 2709 1542 2769 ζωῆς
1597 2707 1756 2760 ἐλθεῖν
1810 2715 1882 2782 μὴ

295 2799 602 2872 βουλόμενος
636 2798 706 2858 εἰς
753 2798 915 2848 αἰῶνα
963 2799 1106 2868 παρά
1140 2804 1228 2847 τοῦ
1280 2804 1412 2848 Θεοῦ
1443 2805 1534 2848 τοῦ
1569 2795 1886 2868 βοηθοῦντος

295 2908 395 2960 μου
449 2888 795 2960 τιμωρηθήση
846 2888 912 2945 ὡς
965 2883 1245 2956 ἐνυϐρίζων
1292 2889 1413 2944 τοὺς
1458 2881 1674 2946 δούλους
1708 2887 1886 2952 αὐτοῦ,

299 2977 528 3046 οἰόμενος
584 2973 884 3047 μεταϐαλεῖν
959 2971 1127 3024 αὐτῶν
1192 2976 1285 3030 τὴν
1361 2972 1433 3033 εἰς
1489 2976 1612 3024 Θεὸν
1693 2972 1890 3045 ἀγαθὴν

301 3069 623 3138 προαίρεσιν.

375 3153 449 3207 1F
458 3195 469 3208 .
516 3153 850 3226 Ἀγριππῖνος
893 3152 1004 3222 ἔφη·
1061 3145 1190 3215 Ἴδε,
1234 3149 1466 3214 Πλάτων,
1508 3151 1608 3202 ὅσα
1640 3169 1697 3202 σε
1740 3153 1894 3202 εἴασα

304 3242 655 3316 φλυαρίσαντα
718 3238 1108 3313 μωρολογῆσαι·
1193 3237 1325 3295 πλὴν
1413 3238 1456 3290 εἰ
1533 3243 1620 3289 καὶ
1691 3237 1893 3300 ἀνάξιος

302 3333 557 3404 ὑπάρχεις
602 3337 702 3380 τῶν
740 3330 866 3401 παρ’
910 3329 1054 3398 ἡμῶν
1096 3326 1258 3397 λόγων
1313 3322 1406 3378 διὰ
1453 3331 1546 3384 την
1591 3329 1892 3400 θρασύτητά

306 3440 399 3473 σου
450 3423 539 3470 καὶ
588 3415 938 3489 ἀμετάϐλητον
997 3411 1239 3490 καρδίαν·
1300 3413 1522 3468 ἄκουσον
1581 3417 1700 3488 ὅπερ
1760 3416 1889 3488 λέγω

305 3526 410 3560 σοι.
457 3506 707 3566 Πολλάκις
754 3505 917 3557 πολλά
979 3503 1181 3562 ἀκήκοα
1255 3512 1474 3556 τοιαῦτα
1529 3513 1626 3557 τῶν
1705 3506 1890 3577 ὁμολο-

301 3601 523 3668 γούντων
579 3598 664 3647 τόν
709 3593 994 3658 Γαλιλαῖον,
1049 3598 1139 3645 καὶ
1181 3591 1350 3654 οὐδεὶς
1405 3593 1640 3647 ἀνέλυσεν
1691 3595 1746 3646 ἐκ
1792 3605 1891 3647 τῶν

305 3682 436 3755 ἱμῶν
466 3692 656 3758 χειρῶν
702 3684 822 3747 ζῶν,
883 3684 926 3735 εί
972 3687 1044 3754 μὴ
1095 3681 1308 3740 ἐπείσθη
1340 3687 1427 3734 καὶ
1459 3685 1660 3738 ἔθυσεν.
1703 3684 1761 3736 Εἰ
1804 3681 1890 3736 οὖν

305 3777 376 3844 μή
439 3773 594 3832 θέλεις
663 3771 995 3843 ἀνασχέσθαι
1042 3790 1140 3841 μου
1217 3776 1307 3822 καὶ
1357 3773 1514 3823 θῦσαι
1572 3779 1682 3833 τοῖς
1735 3775 1886 3840 θεοῖς,

307 3859 462 3932 βλέπε
508 3866 559 3913 τί
613 3861 804 3932 μελλεις
855 3861 1101 3931 πάσχειν·
1157 3866 1246 3912 καὶ
1301 3863 1401 3934 γὰρ
1457 3860 1617 3912 πολλά
1669 3859 1890 3934 βασανι-

307 3954 500 4023 στήρια
548 3953 788 4020 μένουσίν
861 3968 933 4005 σε.
1019 3948 1077 4001 Ὀ
1130 3949 1274 4020 ἃγιος
1342 3957 1432 4002 τοῦ
1501 3958 1634 4003 Θεοῦ
1685 3954 1888 4024 μάρτυς

307 4037 514 4090 Πλάτων
560 4038 781 4109 γελάσας
829 4039 980 4090 εἶπεν·
1042 4036 1236 4104 Ἀθλιε,
1293 4044 1380 4090 καὶ
1432 4039 1743 4114 ταλαίπωρε,
1799 4047 1888 4094 καὶ

307 4128 660 4200 μισάνθρωπε,
731 4132 818 4178 καὶ
873 4128 1110 4198 ἀνήμερε,
1169 4132 1258 4178 καὶ
1330 4130 1506 4190 πάσης
1563 4135 1889 4203 παρανομίας

308 4214 536 4288 ἀρχηγε,
584 4215 813 4289 ἀλλοτριε
851 4224 940 4267 τοῦ
968 4224 1122 4281 Θεοῦ,
1150 4220 1238 4267 xui
1290 4217 1522 4290 ὑπηρέτα
1549 4225 1639 4268 τοῦ
1672 4224 1889 4286 Σατανᾶ,

307 4309 396 4355 καὶ
451 4311 546 4364 τῆς
608 4308 804 4374 γεέννης
856 4311 944 4355 τοῦ
990 4308 1152 4377 πυρός
1210 4304 1512 4375 κληρονόμε,
1567 4309 1654 4356 καὶ
1719 4306 1890 4364 πάσης

311 4389 485 4454 δεινῆς
537 4393 794 4453 κολάσεως
845 4393 975 4458 ἄξιε,
1025 4393 1082 4444 οὐ
1129 4395 1370 4444 πείθουσί
1415 4411 1479 4464 με
1507 4395 1556 4444 οἱ
1584 4391 1727 4464 λόγοι
1773 4409 1886 4446 σου·

311 4481 354 4533 εἰ
404 4484 505 4553 γὰρ
573 4483 597 4532 ό
653 4483 774 4554 ἐμός
829 4485 1088 4540 Δεσπότης
1140 4484 1366 4554 Χριστός
1413 4485 1469 4532 τό
1519 4489 1704 4534 εαυτοῦ
1761 4484 1891 4556 αἷμα

310 4567 504 4640 ἐξέχεεν
577 4571 703 4642 ὑπὲρ
781 4569 924 4642 ἐμοῦ,
985 4571 1066 4621 ἶνα
1117 4568 1216 4622 ἀπὸ
1296 4571 1466 4631 πάσης
1536 4570 1751 4643 ἀνομίας
1807 4576 1891 4625 τόν

313 4661 505 4728 κόσμον
562 4659 721 4710 αὐτοῦ
791 4659 1144 4733 λυτρώσηται,
1193 4663 1339 4731 πόσῳ
1392 4659 1581 4732 μᾶλλον
1635 4664 1785 4732 ἡμεῖς
1842 4667 1890 4715 οἳ

313 4743 607 4818 ἁμαρτωλοὶ
677 4747 933 4821 όφείλομπ
1000 4751 1342 4807 ἀποθνήσκειν
1391 4751 1515 4824 ὑπὲρ
1576 4750 1756 4818 αὐτοῦ,
1814 4754 1894 4805 ἶνα

313 4834 408 4885 κᾶν
467 4831 560 4888 διὰ
622 4839 805 4890 τούτου
862 4838 1169 4911 εὐγνώμονες
1228 4839 1459 4912 ὀφθῶμεν
1535 4848 1606 4911 τῷ
1664 4842 1890 4916 ὑμετέρῳ

315 4926 567 4997 Δεσπότη.

388 5011 484 5068 ῐΔ’.
538 5013 596 5067 ’0
646 5012 704 5068 δε
782 5017 1112 5090 Ἀγριππῖνος
1158 5017 1466 5089 προσέταξεν
1529 5017 1896 5092 λωροτομηθῆ-

316 5122 399 5154 ναι
443 5103 596 5155 αὐτὸν
662 5105 831 5157 εἰπών·
906 5106 963 5158 Ei
1016 5108 1118 5180 ἄρα
1171 5104 1427 5178 βοηθήσει
1479 5108 1631 5160 αὐτόν
1685 5111 1710 5160 ὁ
1769 5111 1898 5170 Θεὸς

326 5190 338 5206 ν
381 5192 392 5210 .
444 5193 467 5210 ν
529 5192 540 5207 ,
624 5194 670 5220 ,μ
831 5203 848 5210 -
972 5198 979 5210 ι
1257 5203 1275 5210 -
1492 5199 1501 5211 .
1738 5203 1746 5215 .
1846 5207 1862 5213 _

318 5209 374 5264 εφ
435 5213 472 5262 ῳ
521 5193 737 5259 ελπιςει,
787 5213 884 5246 των
935 5191 993 5246 δε
1024 5193 1312 5266 βασιλικῳν
1345 5193 1627 5259 διατάξεων
1668 5218 1755 5250 και
1800 5218 1898 5249 των

318 5283 574 5354 ἡμετέρων
627 5286 1041 5356 προσταγμάτων
1092 5293 1438 5358 καταφρονῶν.
1496 5291 1592 5339 Καὶ
1670 5289 1695 5339 ὁ
1760 5288 1902 5359 ἅγιος

319 5370 528 5425 Πλάτων
609 5373 838 5436 ἀκούσας
916 5381 1083 5426 ταῦτα
1139 5374 1291 5426 εἶπεν·
1371 5372 1737 5446 ιΑναιδίστατε
1813 5388 1902 5436 καὶ

395 5561 439 5596 ¹²
469 5559 619 5618 Psal.
655 5577 774 5630 ut,
809 5565 893 5628 11,
932 5565 1017 5620 l2.
1137 5563 1184 5598 ¹⁸
1216 5561 1363 5622 Psal.
1395 5579 1623 5634 Lxxvm,
1665 5570 1747 5624 10.

1991 1831 2089 1885 Dei
2131 1827 2436 1890 cultorem,
2471 1830 2646 1880 necut
2709 1824 2836 1893 ejus
2887 1822 3124 1878 decreta
3183 1823 3474 1888 deseram,
3548 1841 3642 1879 me

1993 1933 2170 1989 posse
2209 1917 2269 1970 in
2328 1915 2600 1969 animum
2638 1912 2937 1977 inducere,
2999 1927 3100 1966 nec
3132 1916 3192 1966 ut
3232 1927 3334 1967 eos
3375 1911 3641 1980 adorem,

1990 2006 2096 2078 qui
2127 2011 2348 2060 temere
2395 2018 2615 2059 nomen
2670 2001 2893 2056 habent
2948 2000 3220 2065 deorum,
3273 2006 3410 2056 sunt
3447 2006 3643 2056 autem

1991 2093 2327 2152 adulterina
2339 2098 2394 2148 et
2409 2089 2773 2147 exsecranda
2790 2088 3127 2144 simulacra.
3138 2087 3246 2144 Sed
3262 2103 3382 2144 non
3396 2089 3643 2144 cessabo

1993 2187 2057 2240 in
2085 2185 2210 2239 dies
2253 2181 2489 2238 assidue
2520 2184 2637 2235 Deo
2669 2195 2802 2234 meo
2835 2176 3139 2248 procidere
3193 2183 3249 2231 et
3287 2193 3418 2232 eum
3450 2192 3640 2240 orare,

1995 2278 2060 2329 ut
2089 2273 2342 2330 salutem
2376 2270 2452 2326 ab
2482 2285 2552 2324 eo
2578 2283 2927 2338 consequar.
2964 2264 3050 2320 Tu
3080 2271 3298 2329 autem,
3323 2265 3644 2336 Agrippina

1997 2367 2264 2433 tyranne,
2323 2359 2490 2413 vanis
2533 2356 2745 2412 afﬁxus
2774 2353 3127 2417 simulacris,
3160 2357 3218 2406 et
3255 2369 3291 2407 a
3354 2358 3514 2423 patre
3544 2355 3645 2408 tuo

1995 2453 2210 2507 Satana
2225 2450 2480 2520 privatus
2497 2452 2708 2510 mente,
2729 2460 2860 2514 qua:
2879 2449 2930 2498 te
2943 2441 3213 2498 trahebat
3233 2440 3310 2496 ad
3331 2441 3430 2496 Dei
3443 2441 3644 2510 cogni-

1997 2540 2240 2604 tionem,
2267 2542 2324 2591 et
2356 2541 2507 2590 totus
2528 2534 2802 2588 redactus
2833 2533 2891 2584 in
2919 2532 3048 2600 ejus
3078 2534 3451 2600 potestatem,
3487 2535 3542 2583 et
3569 2529 3646 2585 ad

1993 2627 2155 2681 viam
2209 2624 2338 2678 vitae
2364 2621 2569 2677 nolens
2600 2619 2940 2686 ascendere,
2973 2619 3033 2672 in
3061 2623 3348 2671 internum
3383 2616 3644 2686 punieris

1995 2732 2032 2772 a
2061 2719 2198 2779 Deo,
2235 2712 2339 2785 qui
2374 2709 2516 2766 mihi
2543 2709 2650 2764 fert
2673 2723 2870 2779 Opem.
2906 2707 3095 2773 Quem
3125 2705 3486 2760 contumelia
3511 2702 3644 2758 afﬁ-

1996 2804 2177 2866 ciens,
2219 2803 2347 2872 ejus
2377 2815 2580 2855 servos
2610 2797 2781 2853 variis
2823 2795 3126 2851 tormentis
3158 2792 3407 2864 subjicis
3434 2792 3648 2858 ,existi-

1999 2905 2173 2946 mans
2201 2895 2252 2944 te
2285 2893 2648 2943 mutaturum
2664 2900 2870 2942 eorum
2889 2885 3108 2938 bonum
3143 2880 3204 2937 in
3228 2885 3410 2938 Deum
3434 2895 3642 2952 propo-

2002 2979 2202 3034 situm.

2075 3154 2210 3211 XIII.
2241 3151 2599 3222 Agrippinus
2626 3151 2805 3206 dixit:
2838 3149 3000 3215 Vide,
3038 3148 3214 3213 Plato,
3246 3163 3432 3219 quam
3464 3146 3650 3202 multa

2004 3245 2109 3299 sivi
2125 3249 2174 3298 te
2195 3243 2514 3308 nugantem
2540 3239 2718 3294 stulta
2749 3237 2962 3292 dicere.
2994 3236 3105 3291 Sed
3130 3236 3235 3290 etsi
3264 3235 3344 3288 sis
3366 3235 3647 3305 indignus

2002 3332 2218 3388 nostris
2249 3327 2627 3385 sermonibus
2653 3330 2887 3398 propter
2917 3329 3080 3379 tuam
3119 3321 3432 3376 audaciam
3465 3329 3521 3376 et
3549 3336 3651 3376 cor

2001 3417 2394 3486 immutabile,
2434 3415 2576 3472 audi
2627 3413 2791 3486 quod
2841 3411 2938 3467 tibi
2997 3410 3170 3466 dico:
3229 3411 3389 3479 Saepe
3447 3408 3649 3464 audivi

2005 3511 2189 3566 multa
2248 3505 2538 3578 ejusmodi
2572 3504 2650 3560 ab
2680 3503 2750 3557 iis
2789 3501 2891 3573 qui
2923 3499 3279 3556 conﬁtentur
3318 3497 3644 3560 Galilteum,

2001 3614 2110 3654 nec
2143 3598 2291 3653 ullus
2330 3594 2566 3650 recessit
2599 3591 2772 3646 vivus
2815 3605 2850 3645 a
2875 3589 3017 3643 meis
3044 3587 3346 3651 manibus,
3383 3584 3493 3640 nisi
3527 3599 3650 3655 per-

2001 3703 2215 3743 suasus
2244 3685 2315 3740 sit
2365 3689 2422 3739 et
2463 3679 2828 3738 sacriﬁcarit.
2891 3677 2947 3733 Si
2978 3691 3118 3747 ergo
3180 3690 3301 3730 non
3357 3673 3448 3728 vis
3505 3672 3651 3728 mihi

2001 3792 2230 3832 morem
2262 3789 2482 3843 gerere,
2524 3777 2579 3826 et
2613 3770 2728 3824 diis
2772 3765 3127 3831 sacriﬁcare,
3187 3764 3321 3819 vide
3373 3761 3520 3834 quid
3571 3761 3652 3815 sis

1999 3865 2400 3938 passurus.Te
2430 3859 2592 3916 enim
2623 3857 2808 3913 multa
2841 3860 3082 3911 manent
3110 3855 3423 3914 tormenta,
3456 3849 3501 3904 si
3529 3864 3652 3904 non

1998 3936 2297 4011 audiveris
2313 3967 2405 4006 me
2417 3949 2521 4006 tibi
2535 3946 2952 4004 consulentem.
2971 3945 3220 3999 Sanctus
3235 3945 3426 3997 autem
3440 3936 3654 3992 Christi

2000 4050 2222 4114 martyr
2239 4042 2396 4096 Plato
2426 4037 2571 4093 dixit
2595 4053 2606 4091 :
2637 4034 2838 4089 Infelix
2859 4039 2913 4088 et
2937 4031 3285 4094 inhumane,
3301 4034 3357 4084 et
3379 4026 3651 4114 homines

1997 4113 2230 4187 habens
2248 4128 2408 4195 odio,
2425 4129 2698 4181 etauctor
2709 4139 2779 4179 ac
2797 4123 3072 4192 princeps
3087 4117 3282 4173 omnis
3299 4113 3650 4186 iniquitatis,

1999 4234 2036 4274 a
2059 4219 2176 4272 Deo
2205 4216 2397 4271 aliene
2427 4220 2482 4268 et
2511 4211 2778 4266 minister
2809 4211 3056 4272 Satante,
3089 4210 3144 4261 et
3170 4207 3357 4260 haeres
3379 4203 3532 4272 ignis
3557 4216 3654 4272 ge-

1999 4306 2232 4374 hennae,
2259 4307 2316 4359 et
2345 4302 2524 4372 digne
2553 4298 2717 4355 omni
2747 4295 3018 4368 suplicio,
3050 4309 3173 4350 non
3200 4309 3296 4348 me
3315 4295 3532 4348 terrent
3553 4296 3656 4345 tua

1999 4396 2202 4460 verba,
2237 4409 2344 4448 nec
2375 4391 2554 4447 minae
2586 4387 2728 4443 mihi
2758 4386 3137 4458 persuadent.
3167 4384 3323 4437 Meus
3354 4379 3515 4435 enim
3549 4381 3656 4434 Do-

2002 4485 2201 4542 minus
2233 4497 2339 4555 pro
2355 4496 2448 4538 me
2470 4495 2647 4535 suum
2663 4475 2867 4533 eﬂ‘udit
2883 4473 3258 4544 sanguinem,
3280 4473 3339 4524 ut
3359 4467 3648 4524 mundum

2001 4573 2313 4631 redimeret
2341 4574 2418 4627 ab
2448 4567 2610 4625 omni
2633 4566 2938 4638 iniquitate
2971 4582 2985 4619 :
3018 4567 3243 4635 quanto
3295 4557 3485 4627 magis
3543 4571 3654 4610 nos

2004 4668 2338 4736 peccatores
2375 4659 2662 4715 debemus
2694 4671 2800 4728 pro
2822 4656 2950 4724 ipso
2991 4651 3162 4715 mori,
3199 4655 3259 4703 ut
3279 4647 3369 4702 vel
3399 4660 3502 4716 per
3539 4643 3654 4698 hoc

2003 4732 2154 4824 ἐπειιὶ
2185 4758 2240 4807 et
2270 4748 2540 4806 beneﬁcii
2576 4759 2870 4802 memores
2897 4739 3342 4809 conspiciamur
3397 4732 3651 4788 Domino

2003 4847 2206 4900 nostro
2229 4841 2365 4895 Jesu
2397 4836 2642 4895 Christo.

2077 5018 2216 5075 XIV.
2248 5015 2514 5072 Vicarius
2544 5018 2743 5070 autem
2773 5008 3134 5080 Agrippinus
3163 5022 3301 5061 cum
3333 5004 3458 5061 haec
3490 5004 3655 5061 audi-

2008 5109 2207 5174 visset,
2266 5112 2320 5162 et
2397 5119 2621 5173 magno
2678 5102 2874 5156 furore
2943 5103 3098 5152 esset
3158 5095 3433 5166 percitus,
3483 5094 3658 5164 jussit

2009 5214 2147 5254 eum
2199 5194 2347 5251 caedi
2373 5195 2531 5256 loris,
2587 5190 2829 5246 dicens:
2891 5187 3210 5241 Videamus
3257 5199 3334 5238 an
3393 5186 3547 5238 Deus
3583 5184 3656 5238 sit

2011 5288 2063 5343 ei
2115 5301 2289 5358 Opem
2344 5284 2592 5345 laturus,
2654 5279 2714 5332 in
2759 5291 2878 5348 quo
2937 5288 3180 5346 sperans
3239 5268 3654 5344 imperatorias

2013 5373 2456 5433 constitutiones
2485 5366 2804 5426 contemnit
2831 5370 2886 5420 et
2934 5368 3140 5420 nostra
3163 5362 3353 5434 jussa.
3403 5360 3655 5416 Sanctus
