4144 6258
562 336 663 392 419

1969 327 2226 383 MENSIS
2260 318 2532 383 JULIUS.

3826 314 3923 368 420

565 464 765 515 autem
795 458 979 524 Plato,
1012 457 1105 513 his
1133 459 1371 525 auditis,
1400 458 1547 514 dixit
1579 477 1591 513 :
1621 454 2143 528 Impudentissime
2170 460 2218 509 et

2333 457 2621 523 μιαρώτατε
2696 450 2831 498 κύων
2895 450 2983 497 καὶ
3042 441 3285 514 βασάνων
3352 442 3629 513 κακουργε,
3691 437 3927 497 ἐπινοητά

566 548 1013 603 sceleratissime
1034 548 1217 611 canis,
1252 563 1542 603 novorum
1574 551 1996 602 tormentorum
2023 544 2215 597 inven-

566 642 657 692 tor
694 642 750 691 et
780 636 1137 703 excogitator
1169 636 1487 705 Agrippine
1524 651 1533 688 :
1589 634 2006 690 convenienter
2063 629 2219 684 enim

565 731 665 779 tuo
684 724 866 778 animi
892 722 1087 778 studio
1108 729 1163 777 et
1182 724 1443 778 instituto
1465 724 1573 778 fuit
1604 725 1675 778 ab
1698 722 1861 777 initio
1876 722 1976 776 tibi
2004 734 2221 774 nomen

564 812 933 883 impositum.
959 816 1029 866 Es
1054 813 1208 866 enim
1225 813 1475 880 agrestis
1498 812 1741 883 quidam
1764 811 1964 881 lupus,
1994 808 2220 864 eteffre'

566 906 742 955 natus
783 905 1068 971 tanquam
1102 918 1287 971 equus
1316 901 1665 965 indomitus,
1712 916 1813 954 eos
1843 896 2221 970 praecipitans

566 989 665 1059 qui
709 996 1039 1059 sequuntur
1080 988 1489 1059 impudentem
1554 994 1612 1043 et
1661 988 2008 1043 sceleratam
2052 990 2219 1040 tuam

568 1083 847 1132 mentem.
895 1078 1055 1131 Miser
1103 1081 1159 1130 et
1210 1076 1433 1141 infelix,
1481 1094 1618 1132 esne
1697 1077 1848 1131 adeo
1904 1075 2113 1130 stultus
2165 1079 2222 1129 et

564 1165 867 1236 insipiens,
902 1170 957 1220 et
1006 1171 1333 1220 excaecatus
1362 1182 1399 1221 a
1444 1172 1609 1236 patre
1650 1172 1748 1220 tuo
1797 1166 2014 1219 Satana
2043 1165 2070 1218 τί
2094 1166 2217 1218 Non

565 1255 749 1317 vides,
782 1253 1296 1324 quemadmodum
1351 1254 1608 1307 Christus
1658 1253 1803 1307 mihi
1832 1254 1888 1307 in
1924 1250 2220 1322 prioribus

566 1341 757 1397 adfuit
785 1341 1228 1405 tentationibus,
1263 1347 1319 1396 et
1348 1357 1507 1396 nunc
1538 1356 1779 1413 quoque
1810 1340 1994 1404 adest,
2019 1339 2220 1395 levans

568 1445 734 1485 meos
784 1429 1035 1497 labores,
1096 1438 1149 1484 et
1203 1446 1418 1485 curans
1474 1431 1787 1501 plagarum
1836 1433 2028 1496 notas,
2084 1444 2219 1498 quae

571 1534 606 1573 a
635 1524 689 1572 te
721 1518 859 1572 mihi
886 1519 1311 1589 imprimuntur
1345 1535 1357 1583 ;
1391 1526 1465 1582 et,
1508 1524 1570 1573 ut
1601 1518 1784 1573 semel
1822 1518 2039 1585 dicam,
2073 1532 2221 1571 nun—

569 1622 751 1677 quam
783 1607 1014 1677 reliquit
1035 1622 1136 1661 eos
1156 1608 1258 1677 qui
1274 1607 1388 1677 ipsi
1411 1606 1668 1662 serviunt
1690 1608 1716 1662 ?
1740 1608 1854 1662 Fac
1875 1621 2016 1675 ergo
2038 1621 2221 1676 quam

569 1694 867 1748 celerrime
897 1710 966 1748 ea
995 1711 1125 1765 quae
1183 1702 1281 1749 tuo
1332 1695 1539 1751 sedent
1580 1696 1801 1759 animo,
1856 1698 1921 1748 ut
1971 1709 2076 1764 per
2107 1698 2225 1748 tor-

2330 543 2635 612 Ἀγριππίνε
2669 536 2679 588 l
2716 540 2840 607 πρός
2880 536 2979 606 γὰρ
3039 536 3126 588 τὴν
3166 533 3470 602 προαίρεσιν
3522 533 3615 585 την
3668 527 3719 590 ἐξ
3762 528 3924 602 ἀρχῆς

2332 627 2535 683 ἐπετέθη
2586 645 2671 677 σοι
2723 628 2811 675 καὶ
2860 625 2925 673 τὰ
2978 620 3155 691 ὄνομα
3204 620 3383 691 ἄγριος
3428 622 3531 690 γήρ
3581 636 3654 676 τις
3698 619 3921 688 καθάπερ

2334 718 2487 777 ἵππος
2538 716 2817 786 ὑπάρχεις,
2873 710 3192 781 ἀχαλίνωτος
3249 710 3535 781 κρεμνίζων
3584 709 3700 766 τοὺς
3757 706 3922 768 ἐξακο-

2329 806 2635 862 λουθοῦντας
2666 810 2725 872 τῇ
2777 804 3031 872 μιαιφόνῳ
3078 818 3170 849 σου
3219 802 3420 868 γνώμη.
3473 802 3732 847 Τοσοῦτον
3762 797 3915 867 ύπάρ-

2330 913 2442 965 χεις
2485 893 2656 963 ἄφρων
2710 894 2798 941 καὶ
2852 888 3142 960 ἐτυφλώθης
3197 888 3340 956 παρά
3396 891 3488 936 τοῦ
3545 887 3739 957 πατρὸς
3810 904 3915 949 σου,

2331 990 2420 1034 τοῦ
2447 986 2666 1043 Σατανᾶ,
2708 984 2795 1030 καὶ
2828 978 2932 1049 ούχ
2962 978 3086 1048 ὁρᾷς
3128 982 3233 1034 πῶς
3276 978 3367 1025 καὶ
3418 972 3465 1023 ἐν
3504 979 3615 1034 τοῖς
3661 978 3920 1047 προτέροις

2328 1076 2559 1146 παρέστη
2614 1087 2721 1140 μοι·
2778 1072 2866 1118 καὶ
2924 1066 2969 1117 ἐν
3020 1072 3123 1123 τοῖς
3178 1060 3440 1136 δευτέροις
3497 1059 3555 1114 δὲ
3604 1066 3917 1134 παρέστηκεν

2331 1162 2355 1211 ό
2386 1161 2630 1231 Χριστὸς,
2684 1154 3026 1227 ἐπικουφίζων
3076 1155 3196 1213 τοὺς
3246 1156 3430 1210 πόνους
3493 1155 3583 1202 καὶ
3641 1153 3919 1224 θεραπεύων

2330 1253 2449 1309 τοὺς
2485 1249 2627 1321 παρά
2686 1250 2769 1297 σοί
2842 1263 2930 1315 μοι
2974 1245 3273 1314 γενομένους
3314 1248 3410 1292 τῶν
3463 1239 3675 1309 πληγῶν
3724 1245 3921 1304 τόπους,

2331 1342 2419 1389 καὶ
2468 1336 2638 1397 ἁπλῶς
2684 1334 2799 1407 ἐρῶ,
2863 1330 3114 1385 ούδέποτε
3160 1330 3541 1401 καταλιμπάνει
3599 1333 3719 1391 τοὺς
3773 1329 3923 1382 αὐτοῦ

2334 1424 2571 1487 δούλους.
2630 1428 2771 1476 Ποίει
2818 1419 2906 1474 ούν
2953 1423 3017 1473 τὰ
3069 1419 3433 1494 παριστάμενά
3472 1437 3555 1469 σοι
3607 1416 3653 1468 ἐν
3706 1421 3919 1478 τούτοις.

2335 1518 2416 1567 ἶνα
2452 1519 2542 1565 καὶ
2593 1510 2686 1565 διὰ
2741 1520 2841 1564 τῶν
2900 1509 3144 1583 βασάνων
3210 1517 3310 1559 τῶν
3364 1511 3788 1579 προσφερομένων
3844 1527 3924 1578 μοι

2333 1609 2421 1655 καὶ
2477 1611 2573 1654 τῶν
2627 1602 2885 1673 αἰκισμῶν
2949 1604 3123 1670 γνώσῃ
3176 1600 3262 1648 τὸν
3320 1595 3617 1668 βοηθοῦντα
3680 1601 3922 1669 Χριστόν,

2334 1697 2419 1745 τὸν
2463 1694 2604 1766 παρά
2644 1701 2737 1750 τῆς
2786 1697 2878 1749 σῆς
2938 1690 3221 1759 Θεομάχου
3264 1685 3499 1757 γλώττης
3540 1692 3626 1735 νῦν
3652 1684 3924 1758 ὑϐριζόμε-

567 1789 788 1849 menta,
821 1799 953 1853 quae
1016 1783 1153 1836 mihi
1210 1783 1560 1850 inferuntur,
1595 1789 1651 1839 et
1678 1784 1955 1855 indignas
1990 1783 2218 1854 plagas,

2334 1802 2436 1833 νον.
2477 1781 2604 1851 Ἐγὼ
2652 1782 2751 1850 γὰρ
2806 1781 2916 1848 ἔχω
2960 1781 3053 1834 τὴν
3086 1777 3245 1827 αὑτοῦ
3287 1772 3532 1845 βοήθειαν
3581 1778 3926 1846 συνεργοῦσαν

568 1886 896 1940 cognoscas
940 1872 1231 1926 Christum
1260 1872 1402 1926 mihi
1434 1889 1611 1943 opem
1642 1873 1814 1939 ferre,
1868 1872 1970 1942 qui
2015 1888 2051 1926 a
2099 1879 2221 1938 tua,

566 1975 699 2030 quae
731 1975 862 2014 cum
890 1961 1007 2014 Deo
1035 1966 1279 2031 pugnat,
1308 1960 1512 2030 lingua
1552 1978 1711 2015 nunc
1743 1961 1996 2016 afﬁcitur
2016 1967 2225 2017 contu-

2334 1890 2442 1942 μοι,
2487 1873 2575 1920 καὶ
2632 1868 2690 1919 ού
2737 1865 3106 1938 φοϐηθήσομαί
3153 1883 3246 1916 σου
3299 1867 3388 1925 τὰς
3433 1862 3646 1924 ἀπειλὰς
3692 1869 3783 1915 καὶ
3841 1869 3926 1926 τὰς

2334 1963 2602 2031 τιμωρίας.

567 2047 765 2102 melia.
792 2047 910 2116 Ego
932 2050 1089 2103 enim
1114 2065 1350 2119 semper
1371 2049 1599 2103 habens
1631 2065 1828 2121 opem,
1855 2066 1990 2121 quae
2009 2050 2085 2105 ab
2104 2067 2172 2106 eo
2194 2050 2341 2107 mihi
2372 2049 2573 2111 fertur,
2597 2060 2717 2100 non
2740 2044 2959 2099 timebo
2979 2046 3114 2097 tuas
3132 2041 3344 2106 minas,
3371 2055 3563 2111 neque
3579 2040 3774 2095 varios
3796 2045 3923 2095 tuos

567 2136 883 2190 cruciatus.

638 2227 746 2278 XV.
779 2225 1016 2280 Ministri
1056 2230 1253 2279 autem
1297 2227 1523 2281 Satanae
1564 2227 1678 2281 cito
1728 2225 1991 2282 fecerunt
2038 2226 2225 2299 impe-

565 2315 712 2380 rata,
757 2315 811 2365 et
840 2312 1290 2382 quamprimum
1352 2319 1631 2384 tanquam
1687 2315 2019 2369 inanimam
2086 2331 2222 2370 eum

566 2404 871 2468 tangentes
901 2406 1179 2466 statuam,
1222 2403 1402 2455 sancti
1444 2402 1713 2457 membra
1752 2403 2224 2459 conscindebant

565 2487 1125 2552 immisericorditer,
1161 2489 1507 2559 incipientes
1540 2490 1616 2545 ab
1654 2491 1937 2545 humeris.
1973 2493 2223 2546 Sanctus

568 2580 765 2631 autem
786 2574 948 2630 Plato
975 2577 1239 2631 dicebat:
1279 2579 1641 2644 Exspectans
1672 2582 2011 2647 exspectavi
2028 2582 2223 2635 Domi-

568 2679 733 2728 num,
767 2678 817 2719 et
850 2665 1107 2719 intendit
1137 2665 1285 2719 mihi
1311 2672 1362 2719 et
1413 2666 1721 2721 exaudivit
1749 2667 2222 2735 deprecationem

567 2766 755 2807 meam
815 2752 882 2805 ¹⁴.
940 2754 1157 2807 Omnes
1225 2758 1424 2809 autem
1494 2754 1599 2825 qui
1664 2770 1801 2809 eum
1851 2755 2223 2827 aspiciebant

569 2855 724 2908 aegre
764 2840 1031 2896 ferebant
1069 2847 1309 2912 propter
1347 2841 1399 2896 ei
1429 2842 1659 2897 illatum
1698 2844 2046 2899 cruciatum.
2091 2848 2224 2901 Erat

571 2929 727 2982 enim
786 2930 1144 3001 Agrippinus
1208 2946 1388 3001 supra
1444 2932 1691 2986 modum
1750 2932 2115 2988 inhumanus
2168 2938 2223 2989 et

568 3016 747 3088 plane
787 3018 964 3072 ferus.
1016 3020 1294 3090 Egregius
1337 3035 1471 3074 vero
1524 3020 1732 3076 Christi
1774 3021 1995 3077 athleta
2035 3022 2218 3089 Plato,

568 3110 857 3176 tanquam
877 3111 1050 3161 turris
1068 3108 1347 3178 quaedam
1363 3124 1497 3179 quae
1516 3109 1806 3179 pulsatur,
1829 3111 2221 3166 inconcussus

567 3210 816 3250 manens
831 3195 1180 3250 etimmotus
1194 3202 1434 3267 propter
1448 3199 1814 3253 suamﬁdem
1829 3200 1887 3253 in
1902 3200 2214 3265 Christum,

568 3281 627 3337 in
652 3284 869 3337 somnis
887 3285 1304 3353 quodammodo
1320 3287 1576 3356 torqueri
1593 3288 2043 3343 videbatur.Hoc
2064 3290 2221 3343 enim

567 3376 928 3426 tormentum
959 3389 1075 3427 non
1108 3373 1457 3437 formidans,
1493 3391 1686 3446 neque
1726 3375 1798 3431 ab
1830 3392 1900 3430 eo
1937 3377 2223 3446 obstupe-

566 3458 776 3524 factus,
801 3476 919 3514 non
944 3461 1139 3516 solum
1168 3462 1382 3532 pusillo
1403 3468 1457 3517 et
1475 3463 1705 3532 abjecto
1732 3464 1935 3532 animo
1957 3480 2077 3519 non
2101 3480 2222 3519 ces-

566 3549 640 3602 sit
682 3564 692 3601 :
729 3549 833 3603 sed
864 3566 924 3603 se
956 3551 1278 3605 ostendens
1310 3552 1792 3620 magnanimum,
1816 3553 2009 3608 lorum
2038 3569 2224 3608 unum

567 3653 597 3691 e
627 3653 731 3691 suo
759 3637 937 3691 latere
968 3639 1240 3692 evulsum
1293 3640 1459 3695 exiis
1512 3657 1646 3713 quae
1699 3643 1932 3697 lictores
1987 3659 2057 3697 ex
2097 3644 2224 3713 ejus

567 3740 814 3795 corpore
860 3725 1315 3793 abscindebant,
1360 3729 1609 3798 projecit
1661 3736 1795 3785 ante
1836 3730 2096 3786 tribunal
2131 3735 2225 3801 ju-

566 3812 732 3877 dicis,
792 3812 991 3866 dicens
1029 3827 1040 3865 :
1074 3813 1582 3869 Inhumanissime
1649 3824 1705 3870 et
1742 3819 2022 3871 omnibus
2090 3819 2223 3874 feris

566 3901 798 3967 saevior,
840 3907 983 3965 esto,
1020 3918 1121 3956 cor
1159 3908 1328 3957 tuum
1383 3909 1473 3958 est
1524 3906 1673 3961 adeo
1724 3913 2104 3973 excaecatum,
2164 3913 2226 3963 ut

566 3992 750 4043 Deum
774 4005 892 4044 non
918 4005 1235 4059 agnoscas,
1287 3993 1391 4062 qui
1418 3993 1496 4048 ad
1542 4011 1711 4049 suam
1754 4011 1861 4049 nos
1892 3995 2045 4061 fecit,
2080 3996 2222 4051 ima-

566 4078 763 4146 ginem
796 4095 806 4133 :
842 4079 1147 4149 quomodo
1177 4096 1297 4136 non
1328 4082 1625 4137 misereris
1677 4084 1954 4155 corporis,
2012 4085 2221 4142 iisdem

565 4167 781 4237 quibus
808 4171 891 4234 tu,
920 4167 1158 4223 obnoxii
1189 4170 1696 4241 perpessionibus,
1741 4172 1903 4243 quod
1924 4173 2221 4229 membra-

562 4256 669 4309 tim
688 4256 1115 4312 conscinditur:
1140 4258 1244 4313 sed
1264 4260 1367 4313 tibi
1385 4264 1471 4314 est
1491 4260 1775 4333 voluptati
1804 4261 2213 4317 membrorum

564 4360 833 4398 meorum
867 4343 1189 4400 dissectio?
1239 4347 1371 4403 Haec
1411 4352 1611 4403 autem
1652 4349 1806 4417 dico,
1856 4366 1977 4405 non
2023 4350 2217 4421 utqui

561 4431 791 4524 fugiam
834 4434 982 4524 mori
1023 4450 1128 4502 pro
1169 4437 1405 4524 pietate,
1450 4437 1551 4489 sed
1597 4436 2005 4524 crudelitatem
2050 4446 2214 4494 tuam
2252 4472 2292 4524 Π

563 4525 619 4573 et
648 4519 1146 4574 inhumanitatem
1190 4521 1437 4576 reddam
1486 4523 1766 4578 omnibus
1815 4526 2212 4581 manifestam.

561 4609 680 4677 Ego
721 4606 878 4661 enim
911 4614 1149 4679 propter
1177 4609 1470 4664 Christum
1499 4627 1697 4666 meum
1739 4612 1989 4668 libenter
2026 4616 2217 4685 patior

562 4697 766 4751 omnia
805 4696 981 4761 mala,
1015 4713 1149 4768 quae
1180 4698 1324 4752 mihi
1354 4714 1389 4753 a
1421 4704 1473 4753 te
1505 4698 1854 4766 inferuntur,
1883 4706 1938 4756 et
1967 4702 2217 4759 libenter

561 4787 822 4841 sustineo
853 4785 1127 4841 dolorum
1160 4787 1563 4855 acerbitatem,
1595 4794 1656 4843 ut
1682 4788 1739 4844 in
1773 4791 1969 4847 futuro
1999 4794 2214 4850 saeculo

561 4881 841 4929 aeternam
877 4875 1177 4930 inveniam
1210 4875 1494 4947 requiem.
1536 4880 1616 4932 Tu
1648 4884 1867 4945 autem,
1919 4897 1953 4935 o
2009 4882 2213 4938 crude-

562 4964 781 5018 lissime
822 4968 877 5017 et
907 4963 1337 5018 immanissime
1376 4965 1580 5033 homo,
1625 4975 1864 5038 accepta
1914 4969 2063 5041 pelle
2096 4969 2209 5027 mei

562 5052 849 5123 corporis,
884 5069 1017 5106 eam
1066 5054 1219 5107 habe
1279 5057 1487 5109 testem
1540 5061 1651 5110 tuae
1708 5056 2049 5127 impietatis,
2076 5076 2210 5131 qua:

561 5145 615 5194 te
648 5142 844 5196 mitttit
874 5143 948 5196 ad
986 5149 1297 5210 teternum,
1339 5150 1393 5197 et
1430 5144 1593 5214 quod
1626 5161 1937 5217 nunquam
1971 5147 2206 5215 desinit,

564 5229 941 5298 supplicium,
984 5247 1120 5285 cum
1165 5231 1498 5287 simulacris
1538 5234 1655 5287 tuis
1697 5239 1751 5288 et
1806 5235 2202 5292 daemonibus.

562 5314 714 5369 Dixit
750 5316 1107 5385 Agrippinus
1141 5337 1152 5374 :
1183 5320 1297 5374 Cur
1327 5336 1388 5376 es
1426 5321 1736 5394 insipiens,
1778 5328 1835 5378 et
1868 5322 2002 5379 odio
2025 5325 2205 5381 habes

562 5404 730 5457 tuum
762 5417 999 5473 corpus,
1023 5422 1057 5460 o
1078 5407 1259 5476 Plato,
1284 5415 1338 5464 et
1368 5426 1489 5467 non
1519 5426 1711 5477 curas,
1731 5411 1896 5484 quod
1920 5411 2204 5469 intestina

638 5587 683 5627 ιι
723 5584 874 5643 Psal.
916 5602 1044 5656 cxx,
1079 5594 1126 5656 1,
1161 5596 1214 5657 2,

2405 2224 2503 2279 IE'.
2562 2225 2626 2275 Οἱ
2676 2220 2733 2274 δε
2778 2223 3032 2295 ὑπηρέται
3089 2222 3271 2271 θᾶττον
3321 2217 3524 2270 ἐποίουν
3582 2219 3649 2269 τὰ
3702 2237 3927 2290 προσταο

2332 2316 2527 2384 χθέντα
2577 2311 2755 2370 αὐτοῖς
2810 2314 2901 2359 καὶ
2983 2309 3110 2380 μετὰ
3173 2304 3363 2358 πολλοῦ
3432 2314 3523 2357 τοῦ
3588 2307 3814 2376 τάχους,
3869 2308 3927 2365 ὡς

2335 2401 2548 2472 ἀψύχου
2583 2396 2889 2473 ἀνδριάντος
2941 2397 3242 2467 ἁπτόμενοι,
3278 2393 3498 2455 ἀνηλεῶς
3528 2396 3594 2445 τὰ
3644 2402 3734 2444 τοῦ
3777 2395 3925 2463 αγίου
3971 2461 3975 2465 θ

2332 2494 2633 2559 κατέτεμνόν
2692 2488 2815 2558 μέλη
2875 2484 2976 2537 ἀπὸ
3051 2494 3149 2536 τῶν
3198 2484 3348 2555 ὤμων
3407 2481 3707 2557 ἀρξάμενοι,
3776 2489 3819 2533 Ο
3873 2478 3927 2532 δὲ

2332 2579 2482 2648 ἅγιος
2559 2577 2767 2629 Πλάτων
2860 2575 3043 2645 ἔλεγεν·
3150 2573 3433 2644 ’Υπομένων
3514 2574 3759 2643 ὑπέμεινα
3841 2582 3925 2621 τον

2335 2670 2543 2741 Κύριον,
2614 2670 2702 2716 καὶ
2766 2667 3061 2734 προσέσχεν
3142 2681 3232 2733 μοι
3306 2665 3394 2712 καὶ
3477 2661 3780 2717 εἰσήκουσεν
3839 2667 3925 2718 τῆς

2334 2753 2553 2816 δεήσεως
2617 2774 2738 2826 μου.
2810 2757 2908 2805 Καὶ
2982 2752 3198 2810 ἅπαντες
3269 2752 3317 2803 οἱ
3384 2752 3684 2824 θεωροῦντες
3770 2749 3920 2800 αὐτόν

2334 2842 2725 2897 ἀπεδυσπέτουν
2777 2840 2868 2894 διὰ
2912 2846 3004 2899 τὴν
3054 2845 3306 2913 τιμωρίαν
3354 2844 3446 2897 τὴν
3486 2840 3915 2911 προσενεχθεῖσαν

2333 2934 2487 3003 αύτῷ·
2561 2929 2621 2990 ἦν
2687 2934 2783 3004 γὰρ
2830 2933 2854 2982 ὁ
2907 2931 3246 3004 Ἀγριππῖνος
3302 2927 3719 3000 ὑπερϐαλλόντως
3766 2925 3911 2977 ἀπάν-

2335 3023 2552 3096 θρωπος.
2606 3020 2663 3071 Ὀ
2718 3016 2776 3071 δὲ
2805 3026 3031 3090 γενναῖος
3074 3015 3304 3078 ἀθλητὴς
3334 3024 3424 3067 τοῦ
3474 3024 3710 3090 Χριστοῦ
3752 3018 3919 3088 ὥσπερ

2332 3130 2411 3171 τις
2462 3113 2661 3181 πύργος
2736 3107 3048 3179 βαλλόμενος
3103 3110 3192 3158 καὶ
3274 3104 3552 3165 ἀσάλευτος
3623 3110 3781 3176 μένων
3838 3110 3926 3155 καὶ

2332 3198 2727 3270 ἀμετακίνητος,
2781 3196 2828 3247 ἐν
2886 3196 3100 3269 ὀνείροις
3166 3190 3337 3247 ἐδόκει
3389 3193 3794 3266 βασανίζεσθαι·
3859 3199 3925 3264 μὴ

2333 3283 2605 3346 δειλιάσας
2650 3289 2750 3356 γὰρ
2802 3289 2893 3341 τὴν
2947 3283 3178 3356 βάσανον
3224 3286 3419 3340 ταύτην
3472 3279 3611 3354 μηδὲ
3666 3281 3929 3334 καταπλα-

2330 3379 2434 3445 γεὶς
2482 3374 2567 3425 ὑπ’
2622 3374 2799 3437 αὐτῆς,
2847 3373 2904 3424 ού
2966 3377 3117 3444 μόνον
3176 3372 3271 3424 ούά
3300 3368 3539 3424 ἐνέδωκεν
3584 3372 3925 3444 ὀλιγωρήσας,

2334 3462 2462 3515 ἀλλά
2510 3465 2607 3535 γὰρ
2671 3468 2759 3514 καὶ
2812 3461 3284 3534 μεγαλοψυχήσας,
3340 3461 3501 3534 λῶρον
3558 3462 3643 3514 ἕνα
3688 3460 3929 3513 ἀποσπά-

2335 3572 2431 3613 σας
2487 3550 2535 3603 ἐκ
2617 3558 2713 3611 τῆς
2763 3552 2920 3602 αὐτοῦ
2972 3551 3195 3622 πλευρᾶς
3242 3552 3295 3602 ὃν
3347 3552 3394 3602 οὶ
3463 3546 3649 3621 δήμιοι
3721 3551 3926 3621 ἔτεμνον

2332 3640 2432 3692 ἀπὸ
2480 3649 2569 3693 τοῦ
2620 3646 2858 3712 σώματος
2912 3639 3086 3703 αὐτοῦ,
3146 3638 3347 3713 ἔρριψεν
3399 3642 3498 3711 πρὸ
3549 3647 3638 3691 τοῦ
3683 3638 3928 3712 βήματος

2333 3737 2422 3782 τοῦ
2482 3729 2737 3782 δικαστοῦ
2798 3731 2973 3800 λέγων·
3054 3728 3520 3799 Ἀσυμπαθέστατε
3584 3733 3671 3780 καὶ
3720 3730 3928 3780 πάντων

2336 3822 2524 3893 θηρίων
2568 3818 2872 3894 ἀγριώτατε,
2906 3821 2936 3876 ἠ
2998 3814 3194 3891 καρδία
3245 3837 3339 3869 σου
3389 3817 3547 3878 οὕτως
3588 3823 3925 3890 πεπώρωται,

2332 3912 2535 3959 καὶτὸν
2569 3911 2695 3959 Θεὸν
2742 3908 2834 3958 οὐκ
2878 3906 3257 3977 ἐπιγινώσκεις,
3307 3909 3392 3957 τὸν
3444 3912 3533 3958 καὶ
3576 3906 3746 3958 εἰκόνα
3790 3903 3928 3957 ἰδίαν

2333 3996 2468 4066 ἡμᾶς
2548 4000 2868 4052 πεποιηκότα
2930 4004 3037 4057 πῶς
3110 3992 3231 4047 οὐδὲ
3300 3998 3353 4047 τὸ
3409 3996 3719 4067 ὁμοιοπαθὲς
3774 4003 3932 4066 σῶμα

2331 4084 2596 4158 οἰκτείρεις
2640 4087 2775 4135 κατά
2824 4088 2976 4158 μέρος
3028 4088 3228 4155 τέμνον·
3292 4088 3463 4158 τέρπει
3515 4103 3570 4135 σε
3607 4086 3635 4141 ἡ
3690 4092 3790 4135 τῶν
3837 4103 3927 4154 μευ

2328 4172 2424 4224 λῶν
2469 4193 2568 4244 μου
2622 4178 2887 4231 κατακοπή
2925 4190 2938 4239 ;
2971 4180 3147 4225 Ταῦτα
3179 4170 3237 4225 δὲ
3282 4172 3432 4243 λέγω,
3484 4173 3587 4244 ούχ
3637 4176 3699 4233 ὡς
3727 4177 3930 4244 φεύγων

2327 4265 2385 4313 τό
2450 4263 2574 4333 ὑπὲρ
2655 4261 2913 4324 εὐσεϐείας
2968 4261 3259 4330 ἀποθανεῖν,
3320 4260 3444 4313 ἀλλὰ
3499 4266 3592 4320 τὴν
3644 4266 3739 4319 σὴν
3791 4263 3930 4333 ὡμό-

2327 4369 2459 4408 τητα
2502 4356 2662 4402 πᾶσιν
2710 4360 2869 4403 ποιῶν
2918 4348 3238 4409 κατάδηλον*
3302 4351 3409 4402 ἐπεὶ
3457 4359 3564 4412 πῶς
3610 4347 3774 4409 ἡδέως
3830 4348 3931 4402 δια

2326 4442 2410 4491 τὸν
2459 4443 2687 4512 Χριστόν
2741 4443 2940 4512 πάσχω
2988 4444 3077 4491 καὶ
3144 4442 3206 4491 τὰ
3258 4442 3401 4512 παρά
3477 4447 3571 4491 σοῦ
3643 4438 3931 4511 ἐναγόμενα

2326 4529 2559 4599 ὑπομένω
2613 4533 2704 4587 τὴν
2751 4537 2850 4580 τῶν
2917 4532 3081 4580 πόνων
3137 4525 3410 4585 δεινότητα
3478 4527 3534 4579 ού
3594 4530 3781 4599 φεύγω,
3838 4529 3930 4579 ἵνα

2324 4616 2373 4666 ἐν
2431 4626 2501 4687 τῷ
2561 4617 2794 4689 μέλλοντι
2849 4619 2994 4669 αἰῶνι
3055 4622 3146 4675 τὴν
3204 4616 3377 4669 ἄνεσιν
3428 4616 3576 4690 εύρω·
3622 4620 3685 4668 σύ
3727 4613 3785 4668 δὲ
3829 4615 3926 4669 ἀπ’

2324 4712 2584 4773 ηνέστατε,
2648 4704 2923 4777 δεξάμενος
2984 4712 3075 4765 τὴν
3142 4714 3231 4758 τοῦ
3294 4711 3533 4778 σώματός
3590 4725 3689 4777 μου
3731 4702 3924 4779 δορὰν,

2323 4798 2563 4867 μάρτυρα
2637 4803 2725 4856 τῆς
2808 4795 3045 4857 ἀσεϐείας
3114 4796 3274 4866 ἔχεις,

2324 4884 2531 4936 αἰωνίαν
2571 4889 2658 4936 καὶ
2708 4883 3041 4942 ἀτελεύτητον
3095 4884 3306 4936 κόλασιν
3361 4886 3490 4954 μετὰ
3541 4892 3638 4933 τῶν
3686 4879 3925 4934 εἰδώλων

2325 4992 2440 5027 σου.

3350 4800 3553 4866 πέμπου
3562 4797 3655 4846 σάν
3733 4814 3789 4846 σε
3848 4796 3928 4855 εἰς

2504 4973 2835 5046 Ἀγριππῖνος
2889 4976 3001 5045 ἔφη·
3058 4972 3212 5025 Ἰνατί
3263 4972 3502 5032 ἀσύνετος
3558 4970 3619 5035 εἷ,
3666 4977 3753 5023 καὶ
3806 4971 3927 5043 ἐμί-

2323 5081 2492 5123 σησας
2540 5066 2596 5113 τό
2651 5063 2836 5113 ἑαυτοῦ
2884 5072 3054 5134 σῶμα,
3110 5066 3198 5113 καὶ
3252 5062 3309 5113 οὗ
3362 5061 3649 5133 φροντίζεις
3710 5062 3789 5111 ὅτι
3850 5064 3926 5112 τὰ

2319 5152 2512 5219 ἔγκατά
2581 5169 2673 5201 σου
2734 5147 2826 5201 διὰ
2878 5159 2974 5201 τῶν
3028 5150 3255 5223 πλευρῶν
3315 5168 3407 5200 σου
3472 5152 3564 5200 σύν
3618 5156 3678 5219 τῇ
3733 5153 3927 5223 κόπρῳ

2319 5240 2541 5311 φέρεται,
2611 5237 2716 5289 ἀλλ’

2316 5329 2535 5393 τούτοις,

2796 5241 2870 5289 ἔτι
2944 5244 3031 5291 καὶ
3097 5246 3184 5289 νῦν
3253 5238 3602 5298 ἀναισθητεῖς·
3668 5240 3799 5309 πρὸς
3856 5235 3927 5289 δὲ

2619 5327 2708 5379 οὐκ
2777 5326 3045 5401 ἀρκεσθεὶς
3108 5335 3212 5387 τοῖς
3280 5327 3565 5401 εἰρημένοις
3643 5346 3757 5391 σου,
3825 5333 3929 5377 νῦν

2315 5414 2407 5467 οῦκ
2457 5414 2668 5467 ἐπαύσω
2712 5419 2831 5477 τοὺς
2873 5418 3016 5479 θεοὺς
3053 5415 3332 5490 ἐνυϐρίζων
3378 5420 3466 5469 καὶ
3513 5415 3812 5491 παροξύνων
3856 5419 3929 5469 τὸ
