4144 6258
610 296 712 360 423

2003 299 2264 358 MENSIS
2302 298 2571 360 JULIUS.

3869 300 3975 354 424

608 452 823 517 utpar
870 450 1013 511 erat,
1057 446 1243 500 audes
1294 458 1454 497 nunc
1514 442 1700 513 loqui,
1748 442 1973 498 violans
2020 443 2220 514 jussu:

2329 471 2331 477 .
2368 428 2427 477 τά
2457 428 2840 497 προστάγματα
2869 434 2963 477 τῶν
2997 423 3273 496 βασιλέων.
3310 430 3485 475 Θῦσον
3534 429 3642 483 τοῖς
3689 424 3848 487 θεοῖς,
3886 430 3977 475 καὶ

609 534 1034 605 imperatorum
1068 533 1092 585 εἰ
1124 533 1261 587 Liba
1304 546 1444 599 ergo
1474 530 1604 595 diis,
1637 536 1693 585 et
1735 536 1787 585 te
1821 531 2139 587 dimittam.
2170 532 2255 586 Di-

607 623 691 676 xit
717 626 958 677 sanctus
991 620 1146 675 Plato
1178 636 1188 674 :
1240 619 1294 674 Si
1336 635 1463 681 nos,
1493 620 1595 690 qui
1629 619 1723 689 pie
1764 620 1948 674 Deum
1980 621 2251 689 colimus,

607 710 908 780 punimur,
934 715 993 762 ut
1020 710 1121 778 qui
1145 708 1553 761 existimemur
1585 708 1771 778 impii,
1808 724 1909 763 vos
1936 708 2037 779 qui
2067 709 2251 763 Deum

607 798 961 861 abhorretis,
1013 804 1067 851 et
1120 812 1360 867 corpus,
1411 798 1574 867 quod
1626 802 1713 851 est
1757 796 1987 860 iisdem,
2031 797 2250 868 quibus

606 903 729 951 vos,
756 886 1085 941 obnoxium
1110 885 1613 956 perpessionibus,
1640 886 2181 940 immisericorditer
2197 894 2250 941 et

602 975 844 1045 indigne
903 974 1163 1028 creditis:
1207 974 1508 1044 quomodo
1538 973 1974 1029 damnabimini
2001 976 2060 1029 in
2086 976 2248 1045 justo

600 1064 700 1117 Dei
742 1063 970 1133 judico,
1004 1064 1062 1115 in
1093 1062 1207 1126 die,
1244 1064 1303 1116 in
1335 1078 1456 1133 qua
1483 1062 1775 1132 judicabit
1817 1064 1973 1117 Deus
2017 1064 2248 1119 occulta

598 1150 915 1206 hominum
936 1151 1001 1185 "'
1016 1150 1042 1202 ?
1072 1148 1224 1204 Dixit
1245 1150 1636 1220 Agrippinus:
1669 1152 1807 1204 Fero
1826 1156 1879 1205 te
1901 1149 2244 1221 loquentem

598 1239 883 1294 audacter
938 1243 997 1292 et
1051 1236 1440 1291 conﬁdenter.
1472 1236 1758 1300 Miserere,
1809 1252 1845 1291 o
1893 1237 2244 1291 charissime

598 1326 781 1391 Plato,
824 1331 931 1380 tua;
984 1326 1247 1379 ﬂorentis
1286 1324 1501 1391 aetatis;
1571 1325 1685 1379 hoc
1738 1324 1894 1378 enim
1937 1323 2042 1379 tibi
2082 1325 2243 1379 dedit

601 1416 857 1477 fortuna,
876 1431 1009 1486 quae
1034 1420 1120 1468 est
1142 1414 1410 1483 ejusdem
1435 1412 1694 1467 nominis
1720 1428 1732 1477 ;
1756 1412 1979 1483 aspicio
2006 1414 2162 1468 enim
2186 1419 2241 1469 te

601 1504 776 1559 talem
808 1520 934 1557 esse
966 1502 1252 1565 futurum,
1285 1500 1477 1572 qualis
1510 1500 1604 1554 ille
1634 1500 1741 1555 fuit
1767 1501 2241 1571 sapientissimus

598 1591 779 1646 Plato.
822 1594 967 1646 Nam
1028 1605 1166 1644 cum
1218 1589 1427 1643 fuisset
1482 1589 1759 1659 princeps
1826 1589 2238 1661 philosophiae,

597 1679 847 1733 deorum
879 1679 1165 1746 dogmata
1194 1677 1511 1731 constituit.
1556 1678 1955 1741 Quamobrem
1984 1679 2241 1749 benigne

2366 513 2570 565 ἀπολύω
2622 534 2694 566 σε.
2738 514 2794 565 Ὀ
2839 514 2985 583 ἅγιος
3030 512 3242 564 Πλάτων
3293 508 3445 564 εἶπεν·
3493 511 3550 563 Εἰ
3598 513 3749 582 ἡμεῖς
3802 514 3976 565 θεοσε-

2364 602 2563 663 ϐοῦντες
2624 602 2823 654 ἀνόσιοι
2876 604 3241 672 ὑπονοούμενοι
3294 600 3641 671 κολαζόμεθα,
3700 608 3812 660 πῶς
3886 621 3972 653 σοι

2360 689 2814 751 καταδικασθῆναι
2858 696 2939 763 οἵη
2991 692 3037 742 ἐν
3087 699 3147 761 τῇ
3201 687 3565 762 δικαιοκρισίᾳ
3608 697 3699 741 τοῦ
3750 698 3888 741 Θεοῦ
3920 690 3967 741 ἐν

2360 789 2420 852 τῇ
2456 785 2642 853 ἡμέρᾳ,
2677 781 2783 852 ἐνῇ
2837 789 2997 853 κρινεῖ
3041 782 3065 830 ό
3114 778 3333 838 Θεὸςτά
3372 781 3578 853 κρυπτά
3620 788 3720 829 τῶν
3768 778 3965 853 ἀνθρώ-

2361 888 2507 937 πων;
2572 871 2904 944 Ἀγριππῐνος
2966 872 3097 941 ἔφη·
3158 870 3443 939 ’Λνέχομαί
3501 888 3594 919 σου
3662 867 3961 942 παρρησιαο

2360 960 2596 1030 ζομένου,
2642 960 2904 1029 οἰκτείρων
2939 976 3031 1009 σου
3072 966 3166 1016 τῆς
3209 956 3411 1016 ἡλικίας
3440 961 3566 1021 νέον,
3603 952 3677 1008 δι’
3726 956 3787 1013 ἣν
3833 957 3956 1027 ἐχα-

2355 1053 2539 1120 ρίσατό
2586 1068 2669 1100 σοι
2723 1050 3018 1119 ὁμωνυμίαν
3061 1047 3091 1103 ἡ
3138 1049 3299 1117 τύχη·
3334 1051 3423 1096 καὶ
3463 1048 3563 1117 γὰρ
3614 1050 3847 1097 τοιουτόν
3898 1065 3953 1098 σε

2356 1139 2566 1188 ἔσεσθαι
2619 1133 2919 1207 προσδοκῶ,
2977 1136 3083 1195 οἷος
3132 1134 3317 1195 ἐκεῖνος
3379 1136 3403 1185 ό
3452 1134 3695 1186 Πλάτων’
3748 1134 3953 1205 φιλοσο-

2355 1229 2472 1294 φίας
2514 1228 2614 1297 γὰρ
2648 1224 2887 1297 ἀρχηγός
2930 1228 3167 1294 γεγονὼς,
3197 1225 3264 1274 τὰ
3291 1231 3388 1274 τῶν
3423 1224 3544 1274 θεῶν
3590 1227 3951 1281 συνεστήσατο

2355 1296 2612 1383 δόγματα,
2647 1296 2731 1363 διὸ
2771 1319 2860 1363 καὶ
2891 1312 3045 1382 λόγου
3100 1296 3289 1362 πολλοῦ
3339 1307 3675 1382 μεταδίδωμί
3725 1321 3809 1362 σοι
3865 1317 3949 1362 καὶ

2354 1400 2537 1452 εύνοεῖν
2592 1421 2649 1453 σε
2704 1400 2785 1453 ἐπὶ
2836 1409 2944 1461 τοῖς
3002 1403 3127 1460 θεοῖς
3174 1398 3508 1471 συμϐουλεύω
3552 1405 3639 1450 καὶ
3683 1399 3952 1451 ἀνελέσθαι

2355 1510 2411 1542 σε
2454 1495 2540 1542 τόν
2588 1496 2760 1561 νόμον.
2804 1491 2855 1541 ὃν
2903 1492 2950 1541 οἱ
2998 1490 3369 1563 αὐτοκράτορες
3417 1490 3618 1539 ἔθεντο·
3669 1492 3950 1547 πεισθῆναι

2354 1576 2412 1631 δὲ
2460 1585 2545 1631 καὶ
2589 1588 2702 1640 ταῖς
2753 1578 2897 1651 ἐμαῖς
2944 1584 3327 1650 παραινέσεσιν.
3367 1577 3426 1629 Εἰ
3473 1574 3530 1629 δὲ
3575 1582 3644 1647 μὴ
3695 1579 3948 1642 πεισθεὶς,

2350 1675 2571 1741 γίνωσκε
2616 1672 2694 1720 ὅτι
2743 1667 3036 1738 ἀναγκάσαι
3087 1687 3142 1718 σε
3191 1670 3298 1737 ἔχω
3348 1664 3620 1738 διαφόροις
3663 1672 3752 1717 καὶ
3801 1686 3952 1738 στρε-

597 1773 791 1821 tecum
814 1766 1047 1837 loquor,
1082 1771 1135 1819 et
1163 1766 1414 1819 consulo
1440 1769 1504 1818 ut
1544 1766 1623 1819 sis
1644 1767 1937 1836 benignus
1969 1767 2026 1821 in
2060 1769 2203 1822 deos

2352 1760 2623 1831 ϐλωτέραις
2674 1762 2944 1830 τιμωρίαις
2994 1763 3143 1809 τοῦτο
3198 1764 3437 1819 ποιῆσαι,
3490 1757 3554 1815 ὡς
3604 1752 3949 1827 ψευδώνυμον

595 1860 649 1911 et
674 1853 831 1923 leges
862 1853 1172 1923 suscipias,
1206 1868 1361 1923 quas
1393 1851 1508 1923 ipsi
1542 1852 1797 1907 tulerunt
1823 1852 2236 1925 imperatores,

595 1949 653 2000 et
685 1943 829 1998 meis
845 1957 1053 2012 pareas
1084 1940 1619 1996 admonitionibus.
1643 1941 1698 1995 Si
1721 1941 1862 1996 mihi
1893 1948 2083 1997 autem
2120 1960 2238 1999 non

594 2031 882 2105 parueris,
926 2030 1079 2085 scias
1114 2037 1334 2100 aperte,
1368 2029 1510 2083 forte
1553 2033 1617 2083 ut
1646 2044 1757 2099 ego
1798 2035 1851 2085 te
1883 2046 2089 2100 cogam
2124 2033 2237 2088 hoc

2351 1853 2568 1923 ὀφθέντα
2653 1847 2922 1906 Πλάτωνος
3001 1852 3091 1896 τοῦ
3174 1850 3430 1917 μεγίστην
3514 1844 3818 1916 φιλοσοφίαν
3901 1844 3945 1896 ἐν

2350 1941 2636 2014 ἀνθρώποις
2689 1938 3039 2006 κτησαμένου,
3094 1936 3392 2006 ἄγνώμονός
3463 1953 3557 1985 σου
3640 1930 3946 2004 δειχθέντος

2348 2036 2465 2104 περὶ
2494 2032 2607 2087 τοὺς
2637 2028 2800 2086 θεούς.

592 2124 787 2177 facere
848 2120 1099 2173 diversis
1165 2123 1223 2171 et
1270 2119 1499 2172 acerbis
1546 2118 1871 2189 suppliciis,
1922 2123 1983 2174 ut
2042 2121 2143 2191 qui
2203 2122 2351 2177 falso
2413 2120 2490 2173 sis
2541 2114 2871 2186 appellatus
2925 2112 3132 2167 Plato:
3170 2113 3319 2183 ejus,
3376 2112 3645 2182 inquam,
3696 2112 3939 2167 nomine

590 2214 887 2279 suscepto,
919 2207 1189 2278 quiinter
1215 2206 1487 2260 homines
1513 2207 1839 2262 maximam
1862 2208 1970 2261 s1bi
2006 2210 2233 2279 paravit
2254 2206 2716 2283 philosophiam,
2752 2218 2887 2257 cum
2918 2206 2977 2256 tu
3004 2201 3065 2255 in
3088 2202 3232 2255 deos
3263 2201 3530 2270 ingratus
3561 2201 3845 2255 evaseris.

663 2298 844 2353 XVIII.
889 2296 1096 2351 Christi
1140 2298 1339 2349 autem
1384 2310 1551 2348 verus
1590 2310 1660 2349 ac
1701 2310 2022 2363 germanus
2067 2298 2234 2352 miles

592 2388 752 2442 Plato
782 2384 959 2439 dixit:
1000 2382 1175 2437 Valde
1201 2399 1489 2453 magnum
1522 2382 1922 2439 solmcismum
1948 2386 2228 2452 admittis,

588 2492 624 2531 ο
671 2474 1012 2545 Agrippine,
1044 2488 1247 2526 errans
1290 2472 1349 2525 in
1389 2473 1646 2527 veritate.
1690 2475 1833 2527 Nam
1886 2490 2023 2527 cum
2066 2481 2231 2545 pater

588 2568 725 2617 tuus
766 2564 1013 2617 Satanas
1052 2559 1124 2615 ab
1172 2560 1338 2614 initio
1370 2559 1543 2614 fuerit
1586 2561 1973 2631 perniciosus,
2022 2563 2229 2617 merito

589 2658 647 2706 tu
680 2667 943 2723 quoque,
975 2649 1077 2719 qui
1106 2666 1166 2703 es
1198 2650 1324 2718 ejus
1354 2648 1638 2715 minister,
1675 2650 1819 2703 facis
1854 2650 1906 2704 ei
1937 2651 2223 2719 similiter,

586 2746 641 2795 et
677 2748 727 2794 te
758 2741 815 2793 in
848 2740 974 2808 ejus
1003 2753 1239 2791 exerces
1269 2736 1621 2791 actionibus.
1666 2738 2016 2792 Dasmonum
2068 2740 2224 2793 enim

583 2829 884 2883 fortunam
914 2827 1144 2881 invehis
1176 2827 1231 2879 in
1272 2826 1541 2881 homines
1569 2826 1946 2895 Christianos,
1980 2828 2080 2898 qui
2115 2844 2223 2882 nec

581 2917 731 2972 ferre
751 2917 995 2987 quidem
1013 2921 1261 2986 possunt
1281 2916 1484 2969 audire
1503 2914 1725 2986 aliquid
1744 2915 2061 2985 ejusmodi.
2080 2918 2219 2973 Sum

580 3020 722 3074 ergo
761 3006 1032 3075 ejusdem
1077 3003 1322 3073 quidem
1362 3003 1644 3073 nominis,
1688 3005 1858 3074 cujus
1898 3004 2085 3059 Plato:
2117 3006 2221 3060 sed

579 3110 698 3149 non
731 3110 865 3147 sum
887 3094 1086 3148 iisdem
1116 3092 1379 3147 moribus
1407 3092 1705 3163 praeditus.
1737 3096 1895 3157 Quos
1916 3094 2075 3149 enim
2097 3111 2221 3150 mo-

577 3198 671 3238 res
698 3199 816 3238 non
860 3183 1250 3251 conjungunt,
1295 3198 1368 3237 ne
1400 3197 1616 3236 nomen
1664 3183 1905 3254 quidem
1948 3199 2050 3237 eos
2083 3200 2219 3239 con-

580 3272 759 3337 ciliat,
780 3270 1149 3343 nequelocus
1167 3270 1424 3341 copulat,
1441 3271 1549 3324 nisi
1565 3272 1758 3325 solum
1780 3272 1985 3341 pietas.
2004 3272 2219 3338 Quam-

577 3360 784 3416 obrem
833 3360 996 3415 nulla
1024 3359 1082 3413 in
1127 3361 1205 3413 rei
1250 3360 1299 3413 ei
1349 3359 1557 3413 similis
1602 3376 1735 3414 sum
1768 3359 1952 3424 Plato,
1984 3366 2218 3429 praster-

572 3465 757 3521 quam
776 3449 832 3502 in
848 3448 973 3504 solo
993 3450 1256 3502 nomine:
1272 3448 1385 3502 hoc
1402 3454 1601 3503 autem
1618 3448 1760 3502 mihi
1780 3447 1941 3518 piam
1958 3455 2216 3503 mentem

571 3554 885 3609 nunquam
935 3538 1146 3608 poterit
1191 3537 1423 3592 laedere.
1454 3539 1517 3590 Et
1546 3552 1656 3605 ego
1702 3536 1943 3607 quidem
1978 3553 2216 3593 exerceo

573 3641 728 3693 eam,
762 3642 889 3696 quae
919 3632 1002 3680 est
1032 3627 1091 3679 in
1129 3626 1377 3692 Christo,
1407 3625 1879 3696 philosophiam:
1913 3626 2067 3680 illius
2112 3643 2214 3681 au-

572 3719 690 3769 tem
740 3713 1121 3783 philosophia
1162 3720 1249 3765 est
1292 3713 1451 3783 apud
1485 3716 1670 3767 Deum
1712 3730 1912 3769 meum
1945 3714 2207 3770 stultitia.

571 3802 863 3872 Scriptum
891 3806 977 3854 est
997 3800 1154 3853 enim
1180 3800 1459 3854 :Perdam
1490 3801 1841 3867 sapientiam
1859 3804 2207 3869 sapientum,

568 3897 621 3946 et
649 3889 1032 3958 prudentiam
1056 3887 1406 3957 prudentum
1430 3888 1669 3943 abolebo
1696 3890 1765 3941 η.
1790 3892 1938 3943 Nam
1965 3890 2208 3946 deorum

568 3977 871 4046 dogmata,
904 3992 1038 4047 quae
1064 3975 1181 4041 ille,
1219 3980 1281 4030 ut
1310 3976 1479 4042 dicis,
1527 3977 1741 4047 posuit,
1775 3980 1917 4034 sunt
1952 3978 2112 4033 falsae
2151 3987 2207 4035 et

564 4066 717 4122 ﬁctas
739 4065 974 4131 fabulae,
998 4081 1132 4136 quae
1158 4064 1594 4121 adumbrantur
1618 4065 1965 4137 deceptione
1981 4068 2203 4123 daemo-

564 4172 731 4219 num,
783 4156 885 4227 qui
928 4154 1141 4210 animis
1205 4153 1459 4209 afferunt
1510 4155 1827 4219 interitum,
1886 4162 1939 4211 et
1998 4156 2205 4213 verbo-

561 4260 696 4300 rum
726 4246 944 4299 astutia
973 4249 1195 4299 vestras
1225 4246 1453 4299 mentes
1481 4251 1864 4311 excaecantes,
1898 4246 2203 4302 abducunt

561 4349 596 4389 a
637 4333 1012 4404 simplicitate
1042 4332 1200 4401 ﬁdei,
1225 4348 1361 4403 quas
1388 4338 1475 4387 est
1504 4334 1561 4387 in
1595 4334 1912 4389 Christum.

630 4424 762 4477 XIX.
810 4425 1135 4490 Postquam
1182 4426 1383 4475 autem
1423 4427 1714 4476 cessasset
1742 4422 1905 4493 loqui
1945 4430 2194 4496 martyr,

558 4510 687 4578 ejus
712 4508 955 4579 quidem
1001 4522 1286 4576 responso
1334 4507 1779 4577 obstupefactus
1810 4512 2192 4581 Agrippinus,

556 4596 777 4654 mansit
806 4601 1027 4659 mutus,
1057 4611 1175 4649 non
1203 4595 1403 4649 valens
1434 4596 1484 4649 ei
1509 4598 1889 4668 respondere.
1922 4600 2063 4654 Cum
2094 4617 2195 4655 au-

2425 2295 2526 2349 IH'.
2566 2294 2624 2345 Ὀ
2651 2290 2708 2344 δὲ
2739 2296 2894 2351 ὄντως
2921 2296 3138 2360 γνήσιος
3164 2296 3254 2340 τοῦ
3282 2296 3513 2360 Χριστοῦ
3536 2290 3782 2359 μαθητὴς
3813 2289 3942 2341 Πλά-

2341 2406 2439 2438 των
2511 2384 2663 2437 εἶπεν·
2724 2380 3048 2441 Σολοικίζεις,
3111 2379 3433 2451 ’Δγριππῖνε,
3496 2374 3702 2450 σφόδρα
3786 2378 3943 2450 σφαλ-

2339 2476 2547 2547 λόμενος
2593 2476 2709 2543 περὶ
2756 2475 2848 2526 τὴν
2884 2468 3143 2525 ἀλήθειαν·
3178 2475 3265 2518 τοῦ
3309 2470 3410 2538 γὰρ
3460 2474 3655 2539 πατρός
3707 2487 3801 2519 σου
3852 2478 3943 2521 τοῦ

2340 2571 2539 2616 Σατανᾶ
2595 2563 2848 2631 λυμεῶνος
2903 2559 3274 2627 τυγχάνοντος,
3333 2556 3536 2615 εἰκότως
3592 2561 3683 2607 καὶ
3734 2561 3799 2608 σὺ
3854 2558 3942 2609 αὖ-

2336 2661 2424 2704 τοῦ
2482 2653 2735 2723 ὑπάρχων
2784 2649 3061 2717 ὑπουργὸς,
3118 2649 3179 2697 τά
3232 2647 3386 2716 ὅμοια
3439 2645 3578 2715 αύτῷ
3628 2642 3940 2719 διαπράττει

3416 2738 3589 2806 τύχην
3646 2738 3742 2809 γὰρ
3798 2757 3936 2808 παρ-

3404 2831 3735 2897 Χριστιανοῖς
3814 2834 3926 2888 τοῖς

2336 2747 2424 2793 καὶ
2481 2744 2573 2800 τάς
2624 2737 2837 2811 πράξεις
2893 2736 3051 2787 αὑτοῦ
3103 2734 3313 2806 μελετᾷς
3348 2752 3358 2763 °

2335 2835 2579 2904 εισφέρεις
2661 2823 2920 2897 δαιμόνων
3018 2823 3303 2895 ἀνθρώποις

2330 2917 2469 2988 μηδὲ
2518 2916 2739 2968 ἀκοῦσαί
2788 2933 2835 2965 τι
2891 2920 3120 2964 τοιοῦτον
3172 2910 3503 2983 ἀνεχομένοις
3551 2917 3689 2964 ποτέ.
3721 2918 3919 2965 Οὐκοῦν

2330 3009 2598 3079 ὁμώνυμός
2642 3005 2747 3074 εἰμι
2798 3002 3081 3065 Πλάτωνος,
3114 3003 3396 3075 ὁμότροπος
3438 2999 3496 3053 δε
3548 3002 3641 3053 οὐκ
3684 3001 3807 3073 εἰμί’
3841 3003 3924 3063 οὓς

2327 3099 2428 3168 γὰρ
2482 3096 2539 3147 ού
2602 3096 2846 3146 συνάπτει
2900 3096 3107 3163 τρόπος,
3157 3087 3279 3142 οὐδὲ
3335 3093 3495 3161 ὄνομα
3546 3094 3758 3151 τούτους
3808 3111 3927 3143 συν-

2330 3190 2531 3242 ίστησι.
2565 3184 2623 3235 Ὀ
2677 3179 2734 3233 δὲ
2781 3186 2971 3254 τρόπος
3022 3180 3342 3250 συξευγνύει,
3376 3179 3418 3231 εἰ
3464 3184 3535 3250 μὴ
3584 3184 3739 3251 μόνον
3786 3180 3923 3233 εύσέ-

2328 3272 2461 3337 ϐεια,
2494 3275 2625 3323 ὥστε
2656 3271 2722 3329 εἰς
2769 3266 2918 3321 οὐδὲν
2967 3268 3144 3329 ἐοικώς
3186 3267 3291 3339 εἰμι
3339 3267 3592 3335 Πλάτωνι,
3628 3268 3671 3319 εἰ
3720 3274 3791 3341 μὴ
3827 3274 3918 3339 μό-

2252 3340 2291 3397 C
2326 3380 2407 3411 νον
2434 3362 2566 3411 κατά
2612 3364 2671 3411 τό
2718 3362 2875 3427 ὄνομα
2905 3364 3055 3408 τοῦτο
3101 3355 3305 3427 βλάψαι
3350 3375 3449 3428 μου
3481 3361 3565 3407 τόν
3612 3356 3797 3415 εὐσεϐῆ
3834 3359 3920 3409 λο-

2325 3453 2515 3520 γισμὸν
2582 3448 2639 3499 ού
2719 3444 2939 3499 δύναται
3008 3452 3211 3498 πώποτε
3244 3464 3254 3474 ·
3316 3445 3619 3518 φιλοσοφίαν
3683 3450 3784 3519 γὰρ
3874 3449 3923 3500 ἐν

2326 3544 2539 3611 Χριστῷ
2570 3541 2911 3608 μετέρχομαι·
2944 3538 2971 3593 η
3028 3532 3085 3586 δὲ
3133 3533 3323 3586 ἐκείνου
3370 3534 3646 3607 φιλοσοφία
3674 3539 3820 3607 παρὰ
3849 3546 3921 3607 τῷ

2325 3634 2436 3697 Θεῷ
2478 3631 2649 3701 μωρία
2696 3628 2833 3677 ἐστὶν
2878 3629 2963 3675 καὶ
3009 3623 3260 3685 ἀπωλείας
3308 3623 3549 3697 πρόξενος
3590 3633 3700 3687 τοῖς
3740 3630 3921 3679 πειθο-

2320 3720 2494 3787 μένοις
2575 3715 2702 3786 αύτῇ
2742 3732 2752 3743 ·
2809 3718 3097 3787 γέγραπται
3172 3716 3272 3787 γάρ
3308 3731 3319 3742 ·
3378 3713 3577 3766 Ἀπολῶ
3652 3720 3745 3773 τὴν
3832 3736 3916 3768 σο-

2320 3810 2437 3875 φίαν
2508 3813 2606 3856 τῶν
2685 3812 2873 3875 σοφῶν,
2932 3808 3015 3854 καὶ
3076 3806 3166 3860 τὴν
3244 3805 3445 3855 σύνεσιν
3524 3812 3623 3854 τῶν
3692 3813 3915 3857 συνετῶν

2320 3891 2575 3949 ἀθετήσω.
2631 3895 2706 3944 Τά
2758 3895 2859 3964 γὰρ
2919 3888 3161 3962 δόγματα
3207 3899 3305 3942 τῶν
3358 3894 3480 3943 θεῶν
3528 3889 3562 3942 ἃ
3618 3896 3681 3944 σὺ
3725 3893 3911 3963 λέγεις,

2317 3979 2503 4041 ἐκεῖνος
2546 3982 2684 4032 ἔθετο
2727 3983 2913 4051 μύθοις
2960 3977 3210 4050 ψευδέσιν
3250 3985 3337 4031 καὶ
3385 3981 3810 4053 πεπλανημένοις
3847 3993 3908 4056 τῇ

2314 4072 2412 4142 γὰρ
2463 4068 2631 4140 ἀπάτη
2680 4077 2775 4119 τῶν
2821 4065 3079 4139 δαιμόνων
3130 4076 3229 4119 τῶν
3259 4068 3609 4143 ψυχοφθόρων
3641 4089 3911 4142 στοιχεια*

2315 4158 2543 4229 ξόμενος,
2601 4162 2688 4208 καὶ
2764 4159 2948 4218 πάντες
3002 4159 3049 4208 οἱ
3107 4158 3221 4208 κατ’
3276 4158 3427 4209 αὐτόν
3486 4158 3787 4230 τυφλοῦντες
3844 4165 3912 4213 τόι

2310 4252 2546 4318 νοήματα
2602 4248 2742 4318 ὑμῶν
2798 4243 2887 4297 διὰ
2944 4255 3033 4306 τῆς
3082 4251 3397 4318 πανουργίας
3444 4256 3541 4298 τῶν
3590 4248 3753 4319 λόγων
3807 4250 3907 4302 ἀπό

2309 4344 2399 4395 τῆς
2430 4336 2718 4397 ἁπλότητος
2742 4344 2835 4395 τῆς
2867 4335 2937 4395 εἰς
2965 4339 3050 4386 τόν
3083 4340 3310 4407 Χριστόν
3347 4334 3637 4407 ἀπήγαγον.

2382 4424 2487 4479 ΙΘ’.
2529 4428 2672 4477 Μετά
2703 4421 2761 4475 δὲ
2804 4428 2860 4475 τό
2890 4426 3199 4476 παύσασθαι
3241 4427 3327 4475 τὸν
3358 4427 3597 4500 μάρτυρα
3625 4426 3903 4497 λαλοῦντα,

2306 4518 2432 4585 πρὸς
2487 4516 2575 4585 μὲν
2628 4512 2793 4584 ὀλίγον
2851 4512 3116 4583 ἐκπλαγεὶς
3170 4514 3195 4563 ό
3249 4514 3582 4585 Ἀγριππῐνος
3634 4522 3723 4574 τὴν
3774 4517 3901 4570 ἀπό-

2304 4620 2477 4673 κρισιν
2524 4602 2681 4653 αὐτοῦ
2727 4604 2890 4672 ἔμενεν
2936 4606 3053 4661 τέως
3103 4600 3445 4673 ἀποκριθῆναι
3474 4608 3543 4674 μὴ
3593 4600 3898 4677 δυνάμενος.

556 4691 672 4742 tem
702 4684 882 4756 paulo
913 4688 1051 4755 post
1074 4684 1501 4753 jussisseteum
1530 4684 1603 4739 de
1626 4686 1787 4755 ligno
1807 4687 2043 4757 deponi,
2082 4704 2189 4759 ag-

2329 4694 2483 4761 ιραχύ
2517 4686 2574 4742 δὲ
2604 4689 2845 4750 κελεύσας
2876 4688 2974 4740 ἀπὸ
3005 4697 3095 4741 τοῦ
3135 4690 3285 4751 ξύλου
3313 4691 3467 4742 αὐτόν
3494 4696 3897 4764 κατενεχθῆναι,

553 4790 791 4845 gressus
823 4780 909 4829 est
934 4790 1069 4827 eum
1101 4788 1304 4827 rursus
1344 4771 1578 4827 blandis
1610 4774 1802 4829 verbis
1842 4775 2189 4844 admonere,

552 4865 634 4919 sic
664 4864 903 4919 dicens:
957 4866 1075 4930 Ego
1115 4862 1189 4916 de
1246 4865 1476 4928 caetero,
1510 4877 1545 4916 ο
1595 4861 1771 4926 Plato,
1805 4867 1967 4934 quod
2009 4867 2087 4921 ad
2138 4875 2189 4922 te

549 4953 795 5024 quidem
836 4952 1056 5015 attinet,
1089 4966 1219 5004 sum
1262 4949 1435 5019 plane
1467 4951 1650 5005 animi
1675 4950 1895 5005 dubius
1926 4969 2034 5008 nec
2067 4955 2188 5010 scio

549 5042 693 5111 quid
742 5040 997 5095 debeam
1028 5038 1243 5094 facere.
1286 5038 1395 5102 Qui
1438 5039 1637 5109 itaque
1682 5046 1735 5094 te
1781 5040 1980 5095 multis
2018 5043 2187 5099 aﬂeci

548 5129 928 5194 cruciatibus,
963 5144 1070 5182 nec
1095 5127 1429 5198 quidquam
1461 5127 1644 5193 effeci,
1674 5136 1729 5184 et
1754 5130 1999 5185 adhibui
2021 5132 2189 5188 blan-

548 5216 741 5278 ditias,
761 5222 815 5268 et
841 5218 952 5271 hoc
974 5216 1119 5270 nihil
1146 5218 1380 5288 profuit,
1409 5233 1567 5272 nunc
1587 5217 1761 5272 statui
1784 5217 2026 5291 aliquod
2055 5222 2183 5276 dies

547 5303 652 5357 tibi
678 5304 1017 5357 concedere.
1072 5308 1232 5360 Forte
1263 5322 1399 5359 cum
1442 5305 1524 5360 sic
1550 5307 1861 5374 agnoveris
1907 5308 1989 5372 id,
2021 5310 2185 5380 quod

546 5396 635 5446 est
656 5388 761 5443 tibi
794 5390 946 5455 utile,
977 5392 1132 5447 hanc
1170 5398 1331 5450 tuam
1358 5394 1652 5467 relinques
1684 5395 2094 5468 pervicaciam,
2130 5404 2187 5455 et

616 5564 663 5606 ⁸⁵
690 5566 855 5620 Rom.
886 5580 945 5633 ιι,
981 5573 1063 5624 l6.
1176 5572 1222 5606 ¹⁶
1253 5572 1364 5628 Isa.
1399 5588 1554 5640 xxix,
1591 5575 1655 5628 14
1681 5587 1697 5640 ;
1725 5588 1746 5629 ι
1774 5573 1906 5631 Cor.
1933 5576 1976 5645 ι,
2016 5576 2102 5631 t9.

2302 4778 2608 4853 ἐπεχείρησε
2675 4778 2824 4830 πάλιν
2876 4779 3041 4849 λόγοις
3099 4777 3431 4839 ἐπαινετικοῑς
3497 4784 3683 4833 πείθειν
3740 4784 3900 4837 αὐτόν

2299 4867 2471 4938 λέγων·
2538 4867 2665 4938 Ἐγὼ
2732 4867 2925 4931 λοιπόν,
2989 4866 3217 4932 Πλάτων,
3276 4867 3450 4939 ἀπορῶ
3508 4873 3571 4921 τά
3628 4878 3744 4945 περὶ
3802 4882 3900 4925 σοῦ

2298 4962 2386 5008 καὶ
2426 4957 2517 5007 οὐκ
2549 4952 2671 5007 οἰδα
2699 4961 2750 5007 τί
2796 4956 2976 5027 ὀφείλω
3017 4952 3434 5030 διαπράξασθαι.
3472 4958 3611 5011 Ἐπεὶ
3660 4958 3747 5011 οὖν
3798 4969 3893 5015 καὶ

2296 5050 2547 5117 τιμωρίας
2594 5045 2781 5104 πολλὰς
2828 5044 3107 5115 ἐπήγαγον,
3158 5050 3245 5097 καὶ
3295 5043 3444 5098 οὐδὲν
3492 5048 3639 5100 πλέον
3692 5054 3890 5118 ἤνυσα,

2296 5138 2385 5184 καὶ
2432 5132 2704 5193 κολακείας
2749 5136 3067 5206 προσέθηκα,
3115 5138 3203 5185 καὶ
3250 5131 3372 5186 οὐδὲ
3414 5137 3576 5196 οὕτως
3620 5139 3889 5210 ὡφέλησα,

2295 5228 2381 5272 νῦν
2430 5221 2728 5293 ἐσκεψάμην
2778 5218 3011 5273 ἐνδοῦναί
3060 5241 3143 5273 σοι
3191 5225 3385 5294 ἡμέρας
3428 5227 3589 5290 τινας,
3624 5230 3749 5287 ἴσως
3793 5230 3893 5283 κᾶν

2296 5312 2457 5371 οὕτως
2515 5310 2732 5380 ἐπιγνῳς
2802 5314 2858 5361 τό
2929 5315 3203 5384 συμφέρον,
3260 5318 3347 5363 καὶ
3416 5314 3735 5386 καταλείψας
3794 5325 3894 5378 τὴν

2295 5402 2535 5452 ἔνστασίν
2572 5417 2663 5450 σου
2712 5401 2901 5457 ταύτην
2932 5401 3237 5474 προσέλθοις
3287 5409 3395 5464 τοῖς
3446 5408 3537 5462 τὴν
3586 5406 3899 5481 οἰκουμένην
