  <div class='ocr_page' id='page_1' title='image "/cluster/home/n/w/nwhite01/storage/ocr_20150623/115/mdp.39015028574336/220.png"; bbox 0 0 4144 6258; ppageno 0'>
   <div class='ocr_carea' id='block_1_1' title="bbox 232 288 337 345">
    <p class='ocr_par' dir='ltr' id='par_1_1' title="bbox 232 288 337 345">
     <span class='ocr_line' id='line_1_1' title="bbox 232 288 337 345; baseline -0.01 0"><span class='ocrx_word' id='word_1_1' title='bbox 232 288 337 345; x_wconf 66' lang='grc'>423</span> 
     </span>
    </p>
   </div>
   <div class='ocr_carea' id='block_1_2' title="bbox 1579 283 2250 347">
    <p class='ocr_par' dir='ltr' id='par_1_2' title="bbox 1579 283 2250 347">
     <span class='ocr_line' id='line_1_2' title="bbox 1579 283 2250 347; baseline 0.007 -4"><span class='ocrx_word' id='word_1_2' title='bbox 1579 287 1748 344; x_wconf 85' lang='lat' dir='ltr'><strong>VITA</strong></span> <span class='ocrx_word' id='word_1_3' title='bbox 1785 285 1844 340; x_wconf 92' lang='lat' dir='ltr'>S.</span> <span class='ocrx_word' id='word_1_4' title='bbox 1889 283 2250 347; x_wconf 85' lang='lat' dir='ltr'>PLATONIS.</span> 
     </span>
    </p>
   </div>
   <div class='ocr_carea' id='block_1_3' title="bbox 3492 296 3598 352">
    <p class='ocr_par' dir='ltr' id='par_1_3' title="bbox 3492 296 3598 352">
     <span class='ocr_line' id='line_1_3' title="bbox 3492 296 3598 352; baseline 0.009 -1"><span class='ocrx_word' id='word_1_5' title='bbox 3492 296 3598 352; x_wconf 75' lang='grc'>426</span> 
     </span>
    </p>
   </div>
   <div class='ocr_carea' id='block_1_4' title="bbox 231 408 1849 491">
    <p class='ocr_par' dir='ltr' id='par_1_4' title="bbox 231 408 1831 486">
     <span class='ocr_line' id='line_1_4' title="bbox 231 408 1831 486; baseline -0.004 -18"><span class='ocrx_word' id='word_1_6' title='bbox 231 411 267 468; x_wconf 87' lang='grc' dir='ltr'>δ</span> <span class='ocrx_word' id='word_1_7' title='bbox 272 418 525 478; x_wconf 79' lang='grc' dir='ltr'>ιέπουσιν,</span> <span class='ocrx_word' id='word_1_8' title='bbox 579 415 669 463; x_wconf 83' lang='grc' dir='ltr'>καὶ</span> <span class='ocrx_word' id='word_1_9' title='bbox 733 408 1035 482; x_wconf 75' lang='grc' dir='ltr'>ἀπαλλαγῇς</span> <span class='ocrx_word' id='word_1_10' title='bbox 1085 417 1183 463; x_wconf 88' lang='grc' dir='ltr'>τῶν</span> <span class='ocrx_word' id='word_1_11' title='bbox 1233 415 1582 486; x_wconf 80' lang='grc' dir='ltr'>περιεχόντων</span> <span class='ocrx_word' id='word_1_12' title='bbox 1633 431 1691 465; x_wconf 90' lang='grc' dir='ltr'>σε</span> <span class='ocrx_word' id='word_1_13' title='bbox 1743 429 1831 463; x_wconf 80' lang='grc' dir='ltr'>καο</span> 
     </span>
    </p>
   </div>
   <div class='ocr_carea' id='block_1_5' title="bbox 1961 408 3594 491">
    <p class='ocr_par' dir='ltr' id='par_1_5' title="bbox 1961 413 3594 491">
     <span class='ocr_line' id='line_1_5' title="bbox 1961 413 3594 491; baseline 0.006 -23"><span class='ocrx_word' id='word_1_14' title='bbox 1961 413 2192 469; x_wconf 76' lang='lat' dir='ltr'>iccedes</span> <span class='ocrx_word' id='word_1_15' title='bbox 2224 417 2303 472; x_wconf 92' lang='lat' dir='ltr'>ad</span> <span class='ocrx_word' id='word_1_16' title='bbox 2331 417 2496 486; x_wconf 91' lang='lat' dir='ltr'>deos,</span> <span class='ocrx_word' id='word_1_17' title='bbox 2545 418 2648 491; x_wconf 87' lang='lat' dir='ltr'>qui</span> <span class='ocrx_word' id='word_1_18' title='bbox 2677 417 3022 475; x_wconf 87' lang='lat' dir='ltr'>universum</span> <span class='ocrx_word' id='word_1_19' title='bbox 3050 419 3259 476; x_wconf 91' lang='lat' dir='ltr'>orbem</span> <span class='ocrx_word' id='word_1_20' title='bbox 3283 422 3453 476; x_wconf 85' lang='lat' dir='ltr'>terrae</span> <span class='ocrx_word' id='word_1_21' title='bbox 3480 422 3594 478; x_wconf 91' lang='lat' dir='ltr'>ad-</span> 
     </span>
    </p>
   </div>
   <div class='ocr_carea' id='block_1_6' title="bbox 232 499 1836 573">
    <p class='ocr_par' dir='ltr' id='par_1_6' title="bbox 232 499 1836 573">
     <span class='ocr_line' id='line_1_6' title="bbox 232 499 1836 573; baseline -0.003 -17"><span class='ocrx_word' id='word_1_22' title='bbox 232 514 335 556; x_wconf 84' lang='grc' dir='ltr'>κών</span> <span class='ocrx_word' id='word_1_23' title='bbox 370 520 381 533; x_wconf 84' lang='grc'><em>’</em></span> <span class='ocrx_word' id='word_1_24' title='bbox 415 508 506 555; x_wconf 85' lang='grc' dir='ltr'>καὶ</span> <span class='ocrx_word' id='word_1_25' title='bbox 544 508 710 554; x_wconf 78' lang='grc' dir='ltr'>ταῦτα</span> <span class='ocrx_word' id='word_1_26' title='bbox 740 499 915 564; x_wconf 83' lang='grc' dir='ltr'>εἰπὼν,</span> <span class='ocrx_word' id='word_1_27' title='bbox 970 499 1224 552; x_wconf 78' lang='grc' dir='ltr'>ἐκέλευσεν</span> <span class='ocrx_word' id='word_1_28' title='bbox 1278 501 1432 554; x_wconf 86' lang='grc' dir='ltr'>αύτὸν</span> <span class='ocrx_word' id='word_1_29' title='bbox 1480 501 1836 573; x_wconf 82' lang='grc' dir='ltr'>ἀπενεχθῆναι</span> 
     </span>
    </p>
   </div>
   <div class='ocr_carea' id='block_1_7' title="bbox 236 588 1835 665">
    <p class='ocr_par' dir='ltr' id='par_1_7' title="bbox 236 588 1835 665">
     <span class='ocr_line' id='line_1_7' title="bbox 236 588 1835 665; baseline -0.004 -19"><span class='ocrx_word' id='word_1_30' title='bbox 236 595 285 647; x_wconf 73' lang='grc' dir='ltr'>ἓν</span> <span class='ocrx_word' id='word_1_31' title='bbox 370 601 430 665; x_wconf 78' lang='grc' dir='ltr'>τῇ</span> <span class='ocrx_word' id='word_1_32' title='bbox 511 590 737 664; x_wconf 72' lang='grc' dir='ltr'>φυλακῇ,</span> <span class='ocrx_word' id='word_1_33' title='bbox 817 588 1172 660; x_wconf 71' lang='grc' dir='ltr'>παραγγείλας</span> <span class='ocrx_word' id='word_1_34' title='bbox 1268 598 1339 660; x_wconf 87' lang='grc' dir='ltr'>τῷ</span> <span class='ocrx_word' id='word_1_35' title='bbox 1424 594 1835 664; x_wconf 87' lang='grc' dir='ltr'>κομενταρησίῳ,</span> 
     </span>
    </p>
   </div>
   <div class='ocr_carea' id='block_1_8' title="bbox 235 674 1839 755">
    <p class='ocr_par' dir='ltr' id='par_1_8' title="bbox 235 674 1839 755">
     <span class='ocr_line' id='line_1_8' title="bbox 235 674 1839 755; baseline -0.005 -19"><span class='ocrx_word' id='word_1_36' title='bbox 235 683 449 755; x_wconf 78' lang='grc' dir='ltr'>ούγκίαν</span> <span class='ocrx_word' id='word_1_37' title='bbox 509 682 669 754; x_wconf 91' lang='grc' dir='ltr'>ἄρτου</span> <span class='ocrx_word' id='word_1_38' title='bbox 722 674 980 730; x_wconf 86' lang='grc' dir='ltr'>δίδοσθαι</span> <span class='ocrx_word' id='word_1_39' title='bbox 1027 679 1167 749; x_wconf 79' lang='grc' dir='ltr'>αὐτῷ</span> <span class='ocrx_word' id='word_1_40' title='bbox 1215 679 1331 731; x_wconf 87' lang='grc' dir='ltr'>καθ’</span> <span class='ocrx_word' id='word_1_41' title='bbox 1374 679 1600 736; x_wconf 81' lang='grc' dir='ltr'>ἑκάστην</span> <span class='ocrx_word' id='word_1_42' title='bbox 1645 681 1839 750; x_wconf 79' lang='grc' dir='ltr'>ἡμέραν</span> 
     </span>
    </p>
   </div>
   <div class='ocr_carea' id='block_1_9' title="bbox 240 763 1835 845">
    <p class='ocr_par' dir='ltr' id='par_1_9' title="bbox 240 763 1835 845">
     <span class='ocr_line' id='line_1_9' title="bbox 240 763 1835 845; baseline -0.004 -22"><span class='ocrx_word' id='word_1_43' title='bbox 240 777 331 823; x_wconf 86' lang='grc' dir='ltr'>καὶ</span> <span class='ocrx_word' id='word_1_44' title='bbox 361 773 582 845; x_wconf 89' lang='grc' dir='ltr'>κρασίον</span> <span class='ocrx_word' id='word_1_45' title='bbox 612 763 809 828; x_wconf 77' lang='grc' dir='ltr'>ὕδατος</span> <span class='ocrx_word' id='word_1_46' title='bbox 837 772 926 818; x_wconf 84' lang='grc' dir='ltr'>καὶ</span> <span class='ocrx_word' id='word_1_47' title='bbox 959 769 1103 841; x_wconf 89' lang='grc' dir='ltr'>παρὰ</span> <span class='ocrx_word' id='word_1_48' title='bbox 1132 765 1358 839; x_wconf 88' lang='grc' dir='ltr'>μηδενὸς</span> <span class='ocrx_word' id='word_1_49' title='bbox 1389 769 1614 843; x_wconf 82' lang='grc' dir='ltr'>ὁρᾶσθαι</span> <span class='ocrx_word' id='word_1_50' title='bbox 1645 767 1799 818; x_wconf 74' lang='grc' dir='ltr'>αὐτόν</span> <span class='ocrx_word' id='word_1_51' title='bbox 1823 783 1835 795; x_wconf 88' lang='grc'><strong>·</strong></span> 
     </span>
    </p>
   </div>
   <div class='ocr_carea' id='block_1_10' title="bbox 245 851 1835 932">
    <p class='ocr_par' dir='ltr' id='par_1_10' title="bbox 245 851 1835 932">
     <span class='ocr_line' id='line_1_10' title="bbox 245 851 1835 932; baseline -0.004 -20"><span class='ocrx_word' id='word_1_52' title='bbox 245 862 444 912; x_wconf 84' lang='grc' dir='ltr'>ύπενοει</span> <span class='ocrx_word' id='word_1_53' title='bbox 473 861 594 932; x_wconf 85' lang='grc' dir='ltr'>γάρ,</span> <span class='ocrx_word' id='word_1_54' title='bbox 640 862 710 928; x_wconf 87' lang='grc' dir='ltr'>μή</span> <span class='ocrx_word' id='word_1_55' title='bbox 766 875 846 916; x_wconf 88' lang='grc' dir='ltr'>τις</span> <span class='ocrx_word' id='word_1_56' title='bbox 888 864 986 906; x_wconf 84' lang='grc' dir='ltr'>τῶν</span> <span class='ocrx_word' id='word_1_57' title='bbox 1033 853 1374 928; x_wconf 81' lang='grc' dir='ltr'>διαφερόντων</span> <span class='ocrx_word' id='word_1_58' title='bbox 1422 856 1560 926; x_wconf 74' lang='grc' dir='ltr'>αύτῷ</span> <span class='ocrx_word' id='word_1_59' title='bbox 1601 851 1835 926; x_wconf 79' lang='grc' dir='ltr'>ἐπιδωση</span> 
     </span>
    </p>
   </div>
   <div class='ocr_carea' id='block_1_11' title="bbox 243 943 1838 1018">
    <p class='ocr_par' dir='ltr' id='par_1_11' title="bbox 243 943 1838 1018">
     <span class='ocr_line' id='line_1_11' title="bbox 243 943 1838 1018; baseline -0.005 -16"><span class='ocrx_word' id='word_1_60' title='bbox 243 971 295 1002; x_wconf 94' lang='grc' dir='ltr'>τι</span> <span class='ocrx_word' id='word_1_61' title='bbox 346 950 482 1018; x_wconf 83' lang='grc' dir='ltr'>αύτῷ</span> <span class='ocrx_word' id='word_1_62' title='bbox 536 950 592 999; x_wconf 89' lang='grc' dir='ltr'>τὸ</span> <span class='ocrx_word' id='word_1_63' title='bbox 645 943 932 1018; x_wconf 83' lang='grc' dir='ltr'>διαθρέψαι</span> <span class='ocrx_word' id='word_1_64' title='bbox 987 945 1143 998; x_wconf 82' lang='grc' dir='ltr'>αύτόν</span> <span class='ocrx_word' id='word_1_65' title='bbox 1201 943 1505 1018; x_wconf 73' lang='grc' dir='ltr'>δυνάμενον,</span> <span class='ocrx_word' id='word_1_66' title='bbox 1562 946 1756 1016; x_wconf 80' lang='grc' dir='ltr'>ἀγνοῶν</span> <span class='ocrx_word' id='word_1_67' title='bbox 1813 945 1838 994; x_wconf 98' lang='lat'>6</span> 
     </span>
    </p>
   </div>
   <div class='ocr_carea' id='block_1_12' title="bbox 241 1033 1836 1107">
    <p class='ocr_par' dir='ltr' id='par_1_12' title="bbox 241 1033 1836 1107">
     <span class='ocr_line' id='line_1_12' title="bbox 241 1033 1836 1107; baseline -0.004 -16"><span class='ocrx_word' id='word_1_68' title='bbox 241 1039 440 1104; x_wconf 80' lang='grc' dir='ltr'>ἄθλιος,</span> <span class='ocrx_word' id='word_1_69' title='bbox 496 1038 577 1088; x_wconf 84' lang='grc' dir='ltr'>ὅτι</span> <span class='ocrx_word' id='word_1_70' title='bbox 626 1034 737 1086; x_wconf 77' lang='grc' dir='ltr'>Ούκ</span> <span class='ocrx_word' id='word_1_71' title='bbox 787 1033 865 1084; x_wconf 82' lang='grc' dir='ltr'>ἐπ’</span> <span class='ocrx_word' id='word_1_72' title='bbox 916 1035 1058 1104; x_wconf 87' lang='grc' dir='ltr'>ἄρτῳ</span> <span class='ocrx_word' id='word_1_73' title='bbox 1104 1040 1242 1106; x_wconf 83' lang='grc' dir='ltr'>μόνῳ</span> <span class='ocrx_word' id='word_1_74' title='bbox 1293 1036 1506 1095; x_wconf 80' lang='grc' dir='ltr'>ζήσεται</span> <span class='ocrx_word' id='word_1_75' title='bbox 1556 1035 1836 1107; x_wconf 67' lang='grc' dir='ltr'>ἄνθρωπος,</span> 
     </span>
    </p>
   </div>
   <div class='ocr_carea' id='block_1_13' title="bbox 243 1127 348 1179">
    <p class='ocr_par' dir='ltr' id='par_1_13' title="bbox 243 1127 348 1179">
     <span class='ocr_line' id='line_1_13' title="bbox 243 1127 348 1179; baseline 0 0"><span class='ocrx_word' id='word_1_76' title='bbox 243 1127 348 1179; x_wconf 84' lang='grc' dir='ltr'>ἀλλ’</span> 
     </span>
    </p>
   </div>
   <div class='ocr_carea' id='block_1_14' title="bbox 245 1209 1836 1283">
    <p class='ocr_par' dir='ltr' id='par_1_14' title="bbox 245 1209 1836 1283">
     <span class='ocr_line' id='line_1_14' title="bbox 245 1209 1836 1283; baseline -0.005 -14"><span class='ocrx_word' id='word_1_77' title='bbox 245 1236 327 1278; x_wconf 89' lang='grc' dir='ltr'>τος</span> <span class='ocrx_word' id='word_1_78' title='bbox 359 1222 518 1270; x_wconf 81' lang='grc' dir='ltr'>Θεού.</span> <span class='ocrx_word' id='word_1_79' title='bbox 562 1212 620 1263; x_wconf 88' lang='grc'>”()</span> <span class='ocrx_word' id='word_1_80' title='bbox 653 1209 710 1264; x_wconf 79' lang='grc' dir='ltr'>δε</span> <span class='ocrx_word' id='word_1_81' title='bbox 756 1211 901 1282; x_wconf 85' lang='grc' dir='ltr'>ἄγιος</span> <span class='ocrx_word' id='word_1_82' title='bbox 935 1211 1146 1263; x_wconf 79' lang='grc' dir='ltr'>Πλάτων</span> <span class='ocrx_word' id='word_1_83' title='bbox 1193 1211 1432 1271; x_wconf 84' lang='grc' dir='ltr'>ἐποίησεν</span> <span class='ocrx_word' id='word_1_84' title='bbox 1462 1212 1509 1263; x_wconf 84' lang='grc' dir='ltr'>ἐν</span> <span class='ocrx_word' id='word_1_85' title='bbox 1539 1220 1600 1283; x_wconf 70' lang='grc' dir='ltr'>τῇ</span> <span class='ocrx_word' id='word_1_86' title='bbox 1637 1210 1836 1283; x_wconf 83' lang='grc' dir='ltr'>φυλακῇ</span> 
     </span>
    </p>
   </div>
   <div class='ocr_carea' id='block_1_15' title="bbox 245 1299 1842 1375">
    <p class='ocr_par' dir='ltr' id='par_1_15' title="bbox 245 1299 1842 1375">
     <span class='ocr_line' id='line_1_15' title="bbox 245 1299 1842 1375; baseline -0.004 -18"><span class='ocrx_word' id='word_1_87' title='bbox 245 1299 606 1358; x_wconf 79' lang='grc' dir='ltr'>ὀκτωκαίδεκα</span> <span class='ocrx_word' id='word_1_88' title='bbox 650 1303 844 1373; x_wconf 76' lang='grc' dir='ltr'>ἡμέρας</span> <span class='ocrx_word' id='word_1_89' title='bbox 885 1316 896 1327; x_wconf 80' lang='grc'><strong>⁸</strong></span> <span class='ocrx_word' id='word_1_90' title='bbox 945 1305 1034 1352; x_wconf 80' lang='grc' dir='ltr'>καὶ</span> <span class='ocrx_word' id='word_1_91' title='bbox 1084 1302 1166 1352; x_wconf 82' lang='grc' dir='ltr'>ἵνα</span> <span class='ocrx_word' id='word_1_92' title='bbox 1218 1301 1460 1375; x_wconf 75' lang='grc' dir='ltr'>πληρωθῇ</span> <span class='ocrx_word' id='word_1_93' title='bbox 1514 1305 1571 1352; x_wconf 89' lang='grc' dir='ltr'>τό</span> <span class='ocrx_word' id='word_1_94' title='bbox 1616 1319 1842 1373; x_wconf 88' lang='grc' dir='ltr'>γεγραμ-</span> 
     </span>
    </p>
   </div>
   <div class='ocr_carea' id='block_1_16' title="bbox 243 1386 1841 1466">
    <p class='ocr_par' dir='ltr' id='par_1_16' title="bbox 243 1386 1841 1466">
     <span class='ocr_line' id='line_1_16' title="bbox 243 1386 1841 1466; baseline -0.004 -20"><span class='ocrx_word' id='word_1_95' title='bbox 243 1399 418 1466; x_wconf 73' lang='grc' dir='ltr'>μένον,</span> <span class='ocrx_word' id='word_1_96' title='bbox 478 1394 559 1444; x_wconf 83' lang='grc' dir='ltr'>ὅτι</span> <span class='ocrx_word' id='word_1_97' title='bbox 631 1390 688 1442; x_wconf 78' lang='grc' dir='ltr'><strong>Ὀ</strong></span> <span class='ocrx_word' id='word_1_98' title='bbox 749 1386 956 1450; x_wconf 82' lang='grc' dir='ltr'>δίκαιος</span> <span class='ocrx_word' id='word_1_99' title='bbox 1011 1389 1065 1441; x_wconf 82' lang='grc' dir='ltr'>ἐκ</span> <span class='ocrx_word' id='word_1_100' title='bbox 1122 1396 1349 1452; x_wconf 86' lang='grc' dir='ltr'>πίστεως</span> <span class='ocrx_word' id='word_1_101' title='bbox 1426 1391 1665 1454; x_wconf 76' lang='grc' dir='ltr'>ζήσεται,</span> <span class='ocrx_word' id='word_1_102' title='bbox 1749 1388 1841 1441; x_wconf 75' lang='grc' dir='ltr'>οὐκ</span> 
     </span>
    </p>
   </div>
   <div class='ocr_carea' id='block_1_17' title="bbox 429 1119 1842 1198">
    <p class='ocr_par' dir='ltr' id='par_1_17' title="bbox 429 1119 1842 1198">
     <span class='ocr_line' id='line_1_17' title="bbox 429 1119 1842 1198; baseline -0.004 -20"><span class='ocrx_word' id='word_1_103' title='bbox 429 1125 512 1178; x_wconf 70' lang='grc' dir='ltr'>ἐπὶ</span> <span class='ocrx_word' id='word_1_104' title='bbox 581 1128 734 1176; x_wconf 84' lang='grc' dir='ltr'>παντὶ</span> <span class='ocrx_word' id='word_1_105' title='bbox 797 1123 998 1196; x_wconf 80' lang='grc' dir='ltr'>ῥήματι</span> <span class='ocrx_word' id='word_1_106' title='bbox 1053 1123 1434 1198; x_wconf 74' lang='grc' dir='ltr'>ἐκπορευομένῳ</span> <span class='ocrx_word' id='word_1_107' title='bbox 1501 1119 1596 1175; x_wconf 80' lang='grc' dir='ltr'>διὰ</span> <span class='ocrx_word' id='word_1_108' title='bbox 1648 1127 1842 1194; x_wconf 88' lang='grc' dir='ltr'>στόμα-</span> 
     </span>
    </p>
   </div>
   <div class='ocr_carea' id='block_1_18' title="bbox 243 1475 1842 1552">
    <p class='ocr_par' dir='ltr' id='par_1_18' title="bbox 243 1475 1842 1552">
     <span class='ocr_line' id='line_1_18' title="bbox 243 1475 1842 1552; baseline -0.004 -17"><span class='ocrx_word' id='word_1_109' title='bbox 243 1483 492 1541; x_wconf 78' lang='grc' dir='ltr'>ήθέλησεν</span> <span class='ocrx_word' id='word_1_110' title='bbox 523 1482 666 1552; x_wconf 87' lang='grc' dir='ltr'>παρά</span> <span class='ocrx_word' id='word_1_111' title='bbox 715 1487 807 1530; x_wconf 83' lang='grc' dir='ltr'>τοῦ</span> <span class='ocrx_word' id='word_1_112' title='bbox 846 1484 1256 1552; x_wconf 84' lang='grc' dir='ltr'>κομενταρησίου</span> <span class='ocrx_word' id='word_1_113' title='bbox 1309 1481 1464 1550; x_wconf 83' lang='grc' dir='ltr'>ἄρτον</span> <span class='ocrx_word' id='word_1_114' title='bbox 1510 1480 1539 1536; x_wconf 77' lang='grc' dir='ltr'>ἡ</span> <span class='ocrx_word' id='word_1_115' title='bbox 1584 1475 1727 1550; x_wconf 76' lang='grc' dir='ltr'>ὕδωρ</span> <span class='ocrx_word' id='word_1_116' title='bbox 1755 1477 1842 1528; x_wconf 89' lang='grc' dir='ltr'>λα-</span> 
     </span>
    </p>
   </div>
   <div class='ocr_carea' id='block_1_19' title="bbox 245 1566 1839 1642">
    <p class='ocr_par' dir='ltr' id='par_1_19' title="bbox 245 1566 1839 1642">
     <span class='ocr_line' id='line_1_19' title="bbox 245 1566 1839 1642; baseline -0.004 -20"><span class='ocrx_word' id='word_1_117' title='bbox 245 1570 368 1625; x_wconf 79' lang='grc' dir='ltr'>ϐεῖν.</span> <span class='ocrx_word' id='word_1_118' title='bbox 418 1566 570 1642; x_wconf 76' lang='grc' dir='ltr'>’ᾘδει</span> <span class='ocrx_word' id='word_1_119' title='bbox 609 1571 708 1639; x_wconf 82' lang='grc' dir='ltr'>γὰρ</span> <span class='ocrx_word' id='word_1_120' title='bbox 753 1569 778 1618; x_wconf 84' lang='grc' dir='ltr'><strong><em>ὁ</em></strong></span> <span class='ocrx_word' id='word_1_121' title='bbox 822 1576 894 1638; x_wconf 80' lang='grc' dir='ltr'>τῷ</span> <span class='ocrx_word' id='word_1_122' title='bbox 927 1567 1115 1626; x_wconf 81' lang='grc' dir='ltr'>Δανιὴλ</span> <span class='ocrx_word' id='word_1_123' title='bbox 1145 1567 1196 1618; x_wconf 75' lang='grc' dir='ltr'>ἐν</span> <span class='ocrx_word' id='word_1_124' title='bbox 1226 1573 1368 1640; x_wconf 81' lang='grc' dir='ltr'>μέσῳ</span> <span class='ocrx_word' id='word_1_125' title='bbox 1397 1567 1608 1618; x_wconf 78' lang='grc' dir='ltr'>λεόντων</span> <span class='ocrx_word' id='word_1_126' title='bbox 1649 1570 1839 1638; x_wconf 80' lang='grc' dir='ltr'>τροφὴν</span> 
     </span>
    </p>
   </div>
   <div class='ocr_carea' id='block_1_20' title="bbox 244 1652 1834 1729">
    <p class='ocr_par' dir='ltr' id='par_1_20' title="bbox 244 1652 1834 1729">
     <span class='ocr_line' id='line_1_20' title="bbox 244 1652 1834 1729; baseline -0.004 -17"><span class='ocrx_word' id='word_1_127' title='bbox 244 1659 578 1722; x_wconf 87' lang='grc' dir='ltr'>ἀποστείλας,</span> <span class='ocrx_word' id='word_1_128' title='bbox 613 1657 764 1716; x_wconf 77' lang='grc' dir='ltr'>αὐτὸς</span> <span class='ocrx_word' id='word_1_129' title='bbox 793 1661 878 1709; x_wconf 80' lang='grc' dir='ltr'>καὶ</span> <span class='ocrx_word' id='word_1_130' title='bbox 914 1657 1067 1708; x_wconf 69' lang='grc' dir='ltr'>αὐτὸν</span> <span class='ocrx_word' id='word_1_131' title='bbox 1108 1656 1158 1708; x_wconf 81' lang='grc' dir='ltr'>ἐν</span> <span class='ocrx_word' id='word_1_132' title='bbox 1203 1665 1262 1729; x_wconf 77' lang='grc' dir='ltr'>τῇ</span> <span class='ocrx_word' id='word_1_133' title='bbox 1307 1656 1504 1728; x_wconf 79' lang='grc' dir='ltr'>φυλακῇ</span> <span class='ocrx_word' id='word_1_134' title='bbox 1541 1652 1834 1729; x_wconf 83' lang='grc' dir='ltr'>διαθρίψει.</span> 
     </span>
    </p>
   </div>
   <div class='ocr_carea' id='block_1_21' title="bbox 1949 502 3588 578">
    <p class='ocr_par' dir='ltr' id='par_1_21' title="bbox 1949 502 3588 578">
     <span class='ocr_line' id='line_1_21' title="bbox 1949 502 3588 578; baseline 0.006 -22"><span class='ocrx_word' id='word_1_135' title='bbox 1949 502 2288 560; x_wconf 82' lang='lat' dir='ltr'>ministrant</span> <span class='ocrx_word' id='word_1_136' title='bbox 2322 522 2334 560; x_wconf 87' lang='lat'><strong><em>:</em></strong></span> <span class='ocrx_word' id='word_1_137' title='bbox 2391 510 2446 562; x_wconf 92' lang='lat' dir='ltr'>et</span> <span class='ocrx_word' id='word_1_138' title='bbox 2474 506 2819 563; x_wconf 89' lang='lat' dir='ltr'>liberaberis</span> <span class='ocrx_word' id='word_1_139' title='bbox 2850 525 2885 564; x_wconf 89' lang='lat' dir='ltr'>a</span> <span class='ocrx_word' id='word_1_140' title='bbox 2936 508 3218 578; x_wconf 83' lang='lat' dir='ltr'>gravibus</span> <span class='ocrx_word' id='word_1_141' title='bbox 3259 510 3588 576; x_wconf 76' lang='lat' dir='ltr'>tormentis,</span> 
     </span>
    </p>
   </div>
   <div class='ocr_carea' id='block_1_22' title="bbox 1947 593 3592 668">
    <p class='ocr_par' dir='ltr' id='par_1_22' title="bbox 1947 593 3592 668">
     <span class='ocr_line' id='line_1_22' title="bbox 1947 593 3592 668; baseline 0.006 -24"><span class='ocrx_word' id='word_1_142' title='bbox 1947 605 2081 662; x_wconf 75' lang='lat' dir='ltr'>quae</span> <span class='ocrx_word' id='word_1_143' title='bbox 2104 597 2156 647; x_wconf 89' lang='lat' dir='ltr'>te</span> <span class='ocrx_word' id='word_1_144' title='bbox 2179 593 2638 650; x_wconf 81' lang='lat' dir='ltr'>circumsistunt.</span> <span class='ocrx_word' id='word_1_145' title='bbox 2671 598 2801 650; x_wconf 79' lang='lat' dir='ltr'>Haec</span> <span class='ocrx_word' id='word_1_146' title='bbox 2813 611 2951 652; x_wconf 92' lang='lat' dir='ltr'>cum</span> <span class='ocrx_word' id='word_1_147' title='bbox 2972 597 3238 662; x_wconf 83' lang='lat' dir='ltr'>dixisset,</span> <span class='ocrx_word' id='word_1_148' title='bbox 3257 598 3438 668; x_wconf 79' lang='lat' dir='ltr'>jussit</span> <span class='ocrx_word' id='word_1_149' title='bbox 3454 615 3592 654; x_wconf 90' lang='lat' dir='ltr'>eum</span> 
     </span>
    </p>
   </div>
   <div class='ocr_carea' id='block_1_23' title="bbox 1949 679 3594 758">
    <p class='ocr_par' dir='ltr' id='par_1_23' title="bbox 1949 679 3594 758">
     <span class='ocr_line' id='line_1_23' title="bbox 1949 679 3594 758; baseline 0.006 -25"><span class='ocrx_word' id='word_1_150' title='bbox 1949 679 2149 736; x_wconf 81' lang='lat' dir='ltr'>reduci</span> <span class='ocrx_word' id='word_1_151' title='bbox 2171 681 2230 737; x_wconf 90' lang='lat' dir='ltr'>in</span> <span class='ocrx_word' id='word_1_152' title='bbox 2261 682 2617 750; x_wconf 85' lang='lat' dir='ltr'>custodiam,</span> <span class='ocrx_word' id='word_1_153' title='bbox 2634 683 2856 755; x_wconf 90' lang='lat' dir='ltr'>jubens</span> <span class='ocrx_word' id='word_1_154' title='bbox 2887 687 3407 743; x_wconf 89' lang='lat' dir='ltr'>commentariensi</span> <span class='ocrx_word' id='word_1_155' title='bbox 3445 702 3594 758; x_wconf 90' lang='lat' dir='ltr'>quo-</span> 
     </span>
    </p>
   </div>
   <div class='ocr_carea' id='block_1_24' title="bbox 1949 767 3591 847">
    <p class='ocr_par' dir='ltr' id='par_1_24' title="bbox 1949 767 3591 847">
     <span class='ocr_line' id='line_1_24' title="bbox 1949 767 3591 847; baseline 0.007 -26"><span class='ocrx_word' id='word_1_156' title='bbox 1949 767 2090 824; x_wconf 87' lang='lat' dir='ltr'>tidie</span> <span class='ocrx_word' id='word_1_157' title='bbox 2116 770 2165 825; x_wconf 93' lang='lat' dir='ltr'>ei</span> <span class='ocrx_word' id='word_1_158' title='bbox 2189 771 2326 827; x_wconf 89' lang='lat' dir='ltr'>dare</span> <span class='ocrx_word' id='word_1_159' title='bbox 2359 773 2597 827; x_wconf 79' lang='lat' dir='ltr'>unciam</span> <span class='ocrx_word' id='word_1_160' title='bbox 2621 773 2793 844; x_wconf 89' lang='lat' dir='ltr'>panis</span> <span class='ocrx_word' id='word_1_161' title='bbox 2817 779 2873 829; x_wconf 92' lang='lat' dir='ltr'>et</span> <span class='ocrx_word' id='word_1_162' title='bbox 2893 780 3100 844; x_wconf 91' lang='lat' dir='ltr'>potum</span> <span class='ocrx_word' id='word_1_163' title='bbox 3117 790 3356 845; x_wconf 89' lang='lat' dir='ltr'>aquam,</span> <span class='ocrx_word' id='word_1_164' title='bbox 3383 779 3438 830; x_wconf 94' lang='lat' dir='ltr'>et</span> <span class='ocrx_word' id='word_1_165' title='bbox 3459 791 3591 847; x_wconf 87' lang='lat' dir='ltr'>pro-</span> 
     </span>
    </p>
   </div>
   <div class='ocr_carea' id='block_1_25' title="bbox 1946 855 3590 934">
    <p class='ocr_par' dir='ltr' id='par_1_25' title="bbox 1946 855 3590 934">
     <span class='ocr_line' id='line_1_25' title="bbox 1946 855 3590 934; baseline 0.005 -24"><span class='ocrx_word' id='word_1_166' title='bbox 1946 855 2159 912; x_wconf 90' lang='lat' dir='ltr'>hibens</span> <span class='ocrx_word' id='word_1_167' title='bbox 2171 873 2244 914; x_wconf 92' lang='lat' dir='ltr'>ne</span> <span class='ocrx_word' id='word_1_168' title='bbox 2258 859 2334 916; x_wconf 91' lang='lat' dir='ltr'>ab</span> <span class='ocrx_word' id='word_1_169' title='bbox 2353 860 2470 916; x_wconf 90' lang='lat' dir='ltr'>ullo</span> <span class='ocrx_word' id='word_1_170' title='bbox 2486 860 2798 916; x_wconf 86' lang='lat' dir='ltr'>videretur.</span> <span class='ocrx_word' id='word_1_171' title='bbox 2826 861 3152 918; x_wconf 83' lang='lat' dir='ltr'>Verebatur</span> <span class='ocrx_word' id='word_1_172' title='bbox 3168 861 3348 931; x_wconf 91' lang='lat' dir='ltr'>enim,</span> <span class='ocrx_word' id='word_1_173' title='bbox 3365 878 3438 918; x_wconf 90' lang='lat' dir='ltr'>ne</span> <span class='ocrx_word' id='word_1_174' title='bbox 3452 864 3590 934; x_wconf 88' lang='lat' dir='ltr'>quis</span> 
     </span>
    </p>
   </div>
   <div class='ocr_carea' id='block_1_26' title="bbox 1948 947 3589 1020">
    <p class='ocr_par' dir='ltr' id='par_1_26' title="bbox 1948 947 3589 1020">
     <span class='ocr_line' id='line_1_26' title="bbox 1948 947 3589 1020; baseline 0.005 -20"><span class='ocrx_word' id='word_1_175' title='bbox 1948 961 2021 1001; x_wconf 84' lang='lat' dir='ltr'>ex</span> <span class='ocrx_word' id='word_1_176' title='bbox 2047 947 2121 1001; x_wconf 88' lang='lat' dir='ltr'>iis</span> <span class='ocrx_word' id='word_1_177' title='bbox 2153 948 2256 1018; x_wconf 89' lang='lat' dir='ltr'>qui</span> <span class='ocrx_word' id='word_1_178' title='bbox 2282 949 2359 1004; x_wconf 90' lang='lat' dir='ltr'>ad</span> <span class='ocrx_word' id='word_1_179' title='bbox 2387 951 2586 1020; x_wconf 90' lang='lat' dir='ltr'>ipsum</span> <span class='ocrx_word' id='word_1_180' title='bbox 2617 949 2949 1006; x_wconf 84' lang='lat' dir='ltr'>attinebant</span> <span class='ocrx_word' id='word_1_181' title='bbox 2977 950 3028 1006; x_wconf 92' lang='lat' dir='ltr'>ei</span> <span class='ocrx_word' id='word_1_182' title='bbox 3053 949 3220 1006; x_wconf 90' lang='lat' dir='ltr'>daret</span> <span class='ocrx_word' id='word_1_183' title='bbox 3261 951 3544 1008; x_wconf 88' lang='lat' dir='ltr'>alimenta</span> <span class='ocrx_word' id='word_1_184' title='bbox 3575 968 3589 1009; x_wconf 74' lang='grc' dir='ltr'>ε</span> 
     </span>
    </p>
   </div>
   <div class='ocr_carea' id='block_1_27' title="bbox 1949 1036 3591 1110">
    <p class='ocr_par' dir='ltr' id='par_1_27' title="bbox 1949 1036 3591 1110">
     <span class='ocr_line' id='line_1_27' title="bbox 1949 1036 3591 1110; baseline 0.004 -20"><span class='ocrx_word' id='word_1_185' title='bbox 1949 1036 2229 1106; x_wconf 81' lang='lat' dir='ltr'>ignorans</span> <span class='ocrx_word' id='word_1_186' title='bbox 2257 1038 2488 1108; x_wconf 89' lang='lat' dir='ltr'>stultus,</span> <span class='ocrx_word' id='word_1_187' title='bbox 2520 1039 2682 1110; x_wconf 88' lang='lat' dir='ltr'>quod</span> <span class='ocrx_word' id='word_1_188' title='bbox 2698 1041 2828 1094; x_wconf 87' lang='lat' dir='ltr'>Non</span> <span class='ocrx_word' id='word_1_189' title='bbox 2853 1039 2915 1094; x_wconf 88' lang='lat' dir='ltr'>in</span> <span class='ocrx_word' id='word_1_190' title='bbox 2941 1041 3060 1095; x_wconf 85' lang='lat' dir='ltr'>solo</span> <span class='ocrx_word' id='word_1_191' title='bbox 3077 1055 3226 1110; x_wconf 85' lang='lat' dir='ltr'>pane</span> <span class='ocrx_word' id='word_1_192' title='bbox 3247 1039 3386 1095; x_wconf 83' lang='lat' dir='ltr'>vivit</span> <span class='ocrx_word' id='word_1_193' title='bbox 3402 1041 3591 1106; x_wconf 79' lang='lat' dir='ltr'>homo,</span> 
     </span>
    </p>
   </div>
   <div class='ocr_carea' id='block_1_28' title="bbox 1949 1125 3593 1198">
    <p class='ocr_par' dir='ltr' id='par_1_28' title="bbox 1949 1125 3593 1198">
     <span class='ocr_line' id='line_1_28' title="bbox 1949 1125 3593 1198; baseline 0.004 -19"><span class='ocrx_word' id='word_1_194' title='bbox 1949 1125 2050 1180; x_wconf 85' lang='lat' dir='ltr'>sed</span> <span class='ocrx_word' id='word_1_195' title='bbox 2076 1125 2140 1180; x_wconf 89' lang='lat' dir='ltr'>in</span> <span class='ocrx_word' id='word_1_196' title='bbox 2165 1126 2325 1181; x_wconf 84' lang='lat' dir='ltr'>omni</span> <span class='ocrx_word' id='word_1_197' title='bbox 2354 1126 2527 1181; x_wconf 86' lang='lat' dir='ltr'>verbo</span> <span class='ocrx_word' id='word_1_198' title='bbox 2576 1128 2734 1198; x_wconf 80' lang='lat' dir='ltr'>quod</span> <span class='ocrx_word' id='word_1_199' title='bbox 2786 1127 2906 1184; x_wconf 73' lang='lat' dir='ltr'>exit</span> <span class='ocrx_word' id='word_1_200' title='bbox 2936 1143 3043 1196; x_wconf 83' lang='lat' dir='ltr'>per</span> <span class='ocrx_word' id='word_1_201' title='bbox 3071 1143 3132 1182; x_wconf 91' lang='lat' dir='ltr'>os</span> <span class='ocrx_word' id='word_1_202' title='bbox 3178 1128 3275 1183; x_wconf 90' lang='lat' dir='ltr'>Dei</span> <span class='ocrx_word' id='word_1_203' title='bbox 3329 1129 3395 1183; x_wconf 74' lang='grc' dir='ltr'>ιε.</span> <span class='ocrx_word' id='word_1_204' title='bbox 3448 1129 3593 1185; x_wconf 88' lang='lat' dir='ltr'>San-</span> 
     </span>
    </p>
   </div>
   <div class='ocr_carea' id='block_1_29' title="bbox 1952 1215 3594 1283">
    <p class='ocr_par' dir='ltr' id='par_1_29' title="bbox 1952 1215 3594 1283">
     <span class='ocr_line' id='line_1_29' title="bbox 1952 1215 3594 1283; baseline 0.004 -17"><span class='ocrx_word' id='word_1_205' title='bbox 1952 1217 2081 1267; x_wconf 92' lang='lat' dir='ltr'>ctus</span> <span class='ocrx_word' id='word_1_206' title='bbox 2112 1219 2313 1268; x_wconf 90' lang='lat' dir='ltr'>autem</span> <span class='ocrx_word' id='word_1_207' title='bbox 2344 1215 2507 1270; x_wconf 85' lang='lat' dir='ltr'>Plato</span> <span class='ocrx_word' id='word_1_208' title='bbox 2540 1217 2832 1283; x_wconf 85' lang='lat' dir='ltr'>transegit</span> <span class='ocrx_word' id='word_1_209' title='bbox 2860 1215 3068 1271; x_wconf 90' lang='lat' dir='ltr'>decem</span> <span class='ocrx_word' id='word_1_210' title='bbox 3107 1222 3163 1271; x_wconf 91' lang='lat' dir='ltr'>et</span> <span class='ocrx_word' id='word_1_211' title='bbox 3202 1222 3335 1272; x_wconf 94' lang='lat' dir='ltr'>octo</span> <span class='ocrx_word' id='word_1_212' title='bbox 3376 1218 3500 1272; x_wconf 88' lang='lat' dir='ltr'>dies</span> <span class='ocrx_word' id='word_1_213' title='bbox 3531 1218 3594 1273; x_wconf 88' lang='lat' dir='ltr'>in</span> 
     </span>
    </p>
   </div>
   <div class='ocr_carea' id='block_1_30' title="bbox 1953 1302 3595 1376">
    <p class='ocr_par' dir='ltr' id='par_1_30' title="bbox 1953 1302 3595 1376">
     <span class='ocr_line' id='line_1_30' title="bbox 1953 1302 3595 1376; baseline 0.004 -21"><span class='ocrx_word' id='word_1_214' title='bbox 1953 1302 2246 1370; x_wconf 89' lang='lat' dir='ltr'>custodia,</span> <span class='ocrx_word' id='word_1_215' title='bbox 2280 1308 2336 1358; x_wconf 92' lang='lat' dir='ltr'>et</span> <span class='ocrx_word' id='word_1_216' title='bbox 2368 1307 2428 1358; x_wconf 91' lang='lat' dir='ltr'>ut</span> <span class='ocrx_word' id='word_1_217' title='bbox 2458 1304 2516 1357; x_wconf 88' lang='lat' dir='ltr'>in</span> <span class='ocrx_word' id='word_1_218' title='bbox 2545 1305 2670 1372; x_wconf 90' lang='lat' dir='ltr'>ipso</span> <span class='ocrx_word' id='word_1_219' title='bbox 2702 1319 2943 1375; x_wconf 87' lang='lat' dir='ltr'>quoque</span> <span class='ocrx_word' id='word_1_220' title='bbox 2970 1303 3314 1375; x_wconf 87' lang='lat' dir='ltr'>impleretur</span> <span class='ocrx_word' id='word_1_221' title='bbox 3341 1305 3402 1360; x_wconf 90' lang='lat' dir='ltr'>id</span> <span class='ocrx_word' id='word_1_222' title='bbox 3433 1306 3595 1376; x_wconf 90' lang='lat' dir='ltr'>quod</span> 
     </span>
    </p>
   </div>
   <div class='ocr_carea' id='block_1_31' title="bbox 1954 1390 3595 1462">
    <p class='ocr_par' dir='ltr' id='par_1_31' title="bbox 1954 1390 3595 1462">
     <span class='ocr_line' id='line_1_31' title="bbox 1954 1390 3595 1462; baseline 0.003 -17"><span class='ocrx_word' id='word_1_223' title='bbox 1954 1390 2240 1462; x_wconf 81' lang='lat' dir='ltr'>scriptum</span> <span class='ocrx_word' id='word_1_224' title='bbox 2267 1397 2354 1446; x_wconf 92' lang='lat' dir='ltr'>est</span> <span class='ocrx_word' id='word_1_225' title='bbox 2375 1393 2611 1447; x_wconf 85' lang='lat' dir='ltr'>:Justus</span> <span class='ocrx_word' id='word_1_226' title='bbox 2641 1407 2716 1447; x_wconf 75' lang='lat' dir='ltr'>ex</span> <span class='ocrx_word' id='word_1_227' title='bbox 2733 1392 2851 1459; x_wconf 82' lang='lat' dir='ltr'>ﬁde</span> <span class='ocrx_word' id='word_1_228' title='bbox 2878 1394 3052 1461; x_wconf 80' lang='lat' dir='ltr'>vivet,</span> <span class='ocrx_word' id='word_1_229' title='bbox 3078 1395 3143 1459; x_wconf 70' lang='lat'>‘9,</span> <span class='ocrx_word' id='word_1_230' title='bbox 3173 1393 3357 1448; x_wconf 90' lang='lat' dir='ltr'>uoluit</span> <span class='ocrx_word' id='word_1_231' title='bbox 3377 1411 3414 1450; x_wconf 88' lang='lat' dir='ltr'>a</span> <span class='ocrx_word' id='word_1_232' title='bbox 3435 1410 3595 1450; x_wconf 88' lang='lat' dir='ltr'>com-</span> 
     </span>
    </p>
   </div>
   <div class='ocr_carea' id='block_1_32' title="bbox 1951 1479 3592 1554">
    <p class='ocr_par' dir='ltr' id='par_1_32' title="bbox 1951 1479 3592 1554">
     <span class='ocr_line' id='line_1_32' title="bbox 1951 1479 3592 1554; baseline 0.004 -21"><span class='ocrx_word' id='word_1_233' title='bbox 1951 1479 2330 1534; x_wconf 89' lang='lat' dir='ltr'>mentariensi</span> <span class='ocrx_word' id='word_1_234' title='bbox 2359 1495 2578 1551; x_wconf 89' lang='lat' dir='ltr'>panem</span> <span class='ocrx_word' id='word_1_235' title='bbox 2617 1481 2862 1535; x_wconf 91' lang='lat' dir='ltr'>omnino</span> <span class='ocrx_word' id='word_1_236' title='bbox 2901 1487 3004 1537; x_wconf 89' lang='lat' dir='ltr'>aut</span> <span class='ocrx_word' id='word_1_237' title='bbox 3039 1497 3259 1553; x_wconf 89' lang='lat' dir='ltr'>aquam</span> <span class='ocrx_word' id='word_1_238' title='bbox 3288 1483 3592 1554; x_wconf 85' lang='lat' dir='ltr'>laccipere.</span> 
     </span>
    </p>
   </div>
   <div class='ocr_carea' id='block_1_33' title="bbox 1951 1567 3591 1640">
    <p class='ocr_par' dir='ltr' id='par_1_33' title="bbox 1951 1567 3591 1640">
     <span class='ocr_line' id='line_1_33' title="bbox 1951 1567 3591 1640; baseline 0.003 -19"><span class='ocrx_word' id='word_1_239' title='bbox 1951 1567 2182 1622; x_wconf 84' lang='lat' dir='ltr'>Sciebat</span> <span class='ocrx_word' id='word_1_240' title='bbox 2211 1567 2390 1634; x_wconf 90' lang='lat' dir='ltr'>enim,</span> <span class='ocrx_word' id='word_1_241' title='bbox 2417 1568 2580 1640; x_wconf 84' lang='lat' dir='ltr'>quod</span> <span class='ocrx_word' id='word_1_242' title='bbox 2593 1570 2694 1639; x_wconf 92' lang='lat' dir='ltr'>qui</span> <span class='ocrx_word' id='word_1_243' title='bbox 2707 1569 2929 1624; x_wconf 90' lang='lat' dir='ltr'>Danieli</span> <span class='ocrx_word' id='word_1_244' title='bbox 2957 1570 3116 1624; x_wconf 88' lang='lat' dir='ltr'>misit</span> <span class='ocrx_word' id='word_1_245' title='bbox 3135 1571 3591 1639; x_wconf 85' lang='lat' dir='ltr'>nutrimentum,</span> 
     </span>
    </p>
   </div>
   <div class='ocr_carea' id='block_1_34' title="bbox 1948 1655 3594 1732">
    <p class='ocr_par' dir='ltr' id='par_1_34' title="bbox 1948 1655 3594 1732">
     <span class='ocr_line' id='line_1_34' title="bbox 1948 1655 3594 1732; baseline 0.004 -24"><span class='ocrx_word' id='word_1_246' title='bbox 1948 1655 2053 1725; x_wconf 89' lang='lat' dir='ltr'>qui</span> <span class='ocrx_word' id='word_1_247' title='bbox 2081 1661 2206 1710; x_wconf 89' lang='lat' dir='ltr'>erat</span> <span class='ocrx_word' id='word_1_248' title='bbox 2234 1655 2293 1710; x_wconf 91' lang='lat' dir='ltr'>in</span> <span class='ocrx_word' id='word_1_249' title='bbox 2329 1657 2524 1712; x_wconf 90' lang='lat' dir='ltr'>medio</span> <span class='ocrx_word' id='word_1_250' title='bbox 2550 1657 2797 1711; x_wconf 91' lang='lat' dir='ltr'>leonum</span> <span class='ocrx_word' id='word_1_251' title='bbox 2825 1660 2891 1721; x_wconf 71' lang='lat'>’0,</span> <span class='ocrx_word' id='word_1_252' title='bbox 2927 1658 3050 1728; x_wconf 91' lang='lat' dir='ltr'>ipse</span> <span class='ocrx_word' id='word_1_253' title='bbox 3098 1659 3298 1729; x_wconf 88' lang='lat' dir='ltr'>ipsum</span> <span class='ocrx_word' id='word_1_254' title='bbox 3351 1675 3594 1732; x_wconf 88' lang='lat' dir='ltr'>quoque</span> 
     </span>
    </p>
   </div>
   <div class='ocr_carea' id='block_1_35' title="bbox 241 1743 1849 1820">
    <p class='ocr_par' dir='ltr' id='par_1_35' title="bbox 241 1743 1837 1820">
     <span class='ocr_line' id='line_1_35' title="bbox 241 1743 1837 1820; baseline -0.004 -17"><span class='ocrx_word' id='word_1_255' title='bbox 241 1749 330 1811; x_wconf 78' lang='grc' dir='ltr'>Ὡς</span> <span class='ocrx_word' id='word_1_256' title='bbox 357 1746 414 1802; x_wconf 72' lang='grc' dir='ltr'>δὲ</span> <span class='ocrx_word' id='word_1_257' title='bbox 463 1751 512 1800; x_wconf 90' lang='grc' dir='ltr'>οἱ</span> <span class='ocrx_word' id='word_1_258' title='bbox 551 1747 768 1820; x_wconf 87' lang='grc' dir='ltr'>φύλακες</span> <span class='ocrx_word' id='word_1_259' title='bbox 815 1745 1084 1818; x_wconf 83' lang='grc' dir='ltr'>ἐθεώρουν,</span> <span class='ocrx_word' id='word_1_260' title='bbox 1131 1743 1358 1817; x_wconf 83' lang='grc' dir='ltr'>μηδενός</span> <span class='ocrx_word' id='word_1_261' title='bbox 1402 1753 1580 1797; x_wconf 82' lang='grc' dir='ltr'>τοῦτον</span> <span class='ocrx_word' id='word_1_262' title='bbox 1618 1752 1837 1816; x_wconf 88' lang='grc' dir='ltr'>γευόμε-</span> 
     </span>
    </p>
   </div>
   <div class='ocr_carea' id='block_1_36' title="bbox 1961 1743 3594 1820">
    <p class='ocr_par' dir='ltr' id='par_1_36' title="bbox 1961 1743 3594 1817">
     <span class='ocr_line' id='line_1_36' title="bbox 1961 1743 3594 1817; baseline 0.002 -19"><span class='ocrx_word' id='word_1_263' title='bbox 1961 1743 2167 1798; x_wconf 82' lang='lat' dir='ltr'>nutriet</span> <span class='ocrx_word' id='word_1_264' title='bbox 2218 1745 2276 1799; x_wconf 93' lang='lat' dir='ltr'>in</span> <span class='ocrx_word' id='word_1_265' title='bbox 2327 1744 2619 1800; x_wconf 91' lang='lat' dir='ltr'>custodia.</span> <span class='ocrx_word' id='word_1_266' title='bbox 2680 1749 3001 1817; x_wconf 87' lang='lat' dir='ltr'>Postquam</span> <span class='ocrx_word' id='word_1_267' title='bbox 3063 1754 3260 1802; x_wconf 89' lang='lat' dir='ltr'>autem</span> <span class='ocrx_word' id='word_1_268' title='bbox 3319 1748 3594 1803; x_wconf 88' lang='lat' dir='ltr'>custodes</span> 
     </span>
    </p>
   </div>
   <div class='ocr_carea' id='block_1_37' title="bbox 243 1831 1838 1907">
    <p class='ocr_par' dir='ltr' id='par_1_37' title="bbox 243 1831 1838 1907">
     <span class='ocr_line' id='line_1_37' title="bbox 243 1831 1838 1907; baseline -0.004 -17"><span class='ocrx_word' id='word_1_269' title='bbox 243 1858 346 1906; x_wconf 88' lang='grc' dir='ltr'>νον,</span> <span class='ocrx_word' id='word_1_270' title='bbox 380 1835 735 1895; x_wconf 80' lang='grc' dir='ltr'>δειλιάσαντες</span> <span class='ocrx_word' id='word_1_271' title='bbox 778 1839 848 1907; x_wconf 81' lang='grc' dir='ltr'>μή</span> <span class='ocrx_word' id='word_1_272' title='bbox 897 1831 1162 1906; x_wconf 77' lang='grc' dir='ltr'>διαφθαρῇ</span> <span class='ocrx_word' id='word_1_273' title='bbox 1210 1836 1308 1886; x_wconf 78' lang='grc' dir='ltr'>ὑπὸ</span> <span class='ocrx_word' id='word_1_274' title='bbox 1358 1842 1448 1885; x_wconf 83' lang='grc' dir='ltr'>τού</span> <span class='ocrx_word' id='word_1_275' title='bbox 1476 1833 1648 1905; x_wconf 78' lang='grc' dir='ltr'>λιμοῦ,</span> <span class='ocrx_word' id='word_1_276' title='bbox 1681 1853 1838 1907; x_wconf 86' lang='grc' dir='ltr'>παρε-</span> 
     </span>
    </p>
   </div>
   <div class='ocr_carea' id='block_1_38' title="bbox 243 1924 1838 1996">
    <p class='ocr_par' dir='ltr' id='par_1_38' title="bbox 243 1924 1838 1996">
     <span class='ocr_line' id='line_1_38' title="bbox 243 1924 1838 1996; baseline -0.004 -17"><span class='ocrx_word' id='word_1_277' title='bbox 243 1927 433 1979; x_wconf 87' lang='grc' dir='ltr'>κάλουν</span> <span class='ocrx_word' id='word_1_278' title='bbox 490 1925 641 1978; x_wconf 74' lang='grc' dir='ltr'>αὐτόν</span> <span class='ocrx_word' id='word_1_279' title='bbox 715 1924 947 1994; x_wconf 89' lang='grc' dir='ltr'>λέγοντες</span> <span class='ocrx_word' id='word_1_280' title='bbox 1007 1941 1017 1954; x_wconf 90' lang='grc'><strong>·</strong></span> <span class='ocrx_word' id='word_1_281' title='bbox 1076 1925 1232 1994; x_wconf 76' lang='grc' dir='ltr'>Φάγε,</span> <span class='ocrx_word' id='word_1_282' title='bbox 1298 1925 1550 1996; x_wconf 76' lang='grc' dir='ltr'>ἄνθρωπε,</span> <span class='ocrx_word' id='word_1_283' title='bbox 1606 1927 1676 1994; x_wconf 84' lang='grc' dir='ltr'>μή</span> <span class='ocrx_word' id='word_1_284' title='bbox 1730 1942 1838 1984; x_wconf 86' lang='grc' dir='ltr'>πως</span> 
     </span>
    </p>
   </div>
   <div class='ocr_carea' id='block_1_39' title="bbox 242 2009 1839 2086">
    <p class='ocr_par' dir='ltr' id='par_1_39' title="bbox 242 2009 1839 2086">
     <span class='ocr_line' id='line_1_39' title="bbox 242 2009 1839 2086; baseline -0.003 -20"><span class='ocrx_word' id='word_1_285' title='bbox 242 2011 656 2086; x_wconf 80' lang='grc' dir='ltr'>κινδυνεύσωμεν</span> <span class='ocrx_word' id='word_1_286' title='bbox 705 2014 856 2084; x_wconf 81' lang='grc' dir='ltr'>ἡμεῖς</span> <span class='ocrx_word' id='word_1_287' title='bbox 901 2020 996 2064; x_wconf 85' lang='grc' dir='ltr'>σού</span> <span class='ocrx_word' id='word_1_288' title='bbox 1026 2009 1252 2084; x_wconf 80' lang='grc' dir='ltr'>μηδενὸς</span> <span class='ocrx_word' id='word_1_289' title='bbox 1283 2011 1504 2071; x_wconf 85' lang='grc' dir='ltr'>θέλοντος</span> <span class='ocrx_word' id='word_1_290' title='bbox 1548 2012 1839 2082; x_wconf 86' lang='grc' dir='ltr'>γεύσασθαι</span> 
     </span>
    </p>
   </div>
   <div class='ocr_carea' id='block_1_40' title="bbox 244 2097 1840 2176">
    <p class='ocr_par' dir='ltr' id='par_1_40' title="bbox 244 2097 1840 2176">
     <span class='ocr_line' id='line_1_40' title="bbox 244 2097 1840 2176; baseline -0.003 -21"><span class='ocrx_word' id='word_1_291' title='bbox 244 2112 345 2154; x_wconf 86' lang='grc' dir='ltr'>τῶν</span> <span class='ocrx_word' id='word_1_292' title='bbox 388 2105 812 2176; x_wconf 77' lang='grc' dir='ltr'>προσφερομένων</span> <span class='ocrx_word' id='word_1_293' title='bbox 861 2120 944 2152; x_wconf 93' lang='grc' dir='ltr'>σοι</span> <span class='ocrx_word' id='word_1_294' title='bbox 983 2101 1107 2174; x_wconf 85' lang='grc' dir='ltr'>παρ’</span> <span class='ocrx_word' id='word_1_295' title='bbox 1157 2102 1323 2172; x_wconf 78' lang='grc' dir='ltr'>ἡμῶν.</span> <span class='ocrx_word' id='word_1_296' title='bbox 1373 2099 1430 2151; x_wconf 56' lang='grc'>⁸0</span> <span class='ocrx_word' id='word_1_297' title='bbox 1477 2097 1536 2150; x_wconf 74' lang='grc' dir='ltr'>δὲ</span> <span class='ocrx_word' id='word_1_298' title='bbox 1589 2101 1840 2172; x_wconf 85' lang='grc' dir='ltr'>μακάριος</span> 
     </span>
    </p>
   </div>
   <div class='ocr_carea' id='block_1_41' title="bbox 242 2185 1840 2261">
    <p class='ocr_par' dir='ltr' id='par_1_41' title="bbox 242 2185 1840 2261">
     <span class='ocr_line' id='line_1_41' title="bbox 242 2185 1840 2261; baseline -0.004 -17"><span class='ocrx_word' id='word_1_299' title='bbox 242 2193 455 2244; x_wconf 89' lang='grc' dir='ltr'>Πλάτων</span> <span class='ocrx_word' id='word_1_300' title='bbox 507 2187 642 2242; x_wconf 75' lang='grc' dir='ltr'>εἶπεν</span> <span class='ocrx_word' id='word_1_301' title='bbox 690 2207 701 2217; x_wconf 86' lang='lat'><strong><em>°</em></strong></span> <span class='ocrx_word' id='word_1_302' title='bbox 759 2193 840 2246; x_wconf 78' lang='grc' dir='ltr'>Μὴ</span> <span class='ocrx_word' id='word_1_303' title='bbox 901 2194 1180 2261; x_wconf 79' lang='grc' dir='ltr'>νομίσητε,</span> <span class='ocrx_word' id='word_1_304' title='bbox 1251 2186 1290 2239; x_wconf 81' lang='grc' dir='ltr'><strong>ὦ</strong></span> <span class='ocrx_word' id='word_1_305' title='bbox 1349 2185 1556 2261; x_wconf 87' lang='grc' dir='ltr'>ἄνδρες,</span> <span class='ocrx_word' id='word_1_306' title='bbox 1608 2190 1687 2240; x_wconf 87' lang='grc' dir='ltr'>ὅτι</span> <span class='ocrx_word' id='word_1_307' title='bbox 1742 2187 1840 2259; x_wconf 83' lang='grc' dir='ltr'>ἐγὼ</span> 
     </span>
    </p>
   </div>
   <div class='ocr_carea' id='block_1_42' title="bbox 239 2276 1837 2350">
    <p class='ocr_par' dir='ltr' id='par_1_42' title="bbox 239 2276 1837 2350">
     <span class='ocr_line' id='line_1_42' title="bbox 239 2276 1837 2350; baseline -0.003 -18"><span class='ocrx_word' id='word_1_308' title='bbox 239 2280 528 2336; x_wconf 81' lang='grc' dir='ltr'>τελευτήσω</span> <span class='ocrx_word' id='word_1_309' title='bbox 585 2280 766 2328; x_wconf 75' lang='grc' dir='ltr'>τούτου</span> <span class='ocrx_word' id='word_1_310' title='bbox 814 2279 978 2350; x_wconf 87' lang='grc' dir='ltr'>χάριν</span> <span class='ocrx_word' id='word_1_311' title='bbox 1032 2286 1120 2328; x_wconf 76' lang='grc' dir='ltr'>τοῦ</span> <span class='ocrx_word' id='word_1_312' title='bbox 1174 2281 1241 2347; x_wconf 82' lang='grc' dir='ltr'>μή</span> <span class='ocrx_word' id='word_1_313' title='bbox 1297 2277 1455 2328; x_wconf 78' lang='grc' dir='ltr'>θέλειν</span> <span class='ocrx_word' id='word_1_314' title='bbox 1507 2276 1697 2328; x_wconf 73' lang='grc' dir='ltr'>ἐσθίειν</span> <span class='ocrx_word' id='word_1_315' title='bbox 1738 2288 1837 2346; x_wconf 82' lang='grc' dir='ltr'>με’</span> 
     </span>
    </p>
   </div>
   <div class='ocr_carea' id='block_1_43' title="bbox 241 2361 1844 2440">
    <p class='ocr_par' dir='ltr' id='par_1_43' title="bbox 241 2361 1844 2440">
     <span class='ocr_line' id='line_1_43' title="bbox 241 2361 1844 2440; baseline -0.002 -20"><span class='ocrx_word' id='word_1_316' title='bbox 241 2370 376 2439; x_wconf 81' lang='grc' dir='ltr'>ὑμᾶς</span> <span class='ocrx_word' id='word_1_317' title='bbox 411 2369 511 2440; x_wconf 89' lang='grc' dir='ltr'>γάρ</span> <span class='ocrx_word' id='word_1_318' title='bbox 545 2369 713 2439; x_wconf 74' lang='grc' dir='ltr'>τρέφει</span> <span class='ocrx_word' id='word_1_319' title='bbox 753 2367 927 2438; x_wconf 81' lang='grc' dir='ltr'>ἄρτος,</span> <span class='ocrx_word' id='word_1_320' title='bbox 980 2365 1068 2437; x_wconf 75' lang='grc' dir='ltr'>ἐμὲ</span> <span class='ocrx_word' id='word_1_321' title='bbox 1100 2362 1158 2416; x_wconf 79' lang='grc' dir='ltr'>δῖε</span> <span class='ocrx_word' id='word_1_322' title='bbox 1189 2365 1333 2436; x_wconf 88' lang='grc' dir='ltr'>λόγος</span> <span class='ocrx_word' id='word_1_323' title='bbox 1389 2364 1630 2426; x_wconf 77' lang='grc' dir='ltr'>ἀληθινὸς</span> <span class='ocrx_word' id='word_1_324' title='bbox 1659 2361 1844 2435; x_wconf 83' lang='grc' dir='ltr'>διαμέ-</span> 
     </span>
    </p>
   </div>
   <div class='ocr_carea' id='block_1_44' title="bbox 245 2454 1840 2527">
    <p class='ocr_par' dir='ltr' id='par_1_44' title="bbox 245 2454 1840 2527">
     <span class='ocr_line' id='line_1_44' title="bbox 245 2454 1840 2527; baseline -0.004 -19"><span class='ocrx_word' id='word_1_325' title='bbox 245 2479 341 2508; x_wconf 92' lang='grc' dir='ltr'>νων</span> <span class='ocrx_word' id='word_1_326' title='bbox 373 2456 441 2516; x_wconf 90' lang='grc' dir='ltr'>εἰς</span> <span class='ocrx_word' id='word_1_327' title='bbox 470 2455 631 2506; x_wconf 81' lang='grc' dir='ltr'>αἰῶνα</span> <span class='ocrx_word' id='word_1_328' title='bbox 669 2454 851 2515; x_wconf 72' lang='grc' dir='ltr'>αἰῶνος</span> <span class='ocrx_word' id='word_1_329' title='bbox 879 2471 891 2483; x_wconf 91' lang='grc'><strong>·</strong></span> <span class='ocrx_word' id='word_1_330' title='bbox 925 2460 1014 2504; x_wconf 86' lang='grc' dir='ltr'>καὶ</span> <span class='ocrx_word' id='word_1_331' title='bbox 1066 2455 1197 2524; x_wconf 81' lang='grc' dir='ltr'>ὑμᾶς</span> <span class='ocrx_word' id='word_1_332' title='bbox 1250 2457 1340 2524; x_wconf 79' lang='grc' dir='ltr'>μεν</span> <span class='ocrx_word' id='word_1_333' title='bbox 1371 2454 1626 2527; x_wconf 85' lang='grc' dir='ltr'>χορτάζει</span> <span class='ocrx_word' id='word_1_334' title='bbox 1665 2455 1840 2524; x_wconf 79' lang='grc' dir='ltr'>κρέας,</span> 
     </span>
    </p>
   </div>
   <div class='ocr_carea' id='block_1_45' title="bbox 249 2536 1839 2616">
    <p class='ocr_par' dir='ltr' id='par_1_45' title="bbox 249 2536 1839 2616">
     <span class='ocr_line' id='line_1_45' title="bbox 249 2536 1839 2616; baseline -0.004 -19"><span class='ocrx_word' id='word_1_335' title='bbox 249 2545 335 2616; x_wconf 73' lang='grc' dir='ltr'>ἐμὲ</span> <span class='ocrx_word' id='word_1_336' title='bbox 367 2541 423 2596; x_wconf 78' lang='grc' dir='ltr'>δὲ</span> <span class='ocrx_word' id='word_1_337' title='bbox 453 2544 608 2615; x_wconf 82' lang='grc' dir='ltr'>εύχή.</span> <span class='ocrx_word' id='word_1_338' title='bbox 648 2542 802 2614; x_wconf 71' lang='grc' dir='ltr'>’Υμᾶς</span> <span class='ocrx_word' id='word_1_339' title='bbox 850 2542 1108 2616; x_wconf 76' lang='grc' dir='ltr'>εὐφραίνει</span> <span class='ocrx_word' id='word_1_340' title='bbox 1152 2537 1302 2605; x_wconf 85' lang='grc' dir='ltr'>οἶνος,</span> <span class='ocrx_word' id='word_1_341' title='bbox 1350 2541 1438 2612; x_wconf 70' lang='grc' dir='ltr'>ἐμὲ</span> <span class='ocrx_word' id='word_1_342' title='bbox 1483 2536 1540 2592; x_wconf 65' lang='grc' dir='ltr'>δε</span> <span class='ocrx_word' id='word_1_343' title='bbox 1588 2543 1839 2613; x_wconf 85' lang='grc' dir='ltr'>Χριστός,</span> 
     </span>
    </p>
   </div>
   <div class='ocr_carea' id='block_1_46' title="bbox 248 2627 1844 2704">
    <p class='ocr_par' dir='ltr' id='par_1_46' title="bbox 248 2627 1844 2704">
     <span class='ocr_line' id='line_1_46' title="bbox 248 2627 1844 2704; baseline -0.003 -20"><span class='ocrx_word' id='word_1_344' title='bbox 248 2637 277 2692; x_wconf 85' lang='grc' dir='ltr'><strong>ἠ</strong></span> <span class='ocrx_word' id='word_1_345' title='bbox 352 2632 566 2690; x_wconf 83' lang='grc' dir='ltr'>ἀληθινή</span> <span class='ocrx_word' id='word_1_346' title='bbox 654 2639 744 2683; x_wconf 79' lang='grc' dir='ltr'>τοῦ</span> <span class='ocrx_word' id='word_1_347' title='bbox 820 2630 1045 2704; x_wconf 78' lang='grc' dir='ltr'>ἀοράτου</span> <span class='ocrx_word' id='word_1_348' title='bbox 1120 2633 1320 2703; x_wconf 85' lang='grc' dir='ltr'>Πατρός</span> <span class='ocrx_word' id='word_1_349' title='bbox 1385 2629 1625 2701; x_wconf 79' lang='grc' dir='ltr'>ἄμπελος.</span> <span class='ocrx_word' id='word_1_350' title='bbox 1678 2627 1844 2700; x_wconf 71' lang='grc' dir='ltr'>’Υμεῖς</span> 
     </span>
    </p>
   </div>
   <div class='ocr_carea' id='block_1_47' title="bbox 246 2717 1844 2796">
    <p class='ocr_par' dir='ltr' id='par_1_47' title="bbox 246 2717 1844 2796">
     <span class='ocr_line' id='line_1_47' title="bbox 246 2717 1844 2796; baseline -0.004 -21"><span class='ocrx_word' id='word_1_351' title='bbox 246 2719 578 2796; x_wconf 77' lang='grc' dir='ltr'>προσδοκᾶτε</span> <span class='ocrx_word' id='word_1_352' title='bbox 634 2723 838 2772; x_wconf 81' lang='grc' dir='ltr'>ἔπαινον</span> <span class='ocrx_word' id='word_1_353' title='bbox 895 2723 1040 2792; x_wconf 81' lang='grc' dir='ltr'>παρὰ</span> <span class='ocrx_word' id='word_1_354' title='bbox 1117 2718 1394 2790; x_wconf 82' lang='grc' dir='ltr'>ἀνθρώπων</span> <span class='ocrx_word' id='word_1_355' title='bbox 1449 2718 1692 2782; x_wconf 82' lang='grc' dir='ltr'>ἀκούσαι,</span> <span class='ocrx_word' id='word_1_356' title='bbox 1749 2717 1844 2788; x_wconf 74' lang='grc' dir='ltr'>ἐγὼ</span> 
     </span>
    </p>
   </div>
   <div class='ocr_carea' id='block_1_48' title="bbox 249 2809 1842 2882">
    <p class='ocr_par' dir='ltr' id='par_1_48' title="bbox 249 2809 1842 2882">
     <span class='ocr_line' id='line_1_48' title="bbox 249 2809 1842 2882; baseline -0.006 -18"><span class='ocrx_word' id='word_1_357' title='bbox 249 2809 307 2864; x_wconf 73' lang='grc' dir='ltr'>δὲ</span> <span class='ocrx_word' id='word_1_358' title='bbox 339 2817 506 2882; x_wconf 82' lang='grc' dir='ltr'>φωνήν</span> <span class='ocrx_word' id='word_1_359' title='bbox 540 2812 859 2865; x_wconf 81' lang='grc' dir='ltr'>Δεσποτικήν</span> <span class='ocrx_word' id='word_1_360' title='bbox 901 2811 1037 2859; x_wconf 89' lang='grc' dir='ltr'>κατά</span> <span class='ocrx_word' id='word_1_361' title='bbox 1085 2811 1176 2864; x_wconf 83' lang='grc' dir='ltr'>τήν</span> <span class='ocrx_word' id='word_1_362' title='bbox 1221 2809 1416 2880; x_wconf 79' lang='grc' dir='ltr'>ἡμέραν</span> <span class='ocrx_word' id='word_1_363' title='bbox 1471 2814 1564 2864; x_wconf 81' lang='grc' dir='ltr'>τῆς</span> <span class='ocrx_word' id='word_1_364' title='bbox 1603 2811 1842 2876; x_wconf 82' lang='grc' dir='ltr'>κρίσεως,</span> 
     </span>
    </p>
   </div>
   <div class='ocr_carea' id='block_1_49' title="bbox 247 2896 1844 2969">
    <p class='ocr_par' dir='ltr' id='par_1_49' title="bbox 247 2896 1844 2969">
     <span class='ocr_line' id='line_1_49' title="bbox 247 2896 1844 2969; baseline -0.006 -17"><span class='ocrx_word' id='word_1_365' title='bbox 247 2899 365 2952; x_wconf 85' lang='grc' dir='ltr'>καθ’</span> <span class='ocrx_word' id='word_1_366' title='bbox 436 2898 496 2955; x_wconf 76' lang='grc' dir='ltr'>ἢν</span> <span class='ocrx_word' id='word_1_367' title='bbox 555 2896 656 2969; x_wconf 75' lang='grc' dir='ltr'>ἐρεῖ</span> <span class='ocrx_word' id='word_1_368' title='bbox 704 2898 729 2946; x_wconf 92' lang='lat'>6</span> <span class='ocrx_word' id='word_1_369' title='bbox 784 2900 1059 2969; x_wconf 84' lang='grc' dir='ltr'>Λυτρωτής</span> <span class='ocrx_word' id='word_1_370' title='bbox 1121 2902 1213 2944; x_wconf 80' lang='grc' dir='ltr'>τού</span> <span class='ocrx_word' id='word_1_371' title='bbox 1273 2898 1475 2963; x_wconf 88' lang='grc' dir='ltr'>κόσμου</span> <span class='ocrx_word' id='word_1_372' title='bbox 1537 2899 1763 2965; x_wconf 73' lang='grc' dir='ltr'>Χριστός</span> <span class='ocrx_word' id='word_1_373' title='bbox 1829 2909 1844 2925; x_wconf 84' lang='lat'><strong><em>°</em></strong></span> 
     </span>
    </p>
   </div>
   <div class='ocr_carea' id='block_1_50' title="bbox 252 2981 1850 3055">
    <p class='ocr_par' dir='ltr' id='par_1_50' title="bbox 252 2981 1850 3055">
     <span class='ocr_line' id='line_1_50' title="bbox 252 2981 1850 3055; baseline -0.004 -16"><span class='ocrx_word' id='word_1_374' title='bbox 252 2994 427 3050; x_wconf 85' lang='grc' dir='ltr'>Δεῦτε,</span> <span class='ocrx_word' id='word_1_375' title='bbox 461 2986 510 3038; x_wconf 86' lang='grc' dir='ltr'>οἰ</span> <span class='ocrx_word' id='word_1_376' title='bbox 536 2985 871 3055; x_wconf 79' lang='grc' dir='ltr'>εὐλογημένοι</span> <span class='ocrx_word' id='word_1_377' title='bbox 899 2991 989 3034; x_wconf 83' lang='grc' dir='ltr'>τού</span> <span class='ocrx_word' id='word_1_378' title='bbox 1015 2987 1218 3054; x_wconf 89' lang='grc' dir='ltr'>Πατρός</span> <span class='ocrx_word' id='word_1_379' title='bbox 1248 3001 1348 3053; x_wconf 90' lang='grc' dir='ltr'>μου</span> <span class='ocrx_word' id='word_1_380' title='bbox 1379 3001 1391 3013; x_wconf 80' lang='lat'>&#39;</span> <span class='ocrx_word' id='word_1_381' title='bbox 1426 2981 1850 3054; x_wconf 77' lang='grc' dir='ltr'>κληρονομήσατε</span> 
     </span>
    </p>
   </div>
   <div class='ocr_carea' id='block_1_51' title="bbox 1951 1833 3598 1904">
    <p class='ocr_par' dir='ltr' id='par_1_51' title="bbox 1951 1833 3598 1904">
     <span class='ocr_line' id='line_1_51' title="bbox 1951 1833 3598 1904; baseline 0.004 -18"><span class='ocrx_word' id='word_1_382' title='bbox 1951 1849 2091 1887; x_wconf 93' lang='lat' dir='ltr'>cum</span> <span class='ocrx_word' id='word_1_383' title='bbox 2147 1833 2424 1888; x_wconf 88' lang='lat' dir='ltr'>viderunt</span> <span class='ocrx_word' id='word_1_384' title='bbox 2471 1833 2614 1888; x_wconf 87' lang='lat' dir='ltr'>nihil</span> <span class='ocrx_word' id='word_1_385' title='bbox 2645 1849 2900 1904; x_wconf 86' lang='lat' dir='ltr'>sumere,</span> <span class='ocrx_word' id='word_1_386' title='bbox 2951 1834 3118 1890; x_wconf 90' lang='lat' dir='ltr'>veriti</span> <span class='ocrx_word' id='word_1_387' title='bbox 3168 1851 3241 1890; x_wconf 89' lang='lat' dir='ltr'>ne</span> <span class='ocrx_word' id='word_1_388' title='bbox 3272 1835 3532 1892; x_wconf 89' lang='lat' dir='ltr'>interiret</span> <span class='ocrx_word' id='word_1_389' title='bbox 3561 1852 3598 1892; x_wconf 88' lang='lat' dir='ltr'>a</span> 
     </span>
    </p>
   </div>
   <div class='ocr_carea' id='block_1_52' title="bbox 1951 1920 3591 1994">
    <p class='ocr_par' dir='ltr' id='par_1_52' title="bbox 1951 1920 3591 1994">
     <span class='ocr_line' id='line_1_52' title="bbox 1951 1920 3591 1994; baseline 0.002 -18"><span class='ocrx_word' id='word_1_390' title='bbox 1951 1920 2128 1986; x_wconf 83' lang='lat' dir='ltr'>fame,</span> <span class='ocrx_word' id='word_1_391' title='bbox 2146 1937 2284 1977; x_wconf 90' lang='lat' dir='ltr'>eum</span> <span class='ocrx_word' id='word_1_392' title='bbox 2296 1922 2978 1988; x_wconf 89' lang='lat' dir='ltr'>hortabantur,dicentes</span> <span class='ocrx_word' id='word_1_393' title='bbox 2997 1940 3011 1978; x_wconf 88' lang='lat'><strong>:</strong></span> <span class='ocrx_word' id='word_1_394' title='bbox 3032 1923 3308 1994; x_wconf 92' lang='lat' dir='ltr'>Comede,</span> <span class='ocrx_word' id='word_1_395' title='bbox 3327 1940 3363 1980; x_wconf 90' lang='grc' dir='ltr'>ο</span> <span class='ocrx_word' id='word_1_396' title='bbox 3386 1925 3591 1990; x_wconf 90' lang='lat' dir='ltr'>homo,</span> 
     </span>
    </p>
   </div>
   <div class='ocr_carea' id='block_1_53' title="bbox 1950 2011 3595 2084">
    <p class='ocr_par' dir='ltr' id='par_1_53' title="bbox 1950 2011 3595 2084">
     <span class='ocr_line' id='line_1_53' title="bbox 1950 2011 3595 2084; baseline 0.002 -19"><span class='ocrx_word' id='word_1_397' title='bbox 1950 2027 2022 2066; x_wconf 88' lang='lat' dir='ltr'>ne</span> <span class='ocrx_word' id='word_1_398' title='bbox 2051 2011 2197 2066; x_wconf 89' lang='lat' dir='ltr'>forte</span> <span class='ocrx_word' id='word_1_399' title='bbox 2229 2012 2543 2066; x_wconf 89' lang='lat' dir='ltr'>veniamus</span> <span class='ocrx_word' id='word_1_400' title='bbox 2582 2011 2642 2064; x_wconf 91' lang='lat' dir='ltr'>in</span> <span class='ocrx_word' id='word_1_401' title='bbox 2671 2011 3022 2082; x_wconf 92' lang='lat' dir='ltr'>periculum,</span> <span class='ocrx_word' id='word_1_402' title='bbox 3053 2013 3103 2067; x_wconf 91' lang='lat' dir='ltr'>si</span> <span class='ocrx_word' id='word_1_403' title='bbox 3143 2017 3207 2067; x_wconf 89' lang='lat' dir='ltr'>tu</span> <span class='ocrx_word' id='word_1_404' title='bbox 3237 2013 3389 2068; x_wconf 90' lang='lat' dir='ltr'>nolis</span> <span class='ocrx_word' id='word_1_405' title='bbox 3414 2013 3595 2084; x_wconf 92' lang='lat' dir='ltr'>quid-</span> 
     </span>
    </p>
   </div>
   <div class='ocr_carea' id='block_1_54' title="bbox 1951 2099 3592 2171">
    <p class='ocr_par' dir='ltr' id='par_1_54' title="bbox 1951 2099 3592 2171">
     <span class='ocr_line' id='line_1_54' title="bbox 1951 2099 3592 2171; baseline 0.002 -17"><span class='ocrx_word' id='word_1_406' title='bbox 1951 2114 2137 2171; x_wconf 88' lang='lat' dir='ltr'>quam</span> <span class='ocrx_word' id='word_1_407' title='bbox 2166 2104 2401 2171; x_wconf 84' lang='lat' dir='ltr'>gustare</span> <span class='ocrx_word' id='word_1_408' title='bbox 2428 2115 2636 2155; x_wconf 90' lang='lat' dir='ltr'>eorum</span> <span class='ocrx_word' id='word_1_409' title='bbox 2657 2115 2792 2171; x_wconf 83' lang='lat' dir='ltr'>quae</span> <span class='ocrx_word' id='word_1_410' title='bbox 2816 2100 2917 2155; x_wconf 90' lang='lat' dir='ltr'>tibi</span> <span class='ocrx_word' id='word_1_411' title='bbox 2957 2117 2992 2156; x_wconf 91' lang='lat' dir='ltr'>a</span> <span class='ocrx_word' id='word_1_412' title='bbox 3021 2099 3198 2156; x_wconf 89' lang='lat' dir='ltr'>nobis</span> <span class='ocrx_word' id='word_1_413' title='bbox 3238 2100 3592 2158; x_wconf 77' lang='lat' dir='ltr'>offeruntur.</span> 
     </span>
    </p>
   </div>
   <div class='ocr_carea' id='block_1_55' title="bbox 1954 2188 3594 2258">
    <p class='ocr_par' dir='ltr' id='par_1_55' title="bbox 1954 2188 3594 2258">
     <span class='ocr_line' id='line_1_55' title="bbox 1954 2188 3594 2258; baseline 0.001 -15"><span class='ocrx_word' id='word_1_414' title='bbox 1954 2189 2164 2243; x_wconf 88' lang='lat' dir='ltr'>Beatus</span> <span class='ocrx_word' id='word_1_415' title='bbox 2195 2194 2394 2245; x_wconf 91' lang='lat' dir='ltr'>autem</span> <span class='ocrx_word' id='word_1_416' title='bbox 2419 2189 2575 2244; x_wconf 88' lang='lat' dir='ltr'>Plato</span> <span class='ocrx_word' id='word_1_417' title='bbox 2597 2189 2738 2244; x_wconf 83' lang='lat' dir='ltr'>dixit</span> <span class='ocrx_word' id='word_1_418' title='bbox 2765 2231 2777 2242; x_wconf 93' lang='lat'>.</span> <span class='ocrx_word' id='word_1_419' title='bbox 2810 2189 2890 2244; x_wconf 86' lang='lat' dir='ltr'>Ne</span> <span class='ocrx_word' id='word_1_420' title='bbox 2912 2188 3279 2258; x_wconf 80' lang='lat' dir='ltr'>existimetis,</span> <span class='ocrx_word' id='word_1_421' title='bbox 3312 2190 3594 2257; x_wconf 88' lang='lat' dir='ltr'>ofratres,</span> 
     </span>
    </p>
   </div>
   <div class='ocr_carea' id='block_1_56' title="bbox 1952 2276 3596 2349">
    <p class='ocr_par' dir='ltr' id='par_1_56' title="bbox 1952 2276 3596 2349">
     <span class='ocr_line' id='line_1_56' title="bbox 1952 2276 3596 2349; baseline 0.001 -18"><span class='ocrx_word' id='word_1_422' title='bbox 1952 2293 2049 2331; x_wconf 91' lang='lat' dir='ltr'>me</span> <span class='ocrx_word' id='word_1_423' title='bbox 2081 2276 2434 2332; x_wconf 90' lang='lat' dir='ltr'>moriturum</span> <span class='ocrx_word' id='word_1_424' title='bbox 2472 2281 2806 2348; x_wconf 81' lang='lat' dir='ltr'>propterea,</span> <span class='ocrx_word' id='word_1_425' title='bbox 2863 2277 3028 2349; x_wconf 90' lang='lat' dir='ltr'>quod</span> <span class='ocrx_word' id='word_1_426' title='bbox 3084 2293 3205 2333; x_wconf 89' lang='lat' dir='ltr'>non</span> <span class='ocrx_word' id='word_1_427' title='bbox 3257 2278 3596 2334; x_wconf 90' lang='lat' dir='ltr'>comedam.</span> 
     </span>
    </p>
   </div>
   <div class='ocr_carea' id='block_1_57' title="bbox 1953 2365 3602 2437">
    <p class='ocr_par' dir='ltr' id='par_1_57' title="bbox 1953 2365 3602 2437">
     <span class='ocr_line' id='line_1_57' title="bbox 1953 2365 3602 2437; baseline 0.001 -18"><span class='ocrx_word' id='word_1_428' title='bbox 1953 2367 2066 2421; x_wconf 86' lang='lat' dir='ltr'>Vos</span> <span class='ocrx_word' id='word_1_429' title='bbox 2095 2365 2254 2420; x_wconf 91' lang='lat' dir='ltr'>enim</span> <span class='ocrx_word' id='word_1_430' title='bbox 2282 2365 2465 2420; x_wconf 86' lang='lat' dir='ltr'>nutrit</span> <span class='ocrx_word' id='word_1_431' title='bbox 2494 2365 2688 2436; x_wconf 89' lang='lat' dir='ltr'>panis,</span> <span class='ocrx_word' id='word_1_432' title='bbox 2719 2381 2812 2420; x_wconf 91' lang='lat' dir='ltr'>me</span> <span class='ocrx_word' id='word_1_433' title='bbox 2842 2370 3041 2420; x_wconf 88' lang='lat' dir='ltr'>autem</span> <span class='ocrx_word' id='word_1_434' title='bbox 3068 2367 3311 2420; x_wconf 88' lang='lat' dir='ltr'>verbum</span> <span class='ocrx_word' id='word_1_435' title='bbox 3342 2366 3442 2421; x_wconf 87' lang='lat' dir='ltr'>Dei</span> <span class='ocrx_word' id='word_1_436' title='bbox 3470 2381 3602 2437; x_wconf 90' lang='lat' dir='ltr'>per-</span> 
     </span>
    </p>
   </div>
   <div class='ocr_carea' id='block_1_58' title="bbox 1953 2453 3598 2524">
    <p class='ocr_par' dir='ltr' id='par_1_58' title="bbox 1953 2453 3598 2524">
     <span class='ocr_line' id='line_1_58' title="bbox 1953 2453 3598 2524; baseline 0.001 -17"><span class='ocrx_word' id='word_1_437' title='bbox 1953 2469 2207 2508; x_wconf 87' lang='lat' dir='ltr'>manens</span> <span class='ocrx_word' id='word_1_438' title='bbox 2226 2454 2285 2508; x_wconf 90' lang='lat' dir='ltr'>in</span> <span class='ocrx_word' id='word_1_439' title='bbox 2321 2459 2628 2519; x_wconf 80' lang='lat' dir='ltr'>aeternum,</span> <span class='ocrx_word' id='word_1_440' title='bbox 2647 2459 2704 2507; x_wconf 91' lang='lat' dir='ltr'>et</span> <span class='ocrx_word' id='word_1_441' title='bbox 2725 2469 2830 2508; x_wconf 91' lang='lat' dir='ltr'>vos</span> <span class='ocrx_word' id='word_1_442' title='bbox 2852 2453 3098 2524; x_wconf 91' lang='lat' dir='ltr'>quidem</span> <span class='ocrx_word' id='word_1_443' title='bbox 3121 2454 3340 2510; x_wconf 89' lang='lat' dir='ltr'>satiant</span> <span class='ocrx_word' id='word_1_444' title='bbox 3368 2469 3598 2522; x_wconf 89' lang='lat' dir='ltr'>carnes,</span> 
     </span>
    </p>
   </div>
   <div class='ocr_carea' id='block_1_59' title="bbox 1955 2542 3599 2613">
    <p class='ocr_par' dir='ltr' id='par_1_59' title="bbox 1955 2542 3599 2613">
     <span class='ocr_line' id='line_1_59' title="bbox 1955 2542 3599 2613; baseline 0.002 -18"><span class='ocrx_word' id='word_1_445' title='bbox 1955 2557 2050 2596; x_wconf 91' lang='lat' dir='ltr'>me</span> <span class='ocrx_word' id='word_1_446' title='bbox 2070 2549 2270 2597; x_wconf 90' lang='lat' dir='ltr'>autem</span> <span class='ocrx_word' id='word_1_447' title='bbox 2315 2557 2479 2613; x_wconf 79' lang='lat' dir='ltr'>purae</span> <span class='ocrx_word' id='word_1_448' title='bbox 2523 2557 2743 2612; x_wconf 91' lang='lat' dir='ltr'>preces.</span> <span class='ocrx_word' id='word_1_449' title='bbox 2789 2544 2900 2596; x_wconf 88' lang='lat' dir='ltr'>Vos</span> <span class='ocrx_word' id='word_1_450' title='bbox 2941 2543 3196 2598; x_wconf 76' lang='lat' dir='ltr'>laetiﬁcat</span> <span class='ocrx_word' id='word_1_451' title='bbox 3225 2542 3452 2606; x_wconf 87' lang='lat' dir='ltr'>vinum,</span> <span class='ocrx_word' id='word_1_452' title='bbox 3502 2557 3599 2598; x_wconf 89' lang='lat' dir='ltr'>me</span> 
     </span>
    </p>
   </div>
   <div class='ocr_carea' id='block_1_60' title="bbox 1953 2629 3600 2702">
    <p class='ocr_par' dir='ltr' id='par_1_60' title="bbox 1953 2629 3600 2702">
     <span class='ocr_line' id='line_1_60' title="bbox 1953 2629 3600 2702; baseline 0 -16"><span class='ocrx_word' id='word_1_453' title='bbox 1953 2635 2152 2686; x_wconf 89' lang='lat' dir='ltr'>autem</span> <span class='ocrx_word' id='word_1_454' title='bbox 2207 2629 2467 2684; x_wconf 86' lang='lat' dir='ltr'>Christus</span> <span class='ocrx_word' id='word_1_455' title='bbox 2508 2645 2646 2685; x_wconf 91' lang='lat' dir='ltr'>vera</span> <span class='ocrx_word' id='word_1_456' title='bbox 2691 2629 2820 2684; x_wconf 90' lang='lat' dir='ltr'>vitis</span> <span class='ocrx_word' id='word_1_457' title='bbox 2874 2630 3078 2697; x_wconf 84' lang='lat' dir='ltr'>Patris,</span> <span class='ocrx_word' id='word_1_458' title='bbox 3124 2631 3229 2702; x_wconf 91' lang='lat' dir='ltr'>qui</span> <span class='ocrx_word' id='word_1_459' title='bbox 3276 2647 3398 2687; x_wconf 88' lang='lat' dir='ltr'>non</span> <span class='ocrx_word' id='word_1_460' title='bbox 3440 2632 3600 2686; x_wconf 86' lang='lat' dir='ltr'>cadit</span> 
     </span>
    </p>
   </div>
   <div class='ocr_carea' id='block_1_61' title="bbox 1955 2719 3600 2790">
    <p class='ocr_par' dir='ltr' id='par_1_61' title="bbox 1955 2719 3600 2790">
     <span class='ocr_line' id='line_1_61' title="bbox 1955 2719 3600 2790; baseline 0.001 -17"><span class='ocrx_word' id='word_1_461' title='bbox 1955 2721 2067 2783; x_wconf 78' lang='lat' dir='ltr'>sub</span> <span class='ocrx_word' id='word_1_462' title='bbox 2088 2724 2419 2790; x_wconf 86' lang='lat' dir='ltr'>aspectum.</span> <span class='ocrx_word' id='word_1_463' title='bbox 2451 2720 2560 2774; x_wconf 91' lang='lat' dir='ltr'>Vos</span> <span class='ocrx_word' id='word_1_464' title='bbox 2607 2719 2958 2789; x_wconf 87' lang='lat' dir='ltr'>exspectatis</span> <span class='ocrx_word' id='word_1_465' title='bbox 3005 2719 3211 2774; x_wconf 89' lang='lat' dir='ltr'>audire</span> <span class='ocrx_word' id='word_1_466' title='bbox 3249 2719 3493 2774; x_wconf 90' lang='lat' dir='ltr'>laudem</span> <span class='ocrx_word' id='word_1_467' title='bbox 3522 2719 3600 2774; x_wconf 86' lang='lat' dir='ltr'>ab</span> 
     </span>
    </p>
   </div>
   <div class='ocr_carea' id='block_1_62' title="bbox 1955 2807 3597 2875">
    <p class='ocr_par' dir='ltr' id='par_1_62' title="bbox 1955 2807 3597 2875">
     <span class='ocr_line' id='line_1_62' title="bbox 1955 2807 3597 2875; baseline 0.001 -14"><span class='ocrx_word' id='word_1_468' title='bbox 1955 2808 2300 2861; x_wconf 90' lang='lat' dir='ltr'>hominibus</span> <span class='ocrx_word' id='word_1_469' title='bbox 2335 2823 2347 2860; x_wconf 91' lang='lat'><strong>:</strong></span> <span class='ocrx_word' id='word_1_470' title='bbox 2379 2821 2490 2875; x_wconf 89' lang='lat' dir='ltr'>ego</span> <span class='ocrx_word' id='word_1_471' title='bbox 2519 2812 2720 2862; x_wconf 91' lang='lat' dir='ltr'>autem</span> <span class='ocrx_word' id='word_1_472' title='bbox 2751 2823 2960 2862; x_wconf 88' lang='lat' dir='ltr'>vocem</span> <span class='ocrx_word' id='word_1_473' title='bbox 3001 2808 3372 2863; x_wconf 88' lang='lat' dir='ltr'>Dominicam</span> <span class='ocrx_word' id='word_1_474' title='bbox 3410 2808 3470 2862; x_wconf 89' lang='lat' dir='ltr'>in</span> <span class='ocrx_word' id='word_1_475' title='bbox 3501 2807 3597 2862; x_wconf 90' lang='lat' dir='ltr'>die</span> 
     </span>
    </p>
   </div>
   <div class='ocr_carea' id='block_1_63' title="bbox 1953 2894 3600 2966">
    <p class='ocr_par' dir='ltr' id='par_1_63' title="bbox 1953 2894 3600 2966">
     <span class='ocr_line' id='line_1_63' title="bbox 1953 2894 3600 2966; baseline 0.002 -18"><span class='ocrx_word' id='word_1_476' title='bbox 1953 2894 2179 2963; x_wconf 88' lang='lat' dir='ltr'>judicii,</span> <span class='ocrx_word' id='word_1_477' title='bbox 2201 2910 2324 2964; x_wconf 90' lang='lat' dir='ltr'>qua</span> <span class='ocrx_word' id='word_1_478' title='bbox 2352 2894 2505 2949; x_wconf 84' lang='lat' dir='ltr'>dicet</span> <span class='ocrx_word' id='word_1_479' title='bbox 2536 2895 2890 2966; x_wconf 82' lang='lat' dir='ltr'>Redemptor</span> <span class='ocrx_word' id='word_1_480' title='bbox 2917 2895 3122 2950; x_wconf 88' lang='lat' dir='ltr'>mundi</span> <span class='ocrx_word' id='word_1_481' title='bbox 3156 2896 3417 2950; x_wconf 87' lang='lat' dir='ltr'>Christus</span> <span class='ocrx_word' id='word_1_482' title='bbox 3445 2915 3458 2948; x_wconf 85' lang='lat'><strong>:</strong></span> <span class='ocrx_word' id='word_1_483' title='bbox 3507 2895 3600 2951; x_wconf 79' lang='lat' dir='ltr'>Ve-</span> 
     </span>
    </p>
   </div>
   <div class='ocr_carea' id='block_1_64' title="bbox 1960 2981 3598 3052">
    <p class='ocr_par' dir='ltr' id='par_1_64' title="bbox 1960 2981 3598 3052">
     <span class='ocr_line' id='line_1_64' title="bbox 1960 2981 3598 3052; baseline 0.002 -18"><span class='ocrx_word' id='word_1_484' title='bbox 1960 2982 2102 3050; x_wconf 86' lang='lat' dir='ltr'>nite,</span> <span class='ocrx_word' id='word_1_485' title='bbox 2134 2981 2418 3037; x_wconf 82' lang='lat' dir='ltr'>benedicti</span> <span class='ocrx_word' id='word_1_486' title='bbox 2443 2983 2631 3037; x_wconf 76' lang='lat' dir='ltr'>Patris</span> <span class='ocrx_word' id='word_1_487' title='bbox 2658 2987 2786 3050; x_wconf 81' lang='lat' dir='ltr'>mei,</span> <span class='ocrx_word' id='word_1_488' title='bbox 2811 2985 3103 3052; x_wconf 81' lang='lat' dir='ltr'>possidete</span> <span class='ocrx_word' id='word_1_489' title='bbox 3128 2991 3409 3052; x_wconf 80' lang='lat' dir='ltr'>paratum</span> <span class='ocrx_word' id='word_1_490' title='bbox 3443 2984 3598 3039; x_wconf 80' lang='lat' dir='ltr'>vobis</span> 
     </span>
    </p>
   </div>
   <div class='ocr_carea' id='block_1_65' title="bbox 256 3068 1849 3158">
    <p class='ocr_par' dir='ltr' id='par_1_65' title="bbox 256 3068 1849 3147">
     <span class='ocr_line' id='line_1_65' title="bbox 256 3068 1849 3147; baseline -0.005 -20"><span class='ocrx_word' id='word_1_491' title='bbox 256 3081 348 3134; x_wconf 82' lang='grc' dir='ltr'>τὴν</span> <span class='ocrx_word' id='word_1_492' title='bbox 380 3077 772 3147; x_wconf 81' lang='grc' dir='ltr'>ήτοιμασμενην</span> <span class='ocrx_word' id='word_1_493' title='bbox 802 3074 922 3143; x_wconf 84' lang='grc' dir='ltr'>ύμῖν</span> <span class='ocrx_word' id='word_1_494' title='bbox 963 3069 1236 3143; x_wconf 81' lang='grc' dir='ltr'>βασιλείαν</span> <span class='ocrx_word' id='word_1_495' title='bbox 1277 3068 1378 3122; x_wconf 87' lang='grc' dir='ltr'>ἀπὸ</span> <span class='ocrx_word' id='word_1_496' title='bbox 1409 3068 1695 3128; x_wconf 81' lang='grc' dir='ltr'>καταϐολῆς</span> <span class='ocrx_word' id='word_1_497' title='bbox 1725 3087 1849 3120; x_wconf 89' lang='grc' dir='ltr'>κοσ-</span> 
     </span>
    </p>
   </div>
   <div class='ocr_carea' id='block_1_66' title="bbox 1961 3068 3215 3158">
    <p class='ocr_par' dir='ltr' id='par_1_66' title="bbox 1961 3071 3215 3140">
     <span class='ocr_line' id='line_1_66' title="bbox 1961 3071 3215 3140; baseline 0.003 -16"><span class='ocrx_word' id='word_1_498' title='bbox 1961 3085 2207 3140; x_wconf 84' lang='lat' dir='ltr'>regnum</span> <span class='ocrx_word' id='word_1_499' title='bbox 2239 3076 2376 3126; x_wconf 87' lang='lat' dir='ltr'>ante</span> <span class='ocrx_word' id='word_1_500' title='bbox 2406 3071 2615 3126; x_wconf 82' lang='lat' dir='ltr'>mundi</span> <span class='ocrx_word' id='word_1_501' title='bbox 2643 3073 3117 3128; x_wconf 81' lang='lat' dir='ltr'>constitutionem</span> <span class='ocrx_word' id='word_1_502' title='bbox 3147 3074 3215 3127; x_wconf 86' lang='grc'>²¹.</span> 
     </span>
    </p>
   </div>
   <div class='ocr_carea' id='block_1_67' title="bbox 297 3184 378 3216">
    <p class='ocr_par' dir='ltr' id='par_1_67' title="bbox 297 3184 378 3216">
     <span class='ocr_line' id='line_1_67' title="bbox 297 3184 378 3216; baseline -0.025 0"><span class='ocrx_word' id='word_1_503' title='bbox 297 3184 378 3216; x_wconf 90' lang='grc' dir='ltr'>ου.</span> 
     </span>
    </p>
   </div>
   <div class='ocr_carea' id='block_1_68' title="bbox 252 3185 1854 3322">
    <p class='ocr_par' dir='ltr' id='par_1_68' title="bbox 252 3185 1854 3322">
     <span class='ocr_line' id='line_1_68' title="bbox 297 3185 378 3216; baseline -0.025 0"><span class='ocrx_word' id='word_1_504' title='bbox 297 3185 378 3216; x_wconf 91' lang='grc' dir='ltr'>ου.</span> 
     </span>
     <span class='ocr_line' id='line_1_69' title="bbox 252 3185 1854 3322; baseline -0.006 -15"><span class='ocrx_word' id='word_1_505' title='bbox 252 3185 293 3236; x_wconf 70' lang='grc' dir='ltr'><strong><em>μ</em></strong></span> <span class='ocrx_word' id='word_1_506' title='bbox 328 3252 403 3306; x_wconf 88' lang='grc' dir='ltr'>Η’.</span> <span class='ocrx_word' id='word_1_507' title='bbox 440 3253 583 3306; x_wconf 90' lang='grc' dir='ltr'>Μετά</span> <span class='ocrx_word' id='word_1_508' title='bbox 628 3248 688 3302; x_wconf 75' lang='grc' dir='ltr'>δε</span> <span class='ocrx_word' id='word_1_509' title='bbox 737 3252 932 3322; x_wconf 80' lang='grc' dir='ltr'>ἡμέρας</span> <span class='ocrx_word' id='word_1_510' title='bbox 983 3251 1122 3310; x_wconf 87' lang='grc' dir='ltr'>τινάς</span> <span class='ocrx_word' id='word_1_511' title='bbox 1161 3251 1489 3322; x_wconf 85' lang='grc' dir='ltr'>προκαθίσας</span> <span class='ocrx_word' id='word_1_512' title='bbox 1519 3249 1544 3298; x_wconf 91' lang='grc' dir='ltr'>ό</span> <span class='ocrx_word' id='word_1_513' title='bbox 1578 3248 1854 3318; x_wconf 86' lang='grc' dir='ltr'>Ἀγριππῖ-</span> 
     </span>
    </p>
   </div>
   <div class='ocr_carea' id='block_1_69' title="bbox 252 3336 1853 3412">
    <p class='ocr_par' dir='ltr' id='par_1_69' title="bbox 252 3336 1853 3412">
     <span class='ocr_line' id='line_1_70' title="bbox 252 3336 1853 3412; baseline -0.004 -18"><span class='ocrx_word' id='word_1_514' title='bbox 252 3351 341 3404; x_wconf 69' lang='lat' dir='ltr'>vd‘;</span> <span class='ocrx_word' id='word_1_515' title='bbox 407 3341 454 3393; x_wconf 74' lang='grc' dir='ltr'>ἓν</span> <span class='ocrx_word' id='word_1_516' title='bbox 513 3349 574 3412; x_wconf 77' lang='grc' dir='ltr'>τῇ</span> <span class='ocrx_word' id='word_1_517' title='bbox 633 3337 911 3412; x_wconf 77' lang='grc' dir='ltr'>βασιλικῇ,</span> <span class='ocrx_word' id='word_1_518' title='bbox 965 3337 1220 3390; x_wconf 83' lang='grc' dir='ltr'>ἐκέλευσεν</span> <span class='ocrx_word' id='word_1_519' title='bbox 1275 3337 1509 3409; x_wconf 81' lang='grc' dir='ltr'>ἀχθῆναι</span> <span class='ocrx_word' id='word_1_520' title='bbox 1566 3340 1651 3388; x_wconf 86' lang='grc' dir='ltr'>τὸν</span> <span class='ocrx_word' id='word_1_521' title='bbox 1705 3336 1853 3408; x_wconf 81' lang='grc' dir='ltr'>ἅγιον</span> 
     </span>
    </p>
   </div>
   <div class='ocr_carea' id='block_1_70' title="bbox 254 3424 1854 3500">
    <p class='ocr_par' dir='ltr' id='par_1_70' title="bbox 254 3424 1854 3500">
     <span class='ocr_line' id='line_1_71' title="bbox 254 3424 1854 3500; baseline -0.006 -15"><span class='ocrx_word' id='word_1_522' title='bbox 254 3432 525 3485; x_wconf 90' lang='grc' dir='ltr'>Πλάτωνα.</span> <span class='ocrx_word' id='word_1_523' title='bbox 576 3430 852 3500; x_wconf 81' lang='grc' dir='ltr'>Ἀχθέντος</span> <span class='ocrx_word' id='word_1_524' title='bbox 919 3424 977 3480; x_wconf 79' lang='grc' dir='ltr'>δὲ</span> <span class='ocrx_word' id='word_1_525' title='bbox 1027 3427 1208 3491; x_wconf 74' lang='grc' dir='ltr'>αὐτοῦ,</span> <span class='ocrx_word' id='word_1_526' title='bbox 1255 3424 1390 3478; x_wconf 86' lang='grc' dir='ltr'>εἶπεν</span> <span class='ocrx_word' id='word_1_527' title='bbox 1446 3429 1577 3498; x_wconf 86' lang='grc' dir='ltr'>πρὸς</span> <span class='ocrx_word' id='word_1_528' title='bbox 1625 3426 1779 3477; x_wconf 73' lang='grc' dir='ltr'>αὐτόν</span> <span class='ocrx_word' id='word_1_529' title='bbox 1833 3443 1854 3462; x_wconf 80' lang='grc' dir='ltr'><strong><em>ο</em></strong></span> 
     </span>
    </p>
   </div>
   <div class='ocr_carea' id='block_1_71' title="bbox 256 3517 1852 3590">
    <p class='ocr_par' dir='ltr' id='par_1_71' title="bbox 256 3517 1852 3590">
     <span class='ocr_line' id='line_1_72' title="bbox 256 3517 1852 3590; baseline -0.006 -16"><span class='ocrx_word' id='word_1_530' title='bbox 256 3523 512 3578; x_wconf 86' lang='grc' dir='ltr'>Πείσθητί</span> <span class='ocrx_word' id='word_1_531' title='bbox 569 3535 659 3590; x_wconf 89' lang='grc' dir='ltr'>μοι</span> <span class='ocrx_word' id='word_1_532' title='bbox 710 3517 908 3579; x_wconf 87' lang='grc' dir='ltr'>λοιπὸν,</span> <span class='ocrx_word' id='word_1_533' title='bbox 957 3521 1047 3568; x_wconf 85' lang='grc' dir='ltr'>καὶ</span> <span class='ocrx_word' id='word_1_534' title='bbox 1103 3517 1257 3568; x_wconf 76' lang='grc' dir='ltr'>θῦσον</span> <span class='ocrx_word' id='word_1_535' title='bbox 1302 3523 1412 3576; x_wconf 87' lang='grc' dir='ltr'>τοῖς</span> <span class='ocrx_word' id='word_1_536' title='bbox 1461 3517 1610 3580; x_wconf 86' lang='grc' dir='ltr'>θεοῖς,</span> <span class='ocrx_word' id='word_1_537' title='bbox 1661 3520 1750 3566; x_wconf 83' lang='grc' dir='ltr'>καὶ</span> <span class='ocrx_word' id='word_1_538' title='bbox 1795 3518 1852 3566; x_wconf 87' lang='grc' dir='ltr'>τὸ</span> 
     </span>
    </p>
   </div>
   <div class='ocr_carea' id='block_1_72' title="bbox 256 3599 1849 3678">
    <p class='ocr_par' dir='ltr' id='par_1_72' title="bbox 256 3599 1849 3678">
     <span class='ocr_line' id='line_1_73' title="bbox 256 3599 1849 3678; baseline -0.005 -16"><span class='ocrx_word' id='word_1_539' title='bbox 256 3618 430 3668; x_wconf 87' lang='grc' dir='ltr'>κακῶς</span> <span class='ocrx_word' id='word_1_540' title='bbox 476 3609 748 3659; x_wconf 79' lang='grc' dir='ltr'>ἀποθανεῖν</span> <span class='ocrx_word' id='word_1_541' title='bbox 790 3601 1070 3678; x_wconf 84' lang='grc' dir='ltr'>κέρδησον.</span> <span class='ocrx_word' id='word_1_542' title='bbox 1117 3603 1174 3655; x_wconf 76' lang='grc' dir='ltr'><strong>Ὀ</strong></span> <span class='ocrx_word' id='word_1_543' title='bbox 1222 3604 1370 3675; x_wconf 83' lang='grc' dir='ltr'>ἄγιος</span> <span class='ocrx_word' id='word_1_544' title='bbox 1423 3603 1627 3655; x_wconf 86' lang='grc' dir='ltr'>Πλάτων</span> <span class='ocrx_word' id='word_1_545' title='bbox 1668 3599 1802 3655; x_wconf 81' lang='grc' dir='ltr'>εἶπεν</span> <span class='ocrx_word' id='word_1_546' title='bbox 1835 3619 1849 3634; x_wconf 75' lang='grc' dir='ltr'><strong>ο</strong></span> 
     </span>
    </p>
   </div>
   <div class='ocr_carea' id='block_1_73' title="bbox 257 3689 1851 3771">
    <p class='ocr_par' dir='ltr' id='par_1_73' title="bbox 257 3689 1851 3771">
     <span class='ocr_line' id='line_1_74' title="bbox 257 3689 1851 3771; baseline -0.006 -19"><span class='ocrx_word' id='word_1_547' title='bbox 257 3700 406 3771; x_wconf 83' lang='grc' dir='ltr'>Ἐμοὶ</span> <span class='ocrx_word' id='word_1_548' title='bbox 433 3701 490 3749; x_wconf 88' lang='grc' dir='ltr'>τὸ</span> <span class='ocrx_word' id='word_1_549' title='bbox 523 3700 615 3768; x_wconf 76' lang='grc' dir='ltr'>ζῇν</span> <span class='ocrx_word' id='word_1_550' title='bbox 647 3698 876 3769; x_wconf 78' lang='grc' dir='ltr'>Χριστὸς</span> <span class='ocrx_word' id='word_1_551' title='bbox 908 3699 997 3746; x_wconf 81' lang='grc' dir='ltr'>καὶ</span> <span class='ocrx_word' id='word_1_552' title='bbox 1040 3696 1097 3745; x_wconf 88' lang='grc' dir='ltr'>τὸ</span> <span class='ocrx_word' id='word_1_553' title='bbox 1131 3692 1404 3746; x_wconf 86' lang='grc' dir='ltr'>ἀποθανεῖν</span> <span class='ocrx_word' id='word_1_554' title='bbox 1450 3689 1654 3764; x_wconf 81' lang='grc' dir='ltr'>κέρδος.</span> <span class='ocrx_word' id='word_1_555' title='bbox 1707 3696 1851 3745; x_wconf 89' lang='grc' dir='ltr'>Ποίει</span> 
     </span>
    </p>
   </div>
   <div class='ocr_carea' id='block_1_74' title="bbox 260 3781 1142 3856">
    <p class='ocr_par' dir='ltr' id='par_1_74' title="bbox 260 3781 1142 3856">
     <span class='ocr_line' id='line_1_75' title="bbox 260 3781 1142 3856; baseline -0.008 -16"><span class='ocrx_word' id='word_1_556' title='bbox 260 3785 348 3840; x_wconf 78' lang='grc' dir='ltr'>οὖν</span> <span class='ocrx_word' id='word_1_557' title='bbox 375 3789 424 3839; x_wconf 72' lang='grc' dir='ltr'>ἓν</span> <span class='ocrx_word' id='word_1_558' title='bbox 452 3787 606 3856; x_wconf 89' lang='grc' dir='ltr'>τάχει</span> <span class='ocrx_word' id='word_1_559' title='bbox 637 3784 703 3843; x_wconf 84' lang='grc' dir='ltr'>εἰς</span> <span class='ocrx_word' id='word_1_560' title='bbox 733 3782 818 3854; x_wconf 76' lang='grc' dir='ltr'>ἐμὲ</span> <span class='ocrx_word' id='word_1_561' title='bbox 852 3782 877 3833; x_wconf 89' lang='grc' dir='ltr'>ὁ</span> <span class='ocrx_word' id='word_1_562' title='bbox 910 3781 1087 3854; x_wconf 81' lang='grc' dir='ltr'>βούλει</span> <span class='ocrx_word' id='word_1_563' title='bbox 1129 3801 1142 3815; x_wconf 87' lang='grc'>·</span> 
     </span>
    </p>
   </div>
   <div class='ocr_carea' id='block_1_75' title="bbox 259 3868 1854 3946">
    <p class='ocr_par' dir='ltr' id='par_1_75' title="bbox 259 3868 1854 3946">
     <span class='ocr_line' id='line_1_76' title="bbox 259 3868 1854 3946; baseline -0.003 -18"><span class='ocrx_word' id='word_1_564' title='bbox 259 3877 368 3937; x_wconf 85' lang='grc' dir='ltr'>λοις</span> <span class='ocrx_word' id='word_1_565' title='bbox 413 3873 668 3946; x_wconf 81' lang='grc' dir='ltr'>ἀψύχοις.</span> <span class='ocrx_word' id='word_1_566' title='bbox 724 3877 850 3924; x_wconf 89' lang='grc' dir='ltr'>Τότε</span> <span class='ocrx_word' id='word_1_567' title='bbox 901 3868 1026 3924; x_wconf 85' lang='grc' dir='ltr'>ἰδὼν</span> <span class='ocrx_word' id='word_1_568' title='bbox 1070 3875 1127 3923; x_wconf 87' lang='grc' dir='ltr'>τὸ</span> <span class='ocrx_word' id='word_1_569' title='bbox 1173 3870 1481 3943; x_wconf 84' lang='grc' dir='ltr'>ἀμετάθετον</span> <span class='ocrx_word' id='word_1_570' title='bbox 1512 3878 1606 3932; x_wconf 87' lang='grc' dir='ltr'>τῆς</span> <span class='ocrx_word' id='word_1_571' title='bbox 1631 3876 1854 3934; x_wconf 90' lang='grc' dir='ltr'>πίστεως</span> 
     </span>
    </p>
   </div>
   <div class='ocr_carea' id='block_1_76' title="bbox 1195 3778 1856 3855">
    <p class='ocr_par' dir='ltr' id='par_1_76' title="bbox 1195 3778 1856 3855">
     <span class='ocr_line' id='line_1_77' title="bbox 1195 3778 1856 3855; baseline 0 -23"><span class='ocrx_word' id='word_1_572' title='bbox 1195 3781 1294 3852; x_wconf 82' lang='grc' dir='ltr'>ἐγὼ</span> <span class='ocrx_word' id='word_1_573' title='bbox 1345 3785 1446 3855; x_wconf 83' lang='grc' dir='ltr'>γὰρ</span> <span class='ocrx_word' id='word_1_574' title='bbox 1479 3782 1536 3832; x_wconf 85' lang='grc' dir='ltr'>ού</span> <span class='ocrx_word' id='word_1_575' title='bbox 1572 3783 1674 3834; x_wconf 90' lang='grc' dir='ltr'>θύω</span> <span class='ocrx_word' id='word_1_576' title='bbox 1707 3778 1856 3834; x_wconf 85' lang='grc' dir='ltr'>εἰδω-</span> 
     </span>
    </p>
   </div>
   <div class='ocr_carea' id='block_1_77' title="bbox 263 3959 1849 4034">
    <p class='ocr_par' dir='ltr' id='par_1_77' title="bbox 263 3959 1849 4034">
     <span class='ocr_line' id='line_1_78' title="bbox 263 3959 1849 4034; baseline -0.003 -16"><span class='ocrx_word' id='word_1_577' title='bbox 263 3967 442 4034; x_wconf 83' lang='grc' dir='ltr'>αύτοῦ,</span> <span class='ocrx_word' id='word_1_578' title='bbox 496 3960 682 4015; x_wconf 79' lang='grc' dir='ltr'>ἔδωκεν</span> <span class='ocrx_word' id='word_1_579' title='bbox 731 3960 992 4034; x_wconf 84' lang='grc' dir='ltr'>ἀπόφασιν</span> <span class='ocrx_word' id='word_1_580' title='bbox 1042 3963 1155 4013; x_wconf 88' lang='grc' dir='ltr'>κατ’</span> <span class='ocrx_word' id='word_1_581' title='bbox 1207 3961 1386 4032; x_wconf 72' lang='grc' dir='ltr'>αὐτοῦ,</span> <span class='ocrx_word' id='word_1_582' title='bbox 1443 3961 1524 4012; x_wconf 83' lang='grc' dir='ltr'>ἶνα</span> <span class='ocrx_word' id='word_1_583' title='bbox 1572 3959 1849 4033; x_wconf 73' lang='grc' dir='ltr'>ἀποτμηθῇ</span> 
     </span>
    </p>
   </div>
   <div class='ocr_carea' id='block_1_78' title="bbox 261 4046 1855 4127">
    <p class='ocr_par' dir='ltr' id='par_1_78' title="bbox 261 4046 1855 4127">
     <span class='ocr_line' id='line_1_79' title="bbox 261 4046 1855 4127; baseline -0.004 -19"><span class='ocrx_word' id='word_1_584' title='bbox 261 4054 452 4127; x_wconf 85' lang='grc' dir='ltr'>κεφαλή</span> <span class='ocrx_word' id='word_1_585' title='bbox 488 4053 666 4104; x_wconf 83' lang='grc' dir='ltr'>αύτού.</span> <span class='ocrx_word' id='word_1_586' title='bbox 707 4050 959 4111; x_wconf 79' lang='grc' dir='ltr'>Λαϐόντες</span> <span class='ocrx_word' id='word_1_587' title='bbox 987 4047 1044 4102; x_wconf 79' lang='grc' dir='ltr'>δε</span> <span class='ocrx_word' id='word_1_588' title='bbox 1076 4051 1230 4102; x_wconf 75' lang='grc' dir='ltr'>αὐτόν</span> <span class='ocrx_word' id='word_1_589' title='bbox 1262 4052 1311 4102; x_wconf 89' lang='grc' dir='ltr'>οἱ</span> <span class='ocrx_word' id='word_1_590' title='bbox 1345 4046 1549 4122; x_wconf 82' lang='grc' dir='ltr'>δήμιοι,</span> <span class='ocrx_word' id='word_1_591' title='bbox 1585 4050 1855 4122; x_wconf 87' lang='grc' dir='ltr'>ἀπήγαγον</span> 
     </span>
    </p>
   </div>
   <div class='ocr_carea' id='block_1_79' title="bbox 267 4139 1858 4211">
    <p class='ocr_par' dir='ltr' id='par_1_79' title="bbox 267 4139 1858 4211">
     <span class='ocr_line' id='line_1_80' title="bbox 267 4139 1858 4211; baseline -0.003 -16"><span class='ocrx_word' id='word_1_592' title='bbox 267 4144 362 4206; x_wconf 81' lang='grc' dir='ltr'>ἔξω</span> <span class='ocrx_word' id='word_1_593' title='bbox 391 4150 481 4202; x_wconf 86' lang='grc' dir='ltr'>τῆς</span> <span class='ocrx_word' id='word_1_594' title='bbox 510 4141 702 4202; x_wconf 85' lang='grc' dir='ltr'>πόλεως</span> <span class='ocrx_word' id='word_1_595' title='bbox 741 4140 787 4191; x_wconf 77' lang='grc' dir='ltr'>ἔν</span> <span class='ocrx_word' id='word_1_596' title='bbox 819 4149 890 4210; x_wconf 85' lang='grc' dir='ltr'>τῷ</span> <span class='ocrx_word' id='word_1_597' title='bbox 921 4144 1061 4211; x_wconf 87' lang='grc' dir='ltr'>τόπῳ</span> <span class='ocrx_word' id='word_1_598' title='bbox 1112 4139 1448 4211; x_wconf 76' lang='grc' dir='ltr'>ἐπιλεγομένῳ</span> <span class='ocrx_word' id='word_1_599' title='bbox 1491 4142 1711 4210; x_wconf 81' lang='grc' dir='ltr'>Κάμπῳ.</span> <span class='ocrx_word' id='word_1_600' title='bbox 1759 4145 1858 4191; x_wconf 77' lang='grc' dir='ltr'>Καὶ</span> 
     </span>
    </p>
   </div>
   <div class='ocr_carea' id='block_1_80' title="bbox 272 4228 1857 4303">
    <p class='ocr_par' dir='ltr' id='par_1_80' title="bbox 272 4228 1857 4303">
     <span class='ocr_line' id='line_1_81' title="bbox 272 4228 1857 4303; baseline -0.004 -19"><span class='ocrx_word' id='word_1_601' title='bbox 272 4235 397 4294; x_wconf 85' lang='grc' dir='ltr'>στὰς</span> <span class='ocrx_word' id='word_1_602' title='bbox 427 4233 452 4283; x_wconf 91' lang='grc' dir='ltr'>ό</span> <span class='ocrx_word' id='word_1_603' title='bbox 483 4231 628 4302; x_wconf 83' lang='grc' dir='ltr'>ἄγιος</span> <span class='ocrx_word' id='word_1_604' title='bbox 681 4232 882 4303; x_wconf 87' lang='grc' dir='ltr'>μάρτυς</span> <span class='ocrx_word' id='word_1_605' title='bbox 926 4228 1268 4300; x_wconf 85' lang='grc' dir='ltr'>παρεκάλεσεν</span> <span class='ocrx_word' id='word_1_606' title='bbox 1324 4231 1405 4278; x_wconf 85' lang='grc' dir='ltr'>τὸν</span> <span class='ocrx_word' id='word_1_607' title='bbox 1452 4228 1857 4298; x_wconf 82' lang='grc' dir='ltr'>σπεκουλάτορα,</span> 
     </span>
    </p>
   </div>
   <div class='ocr_carea' id='block_1_81' title="bbox 270 4315 1860 4390">
    <p class='ocr_par' dir='ltr' id='par_1_81' title="bbox 270 4315 1860 4390">
     <span class='ocr_line' id='line_1_82' title="bbox 270 4315 1860 4390; baseline -0.005 -17"><span class='ocrx_word' id='word_1_608' title='bbox 270 4324 401 4373; x_wconf 82' lang='grc' dir='ltr'>ὥστε</span> <span class='ocrx_word' id='word_1_609' title='bbox 438 4317 673 4372; x_wconf 76' lang='grc' dir='ltr'>ἐνδοῦναι</span> <span class='ocrx_word' id='word_1_610' title='bbox 719 4317 858 4387; x_wconf 81' lang='grc' dir='ltr'>αύτῷ</span> <span class='ocrx_word' id='word_1_611' title='bbox 897 4315 1310 4390; x_wconf 82' lang='grc' dir='ltr'>προσεύξασθαι,</span> <span class='ocrx_word' id='word_1_612' title='bbox 1367 4321 1456 4366; x_wconf 79' lang='grc' dir='ltr'>καὶ</span> <span class='ocrx_word' id='word_1_613' title='bbox 1506 4315 1700 4389; x_wconf 74' lang='grc' dir='ltr'>ἐπάρας</span> <span class='ocrx_word' id='word_1_614' title='bbox 1746 4319 1860 4372; x_wconf 86' lang='grc' dir='ltr'>τούς</span> 
     </span>
    </p>
   </div>
   <div class='ocr_carea' id='block_1_82' title="bbox 271 4400 1446 4482">
    <p class='ocr_par' dir='ltr' id='par_1_82' title="bbox 271 4400 1446 4482">
     <span class='ocr_line' id='line_1_83' title="bbox 271 4400 1446 4482; baseline -0.009 -20"><span class='ocrx_word' id='word_1_615' title='bbox 271 4409 561 4482; x_wconf 84' lang='grc' dir='ltr'>ὀφθαλμούς</span> <span class='ocrx_word' id='word_1_616' title='bbox 589 4407 745 4458; x_wconf 83' lang='grc' dir='ltr'>αύτόύ</span> <span class='ocrx_word' id='word_1_617' title='bbox 776 4407 847 4466; x_wconf 85' lang='grc' dir='ltr'>εἰς</span> <span class='ocrx_word' id='word_1_618' title='bbox 874 4409 959 4456; x_wconf 85' lang='grc' dir='ltr'>τόν</span> <span class='ocrx_word' id='word_1_619' title='bbox 990 4405 1226 4476; x_wconf 78' lang='grc' dir='ltr'>οὐρανὸν,</span> <span class='ocrx_word' id='word_1_620' title='bbox 1260 4400 1393 4454; x_wconf 85' lang='grc' dir='ltr'>εἶπεν</span> <span class='ocrx_word' id='word_1_621' title='bbox 1434 4420 1446 4432; x_wconf 86' lang='lat'><strong><em>°</em></strong></span> 
     </span>
    </p>
   </div>
   <div class='ocr_carea' id='block_1_83' title="bbox 274 4490 1864 4572">
    <p class='ocr_par' dir='ltr' id='par_1_83' title="bbox 274 4490 1864 4572">
     <span class='ocr_line' id='line_1_84' title="bbox 274 4490 1864 4572; baseline -0.004 -22"><span class='ocrx_word' id='word_1_622' title='bbox 274 4499 489 4572; x_wconf 74' lang='lat' dir='ltr'>Xpt0&#39;1&#39;e,</span> <span class='ocrx_word' id='word_1_623' title='bbox 522 4491 808 4570; x_wconf 87' lang='grc' dir='ltr'>πρόσδεξαι</span> <span class='ocrx_word' id='word_1_624' title='bbox 837 4492 884 4543; x_wconf 73' lang='grc' dir='ltr'>ἓν</span> <span class='ocrx_word' id='word_1_625' title='bbox 916 4492 1091 4566; x_wconf 79' lang='grc' dir='ltr'>εἰρήνη</span> <span class='ocrx_word' id='word_1_626' title='bbox 1145 4495 1235 4548; x_wconf 76' lang='grc' dir='ltr'>τὴν</span> <span class='ocrx_word' id='word_1_627' title='bbox 1278 4490 1462 4563; x_wconf 87' lang='grc' dir='ltr'>ψυχήν</span> <span class='ocrx_word' id='word_1_628' title='bbox 1487 4511 1588 4562; x_wconf 88' lang='grc' dir='ltr'>μου</span> <span class='ocrx_word' id='word_1_629' title='bbox 1623 4509 1633 4520; x_wconf 89' lang='grc'><strong>·</strong></span> <span class='ocrx_word' id='word_1_630' title='bbox 1667 4497 1756 4544; x_wconf 88' lang='grc' dir='ltr'>καὶ</span> <span class='ocrx_word' id='word_1_631' title='bbox 1787 4491 1864 4543; x_wconf 78' lang='grc' dir='ltr'>ἐκ·</span> 
     </span>
    </p>
   </div>
   <div class='ocr_carea' id='block_1_84' title="bbox 275 4577 1862 4656">
    <p class='ocr_par' dir='ltr' id='par_1_84' title="bbox 275 4577 1862 4656">
     <span class='ocr_line' id='line_1_85' title="bbox 275 4577 1862 4656; baseline -0.002 -19"><span class='ocrx_word' id='word_1_632' title='bbox 275 4591 438 4644; x_wconf 88' lang='grc' dir='ltr'>τείνας</span> <span class='ocrx_word' id='word_1_633' title='bbox 467 4587 552 4635; x_wconf 87' lang='grc' dir='ltr'>τόν</span> <span class='ocrx_word' id='word_1_634' title='bbox 601 4583 782 4634; x_wconf 68' lang='grc' dir='ltr'>ἑαυτοῦ</span> <span class='ocrx_word' id='word_1_635' title='bbox 814 4580 1101 4656; x_wconf 86' lang='grc' dir='ltr'>τράχηλον,</span> <span class='ocrx_word' id='word_1_636' title='bbox 1155 4577 1289 4632; x_wconf 85' lang='grc' dir='ltr'>εἶπεν</span> <span class='ocrx_word' id='word_1_637' title='bbox 1334 4588 1405 4650; x_wconf 85' lang='grc' dir='ltr'>τῷ</span> <span class='ocrx_word' id='word_1_638' title='bbox 1453 4581 1862 4655; x_wconf 84' lang='grc' dir='ltr'>σπεκουλάτορι·</span> 
     </span>
    </p>
   </div>
   <div class='ocr_carea' id='block_1_85' title="bbox 279 4669 1868 4746">
    <p class='ocr_par' dir='ltr' id='par_1_85' title="bbox 279 4669 1868 4746">
     <span class='ocr_line' id='line_1_86' title="bbox 279 4669 1868 4746; baseline -0.003 -19"><span class='ocrx_word' id='word_1_639' title='bbox 279 4679 422 4728; x_wconf 89' lang='grc' dir='ltr'>Ποίει</span> <span class='ocrx_word' id='word_1_640' title='bbox 469 4676 525 4724; x_wconf 89' lang='grc' dir='ltr'>τό</span> <span class='ocrx_word' id='word_1_641' title='bbox 582 4673 916 4746; x_wconf 80' lang='grc' dir='ltr'>προσταχθέν</span> <span class='ocrx_word' id='word_1_642' title='bbox 969 4689 1070 4722; x_wconf 93' lang='grc' dir='ltr'>σοι.</span> <span class='ocrx_word' id='word_1_643' title='bbox 1113 4676 1238 4722; x_wconf 89' lang='grc' dir='ltr'>Τότε</span> <span class='ocrx_word' id='word_1_644' title='bbox 1269 4671 1294 4721; x_wconf 93' lang='lat'>6</span> <span class='ocrx_word' id='word_1_645' title='bbox 1323 4669 1685 4746; x_wconf 77' lang='grc' dir='ltr'>σπεκουλάτωρ</span> <span class='ocrx_word' id='word_1_646' title='bbox 1717 4675 1868 4744; x_wconf 88' lang='grc' dir='ltr'>κρού-</span> 
     </span>
    </p>
   </div>
   <div class='ocr_carea' id='block_1_86' title="bbox 282 4757 1868 4832">
    <p class='ocr_par' dir='ltr' id='par_1_86' title="bbox 282 4757 1868 4832">
     <span class='ocr_line' id='line_1_87' title="bbox 282 4757 1868 4832; baseline -0.001 -18"><span class='ocrx_word' id='word_1_647' title='bbox 282 4783 379 4823; x_wconf 89' lang='grc' dir='ltr'>σας</span> <span class='ocrx_word' id='word_1_648' title='bbox 420 4761 573 4814; x_wconf 69' lang='grc' dir='ltr'>αύτόδ</span> <span class='ocrx_word' id='word_1_649' title='bbox 620 4769 691 4830; x_wconf 83' lang='grc' dir='ltr'>τῷ</span> <span class='ocrx_word' id='word_1_650' title='bbox 738 4759 890 4832; x_wconf 73' lang='grc' dir='ltr'>ξίφει,</span> <span class='ocrx_word' id='word_1_651' title='bbox 933 4757 1176 4831; x_wconf 85' lang='grc' dir='ltr'>ἀπέτεμεν</span> <span class='ocrx_word' id='word_1_652' title='bbox 1223 4758 1381 4810; x_wconf 80' lang='grc' dir='ltr'>αύτού</span> <span class='ocrx_word' id='word_1_653' title='bbox 1409 4763 1501 4816; x_wconf 73' lang='grc' dir='ltr'>τὴν</span> <span class='ocrx_word' id='word_1_654' title='bbox 1530 4760 1749 4831; x_wconf 80' lang='grc' dir='ltr'>κεφαλὴν</span> <span class='ocrx_word' id='word_1_655' title='bbox 1780 4767 1868 4814; x_wconf 89' lang='grc' dir='ltr'>καὶ</span> 
     </span>
    </p>
   </div>
   <div class='ocr_carea' id='block_1_87' title="bbox 278 4845 1868 4926">
    <p class='ocr_par' dir='ltr' id='par_1_87' title="bbox 278 4845 1868 4926">
     <span class='ocr_line' id='line_1_88' title="bbox 278 4845 1868 4926; baseline -0.003 -20"><span class='ocrx_word' id='word_1_656' title='bbox 278 4847 569 4926; x_wconf 78' lang='grc' dir='ltr'>πορέδωκεν</span> <span class='ocrx_word' id='word_1_657' title='bbox 600 4852 656 4900; x_wconf 89' lang='grc' dir='ltr'>τό</span> <span class='ocrx_word' id='word_1_658' title='bbox 686 4856 888 4920; x_wconf 75' lang='grc' dir='ltr'>πνεῦμα</span> <span class='ocrx_word' id='word_1_659' title='bbox 927 4848 1084 4900; x_wconf 73' lang='grc' dir='ltr'>αὐτοῦ</span> <span class='ocrx_word' id='word_1_660' title='bbox 1116 4856 1188 4919; x_wconf 83' lang='grc' dir='ltr'>τῷ</span> <span class='ocrx_word' id='word_1_661' title='bbox 1232 4853 1425 4921; x_wconf 80' lang='grc' dir='ltr'>Κυρίῳ.</span> <span class='ocrx_word' id='word_1_662' title='bbox 1459 4851 1527 4900; x_wconf 90' lang='grc' dir='ltr'>Τὸ</span> <span class='ocrx_word' id='word_1_663' title='bbox 1555 4845 1612 4900; x_wconf 74' lang='grc' dir='ltr'>δε</span> <span class='ocrx_word' id='word_1_664' title='bbox 1633 4849 1868 4920; x_wconf 85' lang='grc' dir='ltr'>λείψανον</span> 
     </span>
    </p>
   </div>
   <div class='ocr_carea' id='block_1_88' title="bbox 281 4935 1871 5011">
    <p class='ocr_par' dir='ltr' id='par_1_88' title="bbox 281 4935 1871 5011">
     <span class='ocr_line' id='line_1_89' title="bbox 281 4935 1871 5011; baseline -0.001 -18"><span class='ocrx_word' id='word_1_665' title='bbox 281 4948 371 4994; x_wconf 86' lang='grc' dir='ltr'>τοῦ</span> <span class='ocrx_word' id='word_1_666' title='bbox 443 4938 594 5010; x_wconf 83' lang='grc' dir='ltr'>ἁγίου</span> <span class='ocrx_word' id='word_1_667' title='bbox 671 4943 758 4989; x_wconf 87' lang='grc' dir='ltr'>καὶ</span> <span class='ocrx_word' id='word_1_668' title='bbox 837 4941 1096 5011; x_wconf 86' lang='grc' dir='ltr'>μακαρίου</span> <span class='ocrx_word' id='word_1_669' title='bbox 1172 4936 1441 4998; x_wconf 88' lang='grc' dir='ltr'>Πλάτωνος</span> <span class='ocrx_word' id='word_1_670' title='bbox 1518 4935 1756 5001; x_wconf 78' lang='grc' dir='ltr'>λαϐόντες</span> <span class='ocrx_word' id='word_1_671' title='bbox 1824 4943 1871 4992; x_wconf 87' lang='grc' dir='ltr'>οἱ</span> 
     </span>
    </p>
   </div>
   <div class='ocr_carea' id='block_1_89' title="bbox 281 5025 1867 5102">
    <p class='ocr_par' dir='ltr' id='par_1_89' title="bbox 281 5025 1867 5102">
     <span class='ocr_line' id='line_1_90' title="bbox 281 5025 1867 5102; baseline 0 -20"><span class='ocrx_word' id='word_1_672' title='bbox 281 5032 592 5102; x_wconf 82' lang='grc' dir='ltr'>Χριστιανοὶ</span> <span class='ocrx_word' id='word_1_673' title='bbox 648 5028 916 5078; x_wconf 86' lang='grc' dir='ltr'>κατέθεντο</span> <span class='ocrx_word' id='word_1_674' title='bbox 961 5026 1010 5078; x_wconf 76' lang='grc' dir='ltr'>ἓν</span> <span class='ocrx_word' id='word_1_675' title='bbox 1059 5035 1126 5096; x_wconf 83' lang='grc' dir='ltr'>τῷ</span> <span class='ocrx_word' id='word_1_676' title='bbox 1172 5025 1309 5097; x_wconf 81' lang='grc' dir='ltr'>αύτῷ</span> <span class='ocrx_word' id='word_1_677' title='bbox 1355 5030 1514 5097; x_wconf 84' lang='grc' dir='ltr'>τόπῳ.</span> <span class='ocrx_word' id='word_1_678' title='bbox 1573 5027 1867 5088; x_wconf 86' lang='grc' dir='ltr'>Ἐτελειωθη</span> 
     </span>
    </p>
   </div>
   <div class='ocr_carea' id='block_1_90' title="bbox 286 5113 1875 5188">
    <p class='ocr_par' dir='ltr' id='par_1_90' title="bbox 286 5113 1875 5188">
     <span class='ocr_line' id='line_1_91' title="bbox 286 5113 1875 5188; baseline 0.001 -20"><span class='ocrx_word' id='word_1_679' title='bbox 286 5115 396 5170; x_wconf 74' lang='grc' dir='ltr'>δεό</span> <span class='ocrx_word' id='word_1_680' title='bbox 439 5116 586 5186; x_wconf 83' lang='grc' dir='ltr'>ἄγιος</span> <span class='ocrx_word' id='word_1_681' title='bbox 635 5116 845 5167; x_wconf 85' lang='grc' dir='ltr'>Πλάτων</span> <span class='ocrx_word' id='word_1_682' title='bbox 891 5119 1014 5186; x_wconf 84' lang='grc' dir='ltr'>μηνὶ</span> <span class='ocrx_word' id='word_1_683' title='bbox 1061 5113 1330 5188; x_wconf 84' lang='grc' dir='ltr'>Νοεμϐρίῳ</span> <span class='ocrx_word' id='word_1_684' title='bbox 1373 5115 1464 5180; x_wconf 85' lang='grc' dir='ltr'>ιη’,</span> <span class='ocrx_word' id='word_1_685' title='bbox 1512 5113 1875 5186; x_wconf 82' lang='grc' dir='ltr'>βασιλεύοντος</span> 
     </span>
    </p>
   </div>
   <div class='ocr_carea' id='block_1_91' title="bbox 285 5201 1874 5278">
    <p class='ocr_par' dir='ltr' id='par_1_91' title="bbox 285 5201 1874 5278">
     <span class='ocr_line' id='line_1_92' title="bbox 285 5201 1874 5278; baseline 0 -20"><span class='ocrx_word' id='word_1_686' title='bbox 285 5214 377 5259; x_wconf 81' lang='grc' dir='ltr'>τοῦ</span> <span class='ocrx_word' id='word_1_687' title='bbox 448 5206 644 5278; x_wconf 88' lang='grc' dir='ltr'>Κυρίου</span> <span class='ocrx_word' id='word_1_688' title='bbox 714 5205 860 5275; x_wconf 83' lang='grc' dir='ltr'>ἡμῶν</span> <span class='ocrx_word' id='word_1_689' title='bbox 914 5203 1090 5259; x_wconf 86' lang='grc' dir='ltr'>Ἰησού</span> <span class='ocrx_word' id='word_1_690' title='bbox 1131 5209 1383 5276; x_wconf 77' lang='grc' dir='ltr'>Χριστοῦ,</span> <span class='ocrx_word' id='word_1_691' title='bbox 1538 5206 1566 5262; x_wconf 76' lang='grc' dir='ltr'><em>ἡ</em></span> <span class='ocrx_word' id='word_1_692' title='bbox 1617 5201 1746 5268; x_wconf 83' lang='grc' dir='ltr'>δόξα</span> <span class='ocrx_word' id='word_1_693' title='bbox 1785 5213 1874 5260; x_wconf 85' lang='grc' dir='ltr'>καὶ</span> 
     </span>
    </p>
   </div>
   <div class='ocr_carea' id='block_1_92' title="bbox 285 5291 1872 5368">
    <p class='ocr_par' dir='ltr' id='par_1_92' title="bbox 285 5291 1872 5368">
     <span class='ocr_line' id='line_1_93' title="bbox 285 5291 1872 5368; baseline 0.002 -21"><span class='ocrx_word' id='word_1_694' title='bbox 285 5299 346 5347; x_wconf 87' lang='grc' dir='ltr'>τὸ</span> <span class='ocrx_word' id='word_1_695' title='bbox 406 5296 594 5368; x_wconf 85' lang='grc' dir='ltr'>κράτος</span> <span class='ocrx_word' id='word_1_696' title='bbox 641 5299 728 5343; x_wconf 86' lang='grc' dir='ltr'>νῦν</span> <span class='ocrx_word' id='word_1_697' title='bbox 790 5296 875 5344; x_wconf 80' lang='grc' dir='ltr'>καὶ</span> <span class='ocrx_word' id='word_1_698' title='bbox 941 5291 1006 5352; x_wconf 88' lang='grc' dir='ltr'>εἰς</span> <span class='ocrx_word' id='word_1_699' title='bbox 1066 5295 1185 5352; x_wconf 86' lang='grc' dir='ltr'>τούς</span> <span class='ocrx_word' id='word_1_700' title='bbox 1237 5291 1427 5353; x_wconf 85' lang='grc' dir='ltr'>αἰῶνας</span> <span class='ocrx_word' id='word_1_701' title='bbox 1490 5301 1590 5345; x_wconf 86' lang='grc' dir='ltr'>τῶν</span> <span class='ocrx_word' id='word_1_702' title='bbox 1655 5297 1872 5352; x_wconf 83' lang='grc' dir='ltr'>αἰώνων.</span> 
     </span>
    </p>
   </div>
   <div class='ocr_carea' id='block_1_93' title="bbox 291 5385 478 5456">
    <p class='ocr_par' dir='ltr' id='par_1_93' title="bbox 291 5385 478 5456">
     <span class='ocr_line' id='line_1_94' title="bbox 291 5385 478 5456; baseline -0.011 -20"><span class='ocrx_word' id='word_1_703' title='bbox 291 5385 478 5456; x_wconf 88' lang='grc' dir='ltr'>Ἀμήν.</span> 
     </span>
    </p>
   </div>
   <div class='ocr_carea' id='block_1_94' title="bbox 363 5503 1292 5571">
    <p class='ocr_par' dir='ltr' id='par_1_94' title="bbox 363 5503 1292 5571">
     <span class='ocr_line' id='line_1_95' title="bbox 363 5503 1292 5571; baseline -0.002 -9"><span class='ocrx_word' id='word_1_704' title='bbox 363 5508 409 5543; x_wconf 78' lang='grc'>¹⁸</span> <span class='ocrx_word' id='word_1_705' title='bbox 441 5507 606 5562; x_wconf 91' lang='lat' dir='ltr'>Deut.</span> <span class='ocrx_word' id='word_1_706' title='bbox 639 5519 757 5571; x_wconf 84' lang='lat' dir='ltr'>vm,</span> <span class='ocrx_word' id='word_1_707' title='bbox 791 5509 819 5560; x_wconf 91' lang='lat'>3</span> <span class='ocrx_word' id='word_1_708' title='bbox 856 5519 870 5571; x_wconf 93' lang='lat'>;</span> <span class='ocrx_word' id='word_1_709' title='bbox 905 5503 1100 5561; x_wconf 84' lang='lat' dir='ltr'>Matth.</span> <span class='ocrx_word' id='word_1_710' title='bbox 1130 5516 1208 5570; x_wconf 88' lang='lat' dir='ltr'>1v,</span> <span class='ocrx_word' id='word_1_711' title='bbox 1240 5507 1292 5560; x_wconf 80' lang='grc'>4.</span> 
     </span>
    </p>
   </div>
   <div class='ocr_carea' id='block_1_95' title="bbox 293 5577 988 5648">
    <p class='ocr_par' dir='ltr' id='par_1_95' title="bbox 293 5577 988 5648">
     <span class='ocr_line' id='line_1_96' title="bbox 293 5577 988 5648; baseline -0.009 -12"><span class='ocrx_word' id='word_1_712' title='bbox 293 5579 383 5646; x_wconf 73' lang='grc'>34,</span> <span class='ocrx_word' id='word_1_713' title='bbox 460 5579 507 5613; x_wconf 78' lang='grc'>²²</span> <span class='ocrx_word' id='word_1_714' title='bbox 540 5577 798 5648; x_wconf 82' lang='lat' dir='ltr'>Philipp.</span> <span class='ocrx_word' id='word_1_715' title='bbox 827 5591 866 5640; x_wconf 84' lang='grc' dir='ltr'>ι,</span> <span class='ocrx_word' id='word_1_716' title='bbox 896 5577 953 5630; x_wconf 81' lang='lat' dir='ltr'>2i</span> <span class='ocrx_word' id='word_1_717' title='bbox 975 5615 988 5630; x_wconf 94' lang='lat'>.</span> 
     </span>
    </p>
   </div>
   <div class='ocr_carea' id='block_1_96' title="bbox 689 5681 1278 5741">
    <p class='ocr_par' dir='ltr' id='par_1_96' title="bbox 689 5681 1278 5741">
     <span class='ocr_line' id='line_1_97' title="bbox 689 5681 1278 5741; baseline 0.005 -3"><span class='ocrx_word' id='word_1_718' title='bbox 689 5681 926 5738; x_wconf 57' lang='lat' dir='ltr'>Parnm“</span> <span class='ocrx_word' id='word_1_719' title='bbox 970 5682 1069 5736; x_wconf 78' lang='lat' dir='ltr'>Ca.</span> <span class='ocrx_word' id='word_1_720' title='bbox 1111 5681 1278 5741; x_wconf 84' lang='lat' dir='ltr'>CXV.</span> 
     </span>
    </p>
   </div>
   <div class='ocr_carea' id='block_1_97' title="bbox 1373 5505 2294 5583">
    <p class='ocr_par' dir='ltr' id='par_1_97' title="bbox 1373 5505 2294 5583">
     <span class='ocr_line' id='line_1_98' title="bbox 1373 5505 2294 5583; baseline -0.001 -23"><span class='ocrx_word' id='word_1_721' title='bbox 1373 5506 1418 5541; x_wconf 82' lang='grc'>¹⁹</span> <span class='ocrx_word' id='word_1_722' title='bbox 1454 5505 1679 5564; x_wconf 87' lang='lat' dir='ltr'>Habac.</span> <span class='ocrx_word' id='word_1_723' title='bbox 1709 5510 2072 5583; x_wconf 66' lang='lat' dir='ltr'>11,4;Hebr.</span> <span class='ocrx_word' id='word_1_724' title='bbox 2116 5523 2170 5574; x_wconf 71' lang='grc' dir='ltr'>Χ,</span> <span class='ocrx_word' id='word_1_725' title='bbox 2208 5506 2294 5559; x_wconf 82' lang='grc'>38.</span> 
     </span>
    </p>
   </div>
   <div class='ocr_carea' id='block_1_98' title="bbox 2037 3242 3601 3320">
    <p class='ocr_par' dir='ltr' id='par_1_98' title="bbox 2037 3242 3601 3320">
     <span class='ocr_line' id='line_1_99' title="bbox 2037 3242 3601 3320; baseline 0.003 -22"><span class='ocrx_word' id='word_1_726' title='bbox 2037 3246 2141 3298; x_wconf 84' lang='lat' dir='ltr'>XX.</span> <span class='ocrx_word' id='word_1_727' title='bbox 2173 3246 2303 3299; x_wconf 88' lang='lat' dir='ltr'>Post</span> <span class='ocrx_word' id='word_1_728' title='bbox 2341 3242 2466 3298; x_wconf 93' lang='lat' dir='ltr'>dies</span> <span class='ocrx_word' id='word_1_729' title='bbox 2491 3248 2688 3298; x_wconf 90' lang='lat' dir='ltr'>autem</span> <span class='ocrx_word' id='word_1_730' title='bbox 2715 3244 2940 3316; x_wconf 89' lang='lat' dir='ltr'>aliquot</span> <span class='ocrx_word' id='word_1_731' title='bbox 2970 3246 3296 3316; x_wconf 64' lang='lat' dir='ltr'>praesidens</span> <span class='ocrx_word' id='word_1_732' title='bbox 3325 3247 3601 3320; x_wconf 84' lang='lat' dir='ltr'>Agrippi-</span> 
     </span>
    </p>
   </div>
   <div class='ocr_carea' id='block_1_99' title="bbox 1962 3332 3601 3407">
    <p class='ocr_par' dir='ltr' id='par_1_99' title="bbox 1962 3332 3601 3407">
     <span class='ocr_line' id='line_1_100' title="bbox 1962 3332 3601 3407; baseline 0.002 -19"><span class='ocrx_word' id='word_1_733' title='bbox 1962 3349 2074 3389; x_wconf 88' lang='lat' dir='ltr'>nus</span> <span class='ocrx_word' id='word_1_734' title='bbox 2103 3333 2164 3388; x_wconf 91' lang='lat' dir='ltr'>in</span> <span class='ocrx_word' id='word_1_735' title='bbox 2187 3332 2458 3402; x_wconf 89' lang='lat' dir='ltr'>basilica,</span> <span class='ocrx_word' id='word_1_736' title='bbox 2476 3332 2652 3402; x_wconf 90' lang='lat' dir='ltr'>jussit</span> <span class='ocrx_word' id='word_1_737' title='bbox 2671 3339 2943 3388; x_wconf 90' lang='lat' dir='ltr'>sanctum</span> <span class='ocrx_word' id='word_1_738' title='bbox 2963 3333 3270 3390; x_wconf 91' lang='lat' dir='ltr'>Platonem</span> <span class='ocrx_word' id='word_1_739' title='bbox 3301 3337 3380 3391; x_wconf 91' lang='lat' dir='ltr'>ad</span> <span class='ocrx_word' id='word_1_740' title='bbox 3400 3338 3601 3407; x_wconf 89' lang='lat' dir='ltr'>ipsum</span> 
     </span>
    </p>
   </div>
   <div class='ocr_carea' id='block_1_100' title="bbox 1962 3421 3601 3489">
    <p class='ocr_par' dir='ltr' id='par_1_100' title="bbox 1962 3421 3601 3489">
     <span class='ocr_line' id='line_1_101' title="bbox 1962 3421 3601 3489; baseline 0.001 -11"><span class='ocrx_word' id='word_1_741' title='bbox 1962 3423 2102 3478; x_wconf 88' lang='lat' dir='ltr'>duci</span> <span class='ocrx_word' id='word_1_742' title='bbox 2131 3439 2162 3478; x_wconf 92' lang='lat' dir='ltr'>e</span> <span class='ocrx_word' id='word_1_743' title='bbox 2193 3421 2480 3478; x_wconf 90' lang='lat' dir='ltr'>custodia.</span> <span class='ocrx_word' id='word_1_744' title='bbox 2506 3423 2651 3476; x_wconf 90' lang='lat' dir='ltr'>Cum</span> <span class='ocrx_word' id='word_1_745' title='bbox 2678 3427 2878 3476; x_wconf 89' lang='lat' dir='ltr'>autem</span> <span class='ocrx_word' id='word_1_746' title='bbox 2901 3423 3116 3477; x_wconf 91' lang='lat' dir='ltr'>ductus</span> <span class='ocrx_word' id='word_1_747' title='bbox 3131 3429 3306 3489; x_wconf 89' lang='lat' dir='ltr'>esset,</span> <span class='ocrx_word' id='word_1_748' title='bbox 3331 3424 3474 3480; x_wconf 91' lang='lat' dir='ltr'>dicit</span> <span class='ocrx_word' id='word_1_749' title='bbox 3501 3426 3552 3480; x_wconf 88' lang='lat' dir='ltr'>ei</span> <span class='ocrx_word' id='word_1_750' title='bbox 3585 3440 3601 3480; x_wconf 87' lang='lat'><strong>:</strong></span> 
     </span>
    </p>
   </div>
   <div class='ocr_carea' id='block_1_101' title="bbox 1963 3510 3596 3582">
    <p class='ocr_par' dir='ltr' id='par_1_101' title="bbox 1963 3510 3596 3582">
     <span class='ocr_line' id='line_1_102' title="bbox 1963 3510 3596 3582; baseline 0.003 -18"><span class='ocrx_word' id='word_1_751' title='bbox 1963 3520 2102 3567; x_wconf 86' lang='lat' dir='ltr'>Pare</span> <span class='ocrx_word' id='word_1_752' title='bbox 2131 3510 2272 3566; x_wconf 90' lang='lat' dir='ltr'>mihi</span> <span class='ocrx_word' id='word_1_753' title='bbox 2304 3510 2379 3565; x_wconf 91' lang='lat' dir='ltr'>de</span> <span class='ocrx_word' id='word_1_754' title='bbox 2405 3515 2638 3574; x_wconf 71' lang='lat' dir='ltr'>caetero,</span> <span class='ocrx_word' id='word_1_755' title='bbox 2670 3515 2727 3565; x_wconf 94' lang='lat' dir='ltr'>et</span> <span class='ocrx_word' id='word_1_756' title='bbox 2772 3510 2884 3565; x_wconf 91' lang='lat' dir='ltr'>diis</span> <span class='ocrx_word' id='word_1_757' title='bbox 2925 3511 3212 3576; x_wconf 87' lang='lat' dir='ltr'>sacriﬁca,</span> <span class='ocrx_word' id='word_1_758' title='bbox 3248 3519 3304 3567; x_wconf 94' lang='lat' dir='ltr'>et</span> <span class='ocrx_word' id='word_1_759' title='bbox 3344 3513 3596 3582; x_wconf 89' lang='lat' dir='ltr'>lucrare,</span> 
     </span>
    </p>
   </div>
   <div class='ocr_carea' id='block_1_102' title="bbox 1963 3598 3606 3658">
    <p class='ocr_par' dir='ltr' id='par_1_102' title="bbox 1963 3598 3606 3658">
     <span class='ocr_line' id='line_1_103' title="bbox 1963 3598 3606 3658; baseline 0.002 -3"><span class='ocrx_word' id='word_1_760' title='bbox 1963 3617 2034 3656; x_wconf 90' lang='lat' dir='ltr'>ne</span> <span class='ocrx_word' id='word_1_761' title='bbox 2066 3600 2218 3655; x_wconf 92' lang='lat' dir='ltr'>male</span> <span class='ocrx_word' id='word_1_762' title='bbox 2250 3598 2541 3654; x_wconf 87' lang='lat' dir='ltr'>moriaris.</span> <span class='ocrx_word' id='word_1_763' title='bbox 2605 3599 2752 3655; x_wconf 82' lang='lat' dir='ltr'>Dixit</span> <span class='ocrx_word' id='word_1_764' title='bbox 2807 3604 3045 3656; x_wconf 88' lang='lat' dir='ltr'>sanctus</span> <span class='ocrx_word' id='word_1_765' title='bbox 3094 3600 3294 3656; x_wconf 90' lang='lat' dir='ltr'>Plato:</span> <span class='ocrx_word' id='word_1_766' title='bbox 3353 3602 3487 3658; x_wconf 87' lang='lat' dir='ltr'>Mihi</span> <span class='ocrx_word' id='word_1_767' title='bbox 3527 3603 3606 3658; x_wconf 89' lang='lat' dir='ltr'>vi-</span> 
     </span>
    </p>
   </div>
   <div class='ocr_carea' id='block_1_103' title="bbox 1962 3688 3606 3760">
    <p class='ocr_par' dir='ltr' id='par_1_103' title="bbox 1962 3688 3606 3760">
     <span class='ocr_line' id='line_1_104' title="bbox 1962 3688 3606 3760; baseline 0.001 -15"><span class='ocrx_word' id='word_1_768' title='bbox 1962 3705 2118 3755; x_wconf 86' lang='lat' dir='ltr'>vere,</span> <span class='ocrx_word' id='word_1_769' title='bbox 2153 3689 2413 3745; x_wconf 84' lang='lat' dir='ltr'>Christus</span> <span class='ocrx_word' id='word_1_770' title='bbox 2448 3705 2459 3742; x_wconf 92' lang='lat'><strong>:</strong></span> <span class='ocrx_word' id='word_1_771' title='bbox 2503 3693 2558 3743; x_wconf 91' lang='lat' dir='ltr'>et</span> <span class='ocrx_word' id='word_1_772' title='bbox 2596 3703 2702 3758; x_wconf 92' lang='lat' dir='ltr'>pro</span> <span class='ocrx_word' id='word_1_773' title='bbox 2733 3688 2864 3760; x_wconf 93' lang='lat' dir='ltr'>ipso</span> <span class='ocrx_word' id='word_1_774' title='bbox 2895 3690 3065 3755; x_wconf 90' lang='lat' dir='ltr'>mori,</span> <span class='ocrx_word' id='word_1_775' title='bbox 3109 3695 3164 3745; x_wconf 89' lang='lat' dir='ltr'>et</span> <span class='ocrx_word' id='word_1_776' title='bbox 3200 3689 3434 3745; x_wconf 90' lang='lat' dir='ltr'>lucrum</span> <span class='ocrx_word' id='word_1_777' title='bbox 3460 3693 3507 3726; x_wconf 87' lang='grc'>²²</span> <span class='ocrx_word' id='word_1_778' title='bbox 3549 3697 3606 3748; x_wconf 93' lang='lat' dir='ltr'>et</span> 
     </span>
    </p>
   </div>
   <div class='ocr_carea' id='block_1_104' title="bbox 1964 3776 3602 3849">
    <p class='ocr_par' dir='ltr' id='par_1_104' title="bbox 1964 3776 3602 3849">
     <span class='ocr_line' id='line_1_105' title="bbox 1964 3776 3602 3849; baseline 0.002 -16"><span class='ocrx_word' id='word_1_779' title='bbox 1964 3778 2170 3848; x_wconf 89' lang='lat' dir='ltr'>gloria.</span> <span class='ocrx_word' id='word_1_780' title='bbox 2207 3780 2317 3834; x_wconf 83' lang='lat' dir='ltr'>Fac</span> <span class='ocrx_word' id='word_1_781' title='bbox 2347 3791 2488 3846; x_wconf 92' lang='lat' dir='ltr'>ergo</span> <span class='ocrx_word' id='word_1_782' title='bbox 2518 3776 2663 3832; x_wconf 93' lang='lat' dir='ltr'>mihi</span> <span class='ocrx_word' id='word_1_783' title='bbox 2693 3778 2828 3845; x_wconf 92' lang='lat' dir='ltr'>cito,</span> <span class='ocrx_word' id='word_1_784' title='bbox 2877 3778 3044 3849; x_wconf 92' lang='lat' dir='ltr'>quod</span> <span class='ocrx_word' id='word_1_785' title='bbox 3088 3778 3243 3843; x_wconf 88' lang='lat' dir='ltr'>velis,</span> <span class='ocrx_word' id='word_1_786' title='bbox 3279 3795 3390 3849; x_wconf 92' lang='lat' dir='ltr'>ego</span> <span class='ocrx_word' id='word_1_787' title='bbox 3441 3781 3602 3837; x_wconf 92' lang='lat' dir='ltr'>enim</span> 
     </span>
    </p>
   </div>
   <div class='ocr_carea' id='block_1_105' title="bbox 1963 3865 3605 3940">
    <p class='ocr_par' dir='ltr' id='par_1_105' title="bbox 1963 3865 3605 3940">
     <span class='ocr_line' id='line_1_106' title="bbox 1963 3865 3605 3940; baseline 0.001 -16"><span class='ocrx_word' id='word_1_788' title='bbox 1963 3884 2276 3940; x_wconf 89' lang='lat' dir='ltr'>nunquam</span> <span class='ocrx_word' id='word_1_789' title='bbox 2318 3865 2670 3922; x_wconf 88' lang='lat' dir='ltr'>sacriﬁcabo</span> <span class='ocrx_word' id='word_1_790' title='bbox 2709 3866 3046 3922; x_wconf 90' lang='lat' dir='ltr'>simulacris</span> <span class='ocrx_word' id='word_1_791' title='bbox 3097 3867 3400 3923; x_wconf 87' lang='lat' dir='ltr'>inanimis.</span> <span class='ocrx_word' id='word_1_792' title='bbox 3443 3871 3605 3925; x_wconf 88' lang='lat' dir='ltr'>Tunc</span> 
     </span>
    </p>
   </div>
   <div class='ocr_carea' id='block_1_106' title="bbox 1963 3955 3604 4028">
    <p class='ocr_par' dir='ltr' id='par_1_106' title="bbox 1963 3955 3604 4028">
     <span class='ocr_line' id='line_1_107' title="bbox 1963 3955 3604 4028; baseline -0.001 -14"><span class='ocrx_word' id='word_1_793' title='bbox 1963 3975 2102 4014; x_wconf 91' lang='lat' dir='ltr'>cum</span> <span class='ocrx_word' id='word_1_794' title='bbox 2124 3956 2364 4012; x_wconf 90' lang='lat' dir='ltr'>vidisset</span> <span class='ocrx_word' id='word_1_795' title='bbox 2385 3955 2751 4028; x_wconf 86' lang='lat' dir='ltr'>Agrippinus</span> <span class='ocrx_word' id='word_1_796' title='bbox 2775 3955 2955 4011; x_wconf 84' lang='lat' dir='ltr'>ﬁdem</span> <span class='ocrx_word' id='word_1_797' title='bbox 2983 3956 3114 4027; x_wconf 90' lang='lat' dir='ltr'>ejus</span> <span class='ocrx_word' id='word_1_798' title='bbox 3141 3957 3604 4024; x_wconf 90' lang='lat' dir='ltr'>immutabilem,</span> 
     </span>
    </p>
   </div>
   <div class='ocr_carea' id='block_1_107' title="bbox 1967 4044 3606 4115">
    <p class='ocr_par' dir='ltr' id='par_1_107' title="bbox 1967 4044 3606 4115">
     <span class='ocr_line' id='line_1_108' title="bbox 1967 4044 3606 4115; baseline -0.001 -12"><span class='ocrx_word' id='word_1_799' title='bbox 1967 4048 2092 4103; x_wconf 91' lang='lat' dir='ltr'>tulit</span> <span class='ocrx_word' id='word_1_800' title='bbox 2115 4048 2176 4101; x_wconf 90' lang='lat' dir='ltr'>in</span> <span class='ocrx_word' id='word_1_801' title='bbox 2202 4062 2339 4100; x_wconf 86' lang='lat' dir='ltr'>eum</span> <span class='ocrx_word' id='word_1_802' title='bbox 2373 4044 2744 4107; x_wconf 85' lang='lat' dir='ltr'>sententiam,</span> <span class='ocrx_word' id='word_1_803' title='bbox 2781 4052 2842 4098; x_wconf 93' lang='lat' dir='ltr'>ut</span> <span class='ocrx_word' id='word_1_804' title='bbox 2865 4049 3046 4115; x_wconf 89' lang='lat' dir='ltr'>caput</span> <span class='ocrx_word' id='word_1_805' title='bbox 3091 4045 3142 4098; x_wconf 91' lang='lat' dir='ltr'>ei</span> <span class='ocrx_word' id='word_1_806' title='bbox 3173 4051 3606 4115; x_wconf 86' lang='lat' dir='ltr'>amputaretur.</span> 
     </span>
    </p>
   </div>
   <div class='ocr_carea' id='block_1_108' title="bbox 1967 4131 3612 4201">
    <p class='ocr_par' dir='ltr' id='par_1_108' title="bbox 1967 4131 3612 4201">
     <span class='ocr_line' id='line_1_109' title="bbox 1967 4131 3612 4201; baseline -0.001 -11"><span class='ocrx_word' id='word_1_807' title='bbox 1967 4135 2115 4190; x_wconf 91' lang='lat' dir='ltr'>Cum</span> <span class='ocrx_word' id='word_1_808' title='bbox 2145 4148 2286 4201; x_wconf 88' lang='lat' dir='ltr'>ergo</span> <span class='ocrx_word' id='word_1_809' title='bbox 2312 4148 2448 4184; x_wconf 87' lang='lat' dir='ltr'>eum</span> <span class='ocrx_word' id='word_1_810' title='bbox 2475 4131 2845 4200; x_wconf 87' lang='lat' dir='ltr'>accepissent</span> <span class='ocrx_word' id='word_1_811' title='bbox 2922 4131 3175 4195; x_wconf 86' lang='lat' dir='ltr'>lictores,</span> <span class='ocrx_word' id='word_1_812' title='bbox 3233 4132 3612 4189; x_wconf 85' lang='lat' dir='ltr'>abduxerunt</span> 
     </span>
    </p>
   </div>
   <div class='ocr_carea' id='block_1_109' title="bbox 1968 4217 3608 4290">
    <p class='ocr_par' dir='ltr' id='par_1_109' title="bbox 1968 4217 3608 4290">
     <span class='ocr_line' id='line_1_110' title="bbox 1968 4217 3608 4290; baseline -0.001 -13"><span class='ocrx_word' id='word_1_813' title='bbox 1968 4229 2132 4277; x_wconf 86' lang='lat' dir='ltr'>extra</span> <span class='ocrx_word' id='word_1_814' title='bbox 2152 4219 2442 4273; x_wconf 86' lang='lat' dir='ltr'>civitatem</span> <span class='ocrx_word' id='word_1_815' title='bbox 2475 4217 2535 4271; x_wconf 88' lang='lat' dir='ltr'>in</span> <span class='ocrx_word' id='word_1_816' title='bbox 2560 4218 2709 4287; x_wconf 89' lang='lat' dir='ltr'>loco,</span> <span class='ocrx_word' id='word_1_817' title='bbox 2735 4219 2837 4288; x_wconf 90' lang='lat' dir='ltr'>qui</span> <span class='ocrx_word' id='word_1_818' title='bbox 2859 4225 3105 4273; x_wconf 88' lang='lat' dir='ltr'>vocatur</span> <span class='ocrx_word' id='word_1_819' title='bbox 3123 4218 3404 4290; x_wconf 82' lang='lat' dir='ltr'>Campus.</span> <span class='ocrx_word' id='word_1_820' title='bbox 3437 4224 3608 4278; x_wconf 88' lang='lat' dir='ltr'>Stans</span> 
     </span>
    </p>
   </div>
   <div class='ocr_carea' id='block_1_110' title="bbox 1970 4307 3611 4378">
    <p class='ocr_par' dir='ltr' id='par_1_110' title="bbox 1970 4307 3611 4378">
     <span class='ocr_line' id='line_1_111' title="bbox 1970 4307 3611 4378; baseline 0 -13"><span class='ocrx_word' id='word_1_821' title='bbox 1970 4315 2168 4365; x_wconf 88' lang='lat' dir='ltr'>autem</span> <span class='ocrx_word' id='word_1_822' title='bbox 2193 4311 2432 4362; x_wconf 89' lang='lat' dir='ltr'>sanctus</span> <span class='ocrx_word' id='word_1_823' title='bbox 2460 4310 2705 4376; x_wconf 87' lang='lat' dir='ltr'>martyr,</span> <span class='ocrx_word' id='word_1_824' title='bbox 2738 4307 2972 4374; x_wconf 86' lang='lat' dir='ltr'>rogavit</span> <span class='ocrx_word' id='word_1_825' title='bbox 3003 4307 3445 4378; x_wconf 89' lang='lat' dir='ltr'>spiculatorem,</span> <span class='ocrx_word' id='word_1_826' title='bbox 3475 4314 3539 4365; x_wconf 90' lang='lat' dir='ltr'>ut</span> <span class='ocrx_word' id='word_1_827' title='bbox 3556 4309 3611 4364; x_wconf 91' lang='lat' dir='ltr'>ei</span> 
     </span>
    </p>
   </div>
   <div class='ocr_carea' id='block_1_111' title="bbox 1501 4393 3613 4494">
    <p class='ocr_par' dir='ltr' id='par_1_111' title="bbox 1501 4393 3613 4494">
     <span class='ocr_line' id='line_1_112' title="bbox 1501 4393 3613 4494; baseline -0.001 -40"><span class='ocrx_word' id='word_1_828' title='bbox 1501 4406 1655 4476; x_wconf 83' lang='grc' dir='ltr'>Κύριε</span> <span class='ocrx_word' id='word_1_829' title='bbox 1684 4405 1861 4460; x_wconf 80' lang='grc' dir='ltr'>Ἰησοῦ</span> <span class='ocrx_word' id='word_1_830' title='bbox 1893 4437 1941 4494; x_wconf 78' lang='lat' dir='ltr'><strong>D</strong></span> <span class='ocrx_word' id='word_1_831' title='bbox 1970 4413 2184 4472; x_wconf 90' lang='lat' dir='ltr'>parum</span> <span class='ocrx_word' id='word_1_832' title='bbox 2211 4394 2386 4467; x_wconf 89' lang='lat' dir='ltr'>spatii</span> <span class='ocrx_word' id='word_1_833' title='bbox 2411 4393 2759 4450; x_wconf 86' lang='lat' dir='ltr'>concederet</span> <span class='ocrx_word' id='word_1_834' title='bbox 2789 4394 2861 4450; x_wconf 89' lang='lat' dir='ltr'>ad</span> <span class='ocrx_word' id='word_1_835' title='bbox 2886 4395 3202 4450; x_wconf 89' lang='lat' dir='ltr'>orandum.</span> <span class='ocrx_word' id='word_1_836' title='bbox 3232 4396 3613 4462; x_wconf 86' lang='lat' dir='ltr'>Quisublatis</span> 
     </span>
    </p>
   </div>
   <div class='ocr_carea' id='block_1_112' title="bbox 1971 4483 3615 4556">
    <p class='ocr_par' dir='ltr' id='par_1_112' title="bbox 1971 4483 3615 4556">
     <span class='ocr_line' id='line_1_113' title="bbox 1971 4483 3615 4556; baseline 0.001 -14"><span class='ocrx_word' id='word_1_837' title='bbox 1971 4487 2030 4543; x_wconf 90' lang='lat' dir='ltr'>in</span> <span class='ocrx_word' id='word_1_838' title='bbox 2052 4486 2265 4542; x_wconf 71' lang='lat' dir='ltr'>caalum</span> <span class='ocrx_word' id='word_1_839' title='bbox 2287 4483 2407 4538; x_wconf 91' lang='lat' dir='ltr'>suis</span> <span class='ocrx_word' id='word_1_840' title='bbox 2427 4483 2642 4548; x_wconf 90' lang='lat' dir='ltr'>oculis,</span> <span class='ocrx_word' id='word_1_841' title='bbox 2661 4483 2975 4538; x_wconf 92' lang='lat' dir='ltr'>Dominum</span> <span class='ocrx_word' id='word_1_842' title='bbox 2994 4485 3202 4548; x_wconf 88' lang='lat' dir='ltr'>oravit,</span> <span class='ocrx_word' id='word_1_843' title='bbox 3224 4485 3464 4541; x_wconf 88' lang='lat' dir='ltr'>dicens:</span> <span class='ocrx_word' id='word_1_844' title='bbox 3490 4491 3615 4556; x_wconf 81' lang='lat' dir='ltr'>Ago</span> 
     </span>
    </p>
   </div>
   <div class='ocr_carea' id='block_1_113' title="bbox 1974 4572 3614 4645">
    <p class='ocr_par' dir='ltr' id='par_1_113' title="bbox 1974 4572 3614 4645">
     <span class='ocr_line' id='line_1_114' title="bbox 1974 4572 3614 4645; baseline -0.001 -13"><span class='ocrx_word' id='word_1_845' title='bbox 1974 4577 2076 4633; x_wconf 90' lang='lat' dir='ltr'>tibi</span> <span class='ocrx_word' id='word_1_846' title='bbox 2107 4574 2346 4644; x_wconf 86' lang='lat' dir='ltr'>gratias,</span> <span class='ocrx_word' id='word_1_847' title='bbox 2380 4572 2624 4628; x_wconf 91' lang='lat' dir='ltr'>Domine</span> <span class='ocrx_word' id='word_1_848' title='bbox 2645 4573 2782 4627; x_wconf 85' lang='lat' dir='ltr'>Jesu</span> <span class='ocrx_word' id='word_1_849' title='bbox 2814 4572 3058 4637; x_wconf 88' lang='lat' dir='ltr'>Christe,</span> <span class='ocrx_word' id='word_1_850' title='bbox 3087 4573 3248 4645; x_wconf 87' lang='lat' dir='ltr'>quod</span> <span class='ocrx_word' id='word_1_851' title='bbox 3281 4579 3488 4630; x_wconf 84' lang='lat' dir='ltr'>sancto</span> <span class='ocrx_word' id='word_1_852' title='bbox 3514 4583 3614 4630; x_wconf 87' lang='lat' dir='ltr'>tuo</span> 
     </span>
    </p>
   </div>
   <div class='ocr_carea' id='block_1_114' title="bbox 1975 4662 3618 4735">
    <p class='ocr_par' dir='ltr' id='par_1_114' title="bbox 1975 4662 3618 4735">
     <span class='ocr_line' id='line_1_115' title="bbox 1975 4662 3618 4735; baseline -0.002 -15"><span class='ocrx_word' id='word_1_853' title='bbox 1975 4665 2218 4722; x_wconf 90' lang='lat' dir='ltr'>nomine</span> <span class='ocrx_word' id='word_1_854' title='bbox 2248 4662 2552 4735; x_wconf 88' lang='lat' dir='ltr'>protexisti</span> <span class='ocrx_word' id='word_1_855' title='bbox 2605 4678 2699 4716; x_wconf 95' lang='lat' dir='ltr'>me</span> <span class='ocrx_word' id='word_1_856' title='bbox 2761 4677 2999 4716; x_wconf 91' lang='lat' dir='ltr'>servum</span> <span class='ocrx_word' id='word_1_857' title='bbox 3054 4669 3239 4726; x_wconf 89' lang='lat' dir='ltr'>tuum,</span> <span class='ocrx_word' id='word_1_858' title='bbox 3303 4669 3356 4718; x_wconf 87' lang='lat' dir='ltr'>et</span> <span class='ocrx_word' id='word_1_859' title='bbox 3406 4663 3618 4719; x_wconf 89' lang='lat' dir='ltr'>dedisti</span> 
     </span>
    </p>
   </div>
   <div class='ocr_carea' id='block_1_115' title="bbox 1978 4750 3621 4824">
    <p class='ocr_par' dir='ltr' id='par_1_115' title="bbox 1978 4750 3621 4824">
     <span class='ocr_line' id='line_1_116' title="bbox 1978 4750 3621 4824; baseline -0.002 -13"><span class='ocrx_word' id='word_1_860' title='bbox 1978 4754 2119 4811; x_wconf 91' lang='lat' dir='ltr'>mihi</span> <span class='ocrx_word' id='word_1_861' title='bbox 2145 4753 2421 4824; x_wconf 87' lang='lat' dir='ltr'>gratiam,</span> <span class='ocrx_word' id='word_1_862' title='bbox 2455 4750 2792 4822; x_wconf 88' lang='lat' dir='ltr'>utperfecte</span> <span class='ocrx_word' id='word_1_863' title='bbox 2823 4766 3066 4805; x_wconf 90' lang='lat' dir='ltr'>cursum</span> <span class='ocrx_word' id='word_1_864' title='bbox 3117 4750 3470 4806; x_wconf 86' lang='lat' dir='ltr'>conﬁcerem</span> <span class='ocrx_word' id='word_1_865' title='bbox 3512 4767 3621 4822; x_wconf 89' lang='lat' dir='ltr'>pro</span> 
     </span>
    </p>
   </div>
   <div class='ocr_carea' id='block_1_116' title="bbox 1979 4839 3622 4913">
    <p class='ocr_par' dir='ltr' id='par_1_116' title="bbox 1979 4839 3622 4913">
     <span class='ocr_line' id='line_1_117' title="bbox 1979 4839 3622 4913; baseline -0.003 -14"><span class='ocrx_word' id='word_1_866' title='bbox 1979 4851 2028 4901; x_wconf 93' lang='lat' dir='ltr'>te</span> <span class='ocrx_word' id='word_1_867' title='bbox 2057 4843 2306 4913; x_wconf 88' lang='lat' dir='ltr'>suscepti</span> <span class='ocrx_word' id='word_1_868' title='bbox 2333 4839 2690 4896; x_wconf 87' lang='lat' dir='ltr'>certaminis.</span> <span class='ocrx_word' id='word_1_869' title='bbox 2754 4841 2815 4893; x_wconf 88' lang='lat' dir='ltr'>Et</span> <span class='ocrx_word' id='word_1_870' title='bbox 2844 4853 3003 4893; x_wconf 91' lang='lat' dir='ltr'>nunc</span> <span class='ocrx_word' id='word_1_871' title='bbox 3061 4853 3206 4908; x_wconf 92' lang='lat' dir='ltr'>rogo</span> <span class='ocrx_word' id='word_1_872' title='bbox 3271 4843 3343 4905; x_wconf 91' lang='lat' dir='ltr'>te,</span> <span class='ocrx_word' id='word_1_873' title='bbox 3386 4841 3622 4911; x_wconf 91' lang='lat' dir='ltr'>suscipe</span> 
     </span>
    </p>
   </div>
   <div class='ocr_carea' id='block_1_117' title="bbox 1976 4926 3625 5004">
    <p class='ocr_par' dir='ltr' id='par_1_117' title="bbox 1976 4926 3625 5004">
     <span class='ocr_line' id='line_1_118' title="bbox 1976 4926 3625 5004; baseline -0.004 -15"><span class='ocrx_word' id='word_1_874' title='bbox 1976 4935 2037 4990; x_wconf 89' lang='lat' dir='ltr'>in</span> <span class='ocrx_word' id='word_1_875' title='bbox 2069 4947 2214 5004; x_wconf 90' lang='lat' dir='ltr'>pace</span> <span class='ocrx_word' id='word_1_876' title='bbox 2235 4931 2496 4986; x_wconf 90' lang='lat' dir='ltr'>animam</span> <span class='ocrx_word' id='word_1_877' title='bbox 2512 4943 2707 4982; x_wconf 91' lang='lat' dir='ltr'>meam</span> <span class='ocrx_word' id='word_1_878' title='bbox 2733 4943 2750 4981; x_wconf 88' lang='lat'><strong>:</strong></span> <span class='ocrx_word' id='word_1_879' title='bbox 2773 4927 3058 4998; x_wconf 90' lang='lat' dir='ltr'>quoniam</span> <span class='ocrx_word' id='word_1_880' title='bbox 3085 4942 3145 4981; x_wconf 89' lang='lat' dir='ltr'>es</span> <span class='ocrx_word' id='word_1_881' title='bbox 3185 4926 3536 4983; x_wconf 89' lang='lat' dir='ltr'>benedictus</span> <span class='ocrx_word' id='word_1_882' title='bbox 3563 4928 3625 4983; x_wconf 89' lang='lat' dir='ltr'>in</span> 
     </span>
    </p>
   </div>
   <div class='ocr_carea' id='block_1_118' title="bbox 1981 5015 3628 5085">
    <p class='ocr_par' dir='ltr' id='par_1_118' title="bbox 1981 5015 3628 5085">
     <span class='ocr_line' id='line_1_119' title="bbox 1981 5015 3628 5085; baseline -0.004 -7"><span class='ocrx_word' id='word_1_883' title='bbox 1981 5020 2222 5085; x_wconf 69' lang='lat' dir='ltr'>saecula,</span> <span class='ocrx_word' id='word_1_884' title='bbox 2247 5020 2453 5074; x_wconf 84' lang='lat' dir='ltr'>Amen.</span> <span class='ocrx_word' id='word_1_885' title='bbox 2483 5019 2642 5072; x_wconf 93' lang='lat' dir='ltr'>Tunc</span> <span class='ocrx_word' id='word_1_886' title='bbox 2670 5033 2803 5071; x_wconf 92' lang='lat' dir='ltr'>cum</span> <span class='ocrx_word' id='word_1_887' title='bbox 2830 5015 3050 5070; x_wconf 90' lang='lat' dir='ltr'>collum</span> <span class='ocrx_word' id='word_1_888' title='bbox 3070 5031 3243 5070; x_wconf 91' lang='lat' dir='ltr'>suum</span> <span class='ocrx_word' id='word_1_889' title='bbox 3267 5016 3628 5073; x_wconf 80' lang='lat' dir='ltr'>extendisset</span> 
     </span>
    </p>
   </div>
   <div class='ocr_carea' id='block_1_119' title="bbox 1981 5104 3628 5180">
    <p class='ocr_par' dir='ltr' id='par_1_119' title="bbox 1981 5104 3628 5180">
     <span class='ocr_line' id='line_1_120' title="bbox 1981 5104 3628 5180; baseline -0.004 -13"><span class='ocrx_word' id='word_1_890' title='bbox 1981 5111 2127 5167; x_wconf 83' lang='lat' dir='ltr'>dixit</span> <span class='ocrx_word' id='word_1_891' title='bbox 2183 5107 2523 5180; x_wconf 88' lang='lat' dir='ltr'>spiculatori</span> <span class='ocrx_word' id='word_1_892' title='bbox 2581 5106 2694 5160; x_wconf 87' lang='lat' dir='ltr'>Fac</span> <span class='ocrx_word' id='word_1_893' title='bbox 2751 5105 2962 5169; x_wconf 85' lang='lat' dir='ltr'>amice,</span> <span class='ocrx_word' id='word_1_894' title='bbox 3010 5104 3068 5158; x_wconf 92' lang='lat' dir='ltr'>id</span> <span class='ocrx_word' id='word_1_895' title='bbox 3133 5105 3299 5174; x_wconf 84' lang='lat' dir='ltr'>quod</span> <span class='ocrx_word' id='word_1_896' title='bbox 3359 5104 3468 5160; x_wconf 83' lang='lat' dir='ltr'>fuit</span> <span class='ocrx_word' id='word_1_897' title='bbox 3521 5106 3628 5162; x_wconf 88' lang='lat' dir='ltr'>tibi</span> 
     </span>
    </p>
   </div>
   <div class='ocr_carea' id='block_1_120' title="bbox 1981 5192 3625 5271">
    <p class='ocr_par' dir='ltr' id='par_1_120' title="bbox 1981 5192 3625 5271">
     <span class='ocr_line' id='line_1_121' title="bbox 1981 5192 3625 5271; baseline -0.004 -15"><span class='ocrx_word' id='word_1_898' title='bbox 1981 5195 2689 5271; x_wconf 86' lang='lat' dir='ltr'>imperatum.Spiculator</span> <span class='ocrx_word' id='word_1_899' title='bbox 2701 5200 2900 5249; x_wconf 89' lang='lat' dir='ltr'>autem</span> <span class='ocrx_word' id='word_1_900' title='bbox 2913 5209 3050 5248; x_wconf 92' lang='lat' dir='ltr'>eum</span> <span class='ocrx_word' id='word_1_901' title='bbox 3065 5192 3256 5262; x_wconf 85' lang='lat' dir='ltr'>gladio</span> <span class='ocrx_word' id='word_1_902' title='bbox 3271 5194 3625 5263; x_wconf 86' lang='lat' dir='ltr'>percutiens,</span> 
     </span>
    </p>
   </div>
   <div class='ocr_carea' id='block_1_121' title="bbox 1983 5283 3633 5358">
    <p class='ocr_par' dir='ltr' id='par_1_121' title="bbox 1983 5283 3633 5358">
     <span class='ocr_line' id='line_1_122' title="bbox 1983 5283 3633 5358; baseline -0.005 -11"><span class='ocrx_word' id='word_1_903' title='bbox 1983 5289 2236 5347; x_wconf 89' lang='lat' dir='ltr'>abscidit</span> <span class='ocrx_word' id='word_1_904' title='bbox 2261 5288 2388 5358; x_wconf 87' lang='lat' dir='ltr'>ejus</span> <span class='ocrx_word' id='word_1_905' title='bbox 2444 5289 2718 5340; x_wconf 87' lang='lat' dir='ltr'>sanctum</span> <span class='ocrx_word' id='word_1_906' title='bbox 2757 5287 2977 5352; x_wconf 90' lang='lat' dir='ltr'>caput:</span> <span class='ocrx_word' id='word_1_907' title='bbox 3031 5287 3088 5337; x_wconf 93' lang='lat' dir='ltr'>et</span> <span class='ocrx_word' id='word_1_908' title='bbox 3138 5283 3336 5338; x_wconf 86' lang='lat' dir='ltr'>statim</span> <span class='ocrx_word' id='word_1_909' title='bbox 3391 5284 3633 5340; x_wconf 86' lang='lat' dir='ltr'>tradidit</span> 
     </span>
    </p>
   </div>
   <div class='ocr_carea' id='block_1_122' title="bbox 1985 5369 3638 5445">
    <p class='ocr_par' dir='ltr' id='par_1_122' title="bbox 1985 5369 3638 5445">
     <span class='ocr_line' id='line_1_123' title="bbox 1985 5369 3638 5445; baseline -0.005 -8"><span class='ocrx_word' id='word_1_910' title='bbox 1985 5378 2236 5437; x_wconf 90' lang='lat' dir='ltr'>Domino</span> <span class='ocrx_word' id='word_1_911' title='bbox 2261 5392 2436 5432; x_wconf 82' lang='lat' dir='ltr'>suum</span> <span class='ocrx_word' id='word_1_912' title='bbox 2467 5371 2755 5445; x_wconf 90' lang='lat' dir='ltr'>spiritum.</span> <span class='ocrx_word' id='word_1_913' title='bbox 2784 5369 3057 5426; x_wconf 67' lang='lat' dir='ltr'>Pretiosa:</span> <span class='ocrx_word' id='word_1_914' title='bbox 3081 5376 3280 5427; x_wconf 90' lang='lat' dir='ltr'>autem</span> <span class='ocrx_word' id='word_1_915' title='bbox 3332 5377 3389 5428; x_wconf 92' lang='lat' dir='ltr'>et</span> <span class='ocrx_word' id='word_1_916' title='bbox 3416 5379 3638 5429; x_wconf 69' lang='lat' dir='ltr'>sanctas</span> 
     </span>
    </p>
   </div>
   <div class='ocr_carea' id='block_1_123' title="bbox 2376 5495 3639 5569">
    <p class='ocr_par' dir='ltr' id='par_1_123' title="bbox 2376 5495 3639 5569">
     <span class='ocr_line' id='line_1_124' title="bbox 2376 5495 3639 5569; baseline -0.002 -17"><span class='ocrx_word' id='word_1_917' title='bbox 2376 5501 2421 5534; x_wconf 70' lang='lat'>2°</span> <span class='ocrx_word' id='word_1_918' title='bbox 2467 5501 2610 5554; x_wconf 87' lang='lat' dir='ltr'>Dan.</span> <span class='ocrx_word' id='word_1_919' title='bbox 2657 5511 2772 5563; x_wconf 81' lang='lat' dir='ltr'>xiv,</span> <span class='ocrx_word' id='word_1_920' title='bbox 2806 5495 2892 5552; x_wconf 81' lang='lat'>32.</span> <span class='ocrx_word' id='word_1_921' title='bbox 2937 5511 3106 5569; x_wconf 92' lang='lat' dir='ltr'>seqq.</span> <span class='ocrx_word' id='word_1_922' title='bbox 3183 5498 3226 5532; x_wconf 84' lang='grc'>²¹</span> <span class='ocrx_word' id='word_1_923' title='bbox 3265 5497 3461 5553; x_wconf 82' lang='lat' dir='ltr'>Matth.</span> <span class='ocrx_word' id='word_1_924' title='bbox 3493 5513 3639 5568; x_wconf 84' lang='lat' dir='ltr'>xxv,</span> 
     </span>
    </p>
   </div>
   <div class='ocr_carea' id='block_1_124' title="bbox 3295 5677 3363 5731">
    <p class='ocr_par' dir='ltr' id='par_1_124' title="bbox 3295 5677 3363 5731">
     <span class='ocr_line' id='line_1_125' title="bbox 3295 5677 3363 5731; baseline 0 0"><span class='ocrx_word' id='word_1_925' title='bbox 3295 5677 3363 5731; x_wconf 80' lang='grc'>14</span> 
     </span>
    </p>
   </div>
  </div>
