4144 6258
558 323 663 380 427
1946 300 2194 359 MENSIS

2284 295 2489 353 ULIUS
2506 338 2517 350 .
3809 273 3920 328 428

558 448 717 505 beati
742 443 1001 501 Platonis
1032 437 1293 512 reliquiae
1322 439 1581 507 acceptas
1622 451 1657 491 a
1698 429 2066 492 Christianis,
2107 423 2390 496 depositae
2429 420 2666 476 fuerunt
2705 418 2763 471 in
2805 413 3015 470 eodem
3054 408 3206 471 loco,
3239 404 3339 503 qui
3369 402 3585 512 dicitur
3616 402 3913 512 Campus.

560 536 1023 592 Consummatus
1053 486 1253 584 autiam
1285 526 1391 580 fuit
1441 486 1679 580 sanctus
1737 526 1793 576 et
1841 516 2133 591 gloriosus
2166 516 2412 580 martyr,
2444 508 2610 563 Plato
2656 502 3057 560 beatissimus,
3115 493 3337 549 mensis
3395 490 3750 546 Novembris
3814 486 3921 543 de-

558 625 714 680 cimo
743 626 973 688 octavo,
1005 619 1291 688 regnante
1314 612 1564 669 Domino
1594 616 1799 667 nostro
1826 611 1962 664 .Iesu
2011 602 2276 659 Christo:
2338 597 2431 651 cui
2471 594 2659 667 gloria
2711 597 2769 647 et
2825 588 3090 662 potentia
3148 585 3205 638 in
3256 581 3475 636 saecula
3528 577 3909 634 saeculorum.

555 713 768 767 Amen.

558 791 3907 852 ________________________________________

1676 908 2803 1039 ΥΠΟΜΝΗΜΑΤΑ

1043 1138 1259 1224 ΤΩΝ
1303 1134 1639 1224 ΑΓΙΩΝ
1699 1131 2007 1219 ΕΠΤΑ
2051 1121 2482 1210 ΠΑΙΔΩΝ
2543 1116 2679 1202 ἸὨ

1735 1131 2007 1218 ΞΠΤΑ
2051 1121 2482 1210 ΠΑΙΔΩΝ
2543 1116 2765 1202 ἸὨΝ
2826 1115 2969 1199 ΕΝ
3015 1105 3371 1197 ΕΦΕΣΩ

1706 1286 1853 1334 ΠΕΡΙ
1893 1284 2018 1331 ΤΗΣ
2060 1277 2485 1328 ΑΝΑΣΤΑΣΕΩΣ
2527 1273 2768 1322 ΑΥΤΩΝ.

1092 1562 1859 1657 COMMENTARII
1946 1554 2374 1645 SEPTEM
2463 1542 3364 1639 ADOLESCENTIUM

1714 1743 1845 1813 QUI
1887 1738 2161 1801 EPHESI
2204 1731 2736 1809 DORMIERUNT.

1072 1881 1276 1941 (Latine
1306 1891 1392 1942 ap.
1423 1877 1637 1927 Surium
1671 1874 1737 1924 ad
1767 1872 1889 1922 Julii
1910 1872 1969 1920 27
2004 1869 2217 1928 ;Graece
2251 1881 2314 1917 ex
2340 1864 2457 1916 cod.
2496 1878 2593 1914 ms.
2618 1864 2781 1918 Paris,
2822 1875 2875 1910 n.
2913 1860 3051 1908 1485.
3090 1870 3209 1906 saac.
3242 1855 3351 1915 XI.)

625 2130 666 2183 Ι.
706 2127 958 2182 Tenente
1017 2121 1188 2177 Decio
1213 2118 1465 2175 Romani
1495 2114 1728 2188 imperii
1774 2111 2202 2185 principatum,
2236 2109 2261 2162 Α

2268 2138 2281 2161 ι
2386 2106 2461 2160 Α’.
2516 2108 2763 2174 Ἐγένετο,
2822 2101 3189 2175 βασιλεύοντος
3246 2099 3423 2149 Δεκίου
3476 2101 3571 2154 τῆς
3627 2100 3725 2143 τῶν
3781 2090 3904 2143 Ῥω-

555 2180 873 2283 accidit,ut
896 2212 1026 2284 ipse
1047 2226 1117 2266 ex
1144 2208 1519 2277 Cartagenna
1535 2180 1858 2259 civitate-in
1882 2180 2191 2270 Ephesum.

2314 2200 2480 2267 μαίων
2529 2194 2720 2266 ἀρχῆς,
2767 2191 3025 2243 κατελθεῖν
3057 2190 3211 2240 αὑτὸν
3248 2185 3293 2237 ἐν
3340 2189 3562 2258 πρώτοις
3612 2180 3713 2232 ἀπὸ
3768 2187 3905 2251 Καρ-

556 2303 740 2360 multo
787 2301 983 2356 furore
1013 2298 1288 2369 percitus,
1343 2292 1743 2349 descenderet.
1804 2292 1964 2344 Tunc
2009 2285 2192 2341 omnis

2318 2287 2536 2355 θαγένης
2588 2293 2681 2343 τῆς
2754 2281 2942 2339 πόλεως
3013 2278 3061 2330 ἐν
3127 2279 3323 2347 Ἐφέσῳ
3394 2275 3442 2324 ἐν
3495 2271 3663 2339 πολλῷ
3737 2272 3902 2341 θυμῶ.

552 2391 808 2447 ﬁnitima
834 2388 996 2459 regio
1026 2388 1087 2442 in
1116 2401 1251 2441 eam
1282 2383 1494 2439 urbem
1527 2379 1821 2446 convenit,
1855 2380 1915 2431 ut
1946 2376 2116 2431 vanis
2150 2389 2188 2428 e‘

2315 2374 2559 2444 Συνήχθη
2632 2369 2689 2424 δὲ
2735 2377 2882 2424 πᾶσα
2938 2371 2967 2425 ἡ
3032 2370 3330 2440 περίχωρος
3368 2369 3458 2413 τοῦ
3507 2365 3667 2412 τόπου
3710 2358 3902 2411 ἐκείνου

552 2446 714 2539 lalsis
734 2479 850 2534 diis
872 2446 1226 2532 immolaret.
1252 2476 1467 2529 Eorum
1491 2485 1651 2535 vero,
1676 2468 1777 2539 qui
1800 2463 2188 2521 Christiﬁden

2317 2463 2387 2522 εἰς
2437 2465 2529 2521 τὰς
2574 2463 2755 2519 θυσίας
2804 2467 2901 2509 τῶν
2952 2460 3181 2528 ματαίων
3227 2455 3371 2504 θεῶν.
3423 2452 3487 2501 Αἰ
3526 2446 3583 2501 δὲ
3633 2448 3911 2505 ἐκκλησίαι

552 2566 976 2640 sequebantur,
1032 2562 1299 2617 Ecclesiae
1354 2560 1635 2630 dispersae
1684 2560 1840 2610 sunt.
1893 2550 2183 2607 Christian

2316 2560 2414 2602 τῶν
2470 2558 2669 2601 πιστῶν
2716 2546 3222 2619 διεσκορπίσθησαν,
3271 2545 3359 2591 καὶ
3413 2541 3460 2590 οἰ
3516 2541 3662 2611 ἱερεῖς
3724 2542 3812 2588 καὶ
3864 2539 3912 2589 οἱ

551 2626 715 2713 enim
744 2660 869 2710 tam
898 2650 1253 2715 sacerdotes,
1292 2626 1478 2719 quam
1518 2645 1671 2709 laici,
1741 2642 2077 2696 metuebant
2126 2642 2187 2709 ty

2316 2645 2626 2712 Χριστιανοὶ
2658 2644 2745 2690 καὶ
2793 2642 2896 2697 πᾶς
2949 2637 2973 2686 6
3023 2635 3365 2706 φιλόχριστος
3410 2629 3527 2687 λαός
3578 2626 3908 2698 ἐφοϐήθησαν

550 2744 723 2801 ranni
741 2745 1071 2814 aspectum.
1091 2738 1351 2805 Quicum
1370 2736 1673 2804 ingressus
1698 2736 1849 2787 esset
1884 2729 2181 2800 Ephesum

2320 2726 2526 2802 σφόδρα
2572 2727 2672 2779 ἀπό
2716 2731 2999 2800 προσώπου
3050 2730 3143 2775 τοῦ
3188 2722 3456 2794 τυράννου.
3505 2716 3627 2768 Ὀτι
3676 2711 3759 2766 οὖν
3791 2714 3906 2765 εἰσ-

554 2835 757 2891 animo
782 2831 935 2887 elato
965 2830 1024 2883 in
1050 2826 1247 2883 media
1302 2824 1441 2881 urbe
1497 2822 1674 2894 cmpit
1720 2818 1881 2875 idola
1932 2818 2155 2885 erigere

2316 2819 2464 2876 ἢλθεν
2497 2822 2669 2877 Δέκιος
2698 2818 2723 2867 ὁ
2773 2815 3015 2886 βασιλεὺς
3066 2812 3136 2873 εἰς
3182 2818 3417 2880 Ἔφεσον,
3468 2807 3645 2875 ὑψώθη
3694 2806 3721 2861 ἡ
3772 2823 3902 2876 καρ-

552 2935 807 2992 cumque
837 2919 947 2973 illis
988 2921 1141 2973 totus
1182 2918 1335 2970 esset
1374 2890 1668 2979 addictus,
1715 2906 1999 2980 praecepit
2041 2904 2188 2959 urbi:

2317 2904 2409 2959 δία
2438 2908 2618 2967 αὐτοῦ,
2649 2910 2739 2956 καὶ
2764 2904 2955 2978 ἤρξατο
3000 2897 3293 2970 οἰκοδομεῖν
3341 2900 3491 2956 ναοὺς
3541 2902 3643 2953 τοῖς
3673 2890 3896 2952 εἰδώλοις

551 3007 961 3081 optimatibus,
993 3010 1055 3061 ut
1076 3004 1247 3061 vanis
1275 3003 1387 3057 illis
1416 3000 1531 3057 diis
1555 3014 1758 3055 secum
1787 3012 1904 3051 una
1934 2995 2187 3049 victima:

2314 2994 2362 3046 ἐν
2389 3000 2521 3067 μέσῃ
2554 3002 2613 3066 τῇ
2662 2993 2804 3045 πόλει
2852 3012 2863 3024 υ
2899 2997 2987 3043 καὶ
3026 2992 3104 3042 ὅτε
3135 2988 3357 3059 ἐξεχύθη
3401 2984 3447 3036 ἐν
3492 2991 3563 3052 τῷ
3615 2982 3900 3053 ἐλληνισμῷ

550 3096 847 3153 offerrent.
881 3096 1079 3166 Itaque
1109 3093 1485 3147 victimarum
1514 3087 1807 3158 sanguine
1831 3084 1962 3141 loca
1992 3083 2088 3138 illa
2117 3098 2186 3137 re

2274 3138 2289 3165 λ
2312 3088 2426 3135 τότε
2456 3081 2768 3157 παρήγγειλε
2806 3088 2914 3139 τοῖς
2964 3083 3188 3151 πρώτοις
3232 3085 3327 3135 τῆς
3365 3073 3557 3131 πόλεως
3609 3072 3743 3122 θύειν
3792 3069 3902 3140 μετ’

550 3185 889 3258 plebantur,
921 3161 1205 3238 et-omnes
1230 3180 1418 3235 turbae
1453 3178 1719 3248 undique
1765 3174 1843 3230 ad
1875 3173 2186 3234 idolorum.

2311 3173 2472 3224 αὐτοῦ
2500 3180 2601 3231 τοῖς
2631 3175 2870 3241 ματαίοις
2903 3171 3037 3229 θεοῖς
3070 3185 3083 3197 ·
3116 3170 3199 3217 καὶ
3238 3164 3402 3224 οὕτως
3431 3161 3640 3233 ἐμόλυνε
3683 3162 3747 3210 τὰ
3791 3164 3899 3209 σώ-

548 3251 681 3346 quae
711 3277 879 3328 erant
908 3269 1144 3342 Ephesi,
1167 3267 1570 3324 celebritatem
1595 3263 1997 3320 conﬂuebant.
2025 3264 2184 3316 Fama

2310 3281 2451 3332 ματα
2476 3261 2643 3311 αὐτῶν
2674 3258 2720 3310 ἐν
2766 3267 2836 3328 τῷ
2876 3259 3059 3330 αἰματι
3102 3265 3199 3307 τῶν
3246 3257 3457 3317 θυσιῶν,
3509 3256 3597 3302 καὶ
3628 3253 3792 3302 πάντα
3833 3251 3899 3301 τὰ

548 3343 708 3418 enim
746 3376 852 3433 per
882 3358 1027 3415 ﬁnes
1056 3358 1213 3413 illius
1245 3355 1502 3425 regionis
1537 3352 1987 3421 divulgabatur,
2038 3347 2184 3419 quod

2309 3349 2407 3406 πλη
2420 3352 2480 3407 θη
2512 3354 2789 3419 συνήγοντο
2822 3347 2921 3399 ἀπὸ
2954 3347 3175 3399 ἑκάστου
3208 3349 3366 3397 τόπου
3392 3343 3462 3403 εἰς
3484 3344 3598 3400 τοὺς
3618 3344 3771 3400 ναοὺς
3802 3347 3900 3389 τῶν

549 3450 765 3507 scilicet
790 3449 1168 3505 victimarum
1199 3445 1374 3501 nidor
1404 3458 1471 3499 ex
1493 3443 1638 3498 urbe
1674 3440 1871 3496 media
1924 3439 1985 3493 in
2010 3437 2185 3493 altum

2266 3465 2269 3502 ι
2308 3435 2531 3490 εἰδώλων
2562 3443 2676 3489 τότε
2718 3441 2872 3488 ὄντων
2919 3435 2965 3487 ἐν
2996 3436 3191 3506 Ἐφέσῳ
3232 3450 3244 3462 ·
3277 3438 3366 3484 καὶ
3397 3433 3421 3482 6
3452 3434 3642 3489 καπνὸς
3672 3437 3769 3480 τῶν
3812 3449 3902 3479 κα-

548 3538 862 3612 prosiliret.

2306 3534 2407 3577 κῶν
2446 3531 2761 3601 περιέσπασε
2819 3528 2937 3585 τοὺς
2978 3523 3211 3586 πολλοὺς,
3264 3525 3349 3573 καὶ
3394 3522 3451 3571 τό
3503 3525 3689 3576 σκότος
3737 3522 3829 3567 καὶ
3868 3518 3897 3573 ἡ

2305 3621 2497 3668 κνίσσα
2526 3625 2622 3667 τῶν
2649 3618 2841 3667 θυσιῶν
2874 3613 3039 3665 αὐτῶν
3078 3612 3144 3662 ὧν
3176 3613 3319 3663 ἔθυον
3349 3617 3454 3670 τοῖς
3484 3613 3721 3681 ματαίοις
3752 3602 3902 3659 εἰδώ-

2304 3706 2412 3766 λοις
2443 3704 2696 3757 ἀνέϐαινεν
2726 3704 2782 3755 ἐκ
2810 3708 2975 3775 μέσης
3003 3711 3098 3763 τῆς
3134 3700 3344 3761 πόλεως.

621 3805 693 3861 ΙΙ.
722 3804 867 3858 Cum
903 3799 1082 3870 igitur
1106 3798 1263 3853 diem
1297 3797 1512 3851 festum
1539 3809 1784 3849 suorum
1818 3793 2060 3848 deorum
2094 3794 2197 3847 De-

2381 3795 2448 3847 B’.
2511 3794 2598 3856 Ὧς
2651 3791 2738 3845 οὖν
2784 3794 2963 3866 ἑορτὴν
3016 3789 3230 3842 ἐπετελει
3289 3790 3313 3838 ό
3381 3791 3554 3847 Δέκιος
3604 3793 3711 3845 τοῖς
3765 3787 3899 3845 θεοῖς

547 3894 675 3950 cius
696 3895 913 3960 ageret,
942 3893 1115 3957 atque
1136 3884 1321 3955 ipsius
1340 3885 1517 3953 jussu
1546 3883 1823 3937 universa
1880 3881 2183 3937 multitudc

2305 3883 2484 3947 αὐτοῦ,
2539 3882 2765 3934 ἐκέλευσε
2818 3887 2917 3933 πᾶν
2964 3884 3021 3932 τό
3068 3879 3258 3937 πλῆθος
3308 3878 3639 3947 συναχθῆναι
3688 3875 3759 3935 εἰς
3803 3880 3896 3932 τὴν

544 3982 624 4038 ob
640 3996 771 4036 eam
793 3976 1190 4034 celebritatem
1208 3972 1287 4029 ad
1310 3971 1531 4043 templa
1550 3970 1847 4026 idolorum
1863 3985 1997 4041 quae
2028 3985 2180 4024 eran‘

2306 3970 2484 4036 ἑορτὴν
2518 3979 2615 4022 τῶν
2668 3973 2789 4022 θεῶν
2834 3990 2845 4000 ε
2888 3975 2999 4021 τότε
3059 3972 3342 4037 συνήγοντο
3383 3964 3543 4017 πολλὰ
3586 3963 3757 4021 π)ἠθη
3809 3962 3894 4035 ἀφ’

544 4068 778 4143 Ephesi,
801 4082 873 4122 ex
889 4062 1170 4122 omnibus
1188 4061 1332 4117 locis
1353 4060 1605 4132 impigre
1629 4058 1974 4121 conﬂueret,
1995 4074 2062 4112 ac
2084 4057 2180 4112 diis

2306 4060 2527 4111 ἑκάστου
2586 4066 2745 4111 τόπου
2802 4058 2871 4119 εἰς
2922 4061 3036 4116 τοὺς
3108 4059 3256 4115 ναοὺς
3321 4062 3419 4105 τῶν
3491 4049 3714 4104 εἰδώλων
3793 4061 3891 4104 τῶν

542 4138 769 4223 libaret,
801 4168 1058 4225 cumque
1083 4155 1207 4207 tota
1238 4150 1335 4206 illa
1385 4148 1529 4204 urbs
1561 4147 1851 4204 sacriﬁcia
1879 4146 2178 4202 redoleret.

2304 4153 2458 4200 ὄντων
2506 4147 2552 4199 ἐν
2584 4152 2725 4220 μέσῳ
2765 4156 2859 4209 τῆς
2901 4146 3111 4208 πόλεως,
3160 4150 3249 4195 καὶ
3297 4138 3512 4194 ἔσπενδε
3556 4150 3664 4202 τοῖς
3711 4142 3844 4202 θεοῖς
3875 4160 3886 4171 ·

539 4245 743 4302 ﬁdeles
774 4242 1045 4299 homines
1075 4240 1264 4295 tristes
1290 4243 1477 4307 erant,
1505 4235 1685 4292 iidem
1711 4243 1765 4291 et
1790 4235 1868 4291 ab
1894 4234 2175 4290 idolorun

2303 4238 2556 4297 ἐπώζεσεν
2608 4234 2666 4288 δέ
2723 4243 2868 4287 πᾶσα
2909 4238 2938 4293 η
2991 4234 3132 4293 πόλις
3178 4231 3275 4284 ἀπὸ
3320 4240 3417 4283 τῶν
3473 4233 3686 4295 θυσιῶν,
3755 4235 3893 4301 μέγα

539 4332 861 4391 cultoribus
883 4328 1591 4401 Opprimebantur.ltaque
1614 4325 1819 4396 partim
1841 4339 2175 4394 persequen

2304 4324 2361 4379 δε
2413 4329 2589 4386 πένθος
2637 4333 2850 4396 κατεῖχε
2898 4328 3017 4384 τοὺς
3075 4326 3308 4387 πιστοὺς,
3377 4325 3466 4372 καὶ
3533 4318 3887 4372 ἐταπεινοῦντο

540 4424 687 4480 tium
709 4418 1154 4487 orafugiebant,
1190 4431 1259 4470 ne
1286 4412 1715 4485 comprehendi
1740 4417 1987 4482 possent
2015 4429 2026 4465 :
2060 4429 2176 4483 par

2303 4416 2400 4467 ἀπὸ
2454 4425 2552 4467 τῶν
2600 4411 3000 4486 εἰδωλολατρών.
3057 4416 3154 4463 Καὶ
3208 4414 3411 4481 ἔφευγον
3465 4414 3550 4460 καὶ
3602 4408 3885 4460 ἐκάλυπτον

537 4512 641 4567 tim
670 4523 798 4563 sese
824 4502 1220 4560 occultabant.
1252 4502 1460 4556 Tribus
1484 4506 1687 4555 autem
1714 4500 1928 4554 diebus
1990 4505 2173 4570 poster

2298 4506 2362 4555 τὰ
2393 4509 2647 4576 πρόσωπα
2688 4502 2874 4568 αὐτῶν,
2916 4507 3005 4553 καὶ
3056 4500 3208 4559 πολὺς
3261 4501 3542 4569 στεναγμός
3584 4503 3673 4548 καὶ
3714 4494 3888 4569 ὀδυρ-

537 4598 857 4668 imperator
886 4590 1144 4646 edictum
1176 4587 1514 4659 praeposuit,
1557 4593 1618 4641 ut
1650 4586 1955 4642 Christiani
1977 4603 2173 4642 omnes

2296 4596 2386 4663 μὸς
2440 4598 2679 4662 κατεῖχεν
2730 4590 2934 4655 αὐτοὺς,
2992 4590 3091 4641 ἀπὸ
3146 4592 3426 4661 προσώπου
3480 4594 3572 4637 τοῦ
3632 4582 3882 4641 διώκτου.

534 4686 888 4757 caperentur
907 4697 919 4734 :
939 4694 1060 4751 quo
1078 4681 1343 4748 tempore
1354 4675 1598 4746 gentiles
1617 4690 1683 4730 ac
1694 4674 1879 4730 Judaei
1896 4677 2170 4744 urgeban'

2297 4686 2396 4733 Καὶ
2443 4689 2502 4753 τῇ
2564 4683 2730 4754 ἡμέρᾳ
2783 4687 2843 4751 τῇ
2895 4682 3041 4751 τρίτῃ
3094 4676 3347 4728 ἐκέλευσεν
3397 4677 3421 4726 ό
3463 4674 3711 4747 βασιλεὺς
3746 4674 3882 4737 ἐξαί-

534 4774 766 4831 milites.
794 4769 1015 4825 Passim
1043 4767 1220 4838 igitur
1245 4764 1551 4822 Christiani
1577 4764 1847 4819 homines
1869 4764 2170 4820 traheban-

2239 4796 2261 4850 3
2294 4790 2420 4841 φνης
2454 4770 2773 4840 κατέχεσθαι
2823 4772 2939 4830 τοὺς
2988 4768 3360 4839 Χριστιανούς.
3413 4767 3477 4816 Oi
3518 4762 3576 4816 δὲ
3617 4762 3875 4830 Ἕλληνες,

533 4866 625 4919 tur
647 4860 723 4918 ad
750 4858 977 4925 turbas,
1004 4871 1133 4927 quae
1160 4855 1218 4908 in
1242 4868 1430 4909 unum
1456 4852 1654 4908 locum
1690 4859 2095 4909 convenerant
2121 4862 2169 4908 ut

2291 4862 2380 4908 καὶ
2440 4861 2486 4909 οἱ
2544 4853 2791 4909 Ἰουδαῖοι
2853 4856 3124 4909 ἐκολλῶντο
3183 4862 3290 4915 τοῖς
3359 4858 3718 4926 στρατιώταις,
3791 4859 3880 4905 καὶ

532 4965 654 5006 una
713 4964 851 5005 cum
904 4946 1262 5017 imperatore
1316 4941 1488 4996 idolis
1540 4941 1954 4997 sacriﬁcarent.
2018 4943 2168 4998 Tunc

2292 4945 2390 4997 ἀπὸ
2438 4955 2534 4999 τῶν
2589 4946 2761 4997 οἰκιῶν
2813 4952 2900 4997 καὶ
2938 4954 3035 4997 τῶν
3079 4944 3268 4996 πόλεων
3313 4945 3496 5014 ἔσυρον
3546 4945 3635 4993 καὶ
3678 4941 3879 5003 ἐξέϐαλ-

530 5037 802 5094 nonnulli
832 5039 1122 5091 tormenta
1142 5031 1553 5094 formidantes,
1587 5030 1943 5087 excidebant
1970 5047 2004 5086 a
2036 5032 2166 5098 ﬁde,

2288 5034 2372 5086 λον
2416 5039 2534 5097 τοὺς
2583 5039 2952 5107 Χριστιανοὺς,
2992 5038 3081 5085 καὶ
3124 5035 3287 5085 ὤθουν
3337 5032 3525 5093 αὐτοὺς
3562 5033 3689 5103 μετὰ
3736 5030 3880 5082 ἀπει-

530 5130 587 5179 et
612 5140 815 5181 coram
846 5123 1022 5179 turba
1052 5121 1153 5177 illa
1187 5119 1390 5176 miseri
1419 5118 1496 5174 ad
1527 5118 1822 5174 idolorum
1880 5121 2166 5178 sacriﬁcia

2287 5123 2396 5187 λῆς,
2450 5129 2538 5175 καὶ
2578 5126 2890 5196 προσέφερον
2936 5126 3065 5194 πρὸς
3117 5125 3237 5181 τοὺς
3286 5120 3476 5191 ὄχλους
3524 5123 3877 5190 συνηγμένους

528 5212 902 5267 decidebant.
937 5216 1005 5265 At
1042 5211 1146 5282 qui
1173 5226 1243 5265 ex
1270 5211 1473 5266 animo
1506 5208 1716 5265 Christi
1746 5208 1924 5265 ﬁdem
1958 5227 2164 5283 seque-

2285 5216 2370 5263 καὶ
2424 5214 2632 5271 θύοντας
2676 5219 2777 5271 τοῖς
2833 5208 3067 5269 εἰδώλοις
3119 5210 3226 5281 οἶμα
3276 5217 3348 5278 τῷ
3409 5207 3637 5279 βασιλεῖ.
3695 5210 3760 5260 Oi
3818 5206 3875 5261 δὲ

524 5298 765 5365 bantur,
793 5313 931 5352 cum
958 5298 1232 5354 audirent
1252 5298 1483 5369 aliquos
1504 5298 1705 5368 lapsos
1730 5296 1911 5353 fuisse
1937 5299 2160 5356 illorum

2286 5298 2653 5372 δειλαινόμενοι
2694 5303 2783 5361 τὰς
2838 5299 3105 5372 βασάνους
3132 5300 3433 5351 ὠλίσθαινον
3459 5303 3547 5350 καὶ
3574 5302 3787 5351 ἔπιπτον
3818 5298 3872 5350 ἐκ

524 5400 733 5484 casum
758 5398 1123 5484 magnopere
1164 5386 1454 5454 dolentes,
1482 5388 1834 5443 miserorum
1859 5386 2160 5447 hominum

2282 5397 2372 5442 τοῦ
2398 5392 2537 5450 υἱοὺς
2563 5386 2691 5441 εἶναι
2720 5396 2809 5449 τῆς
2832 5394 3053 5449 πίστεως
3079 5388 3147 5450 εἰς
3177 5390 3268 5450 τὰς
3302 5390 3484 5448 θυσίας
3514 5396 3614 5439 τῶν
3640 5384 3865 5439 εἰδώλων

526 5473 769 5569 animas.
790 5470 1084 5569 lugebant,
1113 5477 1212 5546 qui
1249 5481 1486 5547 propter
1520 5482 1741 5532 metum
1771 5475 1845 5531 ad
1875 5475 2162 5536 idolorum

2280 5481 2564 5557 ἔμπροσθεν
2612 5485 2702 5532 τοῦ
2751 5478 2912 5552 ὄχλου
2972 5493 2985 5506 ⁸
3043 5480 3092 5531 οἱ
3140 5474 3199 5530 δὲ
3254 5481 3560 5552 Χριστιανοὶ
3597 5475 3867 5540 ἀκούοντες

526 5557 815 5619 sacriﬁcia
836 5557 1061 5627 delapsi
1085 5561 1331 5619 fuerant.
1354 5566 1702 5637 Quicunque
1718 5583 1934 5623 veroex
1956 5584 2161 5626 eorum

2277 5571 2443 5623 ταῦτὰ
2490 5568 2929 5642 ἔστενοχνοροῦντο
2971 5571 3059 5620 καὶ
3110 5565 3346 5620 ἐπένθουν
3396 5568 3495 5630 τὰς
3530 5565 3717 5639 ψυχὰς
3766 5573 3867 5619 τῶν
