4144 6258
271 283 376 342 429

1447 281 1535 340 DE
1573 278 1862 343 SEPTEM
1902 283 2464 347 DORMIENTIBUS.

3522 299 3628 369 439

275 408 666 482 δειλαινομένων
723 411 1172 483 προσχωρούντων
1227 410 1298 472 εἰς
1365 415 1453 472 τὰς
1515 414 1701 474 θυσίας
1771 420 1870 466 τῶν

1982 428 2230 470 numero
2287 416 2348 471 in
2404 416 2611 473 Christi
2655 417 2774 474 ﬁde
2813 419 3143 478 stabiliores
3189 422 3409 481 inventi
3465 431 3623 494 sunt,

273 498 520 564 εἰδώλων,
568 501 617 550 οἱ
670 495 730 551 δὲ
783 500 1069 572 εὑρεθέντες
1120 496 1320 575 ἑδραῖοι
1373 499 1420 552 ἓν
1476 509 1535 573 τῇ
1589 507 1767 554 πίστει
1823 501 1871 553 ἐν

272 599 344 660 τῷ
401 596 566 663 καιρῷ
619 587 809 659 ἐκείνῳ,
863 587 1148 646 ἑστήκασιν
1215 588 1296 642 ἐπὶ
1371 594 1464 647 τήν
1531 595 1720 665 πέτραν
1779 598 1871 652 τῆς

276 684 501 739 πίστεως
557 675 734 734 ἀκλινῆ
791 680 877 728 τὸν
929 678 1182 750 λογισμόν
1235 681 1457 750 ἔχοντες,
1514 683 1603 731 καὶ
1659 684 1730 751 μὴ
1786 699 1874 752 φο-

276 765 511 839 ϐούμενοι
558 767 644 825 τὰς
675 764 887 827 ἀπειλὰς
930 775 1028 818 τῶν
1073 768 1350 840 τυράννων,
1385 764 1663 839 δεχόμενοι
1717 765 1775 820 δὲ
1823 767 1870 819 ἐν

271 864 344 926 τῷ
378 861 582 928 σώματι
611 854 780 906 αὐτῶν
825 857 890 907 τα
920 853 1046 927 βελη
1081 863 1170 908 τοῦ
1214 863 1460 927 πονηροῦ,
1493 860 1581 908 καὶ
1623 859 1688 909 τὰ
1715 856 1871 910 λοιπὰ

273 943 668 1017 βασανιστήρια
689 948 932 1015 γενναίως
962 945 1230 1018 ὑπέφερον.

344 1032 415 1086 Γ’.
452 1034 516 1084 Αἱ
548 1028 606 1084 δὲ
653 1033 841 1106 σάρκες
883 1040 983 1083 τῶν
1013 1031 1173 1103 ἁγίων
1221 1031 1573 1085 ἐταπεινοῦντο
1623 1034 1722 1085 ὑπό
1770 1042 1869 1085 τῶν

273 1121 540 1194 βασάνων,
572 1124 660 1172 καὶ
705 1123 768 1172 τὰ
797 1123 996 1192 αἵματα
1033 1120 1090 1173 ίκ
1135 1129 1234 1173 τῶν
1281 1120 1444 1193 μελῶν
1493 1121 1660 1173 αὐτῶν
1710 1121 1869 1196 ἔρρεεν

271 1207 356 1262 ἐπὶ
380 1212 475 1267 τὴν
501 1216 621 1280 γῆν,
654 1213 744 1260 καὶ
773 1206 850 1260 ἐπ’
875 1210 980 1260 ἄνω
1009 1217 1108 1261 τῶν
1152 1212 1363 1282 πύργων
1393 1214 1482 1262 καὶ
1526 1218 1624 1260 τῶν
1654 1213 1869 1280 τειχέων

270 1304 368 1357 τῆς
408 1296 614 1367 πόλεως,
649 1295 920 1369 ἐκρέμοντο
951 1300 1016 1349 τὰ
1065 1304 1285 1370 σώματα
1330 1306 1428 1349 τῶν
1459 1297 1642 1369 ἁγίων·
1676 1300 1769 1359 τὰς
1812 1294 1870 1350 δὲ

269 1385 488 1458 κεφαλὰς
544 1385 714 1438 αὐτῶν
772 1385 1030 1439 ἐκόντευον
1082 1386 1167 1439 ἐπὶ
1225 1386 1372 1448 ξύλον
1430 1389 1718 1460 ἔμπροσθεν
1770 1394 1869 1438 τῶν

268 1474 441 1527 πυλῶν
485 1482 576 1534 τῆς
617 1474 832 1543 πόλεως,
862 1481 945 1526 καὶ
991 1477 1039 1527 οἱ
1076 1480 1308 1548 κόρακες,
1341 1479 1426 1526 καὶ
1479 1476 1528 1526 οἱ
1567 1482 1748 1546 γῦπες,
1778 1480 1867 1526 καὶ

269 1566 337 1615 τὰ
364 1563 536 1622 πλήθη
570 1573 668 1615 τῶν
712 1572 952 1616 πετεινῶν
995 1564 1236 1615 έκύκλουν
1275 1562 1442 1616 ἐπάνω
1484 1571 1581 1614 τῶν
1625 1567 1861 1634 τειχέων,

269 1657 360 1705 καὶ
407 1654 695 1711 κατήσθιον
725 1655 790 1704 τὰ
836 1658 1054 1725 σώματα
1098 1661 1195 1705 τῶν
1240 1651 1400 1722 ἁγίων
1446 1655 1743 1724 μαρτύρων,
1775 1657 1863 1704 καὶ

1979 509 2238 560 mentem
2258 508 2439 577 atque
2464 506 2884 576 cogitationem
2910 509 3151 567 ﬁrmam
3181 520 3625 583 conservantes,

1979 606 2165 663 neque
2194 594 2433 664 tyranni
2463 595 2658 650 minas
2688 597 3158 665 extimescentes,
3192 601 3291 656 sed
3327 603 3623 675 nequissi-

1983 679 2060 734 mi
2091 681 2312 738 diaboli
2341 683 2454 739 tela
2495 684 2619 738 suis
2652 687 3002 756 corporibus
3032 687 3282 744 libenter
3330 691 3627 762 excipien-

1979 773 2083 834 tes,
2114 772 2409 828 cruciatus
2439 788 2650 829 omnes
2675 773 2809 831 forti
2837 777 3036 832 animo
3071 777 3462 849 perferebant.

2050 1036 2139 1090 ΙΙΙ.
2182 1035 2386 1109 Itaque
2427 1042 2764 1096 sanctorum
2817 1048 3144 1112 martyrum
3183 1058 3394 1100 carnes
3423 1045 3624 1102 multis

1977 1123 2275 1195 variisque
2301 1127 2609 1182 tormentis
2640 1127 3079 1196 lacerabantnr,
3097 1130 3178 1186 ita
3199 1136 3260 1187 ut
3290 1149 3362 1188 ex
3386 1132 3622 1190 illorum

1979 1209 2320 1266 vulneribus
2342 1213 2562 1268 multus
2587 1216 2833 1284 sanguis
2863 1215 3168 1273 deﬂueret.
3201 1220 3462 1284 Quorum
3492 1238 3624 1278 cor-

1977 1311 2124 1368 pora
2141 1298 2200 1354 in
2217 1299 2378 1355 urbis
2395 1301 2696 1358 maenibus
2710 1319 2780 1358 ac
2793 1304 3051 1360 turribus
3065 1308 3587 1378 suspendebantur
3607 1327 3620 1366 :

1976 1389 2170 1459 capita
2194 1405 2330 1444 vero
2373 1390 2524 1461 palis
2553 1391 2734 1448 afﬁxa
2753 1435 2771 1458 ,
2803 1393 3183 1463 erigebantur
3211 1400 3348 1452 ante
3386 1404 3619 1470 portas.

1977 1477 2178 1545 Itaque
2225 1477 2410 1546 corvi,
2465 1477 2724 1535 vultures
2755 1484 2812 1535 et
2854 1480 3149 1551 ejusmodi
3191 1499 3352 1551 aves,
3399 1486 3624 1542 muenia

1972 1561 2074 1617 illa
2099 1563 2556 1631 circumdantes,
2580 1573 2922 1624 sanctorum
2939 1576 3274 1642 martyrum
3301 1589 3510 1629 carnes
3535 1574 3622 1629 di-

1973 1650 2300 1709 laniabant.
2335 1656 2477 1718 Quas
2515 1671 2611 1711 res
2641 1656 2984 1712 Christianis
3023 1659 3371 1716 hominibus
3411 1678 3625 1718 maero-

266 1744 446 1803 πένθος
502 1747 634 1814 μέγα
681 1749 893 1813 κατεῖχε
937 1746 1054 1803 τοὺς
1096 1744 1317 1801 πιστοὺς
1359 1742 1484 1812 ὑπὲρ
1533 1748 1622 1800 τῆς
1670 1741 1862 1813 τόλμης

1982 1757 2095 1795 rem
2136 1740 2434 1798 afferebat.
2465 1743 2598 1798 Tale
2630 1749 2982 1817 tantumque
3011 1755 3312 1803 certamen
3353 1751 3622 1821 proposi-

269 1834 484 1892 ταύτης.
520 1831 698 1893 Οὕτως
730 1827 790 1888 ἦν
821 1832 846 1882 ὁ
895 1830 1033 1902 ἁγὼν
1079 1835 1268 1904 μεστός
1314 1829 1471 1902 φόϐου
1521 1838 1625 1890 τοῖς
1673 1832 1862 1904 ὁρῶσιν

268 1921 445 1973 αὐτόν.
480 1921 620 1978 Αὕτη
668 1915 729 1977 ἧν
759 1920 787 1977 ἡ
824 1918 1004 1977 ἀπειλή
1050 1922 1079 1978 η
1131 1919 1499 1994 πεπληρωμένη
1550 1922 1770 1972 θανάτου
1803 1919 1862 1976 ἢν

269 2011 320 2060 οἱ
349 2009 577 2082 οὐράνιοι
626 2014 715 2060 καὶ
757 2010 806 2060 οἱ
845 2010 1063 2080 ἐπίγειοι
1108 2007 1428 2080 ἐθαύμασαν,
1461 2011 1509 2060 οὶ
1550 2008 1683 2061 λίθοι
1729 2009 1864 2061 ἐπέν-

272 2099 393 2149 θουν
447 2101 539 2155 τήν
589 2096 761 2166 θλίψιν
811 2103 904 2155 τὴν
943 2102 1237 2170 γενομένην.
1291 2102 1391 2150 Καὶ
1435 2099 1490 2149 αἰ
1537 2097 1726 2172 ἀγοραὶ
1774 2107 1865 2160 τῆς

266 2186 455 2246 πόλεως
504 2188 782 2237 ἐκακοῦντο
830 2188 885 2236 ἑκ
933 2195 1033 2238 τῶν
1086 2189 1364 2260 συρμάτων
1411 2194 1508 2238 τῶν
1561 2186 1723 2258 μελῶν
1769 2196 1866 2239 τῶν

267 2274 430 2343 ἁγίων
505 2282 604 2325 τῶν
683 2278 976 2346 συρομένων
1052 2273 1219 2326 ἐπάνω
1291 2274 1477 2330 αὐτῶν.
1535 2277 1744 2347 Δάκρυα
1810 2272 1869 2328 δὲ

267 2365 432 2437 πικρὰ
483 2365 816 2436 κατεφέροντο
865 2360 967 2414 ἀπὸ
1019 2370 1120 2413 τῶν
1173 2362 1446 2434 ὀφθαλμῶν
1497 2371 1598 2414 τῶν
1644 2372 1863 2429 πιστῶν,

267 2453 351 2504 ὅτε
393 2451 595 2504 ἔϐλεπον
647 2449 712 2502 τὰ
757 2456 977 2523 σώματα
1019 2457 1117 2502 τῶν
1162 2449 1321 2522 ἁγίων
1367 2449 1624 2524 ἐῤῥιμένα,
1665 2456 1755 2502 καὶ
1802 2455 1868 2502 τὰ

265 2546 386 2612 γένη
443 2550 540 2593 τῶν
597 2547 834 2592 πετεινῶν
899 2540 1238 2592 κατεσθίοντα
1284 2538 1434 2592 αὐτά.
1481 2545 1635 2591 Ποῖον
1691 2541 1867 2600 πένθος

266 2632 448 2682 τούτου
497 2629 674 2701 μεῖζον
711 2625 772 2686 ἦν
797 2647 814 2699 ;
863 2627 929 2680 Ἢ
982 2636 1126 2688 ποῖος
1173 2632 1360 2700 τρόπος
1407 2629 1593 2680 τούτου
1645 2626 1866 2701 σκληρό-

265 2737 406 2793 τερος
462 2715 564 2785 iv;
620 2716 743 2769 Ὀτε
796 2719 846 2768 οἱ
899 2722 1080 2769 πιστοὶ
1131 2719 1340 2788 ἔφευγον
1392 2721 1481 2768 καὶ
1536 2719 1629 2776 τὰς
1683 2723 1865 2790 χεῖρας

263 2811 394 2882 πρὸς
447 2810 532 2858 τὸν
599 2810 722 2858 Θεὸν
779 2805 944 2875 ὕψουν
997 2802 1229 2875 δεόμενοι
1304 2805 1437 2863 ὅπως
1491 2805 1759 2876 ῥυσθῶσιν
1811 2804 1868 2854 ἐκ

265 2904 366 2948 τῶν
398 2903 590 2968 χειρῶν
637 2901 728 2944 τοῦ
772 2899 1155 2964 τυραννοῦντος,
1186 2895 1396 2963 πατέρες
1445 2893 1511 2942 τὰ
1556 2887 1675 2941 ἴδια
1720 2895 1871 2942 τέκνα

265 2985 534 3058 ἠρνοῦντο·
595 2984 782 3049 ὁμοίως
838 2985 927 3032 καὶ
983 2983 1133 3031 τέκνα
1190 2983 1307 3039 τοὺς
1366 2979 1561 3030 ἑαυτῶν
1618 2983 1866 3050 πατέρας,

265 3072 407 3144 φίλοι
462 3072 616 3144 φίλων
668 3069 972 3142 ἐσχίζοντο,
1025 3069 1125 3120 ὑπὸ
1177 3075 1274 3127 τῆς
1326 3067 1542 3137 θλίψεως
1591 3074 1682 3127 τῆς
1732 3086 1872 3138 γενο-

262 3166 444 3234 μένης.
490 3159 895 3231 Μαξιμιλλιανὸς
952 3154 1010 3209 δὲ
1061 3161 1151 3208 καὶ
1201 3155 1526 3228 Ἰάμϐλιχός,
1584 3160 1671 3208 καὶ
1719 3164 1872 3229 Μαρ-

267 3257 428 3315 τῖνος,
488 3253 576 3300 καὶ
621 3247 880 3315 Ἰωάννης,
937 3250 1027 3297 καὶ
1079 3246 1363 3309 Διονύσιος,
1421 3249 1510 3295 καὶ
1565 3244 1870 3306 Ἐξακοστο-

271 3336 468 3403 διανός,
522 3341 611 3389 καὶ
669 3337 984 3400 Ἀντωνῖνος,
1037 3337 1220 3394 οῑτινες
1262 3337 1348 3384 καὶ
1401 3329 1532 3390 ἦσαν
1578 3330 1782 3405 ἑδραῖοι
1824 3333 1871 3386 ἐν

270 3436 333 3500 τῇ
385 3433 558 3480 πίστει
609 3434 698 3478 τοῦ
751 3431 1006 3497 Χριστοῦ,
1067 3422 1418 3495 βαστάζοντες
1465 3424 1532 3474 τὰ
1582 3425 1721 3480 πάθη
1781 3431 1872 3476 τοῦ

275 3525 510 3590 Χριστοῦ
554 3518 602 3568 ἐν
644 3523 717 3585 τῷ
772 3520 976 3586 σώματι
1026 3513 1212 3564 αὐτῶν·
1265 3513 1474 3584 ὁρῶντες
1521 3513 1587 3563 τὰ
1631 3517 1875 3582 γινόμενα

1975 1836 2100 1886 tum
2154 1839 2278 1887 erat
2335 1832 2446 1897 his,
2508 1833 2612 1904 qui
2664 1834 2874 1888 Christi
2927 1834 3110 1890 ﬁdem
3164 1837 3618 1893 confitebantur.

1973 1919 2138 1975 Tales
2167 1925 2336 1976 erant
2383 1922 2558 1976 minae
2589 1922 2824 1976 terroris
2863 1922 3078 1994 plenas,
3121 1925 3400 1980 omnibus
3443 1926 3621 1998 plane

1973 2007 2400 2064 formidolosae:
2458 2008 2602 2065 tales
2664 2026 2972 2075 aerumnae,
3029 2011 3254 2082 lapides
3301 2013 3418 2068 fere
3451 2015 3618 2086 ipsos

1975 2102 2439 2153 commoventes.
2477 2100 2826 2154 Sanctorum
2861 2104 3190 2170 martyrum
3221 2101 3618 2159 cadaveribus

1977 2186 2136 2240 urbis
2158 2185 2368 2257 plateae
2394 2186 2869 2242 coarctabantur.
2896 2187 3143 2243 Flebant
3171 2193 3368 2244 autem
3390 2189 3618 2262 ﬁdeles,

1976 2274 2135 2346 quod
2161 2278 2369 2329 sancta
2393 2274 2492 2329 illa
2517 2290 2768 2346 corpora
2787 2275 2847 2329 in
2879 2277 3046 2330 terris
3071 2276 3324 2346 dejecta,
3355 2277 3620 2335 viderent

1978 2379 2014 2418 a
2044 2362 2386 2418 volucribus
2429 2362 2698 2418 lacerari.
2751 2363 2982 2429 Quaaso,
3030 2365 3335 2434 quodnam
3388 2365 3620 2422 facinus

1977 2457 2284 2522 tantopere
2313 2451 2686 2508 dolendum?
2719 2453 2862 2516 Quae
2903 2452 3095 2507 caedes
3141 2453 3226 2508 sic
3257 2453 3536 2512 immanis
3565 2461 3623 2512 et

1975 2539 2228 2595 acerba?
2254 2543 2410 2594 Tunc
2442 2539 2752 2596 Christiani
2771 2541 3068 2606 homines,
3102 2542 3384 2598 manibus
3415 2543 3474 2598 in
3506 2560 3621 2600 cce-

1972 2629 2098 2684 lum
2133 2629 2360 2696 erectis,
2406 2628 2810 2700 precabantur
2857 2631 3061 2693 Deum,
3092 2637 3155 2684 ut
3195 2630 3560 2702 eriperentur
3589 2650 3620 2688 e

1974 2717 2255 2774 manibus
2281 2717 2541 2788 tyranni.
2575 2716 2777 2772 Patres
2803 2717 2978 2782 ﬁlios,
3003 2718 3108 2773 ﬁlii
3139 2724 3336 2790 patres
3365 2723 3620 2791 abnege-

1976 2805 2142 2860 bant.
2172 2805 2550 2860 Calamitates
2588 2805 2735 2876 ipsa;
2767 2806 3160 2862 amicissimos
3203 2808 3360 2864 viros
3385 2825 3422 2863 a
3451 2824 3512 2863 se
3543 2808 3622 2864 vi-

1978 2892 2178 2946 cissim
2210 2892 2656 2962 disjungebant.
2689 2895 2758 2948 At
2782 2893 2860 2964 (1)
2893 2893 3349 2961 Maximilianus,
3377 2895 3622 2951 Jambli—

1979 2996 2105 3043 cus,
2146 2978 2443 3045 Martinus,
2493 2979 2774 3046 Joannes,
2816 2981 3152 3053 Dionysius,
3202 2984 3622 3039 Exaeustadius

1981 3073 2036 3123 et
2052 3068 2402 3132 Antoninus,
2425 3067 2605 3122 simul
2627 3073 2950 3135 versantes,
2969 3085 3300 3142 omnesque
3325 3073 3544 3144 pariter
3560 3073 3624 3127 in

1981 3157 2194 3213 Christi
2214 3155 2332 3210 ﬁde
2361 3155 2630 3224 stabiles,
2663 3161 2719 3211 et
2749 3156 2956 3212 Christi
2986 3159 3298 3228 passiones
3324 3161 3386 3214 in
3416 3175 3624 3231 corpo-

1979 3246 2144 3301 ribus
2175 3245 2297 3299 suis
2343 3248 2668 3314 gestantes,
2704 3260 2842 3298 cum
2884 3245 3153 3300 viderent
3187 3261 3323 3316 quae
3359 3247 3624 3318 quotidie

1981 3339 2186 3390 contra
2213 3333 2571 3389 Christianos
2593 3331 2984 3397 efﬁcerentur,
3013 3331 3176 3396 ﬂetu,
3209 3335 3450 3403 gemitu,
3477 3337 3626 3406 jeju-

1982 3425 2093 3480 niis
2128 3439 2198 3477 ac
2234 3421 2509 3492 precibus
2539 3420 2770 3476 assidue
2809 3436 2872 3476 se
2907 3421 3420 3477 communiebant.
3450 3426 3628 3480 Erant

1985 3515 2184 3569 autem
2216 3508 2534 3564 illustrium
2569 3508 2830 3564 virorum
2857 3512 2914 3562 et
2933 3507 3285 3579 optimatum
3315 3511 3477 3564 urbis
3505 3510 3621 3566 ﬁlii.

271 3607 390 3658 καθ’
447 3606 667 3662 ἑκάστην
721 3605 916 3676 ἡμέραν
973 3601 1172 3654 ἔκλαιον
1227 3605 1317 3652 καὶ
1364 3600 1656 3665 ἐστέναζον,
1701 3608 1791 3654 καὶ
1842 3605 1872 3663 ἡ
1929 3605 2114 3678 ὅρασις
2162 3607 2256 3659 τῆς
2301 3596 2690 3667 ὅψεωςιαῦτῶν
2749 3596 3038 3661 ἠλλοιοῦτο,
3091 3602 3180 3648 καὶ
3227 3603 3487 3658 νηστείαις
3537 3604 3627 3650 καὶ

270 3701 602 3768 προσευχαῖς
658 3689 794 3751 ἦσαν
846 3697 1348 3766 προσκαρτεροῦντες
1398 3686 1491 3741 διὰ
1542 3694 1754 3757 παντὸς,
1814 3689 1994 3752 ἐπειδὴ
2051 3699 2149 3743 τῶν
2207 3686 2438 3758 ἐμφανῶν
2494 3692 2584 3738 τοῦ
2640 3685 2916 3750 παλατίου,
2971 3690 3060 3736 καὶ
3109 3694 3206 3737 τῶν
3260 3693 3475 3761 πρώτων
3533 3696 3628 3749 τῆς

268 3784 468 3845 πόλεως
499 3780 634 3842 ἦσαν
658 3786 830 3834 τέκνα.

346 3873 418 3929 Δ’,
460 3873 541 3924 Ἐν
586 3868 645 3924 δι
694 3878 764 3940 τῷ
808 3876 973 3943 καιρῷ
1018 3866 1066 3918 ἐν
1189 3866 1524 3941 συνήθροιζεν
1555 3868 1580 3917 ὁ
1626 3865 1872 3939 βασιλεὺς

271 3965 342 4017 τὰ
385 3963 558 4020 πλήθη
610 3961 677 4021 εἰς
719 3964 813 4017 τήν
846 3960 1032 4010 θυσίαν
1074 3964 1174 4009 τῶν
1220 3960 1452 4028 ματαίων
1483 3952 1726 4024 εἰδώλων,
1758 3963 1874 4012 τότε

271 4051 579 4105 ὑπέστελλον
623 4049 835 4109 ἑαυτοὺς
866 4049 914 4098 οἱ
961 4045 1100 4116 ἅγιοι
1144 4044 1286 4097 οὗτοι
1328 4049 1416 4096 καὶ
1460 4044 1773 4117 εἰσήρχοντο
1802 4047 1873 4108 εἰς

271 4146 369 4200 τὴν
414 4139 746 4206 Ἐκκλησίαν,
777 4141 867 4188 καὶ
915 4139 1125 4189 ἔπιπτον
1175 4135 1258 4187 ἐπὶ
1300 4139 1394 4193 τήν
1440 4142 1556 4206 γῆν.
1593 4141 1689 4186 Καὶ
1740 4143 1873 4206 χοῦν

273 4229 482 4283 ἔϐαλλον
539 4227 621 4281 ἐπὶ
691 4230 776 4286 τὰς
831 4225 1052 4297 κεφαλὰς
1121 4223 1309 4288 αὐτῶν,
1372 4227 1461 4273 καὶ
1531 4222 1728 4273 ἔκλαιον
1785 4227 1875 4273 καὶ

274 4321 544 4378 ἐστέναζον
601 4314 811 4367 ἐνώπιον
861 4320 951 4363 τοῦ
1004 4317 1151 4364 Θεοῦ.
1199 4313 1636 4381 Παρετηρήσαντο
1686 4305 1744 4359 δὲ
1787 4308 1876 4358 αὑ-

2051 3872 2140 3925 ιν.
2196 3868 2344 3923 Cum
2406 3879 2542 3920 vero
2587 3863 2915 3935 imperator
2962 3863 3168 3919 turbas
3220 3863 3502 3935 gentilum
3547 3864 3625 3920 ad

1979 3957 2250 4015 inanium
2296 3953 2594 4010 idolorum
2645 3952 2937 4008 sacriﬁcia
2989 3959 3433 4021 congregasset,
3490 3958 3627 4009 tunc

1981 4045 2169 4102 sancti
2221 4043 2352 4110 viri,
2408 4057 2561 4112 quos
2622 4040 2802 4111 paulo
2853 4045 2984 4094 ante
3041 4039 3506 4104 nominavimus,
3567 4041 3627 4094 in

1981 4148 2170 4188 unum
2197 4129 2392 4184 locum
2410 4133 2838 4192 convenerunt,
2857 4126 3153 4197 simulque
3175 4127 3253 4181 ad
3276 4127 3630 4183 Christiano-

1982 4236 2115 4275 rum
2132 4215 2443 4272 ecclesiam
2472 4214 2744 4282 ingressi,
2766 4218 3200 4284 prostraverunt
3224 4231 3286 4268 se
3312 4215 3368 4268 in
3391 4219 3625 4278 terram,

1983 4312 2038 4363 et
2083 4304 2318 4378 pulvere
2369 4301 2566 4372 capita
2597 4315 2708 4355 sua
2746 4305 3223 4371 conspergentes,
3268 4306 3402 4356 ante
3442 4303 3630 4357 Deum

272 4411 400 4466 τοὺς
446 4407 494 4456 οἱ
549 4403 942 4476 συμπράκτορες
987 4399 1173 4466 αὐτῶν,
1223 4399 1302 4448 ὃτι
1355 4395 1402 4446 ἐν
1451 4404 1522 4465 τῷ
1568 4403 1732 4469 καιρῷ
1780 4404 1870 4456 τῆς

1984 4394 2238 4466 gemitus
2267 4397 2322 4447 et
2350 4391 2648 4461 laerymas
2677 4389 3089 4445 effundebant.
3120 4391 3288 4455 Quod
3321 4407 3456 4446 cum
3475 4392 3628 4448 face-

279 4498 465 4554 θυσίας
513 4501 610 4544 τῶν
657 4494 779 4543 θεῶν
829 4488 1122 4562 ἀνεχώρουν
1170 4485 1236 4546 εἰς
1284 4488 1372 4542 τήν
1420 4483 1728 4541 Ἐκκλησίαν
1775 4493 1874 4536 τῶν

276 4590 502 4650 πιστῶν,
532 4585 622 4632 καὶ
664 4581 731 4640 ὡς
785 4577 1008 4640 ἐξητείτο
1057 4575 1274 4635 ἕκαστος
1320 4579 1410 4625 τοῦ
1462 4575 1618 4625 θῦσαι
1665 4576 1874 4626 ἐνώπιον

276 4679 380 4724 τῶν
427 4673 568 4725 θεῶν.
601 4668 861 4727 Ἐλθόντες
909 4668 956 4718 οἱ
1003 4670 1420 4740 παρατηροῦντες
1471 4661 1659 4725 αὐτοὺς
1713 4659 1870 4715 εἷπον·

278 4759 516 4822 Βασιλεῦ,
554 4758 625 4820 εἰς
665 4761 786 4818 τοὺς
829 4756 1014 4816 αἰῶνας
1060 4754 1209 4819 ζῆθι,
1265 4756 1328 4805 σὺ
1381 4755 1502 4813 τοὺς
1556 4751 1626 4811 εἰς
1673 4754 1874 4824 μακρὰν

276 4849 568 4921 ἀπέχοντας
638 4845 998 4920 προσεγγίζεις
1057 4850 1120 4914 τῇ
1197 4843 1356 4912 θυσίᾳ
1415 4848 1514 4892 τῶν
1584 4841 1724 4905 θεῶν,
1785 4844 1874 4891 καὶ

279 4935 399 4991 ἰδοὺ
456 4939 505 4989 οἱ
555 4935 841 5008 ἐγγίζοντές
899 4952 981 4985 σοι
1023 4937 1405 5002 καταφρονοῦσι
1456 4938 1552 4990 τῆς
1606 4927 1874 5001 βασιλείας

279 5043 397 5080 σου·
430 5030 520 5079 καὶ
563 5028 628 5077 τὰ
673 5021 1056 5099 προστάγματά
1100 5039 1192 5071 σου
1243 5017 1520 5091 ἁκυροῦσι,
1551 5021 1641 5069 καὶ
1670 5019 1874 5091 μακρὰν

277 5116 415 5169 αὐτὰ
454 5112 582 5168 εἶναι
623 5116 892 5185 ἡγοῦνται,
923 5114 1014 5162 καὶ
1057 5115 1117 5180 τῇ
1166 5110 1420 5182 θρησκείᾳ
1465 5114 1563 5158 τῶν
1611 5113 1874 5178 Χριστια-

274 5214 376 5258 νῶν
417 5206 746 5278 λατρεύουσι.
779 5198 1182 5272 Μαξιμιλλιανός
1217 5194 1275 5250 δὲ
1320 5195 1380 5254 ἦν
1413 5197 1519 5255 υἱὸς
1565 5202 1656 5247 τοῦ
1705 5194 1869 5270 ἐπάρ-

274 5315 406 5369 χου,
449 5300 538 5346 καὶ
585 5301 787 5368 πρῶτος
832 5289 1018 5354 αὐτῶν,
1050 5291 1140 5338 καὶ
1190 5288 1239 5338 οἱ
1292 5286 1486 5359 ἑταῖροι
1536 5284 1696 5336 αὐτοῦ
1739 5281 1873 5341 ἦσαν

274 5392 476 5458 πρῶτοι
512 5383 559 5434 ἕν
602 5389 711 5442 ταῖς
757 5381 1048 5454 στρατείαις
1091 5384 1189 5428 τῶν
1238 5371 1618 5428 διαϐαλλόντων
1663 5371 1871 5434 αὐτούς.

355 5509 430 5579 (l)
455 5506 1026 5581 Maximilianus,_etc.
1055 5499 1448 5581 Alianoinina
1464 5496 1642 5581 habet
1663 5499 1878 5581 διεξίοι

275 5569 802 5641 rius'Turonensis,
827 5578 919 5629 cui
946 5573 1237 5629 consentit
1257 5569 1741 5641 Martyrologium
1776 5570 1882 5623 Ro-

1985 4489 2130 4549 rent,
2161 4481 2457 4538 observati
2496 4484 2633 4534 sunt
2679 4495 2716 4534 a
2747 4477 3226 4550 speculatoribus
3264 4479 3630 4551 quibusdam

1983 4572 2144 4646 quod
2179 4569 2397 4626 scilicet
2427 4573 2693 4640 tempore
2722 4566 2842 4631 illo,
2879 4583 3001 4638 quo
3033 4566 3320 4623 sacriﬁcia
3351 4568 3461 4623 diis
3491 4569 3631 4624 oﬁ‘e-

1983 4663 2282 4725 rebantur,
2314 4657 2428 4729 ipsi
2462 4657 2538 4712 ad
2564 4656 3029 4711 Christianorum
3057 4656 3369 4711 ecclesiam
3399 4657 3631 4712 secede-

1984 4755 2130 4806 rent.
2163 4751 2430 4819 Cumque
2467 4745 2685 4816 singuli
2732 4744 3042 4814 diligenter
3074 4745 3535 4815 exquirerentur,
3569 4750 3630 4800 ut

1984 4839 2096 4894 diis
2121 4835 2542 4904 sacriﬁcarent,
2565 4838 2944 4890 accesserunt
2960 4833 3062 4905 qui
3081 4833 3354 4887 homines
3374 4832 3502 4888 illos
3526 4833 3630 4888 ob-

1987 4929 2389 4987 servaverant,
2415 4927 2470 4978 et
2500 4921 2841 4994 imperatori
2873 4920 3175 4975 dixerunt:
3213 4920 3403 4985 Vivas,
3441 4921 3633 4992 impo-

1983 5020 2163 5079 rator,
2194 5018 2412 5069 aeterno
2442 5015 2727 5082 tempore.
2756 5013 2838 5065 Tu
2868 5025 2990 5074 eos,
3023 5009 3125 5080 qui
3169 5008 3344 5075 longe
3388 5008 3628 5074 absunt,

1984 5104 2147 5173 cogis
2199 5099 2502 5157 sacriﬁciis
2539 5104 2754 5170 prassto
2802 5113 2950 5161 esse,
2998 5101 3055 5152 et
3110 5098 3210 5167 qui
3243 5112 3428 5168 prope
3471 5101 3630 5163 sunt,

1985 5195 2375 5250 contemnunt
2390 5188 2706 5259 imperium
2727 5191 2918 5250 tuum,
2935 5192 2990 5239 et
3010 5186 3179 5254 jussa
3200 5190 3422 5255 tuapro
3449 5186 3631 5242 nihilo

1987 5281 2220 5346 faciunt,
2271 5276 2734 5333 Christianorum
2813 5273 3201 5329 observantes
3261 5273 3632 5343 religionem.

1989 5373 2122 5426 Erat
2164 5371 2363 5424 autem
2403 5362 2836 5422 Maximilianus
2865 5362 2940 5434 (2)
2973 5363 3098 5433 ipse
3139 5362 3416 5433 praesidis
3447 5363 3628 5434 ﬁlius,

1996 5510 2348 5635 milQTUXIias
2405 5560 2786 5615 Maximianus
2847 5559 3071 5630 primus
3119 5559 3266 5613 inter
3318 5563 3630 5628 martyres.
