4144 6258
574 307 676 374 ι3ί
1738 336 1741 337 ν
1968 289 2214 349 ΜΕΝΞῙΕ

2324 278 2532 347 ILIUS.
3837 286 3945 339 432

575 440 718 497 item
775 432 872 490 alii
919 426 1267 499 cumprimis
1317 424 1570 481 illustres
1612 424 1674 481 in
1728 421 2005 481 exercitu.
2060 419 2214 473 Tunc

2327 422 2452 470 Τότε
2496 422 2667 480 Δέκιος
2715 418 2741 468 ὀ
2786 412 3035 487 βασιλεὺς
3078 408 3357 485 ὀργισθεὶς,
3392 408 3648 463 ἐκέλευσεν
3698 410 3942 482 ἀχθῆναι

576 524 788 582 Decius
827 498 1169 589 impertaor,
1202 515 1289 569 ira
1326 514 1602 584 percitus,
1636 513 1768 568 illos
1795 511 1867 566 ad
1896 525 1957 564 se
1991 508 2214 561 vinctos

2331 506 2535 571 αὐτοὺς,
2586 511 2675 557 καὶ
2732 506 2813 556 ὅτε
2862 501 3306 576 προσηνέχθησαν
3353 498 3566 551 ἐνώπιόν
3627 499 3809 565 αὐτοῦ,
3864 503 3941 552 ἔτι

577 614 713 670 duci
756 588 959 683 jussit.
1020 603 1247 669 Quibus
1300 602 1515 657 ductis:
1573 604 1785 666 Quare,
1832 598 2041 669 inquit,
2100 607 2214 683 non

2328 602 2426 643 τῶν
2480 590 2720 665 δακρύων
2779 596 2826 644 έν
2880 599 2987 651 τοίς
3035 588 3318 659 ὀφθαλμοῖς
3363 588 3525 638 αὐτῶν
3575 593 3751 651 ὄντων,
3801 588 3939 658 λέγει

580 675 990 774 permansistis
1032 692 1367 756 nobiscum,
1401 695 1463 746 ut
1503 690 1617 745 diis
1652 686 2085 748 sacriﬁcaretis,
2118 679 2214 753 qui

2329 682 2503 741 αὐτοῖς
2556 687 2725 741 Δέκιος
2782 682 2806 731 ὁ
2859 678 3128 752 βασιλεὺς·
3181 680 3327 727 Διατί
3386 675 3477 726 οὐκ
3534 676 3767 746 ἐμείνατε
3822 678 3936 747 μεθ’

577 792 765 844 totum
794 783 1003 840 orbem
1030 786 1313 835 terrarum
1336 779 1412 834 ad
1441 778 1552 834 sibi
1569 776 1975 834 obediendum
2011 785 2223 826 convo-

579 872 825 933 carunt?
845 869 1115 926 Accedite
1139 868 1333 937 igitur,
1351 873 1407 922 et
1435 868 1703 922 debitum
1725 865 1840 919 diis
1865 860 2222 917 sacriﬁcium

581 964 802 1030 offerte,
847 956 1357 1031 quemadmodum
1403 971 1613 1010 omnes
1665 957 1857 1010 facere
1901 962 2225 1004 consueve-

579 1056 736 1109 runt.
788 1052 948 1105 Tunc
1022 1043 1452 1101 Maximilianus
1504 1042 1841 1115 respondit:
1907 1038 2220 1100 Habemus,

580 1141 914 1211 imperator,
937 1136 1123 1189 Deum
1145 1133 1202 1186 in
1231 1132 1392 1187 caelis
1421 1132 1810 1194 habitantem,
1846 1128 2012 1198 cujus
2039 1124 2221 1192 gloria

580 1227 799 1284 caalum
819 1230 876 1279 et
902 1228 1056 1278 terra
1076 1220 1252 1291 plena
1273 1224 1383 1281 est,
1409 1219 1501 1273 cui
1527 1217 1883 1272 sacriﬁcium
1912 1212 2223 1269 confessio-

580 1316 673 1373 nis
698 1316 915 1369 nostras
943 1309 1154 1365 offerre
1193 1305 1346 1362 soliti
1382 1323 1613 1368 sumus,
1657 1310 1833 1376 atque
1885 1307 2223 1357 nestrorum

582 1403 918 1461 orationum
960 1397 1243 1454 libamine
1268 1411 1470 1451 coram
1506 1398 1621 1450 Deo
1660 1392 2025 1449 exsultamus
2057 1387 2223 1444 omni

583 1496 869 1561 tempore.
901 1491 1016 1543 Nos
1046 1485 1203 1541 enim
1236 1484 1507 1539 nidorem
1539 1498 1607 1539 ac
1640 1482 1869 1537 fumum
1896 1485 2224 1533 vestrorum

580 1574 1146 1635 sacriﬁciorumistis
1176 1572 1349 1628 idolis
1371 1587 1489 1627 non
1518 1565 2223 1640 offerimus,quandoqui-

580 1666 719 1723 dem
746 1669 974 1721 nostras
1003 1663 1237 1718 animas
1263 1660 1622 1717 labefactare
1653 1658 1952 1714 nolumus.

2330 772 2474 841 ἡμῶν
2532 772 2603 833 εἰς
2660 775 2754 829 τὴν
2816 772 3001 821 θυσίαν
3056 774 3152 817 τῶν
3209 767 3352 829 θεῶν,
3386 766 3565 824 οἵτινες
3622 772 3796 816 πᾶσαν
3841 772 3935 821 την

2332 859 2632 932 οἰκουμένην
2686 857 3105 933 προσκαλοῦνται
3184 857 3303 926 πρὸς
3381 856 3638 913 ἑαυτούς·
3693 860 3780 906 καὶ
3846 863 3932 905 νῦν

2331 949 2634 1020 προσέλθετε
2686 955 2772 1000 καὶ
2853 950 3043 999 θύσατε
3100 949 3192 1001 τὴν
3272 948 3739 1014 κεχρεωστημένην
3806 946 3929 1012 ἡμῖν

2333 1038 2518 1089 θυσίαν
2568 1045 2676 1098 τοῖς
2732 1039 2878 1101 θεοῖς,
2912 1036 3085 1094 καθὼς
3132 1031 3381 1089 ἐποίησαν
3427 1034 3609 1093 πάντες
3642 1035 3691 1083 οἱ
3738 1034 3929 1107 ἄνθρω-

2330 1144 2438 1178 ποι.
2489 1131 2611 1177 Τότε
2676 1124 3086 1196 Μαξιμιλλιανὸς
3146 1121 3461 1193 ἀποκριθεὶς,
3518 1118 3650 1173 εἶπεν
3705 1131 3775 1191 τῷ
3831 1120 3931 1193 βα-

2333 1214 2481 1265 σιλεῖ’
2516 1213 2742 1286 Ἔχομεν
2794 1218 2921 1267 Θεὸν
2974 1212 3020 1263 ἐν
3066 1222 3135 1281 τῷ
3185 1210 3406 1282 οὐρανῷ,
3441 1211 3465 1259 ὁ
3515 1210 3855 1283 οὐρανὸςγκαὶ
3898 1214 3925 1269 ἡ

2329 1310 2395 1372 γῆ
2458 1302 2787 1375 πεπλήρωται
2840 1311 2934 1361 τῆς
2990 1298 3149 1362 δόξης
3207 1298 3387 1362 αὐτοῦ,
3438 1303 3527 1349 καὶ
3579 1299 3716 1367 αὐτῷ
3774 1318 3936 1371 προσ-

2332 1394 2541 1463 φέρομεν
2615 1396 2709 1449 την
2788 1395 3024 1465 κρυπτὴν
3104 1391 3288 1439 θυσίαν
3360 1394 3454 1446 τῆς
3520 1386 3935 1458 ἐξομολογησεως

2332 1482 2496 1550 ἡμῶν,
2541 1484 2629 1532 καὶ
2678 1480 2725 1531 ἐν
2772 1488 2831 1551 τῇ
2884 1475 3088 1549 σπουδῇ
3144 1485 3236 1537 τῆς
3287 1473 3511 1535 δεήσεως
3555 1478 3698 1547 ἡμῶν
3755 1476 3937 1548 ἐμφαι-

2330 1570 2521 1640 νόμεθα
2589 1571 2799 1621 ἐνώπιόν
2870 1568 3029 1620 αὐτοῦ
3098 1563 3397 1626 διαπαντός.
3458 1564 3629 1636 Ἡμεῖς
3684 1570 3783 1640 γὰρ
3843 1570 3933 1624 τὴν

2332 1661 2515 1708 κνίσαν
2584 1664 2674 1708 τοῦ
2745 1663 2942 1707 καπνοῦ
3017 1658 3111 1711 τὴν
3184 1654 3597 1725 μεμολυσμένην,
3648 1655 3930 1724 ἔμπροσθεν

2252 1770 2295 1824 Β
2334 1742 2555 1798 εἰδώλων
2616 1766 2708 1797 σου
2763 1745 2822 1797 οὐ
2888 1748 3260 1819 προσφέρομεν,
3320 1739 3443 1793 οὐδὲ
3499 1744 3599 1812 γὰρ
3655 1740 3928 1813 μολύνομει

2332 1840 2419 1892 τὴν
2444 1837 2799 1909 καθαριότητα
2822 1842 2921 1886 τῶν
2946 1833 3137 1904 ψυχῶν
3164 1834 3192 1889 ἡ
3202 1839 3308 1903 μῶν
3340 1835 3428 1882 καὶ
3459 1839 3557 1881 τῶν
3588 1832 3854 1901 σωμάτων.

2404 1923 2474 1977 Ε’.
2516 1929 2640 1976 Τότε
2710 1928 2879 1983 Δέκιος
2957 1923 3014 1973 οὐ
3102 1918 3349 1991 διελέχθη
3437 1918 3742 1991 ἀμφοτέροις
3794 1920 3921 1990 ἅμα,

2334 2012 2461 2064 ἀλλά
2509 2013 2699 2064 κελεύει
2745 2020 2968 2070 κοπῆναι
3020 2014 3112 2072 τὰς
3178 2010 3342 2069 ζώνας
3401 2008 3590 2062 αὐτῶν.
3645 2014 3743 2061 Καὶ
3796 2009 3928 2079 λέγει

2332 2104 2457 2172 πρὸς
2500 2101 2705 2161 αὐτούς’
2740 2098 2952 2158 Ἐπειδὴ
3001 2101 3142 2171 εὗρον
3191 2100 3326 2169 ὑμᾶς
3361 2098 3618 2159 ἐναντίους
3663 2100 3797 2149 καιά
3839 2106 3929 2159 τῆς

2336 2185 2601 2260 δυνάμεως
2655 2198 2751 2241 τῶν
2804 2192 2946 2256 θεῶν,
2982 2185 3075 2239 διὰ
3121 2195 3272 2239 τοῦτο
3322 2191 3408 2237 καὶ
3462 2188 3602 2257 ὑμεῖς
3655 2185 3931 2259 ἀλλοτριω-

653 1931 722 1987 V.
752 1930 849 1986 His
881 1928 1111 1992 auditis,
1146 1926 1355 1981 Decius
1388 1940 1511 1980 non
1541 1924 1796 1994 amplius
1826 1922 1989 1994 loqui
2017 1921 2221 1984 voluit,

582 2019 687 2076 sed
712 2018 890 2089 jussit
915 2016 1193 2072 militares
1237 2030 1411 2069 zonas
1442 2012 1514 2067 ab
1557 2013 1638 2067 eis
1667 2011 1899 2066 auferri.
1940 2010 2117 2080 Cujus
2142 2010 2224 2065 rei

581 2121 830 2162 causam
858 2119 990 2159 esse
1028 2102 1192 2165 dixit,
1226 2101 1390 2172 quod
1420 2099 1671 2154 deorum
1714 2099 1988 2170 potentiae
2028 2098 2225 2153 adver-

582 2196 773 2251 sarios
815 2192 976 2263 ipsos
1005 2190 1497 2263 deprehenderat.
1541 2189 1827 2244 Praeterea
1849 2189 1979 2243 illos
2025 2204 2060 2242 a
2089 2189 2225 2242 deo-

580 2299 715 2339 rum
770 2280 1175 2336 muniﬁcentia
1228 2277 1619 2349 repellendos,
1656 2283 1832 2349 atque
1864 2278 1941 2331 ab
1996 2276 2226 2347 imperii

581 2370 787 2427 militia
804 2368 1006 2440 procul
1027 2367 1313 2424 arcendos
1338 2381 1463 2420 esse
1480 2365 1756 2430 decrevit,
1780 2365 1985 2437 quoad
2009 2380 2224 2436 oppor-

582 2462 724 2514 tune
763 2457 837 2513 de
875 2457 1113 2512 illorum
1147 2455 1430 2525 religione
1485 2453 1784 2526 inquirere
1816 2459 2041 2525 posset.
2099 2456 2224 2508 Non

580 2547 742 2603 enim
772 2560 1012 2616 aequum
1052 2544 1236 2599 videri
1287 2542 1399 2597 sibi
1440 2542 1656 2607 aiebat,
1699 2542 1933 2597 illorum
1953 2542 2224 2612 juventu-

582 2639 703 2691 tem
734 2633 1044 2690 tormentis
1090 2631 1397 2687 consumi:
1434 2631 1632 2701 itaque
1666 2630 2071 2685 misericordia
2101 2645 2225 2685 mo-

580 2726 708 2779 tum
761 2722 1046 2793 temporis
1099 2720 1357 2791 spatium
1390 2733 1451 2773 se
1483 2717 1595 2772 illis
1648 2718 1991 2783 concedere,
2028 2723 2092 2773 ut
2141 2719 2222 2773 in-

580 2815 735 2866 terea
763 2810 1194 2881 resipiscerent,
1239 2807 1317 2863 ad
1366 2806 1511 2862 deos
1550 2811 1998 2873 reverterentur,
2041 2810 2098 2861 et
2144 2806 2225 2861 vi-

577 2903 798 2954 verent.
853 2899 984 2953 Haec
1030 2897 1174 2952 dixit
1204 2894 1547 2966 imperator,
1580 2899 1636 2949 et
1692 2896 1971 2966 praecepit
2022 2895 2223 2950 ferreis

576 2986 830 3042 vinculis
856 2986 1099 3041 illorum
1122 2983 1273 3040 colla
1298 2983 1453 3053 exui,
1499 2987 1676 3054 atque
1701 3001 1738 3039 a
1766 2999 1875 3039 suo
1900 2988 2214 3055 conspectu

2333 2990 2526 3050 Δέκιος,
2560 2991 2648 3037 καὶ
2700 2986 2893 3058 ἐπῆραν
2923 2990 2989 3038 τὰ
3029 2987 3180 3037 κλοιά
3208 2989 3272 3037 τὰ
3322 2982 3523 3058 σιδηρά
3570 2986 3624 3036 ἐκ
3664 2995 3759 3037 τῶν
3808 3007 3933 3060 τρα-

577 3075 886 3131 removeri.
918 3078 1077 3130 Tunc
1098 3073 1304 3128 Decius
1331 3072 1390 3127 in
1416 3072 1562 3127 alias
1592 3071 1768 3127 urbes
1794 3074 2085 3142 profectus
2113 3077 2214 3137 est,

2331 3074 2508 3145 χὴλων
2562 3074 2749 3143 αὐτῶν,
2807 3080 2896 3127 καὶ
2965 3074 3195 3136 ἐξέϐαλον
3270 3078 3457 3134 αὐτοὺς
3530 3073 3585 3124 ἐκ
3659 3082 3932 3141 προσώποι

578 3167 643 3218 ut
662 3163 1017 3234 faceretquae
1040 3162 1100 3216 in
1120 3162 1321 3216 animo
1333 3159 1617 3227 habebat,
1641 3176 1711 3215 eo
1738 3166 1932 3216 tamen
1951 3161 2214 3227 consilio,

2331 3170 2421 3214 τοῦ
2476 3162 2750 3234 βασιλέως.
2806 3168 2927 3215 Τότε
2978 3159 3063 3213 οὖν
3118 3165 3141 3213 ό
3199 3165 3372 3223 Δέκιος
3443 3161 3645 3224 ἐξῆλθεν
3699 3164 3764 3223 εἰς
3836 3168 3931 3226 τὰς

578 3254 642 3306 ut
669 3251 967 3322 Ephesum
1015 3253 1321 3321 repeteret.
1373 3253 1573 3320 Itaque
1618 3250 1836 3304 sanctis
1868 3249 2025 3314 viris,
2072 3265 2214 3321 quos

2329 3250 2482 3310 ἄλλας
2532 3251 2722 3316 πόλεις,
2783 3252 3056 3323 πληρῶσαι
3108 3256 3166 3302 τό
3223 3249 3419 3322 θέλημα
3486 3252 3645 3302 αὐτοῦ
3704 3258 3787 3304 καὶ
3838 3255 3932 3304 οὖ-

573 3339 856 3402 diximus.
889 3356 1229 3395 concessum
1278 3338 1471 3394 fuerat
1496 3339 1573 3394 ab
1622 3338 1996 3410 imperatore,
2032 3344 2093 3393 ut
2119 3354 2221 3409 per

575 3428 801 3501 aliquot
825 3428 949 3484 dies
980 3428 1161 3484 libere
1203 3428 1421 3482 versari
1460 3433 1720 3498 possent.

2338 2278 2559 2334 θήσεσθε
2598 2286 2690 2338 τῆς
2732 2279 2897 2329 αὐτῶν
2947 2276 3345 2348 μεγαλειότητος
3387 2280 3475 2326 καὶ
3522 2283 3613 2336 τῆς
3665 2282 3932 2348 στρατείας

2335 2374 2429 2426 τῆς
2480 2364 2753 2437 βασιλείας
2802 2369 2966 2436 ἡμῶν,
3017 2367 3109 2425 ἕως
3157 2366 3215 2415 οὗ
3259 2363 3397 2415 λάϐω
3441 2368 3620 2435 καιρόν
3670 2372 3760 2416 καὶ
3811 2370 3937 2437 μετά

2338 2451 2659 2524 δοκιμασίας
2728 2454 3204 2526 ἐπερωτηθὴσεσθε,
3282 2458 3400 2523 περὶ
3479 2461 3573 2513 τῆς
3652 2458 3814 2514 οὔσης
3892 2455 3936 2506 ἐν

2335 2544 2455 2612 ὑμῖν
2516 2545 2811 2615 θρησκείαςο
2865 2544 2921 2594 οῦ
2978 2546 3075 2615 γάρ
3134 2541 3338 2594 δίκαιόν
3402 2540 3541 2592 ἐστιν
3595 2543 3740 2602 εὐθὺς
3800 2543 3939 2595 ἀπω-

2333 2630 2514 2683 λέσθαι
2560 2637 2647 2689 τὴν
2703 2638 2918 2690 νεότητα
2973 2634 3113 2703 ὑμῶν
3172 2636 3260 2682 καὶ
3317 2632 3545 2701 μαράναι
3591 2634 3678 2691 τὰς
3726 2634 3940 2696 ἡλικίας

2334 2721 2474 2791 ὑμῶν
2522 2720 2568 2771 ἐν
2626 2726 2881 2781 ποικίλαις
2937 2718 3211 2793 βασάνοις·
3270 2718 3368 2789 ἐγὼ
3417 2723 3518 2791 γὰρ
3575 2723 3935 2790 συμπαθήσας

2334 2805 2534 2879 δίδωμι
2582 2811 2701 2881 ὑμῖν
2742 2814 2942 2881 καιρόν,
2985 2811 3121 2870 ὅπως
3174 2807 3220 2859 έν
3264 2807 3404 2877 αὐτῷ
3454 2809 3767 2878 σοφισθέντες
3814 2808 3927 2861 ἐπι-

2335 2897 2592 2969 στρέψητε
2645 2904 2734 2950 καὶ
2791 2899 3036 2958 ζήσεσθε.
3098 2904 3223 2950 Τότε
3281 2897 3538 2949 ἐκέλευσεν
3604 2899 3627 2948 ὁ
3684 2895 3927 2968 βασιλεὺς

2329 3357 2424 3398 τως
2482 3337 2555 3390 ἐπ’
2607 3338 2826 3390 ἀνελθεῖν
2880 3340 2949 3400 εἰς
2994 3338 3208 3411 Ἔφεσον
3256 3344 3345 3397 τὴν
3394 3339 3539 3390 πόλιν
3588 3339 3635 3390 ἐν
3686 3341 3821 3409 αὐτῷ
3874 3350 3935 3393 τό

2333 3428 2477 3498 θυμῷ
2535 3436 2628 3487 τῆς
2700 3426 2975 3489 ἀλαζονίας
3047 3431 3228 3494 αὐτοῦ,
3283 3433 3395 3480 τότε
3454 3424 3540 3480 οὖν
3605 3427 3765 3487 ἐδόθη
3827 3438 3940 3492 τοῖς

2330 3515 2502 3586 ἁγίοις
2532 3512 2737 3577 ἔνδοσις
2768 3520 2968 3591 ἡμερῶν
3000 3520 3142 3591 παρά
3172 3524 3262 3568 τοῦ
3297 3515 3569 3588 βασιλέως.

645 3601 732 3656 νι.
769 3604 914 3657 Cum
941 3601 1115 3671 igitur
1143 3605 1549 3672 opportunum
1573 3606 1808 3673 tempus
1834 3602 2215 3667 invenissent,

572 3690 708 3745 etin
736 3688 950 3745 Christi
974 3688 1093 3742 ﬁde
1115 3704 1489 3757 perseverare
1519 3689 2216 3760 constituissent,justitia3

2402 3606 2472 3667 ς’.
2514 3604 2770 3667 Λαϐόντες
2820 3602 2906 3657 οὖν
2963 3610 3142 3678 καιρὸν
3198 3609 3245 3657 οἰ
3294 3606 3454 3676 ἅγιοι,
3507 3605 3813 3677 ἐπλήρωσαν
3871 3610 3941 3659 τὰ

2329 3695 2455 3765 ἔργα
2500 3702 2592 3754 τῆς
2637 3690 2973 3754 δικαιοσύνης
3023 3695 3068 3745 ἐν
3123 3703 3183 3766 τῇ
3239 3700 3413 3747 πίστει
3465 3695 3653 3761 αὐτῶν,
3707 3701 3797 3747 καὶ
3843 3696 3935 3747 λαο

571 3775 855 3847 operibus
894 3775 1352 3829 incumbebant:
1389 3792 1647 3847 cumque
1679 3792 1891 3830 aurum
1926 3784 1981 3832 et
2011 3794 2219 3845 argen-

572 3868 697 3920 tum
722 3879 792 3918 ex
820 3863 1080 3933 paternis
1110 3862 1489 3919 facultatibus
1522 3864 1910 3932 collegissent,
1947 3869 2218 3937 pauperi-

569 3954 686 4010 bus
713 3953 963 4008 multam
1005 3952 1319 4023 pecuniam
1375 3953 1831 4011 distribuerunt:
1868 3958 1925 4008 et
1971 3955 2122 4010 inter
2154 3974 2215 4011 se

569 4042 883 4097 consilium
924 4041 1210 4105 ineuntes,
1244 4040 1500 4097 vicissim
1543 4057 1604 4096 se
1647 4041 1738 4095 his
1780 4044 1971 4097 verbis
2001 4044 2206 4100 adhor-

2328 3781 2498 3843 ϐάντες
2527 3788 2752 3855 χρυσίον
2804 3789 2893 3835 καὶ
2942 3783 3183 3857 ἀργύριον
3231 3784 3283 3834 ἐκ
3326 3792 3421 3835 τῶν
3470 3794 3685 3855 γόνικῶν
3735 3785 3931 3852 αὐτῶν,

2327 3867 2597 3922 διεδίδουν
2642 3880 2746 3931 τοῖς
2789 3881 3039 3943 πτωχοῖς·
3075 3878 3187 3924 τότε
3230 3872 3512 3943 ἐσκέψαντο
3558 3875 3664 3944 μετ’
3697 3873 3934 3931 ἀλλήλων

2324 3963 2411 4008 καὶ
2465 3956 2621 4012 εἷπον.
2681 3963 3126 4032 Ἀποχωρίσωμεν
3178 3962 3389 4022 ἑαυτοὺς
3438 3961 3607 4033 ὀλίγον
3655 3968 3743 4013 καὶ
3793 3962 3930 4024 ἐξέλ-

2325 4049 2486 4118 θωμεν
2536 4047 2589 4098 ἐκ
2634 4058 2728 4110 τῆς
2776 4050 2967 4111 πόλεως
3016 4053 3229 4117 ταύτης,
3279 4054 3367 4101 καὶ
3413 4048 3707 4122 ἀπέλθωμεν
3752 4051 3823 4112 εἰς
3866 4055 3929 4104 τό

566 4130 877 4188 tabantur:
912 4129 1271 4184 Secedamus
1319 4146 1642 4201 parumper
1681 4130 1757 4185 ab
1808 4131 1921 4187 hac
1953 4131 2113 4199 urbe,
2161 4140 2214 4189 et

568 4219 888 4274 subeamus
904 4218 1254 4289 speluncam
1285 4217 1448 4273 iilam
1469 4234 1765 4289 magnam,
1781 4236 1916 4291 quae
1934 4221 2118 4291 vergit
2134 4222 2211 4278 ad

567 4307 881 4363 Orientem.
937 4306 1055 4361 lllic
1109 4307 1303 4376 quiete
1360 4307 1636 4371 viventes,
1692 4309 1879 4362 Deum
1936 4315 2209 4365 nostrum

566 4396 800 4449 attentis
834 4401 890 4449 et
919 4396 1177 4448 assiduis
1202 4395 1479 4464 precibus
1509 4412 1767 4463 oremus,
1798 4404 1859 4452 ut
1888 4398 2031 4453 tales
2060 4400 2208 4454 efﬁci

563 4482 870 4553 possimus
903 4484 1005 4552 qui
1054 4485 1191 4536 ante
1234 4483 1466 4551 tyranni
1511 4489 1817 4554 aspectum
1867 4492 2210 4543 constanter

568 4575 722 4624 stare
778 4568 1116 4624 valeamus:
1165 4584 1359 4639 neque
1409 4570 1758 4626 desinamus
1801 4573 1900 4627 Dei
1960 4573 2207 4642 gloriam

563 4658 923 4725 collaudare,
968 4662 1030 4712 ut
1077 4658 1230 4711 Deus
1262 4656 1383 4728 ipse
1440 4674 1552 4729 ope
1606 4676 1712 4715 sua
1768 4676 1877 4716 nos
1942 4663 2202 4733 adjuvet,

561 4762 683 4819 quo
737 4751 961 4802 rectam
1020 4747 1147 4817 ejus
1188 4745 1623 4802 confessionem
1678 4764 1978 4805 servemus
2036 4768 2206 4808 coro-

561 4850 826 4907 namque
892 4835 1056 4890 illam
1123 4835 1532 4905 incorruptam
1592 4836 1683 4891 his
1743 4844 2035 4908 paratam,
2102 4843 2204 4913 qui

560 4924 690 4996 ejus
745 4923 929 4979 ﬁdem
975 4923 1340 4986 custodiunt,
1375 4927 1435 4982 et
1471 4923 1767 4980 Christum
1810 4937 2201 4997 agnoverunt,

560 5011 825 5080 accipere
869 5011 1189 5081 possimus,
1234 5012 1437 5081 Itaque
1493 5028 1630 5067 cum
1686 5018 1917 5070 tantum
1976 5022 2202 5087 argenti

559 5099 977 5166 sumpsissent,
1009 5105 1301 5170 quantum
1330 5098 1440 5153 illis
1473 5100 1545 5154 ad
1577 5108 1882 5173 sumptum
1906 5106 2044 5161 satis
2075 5124 2202 5163 esse

560 5188 1192 5255 posset,ascenderunt
1221 5188 1280 5242 in
1309 5188 1658 5258 speluncam
1685 5191 1745 5245 in
1770 5197 1969 5248 monte
1999 5196 2197 5264 sitam,

560 5271 759 5341 (mons
786 5272 1007 5328 Ochlon
1034 5276 1382 5347 appellatur)
1424 5293 1544 5348 quo
1576 5279 1633 5332 in
1673 5279 1804 5334 loco
1831 5282 2049 5336 multos
2075 5285 2201 5340 dies

558 5362 991 5432 transegerunt,
1048 5364 1232 5419 Deum
1287 5366 1488 5437 ipsum
1532 5374 1795 5437 orantes,
1841 5376 1895 5423 et
1948 5372 2198 5429 salutem

559 5441 903 5499 animarum
960 5464 1204 5505 suarum
1266 5468 1494 5523 semper
1542 5455 1618 5509 ab
1672 5473 1742 5511 eo
1804 5458 2195 5527 postulantes.

557 5527 847 5589 Jamblico
878 5540 1096 5605 autem,
1130 5539 1232 5611 qui
1271 5543 1548 5599 omnibus
1580 5544 1710 5600 aliis
1757 5552 1880 5603 erat
1910 5557 2048 5604 natu
2086 5551 2193 5607 ini-

2325 4135 2574 4192 σπηλαιον
2627 4140 2681 4187 τὸ
2738 4142 2872 4209 μέγα
2929 4142 2985 4189 τό
3044 4139 3096 4189 ὃν
3152 4139 3205 4200 ἐξ
3258 4138 3510 4190 ἀνατολὼν
3560 4148 3649 4200 τῆς
3704 4141 3923 4202 πόλεως.

2324 4228 2422 4275 Καὶ
2482 4221 2744 4297 δεηθὼμεν
2802 4224 2905 4277 ἐκεῖ
2965 4234 3055 4278 τοῦ
3111 4234 3242 4279 Θεοῦ
3302 4230 3445 4298 ἡμῶν
3494 4233 3621 4299 μετά
3679 4230 3926 4299 ἡσυχίας

2321 4309 2549 4378 ἐκτενῶς,
2627 4319 2715 4365 καὶ
2787 4314 3166 4386 εὐτρεπίσωμεν
3244 4314 3454 4376 ἑαυτοὺς
3536 4315 3745 4368 ἐνώπιον
3827 4326 3922 4369 τοῦ

2319 4402 2565 4474 τυράννου
2620 4411 2975 4475 παραστῆναι,
3035 4408 3105 4474 μὴ
3167 4400 3252 4454 οὖν
3308 4402 3616 4477 ἀργησωμεν
3674 4404 3774 4456 ἀπὸ
3829 4414 3924 4467 τῆς

2320 4485 2623 4559 δοξολογίας
2666 4498 2759 4542 τοῦ
2810 4498 2961 4543 Θεοῦ.
3019 4497 3116 4543 Καὶ
3165 4496 3222 4542 τὸ
3273 4491 3469 4563 θέλημα
3520 4492 3678 4544 αὐτοῦ
3722 4500 3918 4553 ποιὴση

2317 4578 2429 4646 μεθ’
2483 4580 2626 4648 ἡμῶν
2680 4579 2704 4628 ὁ
2770 4581 2978 4651 Κύριος,
3035 4584 3123 4630 καὶ
3194 4579 3550 4653 πληρώσωμεν
3606 4585 3698 4638 τὴν
3755 4582 3921 4640 καλὴν

2319 4665 2593 4736 ὁμολογίαν
2650 4669 2794 4738 ἡμῶν
2848 4666 3057 4719 ἐνώπιον
3122 4677 3212 4719 τοῦ
3284 4670 3553 4743 τυράννου,
3613 4675 3702 4721 καὶ
3753 4670 3922 4723 λάϐω-

2317 4774 2405 4825 μεν
2458 4759 2543 4806 τόν
2595 4753 2885 4831 ἀμάραντον
2944 4762 3187 4829 στέφανον
3238 4760 3324 4808 τόν
3378 4760 3758 4829 ἡτοιμασμένον
3813 4768 3921 4820 τοῖς

2317 4852 2524 4904 πιστοῖς
2575 4850 2664 4896 καὶ
2716 4844 3048 4917 ἐπεγνωκόσι.
3108 4851 3207 4898 Καὶ
3259 4845 3496 4908 λαϐόντες
3553 4851 3680 4918 μετά
3728 4856 3918 4921 χεῖρας

2318 4932 2559 5006 ἀργύριον
2591 4934 2657 4993 εἰς
2685 4934 2830 5005 λόγον
2860 4944 2955 4995 τῆς
2986 4932 3223 4995 δαπάνης
3254 4935 3443 4999 αὐτῶν,
3473 4934 3724 4992 ἀνέϐησαν
3757 4937 3826 4998 εἰς
3856 4941 3915 4988 τὸ

2317 5021 2568 5077 σπήλαιον
2596 5026 2652 5073 τὸ
2685 5022 2736 5073 ὃν
2768 5022 2815 5073 ἐν
2841 5032 2911 5093 τῷ
2940 5029 3043 5096 ὅρει
3074 5032 3143 5093 τῷ
3173 5024 3425 5095 λεγομένῳ
3452 5024 3685 5095 Μοχλὸς,
3714 5031 3803 5076 καὶ
3832 5022 3917 5077 δι-

2315 5116 2439 5179 ῆγον
2483 5107 2585 5161 ἐκεῖ
2616 5110 2799 5171 πολλὰς
2846 5114 3038 5185 ἡμέρας
3089 5118 3499 5185 προσευχόμενοι
3545 5118 3632 5164 καὶ
3678 5112 3916 5185 δεόμενοι

2314 5206 2403 5248 τοῦ
2462 5206 2593 5251 Θεοῦ
2653 5196 2744 5251 διὰ
2808 5204 3016 5269 παντὸς,
3071 5202 3195 5273 ὑπὲρ
3256 5209 3345 5261 τῆς
3406 5206 3667 5273 σωτηρίας
3720 5204 3911 5258 αὐτῶν.

2314 5286 2615 5358 Ἰάμϐλιχον
2640 5286 2698 5339 δὲ
2728 5295 2963 5360 νεώτερον
2994 5294 3115 5340 ὅντα
3150 5294 3237 5341 καὶ
3271 5286 3619 5364 δυνατώτερον
3652 5297 3736 5343 καὶ
3785 5297 3912 5366 φρό-

2311 5394 2475 5446 νιμον,
2507 5376 2675 5438 ἔταξεν
2706 5374 2960 5429 διακονεῖν
3006 5378 3200 5438 αὐτοῖς’
3235 5384 3325 5429 καὶ
3371 5379 3451 5429 ὅτε
3498 5385 3796 5453 κατήρχετο
3842 5380 3911 5441 εἰς

2310 5467 2401 5520 τὴν
2449 5464 2593 5515 πόλιν
2642 5464 2869 5522 ἤλλασσε
2913 5464 2977 5517 τά
3026 5468 3209 5538 ἱμάτια
3249 5466 3408 5517 αὐτοῦ
3443 5470 3505 5527 ὡς
3549 5471 3779 5539 πτωχός,
3818 5474 3910 5521 καὶ

2311 5549 2556 5625 ἐλάμϐανε
2621 5553 2730 5626 μεθ’
2805 5552 2988 5608 ἑαυτοῦ
3059 5552 3301 5629 ἀργύριον
3368 5560 3456 5607 καὶ
3533 5551 3716 5609 ἐδίδου
3795 5564 3909 5624 τοῖς
