4144 6258
303 285 414 341 433
1477 283 1569 342 DE
1606 282 1870 342 SEPTEM

1984 283 2494 349 DRMIENTIBUS.
3556 295 3664 355 434

304 416 543 481 πτωχοῖς
565 408 616 472 ἐξ
641 409 824 473 αὐτοῦ,
853 413 941 461 καὶ
967 409 1192 484 ἠκροᾶτο
1234 415 1288 462 τί
1330 407 1527 481 ἰλέγετο
1558 409 1606 463 ἓν
1631 419 1702 482 τῷ
1733 409 1870 463 παλα

2008 425 2142 477 nor,
2169 417 2225 468 et
2281 414 2577 472 obeundis
2621 418 2956 476 ministeriis
3007 419 3198 492 aptior
3253 422 3430 494 atque
3487 436 3663 494 expe-

305 504 400 569 τίῳ
444 506 534 550 τοῦ
569 497 846 570 βασιλέως.
884 503 981 550 Καὶ
1021 500 1182 560 οὕτως
1224 500 1452 572 ἠγόραζε
1474 505 1566 558 τήν
1598 503 1781 572 χρείαν
1813 498 1870 550 αὖ

2011 499 2206 567 ditior,
2267 503 2616 576 impositum
2667 507 2775 564 fuit
2829 509 3154 579 negotium,
3217 515 3280 567 ut
3327 511 3383 566 in
3447 511 3658 568 urbem

305 597 406 641 τῶν
433 593 522 638 καὶ
572 586 848 661 ἀνήρχετο,
884 586 1201 658 ἀναγγέλλων
1235 588 1409 648 αὐτοῖς
1438 591 1504 640 τά
1530 588 1778 659 λεγόμενα
1812 606 1870 638 κα

2009 588 2413 660 descenderet,
2443 600 2499 650 et
2531 596 2751 669 siquid
2797 598 2920 653 ﬁeri
2958 615 3112 670 opus
3159 604 3331 667 esset,
3389 600 3516 672 ipse
3575 600 3658 658 fa-

2009 683 2182 734 ceret.
2231 681 2364 737 Erat
2419 689 2616 740 autem
2683 687 2918 757 juvenis
2975 685 3068 744 ille
3133 689 3308 744 valde
3373 688 3656 760 prudens.

308 765 449 826 λέως.
2010 766 2211 837 Itaque
2263 786 2401 826 cum
2455 774 2530 828 ad
2578 775 2781 831 urbem
2832 775 3252 841 descendebat,
3286 792 3360 832 ne
3412 777 3657 847 agnosci

306 860 508 926 posset
551 860 773 910 vestem
803 855 1094 919 mutabat,
1129 859 1183 910 et
1215 870 1369 909 unus
1398 855 1610 928 aliquis
1641 871 1671 910 e
1698 867 1949 909 numero
1978 856 2387 916 mendicorum
2420 862 2730 919 videbatur
2763 881 2774 918 :
2809 880 3064 936 cumque
3103 865 3426 936 pecunium
3452 881 3657 922 secum

305 943 566 1004 haberet,
602 949 827 1014 partem
864 944 1125 1016 aliquam
1165 945 1532 1017 pauperibus
1564 939 1992 1000 distribuebat:
2024 941 2210 1002 dabat
2248 949 2422 1006 etiam
2447 967 2716 1024 operam,
2758 957 2820 1010 ut
2845 953 3330 1020 subauscultaret,
3362 954 3656 1026 quidnam

308 681 633 748 πραττόμενα
685 676 799 727 κατ’
858 676 1024 728 αὐτῶν
1083 675 1131 727 ἐν
1184 685 1255 747 τῷ
1316 676 1553 748 παλατίῳ
1604 684 1694 730 τοῦ
1745 675 1902 747 βασι-

302 1031 374 1085 de
401 1031 756 1102 imperatore
787 1033 1101 1089 diceretur.

379 1119 452 1178 Z',
507 1126 606 1172 Καὶ
655 1122 764 1192 μεθ’
822 1123 1016 1196 ἡμέρας
1068 1126 1232 1187 τινάς,
1288 1122 1563 1181 ἐπανῆλθεν
1603 1124 1628 1174 6
1662 1121 1902 1194 βασιλεὺς

305 1213 476 1270 Δέκιος
538 1211 608 1271 εἰς
665 1209 902 1281 Ἔφεσον,
955 1217 1044 1264 καὶ
1097 1221 1432 1286 παραχρῆμα
1486 1210 1715 1264 ἐκέλευσε
1781 1213 1901 1269 τοὺς

304 1305 534 1368 πρώτους
588 1307 678 1358 τῆς
718 1299 930 1364 πόλεως,
994 1303 1076 1353 ἶνα
1123 1309 1230 1363 τοῖς
1276 1307 1392 1374 περὶ
1448 1297 1756 1371 Ἀχιλείδην
1813 1301 1901 1348 καὶ

303 1393 404 1446 τοῖς
456 1387 676 1459 ἑταίροις
732 1388 912 1452 αὐτοῦ,
967 1391 1179 1451 θυσίαις
1223 1389 1461 1441 ἐπιτελεῖν
1511 1396 1619 1450 τοῖς
1665 1392 1900 1459 ματαίοις

300 1472 554 1540 εἰδώλοις,

299 1563 568 1637 ἐγνώριζεν
618 1565 826 1626 αὐτούς.
891 1572 989 1619 Καὶ
1057 1569 1186 1618 οὕτω
1253 1569 1655 1637 κατεσχέθησαν
1706 1567 1754 1615 οἱ
1813 1583 1895 1615 πι-

302 1658 417 1704 στοὶ
449 1653 588 1724 φόϐῳ
615 1654 841 1725 μεγάλῳ,
875 1660 960 1706 καὶ
1000 1658 1155 1716 αὐτὸς
1191 1653 1249 1707 δὲ
1281 1651 1552 1726 Διομήδης
1582 1655 1606 1704 6
1636 1659 1724 1704 xui
1752 1653 1890 1723 Ἰάμ-

637 1483 754 1550 περὶ
838 1478 1006 1529 αὐτῶν
1085 1480 1186 1552 γὰρ
1260 1477 1572 1549 ἐνεθυμεῖτο.
1640 1481 1738 1528 Καὶ
1795 1478 1895 1546 γάρ

2083 1123 2199 1182 VII.
2231 1129 2366 1182 Post
2388 1127 2610 1199 aliquot
2641 1129 2767 1185 dies
2798 1130 2967 1186 rediit
3003 1131 3328 1202 imperator
3351 1131 3563 1185 Decius
3591 1131 3653 1186 in

2012 1212 2221 1268 urbem
2255 1216 2584 1285 Ephesum:
2619 1221 2675 1272 et
2699 1219 2897 1273 statim
2924 1219 3105 1289 jussit
3155 1219 3476 1289 optimates
3517 1235 3651 1273 cum

2011 1299 2101 1354 his
2129 1303 2231 1372 qui
2258 1303 2605 1359 Achillidem
2636 1307 3051 1377 sequebantur,
3085 1311 3143 1361 et
3172 1306 3302 1363 aliis
3340 1307 3444 1377 qui
3483 1310 3652 1361 erant

2008 1387 2144 1453 illic,
2183 1391 2472 1447 sacriﬁcia
2505 1393 2678 1448 vanis
2711 1393 2880 1449 idolis
2910 1394 3155 1450 offerre:
3192 1395 3265 1450 de
3293 1394 3454 1450 falsis
3486 1395 3647 1449 enim

2007 1476 2118 1530 diis
2151 1478 2266 1531 suis
2312 1486 2438 1535 erat
2468 1480 2638 1536 valde
2673 1481 2976 1550 sollicitus,
3010 1499 3147 1538 cum
3193 1499 3394 1538 eorum
3421 1484 3649 1538 vanita-

2003 1569 2120 1619 tem
2153 1581 2273 1621 non
2297 1575 2696 1637 cognosceret.
2723 1572 3122 1636 Quamobrem
3145 1571 3481 1628 Christiania
3506 1570 3646 1626 ﬁdei

2003 1656 2325 1709 sectatores
2374 1657 2580 1712 timore
2609 1673 2828 1726 magno
2868 1659 3285 1716 adiciebantur.
3331 1661 3462 1714 Haec
3505 1673 3644 1714 cum

297 1740 477 1812 ϐλιχος
528 1741 755 1804 ἀκούσας
801 1752 986 1809 ταῦτα,
1022 1743 1198 1806 ἐξῆλθε
1254 1752 1344 1804 τῆς
1374 1743 1564 1804 πόλεως
1608 1745 1744 1814 ἔχων
1777 1743 1870 1813 μεθ

1999 1741 2318 1798 Jamblicus
2345 1744 2683 1811 audivisset,
2717 1763 2984 1817 egressus
3013 1752 3099 1804 est
3124 1763 3195 1803 ex
3223 1748 3383 1816 urbe,
3417 1761 3642 1818 paucos

299 1829 483 1883 ἑαυτοῦ
532 1831 734 1901 ὀλίγους
770 1834 982 1905 ἄρτους,
1038 1839 1127 1885 καὶ
1181 1831 1329 1890 ἀνέϐη
1361 1833 1430 1894 εἰς
1469 1836 1526 1884 τὸ
1567 1835 1683 1904 ὄρος
1723 1834 1771 1882 ἑν
1818 1838 1887 1900 τῷ

309 1919 570 1991 σπηλαίῳ,
605 1923 731 1973 ὅπου
762 1918 895 1979 ἦσαν
927 1924 974 1974 οἱ
1000 1921 1195 1996 ἑταῖροι
1226 1922 1385 1974 αὐτοῦ
1416 1949 1434 1966 ο
1467 1926 1556 1973 καὶ
1589 1917 1888 1991 διηγήσατο

297 2009 472 2071 αὐτοῖς
499 2014 564 2062 τά
607 2016 720 2085 περὶ
758 2020 852 2071 τῆς
893 2009 1104 2064 εἰσόδου
1147 2020 1239 2064 τοῦ
1287 2014 1536 2083 τυράννου
1587 2011 1634 2062 ἐν
1679 2019 1749 2080 τῷ
1792 2030 1890 2063 πα-

295 2098 476 2168 λατίῳ,
536 2105 624 2152 καὶ
683 2102 762 2152 ὅτι
808 2100 1138 2174 ἐξητήθησαν
1183 2105 1311 2168 μετά
1357 2110 1457 2153 τῶν
1489 2101 1886 2172 πολιτευομένων

295 2186 538 2238 εἰσελθεῖν
597 2194 684 2239 καὶ
735 2191 894 2241 θῦσαι
948 2189 1157 2242 ἐνώπιον
1204 2191 1386 2259 αὐτοῦ,
1440 2196 1529 2242 xui
1578 2189 1888 2250 ἀκούσαντες

291 2283 456 2326 ταῦτα
496 2275 703 2347 σφόδρα
751 2276 1107 2348 ἐφοϐήθησαν,
1160 2285 1250 2330 xui
1299 2276 1591 2336 ἐδεήθησαν
1632 2286 1721 2330 τοῦ
1755 2284 1885 2329 Θεοῦ

290 2366 417 2432 μετά
472 2364 730 2436 κλαυθροῦ
804 2372 890 2417 xui
974 2375 1261 2437 στεναγμοῦ
1317 2367 1561 2438 μεγάλου.
1631 2369 1884 2425 Ἀναστάς

294 2449 351 2504 δὲ
379 2451 666 2524 Διομήδης,
700 2456 986 2528 παρέθηκεν
1030 2458 1241 2506 ἐνώπιον
1274 2456 1439 2506 αὐτῶν
1482 2455 1764 2527 τράπεζαν,
1793 2458 1882 2504 καὶ

295 2545 412 2600 τούς
443 2544 628 2614 ἄρτους
657 2543 741 2602 οὓς
787 2544 1018 2616 ἠγόρασε
1061 2552 1152 2595 τοῦ
1201 2543 1503 2616 μεταλαϐεῖν
1556 2543 1744 2603 αύτούς
1790 2545 1880 2592 καὶ

286 2628 710 2703 ἐνδυναμωθῆναι
791 2636 917 2703 πρὸς
993 2636 1079 2684 τόν
1153 2633 1373 2705 πόλεμον
1453 2640 1545 2684 τοῦ
1594 2633 1873 2706 τυράννου,

285 2719 412 2789 ὁμοῦ
475 2717 532 2772 δὲ
571 2723 920 2773 καθεσθέντων
969 2722 1137 2773 αὐτῶν
1181 2721 1228 2773 ἓν
1291 2727 1430 2794 μέσῳ
1478 2729 1570 2774 τοῦ
1617 2721 1875 2778 σπηλαίου

283 2808 557 2879 μετέλαϐον
601 2818 808 2882 τροφῆς,
858 2815 975 2882 περὶ
1026 2806 1237 2878 δυσμὰς
1285 2811 1433 2866 ἡλίου
1467 2827 1478 2838 ·
1512 2812 1581 2870 ὡς
1612 2806 1698 2860 οὖν
1731 2807 1876 2859 ἐκαθ-

285 2897 462 2955 έζοντο
510 2896 822 2967 λυπούμενοι
876 2901 966 2948 καὶ
1013 2896 1305 2967 ὁμιλοῦντες
1363 2895 1616 2958 ἀλλήλοις,
1662 2898 1879 2945 ἐνύστα-

286 2985 376 3045 ξαν
412 2989 502 3036 xui
542 2985 970 3055 ἀπεκοιμήθησαν
1001 3001 1014 3016 ’
1052 2981 1186 3041 ἦσαν
1215 2988 1313 3056 γὰρ
1347 2986 1394 3035 οἱ
1425 2983 1678 3054 ὀφθαλμοὶ
1711 2982 1876 3032 αὐτῶν

287 3071 634 3146 βεϐαρημένοι
662 3071 762 3124 ἀπὸ
791 3081 885 3134 τῆς
929 3073 1098 3133 λύπης
1141 3081 1236 3133 τῆς
1283 3075 1448 3133 οὔσης
1491 3070 1538 3123 ἐν
1565 3079 1626 3142 τῇ
1679 3067 1878 3143 καρδίᾳ
1919 3085 1958 3140 (ς

286 3161 472 3214 αὐτῶν.

354 3257 394 3301 H
419 3290 430 3302 .
465 3250 520 3302 Ὀ
555 3247 613 3302 δὲ
635 3250 915 3322 οἰκτίρμων
942 3255 1030 3301 καὶ
1054 3249 1411 3324 φιλάνθρωπος
1433 3252 1532 3302 Θεό
1545 3269 1582 3315 ς,
1604 3251 1629 3300 6
1656 3250 1874 3300 πάντοτε

277 3341 647 3411 προνοούμενος
699 3347 797 3390 τῶν
849 3335 1044 3390 δούλων
1095 3339 1272 3405 αὐτοῦ,
1322 3337 1636 3410 προσέταξεν
1681 3336 1871 3398 αὐτούς

279 3429 442 3478 θανεῖν
492 3433 577 3478 τόν
637 3428 832 3479 αἰνετόν
911 3429 1123 3480 θάνατον
1196 3432 1285 3478 καὶ
1361 3429 1622 3500 χρηστόν,
1709 3427 1868 3478 ἕνεκεν

274 3525 370 3566 τῶν
431 3516 711 3587 μελλόντων
771 3515 1234 3568 ἀποκαλύπτεσθαι
1285 3517 1579 3586 θαυμάτων.
1629 3519 1729 3567 Καὶ
1773 3514 1866 3566 ούκ

272 3608 494 3676 ᾔσθοντο
575 3612 692 3678 περὶ
763 3614 855 3667 τῆς
932 3611 1232 3675 κοσμήσεως
1289 3613 1380 3656 τοῦ
1452 3604 1613 3655 ὕπνου
1672 3606 1859 3657 αὐτῶν.

272 3699 367 3746 Kui
399 3695 562 3755 οὕτως
591 3694 946 3763 ἐκοιμήθησαν
978 3692 1060 3744 ἐπὶ
1103 3701 1198 3754 τῆς
1234 3701 1348 3762 γῆς,
1392 3693 1417 3742 6
1450 3693 1519 3752 ὡς
1545 3691 1700 3752 ὕπνος
1738 3693 1861 3743 καθ·

271 3788 529 3854 ημερινὸς,
580 3788 669 3833 xui
711 3777 984 3832 ἀπέδωκαν
1024 3783 1111 3840 τὰς
1140 3781 1322 3851 ψυχάς
1362 3780 1550 3832 αὐτῶν.
1592 3779 1680 3840 Ὠς
1721 3782 1861 3830 ἔστιν

267 3872 296 3927 ἡ
339 3867 616 3941 δοξολογία
660 3870 706 3921 ἐν
761 3877 832 3938 τῷ
876 3875 1098 3940 στόματι
1144 3869 1331 3933 αὐτῶν,
1375 3874 1464 3920 καὶ
1510 3872 1568 3920 τό
1612 3867 1859 3941 ἀργύριον

269 3956 382 4016 ὃῆν
437 3959 484 4010 ἐν
537 3967 646 4019 τοῖς
681 3958 977 4031 βαλαντίοις
1028 3958 1216 4024 αὐτῶν,
1253 3955 1314 4016 ἦν
1360 3959 1480 4029 παρ’
1533 3957 1706 4016 αὐτοῖς
1739 3958 1858 4008 ἔνθα

269 4045 401 4105 ἦσαν
455 4052 676 4119 κείμενοι
741 4047 823 4099 ἐπὶ
873 4051 966 4105 τὴν
1017 4055 1134 4118 γῆν.
1187 4054 1259 4118 Τῇ
1303 4043 1361 4098 δὲ
1413 4046 1527 4109 ἑξῆς
1573 4047 1720 4099 ἔωθεν
1771 4045 1857 4097 ἐπ-

265 4137 516 4197 εζήτησεν
568 4137 749 4197 αύτούς
802 4138 826 4187 6
879 4135 1145 4208 βασιλεὺς,
1217 4134 1407 4207 μεταξύ
1487 4145 1582 4187 τῶν
1642 4141 1855 4207 πρώτων

261 4229 343 4276 καὶ
393 4234 491 4276 τῶν
543 4226 941 4296 πολιτευομένων
996 4223 1042 4275 ἐν
1084 4229 1238 4275 παντὶ
1291 4229 1432 4293 τόπῳ
1493 4231 1586 4283 τῆς
1643 4222 1852 4284 πόλεως,

260 4319 349 4366 καὶ
385 4315 489 4385 οὐχ
543 4317 845 4388 εὑρέθησαν.
905 4317 1003 4365 Καὶ
1049 4311 1180 4364 εἶπεν
1240 4315 1264 4362 6
1317 4311 1562 4383 βασιλεὺς
1611 4317 1721 4368 τοῖς
1765 4327 1857 4379 με-

259 4407 504 4474 γιστάσιν
543 4403 702 4454 αύτοῦ
743 4417 754 4429 ⁸

262 4497 536 4543 νεανίσκων
594 4491 813 4555 ἐκείνων,
875 4491 955 4540 ὅτι
1003 4493 1153 4540 τέκνα
1195 4487 1442 4558 λαμπρῶν
1493 4491 1583 4536 καὶ
1623 4485 1854 4556 μεγάλων

265 4576 416 4644 ἦσαν,
473 4584 561 4631 καὶ
614 4578 865 4631 ύπέλαϐον
925 4578 1004 4628 ὅτι
1043 4578 1072 4634 ἡ
1131 4574 1376 4644 βασιλεία
1429 4577 1573 4646 ήμῶν
1631 4574 1852 4647 ὁργίσθη

262 4670 374 4719 κατ’
432 4668 619 4732 αὐτῶν,
673 4664 766 4719 θ’ιά
802 4671 895 4724 τὴν
936 4663 1171 4717 ἀσέϐειαν
1228 4672 1320 4725 τῆς
1379 4662 1722 4737 παραϐάσεως
1761 4664 1854 4714 αύ-

261 4766 360 4807 τὼν
415 4764 504 4815 τῆς
560 4757 846 4828 ἔμπροσθέν
896 4773 994 4824 μου
1057 4771 1068 4782 ·
1121 4759 1209 4804 καὶ
1267 4755 1296 4810 ἡ
1349 4752 1705 4825 φιλανθρωπία
1762 4760 1852 4804 τοῦ

259 4849 478 4918 κράτους
534 4848 678 4915 ἡμῶν
731 4844 787 4895 ού
838 4849 1151 4912 μνησικακεῖ
1199 4838 1302 4901 τοῖς
1348 4839 1731 4913 παραϐαίνουσι
1761 4845 1850 4891 xui

261 4936 630 5007 ἐπιστρέφουσι
683 4937 810 5005 πρὸς
885 4936 1002 4992 τοὺς
1084 4932 1304 5002 εὐμενεῖς
1369 4933 1527 4990 θεούς.
1608 4929 1852 5000 Ἀπεκρί-

264 5027 428 5081 θησαν
478 5021 535 5074 δε
584 5025 631 5073 οἰ
678 5031 869 5091 πρῶτοι
911 5029 998 5079 τῆς
1043 5020 1246 5080 πολεως,
1280 5024 1369 5070 καὶ
1416 5015 1554 5070 εἷπον
1583 5026 1652 5087 τῷ
1687 5017 1848 5089 βασι-

258 5113 332 5164 λεῖ
367 5131 377 5142 ’
429 5117 550 5184 Περὶ
597 5110 794 5162 ἐκείνων
843 5110 937 5159 τῶν
981 5112 1233 5180 νεωτέρων
1274 5115 1374 5159 τῶν
1411 5106 1736 5168 ἀποστατῶν,
1773 5113 1844 5178 μὴ

259 5205 391 5253 ἔστω
440 5201 488 5251 ἐν
549 5200 681 5270 λύπῃ
730 5201 787 5248 τό
840 5199 1024 5268 κράτος
1085 5215 1197 5257 σου,
1247 5192 1424 5253 ἐπειδή
1475 5195 1642 5266 ἀκμήν
1688 5195 1734 5246 ἐν
1783 5205 1842 5268 τῇ

257 5295 481 5362 προτέρα
527 5289 692 5339 αὑτων
738 5287 972 5356 ἀγνωσία
1023 5287 1372 5354 τυγχάνουσι.
1424 5286 1526 5338 Καὶ
1579 5287 1647 5346 ὡς
1693 5285 1844 5342 ἐκού-

261 5397 418 5450 σαμεν
473 5378 654 5429 ἐκεῖνον
699 5379 783 5426 τόν
831 5378 1010 5446 καιρόν
1055 5377 1140 5424 τόν
1179 5369 1409 5424 δωθέντα
1458 5373 1634 5433 αύτοῐς
1682 5393 1843 5444 μετα-

258 5473 408 5529 νοεῖν,
451 5465 496 5516 ἐν
546 5465 686 5533 αύτῷ
733 5462 923 5534 μᾶλλον
978 5463 1226 5518 ἐκάθηντο
1256 5460 1565 5533 πληροῦντες
1597 5465 1655 5513 τό
1686 5465 1842 5512 κακόν

264 5555 455 5627 θέλημα
493 5555 680 5607 αὐτῶν.
722 5557 820 5605 Καὶ
872 5549 1050 5604 ἔλαϐον
1101 5553 1152 5602 τό
1199 5554 1425 5622 χρυσίον
1464 5555 1551 5602 καὶ
1582 5553 1638 5602 τό
1678 5549 1843 5624 ἀργύ-

2003 1844 2188 1900 panes
2215 1847 2418 1887 secum
2449 1833 2660 1899 ferens,
2691 1838 2745 1890 et
2780 1835 2856 1889 ad
2889 1835 3108 1890 montis
3141 1834 3512 1906 speluncam,
3543 1834 3643 1889 ubi

1999 1923 2171 1974 erant
2201 1920 2364 1987 socii,
2393 1937 2664 1978 reversus
2702 1927 2804 1978 est.
2836 1923 3103 1980 Narravit
3129 1922 3477 1990 Jamblicus,
3504 1937 3641 1994 quae

1996 2008 2057 2063 in
2107 2010 2341 2081 tyranni
2391 2011 2610 2082 palatio
2663 2013 2736 2068 ad
2772 2012 2901 2082 ejus
2955 2012 3291 2083 ingressum
3344 2010 3635 2077 audierat,

1997 2100 2052 2151 et
2082 2098 2598 2168 quemadmodum
2638 2100 2870 2172 quaesiti
2909 2099 3140 2156 fuerant
3163 2106 3216 2155 et
3255 2099 3392 2171 ipsi,
3424 2102 3488 2154 ut
3517 2112 3640 2152 una

1997 2199 2131 2240 cum
2167 2186 2295 2242 aliis
2323 2187 2571 2253 civibus,
2604 2193 2892 2260 praesente
2930 2188 3306 2260 imperatore,
3348 2186 3639 2242 sacriﬁca-

1995 2277 2144 2328 rent.
2186 2275 2282 2329 His
2334 2276 2572 2344 auditis,
2621 2278 2955 2332 timuerunt
2992 2277 3092 2342 illi,
3151 2280 3207 2332 et
3255 2275 3442 2331 multo
3496 2290 3634 2330 cum

1996 2363 2219 2431 gemitu
2251 2379 2320 2419 ac
2367 2365 2643 2437 lacrymis
2678 2367 2858 2421 Deum
2891 2365 3109 2436 precati
3153 2369 3308 2419 sunt.
3344 2362 3637 2434 Apposita

1993 2453 2083 2503 est
2120 2451 2299 2519 igitur
2338 2452 2448 2508 illis
2497 2468 2704 2508 mensa
2751 2456 2807 2508 et
2858 2467 3058 2524 panes,
3113 2467 3266 2523 quos
3307 2449 3633 2506 Jamblicus

1991 2543 2234 2603 emerat,
2267 2544 2330 2594 ut
2377 2540 2581 2595 cibum
2634 2544 2937 2596 sumerent
2979 2545 3035 2595 et
3060 2539 3135 2595 ad
3190 2537 3422 2610 tyranni
3473 2540 3635 2592 certa

1988 2639 2126 2679 men
2159 2627 2570 2683 sustinendum
2603 2629 2999 2700 promptiores
3028 2627 3255 2682 ﬁerent.
3302 2624 3632 2681 Consedere

1987 2711 2165 2780 igitur
2213 2715 2272 2769 in
2322 2715 2522 2770 media
2564 2715 2874 2786 spelunca,
2919 2719 2977 2770 et
3027 2714 3148 2771 sole
3202 2714 3503 2770 occidente
3554 2713 3631 2768 ci-

1987 2800 2132 2856 bum
2177 2806 2578 2874 sumpserunt.
2623 2804 2767 2859 Cum
2803 2819 2943 2860 vero
2994 2804 3188 2860 tristes
3239 2804 3526 2868 sederent,
3575 2804 3633 2856 et

1989 2888 2137 2944 inter
2163 2907 2221 2945 se
2268 2891 2763 2964 colloquerentur,
2795 2893 3055 2948 dormire
3086 2895 3418 2964 cmperunt;
3463 2892 3632 2948 erant

1988 2978 2148 3032 enim
2177 2993 2384 3035 eorum
2414 2979 2568 3036 oculi
2594 2984 2833 3052 propter
2859 2996 3170 3038 moerorem
3203 2980 3448 3053 gravati.

2059 3251 2216 3308 VIII.
2247 3256 2312 3306 At
2354 3251 2613 3308 clemens
2643 3269 2713 3309 ac
2738 3255 3035 3324 benignus
3076 3257 3250 3320 Deus,
3285 3257 3388 3328 qui
3441 3256 3625 3312 servis

1984 3339 2108 3394 suis
2161 3356 2396 3412 semper
2442 3341 2726 3412 providet,
2783 3342 2918 3398 fecit
2967 3343 3097 3399 illos
3163 3343 3369 3399 mortis
3435 3353 3621 3411 genus

1979 3428 2284 3500 quoddam
2313 3429 2497 3494 obire,
2532 3435 2720 3502 utper
2744 3446 2847 3486 eos
2875 3430 3164 3487 miracula
3193 3431 3475 3503 quaedam
3518 3447 3622 3503 op-

1982 3521 2235 3586 portuna
2261 3518 2487 3574 ﬁerent.
2512 3523 2714 3590 itaque
2734 3534 2869 3574 cum
2889 3535 3102 3590 sopore
3120 3535 3331 3575 omnes
3359 3518 3620 3592 corrupti

1977 3611 2196 3673 essent,
2228 3606 2287 3661 in
2320 3612 2473 3662 terra
2520 3608 2788 3678 jacentes
2829 3608 3127 3676 obierunt,
3182 3607 3417 3665 animas
3474 3623 3616 3663 suas

1976 3695 2094 3749 Deo
2113 3694 2442 3761 reddentes,
2466 3700 2522 3751 et
2541 3696 2806 3751 divinam
2833 3695 3084 3766 gloriam
3106 3696 3612 3752 concelebrantes.

1969 3785 2291 3851 Argentum
2311 3788 2532 3850 autem,
2551 3785 2713 3856 quod
2732 3784 3033 3840 habebant
3053 3784 3113 3840 in
3131 3785 3254 3840 suis
3277 3784 3615 3856 marsupiis,

1970 3872 2133 3943 apud
2182 3871 2314 3927 illos
2341 3888 2411 3927 eo
2453 3873 2512 3928 in
2544 3873 2697 3938 loco,
2739 3874 2800 3929 in
2825 3889 2947 3946 quo
2969 3873 3270 3943 jacebant,
3308 3874 3610 3930 remansit.

1969 3961 2254 4016 Postridie
2293 3977 2472 4017 mane
2511 3961 2837 4033 imperator
2879 3962 3031 4017 inter
3072 3963 3386 4033 optimates
3432 3962 3614 4032 jussit

1968 4049 2180 4104 iterum
2208 4054 2432 4120 septem
2458 4049 2588 4105 illos
2617 4049 3022 4105 adolescentes
3054 4049 3292 4120 requiri.
3330 4049 3438 4114 Qui
3472 4065 3611 4104 cum

1967 4153 2088 4192 non
2109 4138 2538 4202 invenirentur,
2559 4138 2634 4192 ad
2656 4139 2973 4208 optimates
2995 4152 3315 4192 conversus
3339 4154 3353 4192 :
3377 4139 3612 4206 Magno-

1966 4239 2126 4293 pere,
2160 4223 2370 4293 inquit,
2403 4223 2573 4278 doleo
2605 4229 2849 4294 propter
2895 4223 3337 4280 adolescentum
3372 4223 3607 4279 illorum

1966 4309 2356 4376 calamitates,
2377 4327 2447 4366 eo
2464 4311 2624 4382 quod
2649 4311 2974 4367 illustribus
2990 4315 3046 4366 et
3067 4310 3241 4366 claris
3265 4312 3609 4382 parentibus

811 4401 947 4453 Πολύ
995 4399 1255 4456 ἐλυπήθην
1308 4395 1400 4449 διὰ
1426 4401 1510 4449 τόν
1551 4396 1723 4466 θλῖψιν
1753 4405 1853 4447 τῶν

1984 4399 2076 4455 >rti
2132 4403 2291 4454 sunt.
2345 4399 2568 4470 Opinor
2620 4399 2779 4455 enim
2810 4399 2966 4464 illos,
3011 4399 3327 4456 arbitratos
3375 4399 3608 4470 imperii

1965 4487 2147 4544 nostri
2177 4489 2545 4558 majestatem
2578 4487 2688 4543 sibi
2719 4487 2889 4543 valde
2917 4487 3133 4544 iratam
3185 4503 3333 4551 esse,
3368 4491 3608 4559 propter

1966 4577 2196 4645 pietatis
2245 4580 2463 4632 nostrae
2515 4577 2858 4647 religionem
2910 4575 2986 4632 ab
3024 4576 3140 4631 eies
3171 4575 3474 4640 violatam,
3504 4592 3607 4632 au-

1963 4665 2202 4737 fugisse.
2236 4665 2344 4721 Sed
2371 4665 2601 4736 imperii
2631 4665 2815 4720 nostri
2835 4663 3174 4734 benignitas
3201 4680 3322 4721 non
3363 4681 3605 4722 succen-

1965 4760 2050 4808 set
2089 4755 2178 4808 his
2207 4754 2308 4825 qui
2356 4753 2729 4825 resipiscunt,
2757 4757 2812 4807 et
2855 4751 2930 4808 ad
2974 4751 3223 4807 deorum
3257 4757 3602 4809 nostrorum

1963 4843 2337 4897 clementiam
2355 4843 2588 4897 animos
2612 4840 2920 4896 reducunt.
2941 4841 3074 4895 Haec
3088 4838 3234 4894 dixit
3255 4839 3599 4910 imperator.

1959 4933 2059 4986 Cui
2110 4932 2416 5002 optimates
2460 4931 2929 4999 responderunt:
2979 4927 3143 4993 Quod
3174 4927 3249 4982 ad
3281 4927 3412 4983 illos
3456 4929 3601 4985 ado-

1961 5021 2246 5074 lescentes
2271 5018 2523 5090 pertinet
2555 5019 2852 5084 religionis
2878 5017 3228 5080 desertores,
3253 5015 3483 5087 imperii
3515 5019 3599 5073 tui

1963 5109 2241 5177 majestas
2267 5123 2648 5179 nequaquam
2669 5106 2884 5170 doleat,
2910 5119 3102 5176 neque
3117 5103 3434 5174 resipuisse
3463 5104 3597 5162 illos

1957 5197 2290 5260 arbitretur,
2328 5196 2518 5252 adhuc
2549 5195 2709 5248 enim
2745 5194 2803 5248 in
2843 5192 3091 5262 pristina
3121 5207 3232 5271 sua
3261 5193 3599 5261 ignorantia

1955 5290 2355 5356 perseverant.
2415 5288 2472 5338 et
2502 5288 2560 5338 ut
2606 5281 2970 5346 audivimus,
3004 5295 3075 5335 eo
3133 5279 3264 5350 ipso
3311 5286 3594 5353 tempore,

1954 5375 2117 5446 quod
2144 5373 2284 5444 ipsis
2312 5372 2720 5442 praescriptum
2752 5367 2859 5423 fuit
2883 5368 2960 5423 ad
2983 5369 3342 5424 mutandum
3358 5370 3597 5426 consili-

1956 5479 2080 5522 um,
2132 5460 2552 5533 pertinaciores
2605 5457 2765 5522 facti,
2820 5456 3182 5512 obstinatam
3227 5457 3592 5514 voluntatem

1955 5551 2224 5607 retinent.
2268 5549 2473 5620 Itaque
2522 5550 2836 5618 argentum
2862 5549 2917 5602 et
2970 5561 3184 5604 aurum
3229 5545 3594 5618 pauperibus
