4144 6258
510 269 616 323 435

1917 254 2173 329 namss
2210 254 2475 331 muns.

3761 263 3871 319 436

509 409 617 467 per
645 391 806 449 urbis
856 390 1082 464 plateas
1123 390 1426 463 dispositis
1474 391 1915 455 distribuerunt,
1965 400 2159 459 neque

2280 406 2380 441 οιον
2404 390 2605 443 ταύτῶν
2630 395 2719 444 καὶ
2743 387 3001 445 διέδωκαν
3033 389 3168 441 αὐτὰ
3195 394 3453 460 πτωχοῖς,
3483 388 3551 450 εἰς
3574 390 3671 452 τὰς
3702 388 3873 463 ἀγορά

512 482 771 555 amplius
802 483 1117 552 quisquam
1148 496 1249 535 eos
1293 479 1453 534 vidit.
1487 480 1545 535 Si
1590 481 1785 552 placet
1817 481 1987 551 igitur
2031 492 2159 532 ma-

507 570 704 642 jestati
758 574 893 635 tuae,
937 573 1209 639 parentes
1259 569 1494 625 illorum
1558 570 1888 641 capiantur,
1947 570 2003 623 et
2043 570 2163 620 tor-

506 661 729 731 ‘mentis
804 662 1093 727 cogantur
1172 657 1391 723 dicere,
1465 659 1709 716 ubinam
1780 674 1982 714 eorum
2059 652 2159 708 ﬁlii

514 747 757 803 lateant.
788 745 920 799 Haec
947 745 1198 800 audiens
1220 745 1563 818 imperator,
1601 748 1687 803 ira
1708 747 1964 819 percitus
1988 743 2164 815 jussit

514 834 961 891 adolescentum
976 838 1245 903 parentes
1260 837 1554 891 accessiri.
1573 838 1889 907 Quoslcum
1907 847 2162 905 praesen-

516 928 600 979 tes
630 922 914 977 vidisset:
969 924 1036 977 Et
1081 922 1351 989 ubinam,
1383 925 1601 996 inquit,
1646 930 1786 979 sunt
1830 923 1932 979 ﬁlii
1968 920 2160 989 vestri,

516 1012 749 1082 imperii
802 1014 856 1065 et
900 1011 1207 1079 jussorum
1270 1018 1613 1068 nostrorum
1676 1008 2165 1083 contemptores?

517 1101 828 1170 Propterea
858 1114 963 1154 vos
996 1099 1173 1156 etiam
1200 1100 1533 1159 insolentiae
1566 1102 1831 1173 ipsorum
1861 1116 2044 1158 causa
2083 1098 2162 1154 in-

518 1183 706 1238 terﬁci
731 1183 938 1253 jubeo.

591 1362 674 1414 Ix.
706 1362 867 1415 Tunc
908 1358 989 1413 illi
1031 1358 1334 1416 dixerunt:
1390 1362 1708 1417 Precamur
1736 1365 1811 1430 te,
1865 1359 2164 1429 benignis-

525 1448 673 1504 sime
713 1448 1055 1520 imperator,
1094 1452 1156 1503 ut
1186 1454 1450 1505 nostram
1497 1466 1747 1507 causam
1774 1450 2007 1506 audias.
2052 1452 2168 1505 Nos

524 1537 757 1608 imperii
802 1541 856 1592 et
904 1536 1236 1606 majestatis
1268 1541 1383 1593 tua;
1426 1539 1599 1609 jussa
1645 1555 1767 1595 non
1808 1539 2167 1594 violavimus

523 1641 719 1696 neque
738 1624 994 1695 prOpitia
1010 1624 1260 1680 deorum
1285 1628 1535 1682 numina
1556 1628 1949 1683 deseruimus.
1977 1629 2168 1693 Quare

2276 486 2363 539 ςῆς
2391 480 2603 543 πόλεως,
2649 482 2797 533 αὐτοὶ
2844 478 2902 533 δὲ
2930 484 3107 532 ἔκτοτε
3138 478 3231 529 οὐκ
3275 478 3555 550 ἐφάνησαν.
3589 479 3647 532 Εἰ
3695 485 3870 532 τοίνυν

2275 563 2419 619 δοκεῖ
2446 578 2517 639 τῷ
2548 571 2724 643 κράτει
2757 590 2871 635 σου,
2906 570 3245 640 συσχεθῶσιν
3272 571 3320 620 οἱ
3349 576 3516 637 γονεῖς
3557 569 3727 621 αὐτῶν
3778 576 3871 622 καὶ

2274 653 2694 726 βασανισθῶσιν,
2723 663 2811 711 καὶ
2838 658 2985 710 αὐτοὶ
3026 654 3353 710 δεικνύουσιν
3379 659 3500 729 ἡμῖν
3527 678 3624 710 που
3658 657 3867 717 ἐκεύθη·

2278 764 2393 799 σαν.
2436 746 2558 800 Ὅτε
2607 745 2664 800 δὲ
2708 753 2902 807 ἤκουσε
2946 756 3113 799 ταῦτα
3151 752 3175 798 ό
3214 746 3483 819 βασιλεὺς,
3517 748 3743 819 ὁργίσθη
3779 754 3870 801 καὶ

2275 838 2636 909 μετεπέμψατο
2673 842 2793 898 τοὺς
2830 846 2995 908 γονεῖς
3035 837 3224 901 αὐτῶν,
3269 842 3357 889 καὶ
3385 837 3613 898 ἐλθόντες
3637 840 3867 896 ἔστησαν

2276 924 2486 977 ἐνώπιον
2517 935 2606 979 τοῦ
2638 926 2913 997 βασιλέως,
2945 930 3031 978 καὶ
3062 924 3392 999 ἐπηρώτησεν
3428 927 3619 987 αὐτοὺς
3645 929 3670 978 ό
3704 926 3867 998 βασι-

2275 1014 2389 1076 λεὺς
2412 1016 2569 1086 λέγων
2603 1033 2615 1045 ’
2650 1023 2755 1068 Ποῦ
2796 1016 2924 1068 εἰσιν
2972 1015 3151 1067 ἐκεῖνοι
3186 1018 3235 1066 οἱ
3266 1014 3583 1074 ἀποστάται,
3626 1019 3673 1067 οἱ
3706 1016 3869 1069 ἀποσ-

2276 1106 2452 1164 τάντες
2495 1103 2549 1155 ἐκ
2591 1112 2682 1165 τῆς
2709 1104 2980 1176 βασιλείας
3010 1123 3130 1175 μου,
3158 1109 3247 1155 καὶ
3276 1103 3429 1162 ἀθετή
3442 1124 3623 1167 σαντες
3650 1110 3706 1157 τὸ
3745 1111 3869 1177 πρό-

2281 1195 2492 1263 στάγμα
2527 1195 2668 1264 ἡμῶν
2704 1212 2715 1257 ;
2752 1191 2844 1245 διὰ
2862 1201 3015 1246 τοῦτο
3044 1192 3229 1247 κελεύω
3261 1194 3391 1265 ὑμᾶς
3432 1192 3724 1262 ἀποθανεῖν,
3759 1194 3871 1248 ἀντὶ

2278 1288 2372 1342 τῆς
2408 1278 2715 1355 τυραννίδος
2744 1283 2911 1334 αὐτῶν
2926 1329 2937 1339 ,

2350 1376 2429 1424 (θ’.
2463 1375 2589 1423 Τότε
2638 1370 2995 1444 ἀπεκρίθησαν
3035 1374 3083 1424 οἱ
3123 1378 3288 1442 γονεῖς
3330 1372 3496 1424 αὐτῶν
3529 1372 3741 1426 ἐνώπιον
3782 1382 3872 1427 τοῦ

2280 1457 2539 1531 βασιλέως
2563 1464 2651 1511 καὶ
2681 1457 2826 1513 εἶπαν
2860 1479 2871 1490 ·
2908 1463 3131 1532 Διόμεθά
3163 1481 3279 1528 σου,
3327 1460 3545 1534 βασιλεῦ
3580 1477 3592 1491 ⁸
3622 1465 3773 1534 ἡμεῖς
3814 1466 3872 1515 τό

2278 1552 2598 1620 πρόσταγμα
2651 1557 2740 1600 τοῦ
2812 1552 3035 1623 κράτους
3114 1570 3208 1602 σου
3276 1550 3332 1602 οὐ
3389 1549 3706 1620 παρέϐημεν.
3775 1556 3874 1605 Καὶ

2280 1640 2396 1697 τοὺς
2445 1637 2660 1708 εὐμενεῖς
2716 1640 2860 1700 θεοὺς
2907 1639 2999 1691 οὐκ
3044 1640 3287 1710 εἰάσαμεν
3339 1657 3350 1667 ·
3387 1636 3481 1691 διά
3524 1644 3575 1691 τί
3618 1638 3705 1692 οὖν
3748 1643 3871 1713 ὑπὲρ

525 1714 702 1782 igitur
734 1729 844 1768 nos
874 1712 1132 1776 illorum,
1156 1714 1259 1785 qui
1287 1715 1620 1772 desertores
1650 1721 1810 1780 sunt,
1839 1732 2021 1772 causa
2047 1732 2165 1771 mo-

2281 1724 2480 1778 ἐκείνων
2521 1736 2620 1778 τῶν
2666 1727 2969 1780 ἀποστατῶν
3020 1730 3169 1800 ἡμεῖς
3227 1727 3641 1801 ἀποθνήσκομεν,
3694 1732 3873 1790 οἰτινες

525 1803 750 1859 riemur
770 1803 797 1858 ?
819 1801 985 1869 Quod
1009 1819 1144 1857 vero
1160 1804 1233 1858 ad
1258 1813 1568 1873 argentum
1584 1812 1639 1861 et
1656 1823 1869 1862 aurum
1892 1807 2165 1878 pertinet.

526 1891 664 1946 illia
710 1891 885 1945 nobis
937 1892 1255 1962 pecuniam
1288 1894 1742 1965 subripuerunt:
1792 1912 1976 1968 quam
2033 1912 2171 1950 cum

530 1979 897 2050 pauperibus
927 1979 1386 2048 distribuissent,
1414 1982 1777 2053 aufugerunt
1797 1984 1856 2039 in
1882 1988 2168 2049 montem,

531 2072 589 2122 et
620 2067 724 2122 tibi
754 2066 1103 2124 delitescunt
1155 2069 1217 2125 in
1249 2070 1553 2142 spelunca.
1586 2073 1718 2128 Sive
1746 2072 1924 2143 igitur
1957 2074 2171 2139 vivant,

532 2156 656 2211 sive
689 2157 904 2211 mortui
937 2158 1069 2221 sint,
1096 2159 1596 2229 nosignoramus.
1623 2162 1758 2217 Haec
1785 2163 2037 2217 audiens
2069 2162 2175 2217 im-

532 2248 771 2315 perator
809 2244 969 2299 viros
996 2245 1127 2300 illos
1156 2247 1396 2313 dimisit,
1434 2254 1488 2304 et
1520 2250 1762 2305 multum
1792 2266 1994 2306 secum
2021 2250 2178 2319 cogi-

530 2331 710 2402 tabat,
729 2332 1013 2403 quidnam
1037 2334 1763 2394 faceretadolescentibus.
1786 2340 2082 2409 Benignus
2100 2356 2176 2396 au

533 2426 648 2476 tem
670 2421 894 2476 Deusin
915 2422 1041 2491 ejus
1069 2429 1327 2479 mentem
1355 2425 1572 2496 injecit,
1601 2432 1663 2482 ut
1694 2428 1994 2499 speluncae
2023 2428 2177 2484 illius

531 2508 1075 2580 aditumlapidibus
1096 2511 1445 2578 Obstrueret,
1469 2531 1592 2587 quo
1635 2521 1977 2573 sanctorum
2024 2535 2181 2573 mar-

530 2600 730 2669 tyrum
752 2613 1003 2669 corpora
1023 2600 1255 2669 sepulta
1280 2601 1397 2657 illic
1422 2603 1710 2672 jucerent,
1735 2620 1931 2677 neque
1963 2611 2180 2662 sanctae

530 2685 793 2757 reliquie
811 2691 1249 2752 amoverentur,
1273 2689 1371 2745 sed
1397 2707 1574 2763 usque
1597 2693 1668 2748 ad
1690 2695 2178 2751 resurrectionem

531 2774 725 2846 ipsam
756 2777 971 2831 servari
1004 2781 1266 2847 possent.

607 2949 665 3001 X.
715 2947 922 3004 Decius
980 2964 1122 3020 ergo
1173 2949 1497 3022 imperator
1558 2956 1909 3012 sententiam
1971 2962 2178 3013 contra

532 3035 664 3091 illos
715 3035 1121 3093 adolescentes
1161 3039 1339 3096 talem
1379 3044 1816 3112 pronuntiavit:

532 3123 750 3179 nostris
780 3125 960 3180 edicis
1000 3142 1203 3197 parere
1234 3129 1548 3186 noluerunt
1592 3132 1921 3190 desertores
1951 3137 2180 3193 adoles-

532 3217 749 3279 centes,
764 3216 822 3268 et
841 3218 1171 3271 nostrorum
1194 3217 1434 3273 deorum
1451 3236 1665 3277 numen
1680 3230 2175 3296 contempserunt,

532 3307 845 3375 propterea
873 3309 929 3360 et
954 3304 1067 3377 ipsi
1094 3306 1456 3379 benignitate
1481 3312 1659 3366 nostri
1688 3312 1917 3384 imperii
1948 3314 2179 3385 priven-

532 3395 643 3459 tur,
668 3408 861 3465 neque
886 3394 1143 3467 amplius
1165 3396 1224 3452 in
1244 3403 1631 3470 conspectum
1660 3402 1969 3456 hominum
1994 3419 2178 3475 appa-

528 3484 713 3538 reant.
749 3483 1152 3548 Quamobrem
1183 3486 1474 3556 speluncae
1515 3488 1713 3544 aditus
1747 3490 1906 3545 saxis
1938 3493 2174 3562 magnis

530 3569 894 3635 obstruatur,
917 3572 1310 3641 etsigillorum
1339 3575 2083 3649 munimineimprimatur,
2114 3586 2176 3639 ut

530 3657 644 3712 vivi
673 3657 1019 3727 obruantur,
1052 3665 1107 3716 et
1137 3662 1198 3716 in
1229 3664 1526 3732 ejusmodi
1554 3681 1784 3722 carcere
1818 3670 2169 3727 moriantur.

529 3744 915 3801 Existimabat
934 3748 1093 3802 enim
1115 3754 1233 3803 tam
1250 3751 1592 3823 imperator,
1615 3770 1799 3823 quam
1825 3761 1943 3813 tota
1965 3760 2170 3816 civitas

528 3830 932 3889 adolescentes
962 3834 1095 3889 illos
1120 3836 1318 3893 adhuc
1340 3838 1554 3905 vivere,
1585 3842 1923 3899 Theodorus
1951 3862 2090 3903 vero
2118 3854 2173 3905 et

528 3920 777 3987 Barbus,
810 3923 911 3994 qui
943 3924 1229 3982 fueranta
1259 3926 1528 3984 cubiculo
1561 3931 1950 4003 imperatoris,
1978 3940 2033 3991 et
2064 3940 2170 3992 mi-

526 4010 695 4067 nistri
715 4010 1041 4068 admodum
1066 4012 1289 4081 ﬁdeles,
1315 4032 1449 4072 cum
1477 4024 1671 4075 essent
1690 4028 1744 4075 et
1764 4022 1877 4094 ipsi
1906 4023 2171 4083 Christia-

525 4100 606 4166 ni,
634 4104 876 4171 propter
894 4104 1359 4172 persecutionem
1387 4122 1516 4161 sese
1539 4109 1995 4168 occultaverant.
2022 4117 2168 4171 Tum

523 4187 672 4245 inter
694 4205 757 4246 se
781 4191 862 4246 ita
874 4190 1181 4249 dicebant:
1206 4194 1544 4251 Scribamus
1566 4201 1921 4271 martyrium
1938 4209 2167 4275 septem

524 4278 980 4336 adolescentium
1000 4282 1059 4337 in
1074 4282 1360 4354 plumbeis
1374 4285 1615 4353 tabulis,
1633 4291 1908 4361 quoniam
1930 4298 2170 4365 propter

524 4367 731 4424 Christi
776 4369 952 4425 ﬁdem
987 4374 1202 4428 mortui
1235 4379 1392 4443 sunt,
1426 4379 1481 4430 et
1527 4382 1814 4448 martyres
1843 4379 1977 4436 facti
2009 4388 2164 4439 sunt.

524 4457 665 4521 Quae
692 4461 889 4511 autem
911 4459 1343 4529 scripserimus,
1367 4462 1428 4516 in
1451 4464 1619 4518 aereis
1644 4465 1854 4521 loculis
1886 4484 2167 4541 reponsa-

522 4560 677 4608 mus,
705 4547 760 4599 et
784 4543 1198 4616 loculosipsos
1230 4548 1419 4617 sigillo
1451 4552 1730 4620 munitos,
1763 4555 1911 4611 inter
1935 4558 2164 4629 lapides

520 4633 623 4705 qui
663 4636 801 4688 sunt
823 4633 882 4688 in
918 4648 988 4688 eo
1034 4634 1189 4699 loco,
1222 4650 1518 4707 ponamus
1552 4640 1838 4711 (fortassis
1871 4646 2027 4701 enim
2058 4649 2167 4704 Do-

519 4722 719 4779 minus
738 4727 875 4778 ante
887 4723 1195 4780 novissimi
1216 4727 1509 4783 adventus
1540 4729 1698 4786 diem
1719 4738 2007 4805 martyres
2030 4737 2167 4795 visi-

520 4812 711 4884 tabit),
744 4817 806 4866 ut
832 4812 878 4866 si
906 4828 1027 4884 quo
1077 4816 1340 4884 tempore
1382 4816 1665 4887 spelunca
1693 4820 1821 4877 haec
1870 4826 2163 4893 patefacta

519 4905 574 4956 et
594 4904 935 4957 sanctorum
954 4905 1285 4974 martyrum
1304 4920 1554 4977 corpora
1567 4908 1625 4963 in
1646 4915 1914 4981 apertum
1935 4916 2162 4985 prolata

518 4988 754 5054 fuerint,
785 5005 858 5045 ex
898 4990 1223 5048 litterarum
1272 4998 1671 5052 monumentis
1717 4998 1953 5058 illorum
2005 5004 2161 5063 facta

516 5077 665 5133 disci
698 5080 950 5150 possint.
980 5083 1261 5139 Fecerunt
1286 5083 1462 5154 igitur
1491 5085 1832 5145 Theodorus
1861 5096 1915 5147 et
1938 5095 2159 5151 Barbus

518 5167 681 5237 quod
710 5167 860 5223 inter
891 5184 951 5225 se
984 5173 1596 5231 communicaverant.

582 5255 668 5310 XI.
700 5258 1003 5327 Temporis
1035 5260 1342 5319 intervallo
1374 5270 1641 5321 mortuus
1681 5270 1765 5323 est
1796 5267 2001 5325 Decius
2047 5271 2157 5327 im-

515 5346 771 5415 perator,
828 5349 883 5399 et
938 5350 1061 5405 tota
1112 5356 1253 5408 aetas
1302 5352 1401 5409 illa
1452 5354 1681 5410 interiit.
1737 5358 2156 5417 Successerunt

514 5436 714 5490 autem
752 5433 1136 5519 imperatores
1175 5456 1283 5496 suo
1322 5443 1575 5515 quisque
1620 5452 1901 5517 tempore,
1951 5449 2153 5519 quoad

514 5518 881 5578 Theodosius
908 5517 1231 5591 imperator
1256 5534 1553 5600 sceptrum
1585 5536 1780 5591 tenere
1812 5517 2007 5608 coepit.
2042 5537 2151 5603 Qui

2200 4425 2245 4479 Ι)
2279 4392 2326 4444 ἐν

2281 1819 2338 1866 τό
2366 1814 2611 1887 ἀργύριον
2652 1819 2796 1888 ἡμῶν
2832 1822 2920 1869 καὶ
2951 1820 3007 1868 τὸ
3037 1822 3259 1891 χρυσίον
3293 1820 3534 1888 ἧρπασαν
3566 1823 3655 1870 xui
3687 1816 3875 1871 διέδω-

2283 1924 2376 1955 καν
2428 1912 2681 1977 πτωχοῖς,
2752 1912 2840 1957 καὶ
2907 1903 3023 1958 ἰδοὺ
3091 1907 3221 1959 εἰσὶν
3287 1906 3630 1980 κεκρυμμένοι
3695 1907 3741 1959 ἐν
3800 1918 3874 1979 τῷ

2288 1994 2527 2065 σπηλαίῳ
2563 2012 2575 2023 ·
2608 1999 2697 2046 καὶ
2754 1993 2801 2046 ἐν
2850 1995 3009 2067 πολλῇ
3077 1995 3247 2065 θλίψει
3304 2002 3392 2049 καὶ
3446 1993 3711 2068 ἀδημονίᾳ
3762 1993 3876 2049 διά-

2286 2102 2469 2153 γουσιν
2506 2101 2515 2111 ·
2548 2086 2647 2135 εἶτε
2668 2088 2836 2136 τοίνυν
2874 2084 3034 2145 ζῶσιν
3066 2088 3164 2137 εἴτε
3184 2090 3272 2137 καὶ
3305 2084 3580 2149 ἀπέθανον,
3609 2086 3700 2137 οὐκ
3732 2083 3877 2139 οῖδα-

2287 2192 2396 2243 μεν.
2431 2177 2530 2225 Καὶ
2555 2180 2720 2225 ταῦτα
2750 2173 2974 2234 ἀκούσας
3011 2176 3035 2225 ὁ
3068 2172 3336 2245 βασιλεὺς,
3388 2173 3640 2227 ἀπέλυσεν
3672 2176 3879 2237 αὐτούς.

2290 2262 2369 2314 Ἐν
2414 2261 2572 2333 πολλῇ
2622 2259 2709 2315 οὖν
2745 2264 2924 2334 σκέψει
2974 2263 3210 2335 ὑπῆρχεν
3240 2265 3265 2315 ὁ
3299 2263 3549 2335 βασιλεὺς
3588 2270 3641 2317 τί
3669 2270 3883 2324 ποιήσει

2289 2351 2501 2413 ἐκείνοις
2525 2358 2630 2413 τοῖς
2657 2349 2917 2414 παιδίοις.
2956 2360 3013 2405 Ὁ
3058 2350 3116 2405 δὲ
3143 2353 3497 2425 φιλάνθρωπος
3529 2358 3658 2415 Θεὸς
3686 2351 3879 2409 ἔδωκεν

2290 2439 2362 2501 εἰς
2390 2444 2483 2498 τὴν
2508 2436 2731 2513 καρδίαν
2758 2440 2917 2493 αὐτοῦ
2945 2440 3292 2513 ἐναποφράξαι
3318 2446 3375 2495 τό
3400 2448 3616 2515 στόμιον
3638 2451 3731 2496 τοῦ
3750 2464 3886 2503 σπη-

2288 2527 2435 2579 λαίου
2468 2527 2658 2580 ἐκείνου
2688 2529 2867 2594 λίθοις,
2904 2534 2993 2581 καὶ
3032 2539 3185 2583 τοῦτο
3214 2531 3306 2583 οὐκ
3337 2531 3389 2594 ἐξ
3421 2529 3559 2584 ἰδίοδ
3596 2533 3886 2605 θελήματος

2290 2624 2380 2668 τοῦ
2414 2624 2567 2682 Θεοῦ,
2594 2618 2676 2668 ἵνα
2705 2626 2937 2690 ταφῶσιν
2960 2618 3066 2671 ἐκεῖ
3092 2622 3158 2671 τά
3181 2625 3399 2692 σώματα
3430 2630 3530 2673 τῶν
3561 2621 3720 2693 ἁγίων
3748 2642 3888 2696 μαρ-

2288 2707 2470 2777 τύρων,
2510 2707 2592 2757 ἰνα
2620 2710 2691 2778 μὴ
2716 2709 2971 2765 κινηθῶσι
2997 2710 3060 2760 τά
3085 2708 3303 2780 λείψανα
3329 2710 3516 2776 αὐτῶν,
3540 2708 3711 2769 ἐπειδὴ
3741 2709 3882 2769 ἦσαν

2288 2814 2343 2847 τε
2364 2796 2597 2867 ἠρημένα
2627 2796 2692 2856 εἰς
2722 2802 2814 2855 την
2842 2799 3136 2869 ἐπιφάνειαν
3174 2807 3269 2861 τῆς
3297 2798 3618 2861 ἀναστασίως
3644 2808 3738 2853 τοῦ
3773 2809 3880 2855 Κυ-

2287 2888 2425 2958 ρίου.

2362 2972 2418 3025 Ι’.
2447 2977 2571 3026 Τότε
2616 2973 2910 3047 ἀπεφήνατο
2952 2976 3065 3029 κατ’
3120 2977 3287 3030 αὐτῶν
3332 2982 3523 3044 Δέκιος,
3572 2984 3661 3031 καὶ
3688 2976 3822 3032 εἶπεν
3864 2996 3881 3011 ⁸

1880 3047 2175 3110 Quoniam
2216 3072 2256 3129 ρ
2290 3059 2503 3120 Ἐπειδὴ
2564 3063 2856 3123 ἠπείθησαν
2905 3073 3012 3128 τοῖς
3061 3068 3321 3140 ἡμετέροις
3381 3071 3781 3141 προστάγμασιν
3838 3073 3889 3123 οἱ

2292 3150 2580 3204 ἀποστάται
2654 3152 2854 3219 ἐκεῖνοι,
2911 3160 2999 3207 καὶ
3056 3160 3441 3230 κάτεφρόνησαν
3498 3166 3597 3209 τῶν
3663 3159 3883 3230 εὐμενῶν

2292 3242 2434 3303 θεῶν,
2516 3244 2604 3291 καὶ
2696 3241 2845 3292 αὐτοὶ
2910 3246 3206 3317 στερηθὼσι
3263 3254 3353 3305 τῆς
3415 3246 3712 3319 εὐπρεπείας
3784 3256 3881 3309 τῆς

2290 3326 2581 3399 βασιλείας,
2634 3334 2722 3381 καὶ
2776 3333 2966 3401 μηκέτε
3013 3340 3239 3403 φανῶσιν
3290 3332 3499 3387 ἐνώπιον
3541 3344 3639 3388 τὼν
3691 3336 3888 3411 ἀνθρώ-

2285 3436 2411 3479 πων,
2450 3414 2543 3469 διὰ
2571 3425 2719 3471 τοῦτο
2753 3423 3127 3491 σφραγισθήτω
3151 3426 3209 3474 τὸ
3239 3429 3452 3495 στόμιον
3484 3433 3575 3477 τοῦ
3622 3426 3888 3483 σπηλαίου

2284 3504 2444 3566 λίθοις
2506 3507 2750 3577 μεγάλοις
2799 3507 2881 3561 ἐπὶ
2959 3513 3017 3561 τὸ
3092 3515 3450 3572 καταποθῆναι
3506 3520 3596 3567 καὶ
3648 3513 3889 3586 ὶκλείψαι

2285 3598 2378 3653 τὴν
2444 3595 2581 3655 ζωὴν
2637 3597 2820 3665 αὐτῶν,
2891 3604 2979 3651 καὶ
3038 3598 3365 3655 ἀποθάνωσιν
3419 3602 3467 3654 ἐν
3526 3612 3587 3677 τῇ
3652 3604 3884 3677 φυλακῇ,

2288 3681 2498 3742 Ἐπειδὴ
2556 3683 2782 3756 ἐνόμιζεν
2834 3689 2859 3738 ό
2910 3686 3156 3759 βασιλεὺς
3208 3695 3299 3742 xui
3347 3698 3493 3745 πᾶσα
3528 3694 3557 3751 ἡ
3604 3692 3752 3755 πόλις
3805 3695 3887 3746 ὄτι

2286 3772 2448 3833 ζῶσιν
2490 3772 2659 3844 ἀκμὴν
2691 3777 2739 3827 oi
2768 3776 2929 3845 ἅγιοι.
2980 3774 3251 3851 Θεόδωρος
3293 3776 3352 3832 δὲ
3390 3786 3479 3833 καὶ
3529 3784 3555 3834 ό
3610 3782 3808 3855 Βάρϐος
3836 3786 3887 3835 οἱ

2282 3861 2705 3937 κουϐικουλάριοι
2774 3870 2864 3917 καὶ
2967 3872 3147 3920 πιστοὶ
3224 3877 3314 3920 τοῦ
3397 3869 3671 3942 βασιλέως,
3746 3869 3885 3931 ἦσαν

2281 3955 2590 4021 Χριστιανοὶ
2634 3957 2722 4004 xui
2778 3954 2990 4025 ἔκρυϐον
3045 3956 3258 4019 ἑαυτοὺς
3314 3958 3414 4011 ἀπό
3462 3968 3553 4013 τοῦ
3589 3961 3747 4032 φόϐου
3790 3970 3885 4015 τοῦ

2284 4033 2542 4108 διωγμοῦ.
2637 4045 2736 4093 Καὶ
2804 4042 2938 4094 οὕτω
3008 4048 3132 4118 πρὸς
3208 4045 3455 4110 ἀλλήλους
3518 4046 3883 4123 διελογίσαντο

2654 4132 2964 4203 Γράπτωμεν
3004 4130 3071 4192 δὴ
3121 4135 3186 4196 εἰς
3240 4142 3448 4208 πτυχία
3495 4137 3738 4211 μολυϐδά
3783 4146 3878 4201 τὴν

2279 4221 2569 4289 μαρτυρίαν
2651 4226 2748 4269 τῶν
2833 4220 2994 4290 ἁγίων
3077 4226 3286 4291 τούτων,
3364 4228 3443 4278 ὅτι
3501 4224 3594 4281 διά
3647 4234 3882 4304 Χριστὸν

2281 4304 2549 4370 ἀπέθανον,
2618 4311 2708 4358 καὶ
2771 4310 3025 4381 μάρτυρες
3102 4312 3223 4377 εἰσὶ,

2281 4131 2370 4178 καὶ
2401 4124 2539 4179 εἷπον
2586 4146 2598 4158 ·

3302 4320 3391 4366 καὶ
3447 4317 3507 4374 θή
3518 4336 3685 4389 σωμεν
3745 4319 3884 4372 αὗτά

2426 4393 2783 4468 γλωσσοκόμῳ
2882 4398 3065 4470 χαλκῷ
3160 4406 3249 4454 καὶ
3346 4410 3717 4479 σφραγίσωμεν
3828 4408 3878 4461 ἐν

2280 4480 2534 4556 σφραγίὸι
2610 4490 2698 4538 καὶ
2782 4489 3085 4559 κρύπτωμεν
3166 4491 3298 4543 αὖτά
3377 4494 3567 4565 μεταξὺ
3644 4504 3742 4548 τῶν
3795 4497 3877 4550 λί-

2280 4573 2377 4623 θων
2448 4579 2547 4623 τῶν
2633 4578 2788 4626 ὄντων
2860 4575 3043 4631 ἐκεῖσε.
3132 4581 3289 4651 Τάχα
3388 4585 3489 4656 γὰρ
3576 4583 3880 4641 ἐπισκέπτε-

2276 4679 2362 4711 ται
2448 4660 2629 4721 αὐτοὺς
2686 4664 2711 4713 ό
2769 4666 2957 4736 Κύριος
3013 4670 3111 4736 πρὸ
3178 4677 3273 4730 τῆς
3350 4670 3614 4734 ἐλεύσεως.
3685 4676 3873 4742 αὐτοῦ,

2276 4750 2438 4800 εἴποτε
2482 4758 2647 4822 καιρῷ
2703 4750 2901 4822 ἀνοιγεῖ
2935 4757 2992 4806 τό
3051 4756 3325 4821 σπήλαιον,
3386 4766 3475 4813 xui
3533 4767 3873 4836 φανερωθῶσι

2272 4837 2335 4887 τὰ
2394 4843 2609 4908 σώματα
2679 4848 2775 4891 τῶν
2834 4841 2994 4912 ἁγίων
3077 4843 3510 4900 ἀποκλεισθέντων
3604 4851 3654 4903 ἐν
3708 4853 3871 4925 αὐτῷ,

2272 4930 2359 4977 καὶ
2412 4925 2799 4997 ἐπιγνωσθῶσιν
2851 4929 2950 4982 ἀπὸ
3003 4941 3101 4985 τῶν
3148 4937 3470 5007 γραμμάτων
3510 4943 3721 4995 τούτων.
3771 4949 3872 4997 Καὶ

2272 5015 2442 5086 ὥσπερ
2471 5014 2860 5087 ἐνεθυμήθησαν
2890 5022 2938 5072 οἱ
2973 5026 3149 5074 πιστοὶ
3179 5021 3361 5076 ἐκεῖνοι
3384 5023 3592 5099 ἄνδρες,
3624 5030 3758 5082 οὕτω
3780 5038 3876 5085 καὶ

2274 5100 2419 5159 ἐποίη
2433 5122 2547 5157 σαν.

2342 5278 2423 5329 [AI
2500 5280 2561 5334 Ἀ
2618 5282 2657 5331 ιθ
2828 5279 2888 5334 δ’
2950 5285 2961 5293 ⁸
3226 5290 3234 5303 ι
3354 5294 3362 5303 υ
3594 5298 3603 5310 ι
3702 5301 3721 5308 ,ι
3847 5300 3859 5309 ο

2432 5321 2441 5331 .
2566 5299 2625 5332 πε
2664 5300 2773 5333 ανεν
2865 5303 2886 5334 ε
2940 5303 2963 5335 ο
3023 5284 3268 5356 βασιλευς
3303 5295 3474 5353 Δεκιος
3521 5311 3609 5345 και
3652 5314 3798 5348 πασα
3838 5318 3867 5355 η

2264 5367 2407 5434 γενεά
2456 5366 2617 5425 ἐκείνη
2678 5374 2766 5420 καὶ
2819 5370 2962 5423 ἄλλοι
3041 5372 3279 5443 βασιλεῖς
3344 5376 3684 5434 ἐϐασίλευσαν
3752 5387 3866 5455 μετ’

2264 5454 2417 5503 αὐτόν
2474 5452 2520 5505 ἐν
2574 5462 2634 5525 τῇ
2690 5454 2903 5528 ἐξουσία
2946 5468 3036 5521 τῆς
3081 5460 3355 5532 βασιλείας
3407 5467 3595 5538 αὐτῶν,
3650 5471 3743 5531 ἓως
3801 5474 3865 5525 οὗ

2263 5538 2449 5599 ἀνέστη
2483 5539 2761 5606 Θεοδόσιος
2792 5548 2816 5599 ό
2847 5552 3033 5612 πιστὸς
3064 5548 3329 5621 βασιλεύς.
3370 5561 3467 5609 Καὶ
3520 5555 3567 5608 ἐν
3602 5566 3671 5629 τῷ
3714 5578 3865 5634 τρια-
