4144 6258
331 242 435 298 437

1508 244 1600 300 DE
1640 241 1922 312 SEPTEM
1962 242 2402 322 DOBMIENTI‘B
2413 252 2516 310 US.

3582 262 3687 318 438

326 373 501 438 κοστῷ
559 360 732 436 ὀγδόῳ
784 367 884 418 ἔτει
948 374 1039 426 τῆς
1101 365 1369 439 βασιλείας
1412 368 1590 435 αὐτοῦ,
1661 368 1918 441 ἐπιφοίτη-

2039 386 2173 428 cum
2199 375 2468 447 religiose
2499 383 2555 438 et
2583 381 2909 441 Christiane
2936 383 3273 458 imperaret,
3303 390 3686 443 surrexerunt

332 475 428 509 σαι
492 457 626 516 τινες
697 462 796 505 τῶν
863 456 1127 526 αἱρετικῶν
1191 456 1501 530 βουλόμενοι
1570 455 1930 511 διασκεδάσαι

331 550 425 604 τήν
477 543 762 595 ἀνάστασιν
806 552 903 594 τῶν
951 553 1158 618 νεκρῶν,
1212 549 1272 603 ἣν
1316 547 1340 597 6
1388 551 1618 619 Χριστός
1645 546 1928 618 ἐχαρίσατο

333 641 394 705 τῇ
454 632 578 704 ἁγίᾳ
623 631 781 683 αὐτοῦ
833 633 1137 691 Ἐκκλησία.
1198 637 1262 687 Οἱ
1316 632 1375 687 δὲ
1441 632 1812 708 εἰδωλολάτραι
1883 637 1931 687 οἱ

337 726 727 796 στρατευόμενοι
794 720 844 772 ἐν
917 731 988 792 τῷ
1066 723 1321 796 παλατίῳ,
1405 720 1638 797 διωγμόν
1719 727 1928 798 φανερόν

333 814 536 863 ἐποίουν
611 815 923 862 κατενώπιον
998 819 1089 863 τοῦ
1162 811 1436 884 βασιλέως,
1508 819 1597 866 καὶ
1654 816 1702 866 οἱ
1771 811 1927 872 δῆθεν

333 900 637 971 καλούμενοι
716 898 990 952 ἐπίσκοποι
1069 899 1362 971 ἀγαπῶντες
1436 899 1764 975 διαστρέφειν
1839 904 1928 962 τὰς

332 985 484 1048 ὁδοὺς
567 993 759 1061 Κυρίου
844 991 930 1048 τὰς
1023 989 1240 1052 εὐθείας,
1320 991 1508 1053 πολλὰς

333 1073 592 1130 ἐδείκνυον
644 1076 691 1128 ἐν
744 1085 855 1138 ταῖς
912 1086 1002 1130 τοῦ
1064 1084 1189 1132 Θεοῦ
1265 1079 1587 1141 ἐκκλησίαις

1023 989 1240 1052 εὐθείας,
1320 991 1508 1053 πολλὰς
1605 990 1926 1063 παραϐάσεις

1669 1077 1729 1138 ἦν
1784 1077 1923 1132 δὲὸ

332 1174 613 1241 κορυφαῖος
669 1166 836 1219 αὐτῶν
893 1172 982 1220 καὶ
1044 1169 1246 1220 πάντων
1313 1177 1410 1219 τῶν
1482 1176 1651 1220 κακῶν
1743 1171 1924 1234 αἴτιος,

334 1254 608 1331 Θεόδωρος
655 1257 680 1308 6
736 1257 1016 1318 ἐπίσκοπος
1063 1257 1248 1327 αἱγεῶν
1297 1264 1390 1318 τῆς
1436 1257 1629 1318 πόλεως
1675 1257 1786 1329 ἅμα
1828 1265 1928 1308 τῶν

334 1349 426 1397 σύν
481 1345 622 1414 αὐτῷ
671 1350 843 1410 ὄντων,
896 1345 988 1397 οὐκ
1037 1345 1334 1417 ὀφειλόντων
1385 1347 1726 1418 ὀνομάζεσθαι
1769 1345 1816 1397 ἐν
1865 1354 1923 1418 τῇ

329 1432 495 1506 βίϐλῳ
528 1437 689 1506 ταύτῃ
727 1431 930 1498 ἐπειδὴ,
955 1430 1174 1497 ἐδίωξαν
1199 1440 1290 1494 τὴν
1318 1435 1626 1493 Ἐκκλησίαν
1649 1443 1738 1488 τού
1770 1441 1922 1489 Θεοῦ.

324 1522 382 1574 Ὀ
428 1521 486 1574 δὲ
519 1522 765 1594 βασιλεὺς
817 1519 1102 1585 Θεοδόσιος
1129 1524 1246 1575 καθ’
1279 1524 1501 1582 ἑκάστην
1546 1523 1593 1575 ἐν
1621 1532 1681 1594 τῇ
1718 1520 1927 1596 διανοίᾳ

326 1611 578 1675 ἐθελούτο,
657 1617 746 1662 καὶ
829 1608 996 1663 ἐδέετο
1072 1615 1201 1682 μετὰ
1250 1608 1489 1686 δακρύων
1550 1614 1782 1664 ἱκετεύων
1837 1616 1924 1664 τὸν

2037 463 2285 534 quidam
2316 467 2595 536 haeretici,
2632 472 2735 544 qui
2761 472 3064 543 negabant
3087 478 3460 530 mortuorum
3488 489 3684 530 resur-

2037 551 2358 610 rectionem
2401 557 2501 628 (l),
2545 575 2731 631 quam
2773 561 3036 617 Christus
3065 562 3191 630 ipse
3236 561 3299 617 in
3324 577 3434 618 sua
3477 566 3683 619 sancta

2040 639 2295 697 Ecclesia
2325 644 2569 701 ﬁrmiter
2599 648 2757 704 credi
2787 649 2984 705 voluit.
3013 650 3218 706 Milites
3247 649 3408 706 enim
3433 650 3682 722 quidam

2039 727 2336 786 idolorum
2368 733 2642 801 cultores,
2671 752 2809 792 cum
2836 737 2897 792 in
2916 738 3134 809 palatio
3160 737 3539 810 imperatoris
3561 753 3684 794 ver-

2039 823 2330 888 sarentur,
2349 828 2618 892 apertam
2647 826 3116 895 persecutionem
3139 825 3430 881 adversus
3446 824 3681 898 aliquos

2037 905 2199 974 apud
2229 907 2650 977 imperatorem
2673 917 3146 968 commoverunt.
3176 914 3325 979 Quin
3351 913 3527 968 etiam
3554 913 3683 985 epi-

2038 993 2205 1065 scopi
2229 997 2475 1066 quidam
2498 1005 2684 1055 rectas
2705 1003 2800 1056 Dei
2825 1003 3067 1057 semitas
3089 1006 3419 1074 pervertere
3442 1001 3682 1072 cupien-

2039 1085 2148 1147 tes,
2177 1084 2236 1138 in
2269 1085 2529 1141 ecclesiis
2561 1088 2886 1144 multarum
2911 1090 3470 1161 praevaricationum
3512 1094 3682 1146 erant

2041 1175 2330 1227 auctores.
2366 1177 2628 1238 Quorum
2669 1178 2949 1249 princeps
2989 1183 3046 1234 et
3074 1177 3373 1234 malorum
3406 1177 3681 1233 omnium

2039 1265 2219 1330 caput
2236 1261 2566 1318 habebatur
2579 1264 2921 1320 Theodorus
2933 1265 3678 1337 XEginensiumepiscopus,

2042 1347 2219 1403 simul
2236 1365 2371 1404 cum
2391 1351 2462 1405 iis
2484 1367 2639 1422 quos
2656 1368 2862 1408 secum
2879 1353 3138 1410 habebat
3158 1353 3281 1426 :qui
3295 1369 3368 1410 ne
3382 1353 3677 1409 nominari

2037 1435 2281 1507 quidem
2309 1437 2545 1505 debent,
2577 1456 2713 1495 cum
2748 1440 2850 1496 Dei
2884 1441 3202 1498 Ecclesiam
3233 1441 3530 1512 persecuti
3558 1441 3678 1497 fue-

2036 1524 2173 1578 rint.
2204 1527 2273 1580 At
2293 1525 2616 1597 imperator
2661 1529 3031 1585 Theodosius
3072 1531 3132 1586 in
3161 1529 3288 1585 dies
3319 1531 3513 1600 magis
3548 1545 3678 1600 per-

2037 1613 2388 1669 turbabatur
2408 1631 2476 1671 ac
2491 1615 2750 1681 dolebat,
2766 1633 2899 1672 cum
2921 1623 3261 1674 sanctarum
3279 1618 3676 1674 Ecclesiarum

326 1704 476 1769 Θεὸν,
529 1699 728 1772 βλέπων
772 1700 1203 1772 ταλαντευομένην
1251 1705 1344 1759 τὴν
1394 1705 1577 1752 πίστιν
1627 1710 1724 1752 τῶν
1766 1701 1918 1772 ἁγίων

2033 1699 2215 1756 ﬁdem
2243 1702 2630 1760 ﬂuctuantem
2658 1705 2900 1761 videret.
2933 1707 3137 1778 Itaque
3176 1723 3212 1763 a
3246 1709 3362 1762 Deo
3387 1705 3521 1778 ipso
3549 1704 3676 1777 ejus

325 1790 669 1847 Ἐκκλησιῶν.
738 1792 880 1850 Τινὲς
934 1792 1034 1862 γὰρ
1095 1788 1262 1860 ἔλεγον
1316 1791 1393 1840 ὅτι
1443 1789 1533 1842 οὐκ
1592 1791 1705 1841 ἔστι
1757 1793 1922 1862 παρά-

323 1879 510 1938 κλησις
539 1886 648 1938 τοῖς
692 1885 902 1952 νεκροῖς*
950 1878 1096 1929 οἶλλοι
1142 1875 1200 1930 δε
1249 1878 1415 1949 ἔλεγον
1464 1881 1544 1930 ὅτι
1590 1881 1646 1930 τὸ
1683 1887 1836 1950 σῶμα
1864 1881 1921 1930 τὸ

324 1966 612 2019 παλαιωθὲν
702 1986 788 2018 και
876 1965 1154 2038 ἀφανισθὲν
1228 1972 1317 2018 καὶ
1393 1963 1804 2041 διασκορπισθεν
1862 1967 1920 2019 ού

322 2053 718 2129 παραϐαλεῐται,
780 2053 885 2106 ἀλλ’
943 2057 971 2113 ἡ
1023 2055 1176 2126 ψυχή
1234 2056 1365 2112 αὕτη
1416 2058 1543 2127 μόνη
1603 2051 1819 2126 δέχεται
1864 2059 1919 2108 τό

320 2148 607 2216 μυστήριον
657 2153 745 2202 τῆς
785 2145 1085 2216 ἀφθαρσίας
1141 2149 1230 2196 καὶ
1281 2144 1471 2206 ζωῆςξ
1505 2148 1605 2196 Καὶ
1637 2143 1921 2202 ἐπλανήθη-

321 2250 414 2283 σαν
473 2230 520 2282 iv
589 2239 698 2291 τοῖς
743 2237 983 2302 ματαίοις
1029 2233 1195 2284 αὐτῶν
1234 2233 1424 2302 λόγοις,
1479 2237 1567 2285 καὶ
1609 2233 1700 2284 οὐκ
1750 2232 1917 2285 ἐνεθυ·

317 2323 560 2391 μήθησαν
636 2319 682 2371 ἐν
739 2319 960 2384 ἑαυτοῖς,
1023 2322 1104 2372 ὅτι
1157 2319 1344 2392 βρέφος
1404 2317 1654 2374 οὐδέποτε
1722 2321 1915 2380 tamen

317 2407 364 2460 ἐν
420 2409 589 2481 κοιλίᾳ
645 2412 838 2482 μητρός
895 2409 1053 2460 αὐτοῦ
1129 2411 1249 2461 ἄνευ
1309 2412 1519 2482 σαρκός,
1590 2414 1704 2461 οὔτε
1769 2410 1913 2472 ἐξέϐη

320 2499 452 2570 σὰρξ
502 2498 618 2550 ἀνευ
660 2498 713 2550 ἐκ
765 2503 964 2571 μήτρας
1018 2497 1205 2569 ψυχῆς
1265 2498 1511 2559 ζωτικῆς.
1580 2502 1673 2551 Καὶ
1724 2498 1915 2551 ἔϐυσαν

316 2589 408 2648 τὰς
458 2587 614 2649 ἀκοὰς
654 2596 752 2639 τῶν
802 2585 1044 2639 διανοιῶν
1091 2587 1259 2638 αὐτῶν
1299 2593 1389 2638 τοῦ
1435 2591 1506 2658 μὴ
1554 2585 1780 2638 ἀκοῦσαι
1823 2594 1915 2640 τοῦ

315 2676 472 2746 λόγου
532 2681 723 2748 Κυρίου
779 2677 1009 2737 εἰπόντος
1059 2677 1160 2744 ὅτι,
1214 2675 1556 2728 Ἀκούσονται
1603 2679 1652 2728 οἱ
1700 2677 1749 2729 ἐν
1807 2683 1915 2740 τοῖς

315 2771 587 2837 μνημείοις
664 2773 757 2826 τῆς
834 2772 998 2836 φωνῆς
1071 2772 1160 2816 τοῦ
1244 2767 1366 2816 Υὶοῡ
1446 2772 1536 2816 τοῦ
1621 2764 1912 2839 ἀνθρώπουο

318 2860 408 2906 καὶ
463 2854 616 2906 πάλιν
667 2852 828 2922 λέγει·
901 2851 1086 2904 Πολλοὶ
1140 2859 1236 2902 τῶν
1293 2848 1649 2904 καθευδόντων
1707 2853 1761 2903 ἐκ
1815 2862 1916 2923 γῆς

319 2945 583 3013 χωμάτων
665 2939 1108 3014 ἐξεγερϐήτονται·
1197 2943 1283 2989 καὶ
1371 2939 1522 2989 πάλιν
1606 2945 1915 3012 γέγραπται’

2035 1790 2166 1844 mali
2184 1791 2544 1847 curationem
2567 1793 2872 1863 poscebat.
2892 1792 3073 1850 Erant
3089 1793 3275 1861 enim,
3295 1795 3398 1866 qui
3415 1792 3679 1849 dicerent

2033 1881 2280 1935 mortuis
2294 1881 2640 1937 hominibus
2661 1881 3131 1938 consolationem
3144 1882 3375 1941 nullam
3387 1882 3674 1938 futuram.

2029 1968 2140 2023 Alii
2185 1968 2568 2026 afﬁrmabant
2621 1985 2836 2042 corpus
2883 1975 3176 2026 vetustate
3224 1973 3671 2041 consumptum,

2027 2057 2225 2128 ipsum
2255 2057 2502 2129 quidem
2533 2057 3002 2114 consolationem
3046 2058 3277 2115 nullam
3304 2057 3670 2122 habiturum,

2029 2146 2130 2200 sed
2164 2146 2354 2202 solam
2387 2146 2651 2202 animam
2675 2147 3029 2203 immortalis
3053 2147 3188 2202 vitae
3217 2146 3562 2219 participem
3587 2144 3674 2199 fu-

2026 2233 2552 2305 turam.Ejusmodi
2571 2236 2844 2291 homines
2859 2235 3026 2292 vanis
3042 2234 3424 2307 opinionibus
3440 2231 3674 2305 decepti

2027 2321 2110 2377 sic
2131 2324 2422 2387 errabant,
2439 2338 2628 2394 neque
2652 2322 3208 2380 animadvertebant
3222 2322 3510 2378 infantem
3529 2335 3670 2392 pue-

2026 2426 2158 2466 rum
2189 2427 2508 2484 nunquam
2538 2412 2597 2467 in
2627 2416 2828 2467 ventre
2861 2413 3064 2468 matris
3092 2410 3282 2467 fuisse
3315 2410 3444 2465 sine
3475 2423 3670 2474 carne,

2024 2514 2220 2570 neque
2270 2515 2512 2555 carnem
2538 2516 2569 2555 e
2616 2500 2793 2556 vulva
2817 2500 3028 2555 exiisse
3061 2500 3188 2555 sine
3240 2499 3445 2554 anima
3482 2495 3676 2554 vitali-

2024 2586 2169 2641 Item
2194 2587 2539 2643 claudentes
2569 2587 2782 2643 mentis
2805 2588 3031 2656 oculos,
3055 2603 3257 2644 sacras
3282 2587 3521 2642 Litteras
3551 2600 3673 2641 non

2024 2675 2508 2742 considerabant,
2531 2675 2590 2730 in
2604 2675 2826 2749 quibus
2839 2679 3124 2747 scriptum
3143 2678 3229 2730 est
3246 2691 3259 2729 :
3278 2674 3560 2738 Audient,
3577 2671 3675 2746 qui

2023 2773 2158 2822 sunt
2172 2765 2235 2820 in
2251 2765 2660 2830 monumentis,
2685 2779 2873 2821 vocem
2894 2764 3037 2820 Filii
3053 2763 3305 2820 hominis
3323 2768 3377 2818 et
3400 2762 3588 2819 vivent
3609 2764 3627 2798 ¹
3650 2779 3670 2834 ;

2025 2860 2080 2908 et
2109 2853 2224 2908 alio
2249 2854 2418 2908 loco:
2456 2854 2528 2908 Et
2559 2853 2732 2910 mulli
2759 2854 2830 2909 de
2851 2853 2921 2908 iis
2951 2854 3054 2924 qui
3080 2852 3384 2908 dormiunt
3408 2852 3471 2907 in
3499 2856 3675 2907 terra?

2021 2942 2288 3008 pulvere,
2311 2941 2676 3011 evigilabunt
2707 2957 2719 2995 :
2745 2942 2854 2997 alii
2879 2941 2940 2996 in
2958 2941 3138 2997 vitam
3164 2947 3466 3005 wlemam,
3486 2944 3539 2995 et
3565 2938 3678 2996 alii

319 3027 459 3083 Ἰδού
517 3029 616 3100 ἐγὼ
665 3028 851 3099 ἀνοίγω
920 3029 987 3080 τὰ
1063 3030 1311 3099 μνήματα
1375 3028 1533 3098 ὑμῶν,
1595 3032 1683 3078 καὶ
1759 3027 1918 3090 ἐξάξω

2030 3030 2088 3084 in
2120 3029 2503 3096 opprobrium
2529 3031 2550 3064 ²
2578 3046 2592 3095 ;
2633 3046 2771 3084 cum
2802 3029 2949 3085 illud
2977 3029 3157 3084 etiam
3188 3028 3248 3083 in
3275 3028 3357 3083 eis
3387 3027 3673 3097 scriptum

320 3120 455 3191 ὑμᾶς
485 3117 536 3169 ἐκ
569 3125 667 3169 τῶν
697 3119 889 3188 τάφων,
935 3116 1052 3176 λαός
1098 3135 1219 3186 μου.
1276 3116 1340 3165 Οἱ
1372 3111 1430 3166 δὲ
1474 3116 1724 3186 αἱρετικοὶ
1768 3115 1917 3168 ἐπλα-

314 3209 546 3265 νήθησαν
600 3205 700 3258 ἀπὸ
750 3213 844 3267 τῆς
892 3202 1018 3257 ὁδοῦ
1069 3211 1157 3264 τῆς
1204 3203 1360 3265 ζωῆς,
1409 3208 1497 3254 καὶ
1535 3203 1790 3276 ἔστρεψαν
1821 3210 1913 3264 τὴν

311 3295 612 3367 γλυκύτητα
636 3303 730 3356 τῆς
763 3299 1003 3358 πίστεως,
1035 3293 1107 3353 εἰς
1136 3296 1346 3366 πικρίαν
1379 3299 1476 3343 τῶν
1499 3291 1690 3362 ψυχῶν
1722 3294 1909 3348 αὐτῶν.

2028 3117 2394 3172 inveniatur:
2439 3119 2588 3173 Ecce
2616 3133 2719 3188 ego
2749 3117 3016 3186 aperiam
3058 3119 3332 3187 sepulcra
3361 3120 3578 3183 vestra,
3618 3121 3673 3172 et

2027 3207 2266 3262 educam
2298 3220 2397 3261 vos
2436 3206 2508 3260 de
2543 3205 2828 3274 sepulcris
2881 3206 3108 3270 vestris,
3163 3205 3376 3274 popula
3418 3218 3578 3260 meus
3627 3207 3670 3260 ³.

2026 3298 2159 3350 Haec
2190 3299 2327 3350 sunt
2379 3293 2720 3349 divinarum
2772 3293 3118 3348 Litterarum
3161 3291 3520 3349 testimonia.
3561 3290 3675 3348 Sed

315 3385 566 3440 haeretici
604 3383 880 3439 homines
921 3399 956 3438 a
993 3385 1157 3437 recta
1216 3380 1348 3435 vitae
1388 3380 1598 3436 semita
1643 3381 1950 3444 deviantes
1979 3383 2362 3450 aberrabant,
2404 3388 2459 3438 et
2496 3382 2634 3437 ﬁdei
2673 3381 3065 3437 sinceritatem
3116 3379 3378 3453 obliquis
3425 3394 3674 3437 suarum

315 3475 646 3529 animaram
683 3470 1140 3540 cogitationibus
1167 3469 1602 3540 pervertebant.

386 3559 481 3616 IB'.
539 3560 597 3612 Ὀ
653 3557 711 3612 δὲ
769 3558 1013 3632 βασιλεὺς
1061 3553 1348 3618 Θεοδόσιος
1400 3555 1630 3609 ἐλυπεῖτο
1660 3565 1748 3611 καὶ
1798 3563 1914 3614 ἓκά-

317 3650 441 3706 θητο
521 3647 604 3699 ἐπὶ
678 3650 872 3699 σάκκου
958 3651 1047 3698 καὶ
1103 3642 1306 3697 σποδοῦ
1355 3643 1402 3696 ἐν
1461 3653 1530 3714 τῷ
1581 3651 1775 3718 ταμείῳ
1831 3655 1915 3701 τοῦ

314 3744 552 3796 κοιτῶνος
600 3735 786 3786 αὐτοῦ’
825 3737 850 3786 6
901 3733 958 3786 δε
1000 3733 1223 3804 ἐλεήμων
1265 3735 1382 3792 Θεὸς
1426 3734 1450 3783 ὀ
1485 3737 1556 3804 μή
1607 3732 1917 3807 βουλόμενος

317 3822 601 3876 ἀπολέσθαί
653 3843 770 3874 τινα
821 3821 920 3875 ἀπὸ
967 3831 1060 3883 τῆς
1109 3818 1238 3873 ὀδοῦ
1291 3829 1380 3881 τῆς
1426 3826 1663 3883 πίστεως·
1706 3825 1731 3875 6
1791 3824 1915 3897 βου-

314 3913 518 3984 λόμενος
573 3911 814 3984 ἐπιφᾶναι
859 3916 916 3963 τό
974 3915 1265 3983 μυστήριον
1323 3918 1417 3972 τῆς
1473 3911 1628 3963 αὐτοῦ
1691 3911 1915 3966 ἀναστά-

316 4022 462 4067 σεως,
512 3999 736 4053 ἐνέϐαλεν
788 4000 860 4062 εἰς
911 4004 1004 4058 τὴν
1048 3996 1271 4072 καρδίαν
1314 3995 1528 4051 ἀδολίου
1577 4010 1668 4053 τοῦ
1720 4008 1911 4075 Κυρίου

309 4099 399 4142 τοῦ
449 4095 598 4163 όρους
660 4089 871 4152 ἐκείνου,
924 4088 971 4141 ἐν
1114 4089 1174 4146 ἧν
1222 4092 1278 4140 τό
1309 4088 1561 4146 σπήλαιον
1600 4092 1727 4142 ὅπου
1778 4089 1912 4150 ἦσαν

309 4184 672 4252 κεκοιμημένοι
725 4181 774 4231 οἱ
825 4178 970 4249 οἷγιοι
1029 4180 1304 4251 μάρτυρες,
1361 4175 1715 4250 οἰκοδομῆσαι
1787 4183 1910 4250 μάν-

311 4265 441 4340 δραν
493 4277 591 4319 τῶν
643 4269 946 4342 θρεμμάτων
997 4266 1178 4331 αὐτοῦ,
1236 4270 1325 4316 καὶ
1400 4268 1448 4316 οἱ
1521 4262 1700 4317 δοῦλοι
1753 4266 1912 4317 αὐτοῦ

310 4356 421 4429 οἶμα
471 4364 570 4408 τῶν
620 4356 867 4428 ἐργατῶν,
921 4353 1118 4404 ἐκύλιον
1165 4352 1343 4412 λίθους
1391 4352 1462 4411 εἰς
1490 4357 1580 4409 τήν
1630 4350 1912 4424 οἰκοδομὴν

313 4443 367 4496 ἐκ
403 4451 500 4503 τῆς
548 4445 706 4514 θύρας
763 4450 853 4494 τού
913 4440 1192 4497 σπηλαίου.
1241 4443 1366 4490 Τότε
1410 4442 1780 4512 προστάγματι
1825 4447 1913 4493 τοῦ

323 4537 518 4605 Κυρίου
551 4533 696 4602 ἡμῶν
750 4533 927 4588 Ἰησοῦ
976 4535 1210 4601 Χριστοῦ
1247 4523 1416 4586 ἐδὼθη
1450 4532 1554 4588 ζωὴ
1590 4537 1694 4589 τοῖς
1746 4529 1913 4601 ἁγίοις

2103 3562 2212 3616 XII.
2247 3560 2577 3630 Imperator
2606 3557 2784 3628 igitur
2821 3556 3184 3614 Theodosius
3227 3571 3362 3613 eam
3391 3571 3518 3612 rem
3549 3570 3674 3611 mo-

2024 3650 2167 3706 leste
2194 3648 2441 3712 ferebat,
2475 3649 2553 3703 ob
2575 3646 2756 3719 idque
2781 3662 3034 3703 maerore
3052 3645 3439 3702 afﬁciebatur.
3461 3647 3674 3701 Verum

2024 3755 2161 3795 cum
2219 3736 2718 3792 clementissimus
2751 3738 2903 3790 Deus
2949 3735 3252 3792 neminem
3292 3733 3491 3790 velita
3533 3731 3672 3788 ﬁdei

2023 3828 2119 3884 via
2168 3831 2464 3883 errantem
2497 3825 2706 3898 perire,
2756 3824 2890 3880 fecit
2935 3829 2996 3881 ut
3025 3823 3470 3880 resurrectionis
3511 3838 3675 3896 mys-

2023 3915 2236 3971 terium
2269 3913 2556 3970 omnibus
2591 3912 2915 3985 pateﬁeret.
2950 3911 3200 3968 Immisit
3228 3912 3386 3968 enim
3426 3911 3487 3968 in
3512 3925 3676 3967 men-

2021 4009 2139 4060 tem
2165 4001 2484 4074 cujusdam
2500 4001 2785 4070 hominis,
2808 4001 2912 4073 qui
2928 4001 3237 4057 dicebatur
3259 3999 3524 4066 Adolius,
3541 3999 3673 4071 ejus

2023 4091 2242 4146 montis
2272 4094 2330 4145 et
2358 4089 2662 4160 speluncae
2692 4087 2992 4157 dominus,
3025 4087 3127 4142 ubi
3159 4087 3348 4143 sancti
3379 4091 3671 4158 martyres

2021 4176 2408 4245 dormierant,
2432 4180 2495 4230 ut
2521 4176 2673 4230 ovile
2694 4175 3004 4246 quoddam
3035 4173 3156 4229 suis
3179 4173 3510 4245 pecudibus
3535 4188 3673 4229 con-

2021 4266 2290 4319 strueret.
2323 4262 2463 4334 Ejus
2488 4262 2666 4331 igitur
2705 4263 2857 4317 servi
2905 4278 3025 4317 una
3053 4278 3191 4317 cum
3241 4261 3334 4317 his
3365 4262 3470 4335 qui
3508 4261 3673 4332 operi

2021 4350 2298 4408 faciendo
2325 4349 2641 4416 vacabant,
2655 4349 2994 4422 Iapidespro
3016 4350 3268 4406 aediﬁcio
3287 4365 3360 4406 ex
3381 4349 3510 4420 ejus
3537 4365 3670 4421 spe-

2019 4440 2212 4496 luncae
2243 4440 2396 4496 ostio
2427 4438 2835 4495 revolvebant.
2870 4440 3030 4494 Tunc
3061 4438 3295 4496 Domini
3326 4438 3514 4495 nostri
3538 4440 3673 4494 Jesu

2021 4528 2228 4600 Christi
2255 4530 2426 4599 jussu
2482 4528 2700 4584 sanctis
2747 4527 2866 4582 illis
2908 4527 3073 4592 viris,
3117 4529 3221 4600 qui
3275 4528 3334 4584 in
3388 4527 3673 4601 spellmca

316 4620 521 4680 ἐκείνοις
575 4626 684 4680 τοῖς
733 4614 881 4670 οὖσιν
940 4621 986 4668 ἐν
1045 4625 1115 4686 τῷ
1169 4615 1428 4687 σπηλαίῳ,
1488 4622 1576 4668 καὶ
1631 4621 1660 4675 ἡ
1710 4623 1845 4690 φωνή
1880 4619 1908 4676 ἡ

2030 4616 2411 4695 dormierant,
2437 4616 2559 4672 vita
2584 4615 2850 4672 restituta
2881 4619 2986 4680 est,
3021 4620 3076 4672 et
3107 4631 3216 4672 vox
3247 4615 3368 4681 illa,
3393 4631 3529 4687 quae
3562 4617 3672 4671 La-

315 4708 580 4760 καλέσασα
632 4711 714 4759 τὸν
773 4707 1015 4780 Λάζαρον
1065 4710 1119 4757 ἐκ
1159 4712 1248 4757 τοῦ
1302 4709 1554 4777 μνημείου
1608 4711 1698 4758 καὶ
1747 4726 1912 4778 χαρι-

317 4801 512 4869 σαμένη
582 4797 720 4867 αύτῷ
779 4801 864 4854 τὴν
923 4795 1082 4863 ζωήν,
1144 4794 1297 4855 αὐτὸς
1348 4792 1488 4845 ἐστιν
1536 4796 1560 4845 6
1621 4800 1916 4869 παρασχὼν

312 4892 401 4938 καὶ
450 4889 652 4947 τούτοις
707 4893 815 4945 τοῖς
864 4884 1026 4954 ἁγίοις
1057 4892 1255 4954 πνευμα
1300 4882 1457 4944 ζωῆς.
1515 4889 1612 4936 Καὶ
1645 4883 1920 4946 ἐξανέστη-

317 4996 410 5028 σαν
479 4981 569 5027 καὶ
622 4975 868 5026 ἐκάθισαν
925 4972 972 5023 ἐν
1027 4971 1352 5042 ἀγαλλιάσει,
1412 4977 1501 5023 καὶ
1557 4977 1625 5034 ὡς
1678 4972 1918 5046 ἐνόμισαν

315 5065 432 5116 καθ’
484 5064 706 5122 ἑκάστην
756 5065 972 5135 ἡμέραν.
1044 5062 1372 5122 Ἢσπάζοντο
1447 5060 1719 5128 ἀλλήλους,
1779 5059 1920 5114 διότι

315 5150 454 5216 εἶδος
510 5158 806 5228 νεκρώσεως
881 5150 974 5203 ούκ
1032 5148 1258 5221 ἐφαίνετο
1315 5149 1362 5200 ἐν
1422 5150 1615 5211 αὐτοῖς·
1688 5154 1755 5203 τὰ
1817 5153 1918 5225 γὰρ

2021 4721 2226 4761 zarum
2258 4721 2286 4760 e
2339 4709 2726 4761 monumento
2766 4703 3058 4767 excitavit,
3099 4703 3310 4759 eadem
3359 4709 3415 4759 et
3452 4701 3672 4758 sanctis

2025 4793 2388 4866 martyribus
2441 4793 2576 4848 vitm
2626 4792 2901 4864 spiritum
2956 4790 3224 4846 restituit.
3286 4792 3675 4848 Surrexerunt

2027 4884 2222 4954 igitur,
2245 4887 2301 4937 et
2324 4883 2513 4937 Deum
2532 4881 2849 4938 laudantes
2877 4879 3289 4943 consederunt,
3308 4882 3366 4934 et
3384 4877 3674 4952 quemad-

2035 4972 2284 5028 modum
2317 4970 2584 5044 quotidie
2600 4973 3052 5034 consueverant,
3081 4983 3142 5023 se
3160 4967 3424 5024 vicissim
3457 4967 3674 5026 saluta-

2035 5063 2200 5126 bant,
2245 5060 2533 5132 quoniam
2582 5057 2812 5114 nullum
2848 5058 2909 5113 in
2939 5057 3022 5113 eis
3056 5055 3298 5127 signum
3329 5057 3670 5126 exsistebat,

2031 5166 2102 5206 ex
2131 5164 2252 5222 quo
2296 5153 2561 5206 mortuos
2601 5163 2665 5203 se
2702 5146 2884 5203 fuisse
2909 5145 3180 5218 judicare
3217 5149 3466 5219 possent
3492 5160 3507 5203 :
3530 5161 3676 5206 nam

386 5340 465 5411 (1)
499 5338 643 5395 Vide
677 5334 1001 5394 Baronium
1029 5335 1088 5390 in
1123 5335 1280 5393 notis
1303 5334 1376 5390 ad
1415 5335 1908 5407 Martyrologium
1935 5335 2048 5392 hoc
2076 5334 2194 5392 die.

389 5527 405 5560 ί
437 5527 604 5581 Joan.
638 5538 693 5590 v,
721 5521 809 5577 28.
883 5522 904 5556 ³
937 5521 1102 5576 Deut.
1132 5534 1191 5587 u,
1219 5519 1272 5573 3.

1351 5523 1370 5553 ³
1407 5517 1605 5575 Ezech.
1636 5533 1848 5587 xxxvn,
1881 5521 1968 5576 l2.
