4144 6258
506 263 609 327 439

1846 270 2101 331 MENSIS
2139 268 2400 329 IULIUS.

3756 278 3867 336 440

508 404 565 454 et
592 403 781 454 vestes
811 397 954 456 tales
996 403 1183 467 erant,
1210 402 1415 474 quales
1446 404 1502 459 et
1532 404 1729 469 antea,
1759 417 1945 474 quam
1973 398 2146 455 obiis—

2264 399 2446 469 ἱμάτια
2491 399 2657 452 αὐτῶν
2707 401 2878 475 ὥσπερ
2912 397 3047 459 ἦσαν
3100 396 3435 472 ἐνδεδυμένὸι
3477 403 3580 474 πρὸ
3627 409 3719 455 τοῦ
3774 402 3868 455 αύ-

508 491 639 542 sent
661 504 673 542 :
698 502 943 560 corpora
964 490 1142 545 etiam
1163 491 1294 562 ipsa
1313 491 1626 557 ﬂorebant,
1650 491 2002 580 hilaritatem
2028 503 2150 580 prae

509 592 571 631 se
590 576 833 633 ferentia
858 594 872 630 :
893 578 1150 650 denique
1181 580 1327 636 tales
1347 584 1530 645 erant,
1549 585 1611 636 ut
1633 581 1678 635 si
1710 579 1897 651 pridie
1925 576 2151 647 vesperi

509 680 789 720 somnum
834 668 1171 736 cmpissent,
1223 674 1278 724 et
1307 669 1589 740 postridie
1621 685 1795 724 mane
1826 664 2149 737 experrecti

506 753 775 807 fuissent.
821 754 1023 810 Adhuc
1052 761 1107 810 et
1136 757 1209 811 de
1230 757 1527 813 idolorum
1561 756 1978 829 superstitione
2000 752 2151 808 solli-

510 840 623 907 citi,
653 857 688 897 a
713 842 889 898 Decio
930 845 1287 915 imperatore
1329 862 1390 901 se
1437 846 1655 917 inquiri
1688 844 2105 902 existimabant
2134 859 2145 896 :

511 929 589 985 ob
632 930 812 1000 idque
845 932 1034 989 multa
1059 950 1202 988 cura
1232 934 1444 999 affecti,
1478 936 1787 990 vertebant
1835 932 2039 989 oculos
2074 931 2150 986 ad

509 1018 847 1074 Jamblicum
874 1026 1327 1091 procuratorem,
1345 1027 1399 1079 et
1420 1024 1497 1078 ab
1510 1039 1579 1079 eo
1595 1025 1793 1078 denuo
1807 1022 2155 1094 quaerebant

507 1122 775 1178 quaenam
792 1108 977 1179 pridie
992 1112 1223 1181 vesperi
1242 1112 1651 1167 audivissetde
1670 1112 1812 1182 ipsis
1826 1112 1883 1165 in
1898 1110 2148 1165 civitate.

510 1196 737 1259 Quibus
751 1196 1071 1252 Jamblicus
1087 1200 1395 1271 respondit
1417 1216 1428 1254 :
1450 1200 1969 1265 Quemadmodum
1984 1196 2152 1253 vobis

512 1283 632 1338 dixi
656 1283 782 1339 heri
810 1287 1063 1356 vesperi,
1110 1291 1164 1343 et
1192 1302 1301 1343 nos
1334 1304 1455 1343 una
1483 1304 1620 1342 cum
1650 1286 1895 1359 reliquis
1924 1285 2154 1340 civibus

510 1374 744 1444 quaesiti
769 1372 1011 1443 fuimus,
1045 1380 1108 1431 ut
1129 1376 1240 1431 diis
1267 1375 1717 1431 immolaremus
1742 1391 1943 1430 coram
1972 1374 2153 1445 impe~

512 1465 737 1517 ratore:
788 1463 891 1534 qui
929 1464 1041 1519 nisi
1106 1465 1231 1535 ejus
1284 1465 1479 1535 jussui
1537 1463 2153 1535 obtemperaverimus,

512 1553 807 1607 tormenta
827 1568 887 1607 se
917 1554 1087 1609 nobis
1109 1553 1423 1610 allaturum
1441 1554 1759 1610 constituit.
1785 1554 1934 1619 Quid
1956 1558 2156 1609 autem

513 1637 779 1695 facturus
810 1641 901 1705 sit,
934 1644 1153 1697 nescio.

583 1729 891 1784 XIII.Tunc
916 1733 1222 1802 respondit
1245 1732 1673 1788 Maximilianus
1696 1732 1807 1804 (2):
1844 1732 2027 1802 Agite,
2049 1731 2160 1786 fra-
2194 1744 2238 1798 Β

512 1818 649 1881 tres,
683 1818 871 1887 parati
903 1819 1090 1873 simus
1121 1820 1353 1891 prodire
1384 1821 1445 1876 in
1500 1825 1878 1892 conspectum
1910 1822 2160 1890 impera-

518 1904 658 1958 toris
688 1904 844 1960 illius
877 1907 1149 1963 terribilis
1182 1913 1236 1964 et
1258 1909 1381 1963 veri
1411 1909 1511 1964 Dei
1540 1912 1673 1964 Jesu
1704 1910 1932 1973 Christi,
1968 1923 2161 1979 neque

517 1992 833 2048 timeamus
866 1996 1178 2053 mortalem
1210 1998 1387 2053 istum
1418 1999 1860 2070 imperatorem.
1890 2001 1971 2053 Tu
2001 2013 2159 2062 vero,

519 2080 823 2146 Jamblice,
892 2082 970 2137 da
1016 2100 1262 2155 operam
1330 2090 1393 2141 ut
1454 2091 1695 2158 paretur
1754 2086 1927 2141 nobis
1996 2086 2164 2141 cibus

521 2169 598 2225 ad
620 2170 829 2225 horam
847 2173 1252 2229 constitutam.
1270 2175 1483 2247 Accipe
1501 2182 1837 2244 argentum,
1858 2176 2164 2244 ingredere

511 2258 572 2312 in
609 2258 835 2321 urbem,
860 2275 989 2314 eme
1018 2277 1207 2331 panes
1238 2264 1484 2319 multos:
1532 2265 1705 2335 pauci
1739 2264 1893 2319 enim
1928 2264 2164 2321 fuerunt

519 2361 671 2417 quos
719 2346 842 2401 heri
884 2350 1112 2419 vesperi
1162 2351 1430 2420 attulisti,
1484 2352 1561 2407 ob
1613 2352 1791 2425 idque
1841 2354 2157 2408 esurimus.

518 2434 738 2489 Eadem
791 2450 968 2505 opera
1011 2436 1229 2503 discas,
1277 2440 1418 2510 quid
1476 2440 1684 2495 Decius
1738 2441 2060 2513 imperator
2085 2442 2158 2497 de

513 2522 688 2577 nobis
712 2522 1011 2580 decernat.
1032 2526 1377 2596 Cogitabant
1393 2530 1553 2583 enim
1586 2545 1646 2584 se
1664 2534 1835 2585 nocte
1856 2532 2158 2601 superiore

517 2609 812 2676 cubuisse,
871 2616 927 2667 et
982 2615 1266 2684 postridie
1319 2633 1495 2672 mane
1550 2623 1921 2689 experrectos
1950 2620 2153 2675 fuisse.

517 2700 678 2753 Tunc
710 2700 886 2770 igitur
928 2701 1075 2757 bene
1108 2719 1284 2759 mane
1315 2707 1561 2762 surrexit
1603 2707 1951 2776 Jamblicus,
1985 2712 2040 2762 et
2071 2725 2158 2764 ar-

510 2791 752 2857 gentum
774 2790 1025 2860 sumpsit
1041 2806 1110 2846 ex
1133 2791 1360 2860 loculis,
1378 2795 1896 2865 quemadmodum
1911 2812 2158 2853 consue-

513 2880 697 2932 verat.
724 2877 861 2932 Erat
886 2882 1085 2934 autem
1109 2885 1349 2938 moneta
1372 2883 1468 2939 illa
1488 2888 1677 2940 vetere
1703 2889 1842 2940 nota
1864 2886 2157 2956 impressa

511 2980 645 3036 quae
662 2965 875 3036 partim
894 2968 1315 3039 quadraginta,
1334 2973 1540 3042 partim
1556 2974 1862 3041 sexaginta
1880 2990 2149 3030 nummo~

2259 490 2379 547 τούς
2431 491 2747 560 κοιμηθῆναι
2798 495 2887 540 καὶ
2939 489 3245 555 ἀναστῆναι,
3302 490 3461 551 οὕτως
3508 486 3643 548 ἦσαν
3693 491 3867 544 ἐπάνω

2259 574 2446 627 αὐτῶν.
2486 582 2587 628 Καὶ
2617 580 2681 628 τὰ
2714 582 2933 647 σώματα
2979 578 3149 630 αὐτῶν
3199 575 3333 636 ἦσαν
3380 578 3583 651 ἀνθηρά
3622 585 3711 631 καὶ
3744 601 3869 651 φαι-

2261 658 2364 735 δρὰ
2411 670 2499 717 καὶ
2547 666 2707 726 οὕτως
2759 664 2892 723 ἦσαν
2948 670 3010 727 ὡς
3067 670 3399 739 κοιμηθέντες
3457 667 3557 720 ἀπὸ
3622 669 3717 740 ὀψὲ
3775 675 3867 722 καὶ

2260 752 2542 826 ἐγερθέντες
2597 759 2819 828 πρωίας,
2880 760 3084 827 ἔχοντες
3140 762 3233 815 τὴν
3304 754 3559 829 φροντίδα
3613 764 3701 810 καὶ
3770 765 3865 817 τὴν

2260 840 2425 899 λύπην
2473 852 2563 904 τῆς
2606 842 3049 915 εἰδωλολατρείας,
3093 851 3184 898 καὶ
3235 845 3533 917 ἐλογίζονσο
3564 850 3644 899 ὅτι
3689 851 3865 910 Δέκιος

2262 931 2286 981 ό
2334 930 2578 1003 βασιλεὺς
2618 934 2850 995 ἐπιζητεί
2890 936 3098 997 αὐτούς.
3153 940 3252 987 Καὶ
3307 935 3355 987 ἐν
3404 937 3572 1007 πολλῷ
3613 941 3745 1009 φόνῳ
3775 943 3864 990 καὶ

2264 1017 2422 1090 ἀγῶνι
2476 1024 2738 1095 ὑπῆρχον,
2792 1029 2880 1075 καὶ
2921 1023 3198 1094 ἐπέϐλεψαν
3248 1027 3377 1097 πρὸς
3428 1025 3731 1097 Ἰάμϐλιχον
3776 1030 3864 1080 τόν

2263 1107 2528 1180 οἰκονόμον
2582 1111 2769 1176 αὐτῶν,
2831 1118 2919 1164 καὶ
2971 1111 3313 1187 ἐπηρώτησαν
3370 1114 3523 1165 αύτόν
3590 1120 3706 1188 περὶ
3764 1124 3863 1167 τῶν

2261 1196 2579 1268 λαλουμένων
2630 1200 2723 1270 ὀψὲ
2778 1199 2825 1251 ἐν
2875 1209 2934 1272 τῇ
2988 1201 3151 1267 πόλει,
3200 1207 3290 1254 καὶ
3332 1200 3466 1255 εἶπεν
3508 1203 3682 1264 αὐτοῖς
3712 1204 3863 1276 Ἰάμ-

2264 1285 2469 1357 ϐλιχος,
2529 1290 2699 1363 ὥσπερ
2754 1296 2997 1362 πρόεῖπον
3053 1293 3193 1363 ὑμῖν,
3249 1292 3328 1343 ὃτι
3387 1286 3739 1366 ἐζητήθημεν
3771 1293 3867 1364 ὀψὲ

2265 1378 2393 1446 μετά
2464 1384 2564 1427 τῶν
2645 1378 3049 1451 πολιτευομένων
3130 1380 3376 1433 ἐπιθύσαι
3460 1390 3567 1444 τοίς
3636 1379 3867 1443 εἰδώλοις

2265 1462 2474 1517 ἐνώπιον
2539 1473 2628 1517 τοῦ
2684 1465 2963 1539 βασιλέως,
3024 1474 3111 1521 xui
3167 1466 3283 1521 ἰδού
3334 1470 3672 1543 ἐντεθύμηται
3729 1476 3867 1525 κακά

2265 1558 2381 1624 περὶ
2411 1557 2579 1626 ἡμῶν·
2621 1560 2671 1607 τί
2699 1562 2911 1615 ποιήσει
2943 1554 3001 1610 δὲ
3032 1560 3125 1609 ούκ
3156 1556 3299 1613 οἶδα.

2340 1730 2438 1789 Il".
2479 1737 2601 1785 Τότε
2633 1733 2887 1807 ἀπεκρίθη
2930 1737 3337 1809 Μαξιμιλλιανός
3371 1743 3460 1790 καὶ
3502 1735 3636 1792 εἶπεν
3668 1741 3863 1802 αὐτοῖς·

2266 1818 2528 1893 Ἀδελφοί,

2273 1908 2530 1975 βασιλέως
2581 1910 2770 1963 ἐκείνου
2818 1921 2907 1965 τοῦ
2951 1914 3168 1988 φοϐεροῦ
3220 1921 3305 1969 xui
3359 1926 3573 1989 φρικτοῦ
3627 1918 3867 1990 Χριστοῦ

2614 1823 2826 1895 ἑτοίμως
2881 1828 3067 1898 ἔχομεν
3111 1836 3445 1901 παραστῆναι
3510 1828 3721 1882 ἐνώπιον
3774 1839 3868 1883 τοῦ

2271 2006 2361 2049 τοῦ
2421 1997 2665 2057 ἀληθινοῦ
2719 2010 2851 2054 Θεοῦ
2891 2005 3053 2074 ἡμῶν,
3107 2011 3196 2057 καὶ
3247 2010 3318 2077 μὴ
3364 2003 3708 2079 δειλιάσωμεν
3762 2010 3867 2061 ἀπὸ

2270 2094 2362 2139 τοῦ
2423 2090 2650 2162 φθαρτοῦ
2707 2093 2891 2143 τούτου
2951 2091 3224 2164 βασιλέως·
3282 2092 3415 2147 εἶπεν
3476 2092 3535 2148 δὲ
3592 2102 3679 2148 καὶ
3737 2102 3872 2171 πρὸς

2272 2176 2575 2247 Ἰάμϐλιχον
2624 2180 2761 2240 ὅπως
2814 2180 3080 2251 έτοιμάσέι
3113 2183 3289 2245 αὐτοῖς
3336 2189 3429 2242 τὴν
3474 2190 3666 2259 τροφὴν
3697 2187 3868 2239 αὐτῶν

2271 2264 2344 2325 εἰς
2394 2271 2486 2324 τὴν
2540 2271 2829 2340 ὡρισμένην
2881 2272 3035 2342 ὤραν,
3086 2278 3176 2324 xui
3232 2272 3384 2326 εἶπεν·
3441 2274 3578 2327 Λάϐε
3618 2274 3869 2348 ἀργύριον

2271 2352 2318 2404 ἐν
2374 2362 2483 2415 ταῖς
2537 2363 2697 2431 χερσί
2753 2379 2844 2411 σου
2901 2366 2988 2412 καὶ
3059 2363 3252 2415 εἴσελθε
3308 2364 3374 2424 εἰς
3422 2368 3515 2421 τὴν
3568 2365 3716 2416 πόλιν
3776 2371 3869 2418 xui

2269 2441 2529 2517 ἀγόρασον
2602 2452 2885 2520 περισσοὺς
2948 2451 3155 2522 ἄρτους,
3229 2454 3304 2504 ὅτι
3362 2452 3527 2524 ὀλίγοι
3584 2450 3717 2511 ἦσαν
3778 2456 3870 2517 οὖς

2267 2532 2487 2603 ἤνεγκας
2546 2534 2783 2610 ἑσπέρας,
2837 2544 2925 2590 καὶ
2981 2536 3098 2591 ἰδοὺ
3155 2550 3423 2614 πεινῶμεν,
3474 2547 3563 2594 xui
3627 2546 3759 2615 μοίθε
3814 2550 3869 2597 τί

2268 2618 2543 2674 ἐντέλλεται
2595 2630 2711 2697 περὶ
2759 2628 2902 2697 ἡμων
2962 2632 3136 2690 Δέκιος
3184 2632 3208 2681 ό
3260 2630 3527 2702 βασιλεὺς,
3579 2632 3711 2684 οὕτω
3758 2638 3863 2706 γὰρ

2267 2707 2498 2780 ἐνόμιζόν
2557 2714 2636 2764 ὅτι
2688 2718 2779 2772 τὴν
2848 2718 3009 2769 νύκτα
3078 2717 3272 2777 ἐκείνην
3351 2720 3698 2792 ἐκοιμήθησαν
3766 2730 3859 2776 καὶ

2268 2796 2577 2857 ἀνέστησαν.
2636 2802 2823 2861 Ἕωθεν
2876 2803 2933 2857 δὲ
2976 2808 3207 2870 ἄναστάς
3247 2810 3545 2881 Ἰάμϐλιχός
3573 2810 3738 2863 ἔλαϐεν
3794 2817 3853 2864 τό

2266 2885 2512 2960 ἀργύριον
2579 2888 2632 2942 ἐκ
2704 2901 2804 2944 τῶν
2864 2893 3153 2965 βαλαντίων
3214 2900 3399 2968 αῦτῶν,
3460 2902 3630 2961 καθὼς
3685 2903 3850 2953 εἴωθεν

2266 2974 2364 3027 ἀπὸ
2417 2986 2506 3038 τῆς
2554 2985 2766 3048 μονίτας
2829 2991 2922 3045 τῆς
2979 2992 3412 3059 μεμονετευμένης
3471 2992 3861 3061 τεσσαράκοντα

510 3068 643 3108 rum
672 3056 859 3124 pretio
877 3056 1250 3126 pendebatur
1275 3065 1536 3117 veterum
1562 3062 1987 3133 imperatorum
2012 3068 2146 3119 tem-

2261 3071 2502 3137 νουμίων,
2562 3076 2651 3120 καὶ
2704 3080 2795 3132 τῆς
2849 3072 3006 3134 ἄλλης
3051 3080 3261 3145 μονίτας
3329 3076 3576 3138 ἐξήκοντα
3637 3084 3860 3150 νουμίων

510 3141 778 3211 poribus,
809 3158 944 3196 cum
977 3146 1163 3200 sancti
1191 3146 1295 3201 viri
1328 3148 1401 3203 de
1431 3149 1650 3220 quibus
1673 3150 1855 3206 verba
1875 3150 2148 3220 facimus,

507 3229 672 3300 prius
728 3230 1026 3287 vivebant.
1085 3235 1486 3292 Prasterierant
1542 3242 1740 3294 autem
1795 3242 2040 3295 trecenti
2098 3247 2153 3297 et

511 3318 890 3389 septuaginta
935 3322 1075 3377 anni
1123 3338 1196 3378 ex
1251 3340 1372 3396 quo
1419 3326 1786 3384 dormierant
1837 3345 2024 3400 usque
2072 3330 2148 3385 ad

506 3404 665 3461 diem
694 3422 816 3478 quo
841 3418 1306 3470 resurrexerunt.

578 3580 706 3635 XIV.
741 3580 887 3637 Cum
931 3583 1107 3653 igitur
1152 3585 1460 3653 illuxisset,
1503 3589 1640 3646 exiit
1691 3591 2015 3648 Jamblicus
2075 3610 2147 3649 ex

504 3668 810 3738 spelunca,
835 3674 891 3726 et
921 3672 1065 3728 vidit
1085 3673 1316 3745 lapides
1348 3681 1483 3732 ante
1516 3679 1869 3748 speluncam
1892 3682 2141 3752 positos,

504 3761 682 3827 atque
712 3756 1018 3829 obstupuit
1047 3775 1059 3815 :
1102 3762 1245 3816 nihil
1271 3765 1428 3819 enim
1457 3766 1530 3820 de
1569 3766 1872 3839 lapidibus
1901 3770 2014 3825 illis
2045 3788 2144 3827 co-

502 3850 808 3913 gnoverat.
862 3848 1239 3904 Descendens
1282 3856 1481 3907 autem
1514 3855 1586 3909 de
1632 3862 1847 3922 monte,
1893 3859 2142 3918 timebat

499 3933 904 3989 deambulare.
922 3937 1193 4008 Itaquein
1207 3939 1305 3995 via
1323 3944 1477 3997 totus
1502 3944 1854 4014 trepidabat,
1872 3953 2142 4005 metuens

497 4021 558 4077 in
576 4021 783 4077 urbem
813 4023 1063 4093 ingredi,
1083 4042 1156 4081 ne
1174 4044 1295 4099 quo
1325 4030 1505 4085 modo
1528 4040 1966 4101 agnosceretur,
1992 4043 2046 4092 et
2068 4036 2139 4093 ad

496 4110 912 4181 imperatorem
964 4114 1201 4171 Decium
1251 4118 1483 4174 vinctus
1532 4122 1874 4180 duceretur:
1917 4126 2138 4199 quippe

495 4199 810 4268 ignorabat
839 4203 966 4272 ejus
1008 4206 1241 4275 tyranni
1286 4223 1425 4264 ossa
1463 4210 1521 4265 in
1558 4211 1828 4283 sepulcro
1879 4216 2137 4286 putrefa-

495 4291 587 4343 cta
616 4292 922 4346 esse.Cum
949 4308 1088 4348 vero
1119 4293 1179 4350 in
1210 4297 1415 4353 urbem
1436 4298 1861 4369 ingrederetur,
1888 4308 1942 4359 et
1966 4321 2136 4360 vene-

490 4376 696 4431 randae
736 4379 926 4433 crucis
966 4381 1203 4450 signum
1245 4390 1379 4440 ante
1422 4387 1583 4442 urbis
1639 4394 1836 4458 portas
1877 4399 2133 4450 erectum

488 4463 754 4529 vidisset,
788 4466 869 4520 sic
900 4468 1224 4538 obstupuit,
1259 4477 1323 4526 ut
1350 4489 1382 4525 a
1414 4480 1608 4530 mente
1650 4476 1767 4532 fere
1811 4479 2130 4538 exciderit:

490 4555 667 4623 atque
718 4552 777 4607 in
826 4569 1253 4629 quamcunque
1305 4565 1531 4630 partem
1582 4566 1787 4620 oculos
1846 4571 2131 4639 vertisset,

488 4656 685 4696 rerum
733 4642 995 4699 novitate
1053 4647 1377 4716 perculsus,
1413 4653 1607 4720 magis
1649 4654 2129 4726 obstupescebat.

486 4731 742 4787 Accessit
771 4733 847 4786 ad
879 4732 1057 4789 aliam
1085 4735 1247 4790 urbis
1274 4742 1529 4808 portam,
1560 4746 1614 4797 et
1654 4742 1768 4799 illic
1801 4744 1980 4802 etiam
2004 4765 2131 4804 cru-

485 4834 609 4874 cem
653 4819 844 4892 ipsam
890 4837 1070 4892 supra
1112 4840 1314 4880 muros
1350 4833 1605 4885 erectam
1649 4830 1812 4887 vidit.
1856 4835 2126 4909 Cumque

484 4922 691 4963 omnes
717 4914 919 4980 portas
967 4911 1226 4977 obiisset,
1259 4918 1609 4974 venerandae
1642 4922 1827 4976 crucis
1866 4923 2123 4993 ﬁguram

484 4997 792 5067 aspiciens,
848 5014 970 5069 prae
1019 5004 1257 5073 stupore
1286 5009 1488 5060 mutus
1536 5006 1727 5063 factus
1780 5019 1867 5065 est
1916 5013 2122 5087 Itaque

482 5097 618 5137 cum
653 5085 728 5140 ad
768 5086 1025 5157 primam
1064 5089 1226 5145 illam
1268 5098 1504 5163 portam
1536 5111 1596 5149 se
1637 5099 1998 5170 contulisset,
2023 5085 2120 5160 ita

480 5185 683 5227 secum
711 5173 1102 5245 loquebatur:
1127 5179 1417 5250 quidnam
1443 5182 1555 5239 hoc
1578 5186 1712 5241 est?
1737 5187 1867 5242 Heri
1890 5194 2119 5263 vesperi

477 5256 657 5328 hujus
717 5264 904 5316 crucis
953 5264 1189 5334 signum
1233 5271 1293 5324 in
1342 5270 1598 5327 latibulis
1646 5256 2012 5345 servabatur;
2063 5286 2119 5336 et

477 5358 639 5400 nunc
684 5352 883 5416 aperte
912 5350 971 5405 in
1000 5352 1186 5424 ipsius
1234 5358 1395 5415 urbis
1425 5360 1652 5418 foribus
1696 5367 1956 5421 erectum
1983 5367 2115 5425 vide

548 5526 625 5597 (2)
657 5526 796 5582 Vide
825 5529 1141 5592 Baronium
1171 5540 1270 5596 ubi
1301 5556 1504 5615 supra.

2261 3162 2355 3214 τῆς
2400 3157 2562 3216 οὔσης
2614 3157 2660 3208 ἐν
2706 3166 2820 3219 ταῖς
2882 3163 3100 3235 ἡμέραις
3154 3172 3252 3215 τῶν
3293 3164 3530 3239 ἀρχαίων
3600 3165 3859 3239 βασιλέων

2260 3252 2358 3293 τῶν
2407 3244 2560 3296 ὄντων
2632 3246 2680 3297 ἐν
2734 3256 2842 3309 τοῖς
2894 3256 3102 3321 χρόνοις
3157 3262 3253 3304 τῶν
3306 3253 3465 3325 ἀγίων
3521 3260 3719 3309 τούτων
3779 3260 3859 3309 ὅτι

2260 3329 2307 3382 ἐν
2333 3332 2471 3403 αὐτῷ
2499 3342 2569 3403 τῷ
2600 3344 2764 3407 καιρῷ
2791 3336 2967 3409 ἐφάνη,
3002 3346 3089 3393 καὶ
3118 3343 3260 3413 εἶχον
3290 3349 3575 3416 τριακόσια
3628 3343 3857 3418 ἐϐδομή-

2257 3439 2413 3471 κοντα
2443 3418 2540 3473 δύο
2570 3423 2655 3481 ἔτη
2688 3424 2780 3486 ἕως
2820 3427 2939 3478 ὅτου
2990 3428 3375 3491 ἐξυπνίσθησαν
3425 3438 3513 3485 καὶ
3563 3432 3858 3493 ἀνέστησαν

2257 3510 2304 3559 οἱ
2335 3508 2476 3580 ἄγίοι
2502 3508 2711 3573 παῖδες.

2327 3598 2430 3654 IA’.
2471 3598 2593 3652 Ὅτε
2649 3600 2707 3653 δὲ
2753 3601 2945 3673 ἐγένετο
2985 3607 3153 3680 ἡμέρα
3198 3608 3401 3670 ἐξῆλθεν
3455 3611 3760 3684 Ἰαμϐλιχος
3799 3613 3855 3665 ἐκ

2254 3694 2346 3738 τοῦ
2376 3688 2632 3745 σπηλαίου
2673 3696 2759 3743 καὶ
2787 3689 2919 3744 εἶδεν
2949 3698 3069 3755 τοὺς
3107 3696 3278 3759 λίθους
3309 3704 3572 3772 κειμένους
3616 3704 3852 3775 ἔμπροσ-

2257 3777 2335 3828 θεν
2391 3786 2480 3829 τοῦ
2534 3779 2790 3837 σπηλαίοῦ
2835 3788 2922 3834 xui
2953 3782 3228 3856 ἐξεπλάγη,
3261 3785 3411 3840 οὐδὲν
3450 3793 3551 3863 γὰρ
3600 3790 3855 3861 ἐγίνωσκε

2252 3870 2367 3938 περὶ
2397 3866 2583 3935 αὐτῶν,
2616 3870 2865 3928 κατῆλθεν
2914 3868 2973 3924 δὲ
3014 3872 3113 3925 ἀπὸ
3167 3884 3257 3927 τοῦ
3302 3881 3453 3949 ᾆοους
3498 3886 3587 3931 xui
3619 3880 3853 3952 ἐφοϐεῖτο

2250 3962 2542 4023 περιπατεῖν
2605 3956 2652 4007 ἐν
2710 3967 2769 4030 τῇ
2822 3957 2928 4031 ὁδῷ
3002 3970 3093 4013 τοῦ
3150 3965 3392 4018 εἰσελθεῖν
3448 3966 3495 4019 ἐν
3553 3977 3613 4041 τῇ
3680 3971 3849 4037 πόλει,

2250 4040 2475 4112 ἐφοϐεῖτο
2530 4047 2630 4118 γὰρ
2688 4052 2759 4117 μή
2820 4068 2928 4110 πως
2974 4055 3183 4125 γνωσθῇ
3235 4056 3333 4106 ύπό
3376 4076 3511 4118 τινος
3564 4061 3651 4109 καὶ
3688 4058 3851 4131 ἐμφα-

2247 4134 2366 4187 νίση
2443 4138 2559 4206 περὶ
2628 4134 2806 4200 αὑτοῦ,
2867 4144 2955 4189 xui
3022 4150 3380 4215 κατασχόντες
3431 4144 3847 4218 παραδώσουσιν

2248 4218 2399 4271 αὐτόν
2449 4230 2518 4292 τῷ
2570 4222 2796 4295 βασιλεῖ,
2843 4232 2931 4279 καὶ
2972 4229 3064 4280 οὐκ
3103 4229 3223 4303 ᾔδει
3276 4235 3354 4285 ὅτι
3405 4231 3537 4292 ἦσαν
3591 4239 3656 4288 τὰ
3713 4238 3847 4291 ὁστὰ

2245 4317 2336 4360 τοῦ
2385 4315 2632 4381 τυράννου
2686 4313 2733 4364 ἐν
2786 4322 2855 4385 τῷ
2906 4314 3033 4390 ἅδῃ.
3089 4325 3180 4372 Καὶ
3223 4324 3304 4373 ὅτε
3348 4325 3564 4394 ἔφθασεν
3615 4327 3639 4377 ὁ
3696 4328 3843 4399 Ἰάμ-

2246 4396 2434 4469 ϐλιχος
2483 4401 2552 4461 εἰς
2590 4407 2680 4460 τὴν
2730 4404 2873 4455 πόλιν
2923 4405 3163 4471 ἀτενίσας
3208 4408 3338 4463 εἶδεν
3398 4416 3483 4464 τόν
3540 4417 3696 4467 τύπον
3749 4426 3841 4469 τοῦ

2243 4492 2417 4558 τιμίου
2474 4497 2701 4564 σταυρόῦ
2762 4500 3083 4568 πεπηγμένον
3140 4502 3271 4551 κατὰ
3339 4509 3436 4553 τῶν
3512 4504 3682 4556 πυλῶν
3744 4515 3841 4568 τῆς

2242 4575 2453 4643 πόλεως,
2504 4585 2591 4631 xui
2648 4580 2825 4642 ἐξέστη
2878 4583 2923 4634 ἐν
2972 4593 3032 4657 τῇ
3084 4583 3292 4661 διανοίᾳ
3332 4590 3510 4645 αὐτοῦ.
3565 4598 3663 4646 Καὶ
3710 4615 3835 4646 κατι

2243 4669 2365 4716 ενόει
2418 4664 2518 4719 ὦδε
2576 4674 2661 4721 καὶ
2708 4667 2810 4722 ὧδε
2857 4678 2945 4725 καὶ
2979 4673 3327 4743 ἐξεπλήττετο,
3362 4682 3548 4752 ὁμοίως
3589 4680 3646 4736 δὲ
3682 4683 3833 4737 ἀπελ-

2243 4756 2340 4805 θὼν
2387 4761 2475 4807 καὶ
2507 4756 2571 4817 εἰς
2616 4762 2708 4815 τὴν
2757 4760 2912 4819 οἷλλην
2943 4764 3108 4821 πύλην
3163 4774 3256 4828 τῆς
3309 4769 3521 4836 πόλεως,
3556 4770 3689 4825 εἶδεν
3735 4774 3832 4827 κά-

2237 4849 2377 4895 κεῖσε
2430 4850 2649 4917 σταυρόν
2700 4854 3021 4922 πεπηγμένον
3092 4851 3259 4906 ἐπάνω
3318 4857 3479 4920 αὐτῆς
3536 4866 3624 4914 καὶ
3683 4865 3834 4915 ἐθαύ-

2234 4931 2414 5001 μαξεν,
2474 4938 2561 4985 καὶ
2611 4937 2886 5006 περιελθὼν
2939 4939 3057 4999 ὂλας
3115 4944 3209 5002 τὰς
3260 4945 3444 5007 πύλας,
3499 4949 3637 5021 εὗρεν
3681 4949 3833 5015 οὗτος

2234 5021 2317 5069 τόν
2375 5023 2532 5071 τύπον
2606 5031 2695 5074 τοῦ
2754 5030 2928 5097 τιμίου
2990 5039 3237 5101 σταυροῦ,
3291 5039 3379 5084 xui
3448 5036 3631 5089 ἵστατο
3701 5039 3831 5102 ἐνεός

2231 5104 2634 5179 ἐκπληττόμενος
2693 5112 2773 5164 ἐπὶ
2825 5118 3055 5177 τούτοις“
3109 5124 3231 5171 Ὅτε
3278 5118 3364 5172 οἷν
3404 5119 3549 5181 ἦλθεν
3600 5126 3684 5177 ἐπὶ
3732 5133 3827 5186 τὴν

2228 5199 2434 5267 πρώτην
2480 5193 2791 5268 διελογίζετο
2850 5201 2896 5253 ἐν
2950 5203 3130 5275 ἑαυτῷ,
3194 5214 3281 5260 καὶ
3334 5209 3523 5280 ἔλεγεν·
3609 5220 3672 5266 Τί
3723 5218 3829 5287 οῖρα

2228 5281 2340 5334 ἐστι
2395 5292 2545 5336 τοῦτο
2598 5291 2652 5338 τό
2700 5298 2913 5360 σημεῖον
2960 5301 3050 5345 τοῦ
3109 5306 3335 5371 σταυροῦ
3388 5302 3467 5351 ὅτι
3515 5301 3731 5377 ἑσπέρας
3776 5305 3824 5357 ἐν

2224 5380 2295 5442 τῷ
2360 5382 2569 5445 κρυπτῷ
2629 5373 2710 5440 ἧν,
2782 5385 2865 5431 xui
2912 5389 2998 5432 νῦν
3054 5390 3424 5460 πεφανέρωται,
3482 5394 3612 5462 μετὰ
3684 5395 3820 5469 παῤ-
