4144 6258
262 340 362 396 441

1445 339 1538 394 DE
1575 334 1862 392 SEPTEM
1904 333 2468 398 DOBMIENTIBUS.

3531 335 3634 390 442

265 467 452 542 ῥησίας
502 461 586 515 ἰπὶ
632 468 733 513 τῶν
783 459 956 512 πυλῶν
991 470 1087 522 τῆς
1134 462 1346 528 πόλεως,
1395 464 1559 534 ἔλεγεν
1615 459 1674 514 δε
1717 460 1764 512 ἐν
1808 467 1871 532 τῇ

1996 477 2141 516 mus.
2159 466 2379 520 Verene
2396 466 2508 521 hoc
2537 465 2736 528 video,
2755 479 2833 520 an
2854 461 3064 535 spectri
3080 460 3333 530 alicujus
3357 453 3632 514 illusione

269 551 478 624 διανοίᾳ
549 551 708 603 αὐτοῦ
789 555 918 623 μήτι
977 553 1148 624 ὄραμά
1200 551 1311 604 ἐστι
1379 559 1573 618 τοῦτο;
1619 553 1765 603 Μετὰ
1817 545 1876 600 δὲ

267 651 434 696 ταῦτα
487 639 652 692 λαϐὼν
713 641 901 712 θάρσος
969 640 1225 693 ἐσκέπασε
1280 645 1375 699 τήν
1435 638 1657 711 κεφαλὴν
1718 637 1876 688 αὐτοῦ

272 737 361 784 καὶ
420 729 650 788 εἰσῆλθεν
723 728 789 788 εἰς
864 733 958 786 τὴν
1041 729 1209 798 πόλιν,
1263 735 1352 782 καὶ
1419 733 1613 787 ἤκουσε
1682 725 1877 778 πολλῶν

273 821 517 890 λεγόντων
567 823 656 870 xui
707 817 998 888 όμνυόντων
1053 817 1100 870 ἐν
1151 827 1221 890 τῷ
1271 819 1484 891 ὀνόματι
1537 825 1627 869 τού
1684 818 1877 888 Κυρίου

276 912 416 980 ἡμῶν
472 909 649 965 Ἰησοῦ
712 914 968 980 Χριστοῦ,
1023 913 1111 959 καὶ
1162 916 1248 959 νύν
1298 908 1492 964 ἑκάστη
1543 905 1760 976 γλῶσσα
1804 921 1877 954 τε-

271 1000 530 1072 τράνωται
580 996 629 1048 ἐν
681 997 841 1066 αύτῷ,
888 996 1039 1047 πάλιν
1087 994 1145 1049 δὲ
1191 997 1353 1068 ἔλεγεν
1407 997 1454 1048 ἐν
1504 996 1686 1065 ἐαυτῷ,
1734 994 1878 1063 τάχα

273 1087 366 1138 ούκ
413 1089 552 1139 ἔστιν
597 1086 728 1142 αύτη
785 1087 813 1143 ἡ
867 1085 1012 1146 πόλις
1059 1084 1275 1156 Ἔφεσος
1321 1082 1468 1138 ὄιατί
1513 1087 1579 1136 τὰ
1617 1084 1878 1153 οἰκήματα

275 1176 436 1237 αὐτῆς
492 1174 628 1227 ἐστὶν
704 1172 1071 1246 ἐνηλλαγμένα,
1121 1179 1210 1226 καὶ
1285 1177 1315 1232 ἡ
1395 1171 1660 1232 διάλεκτος
1716 1171 1878 1228 αύτῆς

275 1260 632 1335 ὄεδιόαγμένη
666 1262 713 1314 ἐν
745 1271 816 1332 τῷ
865 1270 1101 1337 Χριστῷ,
1133 1267 1222 1316 καὶ
1252 1263 1409 1320 ἄλλην
1439 1263 1586 1314 πόλιν
1633 1260 1724 1312 ούκ
1756 1255 1881 1309 οἶδα

273 1352 316 1404 εἰ
391 1357 462 1424 μῆ
537 1355 728 1408 ταύτην
803 1356 985 1422 μόνην.
1050 1357 1148 1404 Καὶ
1232 1356 1650 1424 περιερχόμενος,
1706 1349 1881 1418 ἠρώτα

273 1444 389 1493 τινὰ
448 1450 546 1492 τῶν
621 1440 842 1492 πολιτῶν
910 1440 1090 1512 λέγων,
1146 1449 1253 1500 πῶς
1322 1440 1556 1492 καλεῖται
1624 1440 1653 1495 ἡ
1733 1434 1880 1493 πόλις

275 1530 446 1588 αὕτη⁸
506 1531 530 1582 ό
588 1526 647 1582 δί
699 1526 868 1582 εἶπεν·
935 1531 1076 1587 Αύτη
1129 1529 1348 1602 Ἔφεσός
1400 1528 1548 1580 ἐστι’
1607 1530 1693 1577 καὶ
1745 1521 1878 1575 εἶπεν

268 1618 576 1691 Ἰάμϐλιχός
627 1620 750 1692 παρ’
807 1618 976 1689 ὀλίγον
1034 1618 1164 1688 Ἐγὼ
1214 1617 1535 1687 ἐπελαθόμην
1588 1619 1676 1665 καὶ
1724 1611 1877 1663 ἔπλα-

276 1711 439 1766 νήθην
497 1710 544 1759 ἐν
602 1714 672 1777 τῷ
725 1710 804 1758 νοί
849 1726 971 1778 μου,
1031 1706 1137 1758 ἀλλ’
1197 1704 1378 1768 ἐξελθω
1435 1704 1490 1756 ἐκ
1541 1710 1633 1762 τῆς
1685 1699 1878 1759 πόλεως

278 1801 475 1858 ταύτης
504 1803 574 1869 μὴ
605 1817 712 1858 πως
737 1797 1002 1854 πλανηθῶ.

1982 549 2246 619 decipior
2270 554 2298 608 ‘?
2329 557 2472 609 Cum
2496 555 2626 610 haec
2651 555 2887 617 diceret,
2917 556 2972 606 et
3001 550 3190 606 crucis
3222 549 3476 617 ﬁguram
3507 547 3633 602 ubi-

1983 655 2098 710 que
2123 639 2308 697 ﬁxam
2335 643 2575 708 videret,
2609 643 2811 698 animo
2837 639 3025 709 magis
3053 637 3425 702 conﬁrmato,
3450 636 3508 691 in
3539 653 3629 689 ur-

1986 727 2121 782 bem
2153 735 2358 800 aperto
2396 733 2587 802 capite
2621 732 2930 801 ingressus
2960 732 3062 782 est.
3100 728 3365 795 Cumque
3396 725 3630 793 longius

1987 818 2449 886 progrederetur,
2467 821 2690 876 audivit
2707 819 2912 874 multos
2933 819 3178 888 perJesu
3195 813 3402 869 Christi
3421 827 3632 867 nomen

1980 905 2200 975 jurare.
2244 910 2434 973 Quare
2492 909 2684 978 magis
2742 906 3085 980 perculsus:
3121 901 3275 968 Quid
3332 901 3460 955 haec
3497 901 3630 965 sint,

1985 993 2194 1066 inquit,
2229 996 2457 1066 ignoro.
2491 999 2619 1053 Heri
2646 995 2874 1068 vesperi
2911 1009 3088 1049 nemo
3115 992 3296 1046 libere
3337 990 3631 1044 Christum

1985 1084 2356 1151 nominabat,
2387 1092 2443 1141 et
2470 1104 2627 1142 nunc
2657 1094 2776 1142 tam
2806 1084 3006 1140 multis
3037 1081 3256 1152 linguis
3287 1079 3498 1134 Christi
3530 1094 3631 1133 no-

1990 1188 2125 1226 men
2147 1173 2475 1230 celebratur
2491 1175 2518 1230 ?
2535 1180 2760 1231 Rursus
2780 1189 2984 1229 secum
3009 1171 3335 1238 ambigens,
3359 1166 3594 1222 dicebat
3617 1166 3633 1206 ε

1989 1261 2256 1315 Fortasse
2291 1263 2498 1318 urbem
2520 1265 2818 1333 Ephesum
2833 1278 2956 1316 non
2983 1259 3175 1322 video,
3197 1256 3481 1328 quoniam
3507 1255 3635 1324 ejus

1989 1345 2240 1402 aediﬁcia
2266 1351 2515 1406 omnino
2550 1356 2772 1405 mutata
2803 1353 2956 1413 sunt,
2989 1352 3044 1402 et
3074 1346 3263 1417 ipsius
3284 1343 3492 1412 lingua
3522 1342 3637 1396 alia

1988 1434 2268 1504 quaedam
2301 1443 2390 1492 est
2425 1438 2719 1493 Christum
2751 1437 2960 1492 edocta
2989 1451 3000 1488 :
3033 1433 3194 1506 quod
3233 1432 3292 1486 in
3319 1430 3482 1485 nulla
3520 1429 3638 1484 alia

1988 1524 2135 1576 urbe
2166 1524 2291 1580 ﬁeri
2325 1527 2460 1592 vidi,
2494 1528 2604 1581 nisi
2637 1528 2694 1582 in
2721 1527 2836 1581 hac
2867 1525 3014 1580 sola.
3050 1524 3401 1590 Progressus
3432 1517 3632 1590 igitur,

1986 1613 2261 1681 quaesivit
2277 1630 2311 1668 a
2328 1615 2593 1685 quodam
2618 1617 2764 1679 cive,
2788 1629 2908 1686 quo
2931 1612 3171 1667 nomine
3196 1607 3447 1663 urbsilla
3463 1622 3636 1661 voca-

1987 1703 2182 1754 retur:
2214 1703 2497 1772 Ephesus,
2545 1704 2733 1775 inquit
2763 1703 2877 1767 ille,
2912 1702 3038 1756 hazc
3077 1703 3338 1760 vocatur,
3383 1699 3508 1750 Non
3539 1711 3636 1750 cre

1914 1787 1959 1841 B
1990 1786 2141 1842 didit
2173 1791 2516 1856 Jamblicus,
2570 1792 2675 1846 sed
2718 1807 2922 1846 secum
2975 1787 3279 1856 cogitans:
3322 1785 3633 1853 Deceptus,

277 1887 488 1958 inquit,
525 1890 677 1941 certe
721 1901 878 1948 sum,
904 1885 1170 1940 locorum
1201 1883 1442 1945 oblitus,
1474 1886 1716 1951 totaque
1754 1878 1950 1932 mente
1982 1875 2287 1933 aberrans.
2326 1881 2678 1936 Exeundum
2705 1880 2881 1950 igitur
2919 1877 3065 1933 mihi
3108 1879 3194 1930 est
3225 1890 3296 1928 ex
3319 1872 3433 1927 hac
3462 1871 3635 1934 urbe,

277 1991 350 2031 ne
376 1975 570 2044 magis
605 1989 816 2030 errem.

351 2063 444 2116 IE'.
480 2064 563 2124 Ὧς
595 2060 681 2115 οὖν
712 2062 762 2114 ἐν
803 2062 970 2134 πολλῷ
1017 2061 1155 2134 φόϐῳ
1203 2067 1292 2114 καὶ
1346 2061 1542 2132 ἀγωνίᾳ
1570 2056 1652 2130 ᾖν,
1689 2055 1881 2129 βουλό-

276 2172 419 2224 μενος
467 2151 679 2214 ἐξελθεῖν
746 2150 800 2202 ἐκ
857 2161 948 2211 τῆς
1000 2151 1209 2216 πόλεως,
1262 2150 1524 2224 προσῆλθε
1579 2150 1709 2219 πρὸς
1763 2147 1880 2203 τοὺς

274 2243 662 2312 πιπράσκοντας
718 2244 838 2301 τοὺς
901 2241 1088 2311 ἄρτους
1159 2239 1439 2313 ἀγοράσαι,
1495 2242 1584 2289 καὶ
1661 2232 1882 2286 ἐκϐαλὼν

271 2327 544 2402 ἀργύριον,
602 2324 790 2379 ἔδωκεν
865 2328 1082 2390 αὐτοῖς·
1137 2329 1286 2380 αύτοὶ
1349 2325 1408 2380 δε
1486 2325 1725 2384 λαϐόντες
1795 2326 1884 2373 καὶ

278 2414 473 2478 ἰδόντες
517 2421 608 2474 τὴν
652 2422 864 2488 μονίταν
911 2418 990 2469 ὅτι
1020 2417 1217 2488 μεγάλη
1265 2414 1325 2474 ἧν
1375 2422 1464 2467 καὶ
1513 2414 1878 2482 ἐνηλλαγμένη,

278 2503 578 2577 ἐθαύμασαν
625 2511 714 2557 καὶ
763 2504 996 2565 ἀλληλοις
1041 2501 1364 2557 ἐπεδείκνυον
1399 2504 1580 2570 αὐτὴν,
1613 2505 1702 2552 xui
1750 2518 1880 2570 παρ·

279 2594 401 2652 ῆλθε
451 2591 542 2646 διὰ
582 2603 763 2647 πασῶν
810 2603 908 2646 τῶν
948 2591 1213 2662 καθεδρῶν
1263 2602 1360 2645 τῶν
1414 2591 1716 2644 πωλούντων
1765 2590 1882 2646 τοὺς

282 2684 492 2756 οἶρτους,
546 2689 635 2736 καὶ
705 2683 1007 2757 ἐψιθύριζον
1079 2684 1189 2755 μετ’
1248 2681 1474 2740 ἀλλήλων
1529 2684 1618 2731 καὶ
1675 2675 1879 2729 ἔϐλεπον

282 2771 352 2832 εἰς
403 2776 489 2824 τόν
537 2771 842 2844 Ἰάμϐλιχον
885 2776 974 2823 καὶ
1019 2767 1192 2823 εἶπον·
1230 2770 1390 2829 Οὗτος
1422 2771 1684 2838 θησαυρόν
1715 2766 1876 2837 εὗρεν,

279 2866 370 2914 καὶ
424 2863 536 2912 ἔστι
611 2859 806 2911 πολλῶν
878 2859 1018 2912 ἑτῶν.
1077 2859 1135 2910 Ὀ
1203 2855 1262 2910 δὲ
1315 2857 1612 2927 Ἰάμϐλιχος
1679 2853 1878 2924 βλέπων

284 2954 400 3009 τοὺς
479 2953 832 3019 προσέχοντας
916 2947 1055 3016 αύτῷ
1135 2945 1527 3017 ψιθυρίζοντας,
1605 2941 1828 3012 ἐφοϐήθη
1865 2961 1877 2972 ο

284 3037 487 3108 ἐνόμιζε
540 3039 640 3109 γὰρ
707 3037 786 3087 ὅτι
857 3034 1130 3108 ἐγνώριζον
1201 3033 1355 3084 αὐτόν
1439 3036 1528 3082 καὶ
1608 3028 1883 3101 βούλονται

282 3123 612 3198 παραδοῦναι
645 3125 800 3176 αὑτὸν
829 3129 985 3195 Δεκίῳ
1016 3132 1087 3194 τῷ
1133 3121 1361 3195 βασιλεῖ,
1395 3119 1569 3172 πολλοὶ
1613 3115 1671 3169 δὲ
1719 3135 1886 3190 προσ-

281 3222 512 3290 ήρχοντο
565 3213 894 3287 ἐμϐλέποντες
942 3213 1012 3274 εἰς
1050 3216 1106 3264 τό
1152 3217 1426 3285 πρόσωπον
1475 3209 1653 3271 αὑτοῦ,
1685 3211 1776 3258 καὶ
1823 3209 1886 3265 ὡς

285 3307 494 3358 ἵσταντο
570 3307 876 3375 κατέχοντες
952 3301 1104 3354 αύτὸν
1186 3300 1232 3352 ἐν
1290 3305 1431 3372 μέσῳ
1500 3307 1595 3359 τῆς
1671 3296 1884 3370 ἀγορᾶς,

286 3391 600 3470 συνέδραμεν
660 3391 814 3465 ὄχλος
870 3391 1030 3453 πολὺς
1079 3395 1168 3443 καὶ
1225 3389 1426 3452 ἐξῆλθεν
1471 3389 1495 3438 ό
1546 3386 1692 3458 λόγος
1737 3385 1888 3445 οὗτος

283 3487 420 3536 κατὰ
473 3489 646 3535 πᾶσαν
694 3487 788 3540 τὴν
832 3481 979 3534 πόλιν
1027 3479 1275 3551 λεγόντων
1324 3479 1400 3530 ὄτι
1453 3477 1757 3547 Κατεσχέθη
1807 3493 1888 3534 τις

283 3579 485 3634 νεανίας
542 3573 701 3644 εὑρὼν
791 3572 1078 3644 θησαυρόν.
1141 3571 1239 3621 Καὶ
1317 3567 1665 3637 συνήχθησαν
1722 3565 1888 3615 ἐπάνω

285 3664 445 3715 αύτού
505 3661 662 3732 ὄχλος
716 3659 870 3719 πολὺς
930 3660 1208 3727 φάσκοντες
1243 3674 1254 3684 ’
1312 3655 1474 3714 Οὗτος
1544 3655 1569 3704 ό
1626 3654 1889 3725 ἄνθρωπος

288 3753 420 3815 ξένος
469 3749 600 3814 ἐστὶ,
642 3753 731 3800 καὶ
780 3744 1028 3800 οὐδέποτε
1073 3743 1253 3816 ἴδομεν
1299 3743 1474 3796 αὐτόν.
1510 3746 1610 3794 Καὶ
1657 3741 1889 3800 ἠτένιζον

288 3841 355 3901 εἰς
414 3843 470 3891 τό
554 3842 829 3910 πρόσωπον
902 3836 1080 3888 αὐτοῦ.
1140 3838 1234 3887 Καὶ
1309 3831 1539 3884 ἐϐούλετο
1593 3828 1891 3902 Ἰάμϐλιχός

288 3929 662 3998 ἀπολογεῖσθαι
718 3925 894 3987 αύτοίς
953 3926 1033 3976 ὅτι
1104 3923 1208 3994 ούχ
1262 3922 1374 3994 εὗρε
1459 3922 1741 3992 θησαυρόν,
1801 3920 1890 3970 καὶ

284 4020 384 4070 ὑπό
435 4026 531 4078 τῆς
572 4015 855 4077 ἐκπλήξεως
909 4017 1253 4084 συνεχόμενος
1306 4010 1396 4062 ούκ
1450 4013 1685 4080 ἴσχυσε·
1728 4027 1888 4082 προσ-

284 4111 423 4178 έχων
477 4103 535 4158 ὃε
593 4109 921 4179 περιεσκόπει
981 4103 1050 4163 εἰς
1099 4106 1184 4154 τόν
1259 4099 1435 4172 ὄχλον,
1491 4103 1579 4150 καὶ
1632 4094 1746 4150 οὐδ’
1806 4099 1891 4150 ἕνα

283 4195 616 4267 ἐπεγίνωσκε,
674 4199 762 4245 καὶ
812 4195 913 4265 γὰρ
971 4191 1204 4263 λαμπρόν
1276 4193 1364 4240 καὶ
1421 4189 1690 4258 περιφανὲς
1747 4189 1890 4256 γένος

280 4282 423 4355 εἶχεν
479 4282 525 4334 ἐν
583 4291 654 4353 τῷ
679 4282 939 4352 .παλατίῳ
995 4280 1231 4352 Ἐφέσου,
1291 4280 1380 4328 xui.
1435 4277 1602 4332 καθὼς
1661 4273 1888 4337 ἐνόμιζεν

281 4375 367 4425 ὅτι
422 4372 642 4443 ἑσπέρας
697 4373 929 4442 γνωστὸς
992 4365 1051 4424 ἦν
1106 4374 1236 4418 πᾶσι
1288 4369 1378 4414 καὶ
1431 4362 1579 4413 ἕωθεν
1638 4357 1754 4411 οὐδ’
1805 4361 1891 4410 ἕνα

2069 2056 2174 2111 XV.
2227 2059 2374 2114 Cum
2422 2075 2564 2128 ergo
2618 2056 3012 2114 sollicitudine
3065 2067 3287 2123 magna
3338 2051 3636 2104 teneretur

1993 2151 2050 2200 et
2080 2146 2248 2203 illinc
2278 2149 2435 2204 exire
2466 2148 2656 2214 vellet,
2698 2147 2862 2218 prius
2895 2144 3077 2199 voluit
3126 2156 3311 2212 panes
3339 2151 3554 2200 emere,
3583 2137 3640 2188 et

1995 2243 2300 2305 argentum
2356 2235 2630 2308 sumpsit,
2680 2239 2742 2290 ut
2797 2233 3052 2305 pretium
3097 2230 3281 2284 daret.
3337 2225 3444 2289 Qui
3499 2238 3635 2277 vero

1996 2341 2212 2396 panem
2241 2325 2650 2388 vendiderant,
2681 2340 2817 2378 cum
2841 2325 3139 2378 monetam
3165 2317 3326 2372 illam
3353 2327 3636 2382 magnam

1995 2418 2051 2468 et
2099 2414 2398 2470 diversam
2459 2414 2763 2476 vidissent,
2814 2410 3003 2465 mirati
3055 2412 3210 2469 sunt,
3261 2409 3318 2458 et
3375 2401 3635 2455 vicissim

1994 2518 2127 2557 eam
2170 2503 2278 2557 sibi
2335 2501 2750 2558 ostendebant.
2794 2503 2896 2554 Per
2934 2512 3150 2552 manus
3184 2493 3357 2562 igitur
3399 2488 3634 2550 tradita,

1991 2598 2233 2645 moneta
2291 2591 2392 2645 illa
2444 2606 2548 2662 per
2593 2605 2801 2644 omnes
2853 2585 2956 2658 qui
3010 2598 3224 2655 panem
3278 2577 3636 2642 vendebant,

1992 2679 2242 2733 transiit.
2279 2678 2384 2741 Qui
2428 2678 2684 2733 vicissim
2727 2678 2786 2731 in
2832 2690 3036 2729 aurem
3079 2669 3536 2727 insusurrantes,
3583 2665 3640 2718 et

1990 2769 2344 2824 Jamblicum
2393 2767 2708 2832 intuentes,
2767 2762 3066 2818 dicebant:
3106 2761 3245 2812 Vere
3296 2756 3479 2810 homo
3535 2752 3638 2806 iste

1991 2857 2338 2912 thesaurum
2357 2855 2596 2920 invenit,
2622 2859 2878 2909 veterem
2898 2851 3063 2905 illum
3081 2848 3345 2918 quidem,
3366 2847 3419 2897 et
3435 2840 3636 2897 multis

1993 2944 2212 2998 abhinc
2257 2943 2429 2997 annis
2487 2942 2879 2997 reconditum.
2936 2936 3260 2993 Jamblicus
3312 2947 3450 2986 cum
3507 2929 3637 2983 illos

1995 3035 2372 3086 susurrantes
2387 3032 2626 3098 videret,
2641 3031 2818 3100 coepit
2833 3029 3040 3082 timere
3056 3041 3068 3079 :
3086 3019 3465 3078 existimabat
3480 3016 3638 3071 enim

1996 3135 2055 3173 se
2087 3119 2164 3174 ab
2203 3119 2316 3173 illis
2355 3119 2618 3187 agnosci,
2660 3123 2716 3173 et
2773 3115 2928 3170 Decii
2975 3112 3222 3183 imperio
3276 3105 3634 3162 tradendum

1996 3224 2145 3262 esse.
2181 3208 2324 3260 Cum
2351 3223 2486 3260 vero
2511 3205 2678 3259 multi
2711 3203 3116 3265 accessissent,
3149 3203 3205 3252 et
3227 3198 3354 3265 ejus
3381 3195 3637 3248 formam

1997 3310 2370 3368 nequaquam
2391 3309 2751 3362 cognoscere
2768 3289 3098 3362 possent,in
3119 3286 3305 3339 medio
3324 3284 3452 3339 foro
3474 3280 3640 3334 illum

1997 3383 2350 3439 detinebant.
2384 3387 2580 3453 Itaque
2635 3378 2821 3435 turbas
2871 3375 3071 3431 multm
3125 3371 3556 3431 conﬂuxerunt,
3589 3373 3644 3420 et

1998 3489 2197 3528 sermo
2212 3472 2309 3527 hic
2339 3487 2441 3543 per
2457 3475 2637 3524 totam
2670 3467 2962 3522 civitatem
2983 3463 3265 3530 vulgatus
3295 3455 3643 3522 est,adoles-

1998 3567 2228 3617 centem
2259 3542 2584 3630 quemdam
2618 3553 3116 3626 comprehensum
3151 3547 3349 3610 fuisse,
3382 3543 3483 3614 qui
3521 3542 3644 3596 the-

2001 3665 2245 3706 saurum
2262 3643 2801 3702 invenerat.Turbaa
2817 3647 3014 3696 autem
3029 3638 3102 3694 ad
3117 3652 3252 3692 eum
3269 3635 3642 3701 congregatae

2001 3738 2304 3795 dicebant:
2325 3737 2512 3792 Homo
2533 3735 2640 3789 iste
2663 3731 3005 3805 peregrinus
3033 3732 3139 3794 est,
3162 3739 3345 3794 neque
3374 3734 3642 3791 unquam

1998 3828 2169 3884 illum
2221 3825 2494 3880 vidimus.
2550 3822 2681 3877 Haec
2721 3818 3018 3880 dicebant,
3051 3819 3107 3870 et
3153 3812 3389 3868 intentis
3439 3807 3644 3871 oculis,

2003 3918 2194 3988 magis
2228 3916 2527 3984 magisque
2554 3915 2751 3983 ipsum
2785 3907 3184 3963 intuebantur.
3215 3899 3458 3956 Volebat
3487 3899 3645 3952 Jam-

1999 4009 2190 4065 blicus
2204 4019 2454 4061 causam
2478 4018 2648 4056 suam
2671 4015 2865 4068 agere,
2881 3995 3043 4067 quod
3059 3994 3272 4048 falsum
3291 3993 3463 4056 esset,
3480 3984 3645 4057 quod

2000 4099 2073 4153 de
2109 4097 2420 4151 thesauaro
2448 4091 2689 4144 invento
2711 4087 3008 4141 dicerent:
3040 4081 3140 4135 sed
3173 4085 3416 4149 stupore
3448 4075 3647 4128 deten-

2001 4193 2115 4250 tus,
2144 4183 2202 4235 id
2231 4181 2419 4234 l‘acere
2452 4193 2568 4232 non
2601 4179 2848 4245 poterat.
2891 4173 3152 4240 Cumque
3191 4181 3402 4222 omnes
3444 4161 3646 4216 turbas

2001 4267 2502 4336 circumspiceret,
2545 4263 2842 4317 neminem
2894 4255 3274 4327 agnoscebat,
3320 4257 3373 4306 et
3417 4247 3641 4304 nemini

2002 4365 2178 4414 notus
2204 4359 2346 4418 erat,
2371 4352 2503 4406 licet
2524 4350 2684 4405 claro
2713 4353 2769 4403 et
2787 4346 2995 4402 illustri
3023 4357 3234 4413 genere
3266 4338 3428 4410 apud
3457 4336 3641 4406 Ephe-

291 4424 298 4425 ,
549 4424 557 4443 .
629 4424 642 4432 ,
705 4424 718 4442 ,
916 4424 929 4430 _

282 4463 640 4531 ἐπιγινώσκων
708 4458 1018 4528 ἐθαύμαζεν,
1073 4460 1160 4505 καὶ
1231 4455 1300 4512 ὡς
1370 4449 1655 4512 ἐξεστηκὼς
1724 4467 1883 4520 προσ-

2001 4463 2133 4503 sum
2160 4448 2334 4500 natus
2356 4444 2529 4496 esset.
2553 4440 2925 4508 Quapropter
2953 4431 3344 4488 admiratione
3377 4424 3642 4481 maxima

284 4557 428 4620 εἶχεν
460 4549 531 4608 εἰς
561 4551 646 4599 τόν
675 4546 832 4617 ὄχλον
867 4541 994 4596 ἰδεῖν
1029 4546 1115 4594 τόν
1160 4544 1359 4613 πατέρα
1389 4537 1544 4589 αὐτοῦ
1573 4537 1602 4595 ἢ
1643 4557 1758 4589 τινα
1791 4548 1888 4588 τῶν

736 4633 807 4651 ’θ’
865 4634 888 4650 φ
951 4633 962 4645 ⁸
1024 4639 1044 4650 υ

284 4633 542 4708 ἀδελφῶν,
575 4640 662 4687 καὶ
692 4630 807 4686 οὐδ’
841 4634 911 4694 εἷς
942 4633 1178 4704 ὑπῆρχεν
1210 4629 1264 4691 ἐξ
1294 4628 1482 4681 αύτῶν.

1999 4535 2395 4594 detinebatur,
2442 4526 2605 4600 quod
2645 4524 2834 4597 pridie
2875 4521 3099 4592 vesperi
3137 4517 3412 4574 omnibus
3467 4517 3642 4567 notus

2001 4624 2225 4688 fuisset,
2268 4626 2322 4674 et
2363 4615 2643 4689 postridie
2694 4628 2864 4667 mane
2918 4611 3220 4666 neminem
3273 4603 3638 4674 agnosceret,

283 4725 538 4782 omnino
564 4724 758 4794 etipse
782 4689 1518 4791 ignotusiﬁabatoperam
1537 4719 1601 4769 ut
1629 4714 1780 4768 inter
1810 4714 2047 4772 turbam
2073 4712 2236 4768 illam
2262 4714 2490 4781 patrem
2522 4704 2616 4759 vel
2644 4701 2900 4773 aliquem
2927 4715 2998 4754 ex
3027 4695 3306 4752 fratribus
3336 4689 3638 4757 inveniret,

283 4829 486 4886 neque
512 4826 881 4884 quemquam
908 4808 1166 4864 videbat.

364 4901 458 4967 1;“.
499 4907 625 4954 Τότε
676 4899 904 4970 ἐγνώσθη
964 4899 988 4949 ό
1040 4898 1185 4968 λόγος
1238 4893 1284 4947 ἐν
1344 4895 1431 4966 ὅλῃ
1483 4900 1543 4964 τῆ
1604 4892 1748 4944 πόλει
1801 4897 1888 4944 xui

281 4994 381 5053 ἕως
429 4999 520 5043 τοῦ
576 4989 929 5042 ἐπισκοπείου.
990 4988 1184 5060 Εύρέθη
1247 4981 1306 5036 δὲ
1354 4987 1442 5034 καὶ
1495 4985 1887 5053 κατοικονομίαν

281 5087 422 5135 Θεοῦ
499 5084 589 5130 καὶ
662 5080 685 5129 ό
760 5076 1048 5136 ἀνθύπατος
1123 5083 1213 5134 τῆς
1290 5071 1478 5132 πόλεως
1548 5071 1660 5121 κατ’
1730 5070 1886 5128 αύτὴν

277 5175 380 5229 τὴν
433 5171 567 5240 ὥραν
618 5166 953 5241 ἀνερχόμενος
1002 5166 1130 5236 πρὸς
1181 5166 1265 5214 τόν
1322 5160 1619 5213 ἐπίσκοπον.
1675 5163 1775 5211 Καὶ
1821 5161 1889 5220 ὡς

281 5257 641 5329 διελογίζοντο
689 5261 807 5327 περὶ
850 5261 939 5306 τοῦ
986 5254 1252 5324 θησαυροῦ
1298 5250 1530 5320 ἐγνώσθη
1578 5249 1606 5304 ἡ
1660 5245 1888 5298 ἀνάστα-

280 5369 373 5410 σις
431 5355 530 5399 τῶν
605 5354 792 5420 νεκρῶν
868 5350 1001 5395 πᾶσι
1074 5347 1185 5401 τοῖς
1259 5339 1419 5408 λαοῖς,
1475 5341 1562 5388 καὶ
1621 5335 1887 5388 ἐκέλευσαν

278 5439 421 5513 μετὰ
484 5438 662 5497 πάσης
737 5432 1116 5505 φιλανθρωπίας
1181 5428 1512 5501 φυλαχθῆναι
1568 5428 1654 5476 τόν
1728 5428 1890 5475 νεανί-

281 5545 415 5580 σκον
470 5528 560 5576 καὶ
620 5523 894 5594 ἐνεχθῆναι
935 5522 1060 5592 πρός
1113 5517 1324 5581 αύτούς,
1371 5517 1559 5587 ἔχοντα
1614 5515 1672 5564 τό
1731 5510 1890 5584 ἀργύ-

277 5633 400 5692 ριον
460 5611 484 5666 ὃ
540 5611 820 5686 ἐπεφέρετο,
881 5613 966 5662 καὶ
1050 5609 1118 5671 ὡς
1188 5601 1350 5659 εἷλκον
1420 5606 1506 5655 τόν
1579 5598 1887 5673 Ἰάμϐλιχον

2069 4891 2199 4946 XVl.
2224 4891 2465 4944 Tuncea
2489 4897 2580 4937 res
2608 4896 2711 4951 per
2728 4883 2911 4934 totam
2944 4873 3150 4930 urbem
3172 4868 3642 4937 vulgata,usque

1994 4979 2070 5035 ad
2088 4975 2349 5049 episcopi
2369 4987 2541 5028 aures
2560 4967 2841 5040 pervenit.
2866 4963 3067 5019 Divina
3080 4971 3318 5031 quoque
3334 4953 3644 5008 Providen.

1993 5067 2072 5122 tia
2096 5039 2310 5120 factum
2337 5067 2440 5124 est,
2467 5063 2528 5113 ut
2551 5039 2678 5128 ejus
2697 5055 2856 5108 urbis
2879 5046 3198 5124 proconsul
3223 5045 3322 5101 illa
3348 5043 3480 5112 ipsa
3495 5039 3644 5093 hora

1995 5154 2217 5210 veniret
2239 5151 2315 5207 ad
2329 5149 2701 5220 episc0pum.
2724 5143 2833 5208 Qui
2852 5141 2997 5194 dum
3018 5137 3235 5190 diceret
3258 5131 3331 5185 de
3360 5131 3642 5184 thesauro

1993 5259 2110 5315 que
2130 5241 2206 5297 ab
2226 5219 2668 5294 adolescentem
2689 5231 2787 5286 illo
2805 5231 3112 5284 inventum
3126 5219 3447 5291 cogitabat,
3465 5232 3534 5271 ea
3546 5229 3641 5268 res

1994 5330 2148 5398 fecit,
2184 5334 2245 5384 ut
2286 5329 2658 5381 mortuorum
2690 5315 3039 5374 resurrectio
3078 5314 3305 5385 pateret
3338 5305 3641 5363 omnibus.

1992 5421 2300 5474 Iusserunt
2330 5413 2488 5468 enim
2521 5416 2641 5465 tam
2684 5403 3021 5479 proconsul,
3079 5415 3264 5474 quam
3303 5397 3642 5467 episcOpus,

1993 5507 2428 5565 adolescentem
2453 5500 2618 5555 illum
2637 5495 2894 5565 benigne
2917 5497 3231 5549 tractatum
3255 5482 3564 5544 custodiri,
3590 5484 3646 5533 et

1993 5596 2069 5654 ad
2086 5611 2147 5652 se
2169 5591 2307 5652 duci
2329 5605 2468 5646 cum
2484 5583 2946 5659 argento,tquod
2968 5596 3170 5638 secum
3191 5575 3474 5636 habebat.
3499 5571 3644 5624 Cum
