4144 6258
500 293 604 348 443
1749 361 1752 367 λ
1891 283 2136 342 MENSIE

2229 282 2454 340 ULIUS.
3752 278 3862 333 444

501 416 680 487 igitur
709 416 1034 473 Jamblicus
1064 417 1141 473 ad
1181 416 1489 473 ecclesiam
1519 416 1866 480 traheretur,
1889 411 2137 484 putabat

2251 409 2322 470 εἰς
2368 415 2460 468 τήν
2536 409 2814 468 ἐκκλησίαν
2887 405 3114 479 ἐνόμιζεν
3187 405 3267 456 ὅτι
3335 406 3467 476 πρὸς
3540 407 3714 456 Δέκιον
3769 406 3864 456 τὸν

501 507 578 562 ad
626 505 868 560 Decium
918 506 1332 576 imperatorem
1379 522 1441 560 se
1493 505 1658 560 trahi.
1693 508 1895 574 Itaque
1932 501 2049 555 huc
2089 503 2137 554 el

2252 497 2475 568 βασιλέα
2527 501 2745 569 ἄγουσιν
2813 496 2986 549 αὐτόν.
3051 499 3149 546 Καὶ
3206 497 3539 566 περιεσκόπει
3610 489 3714 544 ὦδε
3767 497 3863 544 καὶ

500 594 638 650 illuc
670 593 1205 664 circumspiciebat,
1237 600 1296 647 ut
1328 593 1588 665 aliquem
1621 608 1866 647 suorum
1896 590 2136 655 videret,

2249 583 2352 638 ὧδε
2407 585 2534 638 ἰδεῖν
2583 590 2698 638 τινα
2741 595 2837 638 τῶν
2895 583 3040 636 ἰδίων
3083 583 3241 634 αὐτοῦ
3289 586 3378 632 καὶ
3425 585 3722 652 γνωρίμων,
3770 587 3864 633 καὶ

499 683 592 738 vel
615 683 1218 750 consanguineorum,
1235 682 1548 738 veleorum
1575 682 1795 754 quibus
1821 684 1996 735 notus
2018 679 2135 731 fue-

2251 677 2274 726 6
2333 676 2485 746 ὄχλος
2540 676 2785 747 κατεγέλα
2859 674 3014 726 αὐτοῦ
3070 677 3158 722 καὶ
3223 677 3514 742 προσεῖχον
3578 671 3720 740 αὐτῷ
3791 672 3861 732 ὡς

501 777 610 826 rat.
645 770 1090 824 Adolescentem
1122 770 1204 826 ita
1253 771 1822 841 circumspicientem
1863 768 2049 831 turba,
2083 769 2137 819 ut

2251 773 2428 836 μωρῷ.
2485 771 2573 817 καὶ
2632 767 2763 816 οὕτω
2823 765 2948 835 μετά
2999 760 3143 833 βίας,
3200 761 3362 811 ὤθουν
3422 759 3575 810 αὑτὸν
3634 760 3707 820 εἰς
3764 764 3861 816 τήν

502 860 782 913 insanum
827 858 1109 929 aliquem,
1144 859 1463 913 irridebat:
1498 858 1700 930 itaque
1731 855 2037 912 violentius
2069 853 2138 909 ad

2253 854 2550 912 ἐκκλησίαν.
2610 854 2669 906 Ὀ
2729 850 2786 906 δὲ
2858 851 3146 911 ἀνθύπατος
3197 853 3284 900 καὶ
3345 851 3594 919 Στέφανος
3661 849 3686 898 6
3747 847 3858 899 ἐπί-

501 947 811 1002 ecclesiam
867 946 1303 1017 impellebatur.
1345 951 1473 1003 Jam
1531 963 1668 1001 vero
1723 944 2043 1017 proconsul
2095 947 2137 996 el

2258 963 2469 1007 σκοπος,
2527 943 2761 1002 λαϐόντες
2831 940 2951 1013 παρ’
3025 939 3184 990 αὐτοῦ
3251 941 3308 989 τό
3385 935 3656 1009 ἀργύριον,
3716 933 3856 988 εἶδον

504 1037 839 1106 Stephanus
898 1036 1220 1106 episcopus
1270 1042 1574 1092 monetam
1607 1035 1768 1089 illam
1809 1034 1872 1088 in
1928 1048 2140 1087 manus

2255 1037 2345 1082 xui
2393 1031 2705 1103 ἐθαύμαζον.
2751 1035 2876 1083 Τότε
2935 1028 3228 1099 ἀποκριθεὶς
3276 1028 3300 1077 6
3355 1025 3674 1090 ἀνθύπατος,
3721 1024 3852 1078 εἶπεν

499 1130 796 1196 sumptam
821 1123 1699 1195 inspicientes,admirabantur.
1720 1125 1879 1178 Tunc
1899 1133 2135 1192 procon-

2253 1124 2380 1194 πρὸς
2425 1125 2510 1172 τὸν
2563 1119 2883 1192 Ἰάμϐλιχον,
2920 1125 3025 1170 Ποῦ
3076 1117 3211 1168 ἐστιν
3243 1118 3267 1167 6
3311 1117 3578 1189 θησαυρός
3608 1115 3660 1166 ὃν
3693 1115 3854 1188 εὗρες3

503 1214 593 1268 sul
640 1213 997 1268 Jamblicum
1042 1213 1448 1281 interrogans:
1487 1212 1758 1273 Ubinam,
1807 1209 2016 1278 inquit,
2062 1212 2139 1261 est

2257 1205 2434 1266 ἐπειδὴ
2498 1214 2555 1260 τὸ
2617 1208 2858 1283 ἀργύριον
2913 1209 2937 1259 ὃ
2998 1205 3299 1278 βαστάζεις,
3358 1203 3409 1266 ἐξ
3462 1204 3618 1256 αὐτοῦ
3673 1203 3853 1278 ἐστιν·

498 1302 836 1366 thesaurus,
853 1317 1032 1373 quem
1060 1301 1374 1356 invenisti?
1391 1302 1622 1354 Moneta
1647 1300 1805 1352 enim
1827 1297 1953 1352 haec
1975 1312 2004 1351 e
2031 1296 2134 1350 the

2257 1295 2564 1368 Ἰάμϐλιχος
2618 1297 2789 1350 εἶπεν·
2850 1298 3131 1368 Θησαυρόν
3206 1296 3294 1364 μὲν
3371 1289 3616 1344 οὐδέποτε
3687 1293 3856 1364 εὖρον,

500 1405 680 1444 sauro
728 1389 1011 1460 subrepta
1066 1394 1171 1444 est.
1230 1389 1484 1452 Minime,
1544 1387 1738 1458 inquit
1803 1385 2136 1448 Jamblicus,

2256 1387 2429 1446 καθὼς
2497 1389 2836 1460 κατηγορείτέ
2901 1404 3022 1456 μου,
3077 1382 3180 1434 ἀλλ’
3232 1378 3354 1433 οἶδα
3426 1379 3524 1451 ἐγὼ
3601 1382 3682 1432 ὅτι
3760 1389 3856 1432 τῶν

501 1478 843 1533 thesaurum
859 1478 914 1532 in
925 1477 1607 1548 veni,quemadmodum
1624 1492 1716 1530 me
1731 1491 1832 1530 vos
1847 1473 2137 1529 insimula-

2256 1483 2521 1545 πατρικῶν
2568 1495 2666 1546 μου
2712 1473 2848 1538 ἐστὶ,
2882 1478 2969 1524 καὶ
3015 1481 3108 1532 τῆς
3159 1469 3482 1540 συναλλαγῆς
3528 1477 3624 1530 τῆς
3666 1469 3859 1528 πόλεως

501 1566 590 1620 tis.
650 1565 798 1620 Illud
859 1583 1043 1620 unum
1111 1572 1271 1621 certo
1332 1565 1472 1630 scio,
1542 1581 1610 1619 ex
1675 1563 1932 1634 paternis
2000 1563 2137 1616 meis

2257 1564 2489 1635 ὑπάρχει
2542 1568 2598 1614 τό
2656 1565 2922 1636 ἀργύριον,
2980 1565 3055 1621 τίς
3119 1556 3177 1611 δέ
3229 1558 3368 1611 ἐστιν
3417 1561 3442 1609 6
3494 1561 3785 1630 πειρασμὸς
3833 1559 3871 1612 ὁ.

497 1654 768 1724 pecuniis
791 1660 1105 1722 argentum
1127 1656 1241 1709 hoc
1266 1669 1412 1720 esse,
1441 1654 1569 1724 ejus
1598 1657 1848 1707 monetae
1873 1656 2012 1706 nota
2042 1653 2133 1705 imi

2259 1652 2600 1722 συμϐεϐηκὼς
2647 1672 2736 1723 μοι
2773 1660 2879 1716 νῦν,
2914 1651 3004 1702 ούκ
3038 1646 3177 1701 οἶδα.
3215 1653 3313 1700 Καὶ
3357 1649 3382 1699 6
3415 1646 3707 1708 ἀνθύπατος
3739 1650 3852 1718 ἔφη·

498 1758 795 1813 pressum,
828 1759 961 1812 quas
1017 1743 1153 1797 huic
1188 1743 1316 1797 urbi
1372 1747 1655 1796 consueta
1688 1747 1796 1796 est.
1851 1740 1961 1796 Sed
1993 1743 2134 1794 certe

2221 1742 2416 1791 ›ΙΙόθεν
2473 1743 2534 1808 εἴ,
2582 1744 2606 1792 ό
2661 1738 2719 1792 δὲ
2771 1739 3073 1811 Ἰάμϐλιχός
3133 1738 3458 1810 ἀπεκρίνατο,
3520 1735 3611 1796 Ὠς
3665 1736 3857 1807 νομίξα

497 1829 697 1898 miror,
730 1846 919 1900 neque
967 1831 1227 1901 cogitare
1260 1846 1532 1901 possum,
1570 1829 1872 1884 undenam
1908 1829 2133 1883 tentatic

2255 1833 2310 1882 ἑκ
2368 1839 2458 1891 τῆς
2532 1830 2725 1889 πόλεως
2793 1832 3003 1894 ταύτης,
3065 1833 3152 1879 xui
3224 1829 3248 1877 6
3324 1826 3617 1886 ἀνθύπατος
3675 1822 3853 1877 εἶπεν·

497 1918 624 1972 haec
673 1918 817 1972 mihi
854 1918 1150 1973 acciderit.
1191 1918 1280 1972 Ad
1323 1918 1451 1972 htec
1492 1933 1757 1988 praeses:
1813 1917 2133 1982 Undenam,

2253 1925 2373 1983 Υίὸς
2402 1925 2538 1980 τίνος
2583 1917 2644 1983 εἰ,
2679 1921 2707 1977 ὴ
2751 1923 2826 1977 τίς
2874 1936 2929 1968 σε
2971 1922 3216 1987 γινώσκει
3257 1916 3496 1976 ἐνταῦθα,
3533 1914 3688 1965 ἐλθὼν
3721 1933 3855 1986 μαρ-

497 2005 708 2076 inquil,
743 2021 804 2060 es
837 2013 895 2059 tu
920 2005 947 2058 7
980 2006 1062 2060 1111
1109 2011 1299 2061 autem
1343 2005 1651 2077 respondit
1679 2005 2029 2060 Jamblicus:
2067 2008 2133 2060 Ex

2253 2017 2471 2082 τυρήσει
2529 2013 2643 2080 περὶ
2700 2015 2813 2070 σοῦ,
2875 2011 2962 2056 καὶ
3015 2007 3321 2075 πιστεύομεν
3375 2022 3477 2056 σοι.
3532 2007 3660 2054 Τότε
3719 2003 3858 2072 Ἰάμ-

496 2093 609 2148 hac
639 2093 806 2159 urbe,
838 2098 899 2149 ut
929 2095 1162 2164 Opinor,
1209 2110 1319 2164 ego
1364 2111 1514 2149 sum.
1547 2096 1673 2158 Quo
1713 2099 1878 2164 patre
1919 2093 2132 2149 natust

2253 2098 2434 2170 ϐλιχος
2507 2096 2638 2148 εἶπεν
2711 2100 2802 2153 τήν
2882 2097 3242 2167 προσηγορίαν
3323 2099 3414 2143 τοῦ
3488 2096 3689 2163 πατρὸς
3768 2095 3857 2141 xui

495 2180 689 2252 inquit
749 2197 988 2252 presses.
1045 2185 1217 2237 Estne
1275 2182 1510 2253 aliquis,
1553 2182 1655 2253 qui
1705 2188 1755 2236 te
1805 2182 2131 2251 agnoscati

2252 2197 2349 2240 τῶν
2450 2183 2678 2256 ἀδελφῶν
2782 2183 2960 2246 αὐτοῦ,
3045 2187 3134 2233 καὶ
3239 2177 3413 2241 οὐδεὶς
3515 2180 3855 2251 ἐπεγίνωσκεν

499 2267 724 2334 Veniat,
759 2275 812 2324 et
860 2271 1267 2325 testimonium
1299 2271 1458 2325 dicat
1487 2286 1595 2341 pro
1625 2275 1696 2334 te,
1747 2276 1802 2324 et
1832 2270 2135 2324 credemus

2253 2278 2453 2336 αύτούς.
2508 2276 2826 2346 Ἀποκριθεὶς
2877 2269 2934 2325 δὲ
2981 2273 3006 2323 6
3052 2271 3339 2332 ἀνθύπατος
3385 2269 3539 2324 εἶπεν.
3576 2270 3688 2321 Οὐκ
3739 2269 3858 2325 ἀλη-

495 2355 622 2410 tibi.
658 2357 905 2412 Protulit
931 2358 1256 2412 Jamblicus
1311 2359 1496 2428 patris
1530 2363 1582 2412 et
1623 2357 1869 2412 fratrum
1903 2374 2131 2413 suorum

2256 2368 2435 2433 θεύεις,
2498 2365 2522 2413 ό
2577 2360 2635 2414 δὲ
2690 2360 2994 2432 Ἰάμϐλιχος
3051 2358 3395 2433 ἀπορούμενος
3452 2360 3668 2414 ἕστηκεν
3729 2359 3860 2415 ἡσυ-

495 2444 781 2499 nomina:
811 2461 1003 2516 neque
1041 2447 1364 2517 quisquam
1408 2452 1669 2511 noverat,
1715 2462 1866 2518 quos
1903 2447 2122 2502 diceret

2253 2454 2457 2524 χάζων.
2494 2454 2597 2505 Καί
2641 2469 2767 2509 τινες
2818 2447 3009 2506 ἰδόντες
3061 2449 3215 2499 αὐτόν
3274 2446 3320 2498 ἐν
3389 2449 3602 2504 τοιαύτη
3661 2446 3861 2516 ἀθυμίᾳ

493 2535 639 2587 Tum
686 2549 936 2604 praeses:
973 2535 1140 2598 Vera,
1190 2535 1404 2606 inquit,
1459 2551 1580 2590 non
1619 2539 1773 2601 sunt,
1806 2551 1941 2607 quae
1977 2536 2122 2590 dicis

2256 2541 2429 2594 εἷπον·
2481 2542 2638 2612 Τάχα
2686 2544 2858 2612 μωρός
2915 2537 3072 2589 ἐστιν·
3136 2537 3280 2588 ἄλλοι
3353 2534 3411 2588 δε
3463 2537 3654 2606 ἔλεγον,
3712 2539 3859 2606 Οῦχὶ

496 2621 630 2674 Haec
651 2619 901 2676 audiens
931 2621 1280 2686 Jamblicus,
1315 2622 1595 2692 perplexo
1631 2628 1753 2677 erat
1774 2624 1995 2688 animo,
2040 2640 2132 2678 net

2255 2631 2382 2681 ἀλλά
2455 2635 2836 2702 προσποιεῖται,
2895 2629 3029 2688 ὅπως
3103 2628 3271 2700 ῥυσθῇ
3354 2625 3408 2677 ἐκ
3464 2634 3553 2686 τῆς
3621 2625 3859 2697 ἀνάγκης

497 2705 730 2761 habens
771 2709 914 2778 quid
959 2711 1357 2780 responderet,
1394 2709 1623 2764 silebat.
1662 2712 1848 2774 Quem
1891 2728 2026 2766 cum
2067 2712 2133 2767 ita

2256 2723 2464 2782 ταύτης,
2524 2720 2547 2769 6
2604 2715 2661 2768 δὲ
2720 2715 3010 2776 ἀνθύπατος
3080 2715 3356 2787 αὐστηρῶς
3421 2715 3558 2783 αύτῷ
3628 2715 3850 2768 ἐπαπει-

493 2796 845 2866 perplexum
861 2798 1080 2851 tristem
1099 2797 1366 2852 vidisset:
1387 2798 1882 2869 Fortasse,inquit,
1901 2800 2129 2855 insanus

2255 2809 2538 2879 λησάμενος
2591 2803 2758 2857 εἶπεν
2818 2812 2931 2865 Πῶς
3002 2803 3355 2876 ἀνασχὼμεθα
3409 2808 3496 2855 καὶ
3554 2807 3847 2856 πιστεύσω-

493 2887 602 2947 est,
655 2885 754 2938 alii
802 2885 1119 2941 dicebant:
1153 2888 1544 2957 Nequaquam
1599 2886 1846 2942 insanus
1884 2895 1987 2952 est,
2043 2891 2129 2943 sec

2256 2900 2344 2967 μέν
2400 2915 2482 2947 σοι
2536 2897 2614 2946 ὅτι
2668 2897 2725 2946 τό
2803 2895 3049 2968 ἀργύριον
3099 2901 3251 2944 τοῦτο
3306 2901 3404 2943 τῶν
3457 2899 3704 2966 πατρώων
3753 2913 3843 2945 σου

491 2971 796 3028 insaniam
821 2973 1085 3037 simulat,
1107 2979 1164 3028 ut
1180 2974 1440 3045 pericula
1453 2973 1714 3044 effugiat.
1733 2975 2127 3032 Acerbioribu:

2257 2982 2413 3035 ἐστίν·
2449 2986 2527 3033 ὅτι
2583 2984 2611 3039 ἡ
2663 2985 2848 3053 μονίτα
2896 2982 3025 3038 αὕτη
3084 2978 3234 3038 δηλοῖ
3285 2979 3338 3031 ἐκ
3391 2988 3483 3040 τῆς
3533 2979 3856 3052 ἐπικειμένης

493 3059 690 3114 verbis
734 3077 952 3131 praeses
1002 3061 1355 3132 increpans:
1398 3062 1524 3122 Qua
1552 3063 1800 3129 ratione,
1833 3065 2042 3136 inquit,
2096 3071 2129 3120 tt

2257 3073 2384 3144 αὐτῇ
2435 3079 2633 3144 γραφῆς
2684 3076 2771 3122 καὶ
2831 3067 3140 3143 σφραγῖδος,
3191 3067 3291 3120 ἀπὸ
3351 3075 3658 3144 τριακοσίων
3704 3068 3859 3122 ἐϐδο-

497 3148 649 3202 ferre
682 3164 1029 3219 possumus,
1054 3157 1157 3205 aut
1181 3150 1283 3205 tibi
1309 3151 1565 3219 credere,
1599 3158 1913 3223 argentum
1944 3154 2050 3208 hoc
2079 3171 2133 3210 ex

2254 3166 2487 3232 μήκοντα
2536 3159 2656 3211 ἐτῶν
2722 3161 2999 3231 ὑπάρχειν,
3060 3165 3148 3210 xui
3205 3161 3280 3210 ὅτι
3339 3157 3448 3210 ἐστὶ
3522 3163 3622 3231 πρὸ
3675 3166 3854 3212 Δεκίου

493 3237 756 3306 paternis
799 3239 1062 3309 pecuniis
1108 3238 1184 3292 ad
1220 3244 1272 3294 te
1318 3241 1680 3310 pervenisse,
1732 3258 1867 3296 cum
1914 3251 2129 3298 monete

2255 3257 2344 3300 τοῦ
2395 3248 2667 3319 βασιλέως,
2714 3253 2801 3299 καὶ
2845 3247 2938 3298 οῦκ
2982 3247 3201 3317 ἠλλάγη,
3235 3252 3323 3298 xui
3373 3247 3465 3298 οὐκ
3511 3251 3670 3308 ἔστιν,
3701 3251 3856 3320 ὁμοία

488 3325 618 3380 heac
645 3341 715 3380 ex
746 3326 1125 3398 inscriptione
1156 3330 1212 3383 et
1241 3335 1380 3384 nota
1398 3329 1701 3399 signiticet,
1724 3331 1886 3400 quod
1919 3336 2124 3386 treceni

2254 3338 2384 3393 αὕτη
2415 3339 2443 3392 ἡ
2478 3341 2663 3407 μονίτα
2708 3341 2796 3387 καὶ
2842 3343 2932 3395 τῆς
2962 3335 3358 3406 πολιτευομένης
3395 3343 3503 3401 νῦν,
3539 3339 3586 3388 ἐν
3717 3337 3855 3390 ἐστιν

492 3413 563 3468 tis
590 3417 646 3468 et
666 3416 963 3483 octoginta
987 3416 1160 3470 annis
1187 3422 1322 3470 ante
1348 3433 1456 3471 nos
1484 3418 1672 3482 fuerit,
1695 3434 1762 3472 ac
1791 3419 2128 3490 priusquam

2254 3429 2282 3483 ἡ
2319 3422 2467 3484 δόσις
2498 3430 2586 3476 καὶ
2631 3426 2659 3481 ἡ
2695 3423 2883 3484 κλῆσις
2929 3432 3018 3476 τοῦ
3071 3433 3255 3499 καιροῦ
3313 3428 3402 3476 τού
3423 3445 3538 3478 του.
3576 3432 3658 3484 Μή
3695 3426 3749 3477 ἐκ
3796 3435 3867 3478 τῶ

494 3501 702 3556 Decius
745 3502 1082 3573 imperaret,
1131 3519 1323 3574 neque
1368 3505 1485 3559 ulla
1525 3520 1592 3559 ex
1625 3511 1790 3575 parte
1823 3507 2028 3561 similis
2073 3509 2130 3562 Sil

2251 3517 2644 3588 παρῳχημένων
2689 3518 2779 3565 καὶ
2822 3523 2919 3564 τῶν
2963 3518 3218 3565 τοσούτων
3265 3519 3466 3588 χρόνων
3518 3517 3859 3587 ὑπάρχουσιν

492 3589 592 3653 illi,
626 3607 756 3661 qua:
788 3607 945 3646 nunc
975 3592 1032 3646 in
1067 3592 1210 3647 urbe
1244 3593 1604 3664 impenditur
1624 3595 1650 3647 ?
1682 3598 1830 3650 Num
1861 3601 2128 3667 parente:

2253 3607 2301 3656 οἱ
2347 3611 2511 3675 γονεῖς
2563 3623 2656 3654 σου
2707 3604 2786 3654 ὅτι
2832 3606 2894 3654 σὺ
2938 3607 3044 3664 νέος
3093 3603 3159 3653 ὡν
3214 3602 3376 3675 βούλῃ
3430 3604 3694 3662 πλανῆσαι
3739 3610 3860 3669 τοὺς

491 3679 570 3734 ita
599 3685 842 3744 veteres,
871 3685 926 3734 et
952 3685 1089 3734 ante
1127 3687 1418 3736 trecentos
1448 3699 1638 3737 annos
1667 3684 1894 3751 genitos
1926 3686 2127 3743 habere

2251 3699 2492 3766 γέροντας
2550 3696 2638 3744 καὶ
2695 3696 2882 3763 σοφούς
2929 3693 3164 3763 Ἐφέσου.
3219 3695 3311 3744 Διά
3359 3701 3507 3745 τοῦτο
3562 3693 3858 3766 ἐντέλλομαι

488 3771 656 3838 potes
689 3771 769 3830 tu,
802 3767 899 3836 qui
932 3768 1278 3822 adolescens
1309 3785 1368 3822 es
1390 3771 1416 3823 ?
1444 3775 1529 3824 An
1566 3777 1737 3840 putas
1775 3777 1826 3825 te
1873 3774 1954 3827 sic
1985 3781 2124 3830 astu

2251 3791 2336 3833 νῦν
2382 3782 2447 3841 εἰς
2498 3778 2671 3851 δεσμά
2714 3785 2803 3831 καὶ
2850 3782 3110 3851 μάστιγας
3160 3786 3248 3831 καὶ
3301 3780 3498 3852 θλίψεις
3548 3781 3857 3855 παραδοθῆ-

489 3860 616 3910 tum
655 3872 803 3920 esse,
854 3861 917 3910 ut
963 3870 1133 3909 senes
1180 3862 1234 3910 et
1289 3857 1598 3926 Ephesinae
1642 3859 1802 3914 urbis
1844 3862 2125 3932 sapientes

2253 3875 2336 3920 ναί
2392 3888 2469 3938 σε,
2515 3871 2608 3930 ἕως
2655 3869 2714 3920 οὗ
2762 3870 3110 3941 ὁμολογήσῃς,
3161 3877 3260 3921 ποῦ
3315 3871 3453 3922 ἐστιν
3504 3872 3529 3921 6
3586 3873 3856 3946 θησαυρὸς

487 3942 798 4014 decipias?
821 3943 916 3998 His
937 3944 1010 3998 de
1036 3944 1437 4014 causisjubeo
1468 3951 1518 4000 te
1542 3947 1601 4000 in
1635 3948 1871 4003 vincula
1902 3951 2137 4020 conjici,
2251 3958 2414 4014 οὗτος.

489 4037 544 4086 et
566 4031 814 4101 ﬂagellis
843 4031 1163 4098 verberari,
1197 4033 1387 4088 donec
1414 4034 1771 4100 conﬁtearis,
1808 4037 2054 4094 ubinam
2088 4041 2164 4096 sit
2195 4046 2506 4100 thesaurus
2531 4044 2658 4099 iste.

558 4122 710 4176 XVII.
745 4124 874 4176 Haec
906 4121 1158 4177 audiens
1193 4122 1542 4187 Jamblicus,
1580 4130 1634 4179 et
1661 4125 1901 4196 timens,
1926 4127 2134 4184 faciem

2324 4134 2416 4186 IZ'.
2489 4140 2664 4185 Ταῦτα
2730 4132 2958 4194 ἀκούσας
3031 4134 3335 4207 Ἰάμϐλιχος
3408 4137 3540 4188 πάνυ
3597 4137 3854 4209 ἐφοϐήθη,

486 4210 543 4263 in
580 4214 792 4266 terram
817 4212 1154 4282 prostravit,
1190 4216 1246 4266 et
1273 4212 1365 4266 his
1391 4213 1589 4268 verbis
1613 4214 1742 4269 illos
1778 4215 1994 4271 affatus
2018 4224 2122 4274 est:

2248 4229 2335 4274 xui
2386 4225 2559 4274 ἔπεσεν
2608 4221 2690 4273 ἐπὶ
2744 4227 3020 4296 πρόσωπον
3071 4222 3280 4274 ἐνώπιον
3330 4225 3511 4293 αὐτοῦ,
3555 4231 3645 4278 καὶ
3695 4225 3849 4281 εἶπεν·

484 4301 694 4354 Precor
723 4316 849 4363 vos,
888 4306 949 4354 ut
990 4300 1136 4355 mihi
1178 4317 1296 4356 non
1331 4303 1662 4369 gravemini
1708 4303 1923 4371 dicere,
1972 4308 2120 4378 quoc

2252 4317 2436 4382 Δέομαι
2485 4313 2645 4381 ὑμῶν,
2709 4314 2881 4384 κύριοί
2941 4331 3061 4382 μου,
3120 4311 3421 4384 ὁμολογήσω
3480 4316 3621 4386 ύμῖν,
3679 4322 3856 4380 Δέκιος

481 4388 799 4456 quaesiero:
823 4389 1024 4443 omnia
1045 4389 1203 4442 enim
1223 4389 1404 4442 libere
1424 4389 1589 4443 vobis
1609 4391 1919 4446 confessus
1946 4394 2110 4449 fuero

2247 4404 2271 4452 6
2307 4400 2550 4473 βασιλεὺς
2596 4403 2619 4450 ό
2653 4401 2719 4450 ὧν
2762 4399 2808 4451 ἐν
2843 4409 2901 4472 τῇ
2951 4401 3092 4452 πόλει
3142 4404 3328 4474 ταύτῃ,
3364 4403 3575 4455 ῖσταται
3623 4408 3711 4466 ἓως
3760 4416 3852 4459 τοῦ

479 4473 689 4526 Decius
729 4475 1070 4544 imperator,
1125 4476 1226 4544 qui
1267 4479 1392 4528 erat
1435 4476 1492 4529 in
1540 4477 1651 4530 hac
1696 4480 1862 4546 urbe,
1897 4481 2110 4536 Vivitne

2246 4497 2351 4554 νῦν,
2387 4490 2414 4547 ἡ
2451 4493 2548 4555 οῦ;
2580 4491 2842 4550 Ἀκούσας
2884 4487 2942 4541 ὃε
2988 4498 3153 4541 ταῦτα
3196 4496 3437 4562 Στέφανος
3486 4495 3510 4543 6
3561 4494 3852 4565 ἀγιώτατος

479 4576 552 4615 an
605 4576 724 4614 non
753 4561 782 4612 ‘I
811 4561 895 4614 Ad
925 4561 1053 4615 haec
1106 4562 1440 4632 Stephanus
1486 4564 1838 4636 episcopus:
1871 4571 1991 4623 Non
2027 4576 2112 4625 est

2246 4575 2544 4639 ἐπίσκοπος,
2589 4575 2722 4628 εἶπεν
2775 4578 2929 4647 αὐτῷ·
2975 4583 3178 4646 Τέκνον,
3229 4579 3320 4630 οῦκ
3365 4583 3504 4632 ἔστιν
3561 4581 3609 4634 ἐν
3665 4593 3726 4656 τῇ
3778 4595 3847 4658 γῇ

479 4649 691 4720 inquit,
719 4649 821 4712 tili,
851 4650 954 4720 qui
997 4649 1172 4704 hodie
1213 4651 1270 4704 in
1301 4650 1412 4705 hac
1445 4653 1681 4719 regione
1715 4656 1917 4710 Decius
1949 4659 2107 4728 impe

2248 4671 2469 4737 σήμερον
2522 4665 2784 4736 λεγόμενος
2842 4665 3088 4738 βασιλεὺς
3145 4672 3352 4729 Δέκιοςε
3389 4675 3503 4722 τότε
3555 4671 3851 4746 ἀποκριθεὶς

476 4741 634 4791 rator
660 4737 1016 4792 nominetur.
1051 4741 1210 4793 Tunc
1236 4738 1609 4794 Jamblicus:
1645 4742 1865 4807 Venite,
1899 4761 2108 4815 quaeso

2244 4753 2549 4823 Ἰάμϐλιχος
2591 4751 2740 4816 εἶπεν,
2779 4757 2873 4805 Διά
2918 4763 3069 4806 τοῦτο
3117 4752 3302 4827 δέομαι
3345 4759 3508 4828 ὑμῶν,
3545 4755 3693 4812 δεῦτε
3739 4763 3849 4833 μετ’

477 4841 732 4890 mecum,
788 4832 843 4880 et
882 4827 1196 4881 ostendam
1239 4827 1405 4880 vobis
1457 4829 1513 4882 in
1571 4830 1856 4899 spelunca
1915 4837 2113 4890 monti:

2243 4839 2385 4912 ἐμοῦ,
2443 4847 2530 4893 xui
2580 4838 2798 4892 δεικνύω
2855 4844 2973 4914 ύμῖν
3051 4848 3167 4904 τοὺς
3228 4845 3464 4919 ἑταίρους
3513 4856 3611 4920 μοῦ
3671 4849 3718 4900 ἐν
3778 4861 3848 4923 τῷ

475 4912 698 4967 Ochlon
721 4914 911 4968 socios
935 4929 1120 4977 meos,
1157 4919 1218 4967 ut
1241 4914 1312 4967 ab
1335 4914 1449 4968 illis
1481 4916 1722 4971 discatis
1743 4936 1945 4976 verum
1977 4940 2107 4979 esse

2245 4929 2481 4998 σπηλαίῳ
2536 4937 2605 4999 τῷ
2651 4934 2756 4980 ἄντι
2805 4929 2850 4980 ἐν
2901 4940 2971 5000 τῷ
3021 4936 3124 5002 όρει
3176 4933 3380 5003 μοχλῷ,
3428 4941 3516 4987 καὶ
3568 4941 3849 5006 μανθάνετε

476 5002 807 5070 quoddico.
837 5006 998 5058 Certe
1022 5003 1146 5056 scio
1171 5002 1248 5055 ab
1273 5003 1630 5073 imperatore
1659 5008 1829 5062 Decio
1854 5026 1963 5064 nos
1992 5013 2112 5066 illm

2242 5017 2364 5089 παρ’
2397 5018 2562 5067 αὐτων
2608 5021 2675 5079 ως
2707 5017 2851 5088 κάγὼ
2885 5016 3024 5077 οἶδα,
3060 5022 3134 5070 ὅτι
3185 5020 3284 5072 ἀπὸ
3336 5032 3618 5094 προσώπου
3667 5033 3847 5080 Δεκίου

477 5086 696 5154 fugisse
725 5105 938 5158 :quem
969 5091 1208 5144 Decium
1235 5095 1421 5159 etego
1448 5092 1572 5147 heri
1594 5098 1826 5165 vesperi
1847 5099 1902 5152 in
1920 5100 2113 5155 urbeni

2241 5113 2328 5156 τοῦ
2388 5104 2643 5176 βασιλέως
2703 5111 3021 5178 πεφεύγαμεν
3079 5108 3258 5174 ἐκεῖσε,
3316 5118 3458 5178 καγὼ
3532 5111 3672 5166 εἶδον
3753 5117 3847 5187 ὀψέ

478 5171 780 5267 Ephesum
802 5177 1230 5247 ingredientem
1263 5178 1406 5234 vidi.
1441 5180 1522 5236 Sit
1551 5186 1748 5237 autem
1773 5199 1955 5241 necne
1987 5189 2114 5243 urb:

2388 5171 2396 5176 .
2773 5171 2782 5178 _
2868 5171 2878 5177 ν
2934 5171 2942 5178 _
3247 5171 3255 5174 ν
3394 5171 3404 5178 .
3794 5171 3802 5187 Ι

2241 5192 2311 5252 εὶς
2369 5199 2460 5250 τὴν
2527 5194 2670 5245 πόλιν
2747 5195 2960 5267 Ἔφεσον
3021 5201 3106 5248 τόν
3175 5203 3366 5250 Δέκιον.
3432 5201 3488 5254 Εἰ
3547 5200 3633 5254 οὖν
3715 5207 3843 5265 αῦτη

476 5259 589 5314 ista
611 5259 898 5329 Ephesus,
930 5266 1146 5321 nescio.
1182 5269 1340 5322 Tunc
1368 5267 1683 5341 episcopus
1717 5273 2048 5343 Stephanus
2069 5278 2112 5332 ir

2239 5279 2376 5332 ἐστὶν
2435 5283 2462 5339 ἡ
2516 5282 2657 5342 πόλις
2697 5283 2928 5353 Ἔφεσος,
2975 5285 3066 5335 οὐκ
3112 5283 3252 5340 οἶδα.
3306 5293 3430 5340 Τότε
3481 5292 3506 5342 6
3556 5292 3846 5362 ἁγιώτατος

476 5345 1056 5447 eam'cogitalionem
1075 5356 1339 5422 veniens,
1363 5359 1524 5428 quod
1542 5359 1695 5413 Deus
1723 5362 2112 5432 perjuvenen

2240 5373 2484 5439 Στέφανος
2529 5372 2553 5420 6
2598 5368 2878 5430 ἐπίσκοπος
2928 5371 3211 5444 ἐνεθυμήθη
3258 5373 3305 5424 ἐν
3355 5384 3416 5447 τῇ
3471 5375 3702 5447 διανοίᾳ,
3753 5390 3842 5437 καὶ

475 5431 654 5541 illuml
699 5430 940 5541 aliquid“
971 5438 1053 5533 eis
1091 5443 1349 5499 revelare
1377 5446 1573 5502 vellet:
1627 5430 1864 5515 Eamus,
1916 5450 2111 5523 inquit

2240 5453 2393 5508 aliter
2445 5456 2796 5527 Ἀποκάλυψίν
2843 5478 2957 5510 τινα
3005 5462 3028 5510 6
3085 5463 3206 5520 Θεὸς
3265 5460 3507 5516 ϐούλεται
3568 5471 3694 5540 ἡμῖν
3749 5491 3842 5541 φα-

479 5521 536 5573 et
555 5517 892 5576 videamus.
911 5522 1236 5597 Statimque
1249 5532 1567 5606 episcopus
1583 5540 1639 5592 et
1654 5538 1974 5609 proconsul
1991 5517 2115 5596 cuni

2717 5517 2726 5527 .
3194 5517 3204 5520 -
3753 5517 3820 5541 τ’·

2238 5551 2458 5617 νερὼσαι
2507 5549 2729 5617 σήμερον
2788 5543 2880 5599 διὰ
2924 5555 3015 5600 τοῦ
3062 5553 3328 5602 νεανίσκου
3380 5556 3605 5608 τούτου·
3635 5563 3725 5610 καὶ
3771 5556 3839 5619 δὴ
