4144 6258
351 271 460 328 445

1533 276 1625 332 DE
1663 275 1938 344 SEPTEM
1981 275 2545 338 DORMIENTIBUS.

3621 285 3726 340 446

353 395 652 468 ἀπέλθωμεν
703 397 791 446 καὶ
842 395 1166 467 θεασώμεθα.
1211 405 1555 473 Παραχρῆμα
1595 397 1654 454 δε
1705 399 1954 454 ἀναστάν.

2069 404 2461 475 optimatibus
2476 410 2530 465 et
2543 406 2728 464 turbis
2742 408 2942 464 multis
2963 410 3359 467 ascenderunt
3379 409 3436 464 in
3460 413 3726 466 montem

353 507 433 547 τες
485 487 510 538 ό
563 484 850 555 ἁγιώτατος
919 483 1201 549 ἐπίσκοπος
1275 494 1363 540 καὶ
1420 491 1445 541 6
1510 489 1799 552 ἀνθύπατος
1851 491 1960 563 ἅμα

358 581 462 636 τοῖς
537 578 764 646 πρώτοις
836 581 929 635 τῆς
1007 578 1196 636 πόλεως
1244 582 1332 629 καὶ
1390 578 1562 636 πλήθη
1620 579 1799 643 πολλὰ,
1880 579 1962 630 ἀν-

362 663 556 722 έϐησαν
614 662 683 724 εἰς
739 665 793 714 τό
871 667 986 735 ὅρος
1043 662 1090 715 ἐν
1238 666 1300 724 ἦν
1351 671 1408 719 τό
1467 666 1740 725 σπήλαιον.
1789 666 1847 719 Ὀ
1906 663 1963 719 δὲ

362 751 665 824 Ἰάμϐλιχος
727 751 959 810 εἰσῆλθεν
1016 755 1303 826 ἔμπροσθεν
1371 755 1559 820 αὐτῶν,
1637 760 1728 808 καὶ
1803 758 1960 826 ἐγνώ-

357 860 473 914 ρισε
524 843 694 893 πάντα
770 843 836 893 τά
907 846 1157 912 γεγονότα
1212 851 1320 904 τοῖς
1391 845 1576 915 ἁγίοις,
1646 850 1734 897 καὶ
1818 845 1962 897 αὐτοὶ

358 930 596 988 εἰσῆλθον
651 929 821 981 ὀπίσω
877 930 1037 982 αὐτοῦ
1095 935 1224 1002 μετὰ
1273 937 1464 996 παντὸς
1519 942 1610 986 τοῦ
1658 933 1802 988 λαοῦ.
1863 936 1961 986 Καὶ

357 1017 425 1078 ὠς
486 1017 822 1091 εἰσήρχοντο,
892 1016 1030 1096 εὗρεν
1121 1019 1146 1071 ό
1229 1018 1509 1082 ἐπίσκοπος
1588 1022 1959 1093 γλωσσόκομον

355 1108 490 1159 κατὰ
554 1111 648 1165 τήν
707 1109 865 1180 θύραν
946 1105 1037 1160 τοῦ
1121 1108 1402 1176 σπηλαίου,
1479 1115 1664 1186 μικρὸν
1727 1111 1959 1182 χαλκοῦν

355 1199 702 1270 κεκρυμμένον
767 1196 960 1267 μεταξύ
1039 1206 1139 1250 τῶν
1223 1198 1378 1251 λίθων
1459 1202 1594 1271 ἔχων
1665 1197 1960 1273 σφραγίδας

357 1281 455 1336 δύο
502 1282 754 1358 ἀργυράς,
811 1289 900 1338 καὶ
947 1284 1114 1338 λαϐὼν
1160 1287 1308 1353 αὐτὸ,
1356 1289 1480 1346 ἔστη
1524 1289 1617 1351 ἔξω
1658 1296 1749 1349 τῆς
1781 1290 1955 1359 θύρας,

355 1377 442 1426 καὶ
494 1375 945 1445 συγκαλεσάμενος
1001 1379 1086 1427 τόν
1141 1374 1434 1429 ἀνθύπατον
1507 1382 1591 1429 καὶ
1649 1381 1770 1438 τούς
1820 1382 1958 1450 πρώ-

351 1481 472 1524 τους
520 1471 612 1525 τῆς
665 1463 879 1530 πόλεως,
937 1463 1148 1517 ἐνώπιον
1207 1465 1375 1517 αὐτῶν
1439 1467 1628 1531 ῆνοιξε,
1685 1471 1773 1518 καὶ
1817 1466 1956 1538 εὗρεν

2071 493 2146 547 ad
2161 495 2530 566 speluncam,
2547 513 2730 569 quam
2744 497 3068 554 Jamblicus
3083 501 3438 556 antecedens
3449 499 3727 554 demons-

2069 583 2264 638 travit.
2299 583 2452 639 Dum
2480 591 2679 641 autem
2709 586 3051 658 episcopus,
3077 594 3130 644 et
3151 591 3253 661 qui
3276 605 3414 643 cum
3443 604 3512 643 co
3533 591 3722 655 erant,

2069 669 2975 746 ingrederenturinspeluncam,
3008 676 3066 731 in
3099 678 3227 749 ejus
3257 678 3412 732 ostio
3455 678 3724 735 arculam

2070 760 2398 830 quamdam
2425 778 2640 819 aeream
2671 763 2892 819 invenit
2919 765 3252 836 episcopus,
3279 765 3429 820 inter
3459 765 3608 820 duos
3641 767 3724 822 la-

2070 847 2238 919 pides
2267 851 2537 919 positam,
2572 855 2629 906 et
2657 852 2895 907 duobus
2917 854 3210 923 argenteis
3241 853 3447 920 sigillis
3469 853 3721 924 impres-

2070 951 2199 991 sam
2221 955 2233 1004 ;
2251 953 2434 1009 quam
2459 956 2661 995 coram
2674 941 2926 1012 praeside
2944 947 2997 996 et
3014 941 3405 1013 optimatibus
3423 943 3718 1012 aperiens,

2070 1025 2223 1080 duas
2250 1027 2565 1097 plumbeas
2600 1030 2834 1086 tabulas
2884 1031 2942 1084 in
2988 1047 3058 1086 ea
3100 1031 3343 1098 invenit,
3393 1032 3449 1085 in
3499 1031 3720 1101 quibus

2069 1113 2354 1185 scriptum
2379 1121 2523 1182 erat,
2556 1134 2592 1172 a
2625 1119 2797 1173 Decio
2828 1122 3085 1189 tyranno
3115 1119 3336 1188 fugisse
3367 1118 3720 1174 Maximilia—

2071 1217 2216 1256 num
2248 1205 2496 1274 Eparchi
2525 1207 2736 1271 ﬁlium,
2770 1207 3156 1271 Jamblicum,
3193 1211 3249 1263 et
3286 1208 3545 1279 reliquos
3577 1207 3721 1263 ado-

2067 1294 2373 1357 lescentes,
2412 1295 2470 1346 et
2515 1292 2702 1364 ipsius
2751 1294 2908 1348 Decii
2933 1295 3160 1366 tyranni
3200 1296 3377 1365 jussu
3417 1295 3719 1366 speluncas

2071 1377 2223 1433 illius
2276 1380 2506 1436 aditum
2561 1382 2930 1438 obstructum
2985 1383 3184 1438 fuisse.
3230 1387 3361 1438 Erat
3414 1388 3470 1438 et
3509 1399 3717 1438 eorum

2069 1469 2422 1538 martyrium
2475 1470 2530 1525 in
2593 1472 2941 1527 earumdem
2997 1472 3358 1528 tabellarum
3411 1472 3717 1528 latitudine

355 1547 453 1604 δύο
511 1557 719 1623 πτυχία
765 1550 994 1624 μολιϐδᾱ
1046 1559 1136 1606 καὶ
1188 1553 1480 1626 ἀναγνόντες
1531 1558 1597 1607 τὰ
1645 1557 1952 1626 γράμματα,

2067 1557 2492 1627 conscriptum.
2536 1560 2664 1623 Quo
2704 1559 2854 1615 lecto
2894 1560 3288 1616 admiratione
3324 1560 3514 1616 affecti
3556 1564 3717 1624 sunt,

354 1640 500 1713 εὗρον
548 1641 682 1693 οὕτω
734 1646 1084 1714 γεγραμμένα,
1146 1644 1224 1696 ὅτι
1281 1643 1382 1695 ἀπὸ
1453 1649 1734 1717 προσώπου
1779 1646 1956 1694 Δεκίου

352 1737 444 1781 τοῦ
502 1733 752 1804 τυράννου
800 1733 984 1803 ἔφυγον
1029 1732 1172 1784 οὗτοι
1226 1735 1275 1784 οἱ
1326 1732 1488 1803 ἅγιοι,
1548 1730 1958 1802 Μαξιμιλλιανός

353 1820 518 1882 όυὶός
545 1828 636 1872 τοῦ
693 1821 982 1893 Ἐπάρχου,
1037 1826 1122 1874 καὶ
1171 1820 1495 1893 Ἰάμϐλιχος,
1557 1826 1647 1873 καὶ
1695 1822 1743 1872 οἱ
1787 1819 1957 1872 λοιποὶ

2068 1645 2124 1697 et
2152 1646 2334 1698 Deum
2373 1646 2597 1716 ipsum,
2637 1647 2740 1718 qui
2782 1652 2944 1703 tanto
2984 1649 3271 1704 miraculo
3314 1648 3717 1704 adolescentes

2067 1729 2197 1785 illos
2226 1738 2571 1802 prosecutus
2601 1734 2809 1801 fuerat,
2844 1736 3096 1790 summis
3126 1736 3375 1791 vocibus
3413 1734 3718 1790 collauda-

2066 1823 2223 1874 runt.

352 1908 478 1960 ἐτττά
533 1905 733 1971 παῖδες,
803 1914 893 1961 καὶ
966 1906 1059 1961 διὰ
1117 1913 1523 1984 προστάγματος
1574 1917 1665 1962 τοῦ
1743 1908 1993 1981 τυράννου
2054 1906 2299 1981 ἐνεφράγη
2354 1912 2410 1960 τό
2466 1914 2678 1982 στόμιόν
2726 1918 2815 1962 τοῦ
2873 1911 3153 1974 σπηλαίου,
3223 1915 3312 1962 καὶ
3368 1914 3396 1968 ἡ
3452 1914 3716 1983 μαρτυρία

353 1998 518 2049 αὐτῶν
569 1995 628 2055 ἧν
679 1997 1071 2070 ἐγγεγραμμένη
1128 1998 1197 2060 εἰς
1245 2003 1304 2051 τὸ
1359 1999 1480 2072 ὕφος
1522 2007 1621 2050 τῶν
1671 2002 1926 2068 πτυχὶων.
1992 2001 2090 2049 Καὶ
2148 1997 2230 2048 ὅτε
2281 1996 2568 2069 ἀνέγνωσαν
2619 1998 2911 2067 ἐθαύμαζον
2959 2005 3048 2052 καὶ
3127 1997 3374 2062 ἐδόξαζον
3432 2003 3517 2050 τὸν
3587 2003 3715 2052 Θεὸν

352 2087 436 2139 ἐπὶ
487 2093 589 2146 τοῖς
646 2086 935 2158 μεγαλείοις
992 2084 1070 2148 οἷς
1143 2085 1445 2163 ἐδωρήσατο
1520 2096 1626 2150 τοῖς
1679 2089 1813 2148 υἱοῖς
1859 2094 1957 2138 τῶν
2009 2084 2310 2159 ἀνθρώπων,
2378 2092 2465 2140 καὶ
2518 2086 2802 2146 ἀνεϐόησαν
2860 2089 3040 2149 πάντες
3097 2091 3145 2140 οἱ
3197 2093 3332 2150 ὄντες
3385 2088 3552 2140 ἐκεισε
3625 2093 3714 2140 καὶ

350 2175 532 2245 εύλόγη
542 2194 636 2226 σαν
668 2179 755 2226 τόν
797 2180 946 2228 Θεὸν.

423 2261 522 2315 1Η’.
574 2267 674 2315 Καὶ
724 2262 1030 2325 εἰσελθόντες
1089 2264 1137 2316 ἐν
1196 2273 1268 2336 τῷ
1339 2266 1580 2336 σπηλαίῳ
1637 2265 1780 2338 εὗρον
1837 2266 2000 2328 τοὺς,

347 2350 532 2422 ἀγὶους
585 2352 809 2412 ἐκείνους
865 2354 1188 2424 καθημένους
1264 2352 1312 2404 ἐν
1375 2353 1683 2424 ἀγαλλιάσει
1770 2353 1954 2423 πολλῇ,

352 2445 440 2492 καὶ
495 2442 548 2492 αἱ
613 2438 755 2510 ὄψεις
808 2440 975 2492 αὐτῶν
1033 2444 1257 2512 ἔλαμπον
1311 2444 1375 2502 ὡς
1428 2451 1547 2514 φῶς,
1609 2447 1697 2493 καὶ
1760 2437 1957 2501 ἰδόντες

354 2530 542 2590 αύτούς
622 2533 941 2601 προσέπεσον
1025 2530 1196 2590 αὐτοῖς
1273 2536 1362 2582 καὶ
1418 2533 1813 2604 προσεκύνησαν
1873 2528 1954 2580 ἐπὶ

356 2623 450 2678 τήν
510 2626 627 2690 γῆν,
680 2623 768 2670 καὶ
809 2619 1207 2693 εὐχαρίστησαν
1264 2627 1336 2671 τῶ
1394 2624 1567 2694 Κυρίῳ
1616 2627 1690 2690 τῷ
1742 2619 1954 2680 καταξι-

352 2714 548 2761 ώσαντι
635 2707 820 2768 αύτούς
914 2709 1204 2760 θεάσασθαι
1279 2712 1336 2760 τό
1417 2705 1716 2783 παράδοξον
1805 2716 1952 2760 τοῦτο

354 2797 539 2868 θέαμα·
591 2800 680 2848 καὶ
731 2795 893 2858 οὑτως
953 2795 1205 2854 ἐλάλησαν
1259 2796 1437 2856 αὐτοῖς
1487 2798 1535 2848 οἱ
1595 2796 1739 2867 ἅγιοι
1813 2799 1951 2869 μάρ-

349 2903 514 2957 τυρες,
557 2889 646 2936 καὶ
717 2879 968 2945 ἐδίδαξαν
1023 2883 1210 2944 αύτούς
1263 2883 1467 2935 ἅπαντα
1529 2886 1594 2935 τά
1643 2887 1956 2954 γεγενημένα

353 2971 439 3024 ἐπὶ
486 2979 586 3023 τῶν
641 2976 844 3045 χρόνων
912 2975 1087 3023 Δεκίου
1140 2978 1235 3023 τοῦ
1290 2969 1565 3042 βασιλέως,
1624 2975 1720 3023 Καὶ
1773 2970 1955 3030 εὐθέως

2137 2263 2326 2319 XVIII.
2358 2265 2612 2334 Ingressi
2645 2282 2784 2322 vero
2815 2266 2872 2321 in
2905 2269 3280 2338 speluncam,
3315 2268 3551 2320 sanctos
3581 2263 3714 2320 illos

2068 2352 2340 2408 sedentes
2366 2353 2716 2410 invenerunt
2743 2370 3031 2427 :quorum
3055 2353 3232 2409 facies
3253 2353 3436 2407 instar
3465 2352 3712 2407 luminis

2066 2440 2405 2510 effulgebat.
2423 2444 2505 2496 Ad
2523 2443 2920 2514 corumigitur
2940 2443 3118 2515 pedes
3141 2458 3201 2496 se
3223 2441 3591 2512 abjicientes,
3610 2456 3712 2496 eos

2069 2530 2331 2586 venerati
2363 2535 2517 2595 sunt,
2571 2537 2626 2586 et
2681 2532 2799 2586 Deo
2839 2530 3059 2600 gratias
3098 2535 3365 2600 egerunt,
3417 2529 3520 2600 qui
3572 2530 3714 2584 tanti

2065 2619 2336 2675 miraculi
2363 2620 2770 2691 spectaculum
2801 2621 2948 2690 ipsis
2979 2623 3371 2675 concesserat.
3427 2618 3711 2674 Caeterum

2064 2708 2252 2764 sancti
2284 2713 2576 2781 martyres
2608 2708 2683 2764 de
2713 2707 3014 2773 omnibus,
3047 2724 3182 2780 quae
3207 2708 3321 2762 sub
3350 2706 3525 2762 Decio
3557 2705 3714 2763 facta

2061 2796 2316 2861 fuerant,
2345 2813 2447 2853 eas
2477 2797 2828 2853 docuerunt.
2871 2796 3078 2853 Statim
3119 2813 3258 2852 vero
3297 2797 3620 2867 episcopus
3659 2799 3716 2852 et

2063 2885 2388 2955 proconsul
2403 2885 2689 2941 miserunt
2704 2885 2928 2941 litteras
2947 2885 3026 2940 ad
3039 2885 3458 2956 imperatorem
3480 2884 3539 2937 in
3556 2884 3712 2938 hanc

2067 2973 2422 3028 sententiam
2453 2991 2464 3028 :
2501 2973 2809 3030 Celerrime
2834 2974 3044 3045 jubeat
3103 2974 3386 3042 majestas
3437 2976 3543 3026 tua
3595 2973 3711 3027 huc

355 3059 590 3132 ἔπεμψαν
675 3061 960 3132 γράμματα
1021 3063 1148 3132 πρός
1214 3063 1299 3111 τόν
1359 3058 1581 3131 βασιλέα
1651 3055 1948 3112 Θεοδόσιον.

2067 3059 2299 3131 aliquos
2319 3062 2537 3127 venire,
2561 3068 2616 3117 et
2635 3062 2831 3118 videre
2853 3062 3161 3130 miracula,
3185 3077 3318 3133 quae
3341 3061 3495 3115 Deus
3521 3065 3714 3116 osten-

360 3149 599 3219 Ἐντάχει
643 3148 872 3201 κελεύσει
947 3151 976 3206 ἠ
1035 3152 1100 3206 σή
1165 3150 1364 3210 θειότης
1412 3149 1796 3221 παραγενέσθαι
1864 3150 1956 3197 καὶ

353 3233 482 3288 ἰδεῖν
513 3240 578 3289 τά
637 3239 909 3308 θαυμάσια
952 3237 987 3288 οἶ
1033 3233 1222 3299 ἔδειξεν
1273 3238 1298 3287 6
1330 3240 1459 3298 Θεὸς
1488 3235 1536 3287 ἐν
1578 3243 1694 3297 ταῖς
1734 3237 1952 3308 ἡμέραις

349 3334 446 3387 τῆς
498 3324 770 3398 βασιλείας
825 3333 938 3378 σοῦ.
1003 3331 1108 3385 Φῶς
1159 3327 1261 3398 γὰρ
1315 3329 1453 3388 ζωῆς
1506 3323 1745 3377 ἀνέτειλεν
1803 3326 1949 3396 ἡμῖν,

352 3419 441 3467 καὶ
516 3416 544 3471 ἡ
627 3412 915 3476 ἀνάστασις
988 3417 1018 3472 ή
1096 3413 1354 3486 μέλλουσα
1430 3413 1804 3486 ἐμφανίζεσθαι
1879 3420 1951 3483 τῷ

352 3508 554 3576 κόσμῳ,
631 3500 852 3574 ἐδείχθη
917 3505 1041 3576 ἡμῖν
1101 3502 1150 3554 ἐν
1205 3510 1312 3563 τοῖς
1364 3507 1575 3574 σώμασι
1639 3511 1738 3554 τῶν
1791 3501 1952 3572 ἁγίων

353 3613 452 3646 των
513 3591 863 3647 ἀναστάντων.
925 3599 1268 3666 Παραχρῆμα
1321 3588 1380 3644 δὲ
1437 3591 1662 3651 ἀκούσας
1710 3593 1734 3642 6
1797 3589 1954 3662 βασι-

351 3681 467 3743 λεὺς
514 3680 704 3754 ἐχάρη,
737 3685 824 3732 καὶ
871 3679 1082 3745 ἀνέστη,
1115 3686 1205 3733 καὶ
1257 3677 1473 3743 ἐδόξαζε
1511 3684 1596 3732 τόν
1629 3684 1774 3733 Θεόν’
1805 3679 1953 3737 ἦλθεν

355 3766 415 3823 δὲ
469 3774 602 3842 μετά
646 3777 737 3822 τοῦ
791 3769 1046 3842 βασιλέως
1088 3769 1260 3828 πλήθη
1294 3769 1455 3822 πολλὰ
1499 3774 1584 3822 καὶ
1633 3771 1822 3841 ἄπειρα
1852 3767 1952 3821 ἀπὸ

357 3865 746 3911 Κωνσταντινου
804 3858 999 3920 πόλεως
1056 3859 1128 3920 εἰς
1199 3857 1436 3930 Ἔφεσον,
1494 3857 1697 3921 ἐξῆλθεν
1748 3853 1807 3909 δε
1886 3856 1952 3918 εἰς

353 3946 644 4007 ἀπάντησιν
705 3956 795 4000 τοῦ
852 3947 1106 4020 βασιλέως
1179 3943 1466 4001 Θεοδοσίου
1521 3954 1668 4000 πᾶσα
1717 3949 1745 4005 ἠ
1804 3947 1950 4009 πόλις

349 4040 481 4110 μετὰ
533 4045 632 4090 τῶν
674 4037 967 4090 ἐπισκόπων
1025 4041 1114 4089 καὶ
1188 4045 1286 4088 τῶν
1338 4042 1549 4109 πρώτων
1603 4045 1696 4098 τῆς
1761 4035 1951 4097 πόλεως

349 4132 439 4180 καὶ
523 4128 686 4189 οὕτως
752 4125 1009 4184 ἀνέϐησαν
1067 4125 1135 4188 εἰς
1183 4128 1241 4177 τὸ
1301 4125 1553 4183 σπήλαιον
1627 4128 1757 4197 πρὸς
1833 4129 1952 4185 τοὺς

350 4215 551 4288 ἁγίους·
612 4216 822 4279 ἐξῆλθον
883 4212 942 4267 δε
994 4217 1042 4266 οὶ
1081 4215 1222 4285 ἅγιοι
1272 4213 1342 4274 εἰς
1397 4211 1684 4269 ἀπάντησιν
1732 4219 1822 4263 τοῦ
1856 4210 1952 4282 βα-

351 4304 533 4365 σιλέως
584 4310 674 4357 καὶ
743 4309 1172 4378 προσηγόρευσαν
1227 4301 1404 4354 αὐτόν.
1468 4300 1716 4357 Εἰσῆλθεν
1768 4296 1826 4350 δὲ
1864 4302 1953 4350 καὶ

2065 3146 2152 3202 dit
2180 3147 2415 3218 imperii
2443 3149 2527 3204 tui
2555 3154 2817 3220 tempore
2848 3166 2859 3203 :
2892 3149 3386 3221 quandoquidem
3417 3151 3626 3204 futurae
3652 3149 3713 3203 in

2066 3236 2346 3292 extremis
2377 3236 2742 3307 temporibus
2773 3237 3219 3291 resurrectionis
3243 3239 3479 3304 signum
3512 3242 3714 3292 nostra

2063 3329 2235 3380 aetate
2249 3325 2477 3380 mundo
2493 3325 2606 3394 ipsi
2620 3329 3146 3394 praamonstratum
3162 3330 3267 3388 est,
3285 3325 3341 3378 in
3367 3330 3712 3379 sanctorum

2063 3413 2349 3468 virtorum
2367 3412 2720 3483 corporibus
2735 3429 2871 3484 quae
2888 3428 3044 3466 nunc
3063 3416 3533 3467 resurrexerunt.
3552 3415 3632 3466 Ea
3648 3427 3710 3468 re

2064 3503 2304 3571 gavisus
2322 3501 2767 3572 estimperator,
2783 3501 2949 3556 etDei
2965 3501 3214 3570 gloriam
3235 3500 3542 3557 laudabat.
3559 3499 3710 3565 Quin

2062 3590 2241 3645 etiam
2263 3589 2341 3645 ad
2371 3605 2508 3644 eum
2539 3590 2736 3644 locum
2769 3605 2838 3646 ex
2868 3589 3012 3644 urbe
3039 3588 3547 3659 Constantinopoli
3574 3603 3713 3643 cum

2063 3679 2264 3734 multis
2291 3678 2638 3733 hominibus
2661 3678 2958 3749 profectus
2980 3682 3100 3733 est:
3132 3678 3304 3748 eique
3331 3681 3453 3731 tota
3507 3676 3713 3731 civitas

2064 3766 2358 3836 Ephesina
2375 3764 2606 3821 obviam
2626 3765 3098 3837 processit.Illico
3113 3769 3300 3820 autem
3317 3764 3393 3819 ab
3406 3764 3708 3834 episcopo,

2063 3854 2417 3927 proconsule
2437 3855 2894 3926 otoptimatibus
2921 3853 3234 3920 deductus,
3266 3853 3328 3907 in
3356 3852 3708 3923 speluncam

2061 3944 2364 4014 ingressus
2389 3949 2476 3999 est
2505 3961 2516 3998 :
2547 3958 2805 4014 cumque
2835 3943 3248 3998 adolescentes
3293 3941 3608 3997 salutasset
3655 3943 3711 3995 et

2061 4033 2373 4104 amplexus
2403 4039 2576 4097 esset,
2611 4032 2750 4087 ﬂere
2771 4032 2966 4103 coepit,
2995 4038 3051 4086 et
3107 4031 3205 4084 Dei
3263 4030 3516 4098 gloriam
3554 4029 3710 4084 cele-

2059 4123 2263 4182 brans,
2297 4124 2412 4174 toto
2440 4119 2642 4174 animo
2674 4119 2979 4174 exultavit.
3015 4118 3115 4174 Cui
3156 4116 3582 4172 Maximilianus
3624 4117 3712 4171 vir

2064 4205 2477 4264 sanctissimus
2510 4222 2522 4258 :
2560 4205 2637 4259 Ex
2664 4207 2798 4269 hoc,
2832 4207 3044 4276 inquit,
3097 4209 3365 4274 tempore
3389 4203 3708 4273 imperium

2063 4303 2230 4352 tuum
2255 4297 2496 4366 propter
2511 4291 2650 4347 ﬁdei
2675 4296 2787 4346 tute
2812 4292 3190 4347 stabilitatem
3219 4291 3462 4345 ﬁrmum
3494 4291 3620 4358 erit,
3657 4296 3713 4347 et

353 4395 378 4445 6
411 4392 662 4466 βασιλεὺς
716 4393 788 4452 εἰς
844 4395 903 4444 τὸ
955 4390 1232 4453 σπήλαιον,
1287 4393 1376 4439 καὶ
1423 4390 1806 4460 προσεκύνησεν
1860 4386 1952 4438 αύ-

2067 4386 2230 4440 Jesus
2253 4381 2516 4437 Christus
2540 4380 2715 4434 Filius
2741 4380 2838 4434 Dei
2865 4379 3088 4434 vivicus
3107 4377 3498 4447 todietipsum
3523 4377 3583 4432 in
3607 4393 3714 4433 no-

353 4489 480 4547 τοῖς,
567 4487 655 4533 καὶ
732 4485 849 4547 περὶ
919 4483 1035 4537 τοὺς
1089 4475 1388 4547 τραχήλους
1442 4478 1608 4527 αὐτῶν
1690 4474 1952 4528 ἑπιπὸσὼν
2065 4474 2346 4529 minesuo
2369 4469 2447 4525 ab
2474 4468 2996 4524 omnitentatione.
3023 4466 3402 4530 Mihicredas,
3427 4466 3508 4522 tui
3531 4481 3713 4522 causa

354 4569 588 4634 ἔκλαυσε,
650 4574 737 4622 καὶ
805 4564 1019 4630 ἐδόξαζε
1071 4569 1164 4617 πόν
1225 4567 1352 4618 Θεὸν
1409 4569 1498 4616 καὶ
1550 4563 1828 4634 ήγαλλιᾶτο
1896 4569 1952 4617 τὸ

2067 4563 2250 4618 fuisse
2277 4575 2386 4614 nos
2416 4575 2449 4614 a
2477 4561 2587 4613 Deo
2615 4557 2747 4628 ipso
2778 4557 3188 4612 exsuscitatos.

355 4653 554 4732 καρδίᾳ
577 4657 758 4720 αὑτοῦ,
790 4661 878 4708 καὶ
910 4655 1212 4729 ἀποκριθεὶς
1232 4655 1256 4704 6
1293 4654 1443 4725 άγιος
1473 4652 1877 4725 Μαξιμιλλιανὸς
1911 4650 2043 4707 εἶπεν
2074 4660 2145 4722 τῷ
2174 4648 2400 4723 βασιλεῖ’
2428 4649 2559 4699 Ἀπὸ
2590 4653 2677 4699 τοῦ
2705 4654 2790 4697 νῦν
2816 4648 2890 4698 ἔτι
2914 4651 3002 4697 καὶ
3031 4647 3108 4697 ἔτι
3129 4641 3364 4716 διαμενεῖ
3391 4646 3421 4702 ή
3464 4643 3712 4716 βασιλεία

358 4765 452 4799 σου
484 4745 531 4798 ἐν
556 4753 617 4818 τῇ
653 4744 957 4819 βεϐαιότητι
994 4753 1084 4805 τῆς
1115 4749 1341 4805 πίστεώς
1375 4762 1488 4796 σου.
1529 4747 1627 4795 Καὶ
1659 4743 1866 4803 Ἰησοῦς
1897 4745 1922 4794 6
1949 4745 2175 4818 Χριστός
2206 4741 2230 4791 ό
2271 4738 2391 4799 Υἱός
2433 4744 2523 4789 τοῦ
2563 4741 2689 4789 Θεοῦ
2718 4742 2806 4787 τοῦ
2841 4739 3026 4796 ζῶντος
3059 4733 3266 4806 φυλάξει
3295 4737 3395 4785 τὼν
3437 4731 3710 4804 βασιλείαν

357 4855 451 4888 σου
500 4834 546 4886 ἐν
599 4844 670 4906 τῷ
718 4834 930 4908 ὀνόματι
972 4833 1149 4900 αύτοῦ,
1203 4835 1257 4885 ἐκ
1296 4835 1487 4894 παντὸς
1516 4839 1829 4905 πειρασμοῦ,
1876 4836 1965 4885 καί
1993 4834 2272 4885 πίστευσόν
2315 4846 2403 4899 μοι
2432 4828 2512 4878 ὅτι
2556 4827 2712 4877 ἕνεκεν
2746 4831 2840 4875 σοῦ
2871 4822 3126 4894 ἐξήγειρεν
3160 4824 3299 4894 ἡμᾶς
3328 4823 3353 4873 ό
3386 4824 3510 4881 Θεὸς
3536 4820 3591 4872 ἐκ
3620 4827 3713 4873 τοῦ

567 4487 655 4533 καὶ
732 4485 849 4554 περὶ
919 4483 1035 4537 τοὺς
1089 4475 1388 4551 τραχήλους
1442 4478 1608 4527 αὐτῶν
1690 4474 1952 4528 ἑπιπὸσὼν

351 4930 601 4996 χώματος
630 4932 722 4985 τῆς
743 4932 841 4996 γῆς
857 4965 870 4978 .

423 5021 514 5069 ΙΘ.
577 5013 661 5074 Ὠς
713 5009 800 5066 οὖν
851 5014 876 5064 6
931 5011 1184 5083 βασιλεὺς
1231 5016 1321 5063 καὶ
1378 5012 1403 5062 6
1485 5009 1769 5072 ἐπίσκοπος
1852 5014 1942 5063 καὶ

351 5105 518 5155 πάντα
588 5101 758 5161 πλήθη
821 5101 1054 5161 ἡτένιζον
1136 5102 1208 5162 εἰς
1287 5099 1494 5165 αύτούς,
1571 5103 1660 5150 καὶ
1754 5103 1941 5157 ἤκουον

348 5195 461 5252 τούς
512 5191 696 5262 λόγους
745 5193 975 5254 τούτους,
1029 5187 1367 5260 ήγαλλιῶντοο
1424 5190 1472 5240 οἱ
1525 5183 1583 5239 δε
1632 5186 1780 5257 οἷγιοι
1831 5187 1946 5239 κλί-

347 5299 519 5341 ναντες
566 5282 658 5342 τάς
712 5279 932 5351 κεφαλὰς
979 5277 1144 5330 αὐτῶν
1184 5277 1254 5338 εἰς
1284 5282 1376 5334 τήν
1405 5283 1503 5347 γῆν
1534 5275 1619 5328 ἐπὶ
1671 5279 1727 5327 τό
1780 5295 1944 5328 παοσ-

352 5369 602 5431 εύξασθαι
676 5368 1052 5440 ἐκοιμήθησαν,
1132 5370 1221 5417 καὶ
1279 5366 1410 5417 οὕτω
1494 5361 1802 5438 παρέδωκαν
1882 5366 1946 5416 τά

352 5462 618 5530 πνεύματα
670 5457 837 5510 αὐτῶν
897 5465 964 5527 τῷ
1020 5455 1386 5529 προστάγματι
1440 5461 1532 5506 τοῦ
1587 5462 1719 5506 Θεοῦ
1777 5455 1941 5526 ἡμῶν.

355 5545 457 5600 Καὶ
547 5547 806 5602 ἐκέλευσεν
860 5548 884 5598 ό
942 5543 1188 5619 βασιλεύς
1262 5543 1502 5614 γενέσθαι
1565 5542 1694 5596 ἐπτά
1751 5545 1946 5617 σωροὺς

2121 5008 2270 5063 XIX.
2310 5008 2651 5076 Imperator,
2684 5007 2739 5058 et
2760 5002 3162 5073 episcopus,et
3187 5003 3309 5054 tota
3343 4997 3515 5053 turba
3544 4997 3706 5056 hunc

2053 5110 2389 5152 sermonem
2405 5092 2732 5159 audientes,
2753 5089 3045 5146 mirumin
3063 5089 3306 5143 modum
3330 5086 3709 5142 laetabantur.

2055 5184 2249 5241 Sancti
2268 5199 2408 5238 vero
2423 5185 2713 5252 martyres
2725 5195 2864 5235 cum
2883 5195 2993 5233 sua
3009 5176 3204 5248 capita
3216 5177 3280 5231 in
3299 5181 3516 5230 terram
3534 5175 3714 5230 decli-

2053 5279 2318 5336 nassent,
2338 5275 2394 5327 et
2410 5272 2596 5326 Deum
2619 5269 3041 5340 precabantur,
3066 5265 3434 5320 dormierunt
3457 5263 3604 5320 etita
3624 5263 3713 5318 di-

2052 5362 2194 5418 vino
2211 5365 2356 5418 nutu
2371 5375 2508 5417 suos
2523 5357 2760 5430 spiritus
2775 5355 3026 5411 Domino
3044 5354 3434 5410 tradiderunt.
3450 5354 3710 5423 Impera-

2055 5456 2143 5508 tor
2158 5451 2331 5520 igitur
2341 5451 2360 5521 j
2374 5449 2517 5506 ussit
2535 5454 2753 5517 septem
2771 5461 2983 5500 aureas
3000 5459 3168 5499 arcas
3187 5441 3468 5512 componi
3486 5441 3710 5512 quibus

2056 5546 2272 5614 septem
2293 5539 2516 5598 illorum
2524 5536 2546 5609 j
2561 5549 2808 5593 uvenum
2827 5547 3078 5606 corpora
3095 5532 3510 5590 conderenutr.
3525 5529 3709 5584 Nocte
