4144 6258
480 298 587 355 447
1888 283 2121 343 ΜΕΝΞΠ

2233 279 2453 337 unus.
3739 267 3851 327 148

478 439 619 479 vero
632 422 731 478 illa
756 423 1002 492 iuvenes
1022 420 1081 475 in
1095 418 1320 474 somnis
1337 420 1744 489 apparuerunt
1771 412 2111 486 imperatori

2243 412 2452 480 χρυσᾶς
2498 405 2564 465 εἰς
2613 408 2700 462 τὴν
2729 406 2896 474 ταφὴν
2947 399 3136 462 αὐτῶν,
3169 403 3255 449 καὶ
3311 396 3360 448 ἐν
3406 396 3536 468 αύτῇ
3583 404 3645 468 τῇ
3699 399 3855 448 νυκτο-

2251 495 2335 506 ..
2647 493 2722 506 .-
2899 488 2994 506 ,η
3095 487 3253 506 κη.
3393 487 3757 506 ,,..-.

481 513 653 584 eique
672 511 964 574 dixerunt,
992 514 1052 563 ut
1072 509 1130 562 in
1151 507 1528 578 spelunca,in
1553 522 1674 578 qua
1697 506 1929 560 fuerant
1953 517 2121 572 supra

2243 495 2499 563 ἐφάνησαν
2549 493 2657 544 κατ’
2691 497 2811 563 ὄναρ
2855 498 2926 559 τῷ
2961 488 3174 559 βασιλεῖ
3199 487 3450 557 λέγοντες·
3487 487 3568 539 Ἐν
3599 495 3673 555 τῷ
3705 490 3850 555 τόπῳ

480 582 716 664 terram,
741 616 843 654 eos
871 599 1236 670 requiescere
1261 596 1492 650 sineret.
1519 594 1917 660 Quamobrem
1953 591 2121 662 impe-

2243 582 2290 633 ἐν
2429 582 2577 652 ἐσμεν
2640 582 2687 631 ἐν
2741 587 2811 648 τῷ
2864 582 3102 646 σπηλαίῳ
3166 582 3335 627 ἐπάνω
3385 584 3476 635 τῆς
3531 585 3646 644 γῆς,
3694 582 3850 626 ἔασον

2253 672 2735 682 .-_-.._
3760 664 3776 672 -

480 697 642 743 rator
663 704 851 758 usque
877 686 952 740 ad
982 685 1334 740 hodiernam
1354 684 1510 738 diem
1535 683 1650 739 illic
1671 699 1774 738 eos
1797 697 1927 736 esse
1954 679 2121 735 volui‘

2243 672 2400 742 ἡμᾶς.
2468 674 2566 722 Καὶ
2635 673 2825 740 ἀφῆκεν
2881 670 3066 725 αὐτοὺς
3122 666 3146 715 ό
3202 663 3448 736 βασιλεὺς
3514 663 3696 728 ἐκεῖσε,
3756 664 3851 722 ἕως

483 776 702 831 Deinde
735 756 991 842 magnus
1023 774 1447 845 episcoporum
1478 778 1663 828 cmtus
1688 771 1804 826 illic
1839 767 2121 826 convenit.

2244 768 2336 820 τῆς
2394 760 2587 831 ἡμέρας
2659 761 2873 821 ταύτης,
2933 759 3021 806 καὶ
3084 756 3466 824 συναθροισμός
3526 756 3682 824 μέγας
3739 756 3848 802 ἐπι-

482 870 540 920 et
569 864 727 918 diem
755 864 969 918 festum
1003 861 1339 929 celebravit,
1373 863 1645 933 virosque
1687 859 2052 921 beatissimo,
2078 862 2137 913 ut
2248 867 2452 944 σκοπνςλν
2512 859 2723 946 εγειςετο›
2776 859 2864 896 και
2944 863 3123 942 εορτῖιν
3198 861 3448 940 με’Ῑθτζτην
3522 859 3750 943 ετξετελετξ

481 953 741 1025 ipsorum
761 952 1026 1020 dignitas
1049 951 1413 1022 postulabat,
1439 951 1646 1005 debitis
1663 948 1991 1004 honoribus
2012 963 2121 1002 om'

2245 941 2334 988 xui
2390 936 2546 997 ἀξίως
2598 936 2850 1007 ἐτίμησαν
2907 937 3027 994 τούς
3068 936 3270 1003 ἁγίους,
3326 936 3372 981 εν
3433 939 3494 1002 τῇ
3556 936 3847 981 ἀναπαύσει

2296 1026 2306 1036 ε
2363 1034 2377 1036 ν.
2489 1033 2519 1036 --
2570 1030 2578 1036 ι
2652 1030 2670 1036 ..
2727 1023 2753 1036 Λ
2854 1024 2869 1036 ς
2919 1027 2927 1036 ι
3034 1019 3085 1036 ει.
3301 1022 3311 1031 ν
3427 1022 3435 1034 ι
3514 1016 3598 1036 ﬁt“
3802 1025 3822 1036 ο

480 1016 587 1096 nes
623 1016 919 1112 prosecuti
953 1016 1106 1094 sunt.
1140 1040 1227 1093 Ad
1259 1041 1385 1094 haec
1415 1041 1740 1110 imperator
1770 1038 1922 1093 illius
1951 1037 2121 1105 regio

2247 1026 2431 1078 αὐτῶν.
2489 1030 2586 1077 Καὶ
2640 1030 2670 1076 ὁ,
2720 1023 2968 1096 βασιλεὺς
3022 1019 3244 1093 δώματα
3298 1022 3449 1071 ἰκανά
3503 1016 3700 1071 δέδωκε
3739 1025 3842 1078 τοῖς

2437 1120 2457 1125 ..
2621 1121 2634 1125 -
2749 1117 2756 1125 ι
2928 1111 2939 1125 ’
3012 1117 3021 1125 '
3276 1115 3284 1124 ¹
3419 1113 3427 1125 “
3535 1107 3545 1120 ’
3642 1104 3665 1125 ιλ
3800 1114 3819 1124 ἰ,

479 1130 570 1183 nis
587 1104 952 1200 pauperibus
983 1127 1170 1182 multa
1195 1128 1369 1192 dedit,
1399 1134 1449 1182 et
1474 1104 1575 1198 qui
1607 1132 1773 1182 erant
1813 1126 1869 1180 in
1905 1104 2121 1181 carceri

2246 1120 2484 1183 πτωχοῖς
2547 1121 2636 1164 τοῦ
2707 1117 2864 1164 τόπου
2922 1111 3133 1174 ἐκείνου,
3203 1115 3293 1160 καὶ
3347 1113 3467 1170 τοὺς
3526 1107 3573 1159 ἐν
3630 1104 3843 1178 δεσμοῖς

2257 1200 2267 1212 9
2336 1201 2362 1214 ιλ
2584 1201 2766 1214 .--νωκικ
2886 1197 2917 1214 (ιι
2994 1202 3004 1212 ρ
3071 1198 3097 1214 fi
3199 1199 3215 1214 Ν
3264 1203 3271 1214 1
3365 1196 3375 1210 7
3441 1201 3449 1212 I
3507 1198 3553 1214 9η
3609 1201 3618 1212 I
3791 1203 3811 1212 η

481 1197 1026 1285 eos'dimittijussit.
1054 1217 1181 1280 Quo
1212 1215 1386 1278 facto,
1442 1197 1808 1269 Theodosius
1841 1215 2006 1268 laetus
2051 1230 2121 1268 rei

2247 1200 2516 1253 ἀπέλυσεν.
2584 1201 2822 1263 Ἐξῆλθεν
2874 1197 2931 1252 δε
2985 1202 3008 1251 ό
3065 1198 3312 1270 βασιλεὺς
3355 1197 3458 1249 ἀπό
3507 1198 3718 1268 Ἐφέσου
3750 1203 3845 1273 τῆς

481 1304 587 1358 diit
625 1304 684 1357 in
727 1304 930 1358 urbem
972 1303 1546 1374 Constantinopolim
1604 1302 1789 1356 multo
1833 1301 2112 1356 comitatu

2248 1289 2438 1350 πόλεως
2496 1295 2583 1341 xui
2640 1295 2732 1341 σὺν
2792 1290 2930 1360 αὐτῷ
2991 1289 3160 1346 πλήθη
3222 1287 3404 1354 πολλὰ,
3455 1291 3842 1356 προπέμποντες

482 1394 700 1447 Omnes
731 1397 925 1446 autem
947 1393 1306 1446 exsultantes
1335 1391 1628 1446 Christum
1659 1393 1842 1444 Deum
1868 1396 2138 1445 nostrum
2249 1391 2401 1428 αυτον
2602 1391 3168 1478 μκωνσταντινουπολιν
3249 1396 3303 1478 ενῖ
3379 1391 3717 1478 ρεγαλλιαξτειᾏ

483 1481 930 1550 collaudabant,
956 1485 1192 1536 sanctos
1221 1497 1358 1535 suos
1378 1481 1523 1534 mire
1545 1480 1839 1551 gloriosos
1889 1480 2121 1536 efﬁcient

2248 1472 2414 1537 χαρᾷ,
2463 1463 2768 1529 δοξάζοντες
2816 1471 3046 1541 Χριστὸν
3086 1470 3170 1517 τὸν
3213 1469 3340 1517 Θεὸν
3370 1468 3535 1535 ἡμῶν,
3567 1467 3650 1515 τόν
3683 1459 3841 1524 δοξάο

2257 1555 2282 1566 μ
2524 1560 2531 1566 .
2639 1556 2648 1566 ν
2710 1562 2717 1566 .
2916 1557 2926 1566 ι
3008 1564 3015 1566 μ
3108 1557 3125 1566 -σ
3280 1556 3291 1566 η
3345 1564 3355 1566 4
3543 1558 3551 1566 ι
3724 1548 3745 1566 Ά
3782 1551 3806 1566 ν

478 1571 596 1624 tem
623 1587 634 1623 :
666 1570 758 1623 cui
783 1571 1056 1624 convenit
1093 1569 1296 1637 gloria,
1344 1569 1533 1623 honor
1581 1573 1632 1624 et
1683 1568 1951 1624 adoratio
1981 1585 2121 1625 nunc

2249 1555 2407 1614 ζοντα
2452 1560 2573 1617 τοὺς
2628 1556 2810 1626 ἀγίους
2867 1557 3044 1607 αὐτοῦ·
3101 1557 3178 1606 ὅτι
3231 1556 3371 1624 αὐτῷ
3460 1558 3637 1621 πρέπει
3712 1551 3845 1612 δόξα

481 1662 536 1712 et
563 1673 817 1727 semper,
845 1663 900 1712 et
930 1657 988 1712 in
1020 1657 1239 1712 saecula
1265 1657 1637 1712 saeculorum.
1687 1663 1890 1712 Amen.

2249 1652 2320 1712 τῷ
2350 1649 2535 1717 Πατρὶ,
2583 1649 2669 1696 καὶ
2715 1654 2787 1715 τῷ
2835 1645 2959 1715 Υἰῷ,
3009 1650 3199 1714 καὶτῷ
3245 1644 3376 1714 ἁγίῳ
3428 1645 3707 1713 Πνεύματι,
3754 1647 3842 1691 νῦν

2248 851 2452 899 σκόπων
2512 846 2723 918 ἐγένετο,
2776 851 2864 896 καὶ
2944 844 3123 917 ἑορτὴν
3198 847 3448 913 μεγίστην
3522 840 3844 906 ἐπετέλεσαν,

2249 1381 2401 1428 αὑτὸν
2480 1376 2561 1429 ἐπὶ
2627 1377 3168 1430 Κωνσταντινούπολιν
3249 1376 3295 1426 ἐν
3385 1374 3688 1446 ἀγαλλιάσει
3756 1379 3844 1424 καὶ

2175 1730 2218 1784 Β
2249 1737 2337 1783 καὶ
2370 1731 2465 1799 ἀεὶ,
2500 1738 2588 1785 καὶ
2622 1734 2692 1795 εἰς
2719 1739 2832 1794 τοὺς
2864 1735 3048 1794 αἰῶνας
3078 1741 3175 1784 τῶν
3207 1734 3421 1787 αἰώνων,
3455 1732 3641 1803 Ἀμήν.

492 1865 3830 1890 _____________________—__________________

801 1947 1440 2032 ΜΑΡΤΥΡΙΟΝ
1480 1947 1694 2032 ΤΟΥ
1732 1951 2121 2038 ΑΓΙΟΥᾏ

2233 1957 2307 2037 Π
2373 1950 2895 2042 ΕΥΔΟΞΟΥ
2929 1954 3516 2045 ΜΑΡΤΥΡΟΣ

1438 2110 2652 2234 ΠΑΝΤΕΔΕΗΜΟΝ
2663 2122 2880 2234 ΟΣ.

488 2387 1120 2539 MABTYlllllM
1195 2385 1560 2538 SANCTI
1639 2389 1769 2538 ET
1843 2311 2256 2541 “Cll—ll
2335 2395 2877 2548 MilllllllS
2939 2395 3833 2548 PANTELEEMONIS.

1012 2613 1212 2672 (Latine
1249 2627 1333 2674 ap.
1371 2613 1580 2661 Suriuni
1611 2614 1679 2663 ad
1703 2614 1821 2662 Julii
1853 2615 1911 2662 27
1945 2615 2158 2670 ;Graace
2183 2629 2246 2664 ex
2273 2619 2368 2667 cod
2404 2635 2500 2669 ms.
2535 2623 2720 2674 Patris.
2771 2638 2820 2672 n.
2854 2625 2999 2676 H75.
3039 2638 3158 2672 saec.
3197 2625 3308 2684 xn,)

551 2713 590 2768 1.
625 2711 769 2768 Cum
810 2712 1105 2767 idolorum
1137 2712 1328 2780 caligo
1367 2712 1585 2768 diffusa
1611 2719 1760 2768 esset
1809 2730 1912 2784 per
1953 2719 2136 2768 totum

480 2800 688 2856 orbem
708 2806 896 2864 terrae,
927 2801 1172 2871 quando
1222 2801 1612 2856 Maximianus
1647 2802 1881 2856 tenebat
1912 2810 2139 2873 sceptra

481 2889 735 2943 Romani
799 2889 1049 2959 imperii,
1109 2894 1246 2944 tunc
1293 2891 1566 2959 cognitus
1620 2889 1728 2944 fuit
1781 2890 2136 2945 Nicomediae

482 2977 853 3031 admirabilis
876 2984 932 3032 et
948 2992 1199 3045 magnus
1221 2978 1370 3032 inter
1389 2983 1679 3049 martyres
1700 2979 2131 3034 Panteleemon.

483 3067 564 3120 Ex
585 3067 823 3120 eaenim
859 3066 945 3119 sui
978 3065 1210 3135 generis
1232 3066 1488 3122 ducebat
1517 3066 1843 3135 originem:
1879 3073 1934 3123 et
1971 3084 2138 3122 voca-

2319 2717 2399 2770 A'.
2424 2726 2530 2780 Τῆς
2557 2717 2825 2781 εἰδωλικῆς
2853 2720 3045 2792 ἀχλύος
3071 2724 3204 2773 κατά
3230 2724 3407 2782 πάσης
3434 2717 3830 2772 διασκεδασθεί-

2251 2824 2344 2865 σης
2396 2817 2489 2870 τῆς
2552 2809 2870 2881 οἰκουμένης,
2947 2813 3101 2868 ἡνίκα
3186 2811 3504 2880 Μαξιμιανός
3576 2811 3655 2859 ἐπὶ
3727 2817 3825 2858 τῶν

2251 2901 2528 2967 σκήπτρων
2572 2906 2667 2958 τῆς
2710 2897 2973 2964 Ῥωμαίων
3030 2899 3202 2970 ἀρχῆς
3255 2901 3568 2963 καθίστατο,
3617 2901 3723 2948 τότε
3770 2893 3826 2948 δὲ

2246 2987 2334 3034 καὶ
2383 2985 2407 3034 ό
2441 2987 2735 3058 θαυμαστὸς
2773 2994 2861 3040 καὶ
2911 2993 3071 3060 μέγας
3103 2989 3152 3040 ἐν
3209 2991 3443 3060 μάρτυσι
3475 2984 3833 3056 Παντελεημων

2244 3075 2377 3123 κατά
2425 3079 2517 3132 τὴν
2572 3075 2928 3147 Νικομήδειαν
2979 3077 3306 3149 ἐγνωρίςετο⁶
3355 3077 3542 3128 ἐκεῖθεν
3582 3077 3676 3148 γὰρ
3726 3071 3837 3144 εἶχε

474 3152 654 3208 batur
680 3154 920 3225 quidem
969 3130 1328 3209 Pantoleon:
1381 3159 1504 3209 erat
1552 3130 1748 3211 autem
1790 3157 1945 3210 ﬁlius
1995 3159 2121 3211 Cns-

2475 3130 2480 3132 V
2707 3133 2714 3147 Ι
2765 3130 2774 3134 ⁷
3008 3130 3020 3148 Ι
3107 3130 3113 3149 l
3173 3130 3191 3138 "
3583 3130 3596 3146 Ι
3648 3130 3657 3148 ι
3770 3130 3811 3144 Iv

2245 3165 2333 3211 xui
2382 3164 2474 3223 τάς
2524 3172 2615 3215 τοῦ
2662 3171 2834 3235 γένους
2899 3169 3091 3236 πηγάς.
3156 3166 3448 3217 Παντολέων
3501 3169 3590 3236 μὲν
3648 3163 3835 3214 καλού-

477 3242 667 3310 torgii,
721 3242 938 3313 opibus
981 3243 1225 3314 quidem
1283 3244 1551 3314 insignis,
1602 3245 1879 3316 inpietate
1933 3251 2131 3300 autem

477 3329 913 3386 clarioris.Erat
938 3332 1089 3386 enim
1118 3332 1352 3387 deditus
1373 3334 1777 3405 supeastitioni
1822 3335 2129 3403 gentilium

474 3421 531 3471 et
571 3420 794 3474 ardenti
826 3419 945 3474 zelo
977 3421 1034 3474 in
1069 3436 1189 3476 eam
1217 3426 1340 3476 erat
1371 3423 1663 3476 incensus.
1724 3425 1854 3476 Erat
1886 3438 2022 3476 vero
2055 3411 2130 3475 illi

475 3507 887 3572 materﬁdelis,
922 3509 1255 3580 quae,quod
1272 3509 1346 3564 ad
1374 3509 1715 3579 religionem
1733 3510 1956 3575 attinet,
1989 3527 2127 3565 cum

478 3595 690 3650 marito
711 3597 1021 3666 pugnabat
1044 3613 1112 3651 ex
1137 3598 1426 3653 diametro
1453 3616 1466 3654 :
1498 3604 1554 3654 et
1579 3599 1730 3654 bene
1762 3600 1973 3653 affecta
2007 3606 2129 3654 erat

475 3680 803 3748 Eubula(id
843 3683 1002 3737 enim
1028 3690 1151 3738 erat
1181 3685 1231 3737 ei
1265 3689 1507 3740 nomen)
1542 3686 1600 3740 in
1634 3703 1726 3740 res
1773 3686 2127 3742 Christiano-

473 3785 628 3823 rum.
664 3773 806 3824 Cum
837 3787 864 3823 a
889 3771 986 3824 tali
1010 3787 1148 3837 ergo
1176 3778 1360 3826 matre
1378 3775 1734 3842 etmagistra
1765 3776 1994 3829 bonuse
2017 3776 2124 3830 du-

472 3865 706 3914 caretur
725 3861 901 3923 tilius,
926 3861 1218 3930 corporali
1243 3862 1485 3916 simulet
1520 3864 1763 3934 spiritali
1784 3865 1907 3935 ejus
1938 3867 2124 3937 priva-

472 3951 568 4001 tur
597 3948 976 4014 nutrimento,
1012 3950 1137 4018 lege
1167 3951 1372 4005 mortis
1397 3955 1453 4005 et
1502 3953 1838 4007 communis
1878 3961 2120 4020 naturae,

469 4034 875 4105 imperfectam
893 4043 948 4092 et
971 4038 1352 4092 immaturam
1371 4055 1554 4108 agens
1577 4045 1824 4107 aetatem,
1867 4059 2003 4096 cum
2023 4059 2126 4113 pa-

469 4139 621 4189 rum,
650 4124 801 4195 proh
823 4125 1020 4182 dolor!
1045 4133 1200 4182 esset
1219 4145 1362 4182 usus
1381 4135 1651 4185 materna
1673 4129 1769 4185 illa
1797 4132 2117 4186 curatione.

2243 3269 2409 3317 μενος,
2466 3253 2574 3312 υἱὸς
2631 3250 2688 3304 δὲ
2742 3258 2809 3303 ὧν
2864 3254 3206 3327 Εὐστοργίου,
3255 3254 3523 3325 ἐπιφανοῦς
3555 3256 3654 3307 ,τόν
3697 3251 3828 3322 βίον,

2242 3338 2636 3412 ἑπιφανεστέρου
2691 3342 2856 3411 πολλῷ
2922 3348 3010 3400 τὴν
3070 3341 3326 3395 ἀσέϐειαν·
3390 3345 3453 3394 τά
3506 3341 3606 3414 γάρ
3660 3341 3833 3397 Ἐλλήο

2239 3445 2335 3475 νων
2390 3427 2652 3499 σεϐόμενος
2693 3427 2753 3487 ἦν
2805 3436 2894 3482 xui
2949 3434 3131 3503 θερμόν
3190 3435 3326 3502 ἔχων
3382 3436 3496 3504 περὶ
3540 3439 3706 3482 ταυτα
3749 3433 3834 3481 τόν

2241 3514 2415 3573 ζῆλον.
2470 3522 2657 3592 Μήτηρ
2723 3515 2779 3570 δε
2835 3518 3004 3590 ἐκείνῳ
3064 3525 3252 3589 πιστὴ,
3316 3525 3402 3571 xui
3458 3520 3559 3571 ὃσα
3612 3525 3728 3591 περὶ
3776 3522 3833 3569 τὸ

2242 3603 2410 3666 σέϐας,
2446 3604 2499 3656 ἐκ
2549 3603 2831 3679 διαμέτρου
2883 3612 3007 3680 πρὸς
3054 3613 3139 3661 τὸν
3192 3609 3353 3670 αὐτῆς
3408 3606 3576 3679 ἀνδρα
3634 3605 3836 3660 διακει-

2237 3697 2360 3762 μένη
2395 3694 2640 3756 εὐϐούλως
2669 3716 2720 3748 τε
2758 3701 2788 3755 ἧ
2837 3697 3064 3756 Εὐϐούλη
3099 3705 3276 3766 (τοῦτο
3322 3701 3422 3771 γὰρ
3473 3698 3602 3769 αὐτῇ
3651 3697 3830 3767 ὄνομα)

2235 3785 2365 3852 πρὸς
2418 3787 2482 3833 τά
2510 3793 2607 3836 τῶν
2659 3794 2985 3858 Χριστιανῶν
3039 3789 3262 3857 ἔχουσα.
3303 3786 3424 3839 ’Υπὸ
3472 3789 3686 3857 τοιαύτη
3728 3791 3831 3837 τοί-

2234 3888 2320 3918 νυν
2369 3877 2529 3944 μητρὶ
2559 3879 2647 3924 καὶ
2696 3871 3005 3945 διδασκάλῳ
3038 3878 3062 3926 ό
3115 3875 3306 3946 ἀγαθός
3354 3880 3658 3950 τρεφόμενος
3706 3882 3831 3935 παῖς

2234 3961 2326 4012 τὴν
2369 3966 2670 4028 σωματικὴν
2723 3962 2832 4032 άμα
2886 3969 3076 4036 τροφήν
3129 3983 3180 4015 τε
3226 3969 3315 4016 καὶ
3353 3969 3444 4021 τὴν
3477 3968 3831 4035 πνευματικὴν

2235 4043 2591 4119 ἀποστερεῖται
2646 4052 2839 4111 ταύτης
2895 4056 3032 4122 νόμῷ
3095 4055 3315 4105 θανάτου
3369 4058 3458 4104 καὶ
3508 4061 3601 4112 τῆς
3658 4059 3831 4110 κοινῆς

2234 4138 2452 4205 φύσεως,
2484 4135 2628 4194 ἀτελῆ
2663 4141 2738 4188 ἔτι
2769 4144 2856 4190 xui
2887 4141 3054 4213 οἶωρον
3087 4143 3223 4212 οἶγων
3250 4141 3586 4200 τὴνὴλικίαν.

543 4213 606 4266 ΙΙ.
645 4215 964 4285 Postquam
998 4222 1192 4272 autem
1228 4217 1370 4273 vidit
1399 4224 1563 4288 pater
1594 4236 1727 4274 eum
1766 4237 1867 4290 per
1887 4227 2120 4277 aetatem

469 4315 594 4354 esse
625 4306 833 4372 aptum
865 4303 1210 4376 disciplinis,
1247 4308 1421 4362 tradit
1455 4311 1868 4377 grammatico,
1908 4311 2120 4366 deinde

2233 4313 2382 4386 ἑώρα,
2417 4325 2786 4389 γραμματιστῇ
2835 4323 2995 4391 φέρων
3029 4317 3272 4372 δίδωσιν·
3319 4323 3430 4373 εἶτα
3479 4317 3828 4381 διδασκάλοις

470 4391 925 4460 praeceptoribus
983 4399 1036 4447 et
1091 4395 1542 4449 institutoribus.
1602 4396 1921 4468 Postquam
1980 4415 2120 4454 vero

2233 4409 2317 4454 xui
2371 4402 2698 4468 παιδευταῖς.
2748 4407 2832 4468 Ὠς
2887 4405 2945 4459 δὲ
2993 4411 3179 4470 ἱκανῶς
3211 4408 3321 4480 εἶχε
3367 4411 3691 4481 μαθημάτων
3735 4413 3825 4460 καὶ

471 4476 578 4532 fuit
601 4479 656 4530 in
687 4479 899 4532 Graecis
923 4481 1064 4533 satis
1097 4481 1304 4534 doctus
1327 4482 1642 4552 diciplinis,
1672 4463 1916 4539 docetur
1939 4488 2120 4541 medi-

2665 4463 2677 4468 ν
2819 4463 2831 4468 -
3165 4463 3178 4470 ’
3255 4463 3296 4480 Ι»
3367 4463 3376 4481 ι
3497 4463 3524 4481 “ί

2233 4492 2388 4562 λόγων
2443 4493 2762 4561 Ἑλληνικῶν,
2824 4500 2889 4548 τά
2935 4506 3033 4548 τῶν
3087 4499 3269 4572 ἰατρῶν
3330 4497 3554 4551 ἐκπονεῖν
3613 4495 3824 4551 δίδοται

2303 4224 2372 4278 Β’.
2401 4228 2542 4278 Ἐπεὶ
2595 4223 2680 4278 οὖν
2730 4230 2753 4278 ό
2797 4235 2966 4302 πατὴρ
3025 4233 3159 4302 ὥραν
3211 4232 3360 4283 αὐτὸν
3403 4235 3542 4302 ἔχειν
3582 4227 3828 4290 παιδείας

467 4565 680 4630 cinam,
702 4566 759 4619 in
791 4582 861 4620 ea
887 4571 1008 4620 arte
1040 4567 1138 4622 illo
1169 4573 1432 4638 tempore
1459 4571 1579 4625 viro
1607 4573 2114 4640 excellentissimo,

464 4653 706 4708 nomine
737 4655 1152 4726 Euphrosyno,
1189 4657 1437 4711 traditus
1466 4658 1522 4711 in
1567 4661 1961 4730 disciplinam.
2023 4663 2116 4716 llle

465 4747 662 4797 autem
698 4742 987 4798 celeritate
1038 4745 1276 4811 ingenii,
1319 4750 1600 4817 tanquam
1655 4749 1783 4802 avis
1834 4751 2112 4821 quaedam

464 4847 673 4886 secans
705 4847 924 4898 aerem,
986 4849 1207 4897 magna
1251 4833 1529 4889 facilitate
1582 4837 1785 4892 omnia
1836 4842 2112 4909 pervasit,

462 4936 674 4989 parum
704 4919 979 4988 indigens
999 4937 1202 4976 eorum
1219 4922 1319 4993 qui
1347 4939 1479 4976 eum
1511 4924 1879 4992 adjuvarent,
1904 4928 2110 4984 labori-

459 5006 592 5080 bus,
629 5013 868 5078 propter
900 5011 1049 5063 vires
1081 5011 1316 5079 ingenii.
1376 5012 1586 5081 Sicque
1636 5013 1797 5068 brevi
1855 5018 2113 5088 aequales

460 5110 668 5148 omnes
699 5113 734 5150 a
761 5103 922 5164 tergo
953 5098 1205 5168 reliquit.
1239 5101 1373 5154 Erat
1399 5105 1596 5155 autem
1627 5107 1681 5156 et
1705 5105 1968 5159 moribus
1994 5123 2113 5160 mo-

461 5182 679 5242 destus.
715 5188 769 5236 et
789 5188 1399 5256 sermonejucundus,
1425 5194 1480 5244 et
1503 5190 1938 5260 pulchritudine
1971 5194 2114 5249 insi-

461 5270 613 5339 gnis.
642 5271 1035 5340 Quaequidem
1060 5274 1371 5342 faciebant,
1400 5283 1463 5331 ut
1493 5294 1627 5334 cum
1655 5295 1875 5349 magna
1903 5283 2106 5354 volup-

462 5359 575 5410 tate
601 5355 838 5408 essetin
864 5373 961 5411 ore
984 5363 1277 5430 omnium,
1303 5370 1357 5420 et
1385 5366 1699 5422 haberetur
1731 5368 1807 5422 ab
1835 5371 2109 5426 omnibus

460 5442 518 5494 in
544 5439 974 5495 admiratione:
1031 5447 1180 5503 adeo
1231 5459 1290 5506 ut
1338 5453 1462 5524 ipse
1503 5454 1914 5523 Maximianus,
1972 5475 2106 5514 cum

459 5527 626 5582 illum
648 5525 970 5596 aliquando
993 5531 1235 5593 vidisset
1251 5539 1600 5609 (ventitabat
1620 5543 1846 5602 enimin
1861 5547 2106 5617 regiam,

2227 4590 2297 4650 τῷ
2350 4579 2722 4654 διαφορωτάτῳ
2769 4590 2862 4643 τὴν
2894 4591 3083 4656 τέχνην
3137 4588 3252 4638 κατ’
3297 4589 3453 4639 ἐκεῖνο
3501 4595 3683 4659 καιροῦ
3729 4588 3821 4638 Εὗ-

2227 4675 2464 4742 φροσύνῳ
2524 4676 2747 4741 τοῦνομα
2795 4678 2924 4747 πρὸς
2996 4679 3279 4746 μαθητείαν
3361 4673 3681 4748 παραδοθεις
3735 4681 3823 4728 καὶ

2227 4761 2275 4816 ὅς
2332 4762 2488 4830 τάχει
2536 4763 2734 4830 φύσεως
2793 4764 2962 4834 ὥσπερ
3017 4784 3096 4824 τις
3167 4769 3355 4824 πτηνὸς
3432 4764 3558 4838 ἀέρα
3628 4770 3820 4837 τέμνων

2225 4850 2353 4898 κατά
2383 4849 2570 4905 πολλην
2616 4851 2845 4902 εὐκολίαν
2896 4862 3064 4921 τομώς
3107 4856 3274 4904 πάντα
3315 4851 3476 4924 διῄει,
3525 4853 3675 4922 ὀλίγα
3723 4875 3819 4906 πο-

2223 4945 2317 4985 νῶν
2379 4934 2466 4987 διὰ
2516 4943 2606 4996 τὴν
2656 4940 2844 4997 πολλὴν
2899 4942 3076 5013 ρωμην
3118 4951 3211 5002 τῆς
3263 4947 3475 5013 φύσεως·
3532 4944 3602 5004 εἰς
3638 4963 3818 5017 συνερ-

2223 5029 2341 5094 γίαν
2393 5024 2628 5095 δεόμενος
2657 5033 2741 5079 καὶ
2773 5030 2933 5090 οὕτως
2988 5032 3032 5080 ἐν
3082 5029 3280 5104 βραχεῖ
3311 5035 3504 5092 πάντας
3534 5033 3816 5094 ἡλικιώτας

2223 5111 2391 5163 ὀπίσω
2435 5113 2610 5178 ἐτίθει,
2671 5119 2898 5189 καθάπερ
2945 5122 3002 5167 τό
3065 5116 3257 5170 Λύδιον
3309 5121 3451 5191 άρμα
3489 5120 3647 5172 ἐκεῖνο
3691 5127 3814 5194 πρὸς

2220 5196 2461 5250 παιδείαν
2516 5201 2749 5255 ἐλαύνων.
2793 5204 2888 5254 Ἦν
2936 5202 2992 5256 δε
3050 5212 3136 5257 καὶ
3177 5212 3234 5258 τό
3285 5208 3410 5268 ἦθος
3458 5207 3684 5268 ἐπιεικὴς
3722 5216 3810 5261 xui

2219 5292 2310 5343 τὴν
2342 5288 2543 5358 ὁμιλίαν
2595 5290 2869 5364 ἐπιτερπὴς
2917 5299 3004 5344 xui
3054 5299 3108 5345 τό
3161 5295 3337 5355 κάλλος
3392 5297 3638 5363 ἐξαίσιος,
3681 5299 3808 5371 άπερ

2221 5372 2286 5432 δὴ
2347 5381 2432 5427 καὶ
2491 5380 2635 5450 ἔργον
2707 5380 2859 5430 αὐτὸν
2917 5387 3005 5432 xui
3071 5388 3265 5454 τρυφὴν
3328 5387 3500 5444 πάσης
3570 5386 3802 5455 γλώττης

2219 5461 2418 5514 ἐποίουν
2450 5470 2538 5514 καὶ
2591 5469 2731 5539 παρά
2779 5473 2911 5518 πᾶσι
2944 5466 3141 5538 σχεδὸν
3190 5467 3280 5520 διὰ
3327 5474 3584 5542 θαύματος
3629 5474 3802 5543 ἦγετο,

2218 5554 2349 5606 ὥστε
2393 5557 2480 5604 καὶ
2523 5553 2676 5606 αὐτόν
2727 5554 2911 5612 ἐκεῖνον
2960 5557 3280 5630 Μαξιμιανόν
3331 5579 3450 5612 ποτε
3493 5562 3806 5634 θεασάμενος
