4144 6258
233 316 342 380 449

1460 308 1628 370 VITA
1662 311 1723 370 S.
1765 301 2385 367 PANTELEEMONIS.

3511 310 3617 368 450

237 425 436 520 (ἐφοίτα
463 446 566 518 γὰρ
608 441 674 502 εἰς
716 442 784 493 τὰ
832 438 1080 514 βασίλεια
1104 445 1177 509 τῷ
1220 435 1535 509 διδασκάλῳ
1578 435 1836 509 ἇπόμενος)

1970 447 2214 506 sequens
2243 432 2620 504 magistrum)
2662 446 2786 489 non
2816 430 3045 489 silentio
3088 430 3466 505 praeterierit:
3501 436 3609 492 sed

242 536 301 589 ού
351 542 475 607 σιγῇ
523 530 811 607 παρελθεῖν,
847 528 973 581 ἀλλὰ
1004 524 1078 581 δι’
1109 526 1309 603 ἐρεύνης
1357 530 1425 579 τὰ
1467 526 1656 579 ἐκείνου
1688 532 1843 578 ποιεῖ·

249 628 374 678 σθαι
432 619 917 696 προσκαλεσάμενον
975 623 1065 670 καὶ
1120 618 1248 670 ὅπου
1309 619 1387 673 εἴη
1446 620 1537 667 καὶ
1593 616 1704 666 ὅθεν
1756 617 1846 665 καὶ

250 714 411 768 τᾶλλα
457 708 785 783 διερωτῶντα
834 707 891 759 ού
945 710 1047 779 μήν
1096 704 1224 757 ἀλλά
1274 710 1363 756 καὶ
1416 713 1487 775 τῷ
1537 700 1846 772 διδασκάλῳ

252 800 542 870 ἐπισκῆψαι
598 801 726 873 πρὸς
796 799 959 867 τάχος
1018 795 1173 847 αύτόν
1230 799 1322 852 τήν
1396 793 1624 866 ἰατρικήν
1673 799 1846 843 πᾶσαν

252 890 604 962 ἐκμελετήσαι’
634 888 776 946 ἧσθη
808 889 908 958 γὰρ
952 884 1033 936 ἐπὶ
1064 892 1135 935 τῶ
1165 882 1324 934 αὐτοῦ
1355 884 1470 940 ἤθει
1500 880 1650 954 ἀρετή
1699 900 1752 933 τε
1781 887 1842 952 τῇ

251 980 375 1052 άλλη
401 984 487 1030 καὶ
522 980 711 1049 ἔκρινεν
737 977 878 1046 ἔχειν
909 973 1095 1025 ἐκεῖνον
1128 972 1193 1033 εἰς
1221 975 1286 1024 τά
1313 970 1576 1044 βασίλεια.

326 1067 396 1123 Γ’.
445 1066 569 1120 Κατ’
614 1064 774 1117 έκεῖνο
828 1059 887 1115 δε
935 1067 1118 1135 καιροῦ
1169 1059 1463 1133 πρεσϐύτης
1507 1078 1581 1121 τις
1626 1062 1849 1131 τοῦνομα

249 1156 526 1231 Ἑρμόλαος
556 1154 603 1206 ἐν
650 1150 901 1225 δωματίῳ
933 1155 1032 1203 τινὶ
1077 1154 1169 1202 σὺν
1218 1155 1308 1201 καὶ
1353 1149 1523 1208 ἄλλοις
1565 1148 1676 1220 οἶμα
1723 1156 1849 1220 Χρι-

258 1252 482 1304 στιανοῖς
510 1246 860 1317 κρυπτόμενος
892 1235 952 1296 ἦν
998 1239 1170 1310 (τοῦτο
1198 1239 1300 1311 γὰρ
1345 1237 1370 1287 6
1419 1243 1511 1287 τοῦ
1539 1243 1851 1308 κρατοῦντος

256 1332 406 1405 φόϐος
437 1332 640 1399 ἐποίει).
672 1330 766 1391 ⁸ος
795 1327 1014 1380 ἀπιόντα
1058 1330 1143 1378 τόν
1192 1325 1536 1377 Πωτολέοντα
1583 1324 1652 1385 εἰς
1694 1321 1850 1376 διδα-

259 1420 451 1471 σκάλου
500 1421 746 1489 θεώμενος
792 1419 881 1466 καὶ
928 1422 999 1483 τῷ
1046 1414 1261 1486 θύραθεν
1308 1411 1547 1485 ὀστράκῳ
1594 1414 1681 1463 τόν
1729 1414 1851 1463 εἵσω

256 1508 694 1579 ἐγκαλυπτόμενον
790 1507 1116 1576 μαργαρίτην
1217 1508 1498 1565 κατανοῶν,
1582 1500 1719 1561 ὅπως
1797 1519 1850 1553 τε

257 1594 369 1670 εἶχε
420 1601 724 1668 κινήματος,
778 1594 914 1653 ὅπως
968 1589 1260 1663 βλέμματος
1309 1593 1400 1641 καὶ
1449 1591 1519 1649 ὡς
1569 1590 1618 1639 οὶ
1665 1587 1848 1660 ὀφθαλ-

258 1692 347 1759 μοὶ
401 1685 541 1756 αύτῷ
592 1686 779 1758 ἥμερον
827 1680 995 1755 ἑώρων
1051 1684 1140 1731 καὶ
1195 1677 1415 1748 γαληνόν
1445 1694 1457 1705 ⁸
1501 1684 1667 1728 ταῦτα
1718 1675 1848 1728 ἐκεῖ·

1958 537 2097 577 eum
2125 536 2459 590 accersens,
2478 520 2552 576 de
2580 520 2710 593 ipso
2732 520 3089 594 inquisierit,
3115 522 3431 592 cujusnam
3460 529 3615 581 esset

1958 608 2140 674 ﬁlius,
2173 616 2229 665 et
2260 610 2438 679 unde,
2472 614 2528 665 et
2555 610 2670 667 alia
2696 610 2993 679 rogaverit
3020 629 3032 669 :
3075 610 3222 682 quin
3254 611 3434 667 etiam
3464 629 3614 684 prte-

1960 699 2183 770 ceptori
2223 699 2595 755 mandaverit
2648 705 2707 754 ut
2744 714 2903 763 eum,
2935 714 3120 770 quam
3161 700 3438 754 citissime
3485 702 3614 757 ﬁeri

1962 793 2184 857 passet,
2226 789 2286 841 in
2329 788 2493 842 omni
2542 792 2837 842 exerceret
2890 787 3231 842 medicina:
3267 788 3396 857 ejus
3450 792 3610 846 enim

1962 876 2230 930 moribus
2259 880 2318 930 et
2345 874 2489 931 ﬂore
2536 874 2771 930 virtutis
2822 875 3253 939 delectabatur,
3310 882 3366 930 et
3413 878 3616 933 statuit

1960 963 2127 1018 illum
2153 963 2372 1018 habere
2403 964 2463 1017 in
2492 964 2671 1033 regia.

2032 1054 2121 1106 Ill.
2151 1051 2251 1106 lllo
2282 1058 2482 1107 autem
2531 1061 2794 1123 tempore
2823 1050 3074 1122 quidam
3111 1066 3292 1105 senex
3323 1052 3610 1122 religione

1964 1139 2350 1208 Christianus,
2366 1139 2611 1195 nomine
2642 1139 3009 1202 Hermolaus,
3033 1147 3157 1193 erat
3186 1140 3519 1196 absconsus
3548 1143 3612 1197 in

1962 1228 2227 1299 quadam
2255 1228 2623 1282 domuncula
2660 1243 2796 1281 cuin
2823 1226 2949 1281 aliis
2978 1227 3319 1282 Christianis
3344 1228 3424 1285 (id
3454 1229 3617 1285 enim

1965 1315 2222 1370 faciebat
2293 1321 2482 1369 metus
2554 1314 2970 1385 imperatoris).
3025 1312 3135 1380 Qui
3191 1331 3327 1370 cum
3394 1316 3617 1373 videret

1967 1402 2386 1458 Pantoleonem
2396 1407 2615 1457 euntem
2629 1403 2701 1456 ad
2716 1408 3202 1473 praeceptorem,et
3214 1411 3448 1460 externa
3462 1410 3615 1461 testa

1964 1492 2455 1547 animadverteret
2466 1490 2639 1546 celari
2652 1493 3407 1560 margaritam,consideran
3418 1509 3444 1545 s
3460 1494 3614 1564 quis-

1963 1595 2107 1635 nam
2128 1580 2423 1649 essetejus
2443 1580 2727 1645 incessus,
2745 1580 2880 1648 quis
2915 1583 3130 1648 motus,
3146 1579 3281 1649 quis
3315 1588 3612 1652 aspectus,

1960 1672 2183 1738 quanta
2194 1673 2351 1722 esset
2366 1668 2418 1739 ej
2430 1683 2497 1722 us
2513 1667 2814 1722 oculorum
2828 1670 3114 1722 serenitas
3131 1676 3187 1723 et
3202 1669 3608 1739 tranquillitas;

257 1795 342 1837 νος
400 1777 530 1848 ὀρῶν
597 1777 687 1824 καὶ
738 1771 909 1843 ὥσπερ
977 1770 1094 1821 τινὰ
1167 1766 1339 1837 εὐγενῆ
1417 1767 1591 1830 ἵππον,
1641 1766 1744 1817 οἷον
1797 1767 1845 1818 οἱ

1970 1756 2107 1821 hinc,
2147 1758 2416 1828 inquam,
2451 1771 2589 1810 cum
2631 1755 2726 1809 ille
2756 1755 3000 1821 videret,
3042 1763 3117 1823 et,
3168 1757 3318 1811 sicut
3362 1772 3613 1827 genero-

257 1870 374 1938 περὶ
425 1871 593 1915 ταῦτα
640 1858 820 1925 δεινοὶ,
856 1863 945 1910 καὶ
996 1860 1070 1909 ἔτι
1125 1854 1290 1908 πῶλον
1340 1858 1462 1906 ὄντα
1509 1858 1689 1929 κρίνας
1732 1856 1849 1929 οἶρι-

264 1973 384 2007 στον
424 1953 655 2014 ἔσεσθαι,
685 1952 836 2021 γνούς
884 1967 937 2000 τε
985 1943 1079 1999 διὰ
1118 1952 1210 1997 τοῦ
1241 1944 1394 2013 ἀγίου
1428 1947 1732 2015 Πνεύματος,
1768 1946 1848 1997 ὅτι

265 2051 452 2103 σκεῦος
501 2041 715 2112 ἐκλογῆς
765 2037 1050 2109 ὀφθήσεται
1096 2037 1232 2087 κατά
1276 2034 1495 2098 Παῦλον,
1528 2038 1663 2105 μέγα
1708 2033 1851 2086 ἐποι-

264 2139 384 2183 οῦτο
439 2135 524 2181 καὶ
586 2128 769 2181 πολλοῦ
836 2134 988 2178 τοῦτο
1040 2124 1188 2187 ἠξίου
1248 2127 1304 2175 τό
1360 2126 1604 2181 τοιαύτην
1668 2122 1852 2176 ἐκεῖνον

263 2218 517 2293 ἀγρεῦσαι
567 2216 773 2287 ψυχήν.
830 2217 958 2267 Πότε
1010 2221 1135 2284 γοῦν
1186 2218 1443 2287 παριόντα
1502 2211 1852 2284 προσκαλεσά·

260 2325 423 2379 μενος,
483 2304 725 2357 εἰσελθεῖν
779 2299 924 2354 ἔνδον
969 2301 1117 2363 ἠξίου
1162 2301 1212 2352 έν
1256 2301 1295 2370 ᾧ
1349 2299 1533 2360 ἐκεῖνος
1579 2299 1855 2373 έκρύπτετο

264 2392 511 2467 δωματίῳ
562 2396 649 2444 καὶ
705 2390 756 2451 ὃς
801 2391 966 2461 εἰσῄει
1013 2394 1103 2441 καὶ
1152 2388 1369 2446 πλησίον
1420 2392 1576 2440 αύτόν
1623 2407 1855 2461 παρακα⁹

266 2485 552 2556 θισάμενος,
595 2482 773 2553 ἠρώτα
818 2482 968 2549 γένος
1019 2496 1071 2529 τε
1120 2482 1211 2529 καὶ
1266 2480 1495 2549 πατέρας
1541 2481 1630 2527 καὶ
1683 2478 1858 2527 ὁποῖον

264 2571 554 2632 ἀσπάζοιτο
598 2567 752 2629 σέϐας
799 2571 889 2619 καὶ
940 2567 1059 2629 ἑξῆς
1106 2567 1323 2618 ἕκαστα.
1361 2571 1461 2618 Καὶ
1506 2566 1531 2615 ό
1564 2564 1856 2617 Πανταλέων

265 2662 410 2721 εὐθὺς
462 2660 665 2712 ἅπαντα
715 2660 845 2731 πρὸς
903 2655 1145 2714 ἀλήθειαν
1205 2653 1494 2726 καταλέγει,
1554 2658 1644 2705 καὶ
1699 2655 1768 2713 ὡς
1823 2654 1853 2711 ἡ

262 2752 352 2823 μεν
396 2755 568 2820 μήτηρ
617 2748 869 2799 ἀποθάνοι
922 2741 1027 2803 ἤδη
1076 2746 1144 2796 τὰ
1196 2750 1524 2817 Χριστιανῶν
1582 2740 1853 2812 σεϐομένη,

264 2839 291 2890 6
344 2843 517 2909 πατήρ
571 2833 629 2888 δε
676 2836 779 2895 ζῶν
830 2835 1040 2889 τέθνηκε
1083 2836 1178 2889 τὴν
1217 2831 1464 2888 Ἑλλήνων
1512 2834 1694 2900 μετιὼν
1742 2830 1864 2899 θρη-

268 2932 465 2979 σκείαν.
530 2921 654 2976 Εἶτα
700 2924 725 2973 6
777 2920 1070 2993 πρεσϐύτης
1118 2920 1379 2991 προσθείς·
1433 2916 1598 2977 Δύτός
1641 2913 1719 2980 δε,
1768 2921 1864 2966 παῖ

268 3013 411 3081 καλὲ,
465 3013 583 3085 ἔφη,
636 3015 773 3071 τίνος
822 3013 1009 3083 μέρους
1060 3003 1189 3059 εἶναι
1255 3004 1432 3078 βούλει
1501 3008 1587 3055 καὶ
1645 3007 1863 3074 ποτέρου

272 3101 628 3174 σεϐάσματοςε
666 3103 766 3151 Καὶ
805 3100 829 3149 6
878 3095 1187 3149 Ιιαντολέων·
1232 3101 1290 3147 Ἦ
1340 3097 1430 3165 μεν
1476 3098 1673 3165 μήτηρ,
1706 3088 1861 3157 εἶπεν,

270 3194 343 3244 ἔτι
411 3196 668 3261 περιοῦσα
718 3193 824 3247 τοῖς
893 3186 1068 3246 αὐτοῖς
1143 3202 1207 3255 με
1286 3184 1568 3235 συνθέσθαι
1622 3183 1861 3255 παρῄνει,

270 3281 391 3351 ὅπερ
444 3274 511 3335 δή
562 3280 652 3328 καὶ
700 3275 857 3334 αὐτὸς
906 3272 1221 3345 ἠϐουλόμην
1255 3273 1280 3323 6
1331 3270 1389 3323 δὲ
1432 3276 1595 3341 πατὴρ
1639 3271 1730 3323 οἶτε
1773 3277 1863 3324 καὶ

271 3369 484 3441 μείζονα
526 3370 619 3424 τὴν
672 3365 833 3437 ἰσχύν
864 3366 1021 3434 ἔχων,
1054 3369 1116 3434 τῇ
1167 3360 1326 3413 αὐτοῦ
1373 3365 1654 3432 προσέχειν
1700 3360 1863 3432 ἀναγ-

271 3458 419 3516 κάζει
478 3457 749 3529 θρησκείᾳ,
802 3455 911 3505 imi
965 3455 1054 3502 καὶ
1105 3448 1350 3522 βούλεται
1398 3457 1505 3511 τοῖς
1556 3458 1647 3501 τοῦ
1700 3450 1863 3503 παλα-

272 3550 383 3598 τίου
433 3547 567 3617 ἡμᾶς
624 3541 849 3605 ἐντάξαι.
898 3544 986 3601 Τίς
1036 3536 1094 3592 δὲ
1144 3538 1204 3596 ἣν
1256 3543 1486 3612 μετέρχῃ
1541 3537 1782 3592 παιδείαν
1837 3541 1863 3590 ό

271 3633 568 3709 πρεσϐύτης
624 3636 820 3705 φησίν;
874 3628 1220 3692 Ἀσκληπιοῦ,
1281 3630 1395 3700 ἔφη,
1456 3633 1545 3680 καὶ
1593 3628 1866 3701 Ἱπποκρά-

271 3743 393 3784 τους
439 3727 599 3793 τέχνη
647 3725 737 3773 καὶ
784 3719 1034 3777 Ιάληνοῦ.
1085 3725 1248 3769 Τοῦτο
1293 3720 1391 3790 γάρ
1445 3722 1533 3769 καὶ
1582 3725 1653 3787 τῷ
1705 3724 1865 3791 πατρί

274 3832 373 3886 μου
406 3809 593 3864 δοκοῦν
618 3827 631 3840 ’
666 3809 793 3861 ἀλλά
820 3812 910 3860 καὶ
939 3807 1094 3867 αὐτὸς
1122 3808 1148 3858 6
1179 3802 1503 3866 διδάσκαλός
1544 3825 1610 3877 με
1641 3805 1864 3878 βεϐαιῶν

272 3904 543 3975 πάρεστιν,
598 3902 663 3961 ὡς
712 3898 757 3950 εἰ
807 3900 1002 3955 ταύτην
1054 3898 1275 3968 μάθοιμι
1344 3893 1588 3969 ἀκρίϐῶς,
1649 3892 1865 3957 δυνατός

276 3987 405 4043 εἶναι
460 3995 629 4042 πᾶσαν
677 3987 1002 4059 ἀνθρωπίνην
1073 3986 1254 4038 ἰᾶσθαι
1318 3990 1468 4036 νόσον
1515 3990 1603 4037 καὶ
1673 3990 1865 4048 παντός

276 4081 475 4140 πάθους
534 4078 882 4152 ἰσχυροτέραν
954 4073 1335 4147 προϐάλλεσθαι
1402 4076 1594 4133 ταύτην
1625 4095 1637 4107 -
1693 4080 1782 4127 καὶ
1839 4076 1866 4127 6

274 4167 570 4243 Ἑρμόλαος,
627 4166 863 4241 ἀφορμὰς
914 4161 1021 4223 ἤδη
1084 4170 1173 4215 καὶ
1233 4168 1506 4237 σπέρματα
1566 4166 1709 4236 παρά
1767 4172 1866 4214 τῶν

278 4256 469 4309 ἑκείνου
518 4255 679 4327 λόγων
722 4254 910 4319 λαϐὼν,
943 4254 1172 4327 καθάπερ
1206 4252 1414 4324 ἀγγείου
1458 4256 1635 4323 τυχὼν
1684 4251 1875 4315 καλοῦ»

279 4349 336 4397 τό
387 4347 519 4397 θεῖον
587 4352 678 4404 τῆς
729 4348 956 4403 πίστεως
1027 4344 1187 4412 μύρον
1257 4338 1490 4410 ἐμϐαλεῖν
1538 4338 1708 4399 ἠξίου.
1765 4338 1870 4391 Καὶ

278 4434 522 4491 πείσθητί
574 4450 682 4503 μοι,
738 4434 854 4501 ἔφη,
910 4428 1151 4480 κάλλιστε
1218 4431 1516 4491 νεανίσκων,
1570 4430 1660 4478 καὶ
1709 4427 1871 4497 γνῶθι

1956 1861 2091 1900 sum
2121 1845 2449 1916 quemdam
2466 1859 2691 1915 equum
2721 1843 2782 1903 ii,
2809 1846 2915 1914 qui
2943 1849 3141 1898 tenent
3166 1844 3383 1899 harum
3413 1860 3613 1902 rerum

1954 1933 2282 1999 'cientiam,
2316 1933 2546 1987 etiamsi
2579 1935 2653 1987 sit
2698 1934 2896 1987 adhuc
2926 1933 3145 2003 pullus,
3173 1933 3444 2003 judicant
3475 1934 3602 1991 fore

1955 2024 2249 2095 optimum
2281 2039 2294 2076 :
2330 2029 2431 2077 aut
2460 2036 2533 2076 ex
2566 2026 2769 2076 tenera
2814 2020 3013 2075 adhuc
3062 2023 3265 2092 planta
3323 2022 3601 2079 arborem

1957 2121 2161 2184 aptam
2181 2111 2261 2166 ad
2291 2113 2578 2165 fructum:
2610 2109 2993 2179 cognovisset
3022 2125 3126 2180 per
3154 2111 3427 2181 spiritum
3457 2111 3609 2177 fore,

1961 2208 2024 2256 ut
2106 2200 2271 2255 Pauli
2322 2200 2611 2253 sententia
2684 2205 3022 2253 cerneretur
3098 2214 3200 2252 vas
3278 2199 3608 2265 electionis,

1965 2291 2166 2358 magni
2205 2288 2462 2343 ducebat
2499 2294 2557 2342 et
2592 2286 2829 2358 plurimi
2867 2287 2981 2341 hoc
3019 2284 3292 2352 faciebat,
3324 2289 3375 2340 si
3430 2288 3611 2343 talem

1963 2378 2125 2433 illam
2144 2381 2392 2432 venatus
2416 2382 2570 2431 esset
2591 2378 2876 2429 animam.
2899 2378 3046 2430 Cum
3076 2390 3215 2429 eum
3235 2376 3434 2446 itaque
3459 2390 3613 2447 pras-

1966 2471 2295 2521 tereuntem
2319 2464 2645 2537 aliquando
2669 2463 3052 2527 accersiisset,
3066 2464 3315 2534 rogavit,
3337 2470 3400 2519 ut
3423 2466 3617 2534 ingre-

1964 2555 2200 2609 deretur
2228 2558 2289 2607 in
2318 2554 2581 2615 illam,in
2609 2568 2727 2621 qua
2752 2550 2995 2616 latebat,
3028 2553 3480 2607 domunculam.
3512 2553 3610 2607 Hle

1964 2649 2165 2697 autem
2205 2644 2511 2710 ingressus
2564 2648 2670 2694 est.
2713 2642 2899 2703 Quem
2956 2655 3094 2693 cum
3141 2655 3328 2710 prope
3376 2641 3611 2696 fecisset

1965 2731 2190 2794 sedere,
2224 2729 2454 2801 rogavit
2481 2728 2556 2784 de
2582 2743 2817 2798 genere,
2848 2735 2904 2782 et
2926 2730 3295 2798 parentibus,
3328 2735 3386 2784 et
3412 2730 3617 2799 cujus-

1966 2835 2108 2875 nam
2129 2824 2284 2873 esset
2299 2817 2987 2887 religionis,etdeinceps
3016 2818 3269 2887 singula.
3295 2817 3617 2873 Pantoleon

1968 2922 2108 2961 vero
2141 2908 2335 2961 statim
2367 2906 2575 2961 omnia
2601 2905 2794 2972 refert,
2828 2911 2891 2959 ut
2935 2905 3019 2958 rei
3054 2906 3318 2960 habebat
3348 2908 3564 2960 veritas
3600 2920 3615 2961 :

1971 2998 2027 3048 et
2046 2993 2213 3063 quod
2238 2999 2425 3048 mater
2453 2994 2698 3064 quidem
2721 2995 2852 3063 jam
2879 2999 3037 3046 esset
3054 3001 3308 3057 mortua,
3327 3008 3464 3064 quae
3491 2997 3620 3048 erat

1969 3080 2252 3149 religione
2280 3080 2609 3135 Christiana
2639 3095 2653 3137 :
2695 3087 2861 3151 pater
2891 3086 3092 3136 autem
3119 3083 3323 3135 vivens
3361 3080 3438 3135 sit
3467 3096 3621 3136 mor-

1897 3139 1939 3197 c
1970 3139 2131 3232 tuus,
2170 3168 2477 3237 gentilium
2538 3139 2793 3238 sequens
2846 3170 3344 3239 superstitionem.
3405 3169 3623 3224 Deinde

1971 3274 2111 3314 cum
2140 3256 2459 3327 adjecisset
2491 3272 2673 3311 senex
2700 3274 2714 3313 :
2738 3259 2821 3310 Tu
2845 3265 3065 3320 autem,
3094 3258 3250 3312 bone
3279 3257 3380 3321 ﬁli,
3422 3257 3622 3327 cujus-

1970 3363 2114 3403 nam
2141 3347 2230 3402 vis
2253 3360 2381 3399 esse
2398 3345 2603 3415 partis,
2627 3352 2683 3399 et
2720 3346 2903 3398 utrius
2935 3344 3281 3412 religionis?
3301 3344 3618 3400 Pantoleon

1974 3452 2145 3494 vero:
2196 3435 2380 3490 Mater
2429 3433 2695 3504 quidem,
2747 3433 2957 3504 inquit,
3012 3448 3150 3487 cum
3207 3440 3360 3488 esset
3417 3434 3618 3489 adhuc

1972 3531 2295 3598 superstes,
2361 3523 2567 3588 suasit,
2636 3530 2700 3577 ut
2767 3521 3084 3577 assentirer
3143 3522 3273 3592 ejus
3331 3522 3622 3592 religioni,

1972 3615 2138 3688 quod
2166 3612 2413 3685 quidem
2444 3613 2590 3666 mihi
2615 3612 2883 3683 placebat
2913 3626 2929 3678 ;
2963 3617 3128 3681 pater
3155 3619 3375 3677 autem,
3408 3617 3473 3666 ut
3521 3612 3626 3684 qui

1975 3705 2048 3758 sit
2107 3703 2328 3765 fortior,
2361 3706 2516 3768 cogit
2547 3715 2645 3753 me
2672 3699 2943 3768 religioni
2983 3714 3109 3753 suae
3147 3699 3289 3753 dare
3336 3714 3622 3771 operam;

1976 3791 2097 3847 vult
2125 3790 2284 3846 enim
2322 3805 2416 3843 me
2462 3788 2675 3843 referre
2717 3789 2775 3842 in
2826 3802 3143 3842 numerum
3193 3787 3621 3858 palatinorum.

1974 3882 2262 3946 Quanam
2312 3892 2452 3933 vero
2481 3883 2569 3932 est
2610 3891 2700 3942 ea,
2737 3876 2832 3931 cui
2872 3876 3093 3947 studes,
3122 3876 3435 3947 disciplina
3464 3876 3491 3930 ?
3546 3877 3628 3931 ait

1973 3985 2154 4024 senex
2211 3965 2611 4038 :IEsculapii,
2671 3968 2882 4037 inquit,
2954 3972 3014 4019 et
3090 3966 3486 4036 Hippocratis,
3566 3968 3623 4019 et

1975 4058 2197 4113 Galeni.
2239 4060 2385 4112 Nam
2413 4056 2529 4110 hoc
2594 4069 2836 4124 quoque
2874 4054 3072 4108 visum
3126 4060 3215 4107 est
3251 4054 3403 4123 patri
3461 4068 3620 4108 meo.

1977 4145 2130 4209 Quin
2160 4145 2336 4198 etiam
2367 4143 2497 4213 ipse
2518 4144 2694 4197 nobis
2727 4142 3045 4197 afﬁrmavit
3074 4140 3374 4209 magister,
3402 4142 3556 4212 quod
3579 4141 3629 4196 si

1976 4247 2115 4286 eam
2168 4236 2442 4285 accurate
2506 4228 2789 4293 didicero,
2849 4234 3053 4298 potero
3119 4243 3325 4284 curare
3384 4244 3630 4284 omnem

1977 4318 2259 4374 morbum
2296 4321 2633 4371 humanum
2663 4322 2719 4370 et
2741 4330 2895 4381 eam,
2931 4322 2993 4370 ut
3023 4316 3345 4380 fortiorem,
3366 4316 3622 4385 objicere

1979 4405 2165 4462 cuivis
2193 4404 2511 4460 atfectioni.
2546 4404 2892 4459 Hermolaus
2917 4408 3118 4459 autem
3141 4419 3213 4458 ex
3240 4403 3397 4459 illius
3428 4403 3625 4459 verbis

282 4520 362 4572 ὅτι
410 4521 474 4572 τὰ
517 4519 839 4576 Ἀσκληπιοῦ
888 4523 1054 4569 ταῦτα
1095 4519 1184 4567 καὶ
1228 4514 1597 4588 Ἱπποκράτους
1639 4520 1727 4568 καὶ
1777 4521 1860 4567 Γα-

1977 4495 2289 4551 occasione
2318 4496 2566 4565 accepta
2584 4499 2641 4548 et
2663 4493 2908 4558 semine,
2949 4495 3241 4564 tanquam
3299 4493 3624 4564 pulcherri-

283 4606 438 4665 ληνοῦ
489 4610 653 4681 μικρὰ
702 4612 791 4658 καὶ
844 4609 972 4679 πρὸς
1017 4607 1201 4678 μικρὸν
1248 4610 1355 4664 τοῖς
1398 4606 1690 4677 χρωμένοις
1737 4603 1870 4677 βοη-

287 4697 389 4748 θεῖν
436 4691 674 4747 δύναται·
723 4694 849 4747 ἀλλά
894 4699 984 4747 καὶ
1033 4695 1136 4746 θεοὶ
1185 4693 1334 4745 αὐτοὶ
1381 4692 1466 4753 οὓς
1510 4692 1712 4746 σέϐεται
1761 4700 1872 4747 Μα-

286 4783 520 4856 ξιμιανὸς
573 4786 731 4857 μῦθοι
785 4788 919 4837 κενοὶ
989 4786 1306 4855 κουφοτέρων
1364 4781 1530 4834 ἀκοῶν
1583 4781 1866 4855 κλέμματα,

285 4872 488 4945 ὠφελεῖν
534 4869 593 4926 δε
635 4870 784 4925 οὐδὲν
833 4877 890 4925 τό
934 4875 1176 4947 παράπαν
1226 4869 1521 4944 δυνάμενοι,
1556 4870 1661 4923 ἀλλ’
1701 4873 1727 4924 ό
1779 4877 1872 4944 μό·

283 4981 363 5022 νος
400 4961 596 5024 ἀληθής
643 4966 772 5024 Θεὸς
812 4963 837 5013 6
881 4965 1128 5035 Χριστός,
1160 4961 1234 5023 εἰς
1278 4960 1332 5012 ὃν
1380 4962 1668 5021 πιστεύσας
1712 4962 1870 5013 αὐτοῦ

284 5056 442 5122 μόνου
473 5059 535 5123 τῇ
586 5050 854 5108 ἇπικλήσει
900 5050 1036 5103 άπαν
1081 5056 1287 5122 νόσημα
1337 5046 1641 5121 φυγαδεύων
1672 5053 1788 5123 ἔσῃ,
1821 5050 1871 5112 ὃς

284 5138 489 5211 τυφλοῖς
540 5144 629 5211 μεν
688 5149 811 5212 φῶς,
862 5147 1056 5213 νεκροῖς
1100 5135 1158 5191 δι
1202 5138 1509 5206 ἀνάστασιν,
1555 5139 1757 5213 λεπροῖς
1813 5138 1872 5193 δὲ

284 5229 540 5301 κάθαρσιν
597 5225 922 5301 ἐδωρήσατο,
977 5233 1066 5280 καὶ
1118 5227 1172 5289 ὃς
1222 5230 1337 5287 τοὺς
1393 5228 1493 5280 ὑπὸ
1542 5228 1870 5301 Μαξιμιανοῦ

283 5323 761 5390 προσκυνουμένους
817 5314 1071 5389 δαίμονας
1128 5317 1263 5388 λόγῳ
1324 5321 1461 5388 μόνῳ
1514 5322 1603 5369 καὶ
1659 5316 1871 5391 ἄπιτάγ-

286 5424 412 5478 ματι
454 5406 693 5469 ἐξήλαυνε
722 5416 820 5459 τῶν
866 5405 1164 5478 ἀνθρώπων,
1199 5404 1258 5457 οὗ
1304 5411 1392 5458 καὶ
1433 5413 1521 5458 τοῦ
1569 5405 1871 5481 κρασπέδου

285 5501 414 5566 γυνή
446 5495 682 5569 ἁψαμένη
731 5503 823 5549 τοῦ
868 5498 1075 5568 ἱματίου
1116 5495 1330 5567 ὀχετοὺς
1377 5495 1595 5568 αἳματος
1634 5498 1705 5569 ἐφ’
1738 5497 1874 5561 ὅλοις

289 5577 497 5637 δώδεκα
535 5590 752 5662 χρόνοις
786 5586 994 5665 ῥέοντας
1035 5584 1180 5647 εὐθὺς
1217 5586 1425 5643 ἔστησε.
1460 5589 1561 5643 Καὶ
1602 5589 1655 5639 τί
1697 5583 1781 5641 δεῖ
1805 5590 1873 5643 τὰ

1977 4599 2147 4640 mum
2185 4587 2395 4638 nactus
2431 4582 2894 4653 receptaculum,
2962 4583 3142 4653 coepit
3164 4582 3435 4637 divinum
3487 4580 3627 4637 ﬁdei

1976 4673 2267 4729 ﬂuentum
2313 4673 2375 4727 in
2411 4670 2473 4726 id
2513 4671 2860 4727 effundere:
2897 4671 3078 4726 Crede
3118 4670 3283 4736 mihi,
3330 4672 3556 4734 dicens,
3588 4684 3624 4725 o

1978 4764 2198 4834 optime
2242 4761 2614 4827 adolescens,
2657 4775 2796 4815 vera
2841 4759 3078 4824 dicenti,
3118 4759 3252 4813 Haec
3284 4757 3623 4829 Aisculapii,

1981 4851 2351 4923 Hippocratis
2381 4856 2437 4906 et
2458 4850 2660 4907 Galeni
2679 4864 2866 4921 parva
2882 4855 3037 4914 sunt,
3057 4854 3113 4904 et
3139 4863 3354 4919 parum
3374 4851 3629 4919 possunt

1980 4943 2263 5013 prodesse
2285 4942 2356 4995 iis
2384 4939 2490 5011 qui
2520 4940 2607 4994 eis
2641 4944 2899 4994 utuntur.
2950 4939 3103 5002 Quin
3154 4936 3332 4991 etiam
3389 4936 3626 5007 diiipsi,

1978 5046 2130 5102 quos
2151 5029 2289 5085 colit
2313 5029 2719 5091 Maximianns,
2738 5032 2875 5081 sunt
2895 5040 3052 5081 vana
3075 5025 3322 5079 omnino
3339 5023 3627 5090 fabula,et

1976 5120 2269 5174 leviorum
2284 5117 2572 5173 mentium
2591 5118 2728 5171 decc
2733 5116 2875 5187 ptio.
2887 5113 3045 5169 Unus
3058 5119 3258 5169 autem
3272 5113 3432 5167 solus
3447 5128 3619 5169 verus

1980 5209 2132 5263 Deus
2160 5213 2249 5262 est
2272 5206 2572 5265 Christus:
2598 5206 2658 5259 in
2683 5220 2864 5276 quem
2895 5203 2945 5257 si
2970 5201 3307 5267 credideris,
3342 5201 3472 5272 ejus
3493 5201 3622 5258 sola

1980 5297 2345 5353 invocatione
2368 5311 2579 5352 omnes
2614 5294 2852 5348 morbos
2894 5291 3082 5347 solves
3111 5297 3166 5344 et
3202 5290 3436 5360 fugabis
3473 5307 3486 5345 :
3518 5290 3627 5363 qui

1981 5403 2154 5444 caecis
2181 5385 2427 5458 quidem
2455 5384 2670 5450 lucem,
2702 5380 2951 5437 mortuis
2981 5386 3181 5435 autem
3206 5381 3412 5445 vitam,
3435 5382 3628 5451 lepro-

1980 5480 2058 5534 sis
2081 5474 2683 5549 deditpurgationem
2710 5489 2725 5527 :
2757 5472 2861 5544 qui
2890 5485 2992 5526 eos
3042 5470 3146 5542 qui
3188 5485 3225 5525 a
3264 5468 3619 5525 Maximiano

1981 5569 2328 5635 adorantur,
2358 5565 2682 5633 daemones,
2724 5560 2851 5620 solo
2879 5559 3063 5618 verbo
3092 5564 3151 5616 et
3180 5560 3359 5633 jussu
3404 5556 3633 5635 expulit
