  <div class='ocr_page' id='page_1' title='image "/cluster/home/n/w/nwhite01/storage/ocr_20150623/115/mdp.39015028574336/233.png"; bbox 0 0 4144 6258; ppageno 0'>
   <div class='ocr_carea' id='block_1_1' title="bbox 540 242 3936 320">
    <p class='ocr_par' dir='ltr' id='par_1_1' title="bbox 540 242 3936 320">
     <span class='ocr_line' id='line_1_1' title="bbox 540 242 3936 320; baseline -0.007 0"><span class='ocrx_word' id='word_1_1' title='bbox 540 265 637 320; x_wconf 82' lang='grc'>451</span> <span class='ocrx_word' id='word_1_2' title='bbox 1783 276 1791 287; x_wconf 84' lang='grc'><strong>·</strong></span> <span class='ocrx_word' id='word_1_3' title='bbox 1941 247 2199 303; x_wconf 85' lang='lat' dir='ltr'><strong>MENSIS</strong></span> <span class='ocrx_word' id='word_1_4' title='bbox 2232 244 2383 303; x_wconf 86' lang='lat' dir='ltr'><strong>JULI</strong></span> <span class='ocrx_word' id='word_1_5' title='bbox 2396 244 2505 303; x_wconf 89' lang='lat' dir='ltr'>US.</span> <span class='ocrx_word' id='word_1_6' title='bbox 3818 242 3936 298; x_wconf 67' lang='lat'>452</span> 
     </span>
    </p>
   </div>
   <div class='ocr_carea' id='block_1_2' title="bbox 540 366 2153 451">
    <p class='ocr_par' dir='ltr' id='par_1_2' title="bbox 540 374 2153 451">
     <span class='ocr_line' id='line_1_2' title="bbox 540 374 2153 451; baseline -0.011 -6"><span class='ocrx_word' id='word_1_7' title='bbox 540 389 618 444; x_wconf 91' lang='lat' dir='ltr'>ab</span> <span class='ocrx_word' id='word_1_8' title='bbox 649 385 1024 443; x_wconf 88' lang='lat' dir='ltr'>hominibus:</span> <span class='ocrx_word' id='word_1_9' title='bbox 1049 380 1219 451; x_wconf 87' lang='lat' dir='ltr'>cujus</span> <span class='ocrx_word' id='word_1_10' title='bbox 1239 377 1416 433; x_wconf 89' lang='lat' dir='ltr'>etiam</span> <span class='ocrx_word' id='word_1_11' title='bbox 1443 376 1771 431; x_wconf 90' lang='lat' dir='ltr'>vestimenti</span> <span class='ocrx_word' id='word_1_12' title='bbox 1786 374 2043 439; x_wconf 89' lang='lat' dir='ltr'>ﬁmbria,</span> <span class='ocrx_word' id='word_1_13' title='bbox 2061 389 2153 429; x_wconf 85' lang='lat' dir='ltr'>cui</span> 
     </span>
    </p>
   </div>
   <div class='ocr_carea' id='block_1_3' title="bbox 2264 366 3935 451">
    <p class='ocr_par' dir='ltr' id='par_1_3' title="bbox 2264 366 3935 444">
     <span class='ocr_line' id='line_1_3' title="bbox 2264 366 3935 444; baseline -0.004 -18"><span class='ocrx_word' id='word_1_14' title='bbox 2264 398 2278 427; x_wconf 68' lang='grc' dir='ltr'>ι</span> <span class='ocrx_word' id='word_1_15' title='bbox 2310 375 2497 425; x_wconf 83' lang='grc' dir='ltr'><em>ἐκείνου</em></span> <span class='ocrx_word' id='word_1_16' title='bbox 2528 370 2730 441; x_wconf 86' lang='grc' dir='ltr'><em>λέγειν;</em></span> <span class='ocrx_word' id='word_1_17' title='bbox 2763 373 2876 423; x_wconf 86' lang='grc' dir='ltr'><em>’ίσον</em></span> <span class='ocrx_word' id='word_1_18' title='bbox 2923 371 3023 443; x_wconf 89' lang='grc' dir='ltr'>γάρ</span> <span class='ocrx_word' id='word_1_19' title='bbox 3072 366 3212 420; x_wconf 83' lang='grc' dir='ltr'><em>ἐστιν</em></span> <span class='ocrx_word' id='word_1_20' title='bbox 3254 367 3471 440; x_wconf 70' lang='grc' dir='ltr'><em>ψάμμον</em></span> <span class='ocrx_word' id='word_1_21' title='bbox 3527 388 3581 420; x_wconf 89' lang='grc' dir='ltr'>τε</span> <span class='ocrx_word' id='word_1_22' title='bbox 3629 375 3838 444; x_wconf 77' lang='grc' dir='ltr'>μετρεῖν</span> <span class='ocrx_word' id='word_1_23' title='bbox 3898 370 3935 427; x_wconf 72' lang='grc' dir='ltr'><em>ἢ</em></span> 
     </span>
    </p>
   </div>
   <div class='ocr_carea' id='block_1_4' title="bbox 543 457 2153 539">
    <p class='ocr_par' dir='ltr' id='par_1_4' title="bbox 543 464 2153 539">
     <span class='ocr_line' id='line_1_4' title="bbox 543 464 2153 539; baseline -0.011 -6"><span class='ocrx_word' id='word_1_24' title='bbox 543 493 677 533; x_wconf 88' lang='lat' dir='ltr'>eam</span> <span class='ocrx_word' id='word_1_25' title='bbox 709 475 901 529; x_wconf 89' lang='lat' dir='ltr'>solum</span> <span class='ocrx_word' id='word_1_26' title='bbox 952 471 1232 539; x_wconf 79' lang='lat' dir='ltr'>tetigisset</span> <span class='ocrx_word' id='word_1_27' title='bbox 1274 466 1505 529; x_wconf 83' lang='lat' dir='ltr'>mulier,</span> <span class='ocrx_word' id='word_1_28' title='bbox 1562 465 1759 521; x_wconf 83' lang='lat' dir='ltr'>statim</span> <span class='ocrx_word' id='word_1_29' title='bbox 1792 464 1934 519; x_wconf 81' lang='lat' dir='ltr'>stitit</span> <span class='ocrx_word' id='word_1_30' title='bbox 1964 464 2153 517; x_wconf 67' lang='lat' dir='ltr'>canale</span> 
     </span>
    </p>
   </div>
   <div class='ocr_carea' id='block_1_5' title="bbox 2264 457 3935 539">
    <p class='ocr_par' dir='ltr' id='par_1_5' title="bbox 2309 457 3935 533">
     <span class='ocr_line' id='line_1_5' title="bbox 2309 457 3935 533; baseline -0.001 -21"><span class='ocrx_word' id='word_1_31' title='bbox 2309 461 2528 533; x_wconf 79' lang='grc' dir='ltr'>ἀστέρας</span> <span class='ocrx_word' id='word_1_32' title='bbox 2584 465 2721 531; x_wconf 87' lang='grc' dir='ltr'><em>χόας</em></span> <span class='ocrx_word' id='word_1_33' title='bbox 2778 478 2829 511; x_wconf 90' lang='grc' dir='ltr'>τε</span> <span class='ocrx_word' id='word_1_34' title='bbox 2880 458 3138 518; x_wconf 77' lang='grc' dir='ltr'>θαλάττης</span> <span class='ocrx_word' id='word_1_35' title='bbox 3195 462 3285 508; x_wconf 89' lang='grc' dir='ltr'><em>καὶ</em></span> <span class='ocrx_word' id='word_1_36' title='bbox 3342 461 3407 508; x_wconf 82' lang='grc' dir='ltr'><em>τὰ</em></span> <span class='ocrx_word' id='word_1_37' title='bbox 3455 457 3613 509; x_wconf 75' lang='grc' dir='ltr'><em>αὐτοῦ</em></span> <span class='ocrx_word' id='word_1_38' title='bbox 3672 460 3935 523; x_wconf 85' lang='grc' dir='ltr'><em>θαύματα</em></span> 
     </span>
    </p>
   </div>
   <div class='ocr_carea' id='block_1_6' title="bbox 548 546 2153 632">
    <p class='ocr_par' dir='ltr' id='par_1_6' title="bbox 548 552 2151 632">
     <span class='ocr_line' id='line_1_6' title="bbox 548 552 2151 632; baseline -0.01 -12"><span class='ocrx_word' id='word_1_39' title='bbox 548 564 875 632; x_wconf 82' lang='lat' dir='ltr'>sanguinis,</span> <span class='ocrx_word' id='word_1_40' title='bbox 910 560 1012 630; x_wconf 87' lang='lat' dir='ltr'>qui</span> <span class='ocrx_word' id='word_1_41' title='bbox 1046 555 1365 612; x_wconf 86' lang='lat' dir='ltr'>duodecim</span> <span class='ocrx_word' id='word_1_42' title='bbox 1399 570 1589 609; x_wconf 88' lang='lat' dir='ltr'>annos</span> <span class='ocrx_word' id='word_1_43' title='bbox 1630 554 1889 623; x_wconf 87' lang='lat' dir='ltr'>integros</span> <span class='ocrx_word' id='word_1_44' title='bbox 1926 552 2151 605; x_wconf 87' lang='lat' dir='ltr'>ﬂuxera</span> 
     </span>
    </p>
   </div>
   <div class='ocr_carea' id='block_1_7' title="bbox 2264 546 3932 632">
    <p class='ocr_par' dir='ltr' id='par_1_7' title="bbox 2308 546 3932 620">
     <span class='ocr_line' id='line_1_7' title="bbox 2308 546 3932 620; baseline 0 -21"><span class='ocrx_word' id='word_1_45' title='bbox 2308 555 2397 600; x_wconf 80' lang='grc' dir='ltr'><em>καὶ</em></span> <span class='ocrx_word' id='word_1_46' title='bbox 2448 547 2695 620; x_wconf 76' lang='grc' dir='ltr'>μεγαλεῖα</span> <span class='ocrx_word' id='word_1_47' title='bbox 2747 546 3059 620; x_wconf 85' lang='grc' dir='ltr'><em>ἐξαριθμεῑν’</em></span> <span class='ocrx_word' id='word_1_48' title='bbox 3122 546 3176 606; x_wconf 86' lang='grc' dir='ltr'><em>ὃς</em></span> <span class='ocrx_word' id='word_1_49' title='bbox 3233 550 3322 597; x_wconf 84' lang='grc' dir='ltr'><em>καὶ</em></span> <span class='ocrx_word' id='word_1_50' title='bbox 3373 552 3461 596; x_wconf 86' lang='grc' dir='ltr'>νῦν</span> <span class='ocrx_word' id='word_1_51' title='bbox 3516 548 3738 619; x_wconf 86' lang='grc' dir='ltr'><em>πάρεστι</em></span> <span class='ocrx_word' id='word_1_52' title='bbox 3812 556 3932 607; x_wconf 88' lang='grc' dir='ltr'><em>τοῖς</em></span> 
     </span>
    </p>
   </div>
   <div class='ocr_carea' id='block_1_8' title="bbox 540 633 2153 722">
    <p class='ocr_par' dir='ltr' id='par_1_8' title="bbox 540 638 2153 722">
     <span class='ocr_line' id='line_1_8' title="bbox 540 638 2153 722; baseline -0.01 -15"><span class='ocrx_word' id='word_1_53' title='bbox 540 656 606 707; x_wconf 83' lang='grc' dir='ltr'><em>Ει</em></span> <span class='ocrx_word' id='word_1_54' title='bbox 635 651 781 722; x_wconf 91' lang='lat' dir='ltr'>quid</span> <span class='ocrx_word' id='word_1_55' title='bbox 813 665 964 719; x_wconf 89' lang='lat' dir='ltr'>opus</span> <span class='ocrx_word' id='word_1_56' title='bbox 996 653 1100 711; x_wconf 89' lang='lat' dir='ltr'>est,</span> <span class='ocrx_word' id='word_1_57' title='bbox 1127 661 1218 699; x_wconf 91' lang='lat' dir='ltr'>res</span> <span class='ocrx_word' id='word_1_58' title='bbox 1264 642 1416 696; x_wconf 88' lang='lat' dir='ltr'>illius</span> <span class='ocrx_word' id='word_1_59' title='bbox 1465 642 1661 696; x_wconf 89' lang='lat' dir='ltr'>dicere</span> <span class='ocrx_word' id='word_1_60' title='bbox 1698 641 1725 694; x_wconf 87' lang='lat'><strong>?</strong></span> <span class='ocrx_word' id='word_1_61' title='bbox 1766 641 2008 711; x_wconf 86' lang='lat' dir='ltr'><strong>perinde</strong></span> <span class='ocrx_word' id='word_1_62' title='bbox 2039 638 2153 693; x_wconf 81' lang='lat' dir='ltr'>enii</span> 
     </span>
    </p>
   </div>
   <div class='ocr_carea' id='block_1_9' title="bbox 2264 633 3929 722">
    <p class='ocr_par' dir='ltr' id='par_1_9' title="bbox 2309 633 3929 708">
     <span class='ocr_line' id='line_1_9' title="bbox 2309 633 3929 708; baseline -0.001 -19"><span class='ocrx_word' id='word_1_63' title='bbox 2309 638 2467 689; x_wconf 68' lang='grc' dir='ltr'><em>αὐτοῦ</em></span> <span class='ocrx_word' id='word_1_64' title='bbox 2514 634 2742 702; x_wconf 83' lang='grc' dir='ltr'><em>δούλοις,</em></span> <span class='ocrx_word' id='word_1_65' title='bbox 2774 639 3061 707; x_wconf 84' lang='grc' dir='ltr'><em>σύμμαχός</em></span> <span class='ocrx_word' id='word_1_66' title='bbox 3104 653 3157 685; x_wconf 86' lang='grc' dir='ltr'>τε</span> <span class='ocrx_word' id='word_1_67' title='bbox 3203 639 3287 685; x_wconf 76' lang='grc' dir='ltr'><em>καὶ</em></span> <span class='ocrx_word' id='word_1_68' title='bbox 3324 633 3523 706; x_wconf 82' lang='grc' dir='ltr'><em>βοηθός</em></span> <span class='ocrx_word' id='word_1_69' title='bbox 3552 637 3782 708; x_wconf 81' lang='grc' dir='ltr'><em>ἄμαχος,</em></span> <span class='ocrx_word' id='word_1_70' title='bbox 3819 657 3929 688; x_wconf 86' lang='grc' dir='ltr'><em>πα-</em></span> 
     </span>
    </p>
   </div>
   <div class='ocr_carea' id='block_1_10' title="bbox 539 721 2153 804">
    <p class='ocr_par' dir='ltr' id='par_1_10' title="bbox 539 721 2153 804">
     <span class='ocr_line' id='line_1_10' title="bbox 539 721 2153 804; baseline -0.009 -8"><span class='ocrx_word' id='word_1_71' title='bbox 539 721 672 804; x_wconf 46' lang='grc' dir='ltr'>θεῑξ</span> <span class='ocrx_word' id='word_1_72' title='bbox 709 755 778 793; x_wconf 89' lang='lat' dir='ltr'>ac</span> <span class='ocrx_word' id='word_1_73' title='bbox 813 751 1075 798; x_wconf 87' lang='lat' dir='ltr'>arenam,</span> <span class='ocrx_word' id='word_1_74' title='bbox 1130 731 1346 797; x_wconf 82' lang='lat' dir='ltr'>stellas,</span> <span class='ocrx_word' id='word_1_75' title='bbox 1381 736 1436 786; x_wconf 90' lang='lat' dir='ltr'>et</span> <span class='ocrx_word' id='word_1_76' title='bbox 1466 747 1639 801; x_wconf 60' lang='lat' dir='ltr'>aqua;</span> <span class='ocrx_word' id='word_1_77' title='bbox 1682 735 1879 799; x_wconf 84' lang='lat' dir='ltr'>guttas</span> <span class='ocrx_word' id='word_1_78' title='bbox 1918 726 2153 783; x_wconf 90' lang='lat' dir='ltr'>dimetir</span> 
     </span>
    </p>
   </div>
   <div class='ocr_carea' id='block_1_11' title="bbox 2264 721 3922 804">
    <p class='ocr_par' dir='ltr' id='par_1_11' title="bbox 2308 721 3922 799">
     <span class='ocr_line' id='line_1_11' title="bbox 2308 721 3922 799; baseline 0.001 -22"><span class='ocrx_word' id='word_1_79' title='bbox 2308 726 2542 799; x_wconf 89' lang='grc' dir='ltr'><em>ρακαλῶν</em></span> <span class='ocrx_word' id='word_1_80' title='bbox 2596 726 2644 777; x_wconf 87' lang='grc' dir='ltr'>ἐν</span> <span class='ocrx_word' id='word_1_81' title='bbox 2696 726 2902 790; x_wconf 80' lang='grc' dir='ltr'>λύπαις,</span> <span class='ocrx_word' id='word_1_82' title='bbox 2964 724 3227 776; x_wconf 76' lang='grc' dir='ltr'>πλατύνων</span> <span class='ocrx_word' id='word_1_83' title='bbox 3280 721 3328 774; x_wconf 81' lang='grc' dir='ltr'><em>ἐν</em></span> <span class='ocrx_word' id='word_1_84' title='bbox 3403 724 3590 795; x_wconf 77' lang='grc' dir='ltr'><em>θλίψει,</em></span> <span class='ocrx_word' id='word_1_85' title='bbox 3650 724 3696 776; x_wconf 86' lang='grc' dir='ltr'><em>ἐν</em></span> <span class='ocrx_word' id='word_1_86' title='bbox 3767 744 3922 799; x_wconf 89' lang='grc' dir='ltr'><em>περι-</em></span> 
     </span>
    </p>
   </div>
   <div class='ocr_carea' id='block_1_12' title="bbox 538 812 2153 898">
    <p class='ocr_par' dir='ltr' id='par_1_12' title="bbox 538 817 2153 898">
     <span class='ocr_line' id='line_1_12' title="bbox 538 817 2153 898; baseline -0.009 -14"><span class='ocrx_word' id='word_1_87' title='bbox 538 829 667 898; x_wconf 92' lang='lat' dir='ltr'>ejus</span> <span class='ocrx_word' id='word_1_88' title='bbox 706 825 997 881; x_wconf 88' lang='lat' dir='ltr'>miracula</span> <span class='ocrx_word' id='word_1_89' title='bbox 1048 836 1397 876; x_wconf 83' lang='lat' dir='ltr'>enumerare</span> <span class='ocrx_word' id='word_1_90' title='bbox 1452 825 1507 873; x_wconf 91' lang='lat' dir='ltr'>et</span> <span class='ocrx_word' id='word_1_91' title='bbox 1562 817 1887 889; x_wconf 88' lang='lat' dir='ltr'>magnalia.</span> <span class='ocrx_word' id='word_1_92' title='bbox 1948 819 2013 870; x_wconf 90' lang='lat' dir='ltr'>Et</span> <span class='ocrx_word' id='word_1_93' title='bbox 2039 830 2153 870; x_wconf 85' lang='lat' dir='ltr'>nun</span> 
     </span>
    </p>
   </div>
   <div class='ocr_carea' id='block_1_13' title="bbox 2264 812 3919 898">
    <p class='ocr_par' dir='ltr' id='par_1_13' title="bbox 2312 812 3919 886">
     <span class='ocr_line' id='line_1_13' title="bbox 2312 812 3919 886; baseline -0.001 -18"><span class='ocrx_word' id='word_1_94' title='bbox 2312 819 2492 868; x_wconf 81' lang='grc' dir='ltr'>στάσει</span> <span class='ocrx_word' id='word_1_95' title='bbox 2538 820 2627 867; x_wconf 85' lang='grc' dir='ltr'><em>καὶ</em></span> <span class='ocrx_word' id='word_1_96' title='bbox 2687 824 2784 867; x_wconf 86' lang='grc' dir='ltr'>τῶν</span> <span class='ocrx_word' id='word_1_97' title='bbox 2836 813 3128 871; x_wconf 71' lang='grc' dir='ltr'><em>ἀϐουλήτων</em></span> <span class='ocrx_word' id='word_1_98' title='bbox 3183 812 3461 885; x_wconf 76' lang='grc' dir='ltr'><em>ἀπαγωγῇ,</em></span> <span class='ocrx_word' id='word_1_99' title='bbox 3516 819 3585 886; x_wconf 80' lang='grc' dir='ltr'><em>μὴ</em></span> <span class='ocrx_word' id='word_1_100' title='bbox 3647 813 3919 885; x_wconf 82' lang='grc' dir='ltr'><em>ἀναμένων</em></span> 
     </span>
    </p>
   </div>
   <div class='ocr_carea' id='block_1_14' title="bbox 538 900 2153 989">
    <p class='ocr_par' dir='ltr' id='par_1_14' title="bbox 538 904 2153 989">
     <span class='ocr_line' id='line_1_14' title="bbox 538 904 2153 989; baseline -0.009 -17"><span class='ocrx_word' id='word_1_101' title='bbox 538 932 768 989; x_wconf 88' lang='lat' dir='ltr'>quoque</span> <span class='ocrx_word' id='word_1_102' title='bbox 783 914 947 970; x_wconf 85' lang='lat' dir='ltr'>adest</span> <span class='ocrx_word' id='word_1_103' title='bbox 962 912 1081 966; x_wconf 90' lang='lat' dir='ltr'>suis</span> <span class='ocrx_word' id='word_1_104' title='bbox 1096 910 1192 979; x_wconf 91' lang='lat' dir='ltr'>adj</span> <span class='ocrx_word' id='word_1_105' title='bbox 1204 914 1334 963; x_wconf 89' lang='lat' dir='ltr'>utor</span> <span class='ocrx_word' id='word_1_106' title='bbox 1360 906 1854 978; x_wconf 80' lang='lat' dir='ltr'>inexpugnabilis,</span> <span class='ocrx_word' id='word_1_107' title='bbox 1880 904 2153 960; x_wconf 80' lang='lat' dir='ltr'>consolar</span> 
     </span>
    </p>
   </div>
   <div class='ocr_carea' id='block_1_15' title="bbox 2264 900 3917 989">
    <p class='ocr_par' dir='ltr' id='par_1_15' title="bbox 2306 900 3917 975">
     <span class='ocr_line' id='line_1_15' title="bbox 2306 900 3917 975; baseline 0 -19"><span class='ocrx_word' id='word_1_108' title='bbox 2306 910 2397 962; x_wconf 82' lang='grc' dir='ltr'>τὴν</span> <span class='ocrx_word' id='word_1_109' title='bbox 2440 902 2643 970; x_wconf 87' lang='grc' dir='ltr'><em>δέησιν,</em></span> <span class='ocrx_word' id='word_1_110' title='bbox 2692 904 2799 956; x_wconf 85' lang='grc' dir='ltr'><em>ἀλλ’</em></span> <span class='ocrx_word' id='word_1_111' title='bbox 2849 903 3010 960; x_wconf 75' lang='grc' dir='ltr'><em>αὐτὴν</em></span> <span class='ocrx_word' id='word_1_112' title='bbox 3054 903 3360 975; x_wconf 86' lang='grc' dir='ltr'><em>προφθάνων</em></span> <span class='ocrx_word' id='word_1_113' title='bbox 3407 907 3501 960; x_wconf 85' lang='grc' dir='ltr'>τὴν</span> <span class='ocrx_word' id='word_1_114' title='bbox 3548 910 3638 964; x_wconf 82' lang='grc' dir='ltr'>τῆς</span> <span class='ocrx_word' id='word_1_115' title='bbox 3683 900 3917 975; x_wconf 78' lang='grc' dir='ltr'>καρδίας</span> 
     </span>
    </p>
   </div>
   <div class='ocr_carea' id='block_1_16' title="bbox 534 990 2153 1068">
    <p class='ocr_par' dir='ltr' id='par_1_16' title="bbox 534 993 2153 1068">
     <span class='ocr_line' id='line_1_16' title="bbox 534 993 2153 1068; baseline -0.009 -8"><span class='ocrx_word' id='word_1_116' title='bbox 534 1006 595 1060; x_wconf 90' lang='lat' dir='ltr'>in</span> <span class='ocrx_word' id='word_1_117' title='bbox 613 1004 912 1068; x_wconf 89' lang='lat' dir='ltr'>molestiis,</span> <span class='ocrx_word' id='word_1_118' title='bbox 939 1000 1195 1054; x_wconf 85' lang='lat' dir='ltr'>dilatans</span> <span class='ocrx_word' id='word_1_119' title='bbox 1214 997 1275 1051; x_wconf 91' lang='lat' dir='ltr'>in</span> <span class='ocrx_word' id='word_1_120' title='bbox 1294 995 1611 1051; x_wconf 76' lang='lat' dir='ltr'>afﬂictione</span> <span class='ocrx_word' id='word_1_121' title='bbox 1629 1012 1641 1049; x_wconf 90' lang='lat'><strong>:</strong></span> <span class='ocrx_word' id='word_1_122' title='bbox 1657 995 1716 1049; x_wconf 90' lang='lat' dir='ltr'>in</span> <span class='ocrx_word' id='word_1_123' title='bbox 1729 993 2153 1065; x_wconf 85' lang='lat' dir='ltr'>rebus,inquan</span> 
     </span>
    </p>
   </div>
   <div class='ocr_carea' id='block_1_17' title="bbox 2264 990 3917 1068">
    <p class='ocr_par' dir='ltr' id='par_1_17' title="bbox 2308 990 3917 1065">
     <span class='ocr_line' id='line_1_17' title="bbox 2308 990 3917 1065; baseline -0.002 -21"><span class='ocrx_word' id='word_1_124' title='bbox 2308 993 2631 1065; x_wconf 85' lang='grc' dir='ltr'><em>ἐτοιμασίαν,</em></span> <span class='ocrx_word' id='word_1_125' title='bbox 2685 993 2742 1044; x_wconf 80' lang='grc' dir='ltr'>ού</span> <span class='ocrx_word' id='word_1_126' title='bbox 2800 996 2901 1063; x_wconf 80' lang='grc' dir='ltr'>μὴν</span> <span class='ocrx_word' id='word_1_127' title='bbox 2955 990 3084 1042; x_wconf 88' lang='grc' dir='ltr'>ἀλλά</span> <span class='ocrx_word' id='word_1_128' title='bbox 3137 995 3226 1042; x_wconf 82' lang='grc' dir='ltr'><em>καὶ</em></span> <span class='ocrx_word' id='word_1_129' title='bbox 3277 999 3382 1052; x_wconf 89' lang='grc' dir='ltr'><em>τοὶς</em></span> <span class='ocrx_word' id='word_1_130' title='bbox 3441 994 3595 1043; x_wconf 86' lang='grc' dir='ltr'><em>αῦτόν</em></span> <span class='ocrx_word' id='word_1_131' title='bbox 3650 992 3917 1065; x_wconf 82' lang='grc' dir='ltr'><em>φοϐουμέ-</em></span> 
     </span>
    </p>
   </div>
   <div class='ocr_carea' id='block_1_18' title="bbox 536 1075 2153 1158">
    <p class='ocr_par' dir='ltr' id='par_1_18' title="bbox 536 1082 2153 1158">
     <span class='ocr_line' id='line_1_18' title="bbox 536 1082 2153 1158; baseline -0.008 -10"><span class='ocrx_word' id='word_1_132' title='bbox 536 1091 818 1155; x_wconf 88' lang='lat' dir='ltr'>adversis,</span> <span class='ocrx_word' id='word_1_133' title='bbox 846 1094 904 1145; x_wconf 89' lang='lat' dir='ltr'>et</span> <span class='ocrx_word' id='word_1_134' title='bbox 927 1089 997 1143; x_wconf 87' lang='lat' dir='ltr'>iis</span> <span class='ocrx_word' id='word_1_135' title='bbox 1043 1102 1177 1158; x_wconf 65' lang='lat' dir='ltr'>quin</span> <span class='ocrx_word' id='word_1_136' title='bbox 1235 1089 1447 1156; x_wconf 66' lang='lat' dir='ltr'>printer</span> <span class='ocrx_word' id='word_1_137' title='bbox 1503 1090 1770 1139; x_wconf 88' lang='lat' dir='ltr'>nostram</span> <span class='ocrx_word' id='word_1_138' title='bbox 1826 1082 2153 1137; x_wconf 70' lang='lat' dir='ltr'>voluntate:</span> 
     </span>
    </p>
   </div>
   <div class='ocr_carea' id='block_1_19' title="bbox 2264 1075 3911 1158">
    <p class='ocr_par' dir='ltr' id='par_1_19' title="bbox 2306 1075 3911 1157">
     <span class='ocr_line' id='line_1_19' title="bbox 2306 1075 3911 1157; baseline 0.001 -26"><span class='ocrx_word' id='word_1_139' title='bbox 2306 1101 2407 1141; x_wconf 90' lang='grc' dir='ltr'><em>νοις</em></span> <span class='ocrx_word' id='word_1_140' title='bbox 2456 1085 2669 1153; x_wconf 89' lang='grc' dir='ltr'><em>μείζονα</em></span> <span class='ocrx_word' id='word_1_141' title='bbox 2705 1081 2733 1137; x_wconf 75' lang='grc' dir='ltr'><em>ἡ</em></span> <span class='ocrx_word' id='word_1_142' title='bbox 2767 1079 2954 1139; x_wconf 86' lang='grc' dir='ltr'><em>ἐκεῖνος</em></span> <span class='ocrx_word' id='word_1_143' title='bbox 3000 1075 3212 1154; x_wconf 88' lang='grc' dir='ltr'><em>ἔδρασε,</em></span> <span class='ocrx_word' id='word_1_144' title='bbox 3265 1083 3511 1153; x_wconf 84' lang='grc' dir='ltr'><em>παρέχων</em></span> <span class='ocrx_word' id='word_1_145' title='bbox 3568 1082 3911 1157; x_wconf 83' lang='grc' dir='ltr'><em>θαυματουρ-</em></span> 
     </span>
    </p>
   </div>
   <div class='ocr_carea' id='block_1_20' title="bbox 534 1166 2153 1250">
    <p class='ocr_par' dir='ltr' id='par_1_20' title="bbox 534 1169 2153 1250">
     <span class='ocr_line' id='line_1_20' title="bbox 534 1169 2153 1250; baseline -0.009 -13"><span class='ocrx_word' id='word_1_146' title='bbox 534 1181 824 1245; x_wconf 86' lang='lat' dir='ltr'>accidunt,</span> <span class='ocrx_word' id='word_1_147' title='bbox 844 1193 1044 1250; x_wconf 86' lang='lat' dir='ltr'>preces</span> <span class='ocrx_word' id='word_1_148' title='bbox 1067 1174 1309 1229; x_wconf 90' lang='lat' dir='ltr'>minime</span> <span class='ocrx_word' id='word_1_149' title='bbox 1324 1177 1689 1241; x_wconf 84' lang='lat' dir='ltr'>exspectans,</span> <span class='ocrx_word' id='word_1_150' title='bbox 1708 1171 1807 1225; x_wconf 90' lang='lat' dir='ltr'>sed</span> <span class='ocrx_word' id='word_1_151' title='bbox 1829 1169 2153 1241; x_wconf 65' lang='lat' dir='ltr'>praevenien</span> 
     </span>
    </p>
   </div>
   <div class='ocr_carea' id='block_1_21' title="bbox 2264 1166 3456 1250">
    <p class='ocr_par' dir='ltr' id='par_1_21' title="bbox 2307 1166 3456 1243">
     <span class='ocr_line' id='line_1_21' title="bbox 2307 1166 3456 1243; baseline -0.001 -22"><span class='ocrx_word' id='word_1_152' title='bbox 2307 1179 2436 1240; x_wconf 82' lang='grc' dir='ltr'><em>γείν,</em></span> <span class='ocrx_word' id='word_1_153' title='bbox 2466 1169 2573 1222; x_wconf 82' lang='grc' dir='ltr'><em>εἶτα</em></span> <span class='ocrx_word' id='word_1_154' title='bbox 2593 1176 2681 1221; x_wconf 85' lang='grc' dir='ltr'><em>καὶ</em></span> <span class='ocrx_word' id='word_1_155' title='bbox 2713 1170 2850 1230; x_wconf 78' lang='grc' dir='ltr'><em>ζωήν</em></span> <span class='ocrx_word' id='word_1_156' title='bbox 2878 1166 3202 1243; x_wconf 79' lang='grc' dir='ltr'>δωρούμενος</span> <span class='ocrx_word' id='word_1_157' title='bbox 3227 1168 3456 1225; x_wconf 85' lang='grc' dir='ltr'><em>αἰωνίαν.</em></span> 
     </span>
    </p>
   </div>
   <div class='ocr_carea' id='block_1_22' title="bbox 532 1256 3912 1341">
    <p class='ocr_par' dir='ltr' id='par_1_22' title="bbox 532 1256 3912 1341">
     <span class='ocr_line' id='line_1_22' title="bbox 532 1256 3912 1341; baseline -0.004 -15"><span class='ocrx_word' id='word_1_158' title='bbox 532 1270 734 1341; x_wconf 91' lang='lat' dir='ltr'>ipsum</span> <span class='ocrx_word' id='word_1_159' title='bbox 765 1281 1006 1339; x_wconf 91' lang='lat' dir='ltr'>quoque</span> <span class='ocrx_word' id='word_1_160' title='bbox 1053 1269 1282 1319; x_wconf 91' lang='lat' dir='ltr'>motum</span> <span class='ocrx_word' id='word_1_161' title='bbox 1331 1261 1543 1315; x_wconf 89' lang='lat' dir='ltr'>cordis.</span> <span class='ocrx_word' id='word_1_162' title='bbox 1580 1260 1688 1324; x_wconf 87' lang='lat' dir='ltr'>Qui</span> <span class='ocrx_word' id='word_1_163' title='bbox 1721 1258 1898 1313; x_wconf 90' lang='lat' dir='ltr'>etiam</span> <span class='ocrx_word' id='word_1_164' title='bbox 1940 1257 2014 1311; x_wconf 85' lang='lat' dir='ltr'>iis</span> <span class='ocrx_word' id='word_1_165' title='bbox 2062 1256 2164 1328; x_wconf 88' lang='lat' dir='ltr'>qui</span> <span class='ocrx_word' id='word_1_166' title='bbox 2196 1257 2395 1327; x_wconf 91' lang='lat' dir='ltr'>ipsum</span> <span class='ocrx_word' id='word_1_167' title='bbox 2439 1258 2714 1329; x_wconf 88' lang='lat' dir='ltr'>diligunt,</span> <span class='ocrx_word' id='word_1_168' title='bbox 2750 1259 2979 1328; x_wconf 84' lang='lat' dir='ltr'>majora</span> <span class='ocrx_word' id='word_1_169' title='bbox 3026 1273 3211 1329; x_wconf 89' lang='lat' dir='ltr'>quam</span> <span class='ocrx_word' id='word_1_170' title='bbox 3261 1258 3388 1329; x_wconf 90' lang='lat' dir='ltr'>ipse</span> <span class='ocrx_word' id='word_1_171' title='bbox 3435 1257 3589 1327; x_wconf 89' lang='lat' dir='ltr'>fecit,</span> <span class='ocrx_word' id='word_1_172' title='bbox 3626 1259 3912 1330; x_wconf 66' lang='lat' dir='ltr'>praebens</span> 
     </span>
    </p>
   </div>
   <div class='ocr_carea' id='block_1_23' title="bbox 535 1344 2700 1419">
    <p class='ocr_par' dir='ltr' id='par_1_23' title="bbox 535 1344 2700 1419">
     <span class='ocr_line' id='line_1_23' title="bbox 535 1344 2700 1419; baseline -0.006 -5"><span class='ocrx_word' id='word_1_173' title='bbox 535 1357 808 1414; x_wconf 87' lang='lat' dir='ltr'>facienda</span> <span class='ocrx_word' id='word_1_174' title='bbox 837 1354 1143 1415; x_wconf 90' lang='lat' dir='ltr'>miracula,</span> <span class='ocrx_word' id='word_1_175' title='bbox 1173 1352 1356 1406; x_wconf 91' lang='lat' dir='ltr'>donat</span> <span class='ocrx_word' id='word_1_176' title='bbox 1385 1349 1600 1404; x_wconf 89' lang='lat' dir='ltr'>deinde</span> <span class='ocrx_word' id='word_1_177' title='bbox 1628 1348 1833 1419; x_wconf 84' lang='lat' dir='ltr'>vitam,</span> <span class='ocrx_word' id='word_1_178' title='bbox 1865 1362 1999 1417; x_wconf 69' lang='lat' dir='ltr'>qua:</span> <span class='ocrx_word' id='word_1_179' title='bbox 2027 1344 2261 1401; x_wconf 90' lang='lat' dir='ltr'>nullum</span> <span class='ocrx_word' id='word_1_180' title='bbox 2291 1346 2471 1403; x_wconf 88' lang='lat' dir='ltr'>habet</span> <span class='ocrx_word' id='word_1_181' title='bbox 2497 1347 2700 1402; x_wconf 89' lang='lat' dir='ltr'>ﬁnem.</span> 
     </span>
    </p>
   </div>
   <div class='ocr_carea' id='block_1_24' title="bbox 606 1434 2153 1511">
    <p class='ocr_par' dir='ltr' id='par_1_24' title="bbox 606 1434 2147 1507">
     <span class='ocr_line' id='line_1_24' title="bbox 606 1434 2147 1507; baseline -0.007 -9"><span class='ocrx_word' id='word_1_182' title='bbox 606 1447 693 1499; x_wconf 90' lang='lat' dir='ltr'>IV.</span> <span class='ocrx_word' id='word_1_183' title='bbox 736 1446 868 1499; x_wconf 75' lang='lat' dir='ltr'>Haec</span> <span class='ocrx_word' id='word_1_184' title='bbox 898 1442 1081 1497; x_wconf 83' lang='lat' dir='ltr'>verba</span> <span class='ocrx_word' id='word_1_185' title='bbox 1123 1456 1258 1495; x_wconf 89' lang='lat' dir='ltr'>cum</span> <span class='ocrx_word' id='word_1_186' title='bbox 1314 1437 1648 1502; x_wconf 88' lang='lat' dir='ltr'>Pantoleon,</span> <span class='ocrx_word' id='word_1_187' title='bbox 1702 1442 1993 1507; x_wconf 89' lang='lat' dir='ltr'>tanquam</span> <span class='ocrx_word' id='word_1_188' title='bbox 2032 1434 2147 1488; x_wconf 90' lang='lat' dir='ltr'>bon</span> 
     </span>
    </p>
   </div>
   <div class='ocr_carea' id='block_1_25' title="bbox 2264 1434 3909 1511">
    <p class='ocr_par' dir='ltr' id='par_1_25' title="bbox 2374 1434 3909 1511">
     <span class='ocr_line' id='line_1_25' title="bbox 2374 1434 3909 1511; baseline 0.001 -24"><span class='ocrx_word' id='word_1_189' title='bbox 2374 1436 2443 1490; x_wconf 89' lang='grc' dir='ltr'>Δ’.</span> <span class='ocrx_word' id='word_1_190' title='bbox 2485 1443 2662 1489; x_wconf 81' lang='grc' dir='ltr'><em>Ταῦτα</em></span> <span class='ocrx_word' id='word_1_191' title='bbox 2711 1439 2735 1487; x_wconf 91' lang='grc' dir='ltr'>ό</span> <span class='ocrx_word' id='word_1_192' title='bbox 2783 1436 3095 1502; x_wconf 83' lang='grc' dir='ltr'><em>Παντολέων,</em></span> <span class='ocrx_word' id='word_1_193' title='bbox 3128 1438 3302 1508; x_wconf 81' lang='grc' dir='ltr'><em>ὥσπερ</em></span> <span class='ocrx_word' id='word_1_194' title='bbox 3352 1444 3418 1506; x_wconf 82' lang='grc' dir='ltr'><em>γῆ</em></span> <span class='ocrx_word' id='word_1_195' title='bbox 3470 1434 3663 1506; x_wconf 83' lang='grc' dir='ltr'><em>ἀγαθὴ,</em></span> <span class='ocrx_word' id='word_1_196' title='bbox 3696 1440 3764 1488; x_wconf 81' lang='grc' dir='ltr'><em>τὰ</em></span> <span class='ocrx_word' id='word_1_197' title='bbox 3808 1444 3909 1511; x_wconf 78' lang='grc' dir='ltr'><em>ρή-</em></span> 
     </span>
    </p>
   </div>
   <div class='ocr_carea' id='block_1_26' title="bbox 535 1522 2153 1602">
    <p class='ocr_par' dir='ltr' id='par_1_26' title="bbox 535 1522 2153 1602">
     <span class='ocr_line' id='line_1_26' title="bbox 535 1522 2153 1602; baseline -0.008 -12"><span class='ocrx_word' id='word_1_198' title='bbox 535 1538 709 1602; x_wconf 90' lang='lat' dir='ltr'>terra,</span> <span class='ocrx_word' id='word_1_199' title='bbox 739 1533 913 1588; x_wconf 92' lang='lat' dir='ltr'>corde</span> <span class='ocrx_word' id='word_1_200' title='bbox 948 1530 1275 1600; x_wconf 69' lang='lat' dir='ltr'>accepisset</span> <span class='ocrx_word' id='word_1_201' title='bbox 1304 1534 1357 1581; x_wconf 91' lang='lat' dir='ltr'>et</span> <span class='ocrx_word' id='word_1_202' title='bbox 1402 1525 1831 1589; x_wconf 90' lang='lat' dir='ltr'>abscondisset,</span> <span class='ocrx_word' id='word_1_203' title='bbox 1890 1522 2153 1578; x_wconf 65' lang='lat' dir='ltr'>credebat</span> 
     </span>
    </p>
   </div>
   <div class='ocr_carea' id='block_1_27' title="bbox 2264 1522 3906 1602">
    <p class='ocr_par' dir='ltr' id='par_1_27' title="bbox 2300 1522 3906 1599">
     <span class='ocr_line' id='line_1_27' title="bbox 2300 1522 3906 1599; baseline 0.002 -23"><span class='ocrx_word' id='word_1_204' title='bbox 2300 1545 2442 1596; x_wconf 84' lang='grc' dir='ltr'><em>ματα</em></span> <span class='ocrx_word' id='word_1_205' title='bbox 2490 1525 2555 1585; x_wconf 87' lang='grc' dir='ltr'><em>εἰς</em></span> <span class='ocrx_word' id='word_1_206' title='bbox 2610 1523 2835 1597; x_wconf 77' lang='grc' dir='ltr'><em>καρδίαν</em></span> <span class='ocrx_word' id='word_1_207' title='bbox 2886 1522 3195 1599; x_wconf 86' lang='grc' dir='ltr'><em>παραλαϐὼν</em></span> <span class='ocrx_word' id='word_1_208' title='bbox 3249 1530 3338 1575; x_wconf 87' lang='grc' dir='ltr'><em>καὶ</em></span> <span class='ocrx_word' id='word_1_209' title='bbox 3389 1524 3607 1598; x_wconf 71' lang='grc' dir='ltr'><em>κρύψας,</em></span> <span class='ocrx_word' id='word_1_210' title='bbox 3660 1525 3906 1579; x_wconf 85' lang='grc' dir='ltr'><em>ἐπίστευέ</em></span> 
     </span>
    </p>
   </div>
   <div class='ocr_carea' id='block_1_28' title="bbox 535 1610 2153 1691">
    <p class='ocr_par' dir='ltr' id='par_1_28' title="bbox 535 1610 2153 1691">
     <span class='ocr_line' id='line_1_28' title="bbox 535 1610 2153 1691; baseline -0.009 -12"><span class='ocrx_word' id='word_1_211' title='bbox 535 1626 765 1687; x_wconf 63' lang='grc' dir='ltr'>θῐξνθτδ.</span> <span class='ocrx_word' id='word_1_212' title='bbox 796 1637 925 1675; x_wconf 90' lang='lat' dir='ltr'>esse</span> <span class='ocrx_word' id='word_1_213' title='bbox 950 1618 1282 1691; x_wconf 85' lang='lat' dir='ltr'>judicabat,</span> <span class='ocrx_word' id='word_1_214' title='bbox 1309 1622 1363 1670; x_wconf 89' lang='lat' dir='ltr'>et</span> <span class='ocrx_word' id='word_1_215' title='bbox 1388 1617 1465 1670; x_wconf 90' lang='lat' dir='ltr'>ab</span> <span class='ocrx_word' id='word_1_216' title='bbox 1488 1616 1573 1669; x_wconf 90' lang='lat' dir='ltr'>eis</span> <span class='ocrx_word' id='word_1_217' title='bbox 1607 1615 1852 1668; x_wconf 88' lang='lat' dir='ltr'>omnino</span> <span class='ocrx_word' id='word_1_218' title='bbox 1869 1610 2153 1684; x_wconf 64' lang='lat' dir='ltr'>pendeba‘</span> 
     </span>
    </p>
   </div>
   <div class='ocr_carea' id='block_1_29' title="bbox 2264 1610 3903 1691">
    <p class='ocr_par' dir='ltr' id='par_1_29' title="bbox 2302 1613 3903 1688">
     <span class='ocr_line' id='line_1_29' title="bbox 2302 1613 3903 1688; baseline 0.002 -24"><span class='ocrx_word' id='word_1_219' title='bbox 2302 1633 2353 1665; x_wconf 91' lang='grc' dir='ltr'>τε</span> <span class='ocrx_word' id='word_1_220' title='bbox 2397 1620 2485 1665; x_wconf 84' lang='grc' dir='ltr'><em>καὶ</em></span> <span class='ocrx_word' id='word_1_221' title='bbox 2544 1614 2707 1673; x_wconf 81' lang='grc' dir='ltr'><em>ἀληθῆ</em></span> <span class='ocrx_word' id='word_1_222' title='bbox 2769 1618 2958 1686; x_wconf 82' lang='grc' dir='ltr'><em>ἔκρινεν</em></span> <span class='ocrx_word' id='word_1_223' title='bbox 3022 1614 3150 1666; x_wconf 81' lang='grc' dir='ltr'><em>εἶναι</em></span> <span class='ocrx_word' id='word_1_224' title='bbox 3206 1618 3294 1665; x_wconf 81' lang='grc' dir='ltr'><em>καὶ</em></span> <span class='ocrx_word' id='word_1_225' title='bbox 3348 1613 3475 1674; x_wconf 86' lang='grc' dir='ltr'><em>ὅλως</em></span> <span class='ocrx_word' id='word_1_226' title='bbox 3533 1614 3698 1665; x_wconf 71' lang='grc' dir='ltr'><em>αὐτῶν</em></span> <span class='ocrx_word' id='word_1_227' title='bbox 3749 1615 3903 1688; x_wconf 82' lang='grc' dir='ltr'><em>ἐξήρο</em></span> 
     </span>
    </p>
   </div>
   <div class='ocr_carea' id='block_1_30' title="bbox 534 1697 2153 1774">
    <p class='ocr_par' dir='ltr' id='par_1_30' title="bbox 534 1697 2153 1766">
     <span class='ocr_line' id='line_1_30' title="bbox 534 1697 2153 1766; baseline -0.007 -1"><span class='ocrx_word' id='word_1_228' title='bbox 534 1715 587 1765; x_wconf 90' lang='lat' dir='ltr'>et</span> <span class='ocrx_word' id='word_1_229' title='bbox 610 1710 866 1764; x_wconf 85' lang='lat' dir='ltr'>suaviter</span> <span class='ocrx_word' id='word_1_230' title='bbox 887 1708 946 1761; x_wconf 91' lang='lat' dir='ltr'>in</span> <span class='ocrx_word' id='word_1_231' title='bbox 967 1708 1050 1760; x_wconf 91' lang='lat' dir='ltr'>eis</span> <span class='ocrx_word' id='word_1_232' title='bbox 1076 1704 1495 1766; x_wconf 88' lang='lat' dir='ltr'>meditabatur,</span> <span class='ocrx_word' id='word_1_233' title='bbox 1515 1708 1570 1756; x_wconf 92' lang='lat' dir='ltr'>et</span> <span class='ocrx_word' id='word_1_234' title='bbox 1590 1702 1825 1757; x_wconf 85' lang='lat' dir='ltr'>dicebat</span> <span class='ocrx_word' id='word_1_235' title='bbox 1857 1697 2153 1755; x_wconf 87' lang='lat' dir='ltr'>Hermolac</span> 
     </span>
    </p>
   </div>
   <div class='ocr_carea' id='block_1_31' title="bbox 2264 1697 3903 1774">
    <p class='ocr_par' dir='ltr' id='par_1_31' title="bbox 2264 1700 3903 1774">
     <span class='ocr_line' id='line_1_31' title="bbox 2264 1700 3903 1774; baseline 0.002 -20"><span class='ocrx_word' id='word_1_236' title='bbox 2264 1712 2424 1759; x_wconf 71' lang='grc' dir='ltr'><em>ὲτητο</em></span> <span class='ocrx_word' id='word_1_237' title='bbox 2471 1708 2559 1754; x_wconf 85' lang='grc' dir='ltr'><em>καὶ</em></span> <span class='ocrx_word' id='word_1_238' title='bbox 2616 1704 2827 1774; x_wconf 81' lang='grc' dir='ltr'><em>μελέτην</em></span> <span class='ocrx_word' id='word_1_239' title='bbox 2876 1700 2988 1774; x_wconf 84' lang='grc' dir='ltr'><em>εἶχε</em></span> <span class='ocrx_word' id='word_1_240' title='bbox 3031 1710 3197 1755; x_wconf 89' lang='grc' dir='ltr'><em>ταῦτα</em></span> <span class='ocrx_word' id='word_1_241' title='bbox 3241 1710 3484 1773; x_wconf 75' lang='grc' dir='ltr'><em>γλυκεῖαν</em></span> <span class='ocrx_word' id='word_1_242' title='bbox 3532 1703 3667 1774; x_wconf 83' lang='grc' dir='ltr'><em>ἔλεγέ</em></span> <span class='ocrx_word' id='word_1_243' title='bbox 3714 1723 3768 1757; x_wconf 92' lang='grc' dir='ltr'>τε</span> <span class='ocrx_word' id='word_1_244' title='bbox 3806 1711 3903 1757; x_wconf 80' lang='grc' dir='ltr'><em>καὶ</em></span> 
     </span>
    </p>
   </div>
   <div class='ocr_carea' id='block_1_32' title="bbox 534 1788 2153 1868">
    <p class='ocr_par' dir='ltr' id='par_1_32' title="bbox 534 1790 2153 1868">
     <span class='ocr_line' id='line_1_32' title="bbox 534 1790 2153 1868; baseline -0.008 -15"><span class='ocrx_word' id='word_1_245' title='bbox 534 1814 595 1853; x_wconf 91' lang='lat' dir='ltr'>se</span> <span class='ocrx_word' id='word_1_246' title='bbox 622 1814 692 1853; x_wconf 89' lang='lat' dir='ltr'>ea</span> <span class='ocrx_word' id='word_1_247' title='bbox 719 1813 879 1868; x_wconf 64' lang='lat' dir='ltr'>saepe</span> <span class='ocrx_word' id='word_1_248' title='bbox 911 1794 1207 1851; x_wconf 89' lang='lat' dir='ltr'>audivisse</span> <span class='ocrx_word' id='word_1_249' title='bbox 1228 1809 1263 1847; x_wconf 93' lang='lat' dir='ltr'>a</span> <span class='ocrx_word' id='word_1_250' title='bbox 1294 1797 1500 1855; x_wconf 88' lang='lat' dir='ltr'>matre,</span> <span class='ocrx_word' id='word_1_251' title='bbox 1535 1796 1591 1845; x_wconf 90' lang='lat' dir='ltr'>et</span> <span class='ocrx_word' id='word_1_252' title='bbox 1610 1790 1835 1844; x_wconf 86' lang='lat' dir='ltr'>vidisse</span> <span class='ocrx_word' id='word_1_253' title='bbox 1856 1804 1991 1843; x_wconf 91' lang='lat' dir='ltr'>eam</span> <span class='ocrx_word' id='word_1_254' title='bbox 2012 1802 2153 1842; x_wconf 90' lang='lat' dir='ltr'>oran</span> 
     </span>
    </p>
   </div>
   <div class='ocr_carea' id='block_1_33' title="bbox 2264 1788 3903 1868">
    <p class='ocr_par' dir='ltr' id='par_1_33' title="bbox 2298 1788 3903 1866">
     <span class='ocr_line' id='line_1_33' title="bbox 2298 1788 3903 1866; baseline 0.002 -25"><span class='ocrx_word' id='word_1_255' title='bbox 2298 1794 2438 1865; x_wconf 88' lang='grc' dir='ltr'>παρά</span> <span class='ocrx_word' id='word_1_256' title='bbox 2493 1801 2589 1853; x_wconf 84' lang='grc' dir='ltr'>τῆς</span> <span class='ocrx_word' id='word_1_257' title='bbox 2643 1794 2841 1866; x_wconf 88' lang='grc' dir='ltr'><em>μητρός</em></span> <span class='ocrx_word' id='word_1_258' title='bbox 2897 1791 3029 1842; x_wconf 77' lang='grc' dir='ltr'><em>αὐτά</em></span> <span class='ocrx_word' id='word_1_259' title='bbox 3086 1790 3327 1850; x_wconf 77' lang='grc' dir='ltr'><em>πολλάκις</em></span> <span class='ocrx_word' id='word_1_260' title='bbox 3385 1788 3606 1842; x_wconf 83' lang='grc' dir='ltr'><em>ἀκοῦσαι</em></span> <span class='ocrx_word' id='word_1_261' title='bbox 3675 1812 3903 1864; x_wconf 86' lang='grc' dir='ltr'><em>προσευ-</em></span> 
     </span>
    </p>
   </div>
   <div class='ocr_carea' id='block_1_34' title="bbox 532 1878 2153 1954">
    <p class='ocr_par' dir='ltr' id='par_1_34' title="bbox 532 1878 2153 1954">
     <span class='ocr_line' id='line_1_34' title="bbox 532 1878 2153 1954; baseline -0.007 -12"><span class='ocrx_word' id='word_1_262' title='bbox 532 1892 670 1951; x_wconf 85' lang='lat' dir='ltr'>tem,</span> <span class='ocrx_word' id='word_1_263' title='bbox 702 1890 758 1940; x_wconf 91' lang='lat' dir='ltr'>et</span> <span class='ocrx_word' id='word_1_264' title='bbox 804 1889 1011 1947; x_wconf 91' lang='lat' dir='ltr'>Deum,</span> <span class='ocrx_word' id='word_1_265' title='bbox 1043 1898 1225 1954; x_wconf 91' lang='lat' dir='ltr'>quem</span> <span class='ocrx_word' id='word_1_266' title='bbox 1265 1882 1391 1951; x_wconf 90' lang='lat' dir='ltr'>ipse</span> <span class='ocrx_word' id='word_1_267' title='bbox 1440 1879 1743 1951; x_wconf 68' lang='lat' dir='ltr'>praedicat,</span> <span class='ocrx_word' id='word_1_268' title='bbox 1786 1878 2153 1931; x_wconf 87' lang='lat' dir='ltr'>invocantem</span> 
     </span>
    </p>
   </div>
   <div class='ocr_carea' id='block_1_35' title="bbox 2264 1878 3901 1954">
    <p class='ocr_par' dir='ltr' id='par_1_35' title="bbox 2296 1878 3901 1954">
     <span class='ocr_line' id='line_1_35' title="bbox 2296 1878 3901 1954; baseline 0.002 -24"><span class='ocrx_word' id='word_1_269' title='bbox 2296 1884 2524 1952; x_wconf 88' lang='grc' dir='ltr'><em>χομένην</em></span> <span class='ocrx_word' id='word_1_270' title='bbox 2570 1900 2621 1932; x_wconf 88' lang='grc' dir='ltr'>τε</span> <span class='ocrx_word' id='word_1_271' title='bbox 2661 1880 2820 1937; x_wconf 82' lang='grc' dir='ltr'><em>αύτήν</em></span> <span class='ocrx_word' id='word_1_272' title='bbox 2866 1881 2989 1950; x_wconf 77' lang='grc' dir='ltr'><em>όρᾴν</em></span> <span class='ocrx_word' id='word_1_273' title='bbox 3020 1884 3108 1931; x_wconf 84' lang='grc' dir='ltr'><em>καὶ</em></span> <span class='ocrx_word' id='word_1_274' title='bbox 3155 1878 3207 1930; x_wconf 88' lang='grc' dir='ltr'><em>ὃν</em></span> <span class='ocrx_word' id='word_1_275' title='bbox 3255 1882 3319 1930; x_wconf 83' lang='grc' dir='ltr'><em>σὺ</em></span> <span class='ocrx_word' id='word_1_276' title='bbox 3368 1882 3634 1954; x_wconf 81' lang='grc' dir='ltr'><em>κηρύττεις</em></span> <span class='ocrx_word' id='word_1_277' title='bbox 3683 1880 3901 1934; x_wconf 80' lang='grc' dir='ltr'><em>ἐπιϐοω-</em></span> 
     </span>
    </p>
   </div>
   <div class='ocr_carea' id='block_1_36' title="bbox 532 1964 2153 2042">
    <p class='ocr_par' dir='ltr' id='par_1_36' title="bbox 532 1964 2153 2042">
     <span class='ocr_line' id='line_1_36' title="bbox 532 1964 2153 2042; baseline -0.004 -17"><span class='ocrx_word' id='word_1_278' title='bbox 532 1975 984 2029; x_wconf 86' lang='lat' dir='ltr'>Volebatautem</span> <span class='ocrx_word' id='word_1_279' title='bbox 999 1974 1125 2027; x_wconf 64' lang='lat' dir='ltr'>haec</span> <span class='ocrx_word' id='word_1_280' title='bbox 1140 1985 1381 2042; x_wconf 91' lang='lat' dir='ltr'>quoque</span> <span class='ocrx_word' id='word_1_281' title='bbox 1402 1984 1509 2023; x_wconf 94' lang='lat' dir='ltr'>suo</span> <span class='ocrx_word' id='word_1_282' title='bbox 1528 1969 1814 2037; x_wconf 89' lang='lat' dir='ltr'>magistro</span> <span class='ocrx_word' id='word_1_283' title='bbox 1830 1964 2153 2035; x_wconf 78' lang='lat' dir='ltr'>signiﬁcare</span> 
     </span>
    </p>
   </div>
   <div class='ocr_carea' id='block_1_37' title="bbox 2264 1964 3902 2042">
    <p class='ocr_par' dir='ltr' id='par_1_37' title="bbox 2294 1964 3902 2041">
     <span class='ocr_line' id='line_1_37' title="bbox 2294 1964 3902 2041; baseline 0.002 -22"><span class='ocrx_word' id='word_1_284' title='bbox 2294 1972 2449 2039; x_wconf 83' lang='grc' dir='ltr'><em>μένην</em></span> <span class='ocrx_word' id='word_1_285' title='bbox 2498 1973 2660 2021; x_wconf 86' lang='grc' dir='ltr'><em>Θεόν·</em></span> <span class='ocrx_word' id='word_1_286' title='bbox 2721 1967 2965 2025; x_wconf 80' lang='grc' dir='ltr'><em>ἠϐούλετο</em></span> <span class='ocrx_word' id='word_1_287' title='bbox 3036 1964 3093 2019; x_wconf 78' lang='grc' dir='ltr'><em>δὲ</em></span> <span class='ocrx_word' id='word_1_288' title='bbox 3165 1976 3237 2037; x_wconf 84' lang='grc' dir='ltr'><em>τῷ</em></span> <span class='ocrx_word' id='word_1_289' title='bbox 3296 1964 3605 2039; x_wconf 75' lang='grc' dir='ltr'><em>διδασκάλῳ</em></span> <span class='ocrx_word' id='word_1_290' title='bbox 3657 1976 3902 2041; x_wconf 82' lang='grc' dir='ltr'><em>γνώριμα</em></span> 
     </span>
    </p>
   </div>
   <div class='ocr_carea' id='block_1_38' title="bbox 532 2052 2153 2131">
    <p class='ocr_par' dir='ltr' id='par_1_38' title="bbox 532 2052 2153 2131">
     <span class='ocr_line' id='line_1_38' title="bbox 532 2052 2153 2131; baseline -0.007 -12"><span class='ocrx_word' id='word_1_291' title='bbox 532 2065 799 2128; x_wconf 89' lang='lat' dir='ltr'>Quotidie</span> <span class='ocrx_word' id='word_1_292' title='bbox 826 2077 966 2131; x_wconf 88' lang='lat' dir='ltr'>ergo</span> <span class='ocrx_word' id='word_1_293' title='bbox 992 2062 1117 2115; x_wconf 89' lang='lat' dir='ltr'>ibat</span> <span class='ocrx_word' id='word_1_294' title='bbox 1138 2059 1457 2113; x_wconf 84' lang='lat' dir='ltr'>Pantoleon</span> <span class='ocrx_word' id='word_1_295' title='bbox 1485 2057 1564 2111; x_wconf 92' lang='lat' dir='ltr'>ad</span> <span class='ocrx_word' id='word_1_296' title='bbox 1602 2072 1826 2119; x_wconf 91' lang='lat' dir='ltr'>senem,</span> <span class='ocrx_word' id='word_1_297' title='bbox 1856 2060 1913 2109; x_wconf 91' lang='lat' dir='ltr'>et</span> <span class='ocrx_word' id='word_1_298' title='bbox 1943 2070 2006 2108; x_wconf 92' lang='lat' dir='ltr'>se</span> <span class='ocrx_word' id='word_1_299' title='bbox 2059 2052 2153 2125; x_wconf 91' lang='lat' dir='ltr'>pul</span> 
     </span>
    </p>
   </div>
   <div class='ocr_carea' id='block_1_39' title="bbox 2264 2052 3897 2131">
    <p class='ocr_par' dir='ltr' id='par_1_39' title="bbox 2295 2052 3897 2128">
     <span class='ocr_line' id='line_1_39' title="bbox 2295 2052 3897 2128; baseline 0.002 -21"><span class='ocrx_word' id='word_1_300' title='bbox 2295 2064 2457 2108; x_wconf 86' lang='grc' dir='ltr'><em>ταῦτα</em></span> <span class='ocrx_word' id='word_1_301' title='bbox 2506 2059 2724 2109; x_wconf 84' lang='grc' dir='ltr'><em>θέσθαι’</em></span> <span class='ocrx_word' id='word_1_302' title='bbox 2761 2059 2956 2128; x_wconf 80' lang='grc' dir='ltr'><em>ἡμέρας</em></span> <span class='ocrx_word' id='word_1_303' title='bbox 3001 2052 3086 2107; x_wconf 81' lang='grc' dir='ltr'><em>οὖν</em></span> <span class='ocrx_word' id='word_1_304' title='bbox 3142 2056 3365 2116; x_wconf 80' lang='grc' dir='ltr'><em>ἑκάστης</em></span> <span class='ocrx_word' id='word_1_305' title='bbox 3413 2055 3569 2128; x_wconf 74' lang='grc' dir='ltr'><em>ἀπῄει</em></span> <span class='ocrx_word' id='word_1_306' title='bbox 3617 2058 3643 2108; x_wconf 91' lang='grc' dir='ltr'>ό</span> <span class='ocrx_word' id='word_1_307' title='bbox 3692 2064 3897 2111; x_wconf 88' lang='grc' dir='ltr'><em>Παντο-</em></span> 
     </span>
    </p>
   </div>
   <div class='ocr_carea' id='block_1_40' title="bbox 532 2141 2153 2219">
    <p class='ocr_par' dir='ltr' id='par_1_40' title="bbox 532 2141 2153 2207">
     <span class='ocr_line' id='line_1_40' title="bbox 532 2141 2153 2207; baseline -0.007 0"><span class='ocrx_word' id='word_1_308' title='bbox 532 2152 687 2207; x_wconf 89' lang='lat' dir='ltr'>chris</span> <span class='ocrx_word' id='word_1_309' title='bbox 727 2151 818 2205; x_wconf 90' lang='lat' dir='ltr'>his</span> <span class='ocrx_word' id='word_1_310' title='bbox 865 2149 1100 2204; x_wconf 89' lang='lat' dir='ltr'>ﬂuentis</span> <span class='ocrx_word' id='word_1_311' title='bbox 1148 2146 1483 2202; x_wconf 90' lang='lat' dir='ltr'>oblectabat</span> <span class='ocrx_word' id='word_1_312' title='bbox 1535 2152 1590 2200; x_wconf 91' lang='lat' dir='ltr'>et</span> <span class='ocrx_word' id='word_1_313' title='bbox 1642 2144 1719 2199; x_wconf 92' lang='lat' dir='ltr'>ad</span> <span class='ocrx_word' id='word_1_314' title='bbox 1768 2158 1969 2198; x_wconf 89' lang='lat' dir='ltr'>veram</span> <span class='ocrx_word' id='word_1_315' title='bbox 2001 2141 2153 2196; x_wconf 88' lang='lat' dir='ltr'>ﬁden</span> 
     </span>
    </p>
   </div>
   <div class='ocr_carea' id='block_1_41' title="bbox 2264 2141 3896 2219">
    <p class='ocr_par' dir='ltr' id='par_1_41' title="bbox 2292 2143 3896 2219">
     <span class='ocr_line' id='line_1_41' title="bbox 2292 2143 3896 2219; baseline 0.003 -25"><span class='ocrx_word' id='word_1_316' title='bbox 2292 2143 2414 2195; x_wconf 77' lang='grc' dir='ltr'><em>λέων</em></span> <span class='ocrx_word' id='word_1_317' title='bbox 2471 2149 2601 2218; x_wconf 88' lang='grc' dir='ltr'><em>πρὸς</em></span> <span class='ocrx_word' id='word_1_318' title='bbox 2652 2149 2737 2197; x_wconf 86' lang='grc' dir='ltr'><em>τὸν</em></span> <span class='ocrx_word' id='word_1_319' title='bbox 2794 2143 3092 2219; x_wconf 87' lang='grc' dir='ltr'><em>πρεσϐύτην</em></span> <span class='ocrx_word' id='word_1_320' title='bbox 3147 2149 3237 2196; x_wconf 81' lang='grc' dir='ltr'><em>καὶ</em></span> <span class='ocrx_word' id='word_1_321' title='bbox 3306 2154 3405 2196; x_wconf 83' lang='grc' dir='ltr'>τῶν</span> <span class='ocrx_word' id='word_1_322' title='bbox 3462 2145 3629 2197; x_wconf 79' lang='grc' dir='ltr'><em>καλῶν</em></span> <span class='ocrx_word' id='word_1_323' title='bbox 3696 2150 3896 2199; x_wconf 87' lang='grc' dir='ltr'><em>τούτων</em></span> 
     </span>
    </p>
   </div>
   <div class='ocr_carea' id='block_1_42' title="bbox 529 2229 2183 2310">
    <p class='ocr_par' dir='ltr' id='par_1_42' title="bbox 529 2229 2183 2310">
     <span class='ocr_line' id='line_1_42' title="bbox 529 2229 2183 2310; baseline -0.007 -16"><span class='ocrx_word' id='word_1_324' title='bbox 529 2240 819 2310; x_wconf 88' lang='lat' dir='ltr'>paulatim</span> <span class='ocrx_word' id='word_1_325' title='bbox 840 2236 1344 2291; x_wconf 85' lang='lat' dir='ltr'>conﬁrmabatur:</span> <span class='ocrx_word' id='word_1_326' title='bbox 1371 2239 1427 2288; x_wconf 89' lang='lat' dir='ltr'>et</span> <span class='ocrx_word' id='word_1_327' title='bbox 1448 2234 1525 2288; x_wconf 89' lang='lat' dir='ltr'>ad</span> <span class='ocrx_word' id='word_1_328' title='bbox 1554 2233 1900 2303; x_wconf 88' lang='lat' dir='ltr'>magistrum</span> <span class='ocrx_word' id='word_1_329' title='bbox 1919 2229 2183 2301; x_wconf 88' lang='lat' dir='ltr'>quotidie</span> 
     </span>
    </p>
   </div>
   <div class='ocr_carea' id='block_1_43' title="bbox 527 2320 2182 2395">
    <p class='ocr_par' dir='ltr' id='par_1_43' title="bbox 527 2320 2182 2395">
     <span class='ocr_line' id='line_1_43' title="bbox 527 2320 2182 2395; baseline -0.007 -13"><span class='ocrx_word' id='word_1_330' title='bbox 527 2328 842 2390; x_wconf 86' lang='lat' dir='ltr'>ventitans,</span> <span class='ocrx_word' id='word_1_331' title='bbox 902 2340 1021 2379; x_wconf 89' lang='lat' dir='ltr'>non</span> <span class='ocrx_word' id='word_1_332' title='bbox 1073 2323 1237 2395; x_wconf 86' lang='lat' dir='ltr'>prius</span> <span class='ocrx_word' id='word_1_333' title='bbox 1271 2324 1513 2377; x_wconf 92' lang='lat' dir='ltr'>domum</span> <span class='ocrx_word' id='word_1_334' title='bbox 1548 2320 1797 2387; x_wconf 88' lang='lat' dir='ltr'>redibat,</span> <span class='ocrx_word' id='word_1_335' title='bbox 1826 2335 2007 2391; x_wconf 89' lang='lat' dir='ltr'>quam</span> <span class='ocrx_word' id='word_1_336' title='bbox 2042 2333 2182 2373; x_wconf 90' lang='lat' dir='ltr'>suas</span> 
     </span>
    </p>
   </div>
   <div class='ocr_carea' id='block_1_44' title="bbox 528 2407 2180 2480">
    <p class='ocr_par' dir='ltr' id='par_1_44' title="bbox 528 2407 2180 2480">
     <span class='ocr_line' id='line_1_44' title="bbox 528 2407 2180 2480; baseline -0.005 -10"><span class='ocrx_word' id='word_1_337' title='bbox 528 2431 700 2470; x_wconf 89' lang='lat' dir='ltr'>aures</span> <span class='ocrx_word' id='word_1_338' title='bbox 735 2414 1093 2469; x_wconf 90' lang='lat' dir='ltr'>oblectasset</span> <span class='ocrx_word' id='word_1_339' title='bbox 1123 2411 1318 2467; x_wconf 87' lang='lat' dir='ltr'>verbis</span> <span class='ocrx_word' id='word_1_340' title='bbox 1370 2409 1548 2466; x_wconf 87' lang='lat' dir='ltr'>senis.</span> <span class='ocrx_word' id='word_1_341' title='bbox 1594 2410 1930 2480; x_wconf 89' lang='lat' dir='ltr'>Aliquando</span> <span class='ocrx_word' id='word_1_342' title='bbox 1979 2407 2180 2478; x_wconf 91' lang='lat' dir='ltr'>itaque</span> 
     </span>
    </p>
   </div>
   <div class='ocr_carea' id='block_1_45' title="bbox 526 2496 2181 2572">
    <p class='ocr_par' dir='ltr' id='par_1_45' title="bbox 526 2496 2181 2572">
     <span class='ocr_line' id='line_1_45' title="bbox 526 2496 2181 2572; baseline -0.006 -14"><span class='ocrx_word' id='word_1_343' title='bbox 526 2508 828 2558; x_wconf 88' lang='lat' dir='ltr'>revertens</span> <span class='ocrx_word' id='word_1_344' title='bbox 857 2519 892 2557; x_wconf 92' lang='lat' dir='ltr'>a</span> <span class='ocrx_word' id='word_1_345' title='bbox 928 2506 1311 2572; x_wconf 65' lang='lat' dir='ltr'>praeceptore,</span> <span class='ocrx_word' id='word_1_346' title='bbox 1336 2515 1472 2553; x_wconf 92' lang='lat' dir='ltr'>cum</span> <span class='ocrx_word' id='word_1_347' title='bbox 1506 2514 1717 2569; x_wconf 91' lang='lat' dir='ltr'>parum</span> <span class='ocrx_word' id='word_1_348' title='bbox 1749 2513 1785 2552; x_wconf 90' lang='lat' dir='ltr'>a</span> <span class='ocrx_word' id='word_1_349' title='bbox 1812 2496 1911 2551; x_wconf 88' lang='lat' dir='ltr'>via</span> <span class='ocrx_word' id='word_1_350' title='bbox 1940 2502 2181 2566; x_wconf 84' lang='lat' dir='ltr'>propter</span> 
     </span>
    </p>
   </div>
   <div class='ocr_carea' id='block_1_46' title="bbox 526 2586 2176 2663">
    <p class='ocr_par' dir='ltr' id='par_1_46' title="bbox 526 2586 2176 2663">
     <span class='ocr_line' id='line_1_46' title="bbox 526 2586 2176 2663; baseline -0.005 -17"><span class='ocrx_word' id='word_1_351' title='bbox 526 2608 701 2647; x_wconf 93' lang='lat' dir='ltr'>usum</span> <span class='ocrx_word' id='word_1_352' title='bbox 722 2591 980 2663; x_wconf 89' lang='lat' dir='ltr'>aliquem</span> <span class='ocrx_word' id='word_1_353' title='bbox 1004 2586 1838 2651; x_wconf 86' lang='lat' dir='ltr'>declinasset,videtinfantem</span> <span class='ocrx_word' id='word_1_354' title='bbox 1854 2588 2176 2650; x_wconf 88' lang='lat' dir='ltr'>mortuum,</span> 
     </span>
    </p>
   </div>
   <div class='ocr_carea' id='block_1_47' title="bbox 525 2674 2177 2751">
    <p class='ocr_par' dir='ltr' id='par_1_47' title="bbox 525 2674 2177 2751">
     <span class='ocr_line' id='line_1_47' title="bbox 525 2674 2177 2751; baseline -0.006 -15"><span class='ocrx_word' id='word_1_355' title='bbox 525 2697 705 2751; x_wconf 90' lang='lat' dir='ltr'>quem</span> <span class='ocrx_word' id='word_1_356' title='bbox 730 2678 1130 2734; x_wconf 89' lang='lat' dir='ltr'>momorderat</span> <span class='ocrx_word' id='word_1_357' title='bbox 1153 2676 1375 2747; x_wconf 86' lang='lat' dir='ltr'>vipera,</span> <span class='ocrx_word' id='word_1_358' title='bbox 1405 2683 1457 2730; x_wconf 89' lang='lat' dir='ltr'>et</span> <span class='ocrx_word' id='word_1_359' title='bbox 1484 2675 1680 2745; x_wconf 91' lang='lat' dir='ltr'>ipsam</span> <span class='ocrx_word' id='word_1_360' title='bbox 1703 2674 1965 2729; x_wconf 90' lang='lat' dir='ltr'>belluam</span> <span class='ocrx_word' id='word_1_361' title='bbox 1993 2688 2177 2744; x_wconf 90' lang='lat' dir='ltr'>prope</span> 
     </span>
    </p>
   </div>
   <div class='ocr_carea' id='block_1_48' title="bbox 522 2760 2175 2833">
    <p class='ocr_par' dir='ltr' id='par_1_48' title="bbox 522 2760 2175 2833">
     <span class='ocr_line' id='line_1_48' title="bbox 522 2760 2175 2833; baseline -0.005 -10"><span class='ocrx_word' id='word_1_362' title='bbox 522 2784 650 2823; x_wconf 92' lang='lat' dir='ltr'>eum</span> <span class='ocrx_word' id='word_1_363' title='bbox 672 2771 1008 2832; x_wconf 89' lang='lat' dir='ltr'>stantem,et</span> <span class='ocrx_word' id='word_1_364' title='bbox 1032 2765 1210 2819; x_wconf 87' lang='lat' dir='ltr'>veluti</span> <span class='ocrx_word' id='word_1_365' title='bbox 1230 2763 1933 2833; x_wconf 90' lang='lat' dir='ltr'>ostendentem,quisnam</span> <span class='ocrx_word' id='word_1_366' title='bbox 1955 2760 2175 2815; x_wconf 76' lang='lat' dir='ltr'>caedem</span> 
     </span>
    </p>
   </div>
   <div class='ocr_carea' id='block_1_49' title="bbox 521 2850 2169 2923">
    <p class='ocr_par' dir='ltr' id='par_1_49' title="bbox 521 2850 2169 2923">
     <span class='ocr_line' id='line_1_49' title="bbox 521 2850 2169 2923; baseline -0.004 -13"><span class='ocrx_word' id='word_1_367' title='bbox 521 2856 771 2911; x_wconf 80' lang='lat' dir='ltr'>fecisset.</span> <span class='ocrx_word' id='word_1_368' title='bbox 813 2859 957 2909; x_wconf 82' lang='lat' dir='ltr'>Eum</span> <span class='ocrx_word' id='word_1_369' title='bbox 997 2870 1158 2923; x_wconf 85' lang='lat' dir='ltr'>ergo,</span> <span class='ocrx_word' id='word_1_370' title='bbox 1181 2870 1315 2908; x_wconf 90' lang='lat' dir='ltr'>cum</span> <span class='ocrx_word' id='word_1_371' title='bbox 1345 2853 1405 2908; x_wconf 92' lang='lat' dir='ltr'>id</span> <span class='ocrx_word' id='word_1_372' title='bbox 1436 2852 1698 2915; x_wconf 89' lang='lat' dir='ltr'>vidisset,</span> <span class='ocrx_word' id='word_1_373' title='bbox 1733 2850 1948 2905; x_wconf 85' lang='lat' dir='ltr'>invasit</span> <span class='ocrx_word' id='word_1_374' title='bbox 1974 2850 2169 2913; x_wconf 88' lang='lat' dir='ltr'>timor,</span> 
     </span>
    </p>
   </div>
   <div class='ocr_carea' id='block_1_50' title="bbox 2292 2232 3897 2306">
    <p class='ocr_par' dir='ltr' id='par_1_50' title="bbox 2292 2232 3897 2306">
     <span class='ocr_line' id='line_1_50' title="bbox 2292 2232 3897 2306; baseline 0.004 -23"><span class='ocrx_word' id='word_1_375' title='bbox 2292 2232 2484 2306; x_wconf 86' lang='grc' dir='ltr'><em>ἐτρύφα</em></span> <span class='ocrx_word' id='word_1_376' title='bbox 2535 2236 2775 2306; x_wconf 82' lang='grc' dir='ltr'><em>ναμάτων</em></span> <span class='ocrx_word' id='word_1_377' title='bbox 2828 2239 2917 2285; x_wconf 87' lang='grc' dir='ltr'><em>καὶ</em></span> <span class='ocrx_word' id='word_1_378' title='bbox 2966 2238 3095 2305; x_wconf 81' lang='grc' dir='ltr'><em>πρὸς</em></span> <span class='ocrx_word' id='word_1_379' title='bbox 3147 2239 3239 2292; x_wconf 83' lang='grc' dir='ltr'>τήν</span> <span class='ocrx_word' id='word_1_380' title='bbox 3288 2233 3473 2292; x_wconf 71' lang='grc' dir='ltr'><em>εὐσεϐῆ</em></span> <span class='ocrx_word' id='word_1_381' title='bbox 3530 2239 3705 2288; x_wconf 64' lang='grc' dir='ltr'><em>πίστι)</em></span> <span class='ocrx_word' id='word_1_382' title='bbox 3756 2241 3897 2289; x_wconf 84' lang='grc' dir='ltr'><em>κατὰ</em></span> 
     </span>
    </p>
   </div>
   <div class='ocr_carea' id='block_1_51' title="bbox 2290 2319 3895 2396">
    <p class='ocr_par' dir='ltr' id='par_1_51' title="bbox 2290 2319 3895 2396">
     <span class='ocr_line' id='line_1_51' title="bbox 2290 2319 3895 2396; baseline 0.004 -24"><span class='ocrx_word' id='word_1_383' title='bbox 2290 2327 2474 2395; x_wconf 85' lang='grc' dir='ltr'><em>μικρὸν</em></span> <span class='ocrx_word' id='word_1_384' title='bbox 2519 2322 2820 2396; x_wconf 85' lang='grc' dir='ltr'><em>ἐστηριζετο</em></span> <span class='ocrx_word' id='word_1_385' title='bbox 2869 2328 2957 2374; x_wconf 80' lang='grc' dir='ltr'><em>καὶ</em></span> <span class='ocrx_word' id='word_1_386' title='bbox 3007 2323 3135 2394; x_wconf 88' lang='grc' dir='ltr'><em>πρὸς</em></span> <span class='ocrx_word' id='word_1_387' title='bbox 3185 2326 3270 2374; x_wconf 86' lang='grc' dir='ltr'>τόν</span> <span class='ocrx_word' id='word_1_388' title='bbox 3318 2319 3641 2376; x_wconf 85' lang='grc' dir='ltr'><em>διδάσκαλον</em></span> <span class='ocrx_word' id='word_1_389' title='bbox 3693 2322 3750 2377; x_wconf 77' lang='grc' dir='ltr'><em>δὲ</em></span> <span class='ocrx_word' id='word_1_390' title='bbox 3797 2323 3895 2379; x_wconf 81' lang='grc' dir='ltr'><em>διὰ</em></span> 
     </span>
    </p>
   </div>
   <div class='ocr_carea' id='block_1_52' title="bbox 2289 2408 3887 2487">
    <p class='ocr_par' dir='ltr' id='par_1_52' title="bbox 2289 2408 3887 2487">
     <span class='ocr_line' id='line_1_52' title="bbox 2289 2408 3887 2487; baseline 0.003 -25"><span class='ocrx_word' id='word_1_391' title='bbox 2289 2413 2467 2472; x_wconf 85' lang='grc' dir='ltr'><em>πάσης</em></span> <span class='ocrx_word' id='word_1_392' title='bbox 2497 2411 2673 2483; x_wconf 81' lang='grc' dir='ltr'><em>ἐφοίτα</em></span> <span class='ocrx_word' id='word_1_393' title='bbox 2714 2417 2803 2463; x_wconf 86' lang='grc' dir='ltr'><em>καὶ</em></span> <span class='ocrx_word' id='word_1_394' title='bbox 2846 2412 2904 2463; x_wconf 86' lang='grc' dir='ltr'>ού</span> <span class='ocrx_word' id='word_1_395' title='bbox 2948 2416 3194 2485; x_wconf 89' lang='grc' dir='ltr'><em>πρότερον</em></span> <span class='ocrx_word' id='word_1_396' title='bbox 3239 2408 3420 2464; x_wconf 86' lang='grc' dir='ltr'><em>οἶκαδε</em></span> <span class='ocrx_word' id='word_1_397' title='bbox 3461 2411 3688 2485; x_wconf 68' lang='grc' dir='ltr'><em>ἐπανῄει,</em></span> <span class='ocrx_word' id='word_1_398' title='bbox 3722 2414 3765 2466; x_wconf 88' lang='grc' dir='ltr'><em>εἰ</em></span> <span class='ocrx_word' id='word_1_399' title='bbox 3811 2421 3887 2487; x_wconf 88' lang='grc' dir='ltr'>μή</span> 
     </span>
    </p>
   </div>
   <div class='ocr_carea' id='block_1_53' title="bbox 2288 2499 3883 2575">
    <p class='ocr_par' dir='ltr' id='par_1_53' title="bbox 2288 2499 3883 2575">
     <span class='ocr_line' id='line_1_53' title="bbox 2288 2499 3883 2575; baseline 0.005 -26"><span class='ocrx_word' id='word_1_400' title='bbox 2288 2502 2380 2560; x_wconf 81' lang='grc' dir='ltr'><em>τὰς</em></span> <span class='ocrx_word' id='word_1_401' title='bbox 2424 2499 2582 2562; x_wconf 74' lang='grc' dir='ltr'><em>ἀκοὰς</em></span> <span class='ocrx_word' id='word_1_402' title='bbox 2638 2504 2862 2573; x_wconf 77' lang='grc' dir='ltr'><em>ηὔφρανε</em></span> <span class='ocrx_word' id='word_1_403' title='bbox 2907 2506 2994 2552; x_wconf 87' lang='grc' dir='ltr'><em>καὶ</em></span> <span class='ocrx_word' id='word_1_404' title='bbox 3042 2508 3152 2563; x_wconf 89' lang='grc' dir='ltr'><em>τοῖς</em></span> <span class='ocrx_word' id='word_1_405' title='bbox 3192 2501 3397 2575; x_wconf 77' lang='grc' dir='ltr'><em>ῥήμασι</em></span> <span class='ocrx_word' id='word_1_406' title='bbox 3428 2509 3517 2553; x_wconf 87' lang='grc' dir='ltr'>τοῦ</span> <span class='ocrx_word' id='word_1_407' title='bbox 3547 2503 3842 2574; x_wconf 84' lang='grc' dir='ltr'><em>πρεσϐύτου</em></span> <span class='ocrx_word' id='word_1_408' title='bbox 3870 2523 3883 2536; x_wconf 86' lang='grc'><em>’</em></span> 
     </span>
    </p>
   </div>
   <div class='ocr_carea' id='block_1_54' title="bbox 2290 2585 3884 2663">
    <p class='ocr_par' dir='ltr' id='par_1_54' title="bbox 2290 2585 3884 2663">
     <span class='ocr_line' id='line_1_54' title="bbox 2290 2585 3884 2663; baseline 0.004 -26"><span class='ocrx_word' id='word_1_409' title='bbox 2290 2590 2409 2638; x_wconf 75' lang='grc' dir='ltr'><em>ποτε</em></span> <span class='ocrx_word' id='word_1_410' title='bbox 2439 2593 2609 2639; x_wconf 84' lang='grc' dir='ltr'><em>τοίνυν</em></span> <span class='ocrx_word' id='word_1_411' title='bbox 2659 2587 2759 2640; x_wconf 86' lang='grc' dir='ltr'><em>ἀπὸ</em></span> <span class='ocrx_word' id='word_1_412' title='bbox 2789 2596 2877 2640; x_wconf 91' lang='grc' dir='ltr'>τοῦ</span> <span class='ocrx_word' id='word_1_413' title='bbox 2927 2585 3256 2641; x_wconf 72' lang='grc' dir='ltr'><em>διδασκάλου</em></span> <span class='ocrx_word' id='word_1_414' title='bbox 3304 2588 3630 2663; x_wconf 84' lang='grc' dir='ltr'><em>Εύφροσύνου</em></span> <span class='ocrx_word' id='word_1_415' title='bbox 3661 2590 3884 2644; x_wconf 83' lang='grc' dir='ltr'><em>ἐπανιὼν</em></span> 
     </span>
    </p>
   </div>
   <div class='ocr_carea' id='block_1_55' title="bbox 2286 2673 3882 2755">
    <p class='ocr_par' dir='ltr' id='par_1_55' title="bbox 2286 2673 3882 2755">
     <span class='ocr_line' id='line_1_55' title="bbox 2286 2673 3882 2755; baseline 0.003 -29"><span class='ocrx_word' id='word_1_416' title='bbox 2286 2680 2373 2727; x_wconf 86' lang='grc' dir='ltr'><em>καὶ</em></span> <span class='ocrx_word' id='word_1_417' title='bbox 2421 2682 2603 2750; x_wconf 87' lang='grc' dir='ltr'><em>μικρὸν</em></span> <span class='ocrx_word' id='word_1_418' title='bbox 2650 2685 2744 2739; x_wconf 84' lang='grc' dir='ltr'>τῆς</span> <span class='ocrx_word' id='word_1_419' title='bbox 2787 2673 2913 2729; x_wconf 86' lang='grc' dir='ltr'><em>ὀδοῦ</em></span> <span class='ocrx_word' id='word_1_420' title='bbox 2967 2679 3097 2729; x_wconf 89' lang='grc' dir='ltr'><em>κατά</em></span> <span class='ocrx_word' id='word_1_421' title='bbox 3150 2697 3200 2728; x_wconf 90' lang='grc' dir='ltr'>τι</span> <span class='ocrx_word' id='word_1_422' title='bbox 3250 2673 3439 2735; x_wconf 83' lang='grc' dir='ltr'><em>δεῆσαν</em></span> <span class='ocrx_word' id='word_1_423' title='bbox 3481 2675 3725 2744; x_wconf 80' lang='grc' dir='ltr'><em>ἐκκλίνας,</em></span> <span class='ocrx_word' id='word_1_424' title='bbox 3780 2683 3882 2755; x_wconf 79' lang='grc' dir='ltr'>ὁρᾷ</span> 
     </span>
    </p>
   </div>
   <div class='ocr_carea' id='block_1_56' title="bbox 2284 2761 3874 2837">
    <p class='ocr_par' dir='ltr' id='par_1_56' title="bbox 2284 2761 3874 2837">
     <span class='ocr_line' id='line_1_56' title="bbox 2284 2761 3874 2837; baseline 0.003 -22"><span class='ocrx_word' id='word_1_425' title='bbox 2284 2761 2496 2816; x_wconf 84' lang='grc' dir='ltr'><em>παιδίον</em></span> <span class='ocrx_word' id='word_1_426' title='bbox 2545 2768 2629 2817; x_wconf 76' lang='grc' dir='ltr'>ὑπ’</span> <span class='ocrx_word' id='word_1_427' title='bbox 2680 2763 2897 2837; x_wconf 78' lang='grc' dir='ltr'><em>ἐχίδνης</em></span> <span class='ocrx_word' id='word_1_428' title='bbox 2955 2762 3275 2836; x_wconf 72' lang='grc' dir='ltr'><em>δεδηγμένον</em></span> <span class='ocrx_word' id='word_1_429' title='bbox 3324 2770 3410 2817; x_wconf 83' lang='grc' dir='ltr'><em>καὶ</em></span> <span class='ocrx_word' id='word_1_430' title='bbox 3454 2768 3709 2828; x_wconf 81' lang='grc' dir='ltr'><em>τεθνηκός·</em></span> <span class='ocrx_word' id='word_1_431' title='bbox 3743 2769 3874 2822; x_wconf 81' lang='grc' dir='ltr'><em>αύτό</em></span> 
     </span>
    </p>
   </div>
   <div class='ocr_carea' id='block_1_57' title="bbox 2284 2854 3874 2929">
    <p class='ocr_par' dir='ltr' id='par_1_57' title="bbox 2284 2854 3874 2929">
     <span class='ocr_line' id='line_1_57' title="bbox 2284 2854 3874 2929; baseline 0.003 -26"><span class='ocrx_word' id='word_1_432' title='bbox 2284 2872 2334 2903; x_wconf 86' lang='grc' dir='ltr'>τε</span> <span class='ocrx_word' id='word_1_433' title='bbox 2384 2857 2441 2904; x_wconf 90' lang='grc' dir='ltr'>τό</span> <span class='ocrx_word' id='word_1_434' title='bbox 2493 2856 2668 2926; x_wconf 86' lang='grc' dir='ltr'><em>θηρίον</em></span> <span class='ocrx_word' id='word_1_435' title='bbox 2699 2854 2847 2926; x_wconf 81' lang='grc' dir='ltr'><em>ἐγγύς</em></span> <span class='ocrx_word' id='word_1_436' title='bbox 2888 2874 2988 2907; x_wconf 85' lang='grc' dir='ltr'>που</span> <span class='ocrx_word' id='word_1_437' title='bbox 3032 2858 3194 2929; x_wconf 89' lang='grc' dir='ltr'><em>παρόν</em></span> <span class='ocrx_word' id='word_1_438' title='bbox 3243 2860 3332 2907; x_wconf 84' lang='grc' dir='ltr'><em>καὶ</em></span> <span class='ocrx_word' id='word_1_439' title='bbox 3384 2857 3552 2926; x_wconf 83' lang='grc' dir='ltr'><em>ὥσπερ</em></span> <span class='ocrx_word' id='word_1_440' title='bbox 3596 2858 3680 2907; x_wconf 90' lang='grc' dir='ltr'>τόν</span> <span class='ocrx_word' id='word_1_441' title='bbox 3724 2861 3874 2927; x_wconf 80' lang='grc' dir='ltr'><em>φονέα</em></span> 
     </span>
    </p>
   </div>
   <div class='ocr_carea' id='block_1_58' title="bbox 520 2939 2170 3015">
    <p class='ocr_par' dir='ltr' id='par_1_58' title="bbox 520 2939 2170 3015">
     <span class='ocr_line' id='line_1_58' title="bbox 520 2939 2170 3015; baseline -0.004 -16"><span class='ocrx_word' id='word_1_442' title='bbox 520 2952 576 2999; x_wconf 91' lang='lat' dir='ltr'>et</span> <span class='ocrx_word' id='word_1_443' title='bbox 601 2945 840 2999; x_wconf 89' lang='lat' dir='ltr'>secessit</span> <span class='ocrx_word' id='word_1_444' title='bbox 869 2944 1204 3015; x_wconf 85' lang='lat' dir='ltr'>paululum.</span> <span class='ocrx_word' id='word_1_445' title='bbox 1238 2942 1459 2997; x_wconf 88' lang='lat' dir='ltr'>Deinde</span> <span class='ocrx_word' id='word_1_446' title='bbox 1510 2958 1644 2996; x_wconf 92' lang='lat' dir='ltr'>cum</span> <span class='ocrx_word' id='word_1_447' title='bbox 1674 2956 1878 2995; x_wconf 90' lang='lat' dir='ltr'>rursus</span> <span class='ocrx_word' id='word_1_448' title='bbox 1904 2939 2170 3010; x_wconf 91' lang='lat' dir='ltr'>seipsum</span> 
     </span>
    </p>
   </div>
   <div class='ocr_carea' id='block_1_59' title="bbox 2281 2940 3881 3016">
    <p class='ocr_par' dir='ltr' id='par_1_59' title="bbox 2281 2940 3881 3016">
     <span class='ocr_line' id='line_1_59' title="bbox 2281 2940 3881 3016; baseline 0.003 -23"><span class='ocrx_word' id='word_1_449' title='bbox 2281 2944 2423 3002; x_wconf 85' lang='grc' dir='ltr'><em>ὅστις</em></span> <span class='ocrx_word' id='word_1_450' title='bbox 2475 2946 2550 3000; x_wconf 81' lang='grc' dir='ltr'><em>εἴη</em></span> <span class='ocrx_word' id='word_1_451' title='bbox 2613 2940 2829 3001; x_wconf 74' lang='grc' dir='ltr'><em>εὔδηλον</em></span> <span class='ocrx_word' id='word_1_452' title='bbox 2878 2947 3165 2996; x_wconf 77' lang='grc' dir='ltr'><em>καθιστόνο</em></span> <span class='ocrx_word' id='word_1_453' title='bbox 3216 2942 3396 2996; x_wconf 83' lang='grc' dir='ltr'><em>ἰδόντα</em></span> <span class='ocrx_word' id='word_1_454' title='bbox 3452 2940 3538 2995; x_wconf 85' lang='grc' dir='ltr'><em>οὖν</em></span> <span class='ocrx_word' id='word_1_455' title='bbox 3583 2944 3737 3016; x_wconf 88' lang='grc' dir='ltr'><em>φόϐος</em></span> <span class='ocrx_word' id='word_1_456' title='bbox 3783 2943 3881 2998; x_wconf 80' lang='grc' dir='ltr'><em>εἷλε</em></span> 
     </span>
    </p>
   </div>
   <div class='ocr_carea' id='block_1_60' title="bbox 523 3029 2153 3107">
    <p class='ocr_par' dir='ltr' id='par_1_60' title="bbox 523 3029 2145 3101">
     <span class='ocr_line' id='line_1_60' title="bbox 523 3029 2145 3101; baseline -0.004 -14"><span class='ocrx_word' id='word_1_457' title='bbox 523 3032 871 3101; x_wconf 82' lang='lat' dir='ltr'>collegisset,</span> <span class='ocrx_word' id='word_1_458' title='bbox 906 3037 992 3086; x_wconf 90' lang='lat' dir='ltr'>est</span> <span class='ocrx_word' id='word_1_459' title='bbox 1030 3048 1321 3096; x_wconf 88' lang='lat' dir='ltr'>reversus,</span> <span class='ocrx_word' id='word_1_460' title='bbox 1369 3037 1423 3086; x_wconf 91' lang='lat' dir='ltr'>et</span> <span class='ocrx_word' id='word_1_461' title='bbox 1474 3030 1626 3085; x_wconf 88' lang='lat' dir='ltr'>stetit</span> <span class='ocrx_word' id='word_1_462' title='bbox 1676 3029 1847 3099; x_wconf 81' lang='lat' dir='ltr'>juxta</span> <span class='ocrx_word' id='word_1_463' title='bbox 1894 3043 2145 3099; x_wconf 90' lang='lat' dir='ltr'>puerum</span> 
     </span>
    </p>
   </div>
   <div class='ocr_carea' id='block_1_61' title="bbox 2264 3029 3878 3107">
    <p class='ocr_par' dir='ltr' id='par_1_61' title="bbox 2279 3030 3878 3107">
     <span class='ocr_line' id='line_1_61' title="bbox 2279 3030 3878 3107; baseline 0.003 -25"><span class='ocrx_word' id='word_1_464' title='bbox 2279 3036 2369 3082; x_wconf 83' lang='grc' dir='ltr'><em>καὶ</em></span> <span class='ocrx_word' id='word_1_465' title='bbox 2415 3035 2598 3104; x_wconf 87' lang='grc' dir='ltr'><em>μικρὸν</em></span> <span class='ocrx_word' id='word_1_466' title='bbox 2644 3034 2943 3107; x_wconf 76' lang='grc' dir='ltr'><em>ύπεχώρει’</em></span> <span class='ocrx_word' id='word_1_467' title='bbox 3001 3030 3112 3085; x_wconf 83' lang='grc' dir='ltr'><em>εἶτα</em></span> <span class='ocrx_word' id='word_1_468' title='bbox 3158 3032 3304 3084; x_wconf 87' lang='grc' dir='ltr'><em>πάλιν</em></span> <span class='ocrx_word' id='word_1_469' title='bbox 3360 3033 3543 3084; x_wconf 84' lang='grc' dir='ltr'><em>ἑαυτοῦ</em></span> <span class='ocrx_word' id='word_1_470' title='bbox 3596 3039 3878 3105; x_wconf 84' lang='grc' dir='ltr'><em>γενόμενος,</em></span> 
     </span>
    </p>
   </div>
   <div class='ocr_carea' id='block_1_62' title="bbox 515 3117 2167 3186">
    <p class='ocr_par' dir='ltr' id='par_1_62' title="bbox 515 3117 2167 3186">
     <span class='ocr_line' id='line_1_62' title="bbox 515 3117 2167 3186; baseline -0.003 -11"><span class='ocrx_word' id='word_1_471' title='bbox 515 3120 831 3175; x_wconf 89' lang='lat' dir='ltr'>Judicabat</span> <span class='ocrx_word' id='word_1_472' title='bbox 856 3121 1015 3174; x_wconf 92' lang='lat' dir='ltr'>enim</span> <span class='ocrx_word' id='word_1_473' title='bbox 1056 3119 1168 3174; x_wconf 91' lang='lat' dir='ltr'>hoc</span> <span class='ocrx_word' id='word_1_474' title='bbox 1200 3135 1324 3173; x_wconf 90' lang='lat' dir='ltr'>esse</span> <span class='ocrx_word' id='word_1_475' title='bbox 1365 3117 1666 3173; x_wconf 88' lang='lat' dir='ltr'>sufﬁciens</span> <span class='ocrx_word' id='word_1_476' title='bbox 1694 3117 1930 3186; x_wconf 86' lang='lat' dir='ltr'>signum</span> <span class='ocrx_word' id='word_1_477' title='bbox 1960 3132 2167 3171; x_wconf 90' lang='lat' dir='ltr'>eorum</span> 
     </span>
    </p>
   </div>
   <div class='ocr_carea' id='block_1_63' title="bbox 516 3205 2163 3279">
    <p class='ocr_par' dir='ltr' id='par_1_63' title="bbox 516 3205 2163 3279">
     <span class='ocr_line' id='line_1_63' title="bbox 516 3205 2163 3279; baseline -0.003 -17"><span class='ocrx_word' id='word_1_478' title='bbox 516 3224 647 3279; x_wconf 66' lang='lat' dir='ltr'>quin</span> <span class='ocrx_word' id='word_1_479' title='bbox 680 3224 859 3262; x_wconf 85' lang='lat' dir='ltr'>senex</span> <span class='ocrx_word' id='word_1_480' title='bbox 889 3208 1137 3272; x_wconf 80' lang='lat' dir='ltr'>dixerat,</span> <span class='ocrx_word' id='word_1_481' title='bbox 1177 3208 1223 3260; x_wconf 92' lang='lat' dir='ltr'>si</span> <span class='ocrx_word' id='word_1_482' title='bbox 1253 3222 1394 3261; x_wconf 88' lang='lat' dir='ltr'>vera</span> <span class='ocrx_word' id='word_1_483' title='bbox 1432 3211 1629 3261; x_wconf 87' lang='lat' dir='ltr'>essent</span> <span class='ocrx_word' id='word_1_484' title='bbox 1684 3224 1696 3259; x_wconf 89' lang='lat'><strong>:</strong></span> <span class='ocrx_word' id='word_1_485' title='bbox 1747 3208 1956 3274; x_wconf 88' lang='lat' dir='ltr'>Surget</span> <span class='ocrx_word' id='word_1_486' title='bbox 1984 3205 2163 3268; x_wconf 90' lang='lat' dir='ltr'>enim,</span> 
     </span>
    </p>
   </div>
   <div class='ocr_carea' id='block_1_64' title="bbox 517 3292 2163 3367">
    <p class='ocr_par' dir='ltr' id='par_1_64' title="bbox 517 3292 2163 3367">
     <span class='ocr_line' id='line_1_64' title="bbox 517 3292 2163 3367; baseline -0.004 -16"><span class='ocrx_word' id='word_1_487' title='bbox 517 3297 726 3367; x_wconf 80' lang='lat' dir='ltr'>inquit,</span> <span class='ocrx_word' id='word_1_488' title='bbox 788 3312 936 3366; x_wconf 91' lang='lat' dir='ltr'>puer</span> <span class='ocrx_word' id='word_1_489' title='bbox 965 3296 1093 3366; x_wconf 89' lang='lat' dir='ltr'>ejus</span> <span class='ocrx_word' id='word_1_490' title='bbox 1151 3296 1348 3360; x_wconf 89' lang='lat' dir='ltr'>verbo,</span> <span class='ocrx_word' id='word_1_491' title='bbox 1404 3303 1460 3349; x_wconf 90' lang='lat' dir='ltr'>et</span> <span class='ocrx_word' id='word_1_492' title='bbox 1512 3295 1568 3349; x_wconf 94' lang='lat' dir='ltr'>id</span> <span class='ocrx_word' id='word_1_493' title='bbox 1632 3293 1888 3362; x_wconf 88' lang='lat' dir='ltr'>patietur</span> <span class='ocrx_word' id='word_1_494' title='bbox 1943 3292 2163 3355; x_wconf 87' lang='lat' dir='ltr'>bellua,</span> 
     </span>
    </p>
   </div>
   <div class='ocr_carea' id='block_1_65' title="bbox 513 3381 2165 3457">
    <p class='ocr_par' dir='ltr' id='par_1_65' title="bbox 513 3381 2165 3457">
     <span class='ocr_line' id='line_1_65' title="bbox 513 3381 2165 3457; baseline -0.004 -17"><span class='ocrx_word' id='word_1_495' title='bbox 513 3384 680 3457; x_wconf 92' lang='lat' dir='ltr'>quod</span> <span class='ocrx_word' id='word_1_496' title='bbox 708 3385 821 3455; x_wconf 90' lang='lat' dir='ltr'>ipsi</span> <span class='ocrx_word' id='word_1_497' title='bbox 842 3384 994 3439; x_wconf 84' lang='lat' dir='ltr'>fecit.</span> <span class='ocrx_word' id='word_1_498' title='bbox 1026 3387 1143 3438; x_wconf 88' lang='lat' dir='ltr'>Hoc</span> <span class='ocrx_word' id='word_1_499' title='bbox 1165 3386 1215 3439; x_wconf 92' lang='lat' dir='ltr'>ei</span> <span class='ocrx_word' id='word_1_500' title='bbox 1236 3384 1295 3438; x_wconf 92' lang='lat' dir='ltr'>in</span> <span class='ocrx_word' id='word_1_501' title='bbox 1320 3388 1580 3439; x_wconf 89' lang='lat' dir='ltr'>mentem</span> <span class='ocrx_word' id='word_1_502' title='bbox 1604 3383 1783 3445; x_wconf 92' lang='lat' dir='ltr'>venit,</span> <span class='ocrx_word' id='word_1_503' title='bbox 1811 3388 1865 3436; x_wconf 90' lang='lat' dir='ltr'>et</span> <span class='ocrx_word' id='word_1_504' title='bbox 1891 3381 2165 3452; x_wconf 90' lang='lat' dir='ltr'>precibus</span> 
     </span>
    </p>
   </div>
   <div class='ocr_carea' id='block_1_66' title="bbox 512 3467 2163 3544">
    <p class='ocr_par' dir='ltr' id='par_1_66' title="bbox 512 3467 2163 3544">
     <span class='ocr_line' id='line_1_66' title="bbox 512 3467 2163 3544; baseline -0.004 -17"><span class='ocrx_word' id='word_1_505' title='bbox 512 3472 730 3544; x_wconf 86' lang='lat' dir='ltr'>petivit,</span> <span class='ocrx_word' id='word_1_506' title='bbox 787 3478 841 3526; x_wconf 89' lang='lat' dir='ltr'>et</span> <span class='ocrx_word' id='word_1_507' title='bbox 882 3472 1058 3526; x_wconf 91' lang='lat' dir='ltr'>simul</span> <span class='ocrx_word' id='word_1_508' title='bbox 1090 3473 1251 3525; x_wconf 91' lang='lat' dir='ltr'>visus</span> <span class='ocrx_word' id='word_1_509' title='bbox 1283 3478 1368 3526; x_wconf 89' lang='lat' dir='ltr'>est</span> <span class='ocrx_word' id='word_1_510' title='bbox 1398 3471 1595 3525; x_wconf 88' lang='lat' dir='ltr'>infans</span> <span class='ocrx_word' id='word_1_511' title='bbox 1626 3471 1821 3538; x_wconf 89' lang='lat' dir='ltr'>vivus,</span> <span class='ocrx_word' id='word_1_512' title='bbox 1862 3474 1919 3524; x_wconf 90' lang='lat' dir='ltr'>et</span> <span class='ocrx_word' id='word_1_513' title='bbox 1964 3467 2163 3522; x_wconf 91' lang='lat' dir='ltr'>bellua</span> 
     </span>
    </p>
   </div>
   <div class='ocr_carea' id='block_1_67' title="bbox 512 3557 2161 3631">
    <p class='ocr_par' dir='ltr' id='par_1_67' title="bbox 512 3557 2161 3631">
     <span class='ocr_line' id='line_1_67' title="bbox 512 3557 2161 3631; baseline -0.001 -17"><span class='ocrx_word' id='word_1_514' title='bbox 512 3566 764 3625; x_wconf 84' lang='lat' dir='ltr'>mortua,</span> <span class='ocrx_word' id='word_1_515' title='bbox 792 3566 846 3615; x_wconf 89' lang='lat' dir='ltr'>et</span> <span class='ocrx_word' id='word_1_516' title='bbox 863 3576 994 3631; x_wconf 81' lang='lat' dir='ltr'>quae</span> <span class='ocrx_word' id='word_1_517' title='bbox 1013 3560 1175 3630; x_wconf 91' lang='lat' dir='ltr'>apud</span> <span class='ocrx_word' id='word_1_518' title='bbox 1197 3576 1331 3615; x_wconf 87' lang='lat' dir='ltr'>eam</span> <span class='ocrx_word' id='word_1_519' title='bbox 1358 3564 1503 3625; x_wconf 90' lang='lat' dir='ltr'>erat,</span> <span class='ocrx_word' id='word_1_520' title='bbox 1534 3576 1604 3615; x_wconf 85' lang='lat' dir='ltr'>ea</span> <span class='ocrx_word' id='word_1_521' title='bbox 1624 3574 1759 3630; x_wconf 61' lang='lat' dir='ltr'>quas</span> <span class='ocrx_word' id='word_1_522' title='bbox 1777 3557 2161 3625; x_wconf 88' lang='lat' dir='ltr'>intelligentia</span> 
     </span>
    </p>
   </div>
   <div class='ocr_carea' id='block_1_68' title="bbox 509 3646 2161 3719">
    <p class='ocr_par' dir='ltr' id='par_1_68' title="bbox 509 3646 2161 3719">
     <span class='ocr_line' id='line_1_68' title="bbox 509 3646 2161 3719; baseline -0.003 -16"><span class='ocrx_word' id='word_1_523' title='bbox 509 3647 993 3719; x_wconf 84' lang='lat' dir='ltr'>apprehenditur,</span> <span class='ocrx_word' id='word_1_524' title='bbox 1051 3647 1251 3703; x_wconf 89' lang='lat' dir='ltr'>bellua</span> <span class='ocrx_word' id='word_1_525' title='bbox 1310 3648 1496 3702; x_wconf 87' lang='lat' dir='ltr'>multo</span> <span class='ocrx_word' id='word_1_526' title='bbox 1552 3648 1742 3718; x_wconf 89' lang='lat' dir='ltr'>magis</span> <span class='ocrx_word' id='word_1_527' title='bbox 1798 3646 2030 3719; x_wconf 89' lang='lat' dir='ltr'>perdita</span> <span class='ocrx_word' id='word_1_528' title='bbox 2106 3652 2161 3699; x_wconf 90' lang='lat' dir='ltr'>et</span> 
     </span>
    </p>
   </div>
   <div class='ocr_carea' id='block_1_69' title="bbox 507 3741 734 3793">
    <p class='ocr_par' dir='ltr' id='par_1_69' title="bbox 507 3741 734 3793">
     <span class='ocr_line' id='line_1_69' title="bbox 507 3741 734 3793; baseline -0.018 0"><span class='ocrx_word' id='word_1_529' title='bbox 507 3741 734 3793; x_wconf 88' lang='lat' dir='ltr'>enecta.</span> 
     </span>
    </p>
   </div>
   <div class='ocr_carea' id='block_1_70' title="bbox 578 3821 2155 3893">
    <p class='ocr_par' dir='ltr' id='par_1_70' title="bbox 578 3821 2155 3893">
     <span class='ocr_line' id='line_1_70' title="bbox 578 3821 2155 3893; baseline 0 -18"><span class='ocrx_word' id='word_1_530' title='bbox 578 3824 648 3875; x_wconf 90' lang='lat' dir='ltr'>V.</span> <span class='ocrx_word' id='word_1_531' title='bbox 682 3825 827 3878; x_wconf 88' lang='lat' dir='ltr'>Cum</span> <span class='ocrx_word' id='word_1_532' title='bbox 852 3823 929 3877; x_wconf 91' lang='lat' dir='ltr'>ad</span> <span class='ocrx_word' id='word_1_533' title='bbox 958 3822 1377 3893; x_wconf 86' lang='lat' dir='ltr'>perfectionem</span> <span class='ocrx_word' id='word_1_534' title='bbox 1411 3838 1551 3892; x_wconf 88' lang='lat' dir='ltr'>ergo</span> <span class='ocrx_word' id='word_1_535' title='bbox 1581 3822 1721 3877; x_wconf 92' lang='lat' dir='ltr'>ﬁdei</span> <span class='ocrx_word' id='word_1_536' title='bbox 1751 3822 1810 3877; x_wconf 91' lang='lat' dir='ltr'>in</span> <span class='ocrx_word' id='word_1_537' title='bbox 1859 3821 2155 3877; x_wconf 88' lang='lat' dir='ltr'>Christum</span> 
     </span>
    </p>
   </div>
   <div class='ocr_carea' id='block_1_71' title="bbox 507 3910 2156 3984">
    <p class='ocr_par' dir='ltr' id='par_1_71' title="bbox 507 3910 2156 3984">
     <span class='ocr_line' id='line_1_71' title="bbox 507 3910 2156 3984; baseline -0.002 -16"><span class='ocrx_word' id='word_1_538' title='bbox 507 3914 588 3968; x_wconf 85' lang='lat' dir='ltr'>sic</span> <span class='ocrx_word' id='word_1_539' title='bbox 615 3912 972 3984; x_wconf 90' lang='lat' dir='ltr'>pervenisset</span> <span class='ocrx_word' id='word_1_540' title='bbox 1000 3911 1342 3977; x_wconf 90' lang='lat' dir='ltr'>Pantoleon,</span> <span class='ocrx_word' id='word_1_541' title='bbox 1377 3912 1573 3968; x_wconf 89' lang='lat' dir='ltr'>statim</span> <span class='ocrx_word' id='word_1_542' title='bbox 1599 3912 1828 3983; x_wconf 84' lang='lat' dir='ltr'>aspexit</span> <span class='ocrx_word' id='word_1_543' title='bbox 1853 3910 1911 3965; x_wconf 91' lang='lat' dir='ltr'>in</span> <span class='ocrx_word' id='word_1_544' title='bbox 1938 3910 2156 3965; x_wconf 87' lang='lat' dir='ltr'>coelum</span> 
     </span>
    </p>
   </div>
   <div class='ocr_carea' id='block_1_72' title="bbox 505 4000 2157 4073">
    <p class='ocr_par' dir='ltr' id='par_1_72' title="bbox 505 4000 2157 4073">
     <span class='ocr_line' id='line_1_72' title="bbox 505 4000 2157 4073; baseline -0.002 -16"><span class='ocrx_word' id='word_1_545' title='bbox 505 4003 759 4057; x_wconf 86' lang='lat' dir='ltr'>externis</span> <span class='ocrx_word' id='word_1_546' title='bbox 780 4000 985 4064; x_wconf 90' lang='lat' dir='ltr'>oculis,</span> <span class='ocrx_word' id='word_1_547' title='bbox 1032 4007 1087 4055; x_wconf 91' lang='lat' dir='ltr'>et</span> <span class='ocrx_word' id='word_1_548' title='bbox 1114 4000 1254 4067; x_wconf 92' lang='lat' dir='ltr'>Deo,</span> <span class='ocrx_word' id='word_1_549' title='bbox 1284 4003 1387 4073; x_wconf 92' lang='lat' dir='ltr'>qui</span> <span class='ocrx_word' id='word_1_550' title='bbox 1416 4017 1552 4056; x_wconf 91' lang='lat' dir='ltr'>eum</span> <span class='ocrx_word' id='word_1_551' title='bbox 1582 4004 1899 4056; x_wconf 87' lang='lat' dir='ltr'>vocaverat</span> <span class='ocrx_word' id='word_1_552' title='bbox 1929 4016 1966 4055; x_wconf 88' lang='lat' dir='ltr'>a</span> <span class='ocrx_word' id='word_1_553' title='bbox 1996 4006 2157 4054; x_wconf 89' lang='lat' dir='ltr'>tene—</span> 
     </span>
    </p>
   </div>
   <div class='ocr_carea' id='block_1_73' title="bbox 502 4089 2149 4161">
    <p class='ocr_par' dir='ltr' id='par_1_73' title="bbox 502 4089 2149 4161">
     <span class='ocr_line' id='line_1_73' title="bbox 502 4089 2149 4161; baseline -0.002 -15"><span class='ocrx_word' id='word_1_554' title='bbox 502 4090 627 4146; x_wconf 90' lang='lat' dir='ltr'>bris</span> <span class='ocrx_word' id='word_1_555' title='bbox 658 4091 920 4145; x_wconf 89' lang='lat' dir='ltr'>interitus</span> <span class='ocrx_word' id='word_1_556' title='bbox 960 4090 1039 4145; x_wconf 91' lang='lat' dir='ltr'>ad</span> <span class='ocrx_word' id='word_1_557' title='bbox 1077 4089 1273 4145; x_wconf 87' lang='lat' dir='ltr'>lucem</span> <span class='ocrx_word' id='word_1_558' title='bbox 1319 4091 1597 4161; x_wconf 89' lang='lat' dir='ltr'>veritatis,</span> <span class='ocrx_word' id='word_1_559' title='bbox 1657 4089 1960 4145; x_wconf 86' lang='lat' dir='ltr'>benedixit</span> <span class='ocrx_word' id='word_1_560' title='bbox 2016 4104 2149 4143; x_wconf 90' lang='lat' dir='ltr'>cum</span> 
     </span>
    </p>
   </div>
   <div class='ocr_carea' id='block_1_74' title="bbox 501 4177 2151 4250">
    <p class='ocr_par' dir='ltr' id='par_1_74' title="bbox 501 4177 2151 4250">
     <span class='ocr_line' id='line_1_74' title="bbox 501 4177 2151 4250; baseline -0.001 -16"><span class='ocrx_word' id='word_1_561' title='bbox 501 4179 688 4234; x_wconf 89' lang='lat' dir='ltr'>multa</span> <span class='ocrx_word' id='word_1_562' title='bbox 718 4179 902 4235; x_wconf 89' lang='lat' dir='ltr'>animi</span> <span class='ocrx_word' id='word_1_563' title='bbox 928 4177 1368 4250; x_wconf 86' lang='lat' dir='ltr'>tranquillitate.</span> <span class='ocrx_word' id='word_1_564' title='bbox 1404 4181 1615 4235; x_wconf 91' lang='lat' dir='ltr'>Deinde</span> <span class='ocrx_word' id='word_1_565' title='bbox 1651 4195 1789 4235; x_wconf 93' lang='lat' dir='ltr'>cum</span> <span class='ocrx_word' id='word_1_566' title='bbox 1838 4178 1987 4233; x_wconf 88' lang='lat' dir='ltr'>ferre</span> <span class='ocrx_word' id='word_1_567' title='bbox 2030 4192 2151 4233; x_wconf 89' lang='lat' dir='ltr'>non</span> 
     </span>
    </p>
   </div>
   <div class='ocr_carea' id='block_1_75' title="bbox 498 4267 2152 4338">
    <p class='ocr_par' dir='ltr' id='par_1_75' title="bbox 498 4267 2152 4338">
     <span class='ocr_line' id='line_1_75' title="bbox 498 4267 2152 4338; baseline -0.002 -15"><span class='ocrx_word' id='word_1_568' title='bbox 498 4273 697 4338; x_wconf 90' lang='lat' dir='ltr'>posset</span> <span class='ocrx_word' id='word_1_569' title='bbox 726 4267 1007 4333; x_wconf 67' lang='lat' dir='ltr'>laetitiam,</span> <span class='ocrx_word' id='word_1_570' title='bbox 1050 4268 1127 4322; x_wconf 90' lang='lat' dir='ltr'>ad</span> <span class='ocrx_word' id='word_1_571' title='bbox 1158 4285 1353 4324; x_wconf 90' lang='lat' dir='ltr'>senem</span> <span class='ocrx_word' id='word_1_572' title='bbox 1384 4269 1609 4324; x_wconf 90' lang='lat' dir='ltr'>accedit</span> <span class='ocrx_word' id='word_1_573' title='bbox 1654 4268 2051 4332; x_wconf 88' lang='lat' dir='ltr'>Hermolaum,</span> <span class='ocrx_word' id='word_1_574' title='bbox 2096 4273 2152 4322; x_wconf 89' lang='lat' dir='ltr'>et</span> 
     </span>
    </p>
   </div>
   <div class='ocr_carea' id='block_1_76' title="bbox 2279 3117 3873 3195">
    <p class='ocr_par' dir='ltr' id='par_1_76' title="bbox 2279 3117 3873 3195">
     <span class='ocr_line' id='line_1_76' title="bbox 2279 3117 3873 3195; baseline 0.003 -25"><span class='ocrx_word' id='word_1_575' title='bbox 2279 3117 2489 3191; x_wconf 76' lang='grc' dir='ltr'><em>ἐπανῄει</em></span> <span class='ocrx_word' id='word_1_576' title='bbox 2557 3126 2646 3172; x_wconf 86' lang='grc' dir='ltr'><em>καὶ</em></span> <span class='ocrx_word' id='word_1_577' title='bbox 2714 3130 2786 3191; x_wconf 81' lang='grc' dir='ltr'>τῷ</span> <span class='ocrx_word' id='word_1_578' title='bbox 2858 3118 3059 3192; x_wconf 86' lang='grc' dir='ltr'><em>παιδίῳ</em></span> <span class='ocrx_word' id='word_1_579' title='bbox 3128 3126 3449 3194; x_wconf 88' lang='grc' dir='ltr'><em>παρίσταται</em></span> <span class='ocrx_word' id='word_1_580' title='bbox 3485 3141 3497 3153; x_wconf 80' lang='grc'><em>’</em></span> <span class='ocrx_word' id='word_1_581' title='bbox 3561 3124 3723 3195; x_wconf 83' lang='grc' dir='ltr'><em>ἔκρινε</em></span> <span class='ocrx_word' id='word_1_582' title='bbox 3776 3125 3873 3195; x_wconf 84' lang='grc' dir='ltr'><em>γὰρ</em></span> 
     </span>
    </p>
   </div>
   <div class='ocr_carea' id='block_1_77' title="bbox 2278 3210 3869 3284">
    <p class='ocr_par' dir='ltr' id='par_1_77' title="bbox 2278 3210 3869 3284">
     <span class='ocr_line' id='line_1_77' title="bbox 2278 3210 3869 3284; baseline 0.002 -26"><span class='ocrx_word' id='word_1_583' title='bbox 2278 3211 2530 3279; x_wconf 70' lang='grc' dir='ltr'><em>αὔταρκες</em></span> <span class='ocrx_word' id='word_1_584' title='bbox 2585 3217 2796 3280; x_wconf 87' lang='grc' dir='ltr'><em>σημεῖον</em></span> <span class='ocrx_word' id='word_1_585' title='bbox 2845 3218 2998 3261; x_wconf 84' lang='grc' dir='ltr'><em>τοῦτο</em></span> <span class='ocrx_word' id='word_1_586' title='bbox 3056 3218 3154 3261; x_wconf 86' lang='grc' dir='ltr'>τῶν</span> <span class='ocrx_word' id='word_1_587' title='bbox 3197 3218 3289 3261; x_wconf 87' lang='grc' dir='ltr'>τοῦ</span> <span class='ocrx_word' id='word_1_588' title='bbox 3340 3210 3632 3284; x_wconf 74' lang='grc' dir='ltr'><em>πρεσϐύτου</em></span> <span class='ocrx_word' id='word_1_589' title='bbox 3692 3211 3869 3282; x_wconf 72' lang='grc' dir='ltr'><em>λόγων,</em></span> 
     </span>
    </p>
   </div>
   <div class='ocr_carea' id='block_1_78' title="bbox 2276 3295 3872 3375">
    <p class='ocr_par' dir='ltr' id='par_1_78' title="bbox 2276 3295 3872 3375">
     <span class='ocr_line' id='line_1_78' title="bbox 2276 3295 3872 3375; baseline 0.004 -30"><span class='ocrx_word' id='word_1_590' title='bbox 2276 3295 2495 3366; x_wconf 81' lang='grc' dir='ltr'><em>ὀφθῆναι</em></span> <span class='ocrx_word' id='word_1_591' title='bbox 2522 3298 2565 3348; x_wconf 84' lang='grc' dir='ltr'><em>εἰ</em></span> <span class='ocrx_word' id='word_1_592' title='bbox 2609 3295 2853 3367; x_wconf 70' lang='grc' dir='ltr'><em>ἀφευδῶς</em></span> <span class='ocrx_word' id='word_1_593' title='bbox 2883 3301 3052 3369; x_wconf 84' lang='grc' dir='ltr'><em>ἔχοιεν</em></span> <span class='ocrx_word' id='word_1_594' title='bbox 3083 3316 3094 3329; x_wconf 74' lang='grc'><strong><em>⁸</em></strong></span> <span class='ocrx_word' id='word_1_595' title='bbox 3130 3298 3486 3357; x_wconf 76' lang='grc' dir='ltr'><em>ἀναστήσεται</em></span> <span class='ocrx_word' id='word_1_596' title='bbox 3523 3303 3624 3375; x_wconf 81' lang='grc' dir='ltr'><em>γὰρ</em></span> <span class='ocrx_word' id='word_1_597' title='bbox 3656 3304 3713 3351; x_wconf 88' lang='grc' dir='ltr'>τό</span> <span class='ocrx_word' id='word_1_598' title='bbox 3758 3320 3872 3351; x_wconf 87' lang='grc' dir='ltr'><em>παι-</em></span> 
     </span>
    </p>
   </div>
   <div class='ocr_carea' id='block_1_79' title="bbox 2276 3380 3871 3461">
    <p class='ocr_par' dir='ltr' id='par_1_79' title="bbox 2276 3380 3871 3461">
     <span class='ocr_line' id='line_1_79' title="bbox 2276 3380 3871 3461; baseline 0.004 -26"><span class='ocrx_word' id='word_1_599' title='bbox 2276 3380 2408 3451; x_wconf 88' lang='grc' dir='ltr'><em>δίον,</em></span> <span class='ocrx_word' id='word_1_600' title='bbox 2443 3388 2557 3457; x_wconf 79' lang='grc' dir='ltr'><em>ἔφη,</em></span> <span class='ocrx_word' id='word_1_601' title='bbox 2588 3394 2657 3456; x_wconf 88' lang='grc' dir='ltr'><em>τῷ</em></span> <span class='ocrx_word' id='word_1_602' title='bbox 2690 3386 2848 3438; x_wconf 72' lang='grc' dir='ltr'><em>αὐτοῦ</em></span> <span class='ocrx_word' id='word_1_603' title='bbox 2877 3388 3073 3461; x_wconf 81' lang='grc' dir='ltr'><em>ῥήματι</em></span> <span class='ocrx_word' id='word_1_604' title='bbox 3102 3393 3191 3440; x_wconf 85' lang='grc' dir='ltr'><em>καὶ</em></span> <span class='ocrx_word' id='word_1_605' title='bbox 3232 3391 3290 3440; x_wconf 89' lang='grc' dir='ltr'><em>τὸ</em></span> <span class='ocrx_word' id='word_1_606' title='bbox 3325 3390 3503 3461; x_wconf 87' lang='grc' dir='ltr'><em>θηρίον</em></span> <span class='ocrx_word' id='word_1_607' title='bbox 3551 3389 3575 3440; x_wconf 86' lang='grc' dir='ltr'>ὁ</span> <span class='ocrx_word' id='word_1_608' title='bbox 3620 3385 3871 3461; x_wconf 72' lang='grc' dir='ltr'><em>δέδρακεν</em></span> 
     </span>
    </p>
   </div>
   <div class='ocr_carea' id='block_1_80' title="bbox 2273 3471 3870 3549">
    <p class='ocr_par' dir='ltr' id='par_1_80' title="bbox 2273 3471 3870 3549">
     <span class='ocr_line' id='line_1_80' title="bbox 2273 3471 3870 3549; baseline 0.004 -26"><span class='ocrx_word' id='word_1_609' title='bbox 2273 3471 2451 3538; x_wconf 80' lang='grc' dir='ltr'><em>ἐκεῖνο,</em></span> <span class='ocrx_word' id='word_1_610' title='bbox 2480 3479 2735 3531; x_wconf 87' lang='grc' dir='ltr'><em>πείσεται.</em></span> <span class='ocrx_word' id='word_1_611' title='bbox 2766 3483 2929 3529; x_wconf 88' lang='grc' dir='ltr'><em>Τοῦτο</em></span> <span class='ocrx_word' id='word_1_612' title='bbox 2962 3477 3033 3537; x_wconf 86' lang='grc' dir='ltr'><em>εἰς</em></span> <span class='ocrx_word' id='word_1_613' title='bbox 3062 3484 3178 3529; x_wconf 92' lang='grc' dir='ltr'><em>νοῦν</em></span> <span class='ocrx_word' id='word_1_614' title='bbox 3220 3497 3272 3529; x_wconf 90' lang='grc' dir='ltr'>τε</span> <span class='ocrx_word' id='word_1_615' title='bbox 3304 3477 3451 3530; x_wconf 58' lang='grc' dir='ltr'><em>ὒαϐε</em></span> <span class='ocrx_word' id='word_1_616' title='bbox 3480 3483 3569 3529; x_wconf 85' lang='grc' dir='ltr'><em>καὶ</em></span> <span class='ocrx_word' id='word_1_617' title='bbox 3602 3474 3672 3529; x_wconf 85' lang='grc' dir='ltr'><em>δι’</em></span> <span class='ocrx_word' id='word_1_618' title='bbox 3705 3478 3870 3549; x_wconf 66' lang='grc' dir='ltr'><em>εὐχῆς</em></span> 
     </span>
    </p>
   </div>
   <div class='ocr_carea' id='block_1_81' title="bbox 2271 3563 3859 3642">
    <p class='ocr_par' dir='ltr' id='par_1_81' title="bbox 2271 3563 3859 3642">
     <span class='ocr_line' id='line_1_81' title="bbox 2271 3563 3859 3642; baseline 0.001 -27"><span class='ocrx_word' id='word_1_619' title='bbox 2271 3566 2435 3634; x_wconf 77' lang='grc' dir='ltr'><em>ᾔτησε</em></span> <span class='ocrx_word' id='word_1_620' title='bbox 2459 3570 2548 3617; x_wconf 85' lang='grc' dir='ltr'><em>καὶ</em></span> <span class='ocrx_word' id='word_1_621' title='bbox 2574 3565 2684 3636; x_wconf 77' lang='grc' dir='ltr'>ἅμα</span> <span class='ocrx_word' id='word_1_622' title='bbox 2723 3568 2889 3640; x_wconf 78' lang='grc' dir='ltr'><em>ὡράτο</em></span> <span class='ocrx_word' id='word_1_623' title='bbox 2923 3567 3023 3626; x_wconf 78' lang='grc' dir='ltr'><em>ζῶν</em></span> <span class='ocrx_word' id='word_1_624' title='bbox 3054 3570 3110 3619; x_wconf 89' lang='grc' dir='ltr'>τό</span> <span class='ocrx_word' id='word_1_625' title='bbox 3137 3563 3370 3632; x_wconf 86' lang='grc' dir='ltr'><em>παιδίον,</em></span> <span class='ocrx_word' id='word_1_626' title='bbox 3404 3570 3429 3619; x_wconf 90' lang='grc' dir='ltr'>ό</span> <span class='ocrx_word' id='word_1_627' title='bbox 3464 3570 3559 3642; x_wconf 85' lang='grc' dir='ltr'>θήρ</span> <span class='ocrx_word' id='word_1_628' title='bbox 3593 3569 3859 3631; x_wconf 85' lang='grc' dir='ltr'><em>τεθνηκὼς,</em></span> 
     </span>
    </p>
   </div>
   <div class='ocr_carea' id='block_1_82' title="bbox 2268 3653 3859 3729">
    <p class='ocr_par' dir='ltr' id='par_1_82' title="bbox 2268 3653 3859 3729">
     <span class='ocr_line' id='line_1_82' title="bbox 2268 3653 3859 3729; baseline 0.003 -26"><span class='ocrx_word' id='word_1_629' title='bbox 2268 3653 2291 3702; x_wconf 91' lang='grc' dir='ltr'>ό</span> <span class='ocrx_word' id='word_1_630' title='bbox 2338 3658 2518 3714; x_wconf 85' lang='grc' dir='ltr'><em>νοητὸς</em></span> <span class='ocrx_word' id='word_1_631' title='bbox 2549 3674 2601 3706; x_wconf 89' lang='grc' dir='ltr'>τε</span> <span class='ocrx_word' id='word_1_632' title='bbox 2632 3656 2752 3727; x_wconf 88' lang='grc' dir='ltr'><em>παρ’</em></span> <span class='ocrx_word' id='word_1_633' title='bbox 2786 3654 2949 3725; x_wconf 83' lang='grc' dir='ltr'><em>ἐαυτῷ</em></span> <span class='ocrx_word' id='word_1_634' title='bbox 2998 3658 3093 3729; x_wconf 82' lang='grc' dir='ltr'>θὴρ</span> <span class='ocrx_word' id='word_1_635' title='bbox 3141 3661 3229 3707; x_wconf 88' lang='grc' dir='ltr'><em>καὶ</em></span> <span class='ocrx_word' id='word_1_636' title='bbox 3277 3665 3371 3716; x_wconf 79' lang='grc' dir='ltr'>τῆς</span> <span class='ocrx_word' id='word_1_637' title='bbox 3417 3655 3649 3716; x_wconf 84' lang='grc' dir='ltr'><em>ἀσεϐείας</em></span> <span class='ocrx_word' id='word_1_638' title='bbox 3690 3661 3859 3729; x_wconf 80' lang='grc' dir='ltr'><em>πατὴρ</em></span> 
     </span>
    </p>
   </div>
   <div class='ocr_carea' id='block_1_83' title="bbox 2269 3740 3634 3819">
    <p class='ocr_par' dir='ltr' id='par_1_83' title="bbox 2269 3740 3634 3819">
     <span class='ocr_line' id='line_1_83' title="bbox 2269 3740 3634 3819; baseline 0.005 -28"><span class='ocrx_word' id='word_1_639' title='bbox 2269 3740 2418 3813; x_wconf 80' lang='grc' dir='ltr'><em>(πῆρ)</em></span> <span class='ocrx_word' id='word_1_640' title='bbox 2446 3742 2615 3813; x_wconf 82' lang='grc' dir='ltr'><em>πολλῷ</em></span> <span class='ocrx_word' id='word_1_641' title='bbox 2651 3743 2797 3795; x_wconf 87' lang='grc' dir='ltr'><em>πλέον</em></span> <span class='ocrx_word' id='word_1_642' title='bbox 2830 3743 3103 3805; x_wconf 84' lang='grc' dir='ltr'><em>ἀπολωλὼς</em></span> <span class='ocrx_word' id='word_1_643' title='bbox 3134 3748 3222 3796; x_wconf 87' lang='grc' dir='ltr'><em>καὶ</em></span> <span class='ocrx_word' id='word_1_644' title='bbox 3248 3740 3282 3796; x_wconf 85' lang='grc' dir='ltr'>δ</span> <span class='ocrx_word' id='word_1_645' title='bbox 3288 3746 3634 3819; x_wconf 79' lang='grc' dir='ltr'><em>ιεφθαρμένος.</em></span> 
     </span>
    </p>
   </div>
   <div class='ocr_carea' id='block_1_84' title="bbox 2340 3829 3866 3906">
    <p class='ocr_par' dir='ltr' id='par_1_84' title="bbox 2340 3829 3866 3906">
     <span class='ocr_line' id='line_1_84' title="bbox 2340 3829 3866 3906; baseline 0.004 -25"><span class='ocrx_word' id='word_1_646' title='bbox 2340 3829 2409 3885; x_wconf 86' lang='grc' dir='ltr'>Ε’.</span> <span class='ocrx_word' id='word_1_647' title='bbox 2447 3834 2620 3889; x_wconf 86' lang='grc' dir='ltr'><em>Ταύτη</em></span> <span class='ocrx_word' id='word_1_648' title='bbox 2677 3841 2952 3906; x_wconf 84' lang='grc' dir='ltr'><em>τοιγαροῦν</em></span> <span class='ocrx_word' id='word_1_649' title='bbox 2996 3834 3022 3884; x_wconf 92' lang='grc' dir='ltr'>ό</span> <span class='ocrx_word' id='word_1_650' title='bbox 3075 3832 3366 3885; x_wconf 88' lang='grc' dir='ltr'><em>Παντολέων</em></span> <span class='ocrx_word' id='word_1_651' title='bbox 3419 3834 3491 3896; x_wconf 82' lang='grc' dir='ltr'><em>εἰς</em></span> <span class='ocrx_word' id='word_1_652' title='bbox 3540 3839 3634 3892; x_wconf 83' lang='grc' dir='ltr'>τὴν</span> <span class='ocrx_word' id='word_1_653' title='bbox 3680 3834 3866 3887; x_wconf 86' lang='grc' dir='ltr'><em>τελειό-</em></span> 
     </span>
    </p>
   </div>
   <div class='ocr_carea' id='block_1_85' title="bbox 2267 3921 3862 3994">
    <p class='ocr_par' dir='ltr' id='par_1_85' title="bbox 2267 3921 3862 3994">
     <span class='ocr_line' id='line_1_85' title="bbox 2267 3921 3862 3994; baseline 0.005 -27"><span class='ocrx_word' id='word_1_654' title='bbox 2267 3936 2401 3974; x_wconf 90' lang='grc' dir='ltr'><em>τητα</em></span> <span class='ocrx_word' id='word_1_655' title='bbox 2446 3926 2539 3980; x_wconf 89' lang='grc' dir='ltr'>τῆς</span> <span class='ocrx_word' id='word_1_656' title='bbox 2596 3923 2727 3972; x_wconf 86' lang='grc' dir='ltr'><em>κατὰ</em></span> <span class='ocrx_word' id='word_1_657' title='bbox 2773 3925 3003 3994; x_wconf 83' lang='grc' dir='ltr'><em>Χριστόν</em></span> <span class='ocrx_word' id='word_1_658' title='bbox 3049 3927 3274 3984; x_wconf 88' lang='grc' dir='ltr'><em>πίστεως</em></span> <span class='ocrx_word' id='word_1_659' title='bbox 3321 3927 3673 3987; x_wconf 80' lang='grc' dir='ltr'><em>καταντήσας,</em></span> <span class='ocrx_word' id='word_1_660' title='bbox 3727 3921 3862 3977; x_wconf 81' lang='grc' dir='ltr'><em>εἶδεν</em></span> 
     </span>
    </p>
   </div>
   <div class='ocr_carea' id='block_1_86' title="bbox 2265 4005 3862 4083">
    <p class='ocr_par' dir='ltr' id='par_1_86' title="bbox 2265 4005 3862 4083">
     <span class='ocr_line' id='line_1_86' title="bbox 2265 4005 3862 4083; baseline 0.006 -28"><span class='ocrx_word' id='word_1_661' title='bbox 2265 4005 2411 4066; x_wconf 81' lang='grc' dir='ltr'><em>εὐθὺς</em></span> <span class='ocrx_word' id='word_1_662' title='bbox 2443 4006 2515 4068; x_wconf 86' lang='grc' dir='ltr'>εὶς</span> <span class='ocrx_word' id='word_1_663' title='bbox 2560 4011 2645 4059; x_wconf 88' lang='grc' dir='ltr'><em>τὸν</em></span> <span class='ocrx_word' id='word_1_664' title='bbox 2691 4010 2903 4081; x_wconf 80' lang='grc' dir='ltr'><em>οὐρανὸν</em></span> <span class='ocrx_word' id='word_1_665' title='bbox 2951 4018 3057 4071; x_wconf 86' lang='grc' dir='ltr'><em>τοῖς</em></span> <span class='ocrx_word' id='word_1_666' title='bbox 3102 4010 3196 4073; x_wconf 86' lang='grc' dir='ltr'><em>ἔξω</em></span> <span class='ocrx_word' id='word_1_667' title='bbox 3238 4010 3348 4083; x_wconf 85' lang='grc' dir='ltr'>άμα</span> <span class='ocrx_word' id='word_1_668' title='bbox 3394 4017 3483 4063; x_wconf 82' lang='grc' dir='ltr'><em>καὶ</em></span> <span class='ocrx_word' id='word_1_669' title='bbox 3515 4020 3624 4073; x_wconf 86' lang='grc' dir='ltr'><em>τοῖς</em></span> <span class='ocrx_word' id='word_1_670' title='bbox 3671 4014 3862 4066; x_wconf 83' lang='grc' dir='ltr'><em>ἔσωθεν</em></span> 
     </span>
    </p>
   </div>
   <div class='ocr_carea' id='block_1_87' title="bbox 2264 4093 3861 4167">
    <p class='ocr_par' dir='ltr' id='par_1_87' title="bbox 2264 4093 3861 4167">
     <span class='ocr_line' id='line_1_87' title="bbox 2264 4093 3861 4167; baseline 0.005 -22"><span class='ocrx_word' id='word_1_671' title='bbox 2264 4093 2539 4167; x_wconf 76' lang='grc' dir='ltr'><em>ὀφθαλμοῖς</em></span> <span class='ocrx_word' id='word_1_672' title='bbox 2591 4102 2679 4148; x_wconf 82' lang='grc' dir='ltr'><em>καὶ</em></span> <span class='ocrx_word' id='word_1_673' title='bbox 2743 4102 2828 4150; x_wconf 87' lang='grc' dir='ltr'>τόν</span> <span class='ocrx_word' id='word_1_674' title='bbox 2887 4099 3177 4151; x_wconf 86' lang='grc' dir='ltr'><em>καλέσαντα</em></span> <span class='ocrx_word' id='word_1_675' title='bbox 3244 4103 3371 4153; x_wconf 86' lang='grc' dir='ltr'><em>Θεὸν</em></span> <span class='ocrx_word' id='word_1_676' title='bbox 3443 4098 3542 4152; x_wconf 85' lang='grc' dir='ltr'><em>ἀπὸ</em></span> <span class='ocrx_word' id='word_1_677' title='bbox 3614 4108 3706 4152; x_wconf 87' lang='grc' dir='ltr'>τοῦ</span> <span class='ocrx_word' id='word_1_678' title='bbox 3764 4111 3861 4163; x_wconf 87' lang='grc' dir='ltr'>τῆς</span> 
     </span>
    </p>
   </div>
   <div class='ocr_carea' id='block_1_88' title="bbox 2263 4180 3860 4261">
    <p class='ocr_par' dir='ltr' id='par_1_88' title="bbox 2263 4180 3860 4261">
     <span class='ocr_line' id='line_1_88' title="bbox 2263 4180 3860 4261; baseline 0.006 -28"><span class='ocrx_word' id='word_1_679' title='bbox 2263 4180 2513 4245; x_wconf 82' lang='grc' dir='ltr'><em>ἀπωλείας</em></span> <span class='ocrx_word' id='word_1_680' title='bbox 2575 4190 2788 4248; x_wconf 87' lang='grc' dir='ltr'><em>σκότους</em></span> <span class='ocrx_word' id='word_1_681' title='bbox 2838 4188 2909 4250; x_wconf 86' lang='grc' dir='ltr'><em>εἰς</em></span> <span class='ocrx_word' id='word_1_682' title='bbox 2954 4193 3009 4240; x_wconf 89' lang='grc' dir='ltr'><em>τὸ</em></span> <span class='ocrx_word' id='word_1_683' title='bbox 3060 4192 3243 4260; x_wconf 77' lang='grc' dir='ltr'><em>φέγγος</em></span> <span class='ocrx_word' id='word_1_684' title='bbox 3292 4198 3385 4250; x_wconf 82' lang='grc' dir='ltr'>τῆς</span> <span class='ocrx_word' id='word_1_685' title='bbox 3435 4188 3676 4251; x_wconf 81' lang='grc' dir='ltr'><em>ἀληθείας</em></span> <span class='ocrx_word' id='word_1_686' title='bbox 3723 4194 3860 4261; x_wconf 80' lang='grc' dir='ltr'><em>μετὰ</em></span> 
     </span>
    </p>
   </div>
   <div class='ocr_carea' id='block_1_89' title="bbox 2259 4270 3854 4348">
    <p class='ocr_par' dir='ltr' id='par_1_89' title="bbox 2259 4270 3854 4348">
     <span class='ocr_line' id='line_1_89' title="bbox 2259 4270 3854 4348; baseline 0.005 -27"><span class='ocrx_word' id='word_1_687' title='bbox 2259 4270 2451 4334; x_wconf 86' lang='grc' dir='ltr'><em>πολλῆς</em></span> <span class='ocrx_word' id='word_1_688' title='bbox 2508 4274 2702 4345; x_wconf 77' lang='grc' dir='ltr'><em>εὐλόγει</em></span> <span class='ocrx_word' id='word_1_689' title='bbox 2754 4283 2843 4335; x_wconf 79' lang='grc' dir='ltr'><em>τῆς</em></span> <span class='ocrx_word' id='word_1_690' title='bbox 2894 4276 3155 4348; x_wconf 75' lang='grc' dir='ltr'><em>εὐθυμίας.</em></span> <span class='ocrx_word' id='word_1_691' title='bbox 3208 4274 3334 4329; x_wconf 84' lang='grc' dir='ltr'><em>Εἶτα</em></span> <span class='ocrx_word' id='word_1_692' title='bbox 3385 4277 3488 4347; x_wconf 86' lang='grc' dir='ltr'>ούχ</span> <span class='ocrx_word' id='word_1_693' title='bbox 3538 4274 3645 4338; x_wconf 84' lang='grc' dir='ltr'><em>οἶός</em></span> <span class='ocrx_word' id='word_1_694' title='bbox 3686 4297 3739 4330; x_wconf 87' lang='grc' dir='ltr'>τε</span> <span class='ocrx_word' id='word_1_695' title='bbox 3784 4280 3854 4329; x_wconf 83' lang='grc' dir='ltr'><em>ὧν</em></span> 
     </span>
    </p>
   </div>
   <div class='ocr_carea' id='block_1_90' title="bbox 496 4355 2153 4449">
    <p class='ocr_par' dir='ltr' id='par_1_90' title="bbox 496 4355 2148 4427">
     <span class='ocr_line' id='line_1_90' title="bbox 496 4355 2148 4427; baseline 0.001 -17"><span class='ocrx_word' id='word_1_696' title='bbox 496 4356 738 4427; x_wconf 86' lang='lat' dir='ltr'>exponit</span> <span class='ocrx_word' id='word_1_697' title='bbox 769 4355 825 4409; x_wconf 91' lang='lat' dir='ltr'>id</span> <span class='ocrx_word' id='word_1_698' title='bbox 866 4358 1028 4424; x_wconf 88' lang='lat' dir='ltr'>quod</span> <span class='ocrx_word' id='word_1_699' title='bbox 1061 4358 1374 4424; x_wconf 87' lang='lat' dir='ltr'>acciderat,</span> <span class='ocrx_word' id='word_1_700' title='bbox 1406 4363 1461 4410; x_wconf 83' lang='lat' dir='ltr'>et</span> <span class='ocrx_word' id='word_1_701' title='bbox 1513 4356 1921 4410; x_wconf 87' lang='lat' dir='ltr'>venerandum</span> <span class='ocrx_word' id='word_1_702' title='bbox 1971 4356 2049 4409; x_wconf 91' lang='lat' dir='ltr'>ab</span> <span class='ocrx_word' id='word_1_703' title='bbox 2080 4371 2148 4411; x_wconf 90' lang='lat' dir='ltr'>eo</span> 
     </span>
    </p>
   </div>
   <div class='ocr_carea' id='block_1_91' title="bbox 2264 4355 3846 4449">
    <p class='ocr_par' dir='ltr' id='par_1_91' title="bbox 2264 4362 3846 4440">
     <span class='ocr_line' id='line_1_91' title="bbox 2264 4362 3846 4440; baseline 0.006 -30"><span class='ocrx_word' id='word_1_704' title='bbox 2264 4363 2422 4433; x_wconf 83' lang='grc' dir='ltr'><em>φέρειν</em></span> <span class='ocrx_word' id='word_1_705' title='bbox 2474 4367 2567 4420; x_wconf 75' lang='grc' dir='ltr'>τήν</span> <span class='ocrx_word' id='word_1_706' title='bbox 2634 4362 2850 4431; x_wconf 76' lang='grc' dir='ltr'><em>ἡδονήν,</em></span> <span class='ocrx_word' id='word_1_707' title='bbox 2906 4373 2977 4435; x_wconf 80' lang='grc' dir='ltr'>τῷ</span> <span class='ocrx_word' id='word_1_708' title='bbox 3034 4364 3297 4439; x_wconf 71' lang='grc' dir='ltr'><em>πρεσϐύτῃ</em></span> <span class='ocrx_word' id='word_1_709' title='bbox 3353 4371 3622 4438; x_wconf 86' lang='grc' dir='ltr'><em>πρόσεισιν</em></span> <span class='ocrx_word' id='word_1_710' title='bbox 3672 4366 3846 4440; x_wconf 82' lang='grc' dir='ltr'><em>Ἕρμο-</em></span> 
     </span>
    </p>
   </div>
   <div class='ocr_carea' id='block_1_92' title="bbox 493 4443 2153 4527">
    <p class='ocr_par' dir='ltr' id='par_1_92' title="bbox 493 4443 2145 4515">
     <span class='ocr_line' id='line_1_92' title="bbox 493 4443 2145 4515; baseline 0.001 -17"><span class='ocrx_word' id='word_1_711' title='bbox 493 4445 640 4514; x_wconf 86' lang='lat' dir='ltr'>petit</span> <span class='ocrx_word' id='word_1_712' title='bbox 661 4443 1046 4513; x_wconf 90' lang='lat' dir='ltr'>baptismum.</span> <span class='ocrx_word' id='word_1_713' title='bbox 1069 4444 1166 4496; x_wconf 91' lang='lat' dir='ltr'>Ille</span> <span class='ocrx_word' id='word_1_714' title='bbox 1185 4443 1645 4502; x_wconf 87' lang='lat' dir='ltr'>autem(sciebat</span> <span class='ocrx_word' id='word_1_715' title='bbox 1669 4444 1827 4498; x_wconf 91' lang='lat' dir='ltr'>enim</span> <span class='ocrx_word' id='word_1_716' title='bbox 1854 4445 2145 4515; x_wconf 89' lang='lat' dir='ltr'>quidnam</span> 
     </span>
    </p>
   </div>
   <div class='ocr_carea' id='block_1_93' title="bbox 2264 4443 3847 4527">
    <p class='ocr_par' dir='ltr' id='par_1_93' title="bbox 2264 4448 3847 4527">
     <span class='ocr_line' id='line_1_93' title="bbox 2264 4448 3847 4527; baseline 0.006 -29"><span class='ocrx_word' id='word_1_717' title='bbox 2264 4448 2360 4520; x_wconf 75' lang='grc' dir='ltr'>λάῳ</span> <span class='ocrx_word' id='word_1_718' title='bbox 2400 4456 2573 4503; x_wconf 81' lang='grc' dir='ltr'><em>καὶτὸ</em></span> <span class='ocrx_word' id='word_1_719' title='bbox 2617 4457 2826 4524; x_wconf 81' lang='grc' dir='ltr'><em>γεγονός</em></span> <span class='ocrx_word' id='word_1_720' title='bbox 2870 4453 3130 4524; x_wconf 82' lang='grc' dir='ltr'><em>ἐξηγεῖται</em></span> <span class='ocrx_word' id='word_1_721' title='bbox 3162 4457 3336 4506; x_wconf 87' lang='grc' dir='ltr'><em>καὶτὸ</em></span> <span class='ocrx_word' id='word_1_722' title='bbox 3375 4457 3504 4507; x_wconf 83' lang='grc' dir='ltr'><em>θεῖον</em></span> <span class='ocrx_word' id='word_1_723' title='bbox 3550 4456 3685 4507; x_wconf 82' lang='grc' dir='ltr'><em>αἰτεῖ</em></span> <span class='ocrx_word' id='word_1_724' title='bbox 3725 4456 3847 4527; x_wconf 74' lang='grc' dir='ltr'><em>παρ’</em></span> 
     </span>
    </p>
   </div>
   <div class='ocr_carea' id='block_1_94' title="bbox 491 4530 2153 4617">
    <p class='ocr_par' dir='ltr' id='par_1_94' title="bbox 491 4530 2140 4602">
     <span class='ocr_line' id='line_1_94' title="bbox 491 4530 2140 4602; baseline 0.001 -17"><span class='ocrx_word' id='word_1_725' title='bbox 491 4530 727 4585; x_wconf 89' lang='lat' dir='ltr'>cuinam</span> <span class='ocrx_word' id='word_1_726' title='bbox 766 4530 1030 4602; x_wconf 88' lang='lat' dir='ltr'>largitur)</span> <span class='ocrx_word' id='word_1_727' title='bbox 1066 4530 1124 4584; x_wconf 89' lang='lat' dir='ltr'>in</span> <span class='ocrx_word' id='word_1_728' title='bbox 1168 4531 1281 4585; x_wconf 91' lang='lat' dir='ltr'>hoc</span> <span class='ocrx_word' id='word_1_729' title='bbox 1325 4531 1572 4586; x_wconf 89' lang='lat' dir='ltr'>libenter</span> <span class='ocrx_word' id='word_1_730' title='bbox 1600 4532 1865 4598; x_wconf 89' lang='lat' dir='ltr'>inseruit,</span> <span class='ocrx_word' id='word_1_731' title='bbox 1897 4537 1952 4587; x_wconf 89' lang='lat' dir='ltr'>et</span> <span class='ocrx_word' id='word_1_732' title='bbox 1982 4548 2140 4601; x_wconf 93' lang='lat' dir='ltr'>eum,</span> 
     </span>
    </p>
   </div>
   <div class='ocr_carea' id='block_1_95' title="bbox 2264 4530 3848 4617">
    <p class='ocr_par' dir='ltr' id='par_1_95' title="bbox 2264 4537 3848 4617">
     <span class='ocr_line' id='line_1_95' title="bbox 2264 4537 3848 4617; baseline 0.006 -29"><span class='ocrx_word' id='word_1_733' title='bbox 2264 4538 2416 4589; x_wconf 72' lang='grc' dir='ltr'><em>αὐτοῦ</em></span> <span class='ocrx_word' id='word_1_734' title='bbox 2448 4538 2747 4612; x_wconf 81' lang='grc' dir='ltr'><em>βάπτισμα.</em></span> <span class='ocrx_word' id='word_1_735' title='bbox 2782 4542 2839 4593; x_wconf 91' lang='grc' dir='ltr'>Ὁ</span> <span class='ocrx_word' id='word_1_736' title='bbox 2886 4537 2944 4593; x_wconf 76' lang='grc' dir='ltr'><em>δὲ</em></span> <span class='ocrx_word' id='word_1_737' title='bbox 2977 4538 3120 4614; x_wconf 78' lang='grc' dir='ltr'><em>(ᾔδει</em></span> <span class='ocrx_word' id='word_1_738' title='bbox 3147 4544 3248 4616; x_wconf 82' lang='grc' dir='ltr'><em>γὰρ</em></span> <span class='ocrx_word' id='word_1_739' title='bbox 3277 4544 3381 4595; x_wconf 73' lang='grc' dir='ltr'><em>οἷον</em></span> <span class='ocrx_word' id='word_1_740' title='bbox 3423 4545 3511 4613; x_wconf 79' lang='grc' dir='ltr'><em>οἵῳ</em></span> <span class='ocrx_word' id='word_1_741' title='bbox 3542 4546 3848 4617; x_wconf 85' lang='grc' dir='ltr'><em>χαρίζεται)</em></span> 
     </span>
    </p>
   </div>
   <div class='ocr_carea' id='block_1_96' title="bbox 486 4618 2153 4705">
    <p class='ocr_par' dir='ltr' id='par_1_96' title="bbox 486 4618 2138 4692">
     <span class='ocr_line' id='line_1_96' title="bbox 486 4618 2138 4692; baseline 0.002 -18"><span class='ocrx_word' id='word_1_742' title='bbox 486 4620 741 4692; x_wconf 90' lang='lat' dir='ltr'>quierat</span> <span class='ocrx_word' id='word_1_743' title='bbox 788 4619 917 4674; x_wconf 91' lang='lat' dir='ltr'>luce</span> <span class='ocrx_word' id='word_1_744' title='bbox 957 4618 1195 4688; x_wconf 88' lang='lat' dir='ltr'>dignus,</span> <span class='ocrx_word' id='word_1_745' title='bbox 1248 4619 1448 4675; x_wconf 90' lang='lat' dir='ltr'>divino</span> <span class='ocrx_word' id='word_1_746' title='bbox 1480 4620 1705 4691; x_wconf 89' lang='lat' dir='ltr'>perﬁcit</span> <span class='ocrx_word' id='word_1_747' title='bbox 1759 4620 2138 4691; x_wconf 75' lang='lat' dir='ltr'>baptismate,</span> 
     </span>
    </p>
   </div>
   <div class='ocr_carea' id='block_1_97' title="bbox 2264 4618 3849 4705">
    <p class='ocr_par' dir='ltr' id='par_1_97' title="bbox 2264 4626 3849 4705">
     <span class='ocr_line' id='line_1_97' title="bbox 2264 4626 3849 4705; baseline 0.005 -27"><span class='ocrx_word' id='word_1_748' title='bbox 2264 4628 2474 4699; x_wconf 77' lang='grc' dir='ltr'><em>ἰσμενος</em></span> <span class='ocrx_word' id='word_1_749' title='bbox 2561 4626 2764 4700; x_wconf 84' lang='grc' dir='ltr'><em>ἀσμένῳ</em></span> <span class='ocrx_word' id='word_1_750' title='bbox 2836 4631 3080 4702; x_wconf 81' lang='grc' dir='ltr'><em>ὑπηρετεῖ</em></span> <span class='ocrx_word' id='word_1_751' title='bbox 3154 4636 3242 4684; x_wconf 89' lang='grc' dir='ltr'><em>καὶ</em></span> <span class='ocrx_word' id='word_1_752' title='bbox 3319 4634 3435 4703; x_wconf 90' lang='grc' dir='ltr'><em>θείῳ</em></span> <span class='ocrx_word' id='word_1_753' title='bbox 3514 4631 3849 4705; x_wconf 81' lang='grc' dir='ltr'><em>βαπτίσματι</em></span> 
     </span>
    </p>
   </div>
   <div class='ocr_carea' id='block_1_98' title="bbox 486 4707 2135 4779">
    <p class='ocr_par' dir='ltr' id='par_1_98' title="bbox 486 4707 2135 4779">
     <span class='ocr_line' id='line_1_98' title="bbox 486 4707 2135 4779; baseline 0.002 -16"><span class='ocrx_word' id='word_1_754' title='bbox 486 4709 632 4763; x_wconf 89' lang='lat' dir='ltr'>Cum</span> <span class='ocrx_word' id='word_1_755' title='bbox 699 4724 834 4763; x_wconf 90' lang='lat' dir='ltr'>vero</span> <span class='ocrx_word' id='word_1_756' title='bbox 895 4714 1121 4779; x_wconf 90' lang='lat' dir='ltr'>septem</span> <span class='ocrx_word' id='word_1_757' title='bbox 1172 4707 1301 4764; x_wconf 90' lang='lat' dir='ltr'>dies</span> <span class='ocrx_word' id='word_1_758' title='bbox 1359 4709 1677 4763; x_wconf 89' lang='lat' dir='ltr'>mansisset</span> <span class='ocrx_word' id='word_1_759' title='bbox 1719 4710 1875 4778; x_wconf 88' lang='lat' dir='ltr'>apud</span> <span class='ocrx_word' id='word_1_760' title='bbox 1909 4724 2135 4777; x_wconf 86' lang='lat' dir='ltr'>senem,</span> 
     </span>
    </p>
   </div>
   <div class='ocr_carea' id='block_1_99' title="bbox 481 4796 2135 4868">
    <p class='ocr_par' dir='ltr' id='par_1_99' title="bbox 481 4796 2135 4868">
     <span class='ocr_line' id='line_1_99' title="bbox 481 4796 2135 4868; baseline 0.003 -17"><span class='ocrx_word' id='word_1_761' title='bbox 481 4797 813 4867; x_wconf 89' lang='lat' dir='ltr'>poculentis</span> <span class='ocrx_word' id='word_1_762' title='bbox 877 4797 1067 4867; x_wconf 88' lang='lat' dir='ltr'>ipsius</span> <span class='ocrx_word' id='word_1_763' title='bbox 1142 4796 1337 4851; x_wconf 86' lang='lat' dir='ltr'>verbis</span> <span class='ocrx_word' id='word_1_764' title='bbox 1396 4812 1497 4852; x_wconf 89' lang='lat' dir='ltr'>cor</span> <span class='ocrx_word' id='word_1_765' title='bbox 1552 4797 1678 4867; x_wconf 86' lang='lat' dir='ltr'>ejus</span> <span class='ocrx_word' id='word_1_766' title='bbox 1736 4797 2028 4868; x_wconf 89' lang='lat' dir='ltr'>irrigatur,</span> <span class='ocrx_word' id='word_1_767' title='bbox 2080 4805 2135 4856; x_wconf 91' lang='lat' dir='ltr'>et</span> 
     </span>
    </p>
   </div>
   <div class='ocr_carea' id='block_1_100' title="bbox 480 4884 2130 4957">
    <p class='ocr_par' dir='ltr' id='par_1_100' title="bbox 480 4884 2130 4957">
     <span class='ocr_line' id='line_1_100' title="bbox 480 4884 2130 4957; baseline 0.003 -19"><span class='ocrx_word' id='word_1_768' title='bbox 480 4884 771 4955; x_wconf 82' lang='lat' dir='ltr'>pingueﬁt</span> <span class='ocrx_word' id='word_1_769' title='bbox 796 4885 1021 4950; x_wconf 89' lang='lat' dir='ltr'>anima,</span> <span class='ocrx_word' id='word_1_770' title='bbox 1056 4890 1377 4956; x_wconf 89' lang='lat' dir='ltr'>venterque</span> <span class='ocrx_word' id='word_1_771' title='bbox 1408 4884 1624 4939; x_wconf 89' lang='lat' dir='ltr'>divinis</span> <span class='ocrx_word' id='word_1_772' title='bbox 1649 4884 1927 4957; x_wconf 87' lang='lat' dir='ltr'>impletur</span> <span class='ocrx_word' id='word_1_773' title='bbox 1943 4886 2130 4944; x_wconf 90' lang='lat' dir='ltr'>ﬂumi-</span> 
     </span>
    </p>
   </div>
   <div class='ocr_carea' id='block_1_101' title="bbox 480 4973 2131 5046">
    <p class='ocr_par' dir='ltr' id='par_1_101' title="bbox 480 4973 2131 5046">
     <span class='ocr_line' id='line_1_101' title="bbox 480 4973 2131 5046; baseline 0.003 -19"><span class='ocrx_word' id='word_1_774' title='bbox 480 4974 681 5027; x_wconf 90' lang='lat' dir='ltr'>nibus.</span> <span class='ocrx_word' id='word_1_775' title='bbox 719 4974 927 5046; x_wconf 89' lang='lat' dir='ltr'>Sicque</span> <span class='ocrx_word' id='word_1_776' title='bbox 969 4975 1110 5029; x_wconf 86' lang='lat' dir='ltr'>v1xit</span> <span class='ocrx_word' id='word_1_777' title='bbox 1140 4974 1250 5028; x_wconf 93' lang='lat' dir='ltr'>sub</span> <span class='ocrx_word' id='word_1_778' title='bbox 1282 4973 1439 5028; x_wconf 88' lang='lat' dir='ltr'>bono</span> <span class='ocrx_word' id='word_1_779' title='bbox 1474 4973 1703 5044; x_wconf 89' lang='lat' dir='ltr'>spiritu,</span> <span class='ocrx_word' id='word_1_780' title='bbox 1748 4976 1947 5031; x_wconf 91' lang='lat' dir='ltr'>multis</span> <span class='ocrx_word' id='word_1_781' title='bbox 1993 4992 2131 5032; x_wconf 89' lang='lat' dir='ltr'>con-</span> 
     </span>
    </p>
   </div>
   <div class='ocr_carea' id='block_1_102' title="bbox 481 5062 2127 5121">
    <p class='ocr_par' dir='ltr' id='par_1_102' title="bbox 481 5062 2127 5121">
     <span class='ocr_line' id='line_1_102' title="bbox 481 5062 2127 5121; baseline 0.004 -6"><span class='ocrx_word' id='word_1_782' title='bbox 481 5069 750 5116; x_wconf 89' lang='lat' dir='ltr'>servatus</span> <span class='ocrx_word' id='word_1_783' title='bbox 783 5063 1002 5118; x_wconf 85' lang='lat' dir='ltr'>utilitas</span> <span class='ocrx_word' id='word_1_784' title='bbox 1029 5069 1084 5117; x_wconf 91' lang='lat' dir='ltr'>et</span> <span class='ocrx_word' id='word_1_785' title='bbox 1114 5063 1483 5118; x_wconf 89' lang='lat' dir='ltr'>illuminatio.</span> <span class='ocrx_word' id='word_1_786' title='bbox 1523 5064 1667 5117; x_wconf 90' lang='lat' dir='ltr'>Cum</span> <span class='ocrx_word' id='word_1_787' title='bbox 1694 5062 1900 5120; x_wconf 89' lang='lat' dir='ltr'>fuisset</span> <span class='ocrx_word' id='word_1_788' title='bbox 1929 5072 2127 5121; x_wconf 88' lang='lat' dir='ltr'>autem</span> 
     </span>
    </p>
   </div>
   <div class='ocr_carea' id='block_1_103' title="bbox 477 5149 2121 5222">
    <p class='ocr_par' dir='ltr' id='par_1_103' title="bbox 477 5149 2121 5222">
     <span class='ocr_line' id='line_1_103' title="bbox 477 5149 2121 5222; baseline 0.003 -19"><span class='ocrx_word' id='word_1_789' title='bbox 477 5149 603 5203; x_wconf 90' lang='lat' dir='ltr'>dies</span> <span class='ocrx_word' id='word_1_790' title='bbox 626 5159 888 5217; x_wconf 89' lang='lat' dir='ltr'>octavus,</span> <span class='ocrx_word' id='word_1_791' title='bbox 925 5154 1081 5206; x_wconf 84' lang='lat' dir='ltr'>venit</span> <span class='ocrx_word' id='word_1_792' title='bbox 1105 5152 1183 5207; x_wconf 92' lang='lat' dir='ltr'>ad</span> <span class='ocrx_word' id='word_1_793' title='bbox 1211 5160 1464 5222; x_wconf 87' lang='lat' dir='ltr'>patrem.</span> <span class='ocrx_word' id='word_1_794' title='bbox 1495 5153 1592 5206; x_wconf 92' lang='lat' dir='ltr'>llle</span> <span class='ocrx_word' id='word_1_795' title='bbox 1619 5167 1757 5207; x_wconf 91' lang='lat' dir='ltr'>vero</span> <span class='ocrx_word' id='word_1_796' title='bbox 1785 5168 1797 5204; x_wconf 91' lang='lat'>:</span> <span class='ocrx_word' id='word_1_797' title='bbox 1836 5153 1945 5208; x_wconf 87' lang='lat' dir='ltr'>Ubi</span> <span class='ocrx_word' id='word_1_798' title='bbox 1973 5171 2121 5219; x_wconf 89' lang='lat' dir='ltr'>eras,</span> 
     </span>
    </p>
   </div>
   <div class='ocr_carea' id='block_1_104' title="bbox 476 5237 2124 5313">
    <p class='ocr_par' dir='ltr' id='par_1_104' title="bbox 476 5237 2124 5313">
     <span class='ocr_line' id='line_1_104' title="bbox 476 5237 2124 5313; baseline 0.005 -22"><span class='ocrx_word' id='word_1_799' title='bbox 476 5238 687 5306; x_wconf 90' lang='lat' dir='ltr'>inquit,</span> <span class='ocrx_word' id='word_1_800' title='bbox 722 5237 825 5303; x_wconf 92' lang='lat' dir='ltr'>ﬁli,</span> <span class='ocrx_word' id='word_1_801' title='bbox 866 5241 1159 5308; x_wconf 88' lang='lat' dir='ltr'>prioribus</span> <span class='ocrx_word' id='word_1_802' title='bbox 1198 5242 1432 5307; x_wconf 88' lang='lat' dir='ltr'>diebus,</span> <span class='ocrx_word' id='word_1_803' title='bbox 1475 5246 1531 5297; x_wconf 87' lang='lat' dir='ltr'>et</span> <span class='ocrx_word' id='word_1_804' title='bbox 1572 5258 1664 5296; x_wconf 91' lang='lat' dir='ltr'>me</span> <span class='ocrx_word' id='word_1_805' title='bbox 1723 5242 2024 5313; x_wconf 90' lang='lat' dir='ltr'>conjecisti</span> <span class='ocrx_word' id='word_1_806' title='bbox 2064 5244 2124 5299; x_wconf 91' lang='lat' dir='ltr'>in</span> 
     </span>
    </p>
   </div>
   <div class='ocr_carea' id='block_1_105' title="bbox 471 5326 2124 5403">
    <p class='ocr_par' dir='ltr' id='par_1_105' title="bbox 471 5326 2124 5403">
     <span class='ocr_line' id='line_1_105' title="bbox 471 5326 2124 5403; baseline 0.005 -24"><span class='ocrx_word' id='word_1_807' title='bbox 471 5339 761 5393; x_wconf 85' lang='lat' dir='ltr'>magnam</span> <span class='ocrx_word' id='word_1_808' title='bbox 780 5326 956 5379; x_wconf 89' lang='lat' dir='ltr'>animi</span> <span class='ocrx_word' id='word_1_809' title='bbox 981 5331 1391 5397; x_wconf 70' lang='lat' dir='ltr'>aegritudinem</span> <span class='ocrx_word' id='word_1_810' title='bbox 1409 5333 1436 5388; x_wconf 79' lang='lat'>?</span> <span class='ocrx_word' id='word_1_811' title='bbox 1459 5331 1759 5403; x_wconf 87' lang='lat' dir='ltr'>Numquid</span> <span class='ocrx_word' id='word_1_812' title='bbox 1789 5331 1889 5386; x_wconf 91' lang='lat' dir='ltr'>tibi</span> <span class='ocrx_word' id='word_1_813' title='bbox 1910 5333 2124 5388; x_wconf 87' lang='lat' dir='ltr'>accidit</span> 
     </span>
    </p>
   </div>
   <div class='ocr_carea' id='block_1_106' title="bbox 468 5411 2122 5492">
    <p class='ocr_par' dir='ltr' id='par_1_106' title="bbox 468 5411 2122 5492">
     <span class='ocr_line' id='line_1_106' title="bbox 468 5411 2122 5492; baseline 0.005 -23"><span class='ocrx_word' id='word_1_814' title='bbox 468 5411 693 5483; x_wconf 88' lang='lat' dir='ltr'>aliquid</span> <span class='ocrx_word' id='word_1_815' title='bbox 722 5418 934 5482; x_wconf 65' lang='lat' dir='ltr'>praeter</span> <span class='ocrx_word' id='word_1_816' title='bbox 963 5422 1456 5487; x_wconf 82' lang='lat' dir='ltr'>exspectationem</span> <span class='ocrx_word' id='word_1_817' title='bbox 1474 5422 1501 5478; x_wconf 82' lang='lat'><strong>?</strong></span> <span class='ocrx_word' id='word_1_818' title='bbox 1521 5422 1572 5475; x_wconf 89' lang='lat' dir='ltr'>ls</span> <span class='ocrx_word' id='word_1_819' title='bbox 1593 5436 1729 5477; x_wconf 89' lang='lat' dir='ltr'>vero</span> <span class='ocrx_word' id='word_1_820' title='bbox 1760 5441 1771 5475; x_wconf 90' lang='lat'><strong>:</strong></span> <span class='ocrx_word' id='word_1_821' title='bbox 1802 5421 1889 5476; x_wconf 79' lang='lat' dir='ltr'>Ad</span> <span class='ocrx_word' id='word_1_822' title='bbox 1915 5436 2122 5492; x_wconf 86' lang='lat' dir='ltr'>quem-</span> 
     </span>
    </p>
   </div>
   <div class='ocr_carea' id='block_1_107' title="bbox 467 5500 2117 5580">
    <p class='ocr_par' dir='ltr' id='par_1_107' title="bbox 467 5500 2117 5580">
     <span class='ocr_line' id='line_1_107' title="bbox 467 5500 2117 5580; baseline 0.005 -23"><span class='ocrx_word' id='word_1_823' title='bbox 467 5501 637 5567; x_wconf 86' lang='lat' dir='ltr'>dam,</span> <span class='ocrx_word' id='word_1_824' title='bbox 673 5500 878 5571; x_wconf 87' lang='lat' dir='ltr'>inquit,</span> <span class='ocrx_word' id='word_1_825' title='bbox 919 5517 989 5556; x_wconf 83' lang='lat' dir='ltr'>ex</span> <span class='ocrx_word' id='word_1_826' title='bbox 1038 5503 1106 5558; x_wconf 86' lang='lat' dir='ltr'>iis</span> <span class='ocrx_word' id='word_1_827' title='bbox 1158 5508 1261 5577; x_wconf 91' lang='lat' dir='ltr'>qui</span> <span class='ocrx_word' id='word_1_828' title='bbox 1314 5516 1629 5565; x_wconf 84' lang='lat' dir='ltr'>versantur</span> <span class='ocrx_word' id='word_1_829' title='bbox 1658 5511 1718 5565; x_wconf 90' lang='lat' dir='ltr'>in</span> <span class='ocrx_word' id='word_1_830' title='bbox 1767 5510 1906 5566; x_wconf 89' lang='lat' dir='ltr'>aula</span> <span class='ocrx_word' id='word_1_831' title='bbox 1935 5510 2117 5580; x_wconf 86' lang='lat' dir='ltr'>regia,</span> 
     </span>
    </p>
   </div>
   <div class='ocr_carea' id='block_1_108' title="bbox 2249 4718 3848 4797">
    <p class='ocr_par' dir='ltr' id='par_1_108' title="bbox 2249 4718 3848 4797">
     <span class='ocr_line' id='line_1_108' title="bbox 2249 4718 3848 4797; baseline 0.006 -31"><span class='ocrx_word' id='word_1_832' title='bbox 2249 4718 2336 4767; x_wconf 89' lang='grc' dir='ltr'>τόν</span> <span class='ocrx_word' id='word_1_833' title='bbox 2388 4723 2479 4768; x_wconf 92' lang='grc' dir='ltr'>τοῦ</span> <span class='ocrx_word' id='word_1_834' title='bbox 2532 4720 2697 4787; x_wconf 88' lang='grc' dir='ltr'><em>φωτός</em></span> <span class='ocrx_word' id='word_1_835' title='bbox 2748 4718 2890 4780; x_wconf 84' lang='grc' dir='ltr'><em>οῖξιον</em></span> <span class='ocrx_word' id='word_1_836' title='bbox 2942 4719 3142 4774; x_wconf 86' lang='grc' dir='ltr'><em>τελειοῖ.</em></span> <span class='ocrx_word' id='word_1_837' title='bbox 3197 4719 3357 4772; x_wconf 81' lang='grc' dir='ltr'><em>Ἐπτά</em></span> <span class='ocrx_word' id='word_1_838' title='bbox 3413 4718 3470 4773; x_wconf 81' lang='grc' dir='ltr'><em>δὲ</em></span> <span class='ocrx_word' id='word_1_839' title='bbox 3527 4724 3725 4797; x_wconf 77' lang='grc' dir='ltr'><em>ἡμέρας</em></span> <span class='ocrx_word' id='word_1_840' title='bbox 3778 4733 3848 4795; x_wconf 84' lang='grc' dir='ltr'><em>τῷ</em></span> 
     </span>
    </p>
   </div>
   <div class='ocr_carea' id='block_1_109' title="bbox 2244 4808 3848 4882">
    <p class='ocr_par' dir='ltr' id='par_1_109' title="bbox 2244 4808 3848 4882">
     <span class='ocr_line' id='line_1_109' title="bbox 2244 4808 3848 4882; baseline 0.004 -26"><span class='ocrx_word' id='word_1_841' title='bbox 2244 4808 2443 4876; x_wconf 87' lang='grc' dir='ltr'><em>γέροντι</em></span> <span class='ocrx_word' id='word_1_842' title='bbox 2517 4810 2851 4879; x_wconf 81' lang='grc' dir='ltr'><em>παραμείνας,</em></span> <span class='ocrx_word' id='word_1_843' title='bbox 2934 4816 3043 4870; x_wconf 88' lang='grc' dir='ltr'><em>τοῖς</em></span> <span class='ocrx_word' id='word_1_844' title='bbox 3120 4814 3362 4881; x_wconf 88' lang='grc' dir='ltr'><em>ποτίμοις</em></span> <span class='ocrx_word' id='word_1_845' title='bbox 3450 4810 3608 4862; x_wconf 69' lang='grc' dir='ltr'><em>αὐτοῦ</em></span> <span class='ocrx_word' id='word_1_846' title='bbox 3672 4810 3848 4882; x_wconf 81' lang='grc' dir='ltr'><em>λόγοις</em></span> 
     </span>
    </p>
   </div>
   <div class='ocr_carea' id='block_1_110' title="bbox 2243 4890 3843 4969">
    <p class='ocr_par' dir='ltr' id='par_1_110' title="bbox 2243 4890 3843 4969">
     <span class='ocr_line' id='line_1_110' title="bbox 2243 4890 3843 4969; baseline 0.004 -26"><span class='ocrx_word' id='word_1_847' title='bbox 2243 4890 2462 4966; x_wconf 77' lang='grc' dir='ltr'><em>ἄρδεται</em></span> <span class='ocrx_word' id='word_1_848' title='bbox 2536 4897 2628 4951; x_wconf 78' lang='grc' dir='ltr'>τὴν</span> <span class='ocrx_word' id='word_1_849' title='bbox 2687 4891 2931 4969; x_wconf 84' lang='grc' dir='ltr'><em>καρδίαν,</em></span> <span class='ocrx_word' id='word_1_850' title='bbox 2982 4902 3243 4949; x_wconf 88' lang='grc' dir='ltr'><em>πιαίνεται</em></span> <span class='ocrx_word' id='word_1_851' title='bbox 3322 4903 3415 4955; x_wconf 78' lang='grc' dir='ltr'>τήν</span> <span class='ocrx_word' id='word_1_852' title='bbox 3490 4898 3696 4969; x_wconf 75' lang='grc' dir='ltr'><em>ψυχὴν,</em></span> <span class='ocrx_word' id='word_1_853' title='bbox 3748 4905 3843 4957; x_wconf 85' lang='grc' dir='ltr'>τὴν</span> 
     </span>
    </p>
   </div>
   <div class='ocr_carea' id='block_1_111' title="bbox 2240 4981 3841 5057">
    <p class='ocr_par' dir='ltr' id='par_1_111' title="bbox 2240 4981 3841 5057">
     <span class='ocr_line' id='line_1_111' title="bbox 2240 4981 3841 5057; baseline 0.005 -26"><span class='ocrx_word' id='word_1_854' title='bbox 2240 4981 2436 5033; x_wconf 82' lang='grc' dir='ltr'><em>κοιλίαν</em></span> <span class='ocrx_word' id='word_1_855' title='bbox 2515 4992 2759 5054; x_wconf 86' lang='grc' dir='ltr'><em>ποταμῶν</em></span> <span class='ocrx_word' id='word_1_856' title='bbox 2846 4986 2989 5037; x_wconf 83' lang='grc' dir='ltr'><em>θείων</em></span> <span class='ocrx_word' id='word_1_857' title='bbox 3062 4985 3289 5057; x_wconf 85' lang='grc' dir='ltr'><em>ἔμπλεως</em></span> <span class='ocrx_word' id='word_1_858' title='bbox 3365 4991 3575 5057; x_wconf 89' lang='grc' dir='ltr'><em>γίνεται.</em></span> <span class='ocrx_word' id='word_1_859' title='bbox 3662 4988 3841 5050; x_wconf 77' lang='grc' dir='ltr'><em>Οὕτως</em></span> 
     </span>
    </p>
   </div>
   <div class='ocr_carea' id='block_1_112' title="bbox 2239 5069 3837 5147">
    <p class='ocr_par' dir='ltr' id='par_1_112' title="bbox 2239 5069 3837 5147">
     <span class='ocr_line' id='line_1_112' title="bbox 2239 5069 3837 5147; baseline 0.004 -26"><span class='ocrx_word' id='word_1_860' title='bbox 2239 5071 2338 5121; x_wconf 79' lang='grc' dir='ltr'>ὑπὸ</span> <span class='ocrx_word' id='word_1_861' title='bbox 2390 5078 2457 5140; x_wconf 84' lang='grc' dir='ltr'><em>τῷ</em></span> <span class='ocrx_word' id='word_1_862' title='bbox 2517 5069 2695 5142; x_wconf 82' lang='grc' dir='ltr'><em>ἀγαθῷ</em></span> <span class='ocrx_word' id='word_1_863' title='bbox 2753 5076 3006 5145; x_wconf 88' lang='grc' dir='ltr'><em>πνεύματι</em></span> <span class='ocrx_word' id='word_1_864' title='bbox 3060 5074 3151 5134; x_wconf 77' lang='grc' dir='ltr'>ἔζη</span> <span class='ocrx_word' id='word_1_865' title='bbox 3211 5074 3421 5136; x_wconf 88' lang='grc' dir='ltr'><em>πολλοῖς</em></span> <span class='ocrx_word' id='word_1_866' title='bbox 3479 5075 3693 5147; x_wconf 86' lang='grc' dir='ltr'><em>ὠφέλεια</em></span> <span class='ocrx_word' id='word_1_867' title='bbox 3747 5081 3837 5129; x_wconf 82' lang='grc' dir='ltr'><em>καὶ</em></span> 
     </span>
    </p>
   </div>
   <div class='ocr_carea' id='block_1_113' title="bbox 2238 5161 3834 5236">
    <p class='ocr_par' dir='ltr' id='par_1_113' title="bbox 2238 5161 3834 5236">
     <span class='ocr_line' id='line_1_113' title="bbox 2238 5161 3834 5236; baseline 0.004 -28"><span class='ocrx_word' id='word_1_868' title='bbox 2238 5163 2497 5229; x_wconf 84' lang='grc' dir='ltr'><em>φωτισμός</em></span> <span class='ocrx_word' id='word_1_869' title='bbox 2552 5164 2998 5234; x_wconf 82' lang='grc' dir='ltr'><em>συντηρούμενος·</em></span> <span class='ocrx_word' id='word_1_870' title='bbox 3061 5164 3256 5235; x_wconf 78' lang='grc' dir='ltr'><em>ἡμέρας</em></span> <span class='ocrx_word' id='word_1_871' title='bbox 3312 5161 3370 5216; x_wconf 72' lang='grc' dir='ltr'><em>δὲ</em></span> <span class='ocrx_word' id='word_1_872' title='bbox 3416 5168 3691 5236; x_wconf 80' lang='grc' dir='ltr'><em>γενομένης</em></span> <span class='ocrx_word' id='word_1_873' title='bbox 3748 5164 3834 5235; x_wconf 83' lang='grc' dir='ltr'>ὁγ-</span> 
     </span>
    </p>
   </div>
   <div class='ocr_carea' id='block_1_114' title="bbox 2237 5243 3833 5323">
    <p class='ocr_par' dir='ltr' id='par_1_114' title="bbox 2237 5243 3833 5323">
     <span class='ocr_line' id='line_1_114' title="bbox 2237 5243 3833 5323; baseline 0.004 -27"><span class='ocrx_word' id='word_1_874' title='bbox 2237 5243 2384 5311; x_wconf 84' lang='grc' dir='ltr'><em>δόης,</em></span> <span class='ocrx_word' id='word_1_875' title='bbox 2444 5248 2821 5320; x_wconf 85' lang='grc' dir='ltr'><em>καταλαμϐάνει</em></span> <span class='ocrx_word' id='word_1_876' title='bbox 2874 5254 3003 5323; x_wconf 89' lang='grc' dir='ltr'><em>πρός</em></span> <span class='ocrx_word' id='word_1_877' title='bbox 3053 5255 3137 5302; x_wconf 89' lang='grc' dir='ltr'>τόν</span> <span class='ocrx_word' id='word_1_878' title='bbox 3190 5256 3407 5323; x_wconf 79' lang='grc' dir='ltr'><em>πατέρα.</em></span> <span class='ocrx_word' id='word_1_879' title='bbox 3457 5258 3558 5305; x_wconf 79' lang='grc' dir='ltr'>Καὶ</span> <span class='ocrx_word' id='word_1_880' title='bbox 3606 5255 3674 5313; x_wconf 87' lang='grc' dir='ltr'>ὃς·</span> <span class='ocrx_word' id='word_1_881' title='bbox 3726 5258 3833 5304; x_wconf 85' lang='grc' dir='ltr'>Ποῦ</span> 
     </span>
    </p>
   </div>
   <div class='ocr_carea' id='block_1_115' title="bbox 2235 5331 3830 5414">
    <p class='ocr_par' dir='ltr' id='par_1_115' title="bbox 2235 5331 3830 5414">
     <span class='ocr_line' id='line_1_115' title="bbox 2235 5331 3830 5414; baseline 0.004 -28"><span class='ocrx_word' id='word_1_882' title='bbox 2235 5331 2315 5401; x_wconf 80' lang='grc' dir='ltr'><em>ἧς,</em></span> <span class='ocrx_word' id='word_1_883' title='bbox 2349 5339 2540 5407; x_wconf 84' lang='grc' dir='ltr'><em>τέκνον,</em></span> <span class='ocrx_word' id='word_1_884' title='bbox 2570 5340 2658 5397; x_wconf 84' lang='grc' dir='ltr'><em>τὰς</em></span> <span class='ocrx_word' id='word_1_885' title='bbox 2688 5342 2786 5411; x_wconf 89' lang='grc' dir='ltr'><em>πρὸ</em></span> <span class='ocrx_word' id='word_1_886' title='bbox 2826 5346 2917 5390; x_wconf 90' lang='grc' dir='ltr'>τοῦ</span> <span class='ocrx_word' id='word_1_887' title='bbox 2964 5341 3181 5412; x_wconf 81' lang='grc' dir='ltr'><em>ἡμέρας,</em></span> <span class='ocrx_word' id='word_1_888' title='bbox 3214 5345 3392 5411; x_wconf 84' lang='grc' dir='ltr'><em>φησὶν,</em></span> <span class='ocrx_word' id='word_1_889' title='bbox 3425 5346 3515 5393; x_wconf 81' lang='grc' dir='ltr'><em>καὶ</em></span> <span class='ocrx_word' id='word_1_890' title='bbox 3563 5361 3626 5413; x_wconf 87' lang='grc' dir='ltr'>με</span> <span class='ocrx_word' id='word_1_891' title='bbox 3670 5340 3830 5414; x_wconf 75' lang='grc' dir='ltr'><em>πολλῇ</em></span> 
     </span>
    </p>
   </div>
   <div class='ocr_carea' id='block_1_116' title="bbox 2232 5421 3829 5502">
    <p class='ocr_par' dir='ltr' id='par_1_116' title="bbox 2232 5421 3829 5502">
     <span class='ocr_line' id='line_1_116' title="bbox 2232 5421 3829 5502; baseline 0.004 -27"><span class='ocrx_word' id='word_1_892' title='bbox 2232 5422 2523 5498; x_wconf 83' lang='grc' dir='ltr'><em>περιέϐαλες</em></span> <span class='ocrx_word' id='word_1_893' title='bbox 2557 5421 2742 5497; x_wconf 73' lang='grc' dir='ltr'><em>ὀδύνη,</em></span> <span class='ocrx_word' id='word_1_894' title='bbox 2775 5431 2845 5497; x_wconf 88' lang='grc' dir='ltr'>μή</span> <span class='ocrx_word' id='word_1_895' title='bbox 2896 5430 2980 5477; x_wconf 89' lang='grc' dir='ltr'>σοί</span> <span class='ocrx_word' id='word_1_896' title='bbox 3030 5446 3085 5479; x_wconf 87' lang='grc' dir='ltr'>τε</span> <span class='ocrx_word' id='word_1_897' title='bbox 3116 5435 3214 5478; x_wconf 84' lang='grc' dir='ltr'><em>τῶν</em></span> <span class='ocrx_word' id='word_1_898' title='bbox 3268 5424 3537 5485; x_wconf 79' lang='grc' dir='ltr'><em>ἀδοκήτων</em></span> <span class='ocrx_word' id='word_1_899' title='bbox 3570 5429 3829 5502; x_wconf 85' lang='grc' dir='ltr'><em>συμϐαίη.</em></span> 
     </span>
    </p>
   </div>
   <div class='ocr_carea' id='block_1_117' title="bbox 2230 5508 3827 5592">
    <p class='ocr_par' dir='ltr' id='par_1_117' title="bbox 2230 5508 3827 5592">
     <span class='ocr_line' id='line_1_117' title="bbox 2230 5508 3827 5592; baseline 0.004 -28"><span class='ocrx_word' id='word_1_900' title='bbox 2230 5511 2287 5564; x_wconf 90' lang='grc' dir='ltr'>Ὁ</span> <span class='ocrx_word' id='word_1_901' title='bbox 2340 5508 2436 5565; x_wconf 74' lang='grc' dir='ltr'>δέ’</span> <span class='ocrx_word' id='word_1_902' title='bbox 2469 5510 2698 5590; x_wconf 69' lang='grc' dir='ltr'><em>Ἄνδρα,</em></span> <span class='ocrx_word' id='word_1_903' title='bbox 2748 5517 2864 5586; x_wconf 84' lang='grc' dir='ltr'><em>ἔφη,</em></span> <span class='ocrx_word' id='word_1_904' title='bbox 2916 5523 3017 5567; x_wconf 87' lang='grc' dir='ltr'><em>τῶν</em></span> <span class='ocrx_word' id='word_1_905' title='bbox 3074 5520 3191 5591; x_wconf 84' lang='grc' dir='ltr'><em>περὶ</em></span> <span class='ocrx_word' id='word_1_906' title='bbox 3239 5519 3306 5569; x_wconf 81' lang='grc' dir='ltr'><em>τὰ</em></span> <span class='ocrx_word' id='word_1_907' title='bbox 3354 5516 3600 5592; x_wconf 84' lang='grc' dir='ltr'><em>βασίλεια</em></span> <span class='ocrx_word' id='word_1_908' title='bbox 3644 5523 3827 5589; x_wconf 83' lang='grc' dir='ltr'><em>ὄντων,</em></span> 
     </span>
    </p>
   </div>
  </div>
