4144 6258
223 289 332 346 453

1442 285 1608 342 VITA
1629 283 1706 339 -S.
1750 273 2342 346 PANTELEEMONIS
2359 332 2371 346 .

3476 299 3582 356 454

221 419 366 488 νόσῳ
423 415 614 488 βαρείᾳ
663 409 1066 482 κατειλημμένον
1111 409 1492 484 περιοδεύοντες
1547 408 1673 483 ἦμεν
1721 405 1814 478 ἐγώ

1937 410 2100 478 gravi
2131 415 2342 473 morbo
2391 418 2780 486 laborantem,
2813 419 3060 492 profecti
3103 437 3342 478 eramus
3373 439 3484 494 ego
3527 429 3584 480 et

226 525 282 559 τε
311 509 406 557 καὶ
439 507 463 555 6
513 499 854 559 διδάσκαλος
887 503 976 551 καὶ
1016 498 1122 551 ἐπεὶ
1171 520 1243 572 τῳ
1299 500 1510 573 βασιλεῖ
1555 499 1702 558 οὗτος
1741 513 1822 545 κε-

228 598 557 666 χαρισμένος
593 587 651 648 ἧν
706 593 796 640 καὶ
845 584 1115 661 φροντίδος
1169 591 1246 640 ὅτι
1299 589 1486 647 πολλῆς
1535 588 1697 648 ἄξιος,
1733 583 1824 634 οὐκ

231 679 296 742 ἧν
323 683 508 736 ἐκεῖθεν
553 681 678 750 ἡμῖν
723 681 780 729 τὸ
834 675 1130 735 ἀποστῆναι
1175 673 1381 751 ῥᾴδιον,
1435 676 1562 728 ἀλλὰ
1611 671 1828 726 διετελέ-

235 791 398 845 σαμεν
449 773 638 827 ταύτας
686 763 754 825 δὴ
828 769 916 826 τὰς
973 766 1101 817 ἑπτὰ
1151 771 1400 842 παρόντες
1469 767 1680 838 ἡμέρας,
1737 761 1828 819 ἕως

229 863 466 932 καθαρᾶς
515 857 701 917 ἐκεῖνος
777 853 1034 906 ἀπέλαυσε
1091 856 1305 925 ὑγιείας.
1369 861 1546 908 Ταῦτα
1627 854 1826 923 εἴρηκεν

229 949 292 1000 ού
338 941 655 1020 φιλοψευδὴς
731 948 819 1010 ὥν,
875 942 982 994 ἀλλ’
1031 943 1312 1014 οἰκονομῶν
1378 943 1426 995 ἐν
1475 946 1646 1016 κρίσει
1703 943 1824 999 τοὺς

228 1036 432 1108 λόγους·
494 1037 606 1087 ἔστι
669 1036 768 1106 γὰρ
822 1033 905 1084 ὅτε
959 1037 1050 1084 καὶ
1105 1036 1163 1084 τό
1216 1029 1412 1103 ψεῦδος
1457 1032 1821 1104 προτιμητέον·

232 1127 293 1177 οὐ
341 1126 476 1178 κατά
517 1143 569 1175 τι
617 1121 826 1194 φαῦλον,
883 1127 970 1174 καὶ
1019 1119 1341 1194 ἀνελεύθερον
1375 1117 1824 1190 σπουδάζομενον,

233 1213 362 1266 ἀλλὰ
393 1213 508 1266 κατ’
537 1213 830 1280 οἰκονομίαν
862 1210 1128 1268 ἐπαινετὴν
1157 1214 1610 1285 προσκρινόμενον.

322 1301 420 1377 ς’.
450 1305 624 1374 Ταύτῃ
679 1319 757 1352 τοι
785 1303 875 1351 καὶ
921 1305 1014 1357 τὴν
1063 1299 1310 1352 ἐπιοῦσαν
1353 1302 1478 1374 πρὸς
1525 1300 1612 1348 τόν
1667 1291 1826 1347 διδά-

233 1393 423 1445 σκαλον
469 1391 794 1462 Εὖφρόσυνόν
831 1394 1073 1460 γεγονὼς,
1117 1388 1224 1440 ἐπεὶ
1279 1387 1508 1447 κάκεῖνος
1555 1388 1621 1438 τὰ
1673 1385 1828 1456 ὃμοια

229 1483 404 1554 ἠρετο,
453 1479 826 1552 παραπλησίων
858 1475 1058 1530 δέδωκε
1087 1483 1176 1529 καὶ
1219 1478 1359 1548 αύτῷ
1395 1481 1489 1534 τὴν
1519 1473 1822 1544 ἀπολογίαν.

221 1570 286 1622 Ὀ
331 1575 522 1641 πατὴρ,
581 1569 759 1638 λέγων,
816 1567 973 1640 ἀργὸν
1029 1567 1269 1624 ὠνήσατο
1326 1571 1414 1617 καὶ
1471 1571 1652 1618 τοῦτον
1738 1561 1824 1632 ἐμὲ

228 1659 543 1733 παραλαϐεῖν
595 1656 1001 1730 προσετρέψατο·
1069 1653 1224 1728 οὗπερ
1278 1652 1370 1708 οὗκ
1416 1652 1476 1712 ἧν
1529 1673 1618 1724 μοι
1699 1650 1824 1701 ἁπο-

1939 500 2238 568 magister,
2291 510 2346 560 et
2396 508 2681 578 quoniam
2715 507 2766 562 is
2815 515 2938 564 erat
2967 515 3170 578 gratus
3214 512 3582 584 imperatori,

1939 591 1995 641 et
2023 587 2240 658 dignus
2279 593 2447 664 cujus
2481 611 2702 664 magna
2755 613 2896 652 cura
2934 605 3252 668 gereretur,
3297 616 3418 655 non
3459 607 3584 658 erat

1939 679 2186 734 omnino
2215 679 2382 736 facile
2415 684 2586 738 nobis
2619 684 2780 739 illinc
2809 686 3100 750 recedere,
3136 687 3232 740 sed
3261 693 3580 759 perpetuos

1941 771 2164 835 septem
2191 769 2315 824 dies
2344 771 2458 826 illic
2485 771 2704 826 fuimus
2727 779 3064 844 praesentes,
3089 773 3280 829 donec
3307 776 3401 832 ille
3431 778 3586 832 sani-

1939 856 2117 909 tatem
2144 873 2358 926 puram
2379 865 2468 914 est
2491 869 2863 916 consecutus.
2893 865 3024 917 Haec
3047 861 3211 929 dixit,
3237 879 3356 919 non
3383 865 3586 920 dicens

1939 943 2340 1011 mendacium,
2397 948 2500 1002 sed
2559 949 2808 1020 mystice
2867 950 3050 1004 verba
3105 950 3466 1022 dispensans
3523 955 3584 1008 in

1931 1027 2150 1100 judicio
2180 1035 2551 1104 oeconomiae,
2585 1051 2706 1092 non
2753 1041 2954 1093 autem
2983 1037 3126 1093 mali
3156 1039 3408 1110 alicujus
3450 1056 3586 1096 con-

1940 1117 2054 1173 silii
2085 1135 2287 1178 causa.

2015 1296 2098 1350 VI.
2131 1296 2336 1351 Itidem
2368 1313 2502 1353 cum
2529 1301 2796 1371 sequenti
2826 1317 3068 1374 quoque
3097 1303 3192 1359 die
3220 1305 3478 1360 venisset
3507 1307 3584 1362 ad

1939 1386 2288 1454 magistrum
2341 1387 2795 1459 Euphrosynum
2838 1391 3146 1462 (quoniam
3201 1393 3295 1448 ille
3341 1410 3583 1466 quoque

1937 1473 2146 1528 eadem
2171 1475 2596 1548 interrogavit),
2633 1477 2711 1532 ad
2741 1494 2879 1532 eum
2911 1480 3086 1534 simili
3117 1497 3262 1535 usus
3293 1487 3382 1536 est
3411 1499 3586 1538 excu-

1937 1561 2160 1616 satione
2195 1579 2207 1616 :
2258 1563 2446 1634 Pater,
2503 1565 2727 1630 dicens,
2775 1568 2916 1620 emit
2963 1583 3196 1638 agrum,
3231 1575 3286 1624 et
3315 1586 3410 1624 me
3442 1587 3580 1626 eum

1929 1649 2104 1719 jussit
2132 1652 2418 1722 accipere,
2469 1669 2504 1708 a
2532 1669 2654 1726 quo
2696 1670 2817 1709 non
2848 1660 2936 1709 est
2979 1656 3123 1710 mihi
3163 1660 3348 1712 otium
3393 1660 3580 1715 disce-

231 1757 418 1808 στῆναι
465 1747 656 1819 σχολὴ,
705 1746 798 1808 ἕως
849 1749 1010 1797 πάντα
1052 1747 1119 1797 τὰ
1160 1745 1318 1796 αὐτοῦ
1350 1743 1611 1813 ἐπόψομαι
1649 1759 1814 1812 προσ-

1933 1738 2133 1803 dendi,
2180 1740 2372 1796 donec
2409 1742 2538 1811 ejus
2567 1744 2776 1798 omnia
2803 1747 3020 1798 attente
3062 1745 3392 1816 inspexero,
3427 1751 3482 1801 et
3510 1747 3582 1802 iis

227 1841 470 1909 εχόντως,
523 1841 612 1887 καὶ
666 1830 737 1893 οἷς
793 1843 1059 1908 προσῆκον
1111 1834 1304 1886 ἐκείνου
1366 1835 1459 1890 τὴν
1531 1827 1820 1901 ἐπιμέλειαν

230 1923 532 1998 ἐγχειρίσω.
568 1921 764 1976 Πολλοῦ
815 1925 916 1995 γὰρ
966 1921 1112 1984 ἃξιος
1146 1923 1295 1982 οὗτος
1341 1925 1430 1971 καὶ
1473 1916 1642 1970 οὐδενὶ
1684 1915 1820 1981 ἄλλῳ

230 2016 506 2084 κτημάτων
557 2010 1030 2084 παραϐαλλόμενος.
1085 2018 1246 2063 Τοῦτο
1296 2005 1354 2061 δὲ
1405 2008 1538 2078 ἔλεγε
1585 2011 1677 2064 τὴν
1729 2011 1822 2056 τοῦ

233 2103 371 2154 θείου
425 2100 792 2174 βαπτίσματος
843 2101 1260 2171 ύπαινιττόμενος
1305 2099 1491 2169 χάρίν.
1542 2094 1731 2167 ’Ἑρεγον
1763 2091 1822 2145 δὲ

230 2189 444 2241 ἐποιεῖτο
500 2195 588 2240 καὶ
661 2189 775 2238 λίαν
833 2187 1062 2258 ἐπιμελὲς
1139 2187 1432 2243 ἀποστῆναι
1479 2193 1573 2244 τῆς
1625 2183 1822 2242 πλάνης

225 2280 310 2330 τὸν
367 2281 566 2350 πατέρα
614 2276 775 2328 αὑτοῦ
833 2281 920 2327 καὶ
983 2279 1267 2328 συνθέσθαι
1315 2283 1376 2346 τῇ
1449 2272 1679 2344 εὐσεϐείᾳ
1725 2291 1820 2323 πα-

225 2367 552 2441 ρασκευάσαι
621 2369 780 2437 χρέος
845 2367 924 2416 ὅτι
984 2365 1216 2436 μάλιστα
1275 2359 1642 2414 δυσαπόδοτον
1706 2363 1822 2412 υἱοῦ

225 2459 356 2527 πρὸς
381 2458 576 2528 πατέρα
627 2462 717 2512 τῆς
777 2453 846 2514 εἰς
904 2457 960 2504 τὸ
1015 2449 1146 2504 εἶναι
1199 2449 1440 2508 δηλονότι
1497 2458 1818 2522 παραγωγῆς

227 2545 500 2615 φιλοτίμως
549 2539 836 2594 ἀποδοῦναι
893 2539 1216 2601 σπουδάζων
1259 2545 1348 2590 καὶ
1395 2542 1482 2590 τόν
1525 2541 1660 2589 κατὰ
1692 2539 1816 2610 σάρ-

223 2653 294 2684 κα
340 2636 650 2704 γεγενηκότα
709 2629 802 2683 διὰ
872 2634 1162 2702 πνεύματος
1226 2628 1572 2697 ἀναγεννῆσαι
1631 2624 1815 2698 βουλό-

220 2739 388 2790 μενος.
437 2719 587 2771 Ὀθεν
637 2719 694 2770 ού
744 2715 941 2772 διέλιπε
991 2726 1158 2789 σοφῶς
1187 2717 1342 2768 αὐτόν
1409 2718 1574 2767 ὑπιὼν
1605 2717 1814 2774 πεύσεις

221 2827 274 2860 τε
343 2814 622 2882 προτείνων
706 2808 798 2858 οὐκ
860 2807 1100 2866 εὐλύτους
1156 2811 1246 2856 καὶ
1303 2805 1436 2855 οὕτω
1487 2801 1814 2854 διασαλεύειν

222 2901 318 2954 τήν
366 2899 644 2970 θρησκείαν
678 2895 836 2945 αὐτοῦ
885 2900 1217 2966 πειρώμενος.
1243 2897 1306 2943 Τί
1337 2909 1459 2942 ποτε
1487 2893 1610 2961 γὰρ,
1659 2890 1812 2958 ἔλεγε,

225 2988 278 3035 οἱ
333 2987 457 3048 θεοὶ,
507 2985 692 3055 πάτερ,
743 2984 791 3032 οἱ
839 2985 926 3050 μὲν
967 2979 1018 3040 ἐξ
1069 2979 1245 3051 ἀρχῆς
1300 2979 1564 3047 ἱστάμενοι
1608 2979 1682 3026 ἔτι
1729 2981 1818 3026 καὶ

1933 1825 2155 1898 quibus
2195 1832 2445 1898 oportet,
2487 1847 2690 1886 curam
2731 1830 2887 1886 illius
2929 1832 3247 1888 tradidero.
3283 1837 3382 1890 Est
3418 1835 3580 1891 enim

1933 1915 2138 1985 magni
2161 1917 2328 1987 pretii
2355 1934 2367 1982 ;
2400 1923 2456 1973 et
2483 1919 2743 1990 quicum
2767 1921 2930 1975 nulla
2970 1921 3086 1976 alia
3109 1927 3302 1992 potest
3328 1923 3578 1978 conferri

1933 2005 2326 2074 possessione.
2393 2009 2508 2062 Hoc
2565 2023 2704 2063 vero
2769 2009 3025 2079 dicebat,
3085 2011 3255 2065 tacite
3323 2011 3578 2068 innuens

1933 2093 2182 2162 gratiam
2213 2094 2394 2150 divini
2418 2095 2814 2166 baptismatis.
2853 2099 3028 2153 Porro
3059 2104 3258 2154 autem
3289 2116 3578 2170 magnum

1934 2181 2257 2238 adhibebat
2299 2184 2565 2240 studium
2615 2191 2669 2240 et
2701 2187 3086 2256 diligentiam,
3129 2193 3192 2242 ut
3237 2194 3466 2260 patrem
3507 2191 3580 2245 ab

1932 2285 2128 2326 errore
2179 2272 2517 2339 abduceret,
2569 2279 2626 2328 et
2654 2275 2930 2340 efﬁceret,
2959 2281 3022 2329 ut
3046 2276 3246 2347 pietati
3277 2279 3580 2334 assentire-

1932 2363 2045 2424 tur,
2078 2376 2212 2415 eum
2263 2361 2367 2431 qui
2423 2365 2620 2433 ipsum
2653 2370 2937 2432 genuerat
2966 2365 3298 2419 secundum
3337 2381 3578 2420 carnem

1931 2447 2057 2518 ipse
2097 2465 2201 2519 per
2231 2450 2500 2520 spiritum
2551 2453 2796 2507 studens
2841 2468 3208 2522 regenerare.
3256 2455 3384 2518 Quo
3423 2455 3578 2509 circa

1929 2552 2240 2609 nunquam
2296 2541 2549 2595 cessavit
2603 2540 2800 2611 ipsum
2857 2541 3152 2612 sapienter
3206 2541 3469 2612 aggredi,
3525 2548 3579 2598 et

1928 2641 2260 2696 proponere
2309 2627 2820 2696 interrogationes,
2871 2646 3001 2700 qua:
3034 2645 3152 2684 non
3212 2630 3382 2685 facile
3434 2630 3578 2686 solvi

1927 2719 2190 2784 possent,
2213 2719 2269 2769 et
2296 2715 2380 2769 sic
2410 2715 2538 2784 ejus
2577 2715 2635 2769 in
2681 2715 2862 2772 falsos
2909 2717 3055 2772 deos
3095 2719 3573 2789 superstitionem

1929 2802 2130 2856 conari
2156 2802 2493 2858 dissolvere.
2515 2805 2786 2868 Quanam
2813 2805 2970 2860 enim
2989 2806 3063 2860 de
3083 2821 3283 2870 causa,
3320 2807 3574 2870 dicebat,

1927 2905 1964 2943 ο
1989 2895 2174 2959 pater,
2201 2889 2308 2959 qui
2338 2891 2416 2944 ab
2443 2893 2606 2947 initio
2633 2894 2871 2963 quidem
2895 2894 3156 2957 stabant,
3189 2910 3348 2948 nunc
3380 2894 3576 2948 adhuc

1929 2981 2107 3044 stant,
2170 2977 2416 3032 sedendi
2473 2995 2784 3051 nunquam
2843 2981 3176 3036 memores?
3225 2981 3576 3052 Quicunque

223 3079 314 3123 νῦν
351 3074 614 3138 ἵστανται,
655 3065 918 3141 μηδέποτε
970 3064 1231 3140 καθέδρας
1279 3067 1588 3136 μνησθέντες
1620 3062 1814 3130 ςὈσοι

1931 3067 2130 3118 autem
2159 3079 2364 3118 rursus
2393 3066 2620 3134 sedent,
2645 3068 2726 3122 sic
2751 3073 2994 3123 manent
3019 3074 3327 3139 perpetuo,
3351 3073 3408 3124 et
3427 3083 3575 3123 nun-

227 3157 287 3212 δὲ
333 3161 588 3217 κάθηνται
643 3157 812 3226 πάλιν,
870 3157 1003 3207 οὕτω
1063 3153 1156 3206 διὰ
1209 3158 1398 3214 παντὸς
1462 3157 1674 3224 μένουσι
1731 3157 1820 3204 καὶ

223 3245 474 3300 οὐδέποτε
525 3247 773 3318 ὤφθησαν
833 3243 1138 3302 ἀναστάντες
1183 3260 1198 3308 ;
1246 3245 1448 3294 Τούτων
1507 3245 1596 3292 καὶ
1655 3241 1818 3291 ἄλλων

223 3340 412 3409 ὁμοίων
462 3339 486 3388 6
541 3340 712 3408 πατὴρ
795 3333 1044 3396 ἀκούσας,
1105 3331 1310 3404 ἀπόρως
1367 3327 1478 3402 εἶχε
1537 3333 1665 3404 πρὸς
1723 3335 1816 3387 τὴν

225 3425 458 3478 ἐπίλυσιν
509 3429 596 3476 καὶ
653 3419 759 3482 ἤδη
810 3427 926 3497 περὶ
975 3425 1092 3481 τοὺς
1139 3421 1328 3482 αύτούς
1367 3417 1692 3472 διεσέσειστο
1727 3423 1816 3470 καὶ

226 3513 540 3588 ὑπόψυχρος
595 3510 678 3576 ἧν,
731 3513 852 3584 ὅπερ
907 3512 932 3561 6
987 3509 1280 3562 Παντολέων
1337 3510 1466 3582 ὁρῶν
1543 3506 1816 3578 ἐμεγάλυνε

223 3609 316 3654 τοῦ
365 3610 596 3677 Χριστοῦ
643 3605 700 3652 τὸ
745 3605 906 3672 ὄνομα
947 3605 1033 3650 καὶ
1083 3601 1311 3672 χάριτας
1361 3597 1501 3666 αὐτῷ
1541 3597 1811 3668 ὡμολόγει,

221 3693 304 3745 ὅτι
345 3697 468 3753 τέως
520 3699 642 3762 ’γοῦν
700 3686 1066 3751 ἐπιδοιάζοντα
1113 3691 1264 3746 ἔθηκε
1308 3691 1394 3738 τὸν
1427 3685 1587 3738 αὐτοῦ
1617 3691 1814 3758 πατέρα

224 3785 316 3832 καὶ
369 3781 417 3852 (ὃ
471 3799 625 3851 φησιν
660 3780 817 3836 Ὠσηὲ
863 3779 888 3828 6
930 3779 1081 3840 θεῖος)
1107 3780 1384 3850 μερίζοντα
1413 3771 1654 3846 καρδίαν,
1701 3777 1814 3828 ὅθεν

223 3866 349 3921 οὐδὲ
387 3868 588 3940 ἑώρακα
630 3871 696 3920 τὰ
741 3871 834 3925 τὴν
865 3865 1224 3939 προλαϐοῦσαν
1259 3867 1532 3924 συνήθειαν
1575 3861 1808 3935 δαψιλῶς

225 3958 380 4010 αὐτὸν
411 3961 766 4032 προσφέροντα
786 3959 874 4017 τὰς
898 3958 1108 4018 θυσίας.

295 4047 370 4101 Ζ’.
421 4047 686 4107 Βουληθεὶς
735 4043 820 4098 οὖν
851 4051 943 4103 τὴν
976 4051 1181 4120 πρώτην
1217 4043 1496 4116 συντρίψαι
1546 4050 1636 4097 καὶ
1683 4047 1809 4097 καθ-

223 4135 347 4188 ελεῖν
403 4138 468 4187 τὰ
527 4144 615 4188 τοῦ
673 4139 864 4210 πατρὸς
916 4132 1105 4187 εἴδωλα
1159 4133 1322 4186 πολλὰ
1373 4137 1494 4186 ὄντα
1543 4137 1688 4208 παρὰ
1739 4143 1810 4204 τῷ

221 4225 382 4276 αὐτοῦ
432 4233 657 4288 κοιτῶνι,
713 4225 926 4297 ἐπέσχε,
972 4229 1042 4296 μὴ
1101 4227 1428 4296 παροργίσαι
1473 4221 1802 4294 βουλόμενος·

219 4313 408 4366 πολλοῦ
461 4317 559 4386 γὰρ
607 4313 758 4385 ἐτίμα
813 4319 870 4364 τό
918 4317 1116 4383 πατέρα
1169 4317 1343 4382 τιμᾷν.
1379 4309 1554 4380 Ἔλεγε
1603 4307 1681 4373 δὲ,
1731 4313 1810 4361 ὅτι

1929 3167 2109 3220 quam
2131 3152 2235 3206 visi
2255 3152 2532 3221 surgere?
2551 3158 2678 3209 Haec
2691 3155 2870 3211 etalia
2891 3156 3110 3212 similia
3122 3162 3290 3228 pater
3303 3157 3570 3222 audiens,

1927 3239 2240 3294 haesitabat
2263 3241 2324 3294 in
2345 3256 2550 3295 eorum
2574 3243 2881 3308 solutione,
2910 3249 2968 3298 et
2993 3246 3118 3313 jam
3147 3246 3204 3298 in
3231 3261 3340 3300 sua
3367 3247 3435 3298 de
3463 3245 3575 3298 diis

1927 3328 2206 3398 opinione
2251 3328 2602 3394 labescebat,
2649 3333 2704 3384 et
2755 3335 2878 3386 erat
2928 3331 3198 3402 ancipitis
3247 3333 3572 3387 sententiae.

1927 3418 2095 3482 Quod
2117 3417 2362 3488 quidem
2383 3418 2592 3472 videns
2605 3419 2952 3489 Pantoleon,
2975 3420 3186 3475 Christi
3207 3435 3426 3474 nomen
3450 3435 3574 3476 ma-

1925 3507 2056 3574 gnis
2073 3505 2354 3561 laudibus
2368 3506 2669 3570 afferebat,
2697 3513 2753 3562 et
2767 3523 3013 3578 magnas
3032 3509 3084 3563 ei
3097 3509 3568 3578 agebatgratias,

1923 3594 2088 3665 quod
2115 3599 2342 3665 patrem
2369 3611 2544 3650 suum
2567 3597 2774 3651 saltem
2801 3597 3152 3652 reddidisset
3175 3598 3568 3662 dubitantem,

1924 3687 1978 3738 et
2005 3683 2196 3754 (quod
2226 3683 2454 3738 divinus
2484 3685 2565 3738 ait
2589 3686 2768 3740 Oseas
2797 3686 2842 3756 ¹)
2873 3701 2975 3740 cor
3004 3687 3387 3741 dividentem.
3421 3689 3574 3750 Quo-

1923 3772 2077 3826 circa
2113 3786 2220 3826 nec
2257 3787 2394 3826 eum
2433 3773 2692 3838 videbat,
2747 3778 2812 3830 ut
2850 3774 3100 3840 solebat,
3143 3774 3475 3846 frequentia
3514 3777 3574 3828 et

1921 3859 2143 3932 optima
2183 3860 2529 3917 offerentem
2574 3861 2882 3918 sacriﬁcia.

1991 4041 2094 4096 νη.
2139 4043 2284 4096 Cum
2333 4039 2529 4110 itaque
2579 4037 2770 4110 primo
2821 4039 3103 4095 voluisset
3156 4043 3460 4094 conterere
3515 4045 3570 4094 et

1919 4128 2220 4182 destruere
2259 4127 2442 4196 patris
2493 4125 2964 4197 simulacra,quae
3013 4126 3075 4179 in
3119 4125 3246 4194 ejus
3293 4126 3568 4182 cubiculo

1919 4220 2080 4270 erant
2101 4213 2303 4276 multa,
2332 4229 2392 4266 se
2413 4213 2722 4266 continuit.
2746 4215 2797 4266 ls
2829 4215 2986 4268 enim
3011 4213 3308 4267 honorare
3337 4219 3564 4284 patrem

1921 4301 2121 4370 magni
2141 4300 2413 4356 faciebat.
2436 4298 2842 4354 Dicebatenim
2860 4317 2871 4354 :
2889 4303 3007 4369 Ego
3023 4317 3161 4356 eum
3185 4302 3382 4371 potius
3399 4303 3569 4356 indu-

217 4404 386 4454 πειθοῖ
451 4402 637 4472 μᾶλλον
704 4401 858 4452 αὐτὸν
930 4399 1184 4469 ἐπάξομαι
1249 4403 1338 4448 καὶ
1422 4396 1672 4466 ἐπιεικείᾳ

1928 4408 2050 4446 3am
2076 4387 2724 4461 persuasione,lenitate
2741 4403 2856 4458 que
2879 4395 2934 4445 et
2962 4391 3415 4444 mansuetudine
3445 4389 3568 4444 efﬁ-

217 4497 434 4562 Χριστῷ
501 4496 803 4552 πιστεῦσαι,
871 4493 960 4538 καὶ
1031 4487 1194 4545 οὕτως
1261 4484 1563 4556 ἀμφοτέροις
1632 4489 1802 4555 ἔσται,

217 4584 384 4629 ταῦτα
431 4575 752 4630 καταϐαλεῖν.
801 4578 892 4628 Διά
935 4583 1086 4627 τοῦτο
1131 4579 1220 4627 καὶ
1267 4575 1416 4631 ὁτὴν
1456 4572 1658 4632 ἐντολήν
1687 4573 1806 4638 δούς

218 4669 416 4740 πατέρα
467 4671 642 4737 τιμᾷν,
696 4673 790 4727 τῆς
837 4663 1026 4724 πολλῆς
1056 4666 1252 4724 ταύτης
1303 4661 1568 4724 εὐλαϐείας
1619 4663 1804 4718 ἐκεῖνον

218 4751 639 4826 ἀποδειξάμενος,
721 4753 954 4829 ἀφορμὴν
1020 4758 1282 4827 παρέσχεν
1369 4750 1688 4818 ἐπιτηδείαν,
1771 4759 1798 4813 ἣ

215 4849 305 4894 καὶ
355 4847 442 4894 τόν
492 4844 650 4895 αὐτοῦ
698 4849 891 4916 πατέρα
944 4843 1146 4914 ὁμαλῶς
1204 4843 1336 4894 οὕτω
1393 4847 1481 4894 καὶ
1513 4843 1681 4905 ἠπίως
1711 4863 1800 4896 πι-

216 4939 436 4984 στεῦσαι
466 4937 732 4998 πεποίηκε,
787 4937 1017 4985 κάκεῖνον
1049 4933 1233 4984 ἑαυτοῦ
1265 4933 1457 5003 μισθοῦ
1503 4931 1628 4983 ὂσου
1660 4937 1802 4985 κατέ-

215 5039 378 5078 στησε
431 5020 688 5094 πρόξενον.
734 5029 908 5074 Ταῦτα
945 5024 1045 5095 γὰρ
1101 5021 1436 5094 ἐνθυμουμένῳ
1481 5029 1553 5092 τῷ
1603 5029 1798 5075 Παντο-

209 5109 374 5162 λέοντι
428 5115 814 5182 προσέρχονταί
879 5129 1010 5172 τινες
1083 5113 1562 5184 χειραγωγούμενον
1610 5111 1796 5182 τυφλόν

211 5198 534 5270 ἐπαγόμενοι.
603 5199 872 5270 Κόψαντες
928 5196 1014 5251 οὖν
1065 5204 1152 5256 τὴν
1221 5201 1398 5270 θύραν,
1459 5197 1795 5253 ἐπυνθάνοντο

211 5287 254 5340 εἰ
303 5295 478 5359 παρὼν
531 5291 606 5346 εἴη
651 5287 942 5341 Παντολέων
983 5289 1008 5339 6
1059 5287 1254 5361 ἰατρός.
1287 5289 1538 5348 Μαθοντες
1569 5285 1628 5340 δὲ
1655 5309 1794 5365 παρ-

209 5383 356 5442 εῖναι,
413 5381 744 5451 προσέμενονο
805 5381 893 5430 καὶ
951 5379 1005 5439 ὃς
1080 5377 1330 5440 ἀκούσας,
1398 5379 1528 5449 μετὰ
1599 5379 1792 5442 πολλῆς

279 5573 299 5608 ²
331 5573 476 5630 Osee
509 5589 563 5640 x,
591 5577 644 5632 2.

1916 4481 2090 4544 ciam,
2125 4485 2187 4534 ut
2217 4479 2442 4534 Christo
2465 4477 2666 4532 credat
2694 4495 2706 4531 :
2735 4483 2791 4532 et
2820 4478 2902 4533 sic
2935 4478 3234 4534 ambobus
3267 4495 3338 4534 ea
3367 4479 3566 4535 licebit

1914 4569 2185 4640 dejicere.
2215 4570 2276 4623 Et
2301 4567 2436 4622 ideo
2459 4567 2532 4630 is,
2561 4565 2662 4637 qui
2683 4569 2914 4638 patrem
2937 4569 3217 4639 praecepit
3241 4569 3556 4632 honorare,

1912 4659 2069 4714 illius
2083 4671 2364 4726 magnam
2391 4654 2756 4726 amplectens
2781 4656 3057 4726 pietatem
3073 4662 3276 4726 aptam
3303 4656 3562 4727 praebuit

1911 4746 2283 4802 occasionem
2295 4787 2307 4810 ,
2339 4760 2474 4814 quae
2490 4743 2638 4809 fecit,
2657 4749 2719 4798 ut
2734 4745 2862 4814 ejus
2875 4747 3044 4814 pater
3063 4743 3240 4814 plane
3253 4748 3308 4798 et
3325 4743 3558 4814 placide

1910 4835 2197 4891 crederet:
2223 4839 2278 4888 et
2298 4833 2655 4903 procuravit,
2677 4839 2741 4887 ut
2765 4831 2860 4887 ille
2891 4847 3172 4902 magnam
3189 4831 3298 4886 sibi
3323 4834 3562 4902 pararet

1911 4925 2264 4980 mercedem.
2287 4924 2416 4976 Haec
2441 4937 2577 4976 cum
2606 4921 2891 4990 cogitaret
2906 4920 3248 4986 Pantoleon,
3264 4921 3561 4976 accedunt

1905 5013 2179 5085 quidam,
2197 5025 2444 5075 caecum,
2472 5009 2575 5081 qui
2595 5025 2778 5064 manu
2802 5009 3131 5066 deducitur.
3155 5007 3522 5063 adducentes
3545 5031 3556 5062 :

1907 5105 2054 5159 Cum
2083 5101 2239 5155 fores
2271 5104 2470 5154 autem
2501 5098 2858 5170 pulsassent,
2888 5097 3182 5167 rogabant
3213 5113 3291 5152 an
3323 5097 3563 5152 adesset

1907 5189 2234 5245 Pantoleon
2249 5187 2536 5242 medicus.
2562 5190 2707 5242 Cum
2723 5202 2861 5241 vero
2883 5186 3090 5241 adesse
3113 5185 3556 5252 intellexissent,

1903 5278 2350 5351 exspectabant.
2367 5276 2462 5331 llle
2483 5283 2683 5332 autem
2709 5291 2840 5330 cum
2867 5274 3173 5339 audiisset,
3199 5291 3336 5330 cum
3365 5281 3560 5330 maxi-

1905 5385 2004 5426 mo
2039 5367 2236 5424 studio
2277 5365 2595 5437 egreditur,
2649 5369 2882 5437 patrem
2911 5379 3152 5438 quoque
3181 5363 3360 5420 simul
3389 5379 3562 5420 assu-
