4144 6258
560 198 662 252 455

1952 176 2209 237 MENSIS
2247 175 2518 237 IULIUS.

3821 172 3960 229 456

560 338 752 377 mens.
778 325 925 376 Cum
940 322 1141 375 autem
1164 316 1409 372 vidisset
1428 326 1672 374 caecum,
1687 309 1920 379 rogavit
1937 320 2207 378 quonam

2324 304 2455 376 ἐξῄει
2480 314 2574 367 τῆς
2607 301 2866 368 σπουδῆς,
2910 299 3221 375 παραλαϐὼν
3268 297 3379 370 ἅμα
3427 301 3515 349 καὶ
3558 299 3644 350 τόν
3695 302 3960 373 πατέρα.

560 426 715 481 opus
746 406 1133 463 haberet.llle
1177 420 1313 459 vero
1356 419 1366 456 :
1422 406 1591 466 Luce,
1640 398 1851 470 inquit,
1902 410 2025 466 qua
2072 407 2205 447 sum

562 499 846 569 privatus,
891 502 945 550 et
982 510 1104 565 qua
1144 492 1285 547 nihil
1331 495 1420 545 est
1476 487 1819 543 hominibus
1858 481 2203 554 jucundius.

558 584 949 641 Misericordia
989 598 1129 649 ergo
1170 587 1365 635 motus
1408 594 1555 632 meae
1585 574 1961 635 calamitatis,
1993 571 2089 635 da,
2133 583 2206 622 ne

563 674 645 727 sic
697 675 890 726 vivam
943 670 1300 740 imperfecte,
1344 673 1401 722 et
1446 667 1622 720 veluti
1666 680 1736 717 ex
1776 660 2066 716 dimidio:
2102 655 2205 711 sed

561 762 794 815 videam
817 760 1024 821 solem,
1049 758 1275 811 videam
1297 755 1533 810 caelum.
1562 757 1705 808 Nam
1726 767 1832 805 nos
1853 748 2097 819 quidem
2122 746 2207 798 sic

561 851 842 911 viventes,
867 848 1009 902 nihil
1035 846 1362 900 dill‘erimus
1388 845 1465 897 ab
1490 844 1557 897 iis
1585 842 1686 913 qui
1716 843 1856 893 sunt
1878 836 2038 908 apud
2058 832 2206 888 infe-

561 956 680 994 ros.
736 941 974 991 Etcum
1028 936 1333 989 facultates
1387 948 1594 987 omnes
1650 928 1896 983 medicis
1947 926 2202 997 prmbue-

561 1029 765 1090 rimus,
801 1026 1102 1079 modicum
1134 1038 1372 1092 quoque
1413 1020 1633 1083 lumen,
1665 1016 1829 1089 quod
1869 1021 1992 1069 erat
2032 1011 2205 1067 nobis

562 1116 872 1184 reliquum,
907 1113 1219 1167 amisimus
1251 1129 1263 1166 :
1308 1111 1420 1163 hoc
1461 1108 1654 1162 solum
1685 1123 1720 1159 a
1760 1102 2059 1174 praeclaris
2094 1098 2204 1151 illis

563 1203 807 1258 medicis
842 1200 1111 1263 assecuti,
1145 1198 1308 1269 quod
1334 1212 1471 1250 cum
1502 1192 1880 1249 facultatibus
1904 1190 2033 1242 luce
2063 1203 2208 1259 quo-

563 1308 677 1363 que
710 1291 897 1344 simus
937 1286 1168 1359 privati.
1214 1285 1532 1339 Pantoleon
1565 1288 1763 1336 autem
1808 1299 1819 1336 ;
1864 1279 2012 1331 Cum
2050 1276 2204 1341 aliis,

563 1381 773 1451 inquit,
808 1378 1049 1432 medicis
1084 1384 1213 1429 tuas
1246 1374 1481 1428 dederis
1513 1370 1843 1431 facultates,
1885 1372 1941 1421 et
1980 1364 2207 1419 nullam

565 1450 863 1538 acceperis
888 1466 1215 1527 utilitatem,
1240 1463 1287 1516 si
1312 1478 1516 1515 rursus
1547 1458 1866 1529 aspexeris,
1895 1454 2039 1525 quid
2061 1450 2208 1506 mihi

565 1555 781 1612 dabis?
812 1555 904 1608 llle
933 1569 1073 1607 vero
1105 1569 1116 1605 :
1143 1554 1283 1616 Quae
1307 1556 1460 1612 sunt,
1484 1548 1694 1618 inquit,
1720 1546 1946 1614 reliqua
1977 1559 2047 1597 ex
2064 1540 2209 1595 meis

2321 391 2466 445 Ἰδὼν
2517 390 2602 444 οὖν
2656 398 2741 444 τὸν
2796 391 2982 463 τυφλὸν
3031 393 3150 442 ὅτου
3194 384 3365 440 δέοιτο
3418 386 3680 461 ἐπηρώτα.
3734 387 3804 439 Ὁ
3852 385 3954 440 δέ’

2318 483 2394 533 Οὔ
2434 483 2713 554 ἐστέρημαι
2746 485 2929 552 φυτός,
2966 480 3121 549 ἔλεγε,
3176 483 3264 529 καὶ
3311 475 3368 529 οὗ
3413 473 3579 548 μηδεν
3632 475 3798 535 ἣδιον
3846 477 3957 529 ἁν-

2319 572 2561 641 θρῶποις·
2610 570 2741 621 ἔλεον
2796 574 2965 620 τοίνυν
3004 566 3170 619 λαϐὼν
3203 586 3301 637 μου
3348 575 3443 626 τῆς
3498 574 3801 639 συμφορᾶς,
3837 564 3953 629 δός

2317 659 2449 709 οὕτω
2479 664 2549 729 μὴ
2600 658 2784 717 ατελώς
2816 658 2911 728 ζῇν
2958 662 3046 707 καὶ
3091 658 3195 707 οἷον
3244 655 3297 717 ἐξ
3327 657 3591 725 ἡμισείας,
3636 654 3745 706 ἀλλ’
3802 658 3947 727 όρᾲν

2318 748 2479 812 ἣλιον,
2514 750 2579 809 ως
2624 756 2710 798 νῦν
2741 766 2798 817 γε
2825 743 2975 797 οὐδὲν
3006 746 3193 806 ζῶντες
3223 746 3373 816 ἡμεῖς
3420 753 3518 795 τῶν
3552 745 3600 795 ἐν
3789 742 3946 797 διεν-

2316 844 2599 909 ηνόχαμεν.
2664 840 2834 887 Πάντα
2891 838 2988 908 γὰρ
3038 837 3101 885 τὰ
3149 838 3271 885 ὄντα
3315 834 3513 905 ἰατροῖς
3542 839 3945 907 παρασχόντες

2314 932 2401 978 καί
2447 930 2475 984 ἢ
2532 926 2846 999 περιελίπετο
2902 924 3091 995 μᾶλλον
3158 928 3367 996 μετρίαν
3422 924 3588 993 αὐγὴν
3648 923 3938 977 ἀπολέσα-

2314 1036 2421 1087 μεν.
2478 1022 2640 1067 Τοῦτο
2704 1023 2799 1065 τῶν
2876 1012 3041 1064 καλῶν
3090 1011 3288 1064 ἐκείνων
3345 1013 3530 1085 ἰατρῶν
3602 1012 3938 1085 ἁπονάμενοι

2313 1110 2369 1157 τό
2422 1108 2735 1177 στερηθῆναι
2789 1111 2880 1163 τῆς
2930 1104 3110 1163 οὐσίας
3165 1105 3295 1173 μετὰ
3351 1110 3441 1153 τοῦ
3484 1109 3671 1174 φωτός.
3728 1110 3842 1155 Καὶ
3908 1106 3934 1155 ὁ

2319 1193 2628 1244 Παντολέων·
2683 1199 2801 1252 Τοῖς
2853 1196 2940 1262 μὲν
3000 1191 3167 1250 ἄλλοις
3223 1190 3439 1265 ἰατροῖς,
3499 1193 3617 1262 ἔφη,
3680 1195 3744 1243 τὰ
3800 1193 3939 1243 ὄντα

2318 1279 2437 1341 δοὺς
2489 1278 2739 1352 οὐδεμιᾶς
2788 1280 3083 1339 ἀπελαύσας
3141 1280 3404 1351 ὠφελείας,
3459 1279 3571 1350 ἐμοὶ
3623 1276 3681 1332 δὲ
3740 1286 3794 1332 τί
3868 1285 3935 1333 οἰν

2317 1369 2606 1440 ἀναϐλέψας
2678 1372 3029 1442 παράσχοις;
3077 1374 3176 1421 Καὶ
3235 1371 3308 1435 ὃς,
3367 1372 3442 1421 Τὰ.
3501 1369 3930 1442 περιλειφθέντα,

2317 1461 2442 1523 εἰπε,
2495 1467 2588 1520 τῆς
2638 1460 2815 1518 οὐσίας
2869 1460 3147 1531 προθύμως
3184 1456 3481 1510 καταϐαλῶ.
3522 1455 3647 1510 Εἶτα
3700 1460 3725 1509 ό
3791 1467 3936 1511 Παν-

3908 1575 3921 1583 ς

2318 1548 2518 1600 τολέων’
2598 1554 2701 1606 Τὴν
2776 1554 2863 1619 μεν
2914 1556 3003 1598 τοῦ
3082 1551 3263 1618 φωτός,
3320 1550 3433 1618 ἔφη,
3488 1544 3684 1619 δωρεὰν
3747 1551 3771 1600 ό
3830 1560 3935 1601 τῶν

564 1644 960 1706 facultatibus,
1007 1641 1313 1695 exsolvam
1356 1644 1632 1707 prompto
1677 1642 1731 1689 et
1764 1633 1942 1688 alacri
1982 1632 2205 1686 animo.

2324 1643 2493 1708 φώτων
2524 1642 2699 1711 Πατὴρ
2735 1640 2863 1697 Θεὸς
2894 1634 2968 1687 δι’
3016 1638 3161 1707 ἡμῶν
3214 1639 3362 1688 ἔσται
3414 1655 3497 1687 σοι
3541 1640 3927 1709 χαριούμενος·

562 1733 785 1787 Deinde
827 1730 1136 1785 Pantoleon
1174 1745 1185 1783 :
1234 1731 1464 1781 Uonum
1499 1725 1764 1796 quidem,
1804 1720 2015 1792 inquit,
2062 1719 2209 1773 lucis

564 1837 668 1892 per
700 1837 805 1874 nos
856 1818 957 1873 tibi
988 1818 1153 1871 dabit
1186 1819 1348 1871 Pater
1376 1813 1706 1869 luminum:
1732 1818 1791 1866 tu
1822 1817 2043 1872 autem,
2073 1824 2209 1879 quae

565 1909 708 1964 mihi
739 1925 799 1963 es
829 1907 1144 1978 pollicitus,
1179 1905 1348 1969 vade,
1378 1910 1433 1957 et
1461 1903 1539 1957 da
1578 1900 1966 1972 pauperibus.

638 1998 771 2050 Vlll.
824 1996 957 2051 Haec
1012 2012 1148 2049 cum
1197 1994 1477 2049 audiisset
1528 1998 1712 2061 pater,
1741 2004 1878 2043 eum
1934 2004 1970 2043 a
2014 1992 2208 2057 coepto

564 2086 937 2140 abducebat:
963 2083 1107 2147 Noli,
1133 2083 1361 2149 dicens,
1384 2096 1419 2134 o
1446 2079 1813 2143 charissime,
1841 2092 1913 2131 ne
1943 2082 2000 2131 tu
2024 2080 2201 2130 etiam

564 2174 881 2229 irridearis.
928 2173 1079 2236 Quid
1118 2173 1276 2225 enim
1317 2171 1448 2240 plus
1479 2168 1715 2240 poteris,
1750 2181 1935 2238 quam
1985 2166 2210 2235 priores

566 2262 783 2317 medici
812 2260 839 2314 ?
868 2259 1191 2314 Pantoleon
1223 2263 1418 2314 autem
1457 2273 1469 2311 :
1506 2260 1712 2319 Nemo,
1743 2256 1953 2325 inquit,
1975 2268 2047 2307 ex
2080 2252 2208 2306 aliis

564 2350 812 2405 medicis
844 2351 952 2403 scit
980 2349 1139 2402 hunc
1184 2348 1489 2401 hominem
1533 2351 1799 2408 tractare,
1848 2348 1908 2397 ut
1938 2358 2049 2410 ego
2077 2358 2210 2395 sum

565 2443 943 2493 tractaturus.
970 2436 1210 2491 Multum
1235 2438 1393 2489 enim
1414 2436 1653 2489 interest
1675 2434 1825 2486 inter
1846 2446 1965 2495 eos,
1997 2436 2051 2484 et
2072 2445 2207 2483 eum

565 2528 801 2599 quinos
825 2527 1039 2580 docuit.
1059 2529 1204 2579 Cum
1228 2529 1495 2594 putasset
1516 2527 1714 2575 autem
1739 2526 1904 2589 pater
1925 2534 2063 2572 eum
2086 2517 2209 2570 haec

567 2616 783 2669 dixisse
808 2615 882 2669 de
905 2614 1335 2684 Euphrosyno;
1370 2612 1535 2664 illum
1566 2623 1825 2679 quoque,
1860 2608 2071 2677 inquit,
2105 2605 2206 2669 illi,

567 2705 746 2759 audio
766 2705 821 2757 in
847 2703 957 2757 hoc
980 2702 1245 2756 curando
1271 2716 1443 2754 suam
1457 2698 1798 2753 adhibuisse
1819 2695 2209 2765 diligentiam,

566 2798 623 2847 et
653 2793 795 2846 nihil
836 2792 1173 2862 profecisse.
1208 2789 1522 2844 Pantoleon
1556 2803 1693 2841 vero
1727 2806 1737 2843 :
1779 2789 2084 2855 Exspecta,
2119 2782 2213 2835 in-

566 2883 715 2953 quit,
741 2888 923 2953 pater,
947 2889 1000 2935 et
1022 2884 1154 2951 ipsa
1181 2897 1273 2934 res
1303 2880 1601 2934 indicabit.
1625 2881 1755 2931 Haec
1782 2892 1919 2929 cum
1949 2874 2212 2937 dixisset,

2323 1730 2386 1777 σὺ
2431 1723 2508 1791 δὲ,
2559 1727 2593 1777 οἷ
2639 1726 2750 1797 ἐμοὶ
2809 1725 3119 1796 ἐπηγγείλω,
3174 1727 3442 1799 πορευθεὶς
3504 1730 3692 1783 πένησι
3753 1732 3932 1801 παρά-

2322 1834 2459 1885 σχου
2476 1859 2487 1870 .

2395 1990 2470 2043 Η’·
2526 1994 2732 2042 Τούτων
2786 1992 2811 2041 ο
2858 1996 3030 2064 πατὴρ
3088 1988 3305 2055 ἀκούων,
3364 1990 3559 2062 ἀπῆγεν
3614 1991 3769 2042 αὐτόν
3832 2000 3928 2043 τοῦ

2320 2080 2719 2153 ἐγχειρήματος
2804 2085 2886 2136 Μὴ
2951 2082 3098 2149 σύγε,
3150 2079 3371 2151 φίλτατε,

2319 2170 2516 2239 γέλωτα
2559 2169 2749 2239 ὄφλοις.
2810 2172 2872 2219 Τί
2923 2170 3022 2241 γὰρ
3083 2169 3143 2219 οἶν
3194 2167 3342 2219 πλέον
3396 2176 3495 2219 τῶν
3560 2168 3925 2241 προλαϐόντων

3448 2079 3627 2150 λέγων,
3693 2085 3766 2152 μὴ
3829 2086 3925 2132 καὶ

2324 2259 2507 2329 ἰατρῶν
2556 2258 2706 2316 αὐτὸς
2755 2253 3001 2327 δυνηθῇς.
3066 2262 3164 2308 Kal
3226 2258 3249 2307 ὁ
3308 2258 3619 2308 Παντολέων·
3674 2258 3761 2319 Ὡς
3820 2257 3925 2327 ἐγὼ

2322 2347 2600 2419 βούλομαι,
2652 2349 2765 2417 ἔφη,
2824 2355 2894 2415 τῷ
2955 2343 3107 2417 ἀνδρὶ
3161 2342 3298 2414 τῷδε
3347 2349 3686 2417 χρησασθαι,
3741 2344 3927 2408 οὐδεὶς

2323 2446 2418 2487 τῶν
2493 2436 2652 2486 ἄλλων
2701 2434 2982 2486 ἐπίσταται
3041 2436 3246 2508 ἰατρῶν·
3305 2435 3433 2486 πολὺ
3488 2440 3589 2510 γαρ
3649 2441 3705 2488 τὸ
3760 2442 3924 2508 μέσον

2323 2525 2491 2575 αὐτῶν
2537 2544 2589 2575 τε
2639 2530 2727 2575 καὶ
2774 2531 2862 2574 τοῦ
2917 2526 3049 2595 ἡμᾶς
3106 2526 3547 2595 μαθητεύσαντος.
3611 2525 3767 2587 Δόξαν
3861 2523 3924 2577 δὲ

2324 2622 2394 2683 τῷ
2451 2618 2610 2686 πατρὶ
2654 2613 2816 2663 αὑτοῦ
2860 2617 2989 2685 περὶ-
3031 2612 3361 2684 Εὐφροσῦνου
3421 2622 3583 2665 ταῦτα
3634 2615 3918 2686 εἰρηκέναι·

2330 2702 2589 2765 Κὰκεῖνον,
2651 2700 2803 2764 εἶπεν,
2863 2700 3083 2766 ἀκήκοα,
3146 2706 3338 2765 τέκνον,
3400 2700 3676 2773 ἐπιμελείας
3754 2701 3915 2763 ἀξιώ-

2328 2811 2412 2843 σαι
2464 2795 2547 2842 τόν
2597 2787 2765 2863 ἄνδρα
2816 2794 2905 2840 καὶ
2946 2787 3111 2860 μηδεν
3151 2790 3299 2842 πλέον
3340 2790 3544 2848 ὀνῆσαι.
3592 2790 3647 2843 Ὀ
3680 2787 3734 2842 δὲ
3768 2798 3911 2842 Παν-

2326 2880 2526 2931 τολέων·
2578 2880 2883 2950 Ἐπίμεινον,
2937 2881 3051 2949 ἔφη,
3105 2882 3279 2952 πάτερ,
3329 2886 3414 2930 καὶ
3472 2880 3595 2930 αὐτὸ
3645 2876 3799 2940 δείξει
3849 2883 3910 2929 τὸ

570 2975 769 3025 etcaaci
790 2971 994 3025 oculos
1021 2970 1315 3039 tetigisset,
1345 2975 1401 3023 et
1430 2983 1718 3036 magnum
1753 2965 1963 3019 Christi
1990 2978 2208 3017 nomen

2327 2977 2564 3043 πρᾶγμα.
2608 2976 2786 3020 Ταῦτα
2841 2969 2992 3019 εἰπὼν
3048 2973 3136 3019 καὶ
3183 2976 3282 3019 τῶν
3335 2968 3607 3040 ὀφθαλμῶν
3659 2968 3921 3039 ἁψάμενος

570 3066 856 3122 vocasset,
875 3060 1028 3113 etab
1052 3061 1182 3129 ipso
1206 3057 1480 3129 precibus
1510 3058 1769 3127 petiisset
1793 3055 1945 3109 illius
1968 3052 2215 3107 curatio-
2256 3052 2263 3055 ’

568 3162 727 3215 nem,
783 3150 982 3201 statim
1035 3148 1114 3200 illi
1159 3146 1400 3216 quidem
1451 3144 1782 3209 oculorum,
1813 3144 1964 3213 patri
2009 3148 2209 3195 autem

569 3235 741 3290 solvit
796 3236 1069 3289 tenebras
1134 3236 1474 3304 impietatis,
1533 3240 1589 3288 et
1642 3233 1832 3287 etfecit
1900 3237 1961 3284 ut
2004 3234 2206 3299 aperte

568 3325 944 3378 conﬁteretur
974 3324 1255 3394 pietatem
1290 3340 1301 3378 :
1350 3323 1433 3377 vel
1467 3325 1659 3393 potius
1711 3336 1868 3376 caeco
1907 3318 2206 3387 duplicem

568 3412 729 3467 dedit
760 3413 1075 3467 medelam.
1110 3411 1314 3467 Carnis
1345 3412 1500 3464 enim
1533 3413 1589 3464 et
1618 3410 1832 3464 animae
1865 3406 2211 3461 caecutiebat

568 3501 771 3569 oculis,
800 3507 859 3554 ut
879 3502 981 3571 qui
999 3505 1152 3555 esset
1172 3501 1451 3554 adorator
1472 3499 1790 3565 idolorum,
1805 3503 1859 3551 et
1883 3512 1983 3566 per
2019 3495 2210 3549 lucem

562 3590 690 3658 jam
730 3605 1079 3658 corpoream
1124 3594 1357 3659 apertos
1406 3588 1601 3644 cordis
1644 3588 1949 3642 habuisset
1983 3584 2207 3639 oculos.

568 3679 791 3731 Ambos
834 3693 996 3743 ergo,
1046 3693 1180 3730 cum
1232 3677 1638 3737 credidissent,
1686 3674 1888 3729 divino
1926 3674 2211 3741 dignatur

567 3765 951 3835 baptismate,
1000 3770 1056 3817 et
1098 3762 1272 3817 refert
1302 3764 1358 3816 iu
1412 3779 1727 3816 numerum
1772 3762 2055 3816 fidelium.
2093 3762 2200 3817 Sed

568 3867 691 3907 non
722 3869 790 3906 eo
828 3868 1013 3923 usque
1045 3852 1167 3905 sisti
1204 3857 1431 3921 poterat
1471 3852 1759 3919 Eustorgii
1789 3849 2053 3905 studium
2095 3851 2215 3920 pie—

571 3941 723 4007 tatis,
768 3947 829 3995 ut
861 3942 962 4012 qui
989 3946 1139 3994 esset
1188 3947 1347 4010 pater
1389 3940 1591 4009 magni
1626 3940 2002 3995 Pantoleonis
2057 3955 2068 3991 :
2108 3939 2214 3992 sed

570 4031 947 4101 apertissime
968 4031 1286 4086 ostendens
1305 4047 1363 4084 se
1378 4046 1636 4085 errorem
1658 4029 1879 4084 habere
1900 4028 2211 4092 odio,cum

570 4120 937 4175 contrivisset
984 4120 1145 4175 idola
1173 4136 1308 4191 quae
1343 4125 1510 4176 erant
1555 4120 1615 4174 in
1645 4118 1938 4183 cubiculo,
1974 4134 2044 4173 ea
2069 4117 2215 4187 jacit

568 4210 629 4264 in
650 4210 892 4273 fossam,
939 4215 997 4264 ut
1050 4226 1179 4281 quae
1233 4218 1431 4264 essent
1472 4210 1775 4265 oblivione
1821 4215 1875 4264 et
1913 4207 2213 4279 profundo

570 4314 705 4353 vere
732 4299 934 4367 digna.

641 4474 723 4527 lx.
760 4472 927 4528 llaud
950 4474 1029 4527 ita
1057 4487 1344 4539 magnum
1371 4472 1676 4527 intercedit
1700 4472 1979 4543 spatium,
2008 4476 2066 4527 et
2090 4488 2215 4527 mo-

570 4563 715 4617 ritur
743 4567 909 4632 pater
939 4559 1331 4615 Pantoleonis.
1367 4561 1600 4614 Moritur
1626 4566 1826 4615 autem
1860 4567 2045 4616 morte
2080 4578 2214 4616 cor-

570 4653 730 4722 poris
764 4666 776 4705 :
820 4666 960 4705 nam
988 4667 1023 4705 a
1050 4656 1235 4703 morte
1264 4648 1623 4719 animaejam
1655 4656 1774 4704 erat
1804 4651 2049 4706 omnino
2076 4652 2216 4705 libe-

567 4748 731 4797 ratus
764 4756 866 4813 per
896 4740 1076 4793 tidem
1113 4744 1167 4793 et
1200 4738 1469 4791 divinum
1504 4740 1893 4810 baptismum.
1930 4742 2217 4805 Quocirca

570 4830 887 4885 Pantoleon
922 4844 1059 4882 cum
1102 4828 1418 4881 invenisset
1449 4834 1681 4898 tempus
1730 4845 1907 4899 opem
1936 4829 2087 4886 ferre
2123 4847 2217 4885 vo-

565 4918 795 4984 luntati,
854 4916 1092 4972 famulos
1122 4916 1367 4986 quidem
1416 4916 1626 4971 liberat
1656 4934 1690 4973 a
1721 4918 2017 4982 servitute,
2052 4925 2108 4975 et
2134 4921 2217 4974 eis

570 5009 709 5061 satis
740 5006 901 5060 dedit
932 5008 1198 5076 pecuniae
1226 5020 1237 5058 :
1269 5004 1384 5059 alia
1418 5011 1615 5059 autem
1639 5005 1977 5063 habuerunt
2001 5026 2218 5064 manus

572 5094 1155 5163 pauperum.Deinde
1168 5110 1268 5147 eos
1284 5095 1517 5165 etiam,q
1528 5096 1580 5147 ui
1599 5103 1765 5150 erant
1780 5099 1834 5150 in
1854 5099 2216 5165 carceribus,

576 5188 630 5235 et
654 5183 755 5249 qui
786 5183 1085 5236 tormentis
1110 5185 1473 5237 vexabantur
1498 5189 1554 5238 et
1581 5184 1827 5247 morbis,
1862 5186 2217 5242 circumiens

573 5268 839 5331 curabat,
873 5276 927 5322 et
951 5284 1019 5323 ea
1053 5272 1338 5339 praebens,
1367 5289 1496 5341 quae
1542 5279 1707 5328 erant
1734 5276 2072 5331 necessaria
2108 5292 2119 5329 :
2161 5281 2224 5331 ut

572 5370 693 5411 non
742 5355 935 5409 solum
982 5359 1174 5412 morbi
1222 5362 1510 5416 Videretur
1555 5362 1844 5427 medicus,
1887 5365 1992 5418 sed
2042 5364 2216 5421 etiam

573 5443 871 5513 egestatis.
915 5446 1042 5510 Qua
1078 5461 1147 5498 ex
1188 5463 1247 5502 re
1294 5448 1581 5521 quidnam
1633 5450 1897 5507 accidit?
1932 5452 2219 5512 Universa

2328 3067 2418 3111 τοῦ
2462 3058 2673 3129 τυφλοῦ,
2725 3061 2779 3108 τό
2833 3060 2967 3129 μέγα
3012 3077 3063 3109 τε
3103 3062 3262 3128 ὄνομα
3304 3077 3392 3109 του
3437 3065 3673 3131 Χριστοῦ
3700 3057 3919 3119 καλέσας

2326 3153 2415 3199 καὶ
2457 3148 2578 3221 παρ’
2650 3146 2809 3197 αὐτοῦ
2866 3150 3008 3197 ἴασιν
3082 3146 3439 3218 ἐπευξάμενος,
3524 3147 3677 3207 εὐθὺς
3749 3146 3913 3217 ἐκείνῳ

2325 3241 2413 3307 μὲν
2462 3239 2515 3286 τὸ
2560 3244 2657 3285 τῶν
2716 3234 3007 3305 ὀφθαλμῶν,
3057 3245 3126 3306 τῷ
3182 3241 3339 3309 πατρὶ
3406 3233 3464 3287 δὲ
3541 3240 3598 3287 τό
3660 3246 3749 3296 τῆς
3798 3234 3913 3287 ἀσε-

2327 3325 2461 3383 ϐείας
2535 3324 2681 3375 ἔλυσε
2738 3330 2923 3384 σκότος
2980 3330 3069 3376 καὶ
3144 3334 3341 3399 τρανῶς
3418 3324 3684 3396 ὁμολογεῖν
3764 3344 3918 3397 παρε-

2330 3415 2577 3464 σκεύασεν
2633 3416 2724 3469 τὴν
2756 3412 3036 3477 εὐσέϐειαν,
3091 3413 3278 3485 μᾶλλον
3312 3410 3369 3465 δὲ
3418 3422 3489 3483 τῷ
3517 3412 3687 3485 τυφλῷ
3729 3409 3918 3471 διπλῆν

2326 3505 2544 3574 παρέχει
2597 3505 2689 3558 τὴν
2743 3504 2901 3551 ἰασιν·
2952 3502 3012 3559 ἧν
3054 3505 3155 3574 γαρ
3207 3506 3295 3553 καὶ
3348 3506 3543 3574 σαρκὸς
3578 3505 3780 3572 ὄμματα
3826 3505 3917 3551 καὶ

2327 3590 2508 3661 ψυχῆς
2563 3590 2889 3660 τυφλώττων,
2942 3590 3031 3641 οἷτε
3107 3596 3197 3641 καὶ
3254 3590 3409 3651 αὐτὸς
3467 3587 3691 3642 εἰδώλων
3746 3608 3911 3661 προσ-

2326 3684 2553 3739 κυνητης
2591 3682 2678 3729 ὧν.
2736 3684 2831 3730 Καὶ
2876 3676 2967 3729 διὰ
2998 3686 3087 3729 τοῦ
3122 3686 3418 3750 σωματικοῦ
3453 3682 3619 3751 φωτός
3666 3683 3754 3729 καὶ
3794 3680 3913 3737 τοὺς

2329 3776 2420 3827 τῆς
2502 3764 2725 3834 καρδίας
2801 3763 3075 3837 διανοιγεὶς
3146 3768 3459 3839 ὀφθαλμούς*
3532 3771 3915 3827 πιστεύσαντας

2328 3854 2645 3925 ἀμφοτέρους
2702 3862 2790 3905 τοῦ
2850 3857 2985 3907 θείου
3058 3854 3429 3929 βαπτίσματος
3486 3854 3621 3917 ἀξιοῖ
3689 3860 3778 3907 καὶ
3850 3863 3911 3927 τῇ

2324 3952 2419 3993 τῶν
2451 3952 2647 3993 πιστῶν
2700 3940 2877 4016 μερίδι
2929 3946 3217 3998 συντάττει.
3271 3950 3371 3996 Kal
3411 3944 3468 3996 οὐ
3517 3949 3681 4016 μέχρι
3729 3946 3911 3995 τούτου

2325 4035 2411 4082 τὸν
2463 4030 2781 4104 Εὐστοργιον
2837 4040 3030 4089 στῆσαι
3091 4037 3147 4084 τό
3202 4032 3495 4104 φιλευσεϐες
3580 4029 3661 4095 ἦν,
3726 4039 3910 4084 Παντο-

2324 4120 2516 4179 λέοντός
2544 4139 2603 4190 γε
2632 4124 2753 4171 ὄντα
2798 4129 2887 4171 τοῦ
2931 4122 3155 4192 μεγάλου
3204 4128 3421 4195 πατέρα·
3476 4121 3601 4173 ἀλλὰ
3651 4118 3913 4193 πρόδειξιν

2325 4208 2510 4271 ἐκεῖνος
2566 4217 2656 4260 τοῦ
2712 4218 2941 4281 μισῆσαι
2985 4216 3078 4268 τὴν
3136 4211 3329 4268 πλάνην
3404 4209 3589 4282 ἀκριϐῆ
3670 4214 3912 4283 παρέχων

2324 4302 2389 4350 τὰ
2437 4298 2484 4349 ἐν
2541 4307 2612 4369 τῷ
2664 4309 2871 4350 κοιτῶνι
2923 4300 3208 4373 συντρίψας
3256 4298 3465 4363 εἴδωλα,
3509 4306 3579 4369 τῷ
3628 4297 3804 4371 βόθρῳ
3835 4295 3910 4349 δί-

2328 4386 2483 4451 δωσι,
2506 4392 2571 4440 τὰ
2599 4388 2763 4449 λήθης
2796 4392 2949 4448 ὄντως
2979 4388 3068 4439 καί
3099 4388 3265 4459 βυθοῦ
3292 4388 3435 4449 οῖξια,

2400 4478 2478 4533 Θ’.
2513 4478 2587 4529 Οὐ
2635 4478 2762 4530 πολὺ
2808 4481 2863 4528 τό
2896 4477 2943 4527 ἐν
2993 4480 3136 4548 μέσῳ
3188 4481 3275 4527 καὶ
3329 4478 3353 4527 ό
3398 4484 3490 4527 τοῦ
3547 4475 3909 4537 Παντολέοντος

2326 4564 2475 4629 οὗτος
2518 4571 2687 4637 πατὴρ
2729 4568 2957 4629 θνήσκει,
2995 4568 3206 4622 θνήσκει
3262 4562 3319 4617 δε
3352 4567 3566 4617 θάνατον
3612 4569 3697 4615 τὸν
3745 4584 3910 4635 σωμα-

2326 4661 2488 4719 τικόν,
2546 4654 2651 4706 ἐπεὶ
2682 4662 2772 4704 τοῦ
2825 4662 2914 4713 τῆς
2958 4654 3143 4725 ψυχῆς
3196 4651 3288 4706 διὰ
3345 4663 3437 4715 τῆς
3469 4659 3690 4714 πίστεως
3720 4656 3905 4712 πάντως

2330 4745 2527 4809 ἀνείθη,
2583 4748 2671 4793 καὶ
2718 4750 2807 4793 τοῦ
2868 4746 3003 4795 θείου
3057 4742 3451 4815 βαπτίσματος·
3497 4741 3649 4795 Ὅθεν
3703 4744 3726 4793 ὁ
3785 4748 3903 4792 Παν-

2328 4834 2508 4886 τολέων
2551 4836 2637 4883 τόν
2686 4836 2863 4904 καιρόν
2916 4834 3074 4904 εὑρῶν
3145 4834 3546 4905 συμπράττοντα
3618 4839 3686 4900 τῷ
3766 4828 3899 4885 957i;-

2328 4943 2473 4996 ματι,
2523 4927 2643 4983 τοὺς
2689 4926 2779 4991 μὲν
2833 4922 3029 4982 οἰκέτας
3074 4920 3265 4993 ἀφίησι
3318 4928 3411 4983 τῆς
3461 4918 3719 4985 δουλείας,
3768 4920 3908 4969 ἱκανὰ

2329 5031 2584 5083 χρηματα
2658 5017 3082 5083 παρασχόμενος,
3172 5010 3333 5061 τᾶλλα
3388 5008 3445 5062 δὲ
3524 5018 3694 5081 χεῖρες
3773 5004 3908 5079 εἰχον

2332 5105 2577 5157 πενήτων.
2633 5098 2757 5152 Εἶτα
2808 5106 2896 5152 καὶ
2947 5105 3065 5160 τοὺς
3123 5100 3169 5151 ἐν
3220 5100 3473 5171 φυλακαῖς
3522 5104 3607 5149 καὶ
3663 5095 3914 5167 βασάνοις

2331 5196 2539 5255 περιὼν,
2591 5189 2859 5262 ἐθεράπευε
2935 5192 2999 5241 τὰ
3080 5186 3356 5246 ἐπιτήδεια
3406 5192 3758 5260 παρεχόμενος
3830 5189 3918 5237 καὶ

2338 5276 2523 5339 διδοὺς
2567 5282 2695 5350 μετά
2750 5287 2839 5338 τῆς
2895 5280 3094 5348 ὑγιείας
3141 5283 3229 5329 καὶ
3276 5282 3364 5335 τὴν
3416 5285 3508 5328 τοῦ
3563 5280 3634 5347 μὴ
3690 5276 3924 5326 πένεσθαι

2341 5370 2627 5440 θεραπείαν,
2687 5369 2754 5429 ὡς
2803 5374 2993 5441 μικροῦ
3047 5371 3219 5419 πᾶσαν
3249 5370 3342 5423 τὴν
3386 5366 3531 5417 πόλιν
3586 5364 3782 5437 ἰατροῖς
3823 5370 3929 5425 τοῖς

2343 5456 2515 5519 ἄθλοις
2573 5461 2779 5532 χαίρειν
2835 5456 3082 5523 εἰπόντας,
3144 5463 3213 5526 τῷ
3273 5453 3610 5507 Παντολέοντι
3664 5456 3931 5528 προσιέναι
