4144 6258
122 251 234 321 45⁸)

1413 257 1578 332 VITA
1615 251 2233 332 PAN'IELEEMONIS.

3391 275 3496 338 458

119 396 216 444 καὶ
264 389 388 464 παρ’
429 388 590 442 αύτοῦ
639 385 706 440 ὦν
749 389 972 454 ἕκαστος
1020 390 1158 466 εἶχεν
1215 396 1452 452 ἀνίεσθαι
1505 396 1773 469 νόσημά-ι

1885 411 1968 452 are
2019 398 2250 467 civitas,
2285 413 2420 454 cum
2467 398 2615 454 alios
2650 395 2922 470 jussisset
2963 399 3161 458 valere
3208 405 3496 472 medicos,

120 500 229 533 των
256 499 268 510 ·
309 485 560 551 συνήργει
586 481 687 552 γὰρ
735 479 875 551 αύτῷ
917 487 1008 534 καὶ
1052 485 1082 541 ἡ
1131 494 1221 537 τοῦ
1268 487 1466 559 ἀγαθοῦ
1513 490 1741 558 Πνεύμα-

121 589 218 632 τος
273 571 452 641 χάρις.
500 575 662 620 Τοῦτο
714 573 842 639 πρὸς
909 570 1068 622 πολύν
1121 575 1301 645 φθόνον
1355 575 1576 646 ἐκμαίνει
1626 578 1744 635 τοὺς

129 658 388 730 ἰατρούς·
422 662 512 708 καὶ
567 662 803 728 παριόντι
859 663 982 711 ποτὲ
1029 668 1100 730 τῷ
1150 665 1250 736 πρό
1295 670 1386 714 τοῦ
1433 663 1626 732 τυφλῷ,
1685 661 1745 713 οὗ

130 748 163 804 ἠ
218 745 500 816 ἀνάϐλεψις
541 748 688 817 ἔργον
742 754 838 807 τῆς
890 758 982 800 του
1037 750 1403 811 Παντολέοντος
1461 750 1742 816 εὐσεϐείας,

132 834 391 905 χαλεπῶς
451 832 597 904 εἶχον
664 841 753 887 καὶ
828 843 958 910 πρὸς
1032 837 1319 901 ἀλλήλους’
1379 839 1500 911 Ούχ
1573 839 1740 910 οὗτος,

133 922 334 993 ἔλεγον,
390 923 416 973 6
467 923 677 994 τυφλός,
735 923 794 984 ὃς
846 930 940 982 τὴν
1015 928 1265 999 ἡμετέραν
1321 927 1497 999 ἤλεγξε
1558 933 1746 1000 τέχνην

135 1007 310 1082 μηδεν
354 1010 514 1070 αὐτῆς
553 1010 904 1083 ἁπονάμενος;
937 1019 1025 1073 Τίς
1073 1011 1160 1066 οὖν
1209 1018 1234 1066 ό
1276 1021 1369 1074 τὴν
1415 1019 1555 1068 ἴασιν
1605 1013 1746 1081 δοὺς,

135 1104 232 1151 καὶ
304 1101 599 1173 θεραπεύειν
677 1102 742 1152 τὰ
817 1110 1038 1154 τοιαῦτα
1096 1099 1415 1176 δυνάμενος;
1469 1110 1566 1157 Καὶ
1624 1123 1754 1179 προ-

138 1188 488 1260 καλεσάμενοι
560 1187 920 1257 ἐπυνθάνοντο,
981 1197 1070 1244 καὶ
1151 1194 1202 1253 ός
1274 1193 1365 1245 οὐκ
1421 1192 1612 1267 ἔκρυψε
1667 1197 1754 1244 τόν

142 1278 494 1350 θεραπευτήν.

222 1536 279 1592 Γ.
350 1539 491 1592 Ἐπεὶ
552 1536 611 1592 δε
683 1545 773 1593 καὶ
831 1540 1179 1594 Παντολέοντα
1249 1540 1380 1595 εἶναι
1438 1552 1618 1596 τοῦτον
1671 1548 1757 1596 τόν

148 1626 484 1700 Εύφροσύνου
572 1629 813 1700 μαθητὴν
896 1628 1196 1702 ἐμάνθανον,
1281 1631 1521 1702 Μεγάλου
1602 1629 1760 1684 διδα-

1851 485 2144 542 accedunt
2189 487 2266 542 ad
2298 487 2745 554 Pantoleonem,
2778 494 2834 543 et
2862 488 2940 544 ab
2970 505 3039 545 eo
3068 489 3394 549 liberantur
3420 495 3498 550 ab

1851 572 1920 628 iis
1949 591 2096 645 quos
2125 577 2541 648 unusquisque
2566 575 2848 643 habebat,
2876 577 3130 638 morbis:
3163 586 3222 636 ut
3253 581 3355 652 qui
3388 582 3501 638 sibi

1852 677 2091 733 quoque
2104 679 2270 734 opem
2285 666 2559 719 ferentem
2576 663 2821 719 haberet
2836 664 2975 720 boni
2993 667 3231 738 spiritus
3245 669 3500 738 gratiam

1855 750 1975 804 Hoc
1990 767 2127 807 eum
2139 753 2299 822 apud
2322 752 2583 808 medicos
2601 751 2660 806 in
2679 766 2968 821 magnam
2991 761 3166 811 vocat
3184 755 3498 812 invidiam:

1855 844 1909 894 et
1926 854 2061 893 cum
2087 840 2410 911 aliquando
2434 840 2879 912 praeteriret,qui
2900 842 3267 911 priusfuerat
3287 861 3500 912 caicus,

1856 928 2028 998 cujus
2048 928 2282 983 videndi
2315 928 2610 984 facultatis
2637 929 2918 984 restitutio
2949 937 3075 986 erat
3102 947 3250 1002 Opus
3274 933 3504 1004 pietatis

1858 1016 2253 1080 Pantoleonis,
2283 1031 2438 1086 aegre
2482 1016 2773 1084 ferebant,
2803 1025 2858 1072 et
2903 1019 3056 1074 inter
3083 1035 3146 1075 se
3187 1020 3500 1077 dicebant:

1858 1104 1986 1159 Non
2020 1110 2111 1160 est
2137 1105 2231 1160 hic
2271 1121 2486 1174 caecus,
2529 1106 2634 1176 qui
2669 1111 2932 1161 nostram
2963 1108 3156 1176 arguit
3198 1115 3404 1174 artem,
3443 1117 3506 1165 ut

1862 1207 1992 1262 quae
2029 1193 2174 1248 nihil
2216 1194 2268 1248 ei
2299 1194 2621 1264 profuerit?
2654 1193 2796 1258 Quis
2824 1199 2913 1248 est
2955 1209 3096 1264 ergo
3127 1195 3176 1250 is
3215 1198 3322 1268 qui
3365 1213 3506 1252 eum

1864 1282 2110 1345 curavit,
2143 1286 2199 1335 et
2227 1283 2329 1351 qui
2368 1284 2562 1352 potest
2594 1281 2773 1336 talem
2803 1282 3065 1352 prmbere
3094 1284 3457 1340 medicinam
3479 1285 3508 1340 ‘i’

1865 1369 2133 1439 Cumque
2146 1384 2282 1424 eum
2298 1368 2712 1438 advocassent,
2730 1369 3043 1439 rogabant.
3060 1369 3158 1426 Ille
3177 1377 3374 1428 autem
3388 1387 3508 1428 non

1866 1455 2074 1512 celavit
2103 1471 2261 1522 eum,
2289 1458 2394 1528 qui
2421 1455 2612 1512 fuerat
2637 1456 2988 1514 medicatus.

1936 1546 1995 1598 Χ.
2056 1544 2383 1616 Postquam
2439 1560 2581 1600 vero
2638 1544 3050 1602 intellexerunt
3121 1562 3258 1603 eum
3325 1548 3511 1605 fuisse

1870 1631 1991 1686 Pan
2001 1631 2690 1704 toleonem,Euphrosyni
2701 1633 3082 1705 discipulum:
3101 1637 3508 1704 Magni,aiunt,

151 1715 350 1768 σκάλου
407 1720 590 1788 μέγας,
651 1725 722 1788 τῷ
777 1721 906 1785 ὄντι,
963 1717 1156 1790 ἔλεγον,
1228 1725 1318 1772 καὶ
1390 1721 1413 1771 6
1498 1722 1757 1792 μαθητής.

1885 1721 2062 1790 magis
2073 1722 2139 1776 tri
2155 1736 2408 1791 magnus
2423 1725 2509 1776 est
2529 1736 2735 1778 revera
2751 1721 3095 1794 discipulus.
3113 1724 3206 1780 Sic
3232 1726 3513 1793 ignoran-

151 1806 338 1866 Οὕτως
413 1805 712 1878 ἀγνοοῦντες
787 1807 857 1869 εἰς
933 1812 1159 1881 Χριστόν
1231 1814 1596 1884 προεφήτευον.
1659 1817 1764 1862 Διε-

151 1897 444 1966 μαστεύετο
529 1902 654 1966 γοῦν
733 1899 989 1968 πρόφασις
1069 1893 1164 1948 διὰ
1235 1901 1321 1949 τόν
1401 1901 1583 1969 φθόνον
1659 1906 1764 1961 τοῖς

157 1983 382 2056 ἰατροῖς,
441 1985 574 2036 ὥστε
630 1992 886 2036 κατειπεῖν
963 1985 1122 2037 αὐτοῦ
1182 1989 1305 2058 πρὸς
1373 1990 1458 2038 τόν
1518 1985 1761 2059 βασιλέα.

159 2071 304 2124 Ἐπεὶ
363 2068 422 2124 δε
478 2073 670 2146 εὕροιεν
743 2081 843 2124 τῶν
919 2074 1249 2145 ὁμολογητῶν
1305 2094 1420 2126 τινα
1485 2077 1758 2149 θεραπευό-

159 2179 309 2231 μενον
391 2161 478 2210 ὑπ’
563 2160 744 2226 αὐτοῦ,
825 2161 1194 2234 προσελθόντες
1273 2172 1342 2234 τῷ
1416 2163 1763 2236 Μαξιμιανῷ·

161 2247 406 2310 Βασιλεῦ,
469 2245 630 2316 εἶπον,
686 2248 740 2299 ὃν
795 2254 860 2301 σύ
914 2253 1060 2322 πάσῃ
1121 2249 1328 2324 σπουδῇ
1384 2257 1477 2312 τὴν
1533 2253 1770 2328 ἰατρικὴν

157 2334 428 2395 ἐκέλευσας
481 2334 742 2408 ἐκμαθεῖν,
791 2339 928 2390 ὥστε
980 2345 1254 2411 χρήσιμον
1307 2337 1437 2393 εἶναι
1479 2350 1550 2412 τῷ
1593 2345 1772 2416 κράτει

159 2432 234 2494 τῷ
285 2431 382 2494 σῷ,
435 2420 604 2490 οὗτος,
650 2427 718 2487 ὡς
771 2428 952 2490 ἔοικεν,
999 2426 1150 2498 ὀλίγα
1197 2433 1284 2480 καὶ
1330 2437 1423 2480 τοῦ
1476 2429 1635 2502 φόϐου
1682 2436 1772 2482 καὶ

163 2520 256 2573 τῆς
307 2512 504 2574 εὐνοίας
564 2521 658 2572 τῆς
730 2521 823 2573 σῆς
895 2519 1194 2588 φροντίσας,
1247 2522 1472 2588 περίεισι
1547 2521 1662 2577 τούς
1718 2537 1772 2569 τε

165 2599 416 2673 ὑϐριστὰς
462 2610 558 2653 τῶν
611 2603 733 2654 θεῶν
788 2604 1101 2677 θεραπεύων,
1134 2608 1223 2655 καὶ
1269 2607 1335 2656 τὰ
1377 2605 1513 2656 αύτὰ
1559 2607 1771 2668 ἐκείνοις

167 2688 274 2760 ούχ
325 2688 498 2751 ἁπλῶς
569 2699 785 2764 φρονῶν,
841 2690 966 2743 ἀλλὰ
1023 2696 1112 2744 καὶ
1165 2692 1365 2765 ἐτέρους
1419 2693 1582 2746 σέϐειν
1637 2697 1774 2746 κατὰ

167 2781 226 2829 τό
275 2778 452 2849 όμοιον
525 2776 871 2850 ἕφελκομενος,
939 2781 991 2830 ὃν
1049 2781 1093 2831 εἰ
1144 2785 1214 2852 μὴ
1269 2785 1457 2852 τάχιον
1527 2791 1619 2834 τοῦ
1679 2785 1774 2855 ζῇν

173 2864 524 2938 ἀπαλλλάξης,
581 2866 752 2927 λύπης
811 2869 870 2917 ού
925 2886 978 2918 τι
1044 2875 1237 2941 μικρᾴς
1297 2876 1472 2937 σαυτῷ
1536 2870 1779 2941 πρόξενος

174 2956 293 3023 ἔσῃ,
353 2953 442 3004 ἅτε
493 2953 713 3012 πολλοὺς
778 2956 868 3023 μὲν
947 2953 1076 3026 ὁρῶν
1149 2955 1236 3005 ὑπ’
1292 2954 1483 3006 ἐκείνου
1541 2963 1634 3015 τῆς
1683 2966 1779 3007 τῶν

1873 1815 1959 1865 tes
1997 1809 2073 1864 de
2123 1809 2352 1866 Christo
2394 1809 2860 1881 prophetabant.
2905 1816 3094 1882 Atque
3131 1812 3514 1882 quaerebatur

1872 1899 2116 1970 quidem
2131 1914 2166 1954 a
2188 1897 2432 1953 medicis
2449 1898 2685 1954 occasio
2698 1904 2938 1970 propter
2952 1899 3331 1964 invidiamut,
3349 1901 3424 1955 de
3444 1917 3514 1956 eo

1873 1986 2248 2042 detraherent
2275 1986 2439 2058 apud
2477 1987 2917 2056 imperatorem.
2951 1987 3098 2042 Cum
3129 1993 3324 2043 autem
3351 1989 3518 2044 inve-

1874 2075 2099 2130 nissent
2122 2091 2196 2130 ex
2234 2074 2668 2129 confessoribus
2701 2075 3030 2146 quemdam
3057 2075 3136 2130 ab
3167 2077 3298 2146 ipso
3323 2076 3518 2131 curari

1875 2165 2221 2220 accedentes
2268 2163 2346 2219 ad
2400 2163 2841 2228 Maximianum,
2883 2162 3190 2222 dixerunt:
3234 2165 3277 2219 Ο
3324 2163 3519 2236 impe-

1878 2259 2057 2321 rator,
2089 2268 2266 2324 quem
2309 2259 2370 2308 tu
2395 2251 2628 2322 jussisti
2659 2253 2820 2308 omni
2850 2252 3042 2307 studio
3072 2252 3297 2308 discere
3335 2253 3521 2308 medi-

1881 2343 2098 2405 cinam,
2131 2347 2192 2396 ut
2221 2346 2369 2396 esset
2395 2342 2669 2412 potentias
2708 2347 2822 2396 tua:
2866 2339 3042 2405 utilis,
3074 2339 3142 2406 is,
3178 2346 3239 2395 ut
3271 2341 3518 2404 videtur,

1881 2436 1938 2486 et
1977 2437 2205 2485 metum
2233 2437 2288 2486 et
2327 2428 2804 2485 benevolentiam
2839 2434 3000 2484 tuam
3035 2444 3246 2500 parum
3279 2443 3518 2494 curans,

1880 2517 2006 2573 obit
2030 2534 2134 2573 eos
2167 2517 2493 2583 medicans,
2523 2517 2623 2588 qui
2659 2522 2799 2572 sunt
2824 2515 2884 2571 in
2911 2517 3053 2571 deos
3083 2515 3520 2578 contumeliosi,

1881 2610 1940 2661 et
1975 2606 2186 2661 eadem
2212 2621 2347 2676 quas
2383 2605 2464 2659 illi
2498 2620 2620 2660 non
2660 2604 2854 2660 solum
2901 2606 3178 2667 sentiens,
3225 2605 3328 2659 sed
3376 2604 3523 2660 alios

1880 2711 2124 2766 quoque
2155 2693 2225 2749 ad
2257 2694 2466 2748 eadem
2497 2693 2747 2749 colenda
2775 2693 3102 2758 attrahens,
3133 2693 3229 2748 cui
3269 2694 3381 2748 nisi
3409 2693 3525 2748 cito

1882 2787 2064 2839 vitam
2093 2783 2408 2849 ademeris,
2431 2783 2669 2837 tibinon
2698 2797 2948 2853 parvam
2970 2781 3526 2838 afferetmolestiam

1890 2878 1951 2926 ut
1996 2870 2103 2941 qui
2157 2871 2372 2924 multos
2415 2871 2659 2941 quidem
2699 2870 2899 2924 videas
2947 2870 3026 2924 ab
3073 2869 3173 2924 illo
3222 2869 3443 2925 abduci
3493 2884 3531 2924 a

1888 2960 2139 3014 deorum
2162 2957 2470 3022 sacriﬁcio,
2500 2959 2730 3014 Christo
2752 2965 2951 3013 autem
2984 2957 3243 3013 adscribi
3271 2956 3530 3012 IEscula-

181 3043 305 3092 θεῶν
362 3042 550 3100 θυσίας
603 3039 1002 3112 ἀφισταμένους,
1056 3044 1146 3101 τὰς
1201 3038 1260 3093 δὲ
1319 3051 1409 3093 τού
1457 3043 1773 3101 ’Δσκληπιοῦ

1891 3047 1973 3117 pii
2037 3045 2388 3100 curationes.
2455 3049 2601 3101 Cum
2663 3047 2777 3101 hoc
2845 3046 3145 3110 dixissent,
3207 3045 3285 3100 ad
3349 3044 3532 3099 ﬁdem

183 3129 350 3189 ἰάσεις
425 3128 497 3190 εἰς
567 3132 796 3200 Χριστόν
867 3128 1270 3203 ἀναφερομένας.
1326 3139 1489 3183 Τοῦτο
1561 3133 1784 3194 εἰπόντες

184 3217 254 3278 εἰς
303 3221 482 3268 πίστιν
538 3225 638 3268 τῶν
688 3217 965 3289 εἰρημένων
1015 3223 1104 3270 καὶ
1152 3223 1238 3271 τόν
1292 3223 1414 3271 ποτὲ
1466 3221 1653 3292 τυφλόν
1699 3226 1783 3273 τόν

183 3307 280 3358 ὑπὸ
341 3304 710 3366 Παντολίοντος
787 3307 993 3358 ἰαθέντα
1052 3307 1319 3380 παρελθεῖν
1385 3308 1581 3370 ἠξίουν.
1645 3309 1784 3362 Ἐπεὶ

185 3390 270 3446 οὖν
345 3395 589 3452 ἠκούοντο
668 3398 758 3446 καὶ
833 3399 1066 3470 παρέστη
1098 3415 1111 3428 ο
1180 3403 1298 3458 Πῶς
1369 3399 1397 3456 6
1467 3398 1781 3468 Παντολέων,

187 3480 344 3550 εἶπον,
393 3483 579 3536 ἰάσατό
637 3502 731 3536 σου
779 3487 902 3545 τοὺς
943 3484 1276 3557 ὀφθαλμούς;
1308 3485 1366 3537 Ὁ
1419 3482 1519 3538 δέ·
1557 3491 1784 3560 Χριστόν

187 3571 611 3645 έπιϐοησάμενος,
668 3573 784 3645 ἔφη,
848 3577 938 3626 καὶ
1003 3581 1171 3626 ταῦτα
1245 3570 1368 3625 οὐδὲ
1441 3573 1626 3650 βραχύ
1695 3595 1786 3648 μοι

185 3657 632 3736 προσδιατρίψας,
687 3662 770 3713 ἵνα
825 3666 914 3714 καὶ
983 3665 1172 3734 τέχνης
1243 3664 1409 3716 ἔννοιά
1477 3682 1558 3725 τις
1626 3681 1790 3735 παρε-

189 3747 361 3816 δύετο,
422 3749 550 3802 ἁλλὰ
606 3746 806 3821 σχεδὸν
864 3751 1047 3822 ἔφθανε
1118 3755 1212 3808 τὴν
1274 3749 1544 3810 ἐπίκλησιν
1605 3753 1636 3810 ἡ
1695 3751 1788 3803 τοῦ

191 3841 354 3912 φωτὸς
408 3840 606 3912 ὅρασις.
663 3843 748 3890 Σοὶ
809 3835 866 3891 δὲ
920 3843 973 3890 τί
1044 3843 1408 3913 παρίσταται;
1464 3841 1489 3892 6
1541 3837 1791 3912 βασιλεὺς

193 3931 283 4000 ἔφη
311 3948 323 3962 ο
359 3931 588 4000 Χριστὸν
641 3928 770 3980 εἶναι
817 3927 978 3999 λίγεις
1027 3931 1112 3980 τὸν
1169 3929 1442 4000 ἰασάμενόν
1489 3948 1547 3982 σε
1590 3931 1619 3988 ἦ
1669 3933 1791 3992 τοὺς

201 4019 381 4086 θεούς;
457 4021 556 4070 Καὶ
662 4019 688 4069 ὁ
790 4019 1153 4091 θεραπευθείς·
1233 4019 1471 4082 Βασιλεῡ,
1570 4023 1788 4096 εἴρηκεν,

200 4107 374 4170 αὐτοῖς
421 4114 530 4169 τοῖς
578 4109 856 4179 πράγμασι
899 4111 993 4166 τὴν
1040 4112 1214 4180 κρίσιν
1267 4107 1627 4184 ἐπιτρεπτέον·
1679 4112 1795 4162 τού-

200 4217 319 4258 τους
363 4199 487 4269 γὰρ,
534 4195 622 4256 οὓς
675 4197 796 4269 ὁρᾷς
847 4195 1074 4271 ἰατρούς,
1123 4197 1286 4250 πολλὰ
1328 4198 1404 4250 ἐπ’
1440 4197 1552 4270 ἐμοὶ
1605 4203 1794 4268 11619610-

1891 3133 2232 3188 faciendam
2263 3149 2466 3188 eorum
2507 3149 2642 3204 quae
2673 3135 2833 3188 dicta
2865 3133 3116 3200 fuerant,
3147 3134 3442 3204 rogabant
3468 3138 3535 3186 ut

1894 3221 2198 3277 accederet
2215 3221 2264 3274 is
2276 3221 2378 3292 qui
2399 3220 3157 3291 aliquandofueratcaecus:
3179 3237 3314 3276 eum
3335 3227 3534 3276 autem

1892 3314 2134 3366 curarat
2188 3308 2527 3364 Pantaleon.
2582 3311 2903 3380 Postquam
2945 3324 3086 3364 vero
3133 3309 3320 3364 auditi
3376 3314 3534 3374 sunt,

1891 3403 1948 3455 et
1981 3399 2030 3454 is
2059 3398 2317 3455 adstitit:
2353 3397 2689 3464 Quomodo,
2721 3397 3020 3461 dixerunt,
3049 3396 3370 3452 Pantoleon
3402 3402 3536 3452 tuos

1893 3488 2124 3544 curavit
2159 3486 2404 3543 oculos?
2435 3486 2532 3542 Ille
2573 3491 2774 3542 autem
2806 3501 2818 3541 :
2854 3484 3102 3553 Christo,
3131 3485 3341 3556 inquit,
3375 3485 3544 3540 iuvo-

1893 3582 2059 3643 cato;
2082 3576 2263 3647 idque
2284 3591 2421 3630 cum
2447 3590 2556 3630 nec
2572 3574 2754 3630 breve
2778 3573 3016 3646 quidem
3046 3581 3278 3645 tempus
3299 3589 3538 3629 mecum

1895 3670 2051 3721 esset
2069 3669 2355 3728 moratus,
2384 3667 2448 3718 ut
2460 3662 2665 3734 aliqua
2679 3662 2958 3733 cogitatio
2981 3661 3124 3718 artis
3141 3661 3320 3716 nobis
3338 3667 3542 3734 posset

1895 3754 1955 3810 in
1975 3760 2236 3809 mentem
2255 3751 2485 3808 venire:
2513 3751 2619 3806 sed
2639 3750 3076 3807 invocationem
3099 3751 3540 3822 propemodum

1897 3842 2203 3917 praecessit
2226 3841 2375 3896 visio
2404 3839 2735 3896 oculorum.
2763 3839 2890 3896 Tibi
2931 3845 3130 3895 autem
3153 3839 3300 3910 quid
3321 3839 3543 3895 videtur

1898 3933 2089 4005 inquit
2115 3933 2475 4003 imperator:
2506 3929 2799 3985 Christum
2821 3944 2952 3984 esse
2969 3929 3134 3992 dicis,
3166 3928 3270 3999 qui
3300 3932 3356 3983 te
3376 3943 3546 3983 cura-

1899 4023 2002 4088 vit,
2031 4036 2110 4078 an
2133 4021 2277 4076 deos
2307 4037 2317 4074 :
2353 4018 2466 4084 Qui
2508 4033 2648 4073 vero
2689 4025 2930 4072 curatus
2969 4016 3191 4082 fuerat;
3222 4016 3546 4087 Imperator

1900 4109 2116 4180 inquit,
2154 4107 2334 4176 hujus
2359 4107 2441 4160 rei
2485 4104 2779 4174 judicium
2821 4109 2908 4158 est
2935 4102 3116 4158 rebus
3160 4102 3300 4173 ipsis
3328 4103 3547 4173 permit

1903 4195 2172 4252 tendum.
2201 4193 2267 4246 Hi
2296 4191 2560 4262 quidem,
2594 4206 2746 4260 quos
2785 4191 2972 4254 vides,
3007 4189 3222 4244 medici
3253 4206 3390 4245 cum
3439 4205 3547 4261 pro

201 4305 302 4354 τες,
356 4285 557 4347 ἑαυτοῖς
607 4287 694 4356 μεν
747 4288 977 4350 ὤνησαν,
1027 4290 1121 4343 τὴν
1175 4285 1358 4338 οὐσίαν
1409 4290 1773 4358 κατακείραντε

1906 4301 2000 4339 me
2014 4281 2267 4337 multum
2283 4279 2680 4343 laborassent,
2703 4277 2814 4332 sibi
2834 4277 3076 4348 quidem
3101 4278 3467 4348 profuerunt,
3490 4284 3551 4334 ut

202 4380 294 4434 τὴν
343 4373 468 4446 ἐμὴν
516 4370 610 4425 διὰ
649 4376 744 4432 τὰς
786 4379 1038 4443 ματαίας,
1074 4380 1186 4443 φεῦ,
1219 4381 1310 4424 τοῦ
1355 4376 1519 4443 φωτός
1562 4368 1773 4431 έλπίδας

1907 4373 2008 4445 qui
2038 4385 2198 4426 meas
2229 4365 2590 4423 attonderint
2610 4365 2922 4422 facultates
2947 4382 2958 4420 :
2991 4366 3134 4420 mihi
3161 4369 3360 4421 autem
3383 4365 3549 4431 nihil,

207 4463 290 4536 ἔμε
322 4459 380 4514 δὲ
423 4458 594 4526 οὐδὲν,
629 4462 711 4512 ὅτι
754 4465 825 4532 μὴ
861 4466 950 4512 καὶ
997 4459 1367 4534 προσέϐλαψαν
1418 4457 1773 4535 διαφθείραντι

1912 4463 2036 4517 imo
2078 4474 2216 4514 vero
2246 4457 2427 4511 etiam
2474 4453 2811 4520 obfuerunt,
2863 4456 2962 4524 qui
3011 4454 3312 4509 modicam
3357 4453 3550 4510 lucem

209 4556 296 4603 καὶ
349 4549 408 4608 ἣν
457 4547 602 4620 εἶχον
650 4553 863 4620 μετρίαν
917 4548 1103 4619 αύγήν.
1150 4555 1276 4600 Τινα
1319 4545 1405 4601 οὖν
1447 4553 1557 4622 χρὴ
1607 4549 1773 4622 βοηθό

1913 4566 2096 4626 quam
2118 4543 2831 4614 habebam,corruperint.
2857 4545 3042 4607 Quem
3066 4558 3206 4598 nam
3226 4559 3368 4614 ergo
3383 4559 3558 4616 opor-

213 4641 474 4712 ἡγεῖσθαι,
509 4637 825 4695 Ἀσκληπιόν
875 4642 962 4690 τὸν
1016 4639 1116 4690 ὑπὸ
1171 4637 1370 4691 πολλῶν
1417 4638 1669 4697 κληθέντα
1717 4660 1773 4692 κα

1917 4648 1994 4700 tet
2040 4636 2374 4694 existimare
2427 4632 2760 4703 adjutorem
2784 4631 2811 4686 ‘l
2841 4632 3345 4702 lEsculapiumne,
3380 4633 3476 4702 qui
3521 4648 3558 4688 α

215 4725 326 4802 μηδ
331 4731 378 4781 ὲν
403 4727 550 4780 πλέον
573 4725 659 4784 όνή
671 4745 851 4792 σαντα,
875 4727 904 4786 ἢ
941 4731 1166 4800 Χριστόν
1196 4731 1283 4779 τόν
1313 4729 1412 4780 ὑπὸ
1445 4729 1773 4782 Παντολέοντι

1918 4728 2120 4788 multis
2148 4725 2256 4780 fuit
2281 4727 2549 4786 vocatus,
2582 4727 2639 4776 et
2669 4719 2816 4775 nihil
2849 4719 3095 4790 profuit:
3125 4735 3200 4774 an
3238 4720 3556 4782 Christum,

218 4825 373 4892 μόνου
417 4822 507 4868 καὶ
551 4824 884 4890 παραχρῆμα
929 4821 988 4869 1'6
1042 4815 1183 4888 φίλον
1227 4822 1362 4868 πᾶσι
1405 4827 1509 4889 φῶς
1551 4817 1664 4890 ἐμοὶ
1711 4816 1773 4871 δα

1919 4820 2072 4892 quia
2092 4814 2218 4870 solo
2236 4810 2589 4867 Pantoleone
2612 4811 2926 4864 invocatus
2943 4808 3182 4862 charam
3210 4807 3347 4860 mihi
3362 4807 3557 4861 lucem

218 4909 506 4979 ρησάμενον
532 4924 545 4970 ;
571 4908 754 4972 Τοῦτο,
795 4903 1032 4976 βασιλεῦ,
1065 4901 1098 4956 δ
1103 4904 1224 4963 ἧλον
1256 4904 1457 4969 ἀληθῶς
1483 4912 1572 4959 καὶ
1616 4908 1773 4980 τυφλᾲ

1923 4910 2122 4964 statim
2143 4899 2384 4958 donavit
2407 4898 2436 4953 ?
2476 4901 2614 4967 Hoc,
2642 4914 2677 4953 o
2713 4898 3056 4968 imperator,
3085 4911 3351 4968 quonam
3382 4895 3564 4950 modo

221 4999 382 5056 aliter
410 4995 661 5050 dixerim
681 4994 708 5047 ‘I
738 4996 884 5049 Nam
909 4993 1022 5049 hoc
1053 4994 1251 5065 ipsum
1274 5000 1382 5061 est,
1419 4997 1502 5051 vel
1529 5013 1686 5052 casco
1721 5007 1782 5055 ut
1813 5007 2049 5066 dicitur,
2081 4992 2344 5049 evidens.

1994 5087 2074 5145 χι.
2108 5081 2194 5137 Ad
2219 5080 2346 5135 haec
2374 5076 2764 5133 Maximianus
2791 5091 2927 5128 cum
2961 5087 3082 5128 non
3120 5071 3382 5136 haberet,
3409 5073 3568 5143 quod

1923 5177 2160 5236 diceret,
2225 5173 2279 5222 et
2344 5168 2519 5238 quasi
2603 5163 2730 5218 solo
2811 5163 2982 5231 jussu
3044 5161 3093 5215 ei
3177 5166 3375 5232 posset
3444 5175 3572 5231 per-

1928 5261 2206 5321 suaderi:
2240 5255 2388 5318 Noli,
2441 5253 2648 5323 inquit,
2697 5251 2868 5306 stulte
2920 5265 3143 5320 gerere,
3187 5256 3339 5304 etne
3381 5248 3572 5303 Chris-

1926 5359 2056 5409 tum
2068 5346 2313 5422 quidem
2329 5342 2574 5398 omnino
2597 5337 2914 5394 nominare
2935 5356 2947 5406 ;
2969 5344 3169 5409 aperte
3186 5338 3347 5392 enim
3363 5338 3446 5392 dii
3473 5337 3576 5393 tibi

226 5436 578 5516 έδωρήσαντο.
612 5437 672 5492 Ὀ
717 5434 776 5492 δε
824 5439 957 5512 πρὸς
1006 5440 1100 5497 τὴν
1145 5436 1406 5509 ἀλήθειαν,
1439 5439 1498 5493 ού
1551 5445 1684 5517 πρὸς
1730 5425 1773 5496 1'1

1933 5439 2131 5497 lucem
2174 5434 2494 5492 donarunt.
2521 5429 2571 5484 Is
2613 5431 2814 5484 autem
2833 5425 2912 5482 ad
2958 5425 3287 5490 veritatem,
3339 5441 3463 5482 non
3497 5425 3577 5481 ad

227 5527 466 5597 ἕξουσίαν
510 5531 564 5582 τό
616 5529 857 5602 παράπαν
906 5523 1032 5580 ἰδὼν
1069 5531 1160 5581 καὶ
1204 5529 1331 5606 ὑπερ
1385 5531 1472 5585 τὸν
1519 5537 1609 5585 τοῦ
1659 5530 1773 5585 Εύα⁴

1933 5529 2306 5604 potestatem,
2337 5517 2584 5578 omnino
2628 5515 2946 5590 aspiciens,
2971 5521 3028 5573 et
3055 5515 3298 5574 liberius
3325 5514 3580 5589 loquens

622 5638 862 5697 PAI'ROL.
904 5634 1009 5696 Gn.
1049 5634 1216 5696 CXV.

3211 5622 3278 5678 15

292 5086 394 5139 ΙΑ’.
455 5086 591 5158 Πρός
643 5089 806 5135 ταῦτα
872 5081 1194 5153 Μαξιμιανὸς
1248 5083 1453 5156 ἀπορῶν
1511 5084 1666 5156 λόγου
1723 5094 1814 5143 καὶ

224 5178 392 5239 ὥσπερ
443 5171 494 5235 ἐξ
544 5171 893 5242 ἐπιτάγματος
945 5177 1102 5242 μόνου
1150 5174 1310 5224 πειθὼ
1358 5178 1609 5248 παρέχειν
1661 5173 1820 5228 δυνά-

222 5283 408 5338 μενος·
462 5266 547 5319 Μὴ
598 5267 844 5334 μῶραινε,
904 5262 1018 5332 ἔφη,
1077 5257 1215 5332 μηδὲ
1269 5266 1497 5335 Χριστόν
1552 5263 1624 5325 εἰς
1680 5265 1822 5328 ἅπαξ

226 5351 488 5424 ὀνομάζων
543 5351 670 5402 ἔσο·
731 5351 977 5421 ἄντικρυς
1044 5351 1145 5422 γὰρ
1203 5351 1253 5402 οἱ
1305 5352 1410 5403 θεοί
1460 5370 1545 5404 σοι
1603 5355 1660 5405 1'6
1721 5361 1825 5426 φῶς
