4144 6258
609 192 711 244 459

1912 229 1925 241 .
2006 179 2261 235 MENSIS
2304 172 2573 235 JULIUS.

3914 168 4029 227 460

605 328 792 385 quam
821 326 1013 366 caecus
1041 310 1333 379 Evangelii
1362 325 1374 363 :
1400 309 1503 375 'I‘u,
1528 308 1743 379 inquit,
1778 311 1832 361 te
1864 303 2038 360 stulte
2067 303 2221 374 geris

2355 304 2527 374 γελίον
2584 303 2769 375 τυφλόν
2844 300 3074 372 ἀτεχνῶς
3132 298 3681 373 παρρησιασάμενος·
3743 301 3829 350 Σὺ
3890 319 4025 369 μων

607 402 711 473 qui
741 417 842 455 eos
869 399 972 469 qui
1012 403 1147 453 sunt
1177 398 1316 451 caeci
1348 412 1518 451 vocas
1550 396 1781 451 datores
1811 394 1980 459 lucis,
2022 392 2245 464 quibus

607 487 990 544 consimiliter
1032 493 1094 541 tu
1122 500 1360 555 quoque
1392 500 1583 538 caecus
1611 497 1946 554 permanes,
1975 481 2078 552 qui
2106 480 2248 535 talia

606 576 891 647 opinaris,
923 582 977 629 et
1003 590 1122 628 non
1154 579 1321 643 potes
1364 573 1575 627 intueri
1605 572 1679 626 ad
1728 571 1924 625 lucem
1964 568 2242 624 veritatis.

604 666 841 733 Propter
870 664 996 717 haec
1033 668 1323 732 tyrannus
1351 661 1460 716 fuit
1488 662 1576 715 ira
1599 661 1894 715 incitatus.
1929 656 2243 723 Quomodo

602 752 761 807 enim
791 750 1037 806 omnino
1054 765 1243 815 aures,
1277 766 1413 821 qua:
1435 753 1855 805 emarcuerunt
1884 750 2243 815 etcorruptaa

604 844 743 895 sunt
772 839 1291 902 assentationibus,
1321 838 1708 909 asperiorem,
1741 852 1873 907 quae
1905 851 1975 889 ex
2002 833 2244 889 veritate

602 929 833 990 dicitur,
890 926 1275 981 sustinuerint
1316 926 1696 981 orationem?
1728 925 2057 995 Statimque
2103 938 2243 978 vera

603 1032 733 1071 esse
768 1016 1067 1085 judicans,
1100 1030 1234 1085 quae
1266 1014 1316 1069 ei
1350 1016 1513 1085 prius
1544 1014 1700 1069 dicta
1730 1013 1959 1069 fuerant
1992 1028 2029 1066 a
2060 1011 2243 1066 medi-

600 1106 702 1167 cis,
739 1103 909 1172 jubet
946 1102 1120 1157 amici
1166 1102 1371 1157 Christi
1416 1109 1593 1172 caput
1640 1100 1961 1171 amputari,
1996 1114 2238 1170 poenam

598 1190 863 1246 veritatis
894 1190 945 1244 ei
975 1196 1225 1245 mortem
1250 1190 1525 1255 inferens,
1558 1194 1614 1243 et
1637 1190 1850 1243 invitus
1876 1187 2156 1251 efﬁciens,
2185 1192 2243 1242 ut

598 1280 879 1350 pulchras
933 1278 1160 1333 Christo
1201 1277 1436 1333 referret
1478 1276 1719 1346 gratias,
1762 1277 1863 1347 qui
1905 1292 2041 1331 eum
2073 1291 2240 1330 cura-

600 1373 784 1431 verat,
821 1382 1037 1437 nempe
1076 1366 1528 1421 confessionem.
1565 1369 1757 1421 Bonus
1791 1369 1987 1419 autem
2030 1365 2241 1419 Panto-

598 1455 734 1510 leon
763 1472 836 1509 ne
882 1456 963 1509 sic
992 1455 1235 1526 quidem
1272 1454 1525 1524 neglexit
1554 1470 1625 1508 ea
1663 1453 1875 1517 facere,
1913 1469 2049 1522 quae
2096 1460 2239 1507 tem-

600 1544 728 1614 pori
750 1551 804 1599 et
834 1544 1008 1597 rebus
1040 1544 1508 1611 conveniebant;
1538 1544 1641 1597 sed
1667 1559 1804 1597 cum
1838 1542 2112 1612 martyris
2138 1557 2239 1597 cor

2355 398 2563 465 ραίνεις,
2612 396 2729 463 ἔφη,
2794 393 2959 462 φωτός
3016 384 3255 459 δωτῆρας
3308 391 3426 449 τοὺς
3498 388 3728 460 τυφλοὺς
3804 386 4021 458 ὄνομα·

2359 484 2477 545 ζων,
2530 482 2602 541 οἷς
2652 485 2739 531 καὶ
2792 479 2949 539 αὐτὸς
3005 479 3196 549 ὁμοίως
3252 476 3559 548 τυφλώττων
3621 474 3689 545 εἴ,
3756 486 4017 528 τοιαῦτα

2356 565 2590 630 δοξάζων
2633 573 2722 620 καὶ
2770 571 2897 640 πρὸς
2940 570 2997 617 τό
3042 574 3147 637 φὼς
3199 574 3293 626 τῆς
3338 565 3579 625 ἀληθείας
3622 561 3869 616 ἀπιδεῖν
3928 588 4005 634 μη

2355 652 2652 728 δυνάμενος,
2718 659 2892 727 Θυμός
2948 654 3030 706 ἐπὶ
3099 656 3300 712 τούτοις
3353 650 3465 724 εἶχε
3519 658 3605 705 τόν
3666 656 3955 725 τυραννον
3989 673 3999 681 -

2355 752 2461 797 Ilon
2516 749 2615 820 γὰρ
2688 745 2799 806 ὅλος
2857 743 3146 803 κολακείαις
3205 743 3504 814 ὑπόσαθρος
3560 748 3651 793 καὶ
3712 738 3997 814 διεφθαρ-

2353 839 2474 904 μένη
2529 834 2683 905 ψυχὴ
2753 834 2916 903 λόγων
2986 831 3070 883 ὑπ’
3126 830 3373 890 ἀληθείας
3446 826 3791 902 δριμυτέρων
3856 830 3992 882 ἀνά-

2355 941 2573 992 σχοιντο
2620 923 2717 988 civ;
2752 926 2841 973 xui
2884 920 3062 979 εὐθέως
3116 916 3320 989 ἀψευδῆ
3365 924 3546 991 κρίνας
3593 922 3662 971 τά
3710 920 3833 970 ὑπὸ
3886 930 3988 970 τῶν

2355 1009 2540 1083 ἰατρῶν
2625 1010 2823 1062 ἐκείνων
2925 1008 3197 1080 λεχθέντα,
3282 1007 3471 1059 κελεύει
3554 1013 3648 1065 τὴν
3735 1008 3987 1078 κεφαλήν

2351 1098 2629 1157 ἐκκοπῆναι
2712 1106 2801 1150 τοῦ
2882 1096 3251 1169 φιλοχρίστου,
3311 1095 3567 1167 ἐπιτίμιον
3642 1095 3803 1166 αὐτῷ
3898 1104 3985 1155 τῖς

2351 1185 2591 1249 ἀληθείας
2650 1189 2925 1257 ἐπενεκγὼν
2997 1190 3082 1236 τόν
3148 1188 3362 1237 θάνατον
3434 1191 3523 1237 xui
3579 1186 3724 1236 οἴκων
3790 1205 3981 1259 παρα-

2351 1279 2633 1341 σκευάσας,
2692 1276 2850 1337 καλάς
2908 1275 3064 1326 αὐτόν
3120 1271 3409 1326 ἀποδοῦναι
3463 1276 3699 1348 χάριτας
3748 1284 3836 1344 τῷ
3899 1294 3979 1326 τε-

2351 1368 2687 1440 θεραπευκότι
2758 1372 2971 1437 Χριστῷ
3050 1368 3143 1421 τὴν
3243 1368 3552 1437 μαρτυρίαν.
3632 1362 3695 1414 Ὀ
3783 1368 3971 1433 μέντοι

2349 1455 2637 1507 Παντολέων
2704 1450 2827 1505 οὐδὲ
2897 1453 3060 1513 οὕτως
3134 1451 3307 1523 ἠμέλει
3378 1461 3541 1503 ταῦτα
3609 1458 3971 1525 προσήκοντι

2344 1552 2416 1614 τῷ
2466 1553 2631 1617 καιρῷ
2683 1549 2771 1595 xui
2813 1551 2920 1602 τοῖς
2975 1544 3253 1614 πράγμασι
3301 1550 3463 1593 ποιεῖν
3496 1560 3506 1570 ·
3556 1541 3684 1594 ἀλλὰ
3736 1563 3967 1617 χρημα-

599 1648 710 1702 pus
740 1632 976 1686 emisset
1005 1632 1081 1685 ab
1112 1633 1181 1685 iis
1218 1632 1321 1702 qui
1362 1632 1769 1699 interfuerant,
1801 1630 1861 1684 id
1901 1646 2037 1684 cum
2071 1636 2222 1699 patre

2346 1652 2443 1683 των
2499 1631 2813 1703 όνησάμενος
2863 1633 3004 1701 παρὰ
3053 1638 3152 1681 τῶν
3196 1628 3471 1682 ἀνελοντων
3527 1634 3584 1682 τό
3645 1640 3813 1702 σῶμα
3875 1642 3961 1683 τοῦ

598 1736 710 1774 suo
742 1720 962 1790 sepelit,
995 1727 1057 1773 ut
1095 1719 1198 1789 qui
1232 1735 1333 1789 per
1374 1735 1547 1773 suam
1581 1719 1643 1773 in
1675 1718 1967 1773 Christum
2011 1717 2239 1775 confes-

596 1810 845 1874 sionem,
879 1825 1014 1863 eum
1047 1809 1157 1863 sibi
1212 1812 1520 1879 proprium
1567 1824 1698 1862 esse
1740 1808 2020 1874 duxisset,
2053 1812 2111 1863 et
2139 1824 2233 1863 co-

597 1899 876 1967 gnatione
905 1898 1209 1967 sanguinis
1236 1914 1371 1953 eum
1403 1902 1734 1967 reputasset
1753 1897 1926 1966 longe
1957 1898 2239 1968 conjunc-

598 1988 827 2041 tiorem.

670 2074 779 2129 ΧΙΙ.
824 2075 1039 2129 Deinde
1077 2075 1397 2145 imperator
1424 2074 1503 2129 ad
1541 2090 1603 2129 se
1640 2074 1903 2129 accersiit
1939 2074 2239 2130 Pantoleo-

595 2178 755 2217 nem.
788 2163 890 2219 Ille
935 2180 1070 2218 vero
1116 2179 1253 2217 cum
1299 2163 1711 2229 abduceretur,
1762 2162 1944 2217 labris
1992 2163 2236 2219 canebat

594 2251 887 2320 psalmum
946 2251 1195 2322 tempori
1252 2253 1737 2306 convenientem:
1798 2254 1972 2316 Deus,
2008 2252 2231 2317 dicens,

594 2340 829 2394 laudem
860 2355 1047 2395 meam
1074 2356 1147 2394 ne
1177 2348 1429 2395 tacueris
1457 2358 1468 2394 :
1499 2340 1778 2410 quoniam
1806 2355 1867 2395 os
1906 2341 2234 2408 peccatoris

592 2433 643 2481 et
666 2428 853 2483 dolosi
884 2430 944 2482 in
972 2443 1059 2483 me
1088 2436 1355 2497 apertum
1388 2434 1488 2483 est.
1522 2428 1725 2483 Locuti
1752 2436 1888 2483 sunt
1923 2430 2234 2485 adversum

590 2531 678 2571 me
705 2516 909 2585 lingua
925 2518 1204 2580 dotosa,et
1231 2518 1417 2572 verbis
1439 2518 1557 2571 odii
1580 2517 2096 2571 cii-culridederunt
2121 2532 2235 2572 me-

589 2610 641 2658 et
674 2612 1167 2674 oppugnaverunt
1196 2620 1283 2660 me
1308 2606 1517 2674 gratis.
1562 2607 1681 2659 Pro
1722 2620 1784 2660 eo
1816 2612 1877 2659 ut
1910 2620 1999 2659 me
2023 2606 2232 2674 dilige-

588 2699 740 2755 rent,
769 2694 1331 2748 calumniabantur:
1366 2708 1463 2763 ego
1493 2698 1688 2749 autem
1710 2695 1973 2748 orabam.
1996 2694 2074 2747 Et
2102 2694 2233 2749 red-

586 2781 861 2835 diderunt
928 2781 1077 2836 mihi
1131 2782 1295 2836 mala
1347 2797 1457 2850 pro
1505 2780 1687 2844 bonis,
1738 2788 1789 2836 et
1849 2782 2047 2836 odium
2117 2798 2231 2850 pro

586 2868 901 2924 dilectione
924 2886 1073 2925 mea.
1106 2870 1224 2925 Sed
1262 2871 1359 2939 fer
1401 2870 1541 2925 mihi
1570 2885 1755 2937 opem,
1789 2872 2035 2926 Domine
2079 2874 2229 2927 Deus

583 2973 764 3022 meus,
795 2964 846 3013 et
877 2960 1106 3013 salvum
1135 2974 1225 3014 me
1252 2961 1355 3027 fac
1378 2960 1699 3015 secundum
1735 2966 1891 3014 tuam
1925 2961 2230 3015 misericor

581 3045 763 3100 diam.
786 3046 1144 3112 Induantur,
1164 3047 1267 3117 qui
1286 3063 1375 3103 me
1396 3048 1857 3114 calumniantur,
1886 3050 2225 3117 confusione

579 3139 631 3189 et
660 3135 1042 3200 amiciantur,
1076 3143 1360 3206 tanquam
1392 3136 1672 3205 diploide,
1713 3137 2040 3206 ignominia
2071 3154 2181 3194 sua
2209 3160 2222 3194 :

576 3238 779 3279 servus
830 3229 1024 3280 autem
1057 3231 1191 3279 tuus
1248 3226 1553 3281 laetabitur
1598 3228 1660 3281 in
1712 3233 1765 3281 te
1798 3230 1837 3280 ³.
1868 3230 2015 3282 Cum
2057 3228 2223 3282 ﬁnita

576 3317 774 3367 autem
828 3320 981 3368 esset
1011 3314 1137 3384 ejus
1166 3315 1445 3384 precatio,
1482 3316 1639 3369 stetit
1675 3330 1874 3369 coram
1906 3329 2064 3385 rege,
2098 3320 2218 3381 aut,

578 3407 639 3454 ut
679 3401 886 3455 melius
916 3402 1135 3468 dicam,
1177 3418 1298 3459 non
1330 3418 1530 3457 coram
1563 3402 1683 3468 illo,
1726 3404 1831 3458 sed
1870 3419 2072 3458 coram
2110 3404 2217 3460 im-

574 3489 831 3558 mortali,
894 3496 947 3545 et
1004 3506 1075 3545 eo
1118 3492 1220 3562 qui
1269 3497 1356 3547 est
1414 3491 1472 3545 in
1517 3495 1820 3547 aeternum.
1879 3495 2092 3548 Coram
2148 3510 2219 3551 eo

575 3577 733 3630 enim
765 3593 899 3631 vere
929 3580 1146 3643 stabat,
1172 3586 1228 3633 et
1255 3585 1453 3635 mente
1482 3582 1960 3636 conversabatur.
1989 3582 2089 3636 Cui
2121 3583 2216 3639 ille

568 3664 830 3734 primum
871 3666 1102 3735 placide
1133 3674 1187 3721 et
1243 3669 1499 3738 benigne
1533 3686 1545 3723 :
1579 3669 1707 3724 Non
1750 3670 1913 3725 bona
1960 3676 2118 3737 sunt,
2180 3690 2215 3729 0

568 3751 912 3817 Pantoleon,
942 3770 1012 3807 ea
1036 3768 1170 3823 quas
1197 3754 1269 3807 de
1298 3760 1350 3808 te
1381 3756 1741 3820 audivimus,
1772 3774 1808 3811 a
1838 3764 1890 3812 te
1920 3774 2213 3828 magnum

563 3840 807 3909 quidem
838 3856 971 3895 esse
1002 3844 1364 3912 contemptui
1397 3843 1666 3898 habitum
1698 3844 2125 3916 rEsculapium,
2158 3854 2213 3904 et

564 3928 733 3994 alios,
780 3928 873 3998 qui
932 3937 1069 3984 sunt
1115 3932 1271 4001 apud
1323 3938 1393 3995 te,
1429 3932 1609 3986 deos:
1666 3933 1724 3987 in
1780 3934 1947 3989 illum
2009 3942 2209 3991 autem

562 4016 873 4082 Christum,
906 4020 1006 4090 qui
1033 4019 1185 4073 male
1215 4022 1403 4090 periit,
1429 4027 1481 4075 te
1513 4028 1677 4077 tuam
1712 4038 1879 4093 spem
1914 4024 2204 4094 posuisse,

559 4114 615 4158 et
668 4120 804 4160 eum
854 4108 1046 4162 solum
1096 4112 1277 4164 Ueum
1323 4110 1651 4165 nominare.
1682 4113 2033 4184 Quanquam
2084 4130 2204 4170 non

555 4193 795 4263 ignoras
821 4198 1085 4266 omnino,
1113 4214 1296 4270 quam
1337 4216 1445 4270 ego
1476 4206 1529 4255 te
1570 4201 1841 4270 benignis
1868 4204 2201 4274 aspexerim

2345 1723 2619 1794 μάρτυρος,
2668 1728 2739 1789 τῷ
2791 1724 2951 1792 πατρὶ
3006 1721 3287 1771 συνθάπτει
3334 1728 3405 1789 τῷ
3450 1719 3656 1785 ἑαυτοῦ,
3710 1723 3961 1794 καθάπερ

2348 1807 2440 1862 διὰ
2469 1818 2558 1869 τῆς
2590 1810 2655 1869 εἰς
2702 1812 2926 1882 Χριστόν
2975 1808 3252 1879 ὁμολογίας
3296 1809 3450 1860 αὐτόν
3494 1806 3920 1881 ίξιδιωσάμενος
3948 1832 3959 1842 ·

2346 1904 2432 1950 καὶ
2478 1898 2644 1968 πολλῷ
2688 1906 2778 1957 τῆς
2806 1894 2878 1949 δι’
2922 1899 3141 1969 αἳματος
3195 1902 3497 1967 συγγενείας
3544 1906 3731 1950 τοῦτον
3766 1899 3961 1951 οἰκειο-

2348 2008 2489 2060 τερον
2516 1996 2587 2057 τῷ
2614 1987 2778 2056 ἑαυτῷ
2809 1986 3166 2058 λογισάμενος.

2417 2077 2510 2129 ΙΒ’.
2552 2074 2679 2129 Εἶτα
2722 2078 2746 2126 ό
2796 2074 3039 2147 βασιλεὺς
3081 2078 3167 2126 τόν
3212 2074 3563 2126 Παντολέοντα
3604 2074 3781 2129 ἐκάλει
3826 2083 3958 2152 πρὸς

2346 2165 2543 2229 ἑαυτὸν,
2602 2169 2690 2216 καὶ
2743 2164 2793 2224 ὃς
2860 2163 3178 2235 ἀπαγόμενος
3233 2163 3418 2215 οἰκεῖον
3484 2174 3555 2235 τῷ
3615 2174 3792 2240 καιρῷ
3848 2176 3959 2229 τοῖς

2344 2254 2547 2324 χείλεσι
2598 2253 2803 2324 ψαλμὸν
2863 2249 3021 2309 ἧδεν¹
3073 2252 3131 2303 Ὀ
3186 2256 3335 2316 Θεὸς,
3396 2258 3487 2309 την
3543 2254 3744 2304 αἱνεσίν
3825 2276 3953 2327 μου,

2342 2343 2517 2413 λέγων,
2591 2347 2662 2413 μὴ
2740 2347 3183 2413 παρασιωπήσης,
3245 2344 3321 2392 ὅτι
3397 2343 3567 2413 στόμα
3632 2343 3953 2417 ἀμαρτωλοῡ

2342 2437 2431 2481 καὶ
2512 2436 2683 2501 στόμα
2767 2427 2942 2481 δολίου
3023 2430 3100 2481 ἐπ’
3182 2429 3268 2501 ἐμὲ
3352 2431 3616 2501 ἠνοίχθη·
3684 2431 3952 2491 ἐλάλησαν

2343 2519 2456 2569 κατ’
2541 2518 2664 2590 ἐμου
2758 2518 2975 2590 γλώσσῃ
3063 2515 3234 2590 δολία,
3310 2524 3399 2571 καὶ
3497 2519 3667 2591 λόγοις
3742 2528 3950 2593 μίσους

2343 2607 2636 2658 ἐκύκλωσάν
2708 2626 2789 2678 με,
2850 2612 2939 2658 xui
3013 2607 3334 2678 ἐπολέμησαν
3414 2627 3477 2679 με
3553 2605 3766 2680 δωρεὰν,
3822 2612 3946 2664 ἀντὶ

2342 2704 2431 2747 τοῦ
2502 2695 2706 2766 ἀγαπᾷν
2782 2716 2865 2768 με,
2915 2692 3236 2748 ἐνδιέϐαλλόν
3306 2716 3388 2768 με,
3461 2697 3555 2769 ἐγὼ
3626 2696 3681 2749 δὲ
3748 2719 3937 2771 προσ-

2342 2789 2609 2856 ηυχόμην,
2668 2791 2757 2837 καὶ
2814 2787 2982 2837 ἔθεντο
3054 2786 3164 2837 κατ’
3231 2785 3354 2857 ἐμοῦ
3428 2790 3567 2838 κακά
3629 2789 3731 2839 ἀντὶ
3793 2788 3929 2860 ἀγα-

2342 2874 2439 2924 θών
2492 2878 2580 2924 καὶ
2655 2880 2810 2945 μίσος
2881 2872 2990 2925 ἀντὶ
3074 2884 3168 2936 τῆς
3243 2873 3555 2945 ἀγαπήσεως
3611 2894 3746 2948 μου·
3803 2877 3934 2929 ἀλλὰ

2340 2960 2613 3033 βοήθησον
2664 2982 2775 3035 μοι,
2834 2966 2992 3035 Κύριε
3042 2965 3066 3014 ό
3122 2968 3250 3024 Θεός
3321 2984 3442 3035 μου,
3502 2970 3591 3016 καὶ
3645 2972 3814 3017 σῶσόν
3872 2988 3937 3039 με

2336 3054 2471 3101 κατὰ
2542 3055 2600 3102 τὸ
2692 3051 2825 3111 ἔλεός
2906 3069 3041 3103 σου·
3101 3049 3511 3105 ἐνδυσάσθωσαν
3590 3058 3638 3106 oi
3718 3051 3936 3107 διαϐάλ-

2333 3138 2497 3197 λοντές
2592 3159 2655 3211 με
2762 3139 3029 3211 ἐντροπὴν,
3122 3148 3211 3194 xui
3308 3141 3763 3216 περιϐαλέσθωσαν
3860 3148 3931 3207 ὡς

2335 3224 2587 3279 διπλοΐδα
2656 3228 2918 3299 αἰσχύνην
3002 3230 3209 3282 αὐτῶν·
3286 3233 3312 3282 ό
3411 3228 3470 3283 δὲ

2332 3316 2731 3387 εὐφρανθήσεται
2820 3316 2901 3370 ἐπὶ
2976 3324 3081 3372 σοί.
3160 3325 3256 3373 Καὶ
3350 3328 3443 3381 τῆς

2329 3403 2579 3470 ληξάσης,
2640 3408 2872 3463 εἱστήκει
2930 3415 3021 3459 τοῦ
3076 3407 3331 3480 βασιλέως
3379 3409 3609 3476 ἐνώπιον,
3659 3412 3687 3470 ἦ
3735 3413 3929 3485 μᾶλλον

2331 3493 2507 3561 εἰπεῖν,
2541 3494 2635 3546 οὐκ
2679 3494 2891 3562 ἐκείνου,
2926 3504 3017 3548 τοῦ
3068 3497 3324 3550 ἀθανάτου
3377 3494 3435 3551 δὲ
3464 3504 3548 3552 xui
3598 3497 3928 3563 διαιωνίζον-

2326 3602 2432 3644 τος.
2490 3584 2639 3654 Αὐτῷ
2688 3587 2786 3657 γὰρ
2840 3580 2900 3642 ἧν
2945 3590 3326 3659 παριστάμενος
3376 3586 3576 3650 ἀληθῶς
3622 3594 3758 3643 κατά
3808 3601 3923 3645 νοῦν

2326 3674 2374 3723 οἱ
2425 3677 2808 3746 συγγινόμενος,
2870 3673 2923 3724 ὃν
2989 3674 3176 3736 ἐκεῖνος
3228 3678 3433 3748 ὁμαλῶς
3477 3681 3543 3729 τὰ
3596 3688 3779 3752 πρῶτα
3833 3689 3921 3736 καὶ

2323 3760 2434 3811 λίαν
2487 3763 2679 3822 ἠπίως·
2717 3762 2826 3815 Οὐκ
2882 3761 3073 3834 ἀγαθὰ,
3124 3765 3307 3836 ἔλεγεν,
3342 3764 3381 3817 ὦ
3413 3768 3713 3831 Παντόλεον,
3763 3771 3797 3821 ἀ
3850 3769 3915 3829 δὴ

3570 3229 3604 3284 δ
3608 3233 3752 3294 ουλός
3833 3254 3926 3286 σου

3542 3321 3673 3393 εὑχῆ
3685 3344 3707 3384 ς
3788 3324 3929 3394 αὐτῷ

2322 3852 2437 3919 περὶ
2497 3858 2590 3901 σου
2645 3850 2958 3923 ἀκηκόαμεν,
3010 3854 3075 3913 ὼς
3130 3853 3425 3926 ἠμελῆσθαι
3476 3860 3568 3927 μεν
3624 3861 3709 3909 τόν
3761 3865 3922 3931 μέγαν

2321 3936 2634 3993 Ἀσκληπιόν
2708 3944 2796 3991 καὶ
2849 3945 2970 4003 τοὺς
3039 3942 3219 4003 ἄλλους
3277 3948 3419 4018 παρά
3475 3950 3558 3997 σοὶ
3616 3949 3780 4015 θεοὺς,
3838 3950 3921 4002 ἐπὶ

2320 4029 2544 4097 Χριστόν
2592 4024 2649 4079 δε
2696 4027 2881 4079 ἐκεῖνον
2932 4034 3017 4081 τόν
3068 4030 3368 4085 ἀπολωλότα
3411 4044 3583 4097 κακῶς
3628 4035 3917 4108 ἀναρτῆσαί

2319 4134 2375 4165 σε
2418 4117 2505 4174 τὰς
2536 4113 2745 4177 ἐλπίδας
2776 4122 2865 4169 xui
2912 4127 3092 4172 τοῦτον
3122 4128 3274 4193 μόνον
3306 4122 3576 4195 ὀνομάζειν
3622 4130 3773 4194 Θεὸν,
3806 4135 3915 4180 καί-

2315 4222 2453 4274 τοιγε
2480 4204 2571 4256 οὐκ
2603 4206 2869 4277 ἠγνόησας
2907 4211 2972 4259 τὰ
3002 4207 3099 4281 ἐμά
3148 4213 3373 4276 πάντως,
3407 4219 3496 4264 xui
3546 4214 3651 4266 οἷον
3695 4217 3913 4288 εὐμενῶς

555 4282 759 4345 oculis,
786 4289 841 4338 et
880 4288 1414 4355 quemadmodum,
1458 4306 1594 4343 cum
1634 4306 1745 4359 ego
1798 4298 1849 4345 te
1902 4296 1961 4345 in
2002 4309 2199 4347 meam

2337 4300 2476 4366 ώρων
2536 4299 2657 4367 πρὸς
2712 4300 2768 4349 σε
2832 4303 2921 4349 καὶ
2988 4300 3126 4359 ὅπως
3182 4300 3581 4374 ἐξοικειούμενος
3635 4324 3694 4357 σε
3750 4308 3908 4361 πολλὰ

554 4370 940 4425 adscivissem
958 4374 1261 4439 familiam,
1301 4377 1643 4446 praeceptori
1674 4386 1770 4432 tuo
1806 4380 2199 4451 Euphrosyno

552 4456 861 4525 diligenter
884 4461 1319 4528 mandaverim,
1342 4467 1404 4515 ut
1427 4471 1479 4517 te
1504 4466 1957 4536 quamprimum
1981 4467 2199 4524 faceret

550 4544 605 4597 in
663 4546 955 4602 medicina
1014 4550 1597 4619 praestantissimum,
1642 4559 1701 4608 ut
1731 4554 1876 4609 mihi
1926 4557 2080 4612 eain
2133 4574 2194 4613 re

550 4651 754 4705 posses
771 4653 897 4691 esse
932 4640 1083 4693 usui.
1110 4639 1193 4692 Tu
1216 4646 1481 4695 autem...
1520 4642 1629 4696 Sed
1653 4644 1899 4699 omnino
1921 4644 2192 4704 homines

551 4725 733 4779 multa
780 4726 926 4781 falsa
973 4727 1226 4782 dixerint
1274 4733 1327 4783 et
1383 4728 1601 4786 inania.
1665 4734 1725 4785 Et
1786 4732 1919 4787 ideo
1979 4741 2029 4789 te
2099 4754 2188 4793 ac-

546 4814 774 4881 cersivi,
820 4820 878 4869 ut
907 4814 1002 4870 illa
1037 4832 1165 4887 QUEB
1207 4832 1242 4870 a
1289 4833 1382 4872 me
1431 4820 1811 4883 suutaudita,
1864 4830 2189 4891 arguantur

543 4919 669 4957 esse
686 4905 1253 4971 vana,etinvidorum
1268 4906 1488 4978 alioqui
1503 4909 1799 4963 hominum
1810 4912 2183 4970 calumniam:

541 4996 595 5042 et
614 4992 888 5047 maximis
915 4994 1045 5057 diis,
1084 5000 1145 5048 ut
1175 5011 1284 5066 par
1313 5001 1417 5062 est,
1442 4995 1656 5052 oileras
1683 5000 2059 5059 sacrificium.

622 5078 755 5132 XIII.
789 5082 871 5134 Ad
903 5083 1027 5138 haec
1058 5084 1380 5139 Pantoleon
1410 5102 1422 5139 :
1457 5088 1645 5152 Facta,
1687 5087 1897 5160 inquit,
1927 5106 1962 5145 o
1996 5090 2185 5164 impe-

537 5182 715 5237 rator,
764 5176 901 5225 sunt
942 5173 1132 5228 verbis
1172 5175 1363 5243 magis
1403 5177 1707 5232 credibilia
1738 5184 1793 5232 et
1835 5178 2094 5248 fortiora,
2128 5188 2180 5238 et

538 5272 671 5316 ante
712 5276 919 5317 omnes
957 5269 1194 5337 quidem
1242 5287 1335 5326 res
1380 5270 1527 5327 alias
1573 5270 1901 5343 praecedere
1947 5280 2178 5345 oportet

606 5445 628 5483 ⁸
658 5443 806 5499 Psal.
840 5460 988 5511 cvm,
1028 5454 1128 5515 1-5,
1156 5456 1245 5520 26,
1274 5458 1360 5526 28,
1391 5460 1479 5512 29.

2310 4392 2380 4453 τῷ
2445 4380 2755 4458 διδασκάλῳ
2816 4407 2908 4440 σου
2967 4388 3278 4461 Εὐφροσυνῳ
3336 4389 3638 4463 ἐπήγγειλα,
3692 4396 3899 4469 ἄριστόν

2311 4490 2366 4523 σε
2418 4478 2509 4529 τὴν
2566 4474 2801 4546 ἰατρικὴν
2860 4478 2928 4537 ὡς
2982 4480 3217 4548 τάχιστα
3274 4476 3568 4548 ἀποδεῖξαι,
3629 4485 3762 4537 ὥστε
3811 4507 3897 4558 μοι

2304 4563 2367 4611 τὰ
2416 4565 2539 4634 πρὸς
2588 4566 2752 4633 τούτῳ
2806 4567 3102 4635 εὔχρηστον
3150 4564 3295 4622 εἶναι.
3330 4573 3395 4621 Σὺ
3445 4567 3522 4635 δὲ,
3572 4571 3698 4625 ἀλλὰ
3739 4575 3893 4629 πολλὰ

2301 4652 2505 4711 πάντως
2548 4654 2733 4702 εἷποιεν
2788 4654 3049 4725 ἅνθρωποι
3103 4654 3313 4725 ψευδῶς
3360 4663 3450 4710 καὶ
3500 4667 3753 4731 ματαίως,
3804 4670 3883 4716 xui

2301 4732 2394 4787 διὰ
2440 4744 2588 4790 τοῦτό
2639 4758 2695 4790 σε
2743 4742 3158 4815 προσκέκλημαι,
3209 4748 3339 4798 ὥστε
3386 4746 3598 4801 κάκεῖνα
3643 4751 3766 4825 άπερ
3813 4749 3872 4809 δὴ

2296 4830 2385 4876 καὶ
2434 4826 2668 4885 ἠκούσθη
2724 4848 2833 4899 μοι,
2882 4833 3001 4882 κενά
3050 4828 3223 4891 δόπον
3274 4840 3362 4888 xui
3407 4834 3678 4908 βασκάνων
3718 4838 3872 4901 άλλως

2297 4920 2641 4985 συκοφαντίαν
2701 4915 3089 4989 ἀπελεγχθῆναι
3161 4927 3250 4974 xui
3313 4926 3370 4975 σε
3442 4934 3551 4989 τοῖς
3612 4931 3874 4998 μεγίστοις

2296 5003 2446 5067 θεοῖς,
2481 5006 2548 5064 ὡς
2577 5013 2829 5077 προσῆκε,
2860 5009 3045 5061 θυσίαν
3073 5021 3454 5084 προσενεγκεῖν.

2361 5089 2460 5155 ΙΙΫ.
2522 5096 2652 5164 Πρός
2722 5103 2886 5148 ταῦτα
2960 5100 2984 5150 ό
3072 5100 3362 5153 Παντολίων
3394 5118 3405 5129 ·
3459 5102 3629 5176 Ἔργα
3695 5106 3877 5178 λόγων,

2287 5177 2528 5251 βασιλεῦ,
2596 5186 2707 5257 ἔφη,
2768 5190 3052 5261 πιστότερά
3120 5208 3173 5241 τε
3243 5196 3329 5243 xui
3401 5192 3745 5271 ἰσχυρότερα,
3796 5204 3881 5253 καὶ

2286 5272 2484 5322 πάντων
2537 5276 2626 5345 μὲν
2664 5278 2753 5327 xui
2800 5282 2899 5327 τῶν
2948 5277 3110 5329 ἄλλων
3156 5282 3473 5354 πραγμάτων
3518 5289 3701 5337 πίστιν
3756 5306 3877 5366 προ-
