4144 6258
185 249 295 309 461

184 380 442 452 ηγεῖσθαι
491 375 575 430 δεῖ
626 380 717 430 καὶ
792 375 1050 436 ἀλήθειαν.

184 467 433 521 εὐσέϐεια
462 468 582 520 ὅσον
630 465 944 540 ὑψηλοτέρα,
995 477 1242 522 τοσοῦτον
1286 473 1391 546 ἄρα
1431 480 1522 527 καὶ
1567 475 1794 538 πλείονος

190 555 416 629 δεομένη
475 564 571 617 τῆς
618 554 900 628 ἀκριϐείας.
956 559 1012 607 Ὸ
1043 560 1133 628 μεν
1177 556 1263 612 οὖν
1311 562 1429 634 παρ’
1460 564 1587 634 ἐμοῦ
1636 584 1796 636 προσ-

192 665 508 717 κυνούμενος
555 644 766 716 οὐρανόν
825 643 1058 708 ἐποίησε,
1114 655 1210 718 γῆν
1263 650 1551 715 ὑπέστησε,
1606 659 1798 724 νεκροῖς

197 734 510 797 ἀνάστασιν,
569 733 775 805 τυφλοῖς
852 733 1152 805 ἀνάϐλεψιν,
1229 736 1437 812 λεπροῖς
1517 743 1792 815 κάθαρσιν,

196 828 528 896 παρειμένοις
598 821 884 896 ἀνόρθωσιν
965 823 1216 896 θελήματι
1297 832 1435 899 μόνῳ
1513 834 1599 882 καὶ
1659 829 1793 901 λόγῳ

197 916 460 984 παρέσχε.
513 916 634 964 Θεοὶ
680 908 739 963 δὲ
793 914 842 964 οἰ
888 914 1009 985 παρ’
1055 915 1195 985 ὑμῶν
1227 915 1485 988 λεγόμενοι
1521 923 1611 970 καὶ
1653 918 1796 971 σεϐό-

195 1019 345 1071 μενοι
395 999 489 1052 ούκ
537 997 661 1052 οἰδα
691 1003 735 1052 εῖ
782 1020 836 1052 υι
865 1009 1098 1053 τοιοῦτον
1149 1003 1178 1060 ἡ
1229 1005 1536 1079 εἰργάσαντο
1583 1008 1612 1065 ἢ
1672 1008 1794 1068 ὅλως

196 1088 308 1141 εἰσί
360 1085 574 1141 δυνατοὶ
631 1089 983 1162 ἐργάσασθαι.
1042 1091 1102 1143 Εἰ
1159 1088 1219 1144 δὲ
1271 1091 1466 1165 βούλει,
1545 1101 1634 1148 καὶ
1705 1103 1793 1146 νῦν

193 1178 378 1240 αὐτοῖς
407 1179 705 1249 πράγμασι,
744 1177 987 1248 βασιλεῦ,
1031 1184 1126 1238 τὴν
1183 1179 1416 1252 βάσανον
1463 1180 1654 1256 δῶμεν,
1705 1190 1795 1236 καὶ

196 1266 493 1339 παρελθέτω
541 1286 618 1327 τις
682 1266 899 1320 ἐνταῦθα
953 1276 1049 1321 τῶν
1121 1268 1309 1323 ἀνίατα
1367 1275 1653 1325 νοσούντων
1709 1277 1798 1325 καὶ

198 1355 268 1405 ὧν
337 1353 628 1428 ἀνθρωπίνῃ
708 1359 866 1427 τέχνη
946 1361 1032 1408 καὶ
1111 1363 1232 1432 χεὶρ
1315 1359 1629 1434 ἀπαγορεύει
1704 1366 1797 1420 τὴν

200 1445 494 1515 θεραπείαν.
544 1443 941 1516 Παρελθέτωσαν
985 1442 1042 1498 δε
1073 1451 1162 1498 καὶ
1214 1449 1262 1499 οἰ
1306 1450 1428 1520 παρ’
1468 1451 1587 1521 ύμῖν
1629 1452 1795 1522 ἱερεῖς.

203 1529 332 1584 Εἶτα
388 1531 687 1591 ίπικλητέον
741 1533 952 1596 ἐκείνοις
1003 1539 1090 1606 μὲν
1148 1541 1370 1610 πρώτοις
1421 1542 1542 1598 τοὺς
1601 1539 1796 1591 ἑαυτῶν

203 1623 371 1689 θεοὺς,
427 1622 540 1694 ἐμοὶ
595 1620 654 1674 δε
699 1627 784 1674 τόν
845 1625 934 1676 ὑπ’
986 1623 1109 1696 ἐμοῦ
1162 1624 1526 1698 λατρευόμενον
1574 1633 1686 1694 καὶ,
1743 1629 1796 1690 ὃς

1430 253 1595 317 VITA
1635 261 1695 319 S.
1738 255 2349 324 PANTELEEMONIS.

1142 387 1186 435 H
1239 380 1298 436 δὲ
1369 405 1461 462 περ
1531 390 1588 440 τό
1644 394 1793 442 Θεῖον

1914 386 2086 445 [idem
2115 394 2171 446 et
2197 393 2522 448 veritatem.
2558 392 2620 447 In
2675 392 2857 447 Deum
2911 394 3111 448 autem
3161 391 3370 465 pietas,
3428 411 3551 467 quo

3447 271 3550 326 462

1903 482 1996 533 est
2019 479 2328 545 excelsior,
2360 496 2430 536 eo
2456 480 2664 551 majori
2687 479 3041 552 perfectione
3067 483 3122 537 et
3177 481 3552 540 absolutione

1903 563 2148 638 indiget.
2181 573 2372 642 Atque
2401 569 2450 624 is
2507 569 2774 641 quidem,
2828 568 2931 641 qui
2983 585 3020 625 a
3075 585 3169 625 me
3225 570 3433 628 colitur
3497 577 3554 629 et

1906 657 2207 723 adoratur,
2235 658 2452 713 coelum
2482 657 2633 724 fecit,
2685 663 2902 714 terram
2934 658 3261 729 constituit,
3287 665 3553 719 mortuos

1907 746 2225 810 suscitavit,
2256 747 2426 802 cacis
2456 748 2647 802 visum
2680 745 2951 812 reddidit,
2983 746 3251 817 leprosos
3309 750 3553 819 curavit,

1905 835 2259 905 paralyticos
2289 836 2469 890 erexit
2502 857 2513 888 :
2547 835 2728 907 idque
2760 835 2880 890 sola
2919 834 3222 890 voluntate
3255 840 3310 892 et
3346 837 3552 894 verbo.

1906 923 2016 987 Qui
2042 927 2237 980 autem
2267 941 2303 980 a
2334 924 2500 979 vobis
2529 925 2806 979 dicuntur
2835 927 2892 979 et
2920 924 3196 980 coluntur
3223 925 3324 992 dii,
3354 927 3555 983 nescio

1903 1026 1980 1068 an
2007 1012 2236 1084 aliquid
2261 1013 2374 1070 tale
2403 1013 2662 1081 fecerint,
2695 1017 2798 1068 aut
2816 1012 3045 1084 possint
3072 1014 3319 1070 omnino
3340 1014 3553 1071 facere.

1903 1099 1968 1154 Et
1997 1098 2044 1153 si
2075 1099 2235 1165 velis,
2263 1099 2324 1155 id
2363 1116 2521 1155 nunc
2568 1116 2629 1155 re
2669 1101 2796 1170 ipsa
2847 1100 3246 1172 experiamur.
3301 1101 3559 1158 Accedat

1904 1187 2019 1242 huc
2045 1188 2253 1258 aliquis
2282 1204 2350 1243 ex
2373 1189 2443 1243 iis
2464 1189 2560 1260 qui
2588 1187 2865 1244 laborant
2909 1188 3440 1257 immedicabiliter,
3503 1195 3558 1246 et

1908 1290 2160 1346 quorum
2182 1276 2552 1331 curationem
2574 1276 2955 1347 desperatars
2967 1275 3234 1332 humana
3251 1282 3554 1333 etmanus.

1907 1363 2205 1418 Accedant
2229 1369 2429 1419 autem
2453 1365 2652 1428 etiam,
2692 1364 2795 1436 qui
2829 1370 2966 1418 sunt
2996 1363 3148 1435 apud
3203 1380 3306 1418 vos
3366 1381 3560 1421 sacer-

1907 1449 2097 1506 dotes.
2129 1452 2348 1507 Deinde
2377 1453 2455 1508 ab
2485 1452 2565 1507 eis
2594 1453 2837 1523 quidem
2865 1457 2998 1506 sunt
3035 1453 3295 1524 primum
3327 1452 3408 1508 dii
3430 1453 3560 1509 illo-

1907 1553 2038 1593 rum
2071 1540 2380 1596 invocandi
2413 1563 2425 1594 :
2462 1556 2497 1596 a
2523 1556 2614 1595 me
2641 1545 2838 1595 autem
2871 1539 2917 1594 is
2966 1555 3147 1611 quem
3177 1541 3329 1596 colo.
3367 1544 3431 1596 Et
3452 1541 3558 1613 qui

1907 1627 2249 1683 nominatus
2271 1628 2546 1682 morbum
2578 1628 2884 1696 fugaverit,
2912 1628 2961 1682 is
3000 1628 3152 1682 Deus
3182 1629 3353 1684 solus
3380 1645 3559 1701 repu-

204 1712 267 1762 ἄν
323 1710 631 1782 ὁνομασθεὶς
682 1709 896 1784 φυγάδα
944 1715 1052 1770 θείη
1110 1717 1202 1773 τὴν
1242 1719 1412 1780 νόσον,
1466 1712 1616 1776 οὗτος
1668 1721 1796 1778 Θεὸς

1914 1721 2060 1772 tetur
2090 1723 2146 1772 et
2173 1716 2437 1772 colatur:
2468 1716 2616 1772 alios
2646 1722 2844 1773 autem
2875 1717 2935 1772 in
2959 1716 3178 1772 malam
3192 1733 3318 1773 rem
3345 1734 3561 1774 aman-

204 1805 359 1871 μόνος
409 1806 497 1852 καὶ
527 1800 818 1872 λογιζέσθω
866 1799 1040 1858 δήπου
1084 1807 1171 1854 καὶ
1221 1802 1539 1863 σεϐαζέσθω’
1592 1809 1708 1866 τούς
1739 1802 1798 1858 δὲ

206 1889 392 1951 ἄλλους
417 1893 658 1962 οἰμώζειν
685 1888 864 1961 ἐῶμεν,
890 1889 1055 1948 λήθην
1085 1891 1250 1943 αὐτῶν
1279 1895 1481 1965 μακρὰν
1502 1898 1801 1966 καταχέαν-

206 1996 308 2038 τες.
359 1984 580 2052 Ἥρεσκε
620 1985 788 2030 ταῦτα
833 1987 904 2049 τῷ
957 1978 1188 2051 βασιλεῖ.
1235 1985 1363 2034 Θεοῦ
1406 1985 1506 2054 γὰρ
1559 1979 1617 2040 ἦν
1647 1991 1798 2035 τούτο

208 2072 299 2118 καὶ
346 2075 442 2129 τῆς
487 2069 676 2120 ἄνωθεν
724 2073 967 2142 προνοίας
1019 2069 1307 2142 οἰκονομία,
1363 2072 1445 2122 ἱνα
1492 2067 1558 2129 δὴ
1601 2075 1666 2123 τὰ
1709 2079 1804 2134 τῆς

207 2160 435 2216 πίστεως
462 2161 550 2207 καὶ
601 2163 706 2216 τοῖς
738 2155 946 2229 ἐχθροῖς
979 2156 1306 2230 ἀναμφίλογα
1336 2156 1389 2231 ᾖ,
1439 2165 1529 2212 καὶ
1554 2161 1715 2223 οὕτως
1755 2159 1803 2212 ἐν

207 2250 279 2312 τῷ
301 2252 550 2315 προφανεῖ
571 2243 763 2315 μᾶλλον
794 2251 1051 2303 νικήσειεν
1075 2248 1104 2302 ἠ
1137 2245 1375 2305 ἀλήθεια.

279 2331 371 2386 ΙΔ’.
417 2331 633 2403 ’Ἄγεται
684 2337 854 2384 τοίνυν
921 2334 989 2394 εἰς
1054 2339 1212 2405 μέσον
1291 2342 1598 2409 παρειμένος
1653 2338 1802 2412 ἀνὴρ,

208 2419 508 2481 κλινοπετὴς
563 2421 632 2472 ὢν
682 2426 772 2473 καί
829 2430 900 2491 τῷ
975 2427 1258 2496 παραμόνῳ
1333 2430 1548 2498 παρέσει
1612 2435 1804 2498 μικροῦ

210 2509 357 2562 πλέον
405 2517 498 2570 τῆς
539 2509 774 2581 ἐχούσης
821 2510 974 2562 αὐτόν
1015 2511 1194 2574 κλίνης
1236 2509 1377 2583 μηδὲ
1407 2517 1663 2567 κινεῖσθαι
1705 2511 1808 2566 δυ-

213 2602 441 2670 νάμενος,
499 2602 843 2673 Παριστάντες
896 2596 982 2651 οὖν
1027 2602 1076 2652 οἰ
1123 2608 1222 2652 τῶν
1265 2606 1495 2673 ματαίων
1565 2605 1687 2655 θεῶν
1740 2603 1806 2656 ἰεο

211 2694 318 2758 ρεῖς
371 2706 424 2738 τε
472 2691 562 2739 καὶ
604 2688 768 2762 ἰατροὶ
824 2693 1185 2758 ματαιότατοι,
1233 2692 1281 2742 οἰ
1331 2693 1420 2761 μὲν
1463 2690 1800 2758 Ἀσκληπιὸν,

213 2778 260 2828 οἰ
296 2772 355 2828 δε
397 2781 510 2842 Δία,
565 2781 614 2829 οἱ
659 2774 717 2829 δὲ
768 2783 1035 2850 Ἀρτεμιν,
1082 2779 1224 2830 ἄλλοι
1273 2776 1330 2830 δε
1395 2780 1577 2841 ἄλλους
1627 2780 1805 2834 ἐπεκα-

212 2865 411 2934 λοῦντο,
468 2865 680 2922 ἀνόητοι
763 2864 990 2921 ἀνοήτων
1073 2867 1238 2917 ἱκέται
1309 2864 1648 2937 δεικνύμενοι,
1716 2876 1806 2922 καὶ

213 2952 441 3023 μάλιστα
497 2952 545 3002 ἄν
600 2953 765 3020 οὕτως
821 2951 1015 3022 ἐκτόπῳ
1069 2957 1158 3003 καὶ
1208 2954 1451 3024 ὑπερφυεῖ
1501 2957 1798 3025 πράγματι⁶

1910 1807 2147 1871 demus,
2175 1820 2276 1860 eos
2293 1820 2517 1875 magna
2533 1805 2848 1860 obruentes
2871 1803 3190 1860 oblivione.
3213 1805 3563 1862 Placuerunt

1910 1895 2039 1950 haec
2066 1894 2428 1966 imperatori.
2465 1896 2601 1948 Erat
2629 1894 2788 1948 enim
2817 1893 2928 1948 hoc
2960 1893 3061 1948 Dei
3092 1900 3146 1948 et
3175 1894 3390 1950 divinm
3435 1897 3561 1966 ejus

1910 1982 2295 2054 providentiae
2343 1980 2681 2046 consilium,
2709 1986 2773 2037 ut
2802 1981 2883 2035 sic
2908 1985 3066 2037 recta
3095 1980 3244 2036 ﬁdes
3275 1981 3368 2037 vel
3397 1982 3562 2054 apud

1912 2072 2074 2144 ipsos
2131 2070 2407 2126 inimicos
2447 2073 2606 2125 esset
2642 2071 2783 2124 citra
2836 2069 3322 2137 controversiam,
3387 2075 3442 2126 et
3501 2072 3562 2126 in

1914 2165 2118 2232 aperto
2150 2159 2345 2229 magis
2367 2158 2628 2213 vinceret
2655 2157 2887 2213 veritas.

1987 2339 2130 2392 XlV.
2148 2336 2475 2392 Adducitur
2500 2334 2694 2406 itaque
2713 2333 2774 2388 in
2793 2333 3060 2388 medium
3076 2333 3162 2388 vir
3179 2333 3558 2406 paralyticus,

1917 2427 2021 2498 qui
2039 2427 2168 2498 jam
2196 2425 2378 2494 longo
2430 2429 2694 2494 tempore
2719 2422 3119 2478 decumbebat
3155 2422 3216 2476 in
3277 2425 3448 2488 lecto,
3509 2427 3564 2479 et

1916 2513 2476 2585 quipropemodum
2517 2527 2637 2566 non
2651 2510 3080 2582 poteratmagis
3098 2510 3343 2575 moveri,
3376 2525 3562 2582 quam

1915 2604 2020 2674 qui
2049 2620 2185 2659 eum
2217 2602 2448 2658 tenebat
2476 2601 2682 2656 lectus.
2717 2601 2863 2655 Cum
2916 2599 3115 2670 itaque
3171 2600 3560 2654 accessissent

1917 2708 2208 2748 vanorum
2233 2691 2485 2746 deorum
2514 2688 2876 2752 sacerdotes,
2908 2693 2964 2743 et
2989 2686 3024 2742 ii
3065 2687 3166 2759 qui
3198 2688 3409 2742 versati
3440 2686 3562 2741 fue-

1915 2782 2139 2837 rantin
2169 2779 2486 2847 medicina,
2527 2776 2625 2833 alii
2673 2775 2918 2848 quidem
2972 2776 3400 2847 IEsculapium,
3461 2774 3561 2830 alii

1915 2885 2057 2924 vero
2087 2870 2314 2934 Jovem,
2347 2866 2445 2921 alii
2477 2870 2680 2921 autem
2727 2865 2999 2928 Dianam,
3059 2864 3156 2920 alii
3215 2881 3352 2918 vero
3414 2863 3559 2918 alios

1918 2956 2061 3010 deos
2086 2955 2462 3018 invocabant,
2497 2958 2762 3008 amentes
2819 2953 2888 3007 iis
2921 2953 3097 3007 rebus
3141 2952 3559 3023 supplicantes,

218 3044 330 3092 ἴσον
382 3043 483 3112 γὰρ
529 3037 591 3097 ἧν
645 3041 800 3092 αὐτόν
843 3041 1105 3114 ῥᾳσθῆναι
1159 3045 1249 3092 καὶ
1279 3044 1398 3102 τούς
1428 3041 1626 3093 ἐκείνων
1669 3045 1801 3103 θεούς

1917 3059 2052 3113 quae
2084 3047 2276 3098 mente
2308 3049 2362 3096 et
2392 3056 2571 3096 sensu
2597 3044 2817 3105 carent,
2850 3045 2909 3096 et
2938 3041 3198 3095 maxime
3235 3039 3297 3094 in
3324 3055 3386 3095 re
3437 3044 3559 3094 tam

215 3131 465 3186 αἴσθησιν
523 3129 743 3201 ὀφθῆναι
787 3135 876 3181 καὶ
926 3129 1074 3200 λόγον
1128 3132 1368 3201 ἔχοντας.
1427 3135 1554 3182 Τίνα
1616 3127 1705 3182 οὖν
1743 3135 1810 3184 τὰ

215 3218 378 3278 οὕτως
419 3220 597 3289 ἄφωνα
636 3224 724 3270 καὶ
771 3222 938 3290 κωφά,
999 3224 1115 3270 τίνα
1154 3224 1407 3294 παρέχειν
1461 3220 1634 3282 ἄλλοις
1675 3217 1810 3278 ἠδύ-

214 3326 362 3358 ναντο
395 3309 666 3381 θεραπείαν
700 3325 713 3374 ;
743 3311 944 3359 Οὔκουν
993 3304 1117 3359 ούδε
1162 3313 1452 3380 παρέσχον,
1492 3307 1619 3360 ἀλλά
1647 3309 1810 3362 πολλὰ

213 3404 309 3448 τῶν
359 3396 633 3468 εἰρημένων
688 3397 1068 3468 αἰτησαμένων,
1122 3396 1249 3448 αύτό
1294 3405 1444 3450 τοῦτο
1492 3399 1613 3472 ὅπερ
1669 3395 1802 3457 ἦσαν

217 3489 304 3537 καὶ
343 3491 452 3546 τοῖς
481 3482 743 3544 δεηθεῖσιν
796 3484 1077 3558 ἐφάνησαν.
1113 3486 1220 3547 Ούς
1265 3488 1290 3537 ό
1336 3487 1629 3540 Παντολέων
1678 3489 1807 3562 ὀρῶν

215 3571 524 3648 μειδιάματι
581 3574 824 3648 εὐπρεπεῖ
881 3579 974 3633 τήν
1022 3580 1395 3647 ματαιοπονίαν
1463 3576 1625 3628 αὐτῶν
1683 3580 1810 3649 ἐμυ-

215 3670 478 3736 κτὴρισεν.
530 3669 671 3717 Ἐπεὶ
725 3661 784 3716 δε
847 3668 936 3716 καὶ
1011 3664 1168 3725 αύτός
1218 3669 1312 3723 τὴν
1366 3664 1636 3722 ἐπίκλησιν
1696 3665 1810 3719 ἐπε-

216 3756 408 3828 τράπη,
463 3756 595 3827 αἴρει
645 3756 734 3825 μεν
779 3756 839 3805 τό
893 3757 1035 3825 ὄμμα
1075 3754 1142 3813 εἰς
1184 3758 1268 3805 τὸν
1309 3753 1542 3826 οὐρανόν,
1587 3773 1807 3808 συνανα-

215 3847 363 3894 τείνει
413 3839 472 3894 δὲ
519 3845 684 3913 τούτῳ
736 3847 826 3894 καὶ
882 3847 976 3900 τὴν
1026 3839 1281 3907 διάνοιαν,
1324 3847 1435 3910 καὶ,
1484 3846 1659 3919 Κύριε,
1702 3844 1805 3896 εἰσ-

214 3930 456 3996 ἀκουσον,
509 3935 621 4003 ἔφη,
673 3940 767 3993 τῆς
814 3939 1121 4005 προσευχῆς
1173 3951 1295 4004 μου,
1347 3937 1435 3984 καὶ
1493 3936 1522 3990 ἡ
1599 3938 1799 4007 κραυγή

214 4040 310 4092 μου
368 4024 498 4096 πρὸς
565 4024 621 4073 σε
675 4020 883 4073 ἐλθέτω·
946 4026 1018 4094 μὴ
1085 4020 1423 4095 ἀποστρέψῃς
1482 4026 1539 4074 τό
1593 4028 1800 4096 πρόσω-

217 4117 305 4161 πόν
363 4129 457 4162 σου
507 4109 594 4162 ἀπ’
646 4110 792 4182 ἐμοῦ,
838 4109 885 4162 ἐν
926 4111 957 4183 ᾖ
1011 4112 1071 4162 ἄν
1124 4113 1291 4184 ἡμέρᾳ
1336 4110 1593 4183 θλίϐωμαι
1634 4112 1802 4163 κλῖνον

215 4204 336 4273 πρός
396 4218 459 4272 με
513 4203 572 4251 τό
629 4196 716 4260 οὖς
763 4217 876 4252 σου·
962 4198 980 4250 ἐ

1071 4197 1094 4214 Ὗ

962 4199 1008 4250 ἐν
1155 4201 1216 4251 ἄν
1265 4201 1434 4272 ἡμέρᾳ
1495 4199 1807 4252 ἐπικαλέσω-

215 4292 308 4358 μαί
367 4306 423 4339 σε
468 4291 611 4359 ταχύ
669 4289 960 4340 ἐπάκουσον
1024 4307 1146 4359 μου,
1201 4293 1290 4338 καὶ
1345 4285 1512 4348 δεῖξον
1556 4294 1666 4347 τοῖς
1749 4305 1805 4337 σε

218 4374 462 4446 ἀγνοοῦσι
542 4381 633 4427 καὶ
692 4384 799 4436 τοῖς
851 4380 923 4447 μὴ
979 4375 1099 4426 οὖσι
1158 4373 1450 4444 σεϐομένοις
1509 4375 1658 4438 θεοῖς,
1727 4373 1806 4424 ὅτι

218 4467 385 4516 πάντα
443 4461 688 4528 δύνασαι,
757 4464 994 4528 Βασιλεῦ,
1051 4459 1300 4513 ἀδυνατεῖ
1365 4457 1424 4512 δέ
1490 4479 1574 4512 σοι
1633 4456 1803 4511 οὐδέν.

223 4553 398 4613 Ούτως
451 4555 541 4622 ἔφη
595 4558 684 4604 καὶ
733 4560 828 4612 τῆς
881 4555 1064 4625 χειρός
1114 4550 1374 4622 ἁψάμενος
1422 4556 1513 4601 τοῦ
1554 4553 1802 4621 κειμένου,

226 4643 304 4694 Ἐν
360 4649 431 4712 τῷ
485 4642 718 4713 ὀνόματι,
783 4641 935 4711 λέγει,
1009 4647 1244 4714 Χριστοῦ
1298 4647 1388 4692 τοῦ
1472 4639 1807 4713 ἀνορθοῦντος

224 4735 342 4790 τοὺς
383 4729 842 4804 κατερῥαγμίνους,
901 4731 1052 4802 ὑγιὴς
1098 4733 1186 4783 ἔσο
1235 4735 1324 4781 καὶ
1368 4731 1528 4801 ὑγιῶς
1573 4737 1681 4790 τοῖς
1719 4732 1806 4799 μέ-

224 4821 331 4873 λεσι
379 4827 668 4892 χρώμενος.
713 4821 861 4872 Εἶπεν
917 4825 1006 4872 καὶ
1061 4821 1086 4872 ό
1143 4820 1291 4889 λόγος
1329 4819 1395 4879 εἰς
1448 4821 1591 4891 ἔργον
1631 4816 1802 4882 ἐξέϐη,

221 4915 308 4962 καὶ
359 4912 388 4968 ἡ
449 4909 594 4966 κλίνη
648 4912 734 4960 τόν
787 4912 1085 4981 παρειμένον
1144 4909 1334 4973 οὐκέτι,
1391 4907 1498 4958 ἀλλ’
1551 4909 1599 4958 οἰ
1649 4905 1806 4966 πόδες

221 4999 361 5072 εἶχον
393 5000 577 5052 ἑαυτοῦ
611 4997 924 5073 θαρρούντως
965 4997 1210 5069 βαίνοντα
1238 5003 1328 5049 καὶ
1357 4993 1555 5067 σχεδὸν
1586 4998 1808 5066 ᾄττοντα

217 5095 304 5142 καὶ
359 5089 478 5141 εὐθύ
528 5091 671 5140 οἴκου
729 5090 858 5160 μετὰ
911 5089 1096 5160 θερμῆς
1156 5089 1280 5146 ὅσης
1326 5094 1421 5147 τῆς
1467 5082 1663 5147 ἡδονῆς
1717 5105 1806 5137 πο-

217 5185 504 5253 ρευόμενον.

1917 3145 2161 3199 magna,
2194 3136 2393 3201 etquae
2415 3145 2601 3198 usque
2614 3129 2762 3184 adeo
2778 3129 3411 3199 superabatnaturam.
3431 3130 3562 3182 Erat

1917 3219 2075 3274 enim
2108 3233 2277 3290 teque
2307 3215 2560 3282 difﬁcile,
2596 3222 2651 3270 et
2680 3216 2880 3286 ipsum
2916 3216 3355 3280 convalescere,
3399 3220 3454 3270 et
3481 3215 3561 3268 vi-

1916 3307 2041 3362 deri
2071 3307 2304 3362 illorum
2333 3305 2478 3360 deos
2510 3318 2694 3358 sensu
2721 3308 2779 3358 et
2806 3303 3033 3358 ratione
3063 3303 3362 3373 praeditos.
3395 3305 3561 3367 Quaa-

1915 3412 2058 3452 nam
2084 3395 2245 3450 enim
2267 3393 2420 3449 adeo
2454 3398 2615 3447 muta
2642 3398 2698 3447 et
2729 3391 2910 3446 surda
2933 3394 3185 3462 possunt
3207 3390 3336 3445 aliis
3375 3389 3558 3445 ullam

1916 3485 2180 3556 praebere
2210 3481 2579 3539 curationem
2599 3480 2626 3535 τ
2652 3483 2803 3549 Ergo
2827 3494 2935 3534 nec
2975 3479 3357 3549 praebuerunt
3382 3494 3394 3532 :
3456 3477 3560 3532 sed

1917 3589 2055 3629 cum
2090 3571 2275 3627 multa
2303 3569 2608 3642 petiissent
2635 3567 2673 3621 ii
2702 3567 2806 3639 qui
2836 3567 2975 3622 dicti
3007 3571 3162 3631 sunt,
3193 3565 3308 3620 hoc
3358 3565 3558 3636 ipsum

1916 3662 2080 3736 quod
2092 3665 2278 3725 erant,
2299 3656 2772 3729 nempelapides,
2794 3656 2862 3710 iis
2878 3655 2982 3727 qui
3016 3655 3331 3723 rogabant,
3359 3659 3559 3725 aperte

1916 3754 2341 3824 apparuerunt.
2375 3749 2668 3815 Rogantes
2698 3748 2899 3800 autem
2950 3743 3159 3798 videns
3212 3741 3560 3810 Pantoleon,

1914 3842 2155 3897 inanem
2184 3853 2389 3894 eorum
2417 3835 2681 3891 laborem
2722 3833 2930 3888 decore
2982 3831 3370 3898 subridendo,
3420 3831 3562 3885 sub-

1913 3928 2207 3987 sannavit.
2240 3928 2560 3996 Postquam
2587 3937 2727 3978 vero
2765 3922 2890 3993 ipse
2920 3937 3160 3993 quoque
3213 3920 3415 3990 jussus
3459 3919 3564 3974 fuit

1911 4019 2205 4083 invocare,
2234 4014 2379 4070 tollit
2402 4012 2646 4084 quidem
2677 4011 2735 4065 in
2762 4010 2979 4065 ccelum
3018 4009 3242 4076 oculos,
3297 4024 3434 4062 cum
3493 4007 3562 4060 iis

1912 4113 2111 4163 autem
2143 4103 2365 4158 extollit
2391 4116 2620 4164 vocem,
2657 4104 2730 4163 et,
2779 4097 3041 4161 Domine,
3076 4096 3288 4166 inquit,
3340 4095 3563 4150 exaudi

1912 4195 2235 4250 orationem
2266 4203 2474 4250 meam,
2508 4193 2560 4241 et
2587 4187 2814 4240 clamor
2841 4200 2998 4240 meus
3038 4184 3118 4239 ad
3148 4191 3204 4237 te
3231 4182 3446 4238 veniat.
3479 4183 3562 4238 Ne

1914 4286 2145 4337 avertas
2179 4275 2394 4346 faciem
2429 4279 2587 4328 luam
2618 4287 2653 4326 a
2683 4287 2773 4326 me
2795 4284 2817 4341 ;
2846 4273 2908 4324 in
2937 4284 3287 4340 quacunque
3319 4269 3412 4323 die
3461 4269 3561 4322 tri-

1917 4368 2098 4431 bulor,
2129 4364 2355 4420 inclina
2379 4361 2459 4417 ad
2485 4375 2575 4415 me
2601 4374 2805 4414 aurem
2837 4365 3022 4412 tuam.
3063 4359 3130 4411 In
3155 4357 3376 4426 quadie
3406 4357 3562 4411 invo-

1915 4471 2117 4514 cavero
2144 4460 2216 4519 te,
2249 4451 2515 4508 celeriter
2529 4446 2750 4504 exaudi
2765 4448 2890 4502 me4
2919 4449 3014 4513 ;et
3029 4445 3273 4500 ostende
3296 4444 3364 4498 iis
3394 4444 3490 4515 qui
3512 4449 3563 4498 te

1914 4546 2210 4616 ignorant,
2260 4546 2317 4596 et
2346 4556 2447 4595 eos
2491 4535 2593 4609 qui
2649 4550 2772 4590 non
2820 4537 2976 4598 sunt,
3035 4533 3179 4589 deos
3233 4533 3450 4596 colunt,
3511 4538 3566 4586 te

1913 4635 2116 4691 omnia
2147 4645 2346 4704 posse,
2382 4643 2418 4682 o
2448 4627 2591 4690 Rex,
2625 4630 2725 4680 tua
2755 4623 3039 4693 potentia.
3075 4620 3226 4677 Nihil
3251 4627 3336 4676 est
3367 4625 3566 4675 autem

1911 4722 2076 4797 quod
2104 4739 2139 4777 a
2171 4726 2220 4776 te
2247 4733 2367 4773 non
2392 4713 2575 4787 possit
2599 4712 2742 4766 ﬁeri.
2801 4711 2892 4767 Sic
2921 4710 3064 4764 dixit
3096 4727 3111 4762 :
3146 4716 3201 4763 et
3230 4726 3367 4763 cum
3439 4709 3566 4797 teti-

1912 4796 2092 4884 éisset
2123 4823 2370 4864 manum
2402 4804 2550 4874 ejus,
2577 4801 2678 4872 qui
2698 4798 2960 4872 jacebat,
2989 4798 3130 4852 dicit
3162 4816 3174 4854 :
3210 4799 3271 4850 ln
3325 4796 3568 4851 nomine

1914 4898 2140 4964 Christi,
2168 4893 2566 4968 quierigiteos
2580 4890 2679 4961 qui
2703 4895 2842 4942 sunt
2867 4886 3168 4949 confracti,
3191 4892 3318 4938 esto
3359 4899 3562 4949 sanus,

1913 4997 1970 5047 et
1995 5004 2140 5044 sane
2171 4991 2330 5040 utere
2363 4978 2647 5036 membris
2678 4977 2810 5031 tuis.
2842 4974 3078 5039 Dixil,et
3109 4973 3356 5027 verbum
3405 4971 3573 5026 eﬂec-

1915 5086 2007 5136 tus
2028 5082 2116 5134 est
2136 5075 2488 5131 consecutus
2519 5085 2530 5121 :
2567 5082 2760 5138 neque
2791 5062 3045 5132 amplius
3094 5063 3280 5115 lectus
3335 5061 3573 5132 paraly-

1916 5170 2117 5234 ticum,
2143 5163 2249 5219 sed
2279 5163 2407 5232 ejus
2439 5157 2621 5231 pedes
2652 5151 3046 5217 sustinebant,
3075 5149 3358 5204 audacter
3384 5149 3574 5218 ingre-

216 5287 495 5352 dientem,
528 5289 586 5339 et
609 5283 1046 5356 propemodum
1087 5282 1470 5348 exsilientem,
1505 5287 1562 5337 et
1589 5282 1792 5338 statim

1914 5297 1963 5337 ω
1993 5287 2216 5344 magna
2245 5268 2544 5338 voluptate
2575 5261 2762 5316 domo
2795 5257 3223 5353 egredientem:

285 5373 383 5431 IE'.
425 5374 500 5428 Ού
543 5378 708 5451 μέχρι
748 5375 932 5427 τούτου
964 5376 1029 5427 τὰ
1063 5381 1154 5435 τῆς
1195 5373 1464 5449 θεραπείας
1501 5373 1650 5442 ἔστη,
1693 5370 1801 5424 ἀλλ’

263 5534 316 5596 ’⁴
341 5557 499 5617 Psal.
541 5575 612 5627 οι,
643 5560 697 5628 2,
729 5557 782 5615 3.

1998 5343 2119 5422 XV.
2151 5363 2351 5434 Neque
2383 5367 2520 5411 vero
2548 5349 2626 5409 ad
2646 5365 2784 5406 eum
2817 5361 3002 5421 usque
3031 5343 3294 5402 constitit
3326 5344 3573 5411 curatio,
