4144 6258
587 194 688 249 463

1986 176 2250 247 MENSIS
2290 174 2553 252 IULIUS.

3851 188 3971 257 464

582 318 687 373 sed
735 319 859 390 ipse
890 316 1132 388 quidem
1162 332 1428 389 corpore,
1461 320 1628 376 multi
1689 324 1887 376 autem
1914 317 2011 374 alii
2032 315 2195 403 anim

2307 320 2499 373 ,αὐτὸν
2551 328 2641 396 μὲν
2695 331 2832 381 κατά
2898 336 3070 400 σῶμα,
3116 324 3295 378 πολλοὶ
3346 320 3404 378 δε
3443 325 3589 379 ἄλλοι
3637 332 3969 403 παρειμένοι

582 406 909 477 paralytici,
944 411 999 460 et
1029 407 1234 459 morbo
1281 407 1598 478 impietatis
1628 409 1907 472 enervati,
1959 422 2096 461 cum
2150 401 2238 488 vif

582 496 807 551 dissent
839 495 1002 566 quod
1044 494 1266 549 factum
1314 497 1521 561 fuerat,
1562 504 1931 553 surrexerunt
1972 502 2025 550 et
2064 496 2234 549 erectl

579 589 751 637 sunt:
785 588 841 637 et
870 589 1169 653 postremo
1199 584 1376 653 priori
1431 602 1622 642 errore
1673 588 2083 651 condemnato,
2141 596 2234 635 ve-

573 686 707 725 rum
743 673 922 725 Deum
956 670 1278 725 coluerunt.
1313 672 1408 727 Sic
1454 676 1610 731 enim
1666 677 1948 731 Dominus
1995 678 2051 727 et
2108 670 2233 723 illu-

573 759 761 814 minat
790 774 1002 826 caecos,
1029 764 1085 813 et
1114 759 1221 814 scit
1250 762 1467 829 erigere
1492 764 1844 819 contractos.
1888 766 2073 831 Atque
2113 774 2233 813 sce-

568 846 785 902 leratos
833 846 1071 918 quidem
1126 850 1462 905 sacerdotes
1513 857 1566 906 et
1629 852 1911 911 medicos,
1954 849 2060 920 qui
2124 864 2231 901 sua

569 941 778 1006 sponte
809 943 971 990 erant
996 936 1483 1004 immedicabiles,
1518 956 1637 995 non
1688 941 1865 994 subiit
1893 939 2094 992 lumen
2140 952 2230 989 ve-

566 1023 753 1078 ritatis
787 1040 797 1077 :
834 1024 937 1077 sed
971 1040 1107 1078 cum
1127 1040 1160 1077 a
1184 1026 1353 1079 malis
1370 1027 1546 1081 rebus
1564 1029 1795 1083 liberari
1815 1042 1933 1082 non
1960 1031 2222 1097 possent,

567 1114 633 1164 ut
687 1111 789 1182 qui
843 1118 1040 1166 essent
1097 1112 1164 1165 iis
1196 1112 1299 1166 diu
1356 1115 1691 1179 assuefacti,
1744 1114 2085 1170 accedentes
2145 1114 2221 1166 ad

562 1199 1007 1261 Maximianum,
1064 1199 1140 1253 ad
1197 1201 1570 1257 iracundiam
1624 1206 2022 1274 provocarunt
2082 1214 2220 1254 eum

562 1286 846 1341 adversus
874 1292 1169 1341 sanctum.
1200 1288 1256 1341 Si
1303 1289 1503 1343 siveris
1579 1291 1743 1345 illum
1787 1292 2007 1353 vivere,
2065 1287 2219 1342 dice-

564 1372 724 1438 bant,
749 1381 802 1428 et
834 1373 916 1428 dii
965 1374 1142 1429 simul
1198 1375 1301 1431 tibi
1350 1377 1622 1446 peribunt
1678 1384 1735 1433 et
1783 1377 2111 1433 sacriﬁcia:
2163 1380 2218 1430 et

560 1467 762 1531 aperte
811 1462 1015 1517 fabula
1071 1469 1276 1518 nostra
1330 1464 1625 1520 videbitur
1680 1467 1886 1537 religio
1937 1472 1991 1521 et
2048 1479 2217 1520 sacra

558 1550 724 1617 orgia
756 1565 768 1615 ;
800 1550 1113 1605 Christiani
1147 1556 1347 1606 autem
1377 1569 1483 1608 nos
1537 1555 1777 1625 profuse
1816 1554 2115 1617 ridebunt,
2161 1556 2217 1607 et

2344 416 2432 462 xui
2470 412 2653 484 ψυχὴν
2711 422 2800 469 καὶ
2833 416 3068 477 ἀσεϐείας
3116 416 3271 466 πάθει
3320 414 3723 489 κατερραγμένοι
3763 419 3826 467 τὸ
3868 437 3967 487 γε-

2342 502 2490 567 γονὸς
2544 504 2869 573 θεασάμενοι,
2932 506 3222 561 ἀνέστησάν
3274 522 3327 555 τε
3379 509 3467 554 καὶ
3526 502 3957 575 ἀνωρθώθησαν,

2342 592 2430 637 καὶ
2476 597 2568 650 τῆς
2625 598 2872 665 προτέρας
2929 593 3121 652 πλάνης
3201 591 3365 643 πολλά
3426 598 3766 663 καταγνόντες
3860 599 3961 645 τὸν

2343 673 2547 744 ἀψευδῆ
2623 685 2751 731 Θεὸν
2822 680 3204 737 ἐσεϐάσθησαν.
3260 687 3380 740 Τοίς
3437 689 3645 751 μιαροῖς
3703 686 3798 753 μὲν
3860 680 3959 734 οὖν

2344 765 2535 837 ἱερεῦσι
2588 774 2675 819 καὶ
2734 768 2954 832 ἀνιάτως
3007 773 3223 841 ἔχουσιν
3284 769 3479 840 ἰατροῖς
3538 768 3951 823 ἐθελοκακοῦσιν

2340 854 2431 904 οὐκ
2471 854 2646 908 εἰσεδυ
2694 863 2749 909 τὸ
2792 865 2969 930 φέγγος
3021 868 3115 918 τῆς
3162 857 3436 923 εὐσεϐείας,
3489 857 3618 909 ἀλλά
3661 857 3953 912 δυσαπαλ-

2338 943 2531 1003 λάκτως
2586 943 2727 1016 εἶχον
2773 956 2871 998 τῶν
2923 950 3231 1019 μοχθηρῶν,
3284 951 3352 1008 ως
3401 950 3461 997 άν
3501 946 3584 998 ἐπὶ
3634 948 3763 999 πολὺ
3825 955 3949 1002 τού-

2335 1051 2456 1092 τους
2496 1037 2893 1107 συνειθισμένοι,
2949 1039 3060 1088 ὅθεν
3117 1042 3205 1088 καὶ
3255 1044 3325 1105 τῷ
3366 1036 3671 1108 Μαξιμιανῷ
3718 1041 3947 1112 προσελ-

2336 1121 2521 1185 θόντες,
2556 1120 2833 1194 ἐξωργιζον
2885 1126 3039 1177 αὐτὸν
3068 1128 3202 1177 κατά
3256 1132 3347 1176 τοῦ
3394 1124 3547 1196 ἁγίου
3597 1131 3706 1191 καὶ,
3750 1128 3813 1179 Εἰ
3848 1133 3945 1200 ζῇν

2331 1206 2518 1260 ἐκεῖνον
2559 1210 2749 1277 ἐάσεις,
2799 1214 2987 1285 ἔλεγον,
3023 1218 3228 1285 οἴχεταί
3278 1234 3360 1266 σοι
3400 1218 3529 1285 μετά
3574 1224 3689 1266 τῶν
3734 1219 3941 1270 θυσιῶν

2329 1303 2417 1349 καὶ
2464 1302 2527 1350 τά
2567 1302 2709 1367 θείὸν,
2766 1308 2854 1355 καὶ
2892 1306 3051 1375 μῦθος
3100 1306 3346 1377 ἄντικρυς
3396 1300 3535 1366 δόξει
3578 1306 3841 1375 θρησκεία
3884 1328 3941 1360 τε

2328 1388 2552 1460 ἡμετέρα
2598 1394 2688 1441 καὶ
2733 1393 2843 1463 ἱερά
2887 1395 3060 1465 ὄργια,
3112 1397 3421 1463 Χριστιανοὶ
3480 1390 3537 1445 δὲ
3576 1393 3743 1445 πλατύ
3780 1396 3937 1467 γελά-

2330 1495 2483 1527 σουσι
2530 1480 2646 1529 καθ’
2703 1482 2843 1551 ἡμῶν
2876 1486 2966 1533 καὶ
3010 1481 3324 1553 ἰσχύσουσι,
3372 1486 3461 1533 καὶ
3508 1484 3571 1533 τά
3625 1483 3794 1535 αὐτῶν
3854 1484 3934 1536 ἀν-

2328 1565 2478 1619 θήσει
2541 1566 2753 1636 μᾶλλον,
2822 1575 2910 1621 καὶ
2966 1570 3094 1621 πολύ
3154 1572 3303 1621 ἔσται
3352 1578 3450 1622 τῶν
3509 1572 3771 1645 ἡμετέρων
3824 1572 3931 1626 ἔπι-

558 1638 905 1693 resillorum
921 1639 1113 1706 magis
1146 1638 1456 1706 ﬂorebunt,
1492 1648 1548 1696 et
1578 1650 1749 1698 erunt
1781 1644 1996 1698 nostris
2028 1641 2195 1697 multt

2324 1657 2663 1725 κρατέστερα.
2718 1658 2895 1710 Ταῦτα
2961 1659 3204 1724 εἰπόντες,
3268 1658 3542 1721 ἀκούοντος
3590 1663 3780 1732 ἔτυχον
3838 1670 3929 1715 καὶ

554 1725 892 1781 validiores.
949 1729 1069 1781 Haec
1121 1744 1260 1782 cum
1329 1729 1645 1797 dixissent,
1700 1732 1795 1786 ille
1840 1732 2071 1787 facilem
2131 1732 2213 1785 eis

554 1829 759 1869 aurem
788 1814 1062 1885 praebuit,
1094 1820 1149 1870 et
1178 1819 1392 1886 paruit.
1433 1820 1718 1875 Sanctum
1746 1821 1945 1892 itaque
1968 1820 2214 1875 accersit

554 1903 889 1973 imperator,
925 1908 979 1957 et
1002 1908 1286 1975 tanquam
1301 1921 1499 1961 escam
1531 1908 1913 1977 benignitatis
1946 1910 1998 1965 ei
2028 1909 2214 1979 impe-

552 1997 715 2045 rator
747 1990 1050 2061 porrigens
1082 1992 1589 2050 admonitionem:
1625 1998 1807 2052 Crede
1824 1997 2206 2068 mihi,inquit,

554 2078 898 2143 Pantoleon,
927 2087 981 2134 et
1012 2080 1117 2133 diis
1149 2080 1295 2136 offer
1325 2084 1703 2140 sacrificium.
1746 2089 1830 2140 An
1860 2102 1979 2141 non
2028 2087 2205 2151 vides,

552 2166 672 2236 qod
702 2166 1290 2239 quibuscunquenon
1322 2178 1409 2226 est
1432 2188 1807 2242 persuasum,
1843 2182 1905 2229 ut
1954 2176 2210 2229 facerent

550 2254 705 2322 quod
734 2253 961 2309 dictum
985 2256 1191 2322 fuerat,
1227 2257 1263 2311 ii
1293 2262 1642 2328 gravissima
1668 2263 1958 2333 supplicia
1973 2268 2029 2317 et
2059 2279 2208 2318 mor-

550 2344 667 2395 tem
714 2341 1042 2398 habuerunt
1098 2345 1522 2404 incredulitatis
1590 2350 2131 2406 remunerationem
2181 2353 2208 2406 ?

549 2429 775 2485 IIorum
807 2436 895 2486 est
920 2432 1098 2498 testis,
1142 2435 1241 2505 qui
1293 2451 1485 2507 nuper
1516 2438 1726 2494 misere
1786 2440 1900 2494 vita
1947 2441 2206 2511 privatus

549 2522 657 2572 est.
690 2518 1003 2573 Anthimus
1042 2520 1135 2575 ille
1166 2538 1359 2577 senex.
1396 2523 1517 2593 Ego
1565 2532 1763 2581 autem
1811 2544 2017 2582 curam
2066 2542 2205 2595 gero

550 2606 1031 2674 tuzejuventulis,
1064 2624 1258 2680 neque
1306 2611 1437 2666 volo
1496 2618 1547 2668 te
1612 2619 1731 2670 tam
1794 2616 1946 2670 male
1990 2616 2200 2687 perire.

548 2692 702 2749 Scito
732 2694 909 2760 enim,
946 2694 1069 2750 fore
1094 2701 1156 2751 ut
1206 2703 1261 2752 te
1310 2699 1495 2756 multa
1547 2708 1600 2755 et
1648 2704 1847 2771 gravia
1904 2704 2203 2774 excipiant

546 2781 859 2851 supplicia,
890 2784 935 2836 si
957 2784 1233 2839 eamdem
1276 2789 1540 2858 sequaris
1572 2790 2052 2847 inobedientiam.

617 2869 759 2924 XVI.
794 2871 1113 2927 Pantoleon
1140 2889 1299 2943 vero,
1334 2878 1523 2932 vitans
1541 2878 1785 2950 quidem
1842 2881 2198 2937 admonitio-

2324 1743 2625 1812 πειθομένου
2699 1754 2807 1806 τοῖς
2864 1746 3175 1819 λεγομένοις.
3245 1747 3619 1800 Μετακαλεῖται
3672 1755 3849 1802 τοίνυν
3904 1754 3928 1803 ὀ

2325 1825 2574 1897 βασιλεὺς
2634 1840 2719 1884 τὸν
2775 1835 3119 1887 Παντολέοντα
3172 1840 3258 1887 xui
3307 1839 3458 1888 οἱονεὶ
3513 1833 3691 1912 δέλεαρ
3748 1839 3928 1909 φιλαν-

2326 1917 2552 1988 θρωπίας
2614 1926 2707 1979 τὴν
2756 1929 3058 1995 παραίνεσιν
3113 1924 3251 1994 αὐτῷ
3304 1930 3599 1996 προτείνων·
3665 1930 3927 1987 ΙΙείσθητί

2322 2027 2432 2073 μοι,
2486 2008 2640 2079 ἔλεγε,
2695 2012 2995 2074 Παντόλεον,
3053 2018 3143 2064 καὶ
3201 2016 3383 2065 θυσίαν
3448 2018 3756 2086 προσένεγκε
3811 2026 3926 2079 τοῖς

2326 2097 2473 2155 θεοῖς·
2516 2100 2545 2153 ἦ
2599 2098 2703 2169 οὐχ
2749 2101 2891 2171 όρᾲς,
2948 2103 3027 2152 ὅτι
3070 2104 3183 2153 ὅσοι
3228 2110 3381 2154 τοῦτο
3427 2110 3647 2160 ποιῆσαι
3702 2105 3925 2164 ἠπείθη-

2324 2202 2439 2250 σαν,
2493 2183 2797 2259 βαρυτάτας
2875 2189 3112 2252 κολάσεις
3185 2196 3273 2241 καὶ
3335 2192 3547 2243 θάνατον
3610 2194 3772 2263 ἔσχον
3830 2204 3924 2256 τῆς

2320 2270 2577 2333 ἀπειθείας
2634 2274 2899 2329 ἀντίδοσιν
2935 2295 2947 2343 ;
2989 2284 3077 2330 xui
3126 2282 3324 2351 μάρτυς
3370 2283 3555 2332 τούτου
3606 2283 3630 2332 ό
3670 2287 3770 2355 πρὸ
3822 2304 3920 2355 μι-

2318 2368 2444 2432 κροῦ
2491 2362 2680 2425 ἀθλίως
2740 2374 2830 2417 τοῦ
2882 2367 2976 2438 ζῇν
3032 2367 3343 2441 ἀπορῥαγεὶς
3406 2368 3654 2441 ’Δνθιμος
3731 2376 3757 2422 ό
3831 2377 3915 2442 γέ-

2316 2468 2438 2518 ρων.
2474 2452 2603 2520 Ἐγὼ
2631 2449 2690 2504 δέ
2723 2473 2815 2505 σου
2864 2452 3100 2527 κήδομαι
3148 2467 3242 2517 τῆς
3282 2463 3521 2519 νεότητος
3566 2464 3654 2510 καὶ
3698 2460 3757 2511 ού
3790 2459 3921 2532 βού-

2316 2535 2469 2607 λομαι
2517 2540 2675 2600 οὕτως
2728 2552 2898 2605 κακῶς
2950 2543 3252 2597 ἀπολέσθαι.
3313 2545 3456 2599 Ἰτθι
3501 2550 3620 2620 γάρ,
3662 2550 3739 2599 ὅτι
3786 2550 3910 2601 πολ-

2314 2624 2399 2676 λαί
2445 2646 2501 2678 σε
2550 2634 2639 2679 xui
2682 2630 2913 2701 χαλεπαὶ
2963 2630 3297 2696 διαδέξονται
3345 2634 3571 2707 βάσανοι
3608 2644 3697 2698 τῆς
3734 2639 3908 2702 αὐτῆς

2314 2711 2557 2785 ἐχόμενον
2590 2716 2870 2781 ἀπειθείας.

2563 2868 2666 2921 Καὶ
2697 2871 2725 2927 η
2759 2871 3050 2923 Παντολέων
3090 2876 3182 2935 τάς
3219 2879 3308 2946 μὲν
3339 2881 3662 2949 παραινέσεις
3701 2879 3761 2937 ὡς
3790 2898 3893 2949 φα-

544 2972 673 3019 nes,
707 2963 996 3029 tanquam
1012 2964 1589 3032 apertamfraudem,
1618 2966 1808 3023 minas
1836 2975 2034 3023 autem
2059 2985 2195 3025 con-

2308 2956 2454 3026 νεράν
2497 2954 2697 3016 ἀπάτην
2752 2958 3012 3025 ἐκκλίνων,
3062 2965 3153 3024 τάς
3210 2963 3423 3026 ἀπειλὰς
3480 2962 3539 3017 δὲ
3586 2968 3649 3025 ὡς
3698 2964 3902 3019 ἀσθενεο

543 3050 835 3114 temnens,
867 3051 1155 3118 tanquam
1177 3049 1318 3119 ipsis
1342 3055 1589 3108 somniis
1628 3055 2035 3112 imbecilliores
2065 3074 2076 3113 :
2119 3061 2195 3114 Ne

541 3132 862 3201 existimes,
891 3135 1092 3206 inquit,
1120 3154 1155 3192 ο
1181 3139 1522 3210 imperator,
1558 3143 1680 3198 fore
1715 3149 1777 3199 ut
1818 3161 1909 3199 me
1955 3162 2191 3217 persua-

539 3220 683 3275 deas
727 3222 1255 3291 admonitionibus,
1315 3245 1423 3284 nec
1463 3233 1527 3285 ut
1583 3247 1677 3287 me
1718 3234 1889 3286 minis
1950 3240 2189 3288 terreas.

541 3308 690 3371 Quid
723 3311 879 3365 enim
917 3328 1009 3366 me
1033 3314 1120 3368 vel
1145 3331 1215 3369 ex
1246 3316 1419 3372 bonis
1450 3319 1657 3373 mundi
1687 3321 1900 3390 capiet,
1935 3321 2022 3376 vel
2078 3326 2189 3376 ter-

537 3396 687 3451 rebit
716 3414 787 3453 ex
812 3399 982 3453 rebus
1007 3403 1386 3471 terribilibus,
1412 3406 1511 3476 qui
1540 3423 1656 3463 non
1692 3408 1886 3463 solum
1939 3416 2186 3465 mortem

536 3489 876 3552 contemno,
910 3490 1012 3543 sed
1044 3506 1175 3545 eam
1202 3494 1380 3548 etiam
1420 3497 1746 3566 optandam
1778 3498 2032 3553 arbitror
2062 3514 2190 3570 pro-

537 3576 665 3642 pter
719 3574 1197 3633 Cbristum?Pro
1251 3596 1321 3635 eo
1378 3590 1577 3638 autem
1632 3590 1927 3641 tormenta
1959 3592 2188 3644 tantum

536 3660 707 3716 abest
739 3663 1219 3731 utextimescam,
1255 3670 1517 3725 utetiam
1549 3688 1832 3740 magnum
1892 3676 2184 3733 damnum

534 3747 887 3815 existimem,
914 3753 963 3805 si
990 3768 1109 3807 non
1140 3756 1255 3810 sint
1284 3756 1456 3827 plura
1500 3767 1555 3813 et
1609 3763 1983 3832 gravissima,
2032 3771 2088 3819 et
2126 3765 2185 3818 in

530 3836 601 3889 iis
633 3836 1002 3894 clementiam
1037 3843 1248 3911 quavis
1288 3846 1637 3903 crudelitate
1670 3849 1825 3905 duco
1871 3867 1998 3905 esse
2057 3868 2187 3921 gra-

528 3924 773 3980 viorem.
828 3930 1140 3997 Egregium
1192 3941 1347 3989 certe
1407 3936 1775 4003 Anthimum,
1828 3955 1947 3995 non
2006 3947 2066 3995 ut
2125 3947 2181 3996 tu

528 4013 828 4079 miserum,
870 4018 973 4072 sed
1011 4018 1181 4075 valde
1257 4022 1437 4079 etiam
1499 4024 1743 4082 beatum
1784 4044 1910 4083 esse
1957 4030 2179 4100 judico,

524 4108 579 4155 et
608 4102 735 4170 ejus
779 4112 1029 4162 mortem
1084 4108 1271 4165 cuivis
1334 4113 1466 4168 vitas
1523 4116 1795 4185 praefero,
1856 4118 2022 4189 quod
2081 4120 2181 4176 tali

519 4190 635 4244 fine
669 4192 841 4249 talem
870 4197 1103 4251 ornavit
1134 4206 1514 4268 senectutem,
1544 4208 1599 4259 et
1624 4208 1858 4261 canitiei
1913 4207 2176 4265 alborem

519 4280 810 4349 sanguine
853 4288 1181 4342 cruentavit
1235 4293 1521 4361 martyrii.
1578 4295 1743 4357 Quod
1796 4295 1844 4349 si
1902 4297 2015 4361 ille,
2077 4305 2177 4371 qui

517 4372 642 4420 erat
673 4375 790 4421 tam
824 4380 1112 4438 provectas
1143 4376 1352 4441 astatis,
1386 4379 1536 4433 adeo
1562 4380 1770 4436 fortem
1814 4389 1871 4439 et
1901 4391 2177 4443 constan-

514 4457 633 4508 tem
661 4471 721 4508 se
752 4458 1022 4523 ostendit,
1058 4476 1169 4526 me,
1204 4464 1307 4533 qui
1336 4481 1468 4519 sum
1494 4467 1950 4539 adhucjuvcnili
1979 4482 2166 4538 aetate,

515 4559 643 4612 quia
677 4560 794 4598 non
837 4552 1062 4616 oportet
1104 4552 1304 4618 gravia
1336 4554 1647 4623 sustinere,
1685 4564 1747 4614 ut
1774 4560 2008 4629 iisdem,
2048 4566 2174 4634 qui-

510 4629 623 4685 bus
654 4648 853 4699 senex,
882 4636 1120 4691 coronis
1152 4638 1371 4707 dignus
1403 4642 1671 4700 habear?
1700 4649 1824 4702 Non
1858 4665 1999 4719 ergo
2042 4629 2172 4723 per-

507 4720 803 4786 suadebis,
836 4738 953 4779 non
1009 4728 1402 4796 expugnabis,
1440 4746 1558 4786 non
1588 4748 1697 4790 nos
1723 4740 1799 4791 ab
1832 4737 1945 4793 hac
1978 4720 2169 4797 abdu-

506 4818 600 4857 ces
627 4805 1038 4863 confessione:
1097 4827 1211 4865 non
1264 4828 1367 4883 per
1424 4830 1594 4873 sacra
1649 4821 1791 4875 mihi
1847 4828 1902 4879 et
1958 4826 2162 4885 divina

507 4890 695 4959 signa,
731 4895 942 4965 quibus
973 4913 1084 4967 ego
1109 4899 1301 4954 factus
1332 4919 1462 4957 sum
1504 4908 1710 4963 certior
1766 4910 1839 4964 de
1902 4915 2159 4971 veritate.

504 4977 758 5037 Patriam
778 4985 937 5039 enim
961 4987 1186 5056 pudore
1209 4988 1528 5061 affecerim,
1562 4999 1619 5048 et
1637 5000 1859 5065 matris,
1890 5016 2021 5071 quae
2068 5020 2162 5059 me

504 5071 746 5135 peperit,
783 5074 1284 5148 pietatem,aqua
1339 5078 1398 5134 in
1439 5081 1509 5136 iis
1566 5099 1700 5155 quas
1754 5088 1830 5142 ad
1883 5092 2159 5161 pietatem

500 5156 807 5225 pertinent,
866 5162 1109 5230 pulchre
1151 5167 1312 5236 prius
1364 5168 1445 5223 fui
1498 5172 1852 5229 informatus
1883 5156 1964 5232 τοι
2021 5195 2157 5236 cum

498 5242 703 5309 quain
738 5249 967 5300 (etei-uis
1017 5253 1406 5312 tabernaculis
1465 5275 1718 5332 propero
1765 5267 2151 5336 requiescere.

496 5330 629 5423 llaec
648 5333 1155 5426 dixitl’aiitoleon,
1217 5351 1270 5400 et
1324 5330 1531 5417 paucis
1580 5330 1870 5421 ostendit,
1913 5330 2153 5426 qualem

491 5413 684 5470 virum
716 5418 1053 5477 offendisset
1085 5426 1133 5479 is
1157 5434 1259 5500 qui
1286 5413 1360 5489 de
1390 5442 1634 5510 sceptris
1654 5448 1712 5496 et
1736 5413 1951 5504 thrdné
1970 5460 2034 5503 se
2060 5413 2156 5518 ja:

2211 4340 2256 4395 D

2310 3048 2489 3117 στέρας
2554 3051 2643 3097 καὶ
2720 3047 2988 3122 ὀνειράτων
3042 3062 3376 3126 περιφρονῶν·
3446 3051 3598 3111 Μηδὲ
3653 3062 3899 3127 παραινέ-

2308 3150 2471 3197 σεσιν,
2515 3136 2628 3205 ἔφη,
2679 3134 2918 3206 βασιλεῦ,
2967 3142 3076 3190 οἴου
3120 3160 3182 3212 με
3221 3147 3438 3210 πείσειν,
3469 3149 3601 3215 μήτε
3638 3146 3898 3203 καταπλή-

2304 3219 2404 3280 ξειν
2453 3228 2567 3282 ταῖς
2611 3222 2855 3284 ἀπειλαῖς.
2900 3231 2961 3278 Τί
2990 3232 3090 3299 γὰρ
3117 3232 3148 3287 ἤ
3182 3238 3279 3280 τῶν
3311 3238 3402 3282 τοῦ
3439 3237 3641 3304 κόσμου
3697 3233 3895 3305 ἀγαθῶν

2303 3310 2535 3380 αἱρήσει,
2582 3312 2611 3368 ἦ
2669 3320 2766 3363 τῶν
2830 3314 3051 3388 φοϐερῶν
3111 3314 3375 3380 δεδίξεται
3432 3325 3518 3373 τὸν
3576 3322 3679 3393 οὐχ
3726 3322 3899 3385 ἁπλῶς

2303 3397 2524 3448 θανάτου
2580 3411 3020 3475 καταφρονοῦντα,
3072 3404 3200 3458 ἀλλά
3250 3413 3341 3467 καὶ
3392 3412 3648 3482 μακάριον
3712 3419 3895 3463 τοῦτον

2299 3490 2387 3537 καὶ
2418 3483 2665 3559 ἐράσμιον
2715 3488 2840 3542 εἶναι
2876 3489 2969 3544 διὰ
3008 3500 3237 3569 Χριστὸν
3290 3496 3657 3570 λογιζόμενονς
3699 3503 3789 3561 τάς
3840 3497 3899 3553 δε

2299 3572 2423 3647 ὑπὲρ
2482 3575 2641 3628 αὐτοῦ
2701 3577 2967 3649 βασάνους
3033 3592 3281 3637 τοσούτον
3335 3584 3521 3658 ἀπέχω
3579 3584 3897 3656 δεδοικέναι,

2298 3662 2432 3715 ὥστε
2476 3669 2565 3716 καὶ
2613 3667 2807 3737 ζημίαν
2863 3670 2922 3722 ού
2974 3675 3166 3745 μικρὰν
3215 3677 3441 3747 ἥγημαι,
3489 3676 3532 3728 εἰ
3582 3682 3653 3749 μὴ
3687 3678 3899 3741 πλείους

2298 3747 2390 3801 εἷεν
2444 3758 2532 3805 καὶ
2579 3756 2952 3826 χαλεπώταται
3011 3766 3100 3813 καὶ
3158 3767 3252 3820 τὴν
3308 3769 3425 3838 περὶ
3474 3768 3666 3827 ταύτας
3724 3767 3898 3839 φιλαν-

2300 3840 2526 3911 θρωπίαν
2570 3848 2747 3906 πάσης
2804 3849 3074 3920 ὠμότητος
3124 3854 3330 3924 τίθεμαι
3382 3852 3698 3929 βαρυτέραν·
3773 3855 3895 3929 ἀμέ-

2294 3925 2368 3978 λει
2422 3935 2510 3981 καὶ
2573 3930 2820 4005 ’Ἄνθιμον
2902 3942 2987 3989 τόν
3047 3939 3222 4006 καλὸν,
3296 3942 3400 4013 οὐχ
3456 3947 3520 4004 ὡς
3571 3948 3634 3996 σύ
3688 3946 3889 4013 ἄθλιον,

2295 4013 2420 4066 ἀλλά
2462 4024 2550 4069 xui
2592 4019 2796 4097 σφόδρα
2845 4029 3100 4100 μακάριον
3143 4026 3271 4081 εἶναι
3324 4036 3479 4103 κρίνω
3527 4038 3617 4084 καὶ
3656 4037 3743 4085 τόν
3790 4036 3892 4086 αύ-

2291 4112 2379 4155 τοῡ
2439 4109 2653 4161 θάνατον
2709 4112 2848 4174 ζωῆς
2905 4119 3213 4190 προτιθεμαι
3265 4121 3461 4185 πάσης.
3532 4124 3611 4173 ὅτι
3669 4128 3889 4196 τοιούτῳ

2290 4193 2415 4245 τέλει
2467 4200 2524 4248 τό
2574 4205 2754 4271 σεμνὸν
2806 4205 3067 4275 ἐκόσμησε
3116 4216 3284 4279 γῆρας
3324 4214 3411 4261 καὶ
3464 4209 3752 4269 λευκότητα
3797 4234 3890 4266 πο-

2289 4283 2398 4345 λιᾶς
2455 4289 2638 4359 αἵματι
2682 4290 2896 4363 ἐφοίνιξε
2952 4301 3265 4368 μαρτυρίου.
3325 4299 3385 4350 Εἰ
3441 4295 3500 4351 δὲ
3555 4298 3746 4364 ἐκεῖνος
3801 4305 3888 4355 ού-

2287 4392 2387 4435 τως
2443 4376 2645 4441 ἡλικίας
2711 4383 2868 4453 ἔχων,
2960 4386 3123 4447 οὕτως
3175 4386 3330 4458 ἐφάνη
3403 4395 3726 4463 καρτερικός,
3797 4391 3882 4463 ἐμὲ

2286 4465 2372 4513 τὸν
2422 4466 2642 4520 ἐνταῦθα
2686 4474 2915 4533 νεότητος
2969 4477 3110 4537 ὄντα,
3162 4483 3309 4527 ποῖον
3349 4476 3407 4528 ού
3458 4474 3541 4529 δεῖ
3587 4487 3686 4530 τῶν
3724 4480 3880 4551 χαλε-

2284 4561 2389 4603 πὼν
2448 4556 2757 4623 ὑποστῆναι,
2814 4561 2896 4611 ἵνα
2944 4570 3042 4613 τῶν
3097 4566 3225 4615 ἴσων
3265 4572 3336 4635 τῷ
3374 4570 3578 4640 γέροντι
3621 4571 3877 4640 στεφάνων

2282 4639 2522 4711 ἀξιωθώ;
2558 4645 2632 4696 Οὐ
2675 4650 2847 4698 τοίνυν
2913 4655 3131 4715 πείσεις,
3191 4652 3296 4724 οὐχ
3348 4656 3607 4727 αἱρήσεις,
3663 4657 3723 4708 ού
3781 4665 3873 4719 τῆς

2279 4732 2557 4803 ὁμολογίας
2609 4738 2801 4798 ταύτης
2859 4737 3130 4802 ἐκστήσεις
3178 4744 3335 4814 ἡμᾶς,
3396 4741 3636 4815 βασιλεῦ,
3689 4746 3745 4797 ού
3792 4748 3865 4816 μὰ

2276 4822 2342 4871 τά
2396 4823 2504 4894 ἱερά
2551 4842 2641 4895 μοι
2685 4830 2775 4877 καὶ
2831 4829 2941 4880 θεῖα
2989 4834 3273 4904 μαρτύρια,
3332 4832 3406 4892 οἷς
3462 4831 3561 4903 ἐγὼ
3616 4832 3859 4904 πεπληρο-

2276 4913 2507 4981 φόρημαι
2575 4915 2668 4969 τὴν
2740 4912 3000 4973 ἀληθειαν·
3082 4920 3448 4991 αἰσχυναίμην
3510 4923 3604 4993 γὰρ
3656 4921 3714 4970 ἄν
3769 4925 3862 4974 καὶ

2273 4995 2504 5070 πατρίδα
2554 5006 2642 5052 καὶ
2698 5010 2788 5061 τῆς
2832 5002 2917 5076 ἐμὲ
2972 5011 3227 5069 τεκούσης
3275 5013 3473 5083 μητρὸς
3520 5012 3572 5062 τό
3611 5008 3862 5081 φιλόθεον,

2270 5087 2391 5159 παρ’
2502 5108 2593 5160 μοι
2623 5092 2788 5155 καλῶς
2835 5099 2923 5146 καὶ
2954 5099 3017 5147 τὰ
3054 5106 3143 5158 τῆς
3173 5098 3435 5159 εὐσεϐείας
3484 5102 3863 5173 προσετυπὼθη

2268 5179 2357 5225 καὶ
2404 5177 2531 5252 ᾗπερ
2587 5179 2633 5231 ἐν
2699 5190 2912 5243 σκηναῖς
2963 5184 3187 5245 αἰωνίοις
3246 5190 3709 5240 συναναπαύεσθαι
3748 5208 3867 5241 κατ-

2268 5269 2556 5337 επείγομαι.
2610 5267 2742 5341 Ἔφη
2801 5279 2966 5324 ταῦτα
3016 5275 3041 5326 ό
3084 5275 3396 5340 Πωτολέων,
3447 5280 3535 5328 καὶ
3585 5272 3681 5328 διὰ
3733 5275 3869 5350 βρα·

2264 5359 2400 5424 χέων
2447 5355 2728 5425 ὑπέδειξεν,
2781 5364 2870 5432 οἰῳ
2921 5360 3323 5435 προσϐεϐληκὼς
3364 5363 3424 5425 ἦν
3465 5367 3489 5417 ό
3532 5372 3639 5426 τοῖς
3692 5370 3864 5423 σκήπ-

2262 5461 2405 5517 τροις
2431 5449 2520 5498 xui
2554 5455 2625 5499 τῶ
2669 5450 2830 5525 θρόνω
2865 5451 3375 5528 μεγαλαυχούμενος,
3421 5459 3510 5508 καὶ
3541 5455 3622 5508 ὃτι
3666 5452 3863 5513 ἐκεῖνον
