4144 6258
290 306 400 363 465
1497 299 1663 355 VlTA
1707 297 1810 352 SS.
1855 291 2460 364 PANTELEMONIIS.
3560 315 3663 371 466

286 435 496 486 πείσειν
549 427 768 490 ἐλπίσας
821 423 1021 498 δικτύῳ
1077 429 1321 502 θηράσειν
1379 431 1549 502 αὔρας
1602 426 1818 485 ἤλπισεν
1872 424 1902 482 ἣ

2027 425 2237 482 stabat.
2263 427 2666 496 Quamobrem
2695 451 2833 492 cum
2865 434 3132 501 nesciret,
3165 451 3430 509 quanam
3462 446 3663 510 posset

291 521 458 574 ἀστὸν
513 519 637 573 ἑλεῖν
693 516 742 570 ἓν
821 517 1045 589 νεφέλαις
1116 518 1546 589 ύπεριπτάμενον.
1604 516 1758 568 ’Ὅθεν
1815 519 1906 566 καὶ

2020 514 2241 570 ratione
2294 523 2670 589 persuadere,
2703 530 2975 595 expertus
3027 529 3114 580 est
3163 541 3268 596 per
3308 530 3605 584 tormenta
3645 545 3656 584 :

293 610 506 683 ἀπορῶν
557 614 648 660 τοῦ
705 608 919 672 πείθειν,
978 613 1158 679 πεῖραν
1216 606 1356 676 αύτῴ
1415 607 1612 664 καθῆκε
1664 608 1758 662 τὴν
1812 600 1906 655 διὰ

2027 603 2174 672 quod
2234 613 2360 663 erat
2424 613 2746 680 potestatis,
2809 629 2928 668 non
2984 617 3181 670 autem
3245 615 3553 686 sapientiae
3609 622 3663 674 et

289 708 398 752 τῶν
457 695 722 770 βασάνων,
774 694 799 746 6
849 702 939 755 τῆς
984 693 1225 756 ἐξουσίας
1272 691 1354 763 ἦν,
1408 694 1536 766 οὐχὶ
1584 702 1674 753 τῆς
1723 695 1908 762 σοφίας

774 694 799 746 6
849 702 939 755 τῆς
984 693 1225 756 ἐξουσίας
1272 691 1354 763 ἦν,
1408 694 1536 766 ούχὶ
1584 702 1674 753 τῆς
1723 695 1908 762 σοφίας
2017 691 2358 760 prudentiae.

294 793 389 841 xui
419 795 482 846 τῆ
495 806 516 847 ς
543 790 856 859 φρονήσεως.

369 876 468 930 ΙΖ’.
517 879 618 928 Καὶ
661 881 842 946 πρῶτα
882 873 972 944 μὶν
1005 871 1158 935 ξύλου
1207 870 1476 946 ἀπῆρτητο
1521 877 1610 925 καὶ
1660 867 1905 943 σιδηροῖς

2090 877 2242 930 XVII.
2294 882 2353 934 Et
2383 882 2644 951 primum
2700 885 2944 955 quidem
2997 885 3057 940 in
3107 885 3268 954 ligno
3300 885 3409 940 fuit
3438 901 3664 957 appen-

293 968 320 1019 6
367 968 565 1039 μάρτυς
611 962 752 1025 ὄνυξι
789 961 1072 1024 κατεξέετο·
1107 965 1233 1034 πρὸς
1265 958 1324 1014 δὲ
1365 968 1455 1014 καὶ
1483 957 1756 1032 λαμπάδες
1799 979 1894 1010 πυ-

2028 979 2144 1031 sus,
2186 973 2240 1020 et
2272 967 2469 1024 ferreis
2526 976 2750 1044 martyr
2803 972 3138 1028 laniabatur
3204 973 3463 1043 ungulis.
3521 978 3664 1030 Prae-

293 1059 384 1128 ρὸς
430 1061 544 1115 ταῖς
593 1051 753 1104 αὐτοῦ
807 1051 1052 1123 πλευραῖς
1099 1051 1421 1106 ὑπεκαίοντο.
1462 1051 1521 1102 Ὀ
1575 1047 1634 1103 δὲ
1675 1050 1732 1101 ού
1783 1056 1898 1109 ταῖς

2027 1056 2174 1109 terea
2201 1062 2398 1112 autem
2431 1059 2583 1128 ignis
2614 1076 2854 1132 quoque
2892 1061 3200 1130 lampades
3231 1061 3508 1116 lateribus
3537 1063 3663 1133 ejus

297 1143 526 1212 πληγαῖς
570 1145 659 1193 xui.
706 1147 822 1201 ταῖς
867 1142 1139 1205 καύσεσιν,
1174 1138 1300 1191 ἀλλὰ
1345 1148 1414 1210 τῷ
1465 1137 1732 1210 δυναμένῳ
1772 1136 1896 1209 βοη-

2024 1143 2498 1201 admovebantur.
2535 1147 2629 1203 Ille
2661 1164 2796 1202 vero
2836 1165 2950 1203 non
2992 1148 3186 1218 plagis
3217 1154 3269 1202 et
3313 1150 3660 1215 ustionibus,

300 1233 408 1283 θεῖν
437 1235 690 1301 προσεῖχε
736 1233 825 1280 καὶ
872 1232 929 1279 τό
972 1232 1114 1299 ὄμμα
1165 1231 1322 1302 αἴρων
1354 1228 1424 1289 εἰς
1467 1227 1704 1299 ούρανόν,
1739 1244 1902 1298 προσ-

2033 1231 2121 1284 sed
2177 1237 2230 1285 et
2282 1234 2384 1304 qui
2445 1239 2625 1304 potest
2696 1252 2870 1306 opem
2932 1237 3098 1300 ferre,
3187 1237 3546 1302 attendebat,
3613 1243 3669 1294 et

298 1322 497 1390 ηύχετο
543 1321 632 1368 καὶ
683 1313 777 1368 διὰ
817 1323 966 1368 τοῦτο
1014 1325 1185 1390 παρῆν
1225 1316 1376 1378 εὐθὺς
1425 1317 1450 1368 6
1500 1317 1776 1391 ῥυόμενος’
1808 1319 1896 1366 καὶ

2029 1318 2221 1373 oculos
2264 1320 2324 1374 in
2371 1322 2582 1376 coelum
2634 1323 2866 1389 tollens,
2917 1323 3145 1380 orabat.
3192 1328 3256 1380 Et
3307 1325 3439 1381 ideo
3479 1327 3665 1381 statim

296 1408 323 1458 6
377 1408 604 1474 Χριστὸς
659 1402 707 1455 ἐν
780 1411 1022 1476 σχήματι
1073 1403 1358 1477 Ἐρμολάου
1431 1405 1693 1476 ἐπιφανεὶς
1757 1404 1899 1473 αύτῷ

2031 1407 2210 1462 adfuit
2248 1409 2546 1475 liberator,
2581 1417 2635 1467 et
2674 1412 2934 1467 Christus
2988 1428 3288 1484 apparens
3346 1414 3406 1468 in
3458 1413 3667 1468 habitu

297 1503 390 1548 τοῦ
442 1493 759 1567 πρεσϐύτου,
815 1493 1126 1566 παρακαλῶν
1198 1491 1258 1552 ἧν
1321 1497 1454 1546 πάνυ
1529 1497 1756 1563 γνησίως
1811 1495 1904 1542 καὶ

2032 1496 2312 1552 Hermolai
2343 1498 2518 1564 senis,
2563 1515 2699 1554 eum
2731 1515 2866 1555 vere
2907 1515 2976 1555 ac
3006 1515 3284 1569 germane
3315 1501 3668 1558 consolaba-

306 1583 678 1654 ἀνακτώμενος·
733 1582 862 1652 Ἐγὼ
915 1585 1015 1657 γάρ
1067 1583 1171 1654 εἰμι
1216 1585 1348 1654 μετὰ
1397 1590 1512 1647 σοῦ,
1560 1583 1731 1652 ὥσπερ
1779 1584 1901 1652 πρό-

2021 1588 2110 1638 tur
2153 1591 2208 1639 et
2238 1586 2540 1642 recreabat
2580 1606 2592 1640 :
2629 1590 2748 1657 Ego
2797 1589 2954 1643 enim
2996 1605 3130 1643 sum
3162 1595 3374 1656 tecum,
3429 1589 3657 1656 dicens,

301 1692 444 1748 τερον
493 1674 584 1743 ἔφη
630 1679 734 1732 τοῖς
783 1670 1106 1736 ἀποστόλοις,
1145 1671 1192 1723 ἐν
1239 1678 1398 1724 πᾶσιν
1443 1673 1520 1732 οἷς
1567 1672 1794 1741 πάσχων
1829 1666 1901 1722 δι’

2022 1671 2075 1726 in
2119 1673 2414 1739 omnibus,
2469 1674 2528 1729 in
2583 1676 2808 1747 quibus
2863 1680 3108 1748 propter
3157 1693 3248 1732 me
3302 1678 3549 1749 patiens,
3607 1682 3658 1733 te

302 1762 391 1834 ἔμε
444 1769 739 1834 καρτερείς·
797 1766 885 1813 καὶ
936 1762 1015 1812 ὅτι
1069 1769 1262 1832 παρῆν,
1317 1760 1468 1832 ἐγγὺς
1520 1762 1549 1818 ἡ
1609 1757 1896 1821 ἀπόδειξις.

2024 1758 2238 1816 fortiter
2296 1764 2472 1831 geris.
2517 1764 2685 1829 Quod
2739 1769 2936 1820 autem
2995 1765 3249 1830 adesset,
3295 1781 3416 1821 non
3456 1765 3660 1838 procul

297 1858 442 1922 Ἀμα
488 1853 588 1924 γὰρ
639 1853 728 1901 καὶ
773 1851 828 1901 αἱ
869 1857 970 1900 τῶν
1020 1846 1226 1922 δημίων
1273 1857 1513 1922 παρεῖντο
1561 1857 1755 1920 χεῖρες,
1810 1852 1901 1900 καὶ

2025 1848 2200 1904 ibfuit
2231 1851 2524 1922 probatio.
2559 1855 2705 1907 Nam
2738 1853 2914 1908 simul
2941 1853 3147 1908 laxatae
3179 1853 3415 1909 fuerunt
3445 1870 3661 1909 manus

302 1941 358 1991 ui.
399 1934 686 2010 λαμπάδες,
718 1936 1034 2001 ἐσϐέννυντο,
1068 1943 1158 1990 καὶ
1193 1939 1218 1989 6
1265 1937 1509 2010 βασιλεὺς
1551 1943 1640 1990 καὶ
1689 1944 1779 1988 τού
1811 1955 1896 1988 κο-

2034 1938 2306 2008 ictorum,
2331 1941 2630 1996 exstinctae
2660 1957 2900 2012 quoque
2932 1946 3064 1998 sunt
3093 1942 3494 2012 lampades,et
3516 1959 3551 1997 a
3574 1958 3669 1998 ca-

299 2028 475 2088 λάξειν
519 2026 666 2080 πλέον
721 2025 988 2098 ἀπείχετο.
1026 2028 1226 2080 Κελεύει
1255 2035 1532 2099 τοιγαροῦν
1575 2027 1729 2078 αὐτὸν
1773 2045 1899 2076 κατ-

2033 2027 2288 2095 :tigando
2328 2028 2615 2084 abstinuit
2669 2030 3012 2100 imperator,
3051 2034 3108 2085 et
3147 2030 3325 2100 plane
3356 2029 3669 2086 dubitabat

299 2117 577 2186 ενεχθῆναι
631 2123 722 2166 τοῦ
771 2114 946 2180 ξύλου,
1002 2115 1095 2167 οὐκ
1151 2115 1298 2168 ἐλεῶν
1351 2115 1560 2188 μᾶλλον,
1613 2113 1716 2166 ἀλλ’
1775 2116 1799 2166 6
1851 2133 1902 2165 τι

2031 2117 2158 2190 {uid
2190 2123 2407 2187 ageret.
2435 2117 2611 2172 Jubet
2640 2133 2777 2188 ergo
2809 2134 2943 2172 eum
2975 2119 3201 2173 demitti
3231 2118 3306 2172 de
3331 2117 3522 2186 ligno,
3546 2134 3667 2173 non

294 2203 548 2276 πράξοιτο
603 2198 868 2276 διαπορῶν
902 2208 991 2255 καὶ
1050 2211 1141 2255 τοῦ
1195 2204 1424 2266 πλείονος
1465 2210 1583 2276 τόγε
1629 2211 1753 2274 γοῦν
1803 2205 1902 2254 ὑπὸ

2026 2205 2174 2277 ιι]οᾱ
2209 2206 2602 2270 misereretur,
2637 2206 2740 2260 sed
2773 2206 2968 2276 potius
2993 2206 3156 2278 quod
3190 2206 3366 2276 plane
3397 2206 3662 2272 nesciret,

293 2301 390 2351 τῆς
445 2292 550 2342 ἄνω
603 2294 789 2364 χειρὸς
845 2291 1154 2363 εἰργόμενος.
1218 2290 1341 2344 Εἶτα
1393 2297 1672 2365 προσεχὼν
1736 2291 1898 2361 αύτῷ,

2031 2294 2159 2366 {uid
2212 2298 2425 2363 ageret.
2459 2294 2685 2349 Deinde
2722 2293 2968 2365 propius
2999 2295 3292 2350 accedens
3329 2311 3340 2348 :
3379 2296 3667 2359 Quasnam

291 2384 388 2440 Τίς
449 2381 476 2437 ἡ
526 2382 684 2450 τέχνη
741 2380 872 2437 αὕτη
927 2388 1018 2440 τῆς
1068 2385 1324 2450 γοητείας,
1382 2381 1536 2451 ὓεγε,
1601 2380 1901 2447 Παντόλεον,

2032 2388 2123 2448 2st,
2176 2382 2383 2453 inquit,
2419 2398 2454 2437 ο
2494 2381 2836 2448 Pantoleon,
2879 2398 2974 2437 ars
3024 2382 3476 2452 praestigiarum,
3533 2397 3668 2454 quae

294 2470 332 2526 ἣ
367 2486 450 2519 σοι
491 2472 579 2518 xui.
617 2470 710 2528 τὰς
749 2464 1028 2538 λαμπάδας
1071 2467 1251 2520 ἔσϐεσε
1295 2473 1384 2519 καὶ
1416 2472 1534 2528 τούς
1579 2464 1902 2540 δορυφόρους

2037 2471 2116 2525 ibi
2147 2471 2424 2526 exstinxit
2454 2469 2790 2542 lampades,
2819 2475 2874 2525 et
2899 2469 3245 2525 satellitibus
3269 2469 3420 2524 vires
3446 2469 3669 2539 etvigo-

292 2556 351 2607 ἐν
396 2554 574 2627 ἀτονία
619 2560 976 2625 κατέστησεν,
1007 2555 1066 2608 Ὀ
1108 2553 1202 2608 δέ’
1234 2555 1294 2608 Ἠ
1345 2555 1465 2627 ἐμῆ,
1511 2559 1626 2627 ἔφη,
1659 2560 1895 2627 γοητεία,

2032 2575 2137 2614 ’θω
2180 2559 2418 2613 abstulit
2464 2560 2491 2613 ?
2534 2559 2630 2613 Ille
2665 2564 2886 2622 autem,
2921 2560 3070 2621 Mere,
3103 2558 3313 2628 inquit,
3361 2558 3668 2628 praestigias

291 2649 523 2717 Χριστός
566 2642 729 2712 ἔστιν,
760 2645 811 2705 ὃς
853 2649 942 2696 καὶ
987 2649 1310 2716 παρίσταταί
1354 2664 1444 2708 μοι
1487 2652 1655 2696 ταῦτα
1706 2641 1905 2715 διενερ-

2033 2652 2101 2702 ast
2133 2647 2414 2710 Christus,
2443 2646 2543 2717 qui
2570 2646 2745 2701 etiam
2777 2645 2942 2700 adest
2974 2645 3116 2700 mihi
3146 2645 3274 2700 haec
3305 2661 3584 2716 operans.
3613 2644 3669 2700 Si

284 2741 420 2804 γῶν.
469 2732 529 2785 Εἰ
583 2729 670 2784 οὖν
727 2736 985 2803 μείζονας,
1041 2735 1066 2784 6
1124 2732 1372 2805 βασιλεὺς
1431 2730 1582 2795 εἶπεν,
1640 2732 1893 2804 ἐπάξομα⁶

2035 2751 2172 2806 ergo,
2214 2734 2424 2805 inquit,
2459 2735 2689 2804 majora
2717 2734 2821 2788 tibi
2852 2739 3144 2790 tormenta
3177 2732 3465 2804 inﬂigam,
3497 2732 3671 2804 quid-

285 2823 392 2882 τὰς
457 2820 744 2893 βασάνους,
799 2825 850 2872 τί
900 2839 1027 2872 ποτε
1088 2817 1342 2892 δράσεις;
1376 2825 1440 2872 Τί
1482 2820 1623 2884 ἄλλο,
1676 2825 1831 2889 φησὶν
1877 2821 1902 2871 6

2031 2841 2152 2879 1am
2194 2823 2374 2878 facies
2400 2822 2428 2876 ?
2457 2823 2609 2888 Quid
2632 2823 2813 2889 aliud,
2845 2823 3038 2894 inquit
3067 2827 3310 2893 martyr,
3342 2838 3528 2894 quam
3549 2822 3667 2892 ipse

289 2912 523 2982 μάρτυς,
575 2909 604 2965 ἣ
658 2913 748 2959 καὶ
796 2907 952 2967 αύτός
994 2908 1242 2977 μειζόνων
1294 2906 1578 2958 ἀπολαύσω
1625 2914 1723 2956 τῶν
1770 2905 1906 2955 ἀντι-

2033 2927 2258 2982 Ῑιιοιιυθ
2286 2912 2542 2980 majores
2573 2927 2908 2982 consequar
2934 2927 3056 2966 rem
3068 2911 3442 2966 unerationes
3461 2913 3484 2963 .9
3503 2909 3669 2964 Audi-

286 2996 543 3066 λήψεωνι
589 2993 810 3047 ’Ἡκουεν
859 2997 887 3052 ἠ
951 2997 1178 3067 πονηρία
1227 2999 1314 3046 καὶ
1372 3003 1551 3068 πεῖραν
1605 2992 1900 3062 ἐπήγαγεν·

2030 2999 2100 3052 vit
2178 2999 2549 3069 improbitas,
2625 3005 2680 3055 et
2719 2999 2906 3054 voluit
2967 2999 3239 3069 experiri.
3275 3001 3476 3069 Neque
3507 2998 3666 3052 enim

290 3087 419 3136 οὔτε
473 3085 573 3155 γὰρ
633 3085 896 3134 πιστεύειν
953 3080 1074 3155 ᾔδει
1155 3090 1259 3142 τοῖς
1331 3081 1570 3152 ἀγαθοῖς,
1630 3083 1745 3133 οὔτε
1802 3088 1901 3131 τῶν

2027 3086 2192 3140 bonis
2226 3092 2472 3140 noverat
2509 3088 2768 3151 credere,
2802 3101 2994 3157 neque
3031 3085 3368 3141 abstinebat
3397 3102 3430 3140 a
3471 3085 3663 3140 malis.

291 3170 638 3244 βλαπτόντων
694 3170 960 3243 ἀπείχετο.
1015 3171 1268 3224 Ἐκέλευεν
1335 3167 1422 3222 οὖν
1487 3169 1677 3228 λέϐητα
1750 3166 1903 3226 σιδη-

2033 3174 2186 3228 'ussit
2237 3189 2378 3241 ergo
2430 3173 2622 3228 aﬂ‘erri
2688 3174 2941 3228 lebetem
2998 3173 3279 3238 ferreum,
3332 3174 3425 3228 cui
3483 3175 3669 3231 inerat

283 3267 440 3334 ροῡν,
577 3256 828 3330 μόλιϐδος
877 3262 1012 3325 ἐνῆν,
1065 3261 1430 3333 παραχθῆναι,
1479 3263 1607 3332 πυρί
1650 3277 1703 3310 τε
1749 3258 1900 3308 αὐτόν

2033 3261 2355 3329 )Iumbum,
2405 3262 2720 3332 ipsumque
2752 3263 2886 3328 igne
2918 3261 3144 3315 inferne
3175 3261 3476 3328 succendi,
3517 3267 3571 3315 et
3608 3262 3669 3316 in

284 3350 522 3400 κάτωθεν
571 3349 918 3400 ύποκαίεσθαι
962 3353 1050 3401 καὶ
1095 3351 1258 3418 τούτῳ
1307 3351 1394 3399 τόν
1436 3347 1662 3404 ἀθλητὴν
1712 3345 1900 3417 ἐμϐλη-

2033 3366 2147 3404 tum
2201 3349 2483 3405 athletam
2535 3349 2710 3420 injici.
2761 3349 3076 3420 Postquam
3130 3353 3328 3403 autem
3360 3348 3669 3417 diligenter

293 3438 478 3494 θῆναι.
537 3437 678 3490 Ἐπεὶ
729 3433 787 3489 δὲ
845 3433 1050 3509 σπουδῇ
1114 3440 1172 3488 τό
1225 3437 1490 3489 κελευσθὲν
1548 3437 1746 3502 ἠνύετο,
1807 3435 1903 3486 ἀπ-

2033 3440 2233 3493 actum
2291 3444 2395 3507 est,
2446 3437 2608 3509 quod
2661 3437 2898 3508 jussum
2940 3435 3145 3500 fuerat,
3180 3451 3316 3490 cum
3355 3437 3669 3492 duceretur

293 3530 551 3597 αγὸμενος
596 3529 729 3598 πρὸς
773 3531 866 3584 τὴν
908 3531 1164 3599 τιμωρίαν
1197 3527 1222 3577 6
1275 3528 1496 3599 μάρτυς,
1539 3529 1632 3582 τὴν
1685 3543 1904 3596 προσευ-

2028 3530 2233 3597 nartyr
2262 3527 2331 3580 ad
2378 3525 2756 3596 supplicium,
2787 3540 2990 3578 rursus
3021 3524 3351 3578 orationem
3385 3528 3664 3595 tanquam

283 3619 400 3686 χὴν
445 3614 597 3666 πάλιν
648 3616 716 3674 ὧς
766 3633 817 3665 τι
864 3614 1174 3688 σϐεστήριον
1221 3620 1310 3666 καὶ
1353 3613 1681 3686 παράκλησιν
1724 3615 1905 3672 ἱκανῶς

2027 3615 2089 3670 id
2111 3614 2610 3684 exstinguendum
2633 3617 3064 3684 comparatam,
3088 3617 3147 3666 et
3172 3612 3663 3684 consolationem,

288 3701 524 3772 αναχύψ
548 3721 618 3754 ειν
672 3703 828 3753 αὐτὸν
892 3699 1202 3775 δυναμένην,
1263 3701 1512 3773 λαμϐάνει
1580 3708 1651 3770 τῷ
1707 3705 1907 3772 στόματ

2031 3719 2150 3775 [uas
2199 3702 2340 3756 satis
2382 3701 2570 3772 possit
2617 3717 2755 3755 eum
2796 3700 3156 3769 refrigerare,
3195 3701 3376 3755 sumit
3428 3701 3487 3754 in
3544 3716 3667 3765 ore,

287 3795 388 3842 xui.
444 3793 641 3847 ταύτην
694 3799 786 3842 τοῦ
845 3787 1013 3842 δεινὸν
1073 3789 1402 3850 ἀπειλοῦντος
1475 3788 1664 3841 ἐκείνου
1712 3785 1908 3861 κατῆδι

2029 3796 2070 3847 at
2121 3807 2252 3847 eam
2303 3791 2360 3845 in
2408 3788 2648 3844 terribili
2704 3789 2806 3845 illo
2857 3788 3068 3844 cecinit
3117 3787 3347 3844 lebete:
3400 3788 3665 3860 Exaudi,

288 3878 538 3940 λέϐητος·
608 3879 951 3950 Εἰσάκουσον,
1013 3881 1038 3930 ό
1098 3882 1246 3944 Θεὸς,
1308 3887 1477 3951 φωνῆς
1553 3899 1674 3951 μου,
1731 3877 1908 3949 λέγωνε

2033 3883 2190 3944 Deus,
2225 3894 2415 3935 vocem
2440 3893 2643 3943 meam,
2677 3876 2901 3942 dicens,
2933 3876 3073 3931 dum
3102 3892 3205 3932 oro
3233 3877 3313 3932 ad
3341 3884 3393 3933 te
3421 3893 3433 3931 :
3461 3878 3669 3935 timore

287 3967 340 4020 ἐν
421 3975 492 4037 τῷ
567 3963 777 4020 δέεσθαί
844 3987 908 4038 με
979 3971 1104 4043 πρός
1177 3971 1253 4035 σε,
1309 3965 1410 4019 ἀπὸ
1479 3968 1636 4040 φόϐου
1688 3966 1903 4040 ἐχθροῦ,

2032 3968 2241 4024 ’m'mici
2271 3967 2454 4021 libera
2487 3965 2749 4020 animam
2787 3979 2997 4020 meam.
3033 3965 3284 4033 Protege
3332 3979 3423 4020 me
3453 3980 3489 4020 a
3531 3980 3668 4021 con-

297 4056 478 4119 ἐξελοῡ
545 4062 643 4107 τών
722 4057 902 4128 ψυχήν
980 4077 1102 4129 μου.
1163 4062 1423 4111 Σκέπασόν
1505 4078 1566 4129 με
1641 4057 1740 4109 ἀπὸ
1817 4076 1905 4108 συ-

2033 4065 2186 4112 ›εηιιι
2208 4057 2690 4124 malignantium,
2713 4069 2747 4108 a
2771 4052 3152 4107 multitudine
3173 4055 3544 4120 operantium
3560 4053 3669 4108 ini-

301 4152 540 4219 στροφῆς
638 4150 1072 4217 πονηρευομένων,
1171 4145 1269 4198 ἀπὸ
1375 4146 1602 4206 πλήθους
1697 4145 1906 4216 ἐργαζο-

2029 4145 2344 4214 ῖιιίιαιεηιδ.
2390 4142 2478 4194 Sic
2519 4143 2728 4203 oravit,
2781 4144 2835 4192 et
2882 4153 3090 4192 rursus
3137 4138 3197 4191 in
3245 4137 3439 4193 forma
3481 4140 3665 4194 sancti

302 4237 473 4304 μένων
535 4229 770 4286 ἀδικίαν.
835 4235 1007 4294 Ούτως
1080 4234 1294 4299 ηὔξατο,
1340 4239 1428 4285 xui.
1481 4231 1632 4293 αὖθις
1678 4232 1724 4282 ἐν
1779 4229 1906 4282 εἴδει

2032 4229 2174 4284 senis
2222 4225 2512 4282 Hermolai
2555 4226 2815 4281 Christus
2873 4225 2949 4278 ab
2988 4240 3058 4278 eo
3112 4224 3273 4278 visus
3301 4231 3387 4280 est
3415 4230 3468 4280 et
3510 4226 3668 4282 lebe-

297 4329 396 4374 τοῦ
453 4323 588 4394 ἱερου
639 4326 876 4394 γέροντος
925 4321 1210 4395 Ἑρμολάου
1268 4323 1292 4372 ὃ
1352 4326 1576 4393 Χριστός
1626 4321 1761 4390 αύτῴ
1814 4340 1904 4372 xu-

2029 4333 2130 4372 ;em
2178 4332 2296 4370 una
2347 4330 2479 4368 cum
2520 4328 2590 4367 eo
2621 4317 2708 4366 est
2750 4311 3074 4379 ingressus,
3117 4315 3170 4365 et
3209 4311 3365 4378 ignis
3397 4313 3665 4382 protinus

301 4414 530 4482 θωράτο,
565 4417 636 4478 τῷ
664 4410 842 4465 λέϐητί
890 4429 944 4460 τε
979 4413 1070 4460 σὺν
1119 4410 1258 4478 αὐτῷ
1303 4406 1552 4479 ἐγκατέδυ
1596 4415 1684 4460 xui.
1713 4414 1770 4460 τό
1803 4418 1901 4480 πύρ
1932 4428 1937 4487 ς

2029 4412 2099 4462 ast
2120 4404 2462 4466 exstinctus,
2495 4406 2552 4456 et
2577 4399 2892 4472 plumbum
2926 4398 2982 4452 in
3015 4399 3347 4453 naturalem
3370 4405 3665 4457 mutatum

297 4496 492 4555 εύθέως
522 4495 886 4564 ἀπεσϐέννυτο,
917 4502 1006 4548 καὶ
1053 4499 1078 4547 ό
1124 4493 1373 4569 μόλιϐδος
1426 4496 1495 4559 εἰς
1544 4503 1635 4555 τὴν
1679 4504 1903 4569 φυσικὴν

2029 4499 2103 4550 est
2141 4490 2540 4561 frigiditatem.
2583 4490 2646 4542 Et
2682 4503 2886 4541 rursus
2918 4487 3127 4552 oratio,
3170 4493 3224 4541 et
3262 4487 3523 4557 psalmus
3563 4504 3665 4560 op-

299 4583 630 4654 ψυχρότητα
689 4584 1036 4656 μετεϐάλλετο.
1091 4590 1188 4637 Καὶ
1234 4586 1387 4638 πάλιν
1440 4586 1572 4656 εύχὴ
1625 4587 1765 4658 αύτῷ
1817 4593 1905 4639 καὶ

2028 4587 2265 4654 portune
2288 4578 2365 4634 ab
2395 4594 2464 4632 eo
2497 4576 2824 4631 cauebatur
2852 4594 2864 4632 :
2897 4575 3026 4644 Ego
3057 4576 3138 4630 ad
3173 4577 3356 4631 Deum
3383 4577 3664 4633 clamavi-

298 4672 511 4743 ψαλμός
561 4676 693 4726 κατὰ
750 4677 930 4746 καιρόν
985 4671 1180 4747 ᾔδετο·
1243 4675 1374 4746 Ἐγὼ
1447 4679 1577 4747 πρὸς
1633 4680 1717 4728 τὸν
1777 4680 1904 4730 Θεὸν

2029 4677 2066 4726 2t
2098 4668 2364 4724 Dominus
2381 4664 2677 4722 exaudivit
2715 4679 2823 4719 me.
2869 4664 3112 4728 Vespere
3141 4669 3192 4718 et
3227 4679 3400 4719 mane
3427 4665 3665 4720 etmeri-

298 4760 578 4834 ἐκέκραξα,
633 4767 724 4814 xui.
802 4765 826 4814 6
908 4766 1096 4836 Κύριος
1177 4764 1479 4823 εἰσήκουσέν
1544 4784 1666 4836 μου.
1724 4765 1908 4818 Ἑσπέ-

2027 4759 2109 4815 tie
2132 4755 2395 4812 narrabo
2426 4759 2478 4811 et
2511 4751 2902 4816 annuntiabo,
2929 4755 2983 4805 et
3007 4751 3276 4806 exaudiet
3299 4752 3663 4820 deprecatio-

297 4871 395 4926 ρας
470 4856 561 4903 καὶ
637 4855 773 4926 πρωὶ
852 4858 941 4904 καὶ
1020 4858 1342 4925 μεσημερίας
1416 4851 1747 4925 διηγήσομαι
1817 4860 1907 4908 καὶ
2018 4861 2149 4903 nem
2181 4859 2367 4901 meam
2396 4843 2439 4897 ⁸.

300 4939 604 5011 ἀπαγγελῶ,
639 4946 728 4992 καὶ
759 4941 1126 4994 εἰσακούσεται
1157 4951 1252 5004 τῆς
1279 4950 1444 5014 φωνῆς
1471 4963 1594 5014 μου.

376 5028 484 5082 111’.
548 5031 658 5083 Τῶν
727 5034 816 5101 μὲν
899 5035 1163 5102 παρόντων
1237 5036 1355 5091 τοὺς
1422 5031 1606 5093 ἄλλους
1676 5033 1907 5094 ἅπαντας

2093 5031 2272 5085 XVIII.
2315 5031 2539 5097 Ataque
2571 5039 2642 5078 ex
2671 5023 2738 5078 iis
2777 5021 3041 5094 quidem,
3074 5021 3174 5092 qui
3206 5020 3472 5087 aderant,
3505 5021 3657 5078 alios

307 5117 556 5179 ἔκπληξις
609 5115 758 5189 εἶχε·
793 5123 945 5190 μόνος
1000 5115 1057 5171 δὲ
1104 5121 1129 5170 6
1179 5118 1425 5190 βασιλεὺς
1473 5123 1572 5173 ὑπὸ
1617 5130 1706 5182 τῆς
1749 5121 1907 5183 αὐτῆς

2024 5133 2228 5176 omnes
2265 5115 2417 5186 cepit
2453 5113 2772 5168 admiratio
2826 5109 3030 5164 :solus
3084 5113 3281 5164 autem
3339 5109 3660 5180 imperator

306 5208 502 5266 πλάνης
552 5207 787 5279 ἰσχυρῶς
835 5210 1025 5278 εἴχετο,
1067 5212 1158 5258 καὶ
1203 5216 1356 5260 τοῦτο
1406 5205 1466 5266 ἧν
1520 5206 1614 5261 διὰ
1645 5219 1905 5282 μεριμνῶν

2021 5207 2213 5264 valide
2244 5205 2302 5260 in
2322 5219 2432 5260 suo
2458 5201 2626 5256 hzesit
2655 5213 2844 5252 errore
2874 5213 2886 5250 :
2917 5197 3021 5268 qui
3051 5197 3214 5268 apud
3246 5212 3309 5252 se
3335 5198 3656 5269 cogitabat,

305 5301 434 5368 ποίᾳ
465 5295 677 5347 κολάσει
723 5299 809 5347 τόν
849 5303 939 5347 τοῦ
985 5305 1220 5368 Χριστοῦ
1263 5299 1502 5370 μάρτυρα
1551 5305 1907 5371 τιμωρησαιτ,

2024 5311 2285 5369 quonam
2348 5289 2634 5362 supplicio
2693 5285 2896 5342 Christi
2947 5285 3179 5355 puniret
3228 5291 3571 5358 martyrem,
3605 5293 3660 5346 οι

307 5388 398 5436 καὶ
456 5384 486 5442 ἢ
565 5385 881 5454 μεταθέσθαι
959 5392 1056 5447 τῆς
1111 5383 1373 5446 εὐσεϐείας
1428 5391 1595 5439 πείσει
1643 5389 1672 5446 ἢ
1743 5397 1914 5441 κακῶο

2030 5389 2132 5442 aut
2155 5399 2292 5439 eum
2322 5397 2356 5437 a
2389 5379 2601 5453 pietate
2631 5373 2980 5442 traduceret,
3003 5377 3107 5429 aut
3136 5373 3290 5429 male
3321 5375 3435 5431 vita
3459 5376 3655 5448 priva-

384 5559 404 5594 ⁵
449 5556 603 5613 Psal.
653 5573 795 5620 ixni,
828 5561 880 5623 2,
924 5561 977 5615 3.
1053 5561 1074 5596 ⁸
1112 5557 1263 5617 Psal.
1299 5574 1406 5626 uv,
1441 5561 1529 5631 17,
1560 5561 1627 5618 18
