4144 6258
539 324 642 378 467

1955 307 2209 367 MENSIS
2244 288 2513 364 ’JULIUS.

3815 299 3949 354 468

541 453 648 506 ret.
694 446 839 503 Cum
893 447 1093 502 autem
1146 441 1540 508 consulerent,
1572 440 1676 513 qui
1724 438 1989 503 aderant,
2026 440 2090 492 ut
2127 434 2188 490 in

2316 440 2389 485 τοῦ
2444 438 2536 505 ζῇν
2586 431 2883 494 ἀπαλλάξει.
2944 428 3088 481 Ἐπεὶ
3142 425 3202 481 δὲ
3260 425 3628 481 συνεϐούλευον
3677 427 3727 479 οἱ
3786 445 3949 499 παρ-

542 536 905 612 profundum
962 534 1141 589 maris
1168 534 1463 603 jaceretur
1504 535 1743 586 sanctus
1799 530 1965 597 (nam
2008 524 2188 580 etiam

544 632 678 699 post
734 625 1043 678 decessum
1097 620 1439 676 Christianis
1504 620 1632 689 ejus
1676 618 2010 673 invidebant
2064 612 2187 667 reli-

544 714 766 787 quias),
794 712 1042 766 audiens
1091 711 1407 780 imperator
1437 714 1523 763 est
1552 723 1892 780 persuasus,
1945 709 1999 758 et
2026 702 2194 773 jubet

547 801 970 875 gravissimum
1002 799 1264 869 lapidem
1298 798 1424 868 ejus
1467 797 1617 851 collo
1649 795 1899 863 alligari,
1935 797 1989 847 et
2018 793 2099 844 sic
2134 791 2193 843 in

548 907 714 947 mare
734 888 991 945 immitti.
1024 890 1187 942 Curae
1216 892 1414 942 autem
1442 886 1546 941 fuit
1565 885 1864 947 ministris,
1899 880 2089 937 utcito
2112 879 2193 941 id,

552 980 716 1052 quod
764 980 845 1033 eis
877 978 1235 1047 imperatum
1270 976 1477 1041 fuerat,
1526 977 1988 1045 exsequerentur
2022 991 2033 1034 ε
2079 970 2197 1022 Deo

552 1084 715 1133 vero,
767 1070 828 1121 ut
861 1081 1104 1120 manum
1152 1064 1433 1134 praeberet
1473 1063 1820 1133 adjutricem
1857 1060 1907 1114 ei
1938 1059 2039 1131 qui
2065 1072 2198 1129 pro-

556 1156 889 1227 pteripsum
918 1153 1272 1223 patiebatur.
1302 1151 1470 1215 Quod
1500 1150 1743 1221 quidem
1768 1152 1944 1203 etiam
1980 1148 2198 1201 factum

554 1244 755 1299 videre
777 1241 955 1296 licuit.
990 1243 1133 1295 Nam
1162 1238 1242 1293 illi
1282 1238 1525 1309 quidem
1553 1253 1688 1291 cum
1716 1237 1791 1290 ad
1822 1250 1982 1290 mare
2010 1232 2200 1288 venis-

558 1336 708 1393 sent,
741 1334 797 1385 et
835 1329 962 1399 ejus
1011 1327 1161 1383 collo
1186 1325 1449 1398 lapidem
1484 1324 1841 1393 alligassent,
1871 1324 1931 1377 in
1963 1321 2202 1393 profun-

558 1420 703 1475 dum
744 1417 1169 1474 transmittunt.
1213 1415 1474 1470 Christus
1513 1418 1709 1468 autem
1751 1428 1885 1467 cum
1918 1412 1977 1465 in
2006 1410 2201 1481 priore

560 1506 853 1562 Hermolai
905 1505 1097 1561 forma
1156 1520 1361 1559 rursus
1420 1502 1816 1574 apparuisset,
1871 1500 2081 1561 effecit,
2139 1502 2203 1552 ut

560 1595 709 1667 lapis
762 1595 1017 1665 quidem,
1060 1608 1181 1648 non
1234 1607 1399 1646 secus
1455 1595 1631 1662 atque
1694 1590 1900 1645 folium
1953 1587 2203 1653 arboris,

562 1685 710 1738 mari
764 1686 1173 1755 supernataret
1207 1699 1219 1735 :
1275 1680 1442 1736 illum
1481 1695 1643 1743 vero,
1686 1694 1798 1733 non
1832 1693 2001 1733 secus
2032 1682 2207 1747 atque

2299 527 2455 584 ὀντες,
2493 520 2639 593 βυθῷ
2692 521 2957 578 θαλάσσης
3002 514 3371 593 παραδοθῆναι
3413 520 3499 569 τὸν
3542 517 3689 587 ἅγιον
3736 515 3945 587 (ἐφθό-

2299 631 2414 662 νουν
2468 614 2569 684 γὰρ
2623 615 2710 661 καὶ
2756 612 2886 681 μετὰ
2934 609 3070 667 τέλος
3120 616 3217 660 τῶν
3266 608 3426 658 αὐτοῦ
3478 606 3730 677 λειψάνων
3782 611 3939 679 Χρι-

2304 701 2574 765 στιανοῖς),
2634 698 2832 750 ἀκούων
2892 699 2915 749 6
2969 696 3215 768 βασιλεὺς
3275 696 3538 747 ἐπείθετο·
3574 699 3663 746 καὶ
3716 695 3935 747 κελεύει

2301 787 2441 837 λίθον
2485 789 2564 839 ὅτι
2618 787 2910 860 βαρύτατον
2959 793 3049 837 τοῦ
3089 785 3362 858 τραχήλου
3418 784 3579 836 αὐτοῦ
3626 780 3934 842 ἐκδεθῆναι

2303 882 2392 928 καὶ
2436 878 2599 938 οὕτως
2649 887 2720 948 τῷ
2770 878 2980 946 πελάγει
3037 874 3360 946 ἐναφεθῆναι.
3404 874 3613 946 ’Ἐμελεν
3662 872 3752 926 οὖν
3803 883 3931 935 τοῖς

2306 968 2625 1040 ὑπηρετοῦσι
2678 970 2767 1038 μὲν
2816 968 3004 1037 τάχιον
3059 965 3391 1037 ἐκπληρῶσαι
3438 968 3496 1015 τό
3546 966 3926 1037 προσταχθὲν,

2307 1061 2377 1123 τῷ
2429 1052 2487 1106 δὲ
2535 1063 2647 1124 Θεῷ
2696 1054 2966 1126 βοηθῆσαι
3008 1062 3077 1124 τῷ
3125 1052 3197 1105 δι’
3248 1054 3402 1105 αὑτὸν
3449 1056 3739 1124 πάσχοντι,
3788 1055 3927 1125 ὅπερ

2310 1139 2378 1199 δὴ
2431 1147 2519 1194 καὶ
2570 1149 2835 1214 γενόμενον
2889 1140 2949 1201 ἧν
3002 1145 3144 1215 ὁρᾷν.
3193 1145 3259 1194 Οἱ
3308 1146 3397 1214 μὲν
3444 1145 3545 1215 γὰρ
3594 1147 3929 1215 προσωτέρω

2312 1230 2581 1291 θαλάσσης
2638 1230 2884 1295 ἐλθόντες,
2945 1232 3099 1284 αὑτὸν
3185 1231 3390 1304 ἀφιᾶσι,
3448 1235 3532 1283 τὸν
3600 1230 3742 1283 λίθον
3801 1230 3931 1293 ἐξοί-

2308 1320 2496 1388 ψαντες
2544 1327 2635 1371 τοῦ
2687 1320 2979 1393 τραχήλου.
3036 1320 3095 1373 Ὀ
3151 1318 3210 1372 δε
3269 1323 3497 1392 Χριστός
3685 1324 3931 1393 προτέρᾳ

2311 1416 2480 1480 μορφῇ
2540 1408 2693 1460 πάλιν
2761 1408 3040 1481 Ἐρμολάου
3121 1408 3398 1481 ἐπιφανεὶς,
3457 1412 3542 1461 τὸν
3612 1412 3701 1480 μὲν
3776 1409 3927 1461 λίθον

2315 1497 2406 1548 ἶσα
2451 1494 2518 1555 δὴ
2565 1501 2653 1549 καὶ
2698 1497 2866 1569 φύλλῳ
2913 1506 2975 1569 τῇ
3028 1497 3265 1569 θαλάσση
3317 1497 3542 1550 ἐπιπλεῖν
3589 1501 3927 1572 παρεσκεύα-

2318 1604 2421 1649 σεν,
2483 1584 2668 1637 ἐκεῖνον
2725 1582 2784 1638 δὲ
2850 1595 3205 1661 χειραγωγῶν,
3266 1587 3350 1639 οἷα
3418 1592 3507 1638 καὶ
3576 1590 3770 1659 Πέτρον
3830 1591 3925 1639 τὸν

2316 1679 2476 1745 μέγαν
2554 1679 2801 1748 πρότερον
2870 1676 3101 1735 πεζεύειν
3184 1675 3342 1727 ἐποίει
3415 1679 3546 1727 κατὰ
3623 1678 3922 1747 κυμάτων·

562 1787 850 1840 magnum
922 1772 1086 1841 prius
1151 1773 1405 1834 Petrum,
1462 1785 1645 1823 manu
1697 1767 2020 1831 deducens,
2077 1765 2207 1819 fecit

2318 1763 2482 1823 αὐτὸς
2519 1766 2621 1836 γὰρ
2676 1765 2701 1814 6
2748 1764 3090 1837 λυτρούμενος
3136 1784 3187 1816 τε
3241 1769 3331 1817 καὶ
3392 1768 3571 1827 σώζων
3625 1765 3781 1825 αὐτὸς
3832 1763 3923 1833 ἦν,

560 1860 810 1931 pedibus
853 1860 1163 1914 ambulare
1218 1872 1395 1928 super
1431 1856 1666 1911 ﬂuctus.
1707 1857 1836 1926 Ipse
1872 1855 2052 1917 enim,
2107 1853 2210 1924 qui

560 1946 1258 2012 redimebatetservabat,
1287 1946 1412 2016 ipse
1439 1950 1583 2013 erat,
1611 1945 1783 2015 cujus
1814 1946 1872 1999 in
1899 1944 2047 1998 mari
2075 1943 2205 2007 viae,

564 2044 615 2092 et
653 2037 711 2091 in
745 2036 943 2091 multis
1001 2036 1172 2107 aquis
1203 2034 1427 2089 semitae
1486 2038 1541 2089 et
1578 2034 1843 2103 vestigia,
1884 2037 1946 2087 ut
1974 2031 2209 2086 divinus

562 2126 639 2181 ait
670 2124 852 2180 David
901 2126 942 2189 ⁷,
979 2139 1096 2178 non
1127 2126 1265 2178 sunt
1294 2123 1551 2192 cognita.
1586 2121 2031 2193 lngrediebatur
2069 2135 2210 2190 ergo

564 2212 887 2269 Pantoleon
940 2212 1035 2267 ille
1066 2211 1444 2278 admirabilis,
1478 2211 1672 2281 etjam
1723 2213 1846 2265 erat
1881 2209 1939 2263 in
1997 2208 2207 2273 littore,

561 2302 804 2357 laudem
855 2304 1177 2356 contexens
1208 2300 1261 2356 ei
1291 2299 1393 2371 qui
1428 2303 1781 2368 servaverat,
1832 2298 2077 2366 dignam
2107 2297 2210 2368 pia

562 2390 717 2445 illius
748 2388 967 2455 anima,
1010 2392 1065 2443 et
1105 2388 1284 2443 rebus
1332 2386 1808 2444 admirabilibus.
1852 2388 2038 2451 Quem
2070 2401 2207 2441 cum

564 2478 646 2533 sic
670 2476 914 2532 vidisset
945 2476 1176 2532 salvum
1221 2480 1434 2547 praeter
1465 2491 1635 2547 spem
1664 2475 1988 2546 imperator
2017 2492 2029 2529 :
2060 2474 2208 2540 Quid

560 2566 676 2621 hoc
706 2569 814 2631 est,
864 2564 1075 2637 inquit,
1122 2564 1466 2627 Pantoleon,
1500 2580 1661 2619 mare
1691 2579 1933 2635 quoque
1973 2563 2087 2617 tuis
2117 2580 2209 2617 su-

562 2653 1108 2727 perastipraestigiis
1134 2653 1270 2709 ?llle
1302 2658 1501 2708 autem
1532 2671 1544 2705 :
1577 2653 1761 2707 Etiam
1784 2667 1968 2715 mare,
1993 2652 2205 2723 inquit,

561 2743 720 2814 fecit,
761 2742 921 2815 quod
960 2744 1195 2814 jussum
1228 2745 1315 2797 est
1343 2757 1377 2798 a
1409 2742 1681 2798 Domino.
1715 2741 1776 2797 Ei
1807 2741 2023 2797 etenim
2055 2742 2209 2797 cedit

563 2847 729 2888 mare
751 2834 808 2887 et
836 2836 1007 2895 terra,
1029 2835 1084 2886 et
1101 2846 1476 2903 quascunque
1490 2835 1646 2900 sunt,
1667 2829 1717 2884 ei
1749 2830 1941 2899 magis
1967 2831 2204 2895 cedunt,

562 2936 747 2992 quam
800 2920 899 2976 tibi
951 2919 1313 2992 imperatori,
1348 2919 1453 2992 qui
1501 2934 1660 2976 nunc
1700 2917 1777 2974 ad
1830 2923 2065 2990 tempus
2094 2934 2209 2975 ser-

559 3008 748 3064 viunt.

638 3099 762 3152 XIX.
795 3096 884 3152 Ad
914 3096 1043 3153 haec
1082 3100 1397 3168 tyrannus,
1441 3097 1643 3153 volens
1670 3097 1866 3168 potius
1896 3096 2051 3153 male
2081 3112 2210 3167 per-

566 3186 840 3251 suadere,
901 3201 1088 3257 quam
1145 3186 1298 3241 bene
1360 3186 1705 3257 persuaderi
1760 3190 1816 3242 et
1855 3185 2207 3254 salutariter,

560 3274 725 3345 jubet
783 3290 962 3330 omne
1002 3289 1189 3343 genus
1220 3274 1375 3330 feras
1408 3275 1650 3346 produci
1682 3275 1967 3331 adversus
2018 3275 2209 3328 virum

565 3363 889 3433 egregium.
908 3364 1049 3428 Quen
1075 3379 1209 3417 cum
1230 3363 1498 3419 adducta:
1525 3370 1742 3430 essent,
1763 3369 1818 3419 et
1834 3363 2002 3418 illum
2025 3376 2210 3434 prope

566 3454 876 3517 statuisset,
906 3453 1122 3524 partim
1150 3452 1392 3525 quidem
1414 3454 1460 3508 ei
1494 3457 1720 3509 metum
1748 3454 2058 3519 incutiens,
2078 3469 2211 3525 par-

566 3539 667 3595 tim
701 3545 901 3595 autem
940 3540 1174 3609 ﬁngens
1219 3556 1279 3595 se
1311 3541 1535 3597 moveri
1575 3541 2005 3607 misericordia,
2049 3546 2104 3597 et
2151 3542 2209 3596 in

565 3644 808 3683 omnem
842 3644 902 3683 se
944 3633 1176 3698 partem
1216 3645 1484 3695 versans,
1526 3635 1588 3686 ut
1619 3632 2040 3701 persuaderet:
2090 3634 2207 3697 Hm,

566 3716 777 3788 inquit,
819 3731 855 3771 ο
886 3716 1209 3771 Pantoleon
1242 3718 1314 3787 (ei
1358 3717 1511 3773 feras
1554 3720 1912 3789 ostendens),
1943 3719 2208 3775 adductae

567 3809 704 3859 sunt
738 3807 978 3875 propter
1028 3808 1082 3859 te
1140 3809 1197 3858 et
1244 3808 1411 3859 tuum
1462 3806 1778 3861 interitum.
1838 3808 1893 3862 Si
1946 3808 2021 3862 tui
2070 3824 2211 3877 ergo

567 3891 689 3947 ulla
718 3891 971 3947 moveris
1024 3891 1422 3948 misericordia
1484 3894 1615 3965 (ego
1664 3895 1820 3950 enim
1870 3901 1981 3950 tua:
2011 3911 2213 3950 curam

570 3995 710 4049 gero
760 3979 961 4034 formae
1009 3984 1065 4035 et
1094 3979 1325 4052 mtatis),
1359 3980 1498 4036 velis
1542 3983 1909 4053 persuaderi,
1944 3988 2001 4038 et
2033 3983 2215 4039 videri

569 4085 697 4124 esse
762 4068 1022 4140 prudens
1063 4074 1119 4126 et
1170 4070 1471 4137 cordatus,
1515 4077 1573 4127 ut
1625 4088 1725 4142 qui
1780 4074 1973 4144 possis
2033 4076 2211 4128 vitam

569 4159 744 4213 morti
815 4158 1109 4229 praeferre,
1161 4158 1423 4215 laetitiam
1494 4159 1820 4227 doloribus,
1872 4162 2215 4231 ignominiae

504 4256 507 4259 ‘
569 4246 821 4316 gloriam
875 4250 933 4300 et
970 4247 1231 4302 delicias.
1281 4248 1381 4303 Cui
1433 4253 1668 4305 sanctus
1724 4267 1735 4304 :
1788 4251 1843 4306 Si
1891 4257 2214 4323 antequam

569 4350 762 4390 essem
791 4340 1066 4405 expertus
1118 4336 1238 4399 Dei,
1280 4353 1467 4407 quam
1508 4338 1619 4392 mei
1655 4340 1897 4409 suscipit
1928 4340 2215 4395 defensio-

569 4439 728 4487 nem,
770 4439 804 4478 a
831 4424 945 4478 tuis
970 4423 1166 4477 verbis
1191 4439 1311 4478 non
1344 4425 1509 4494 potui
1540 4427 1882 4494 persuaderi
1915 4448 1926 4485 :
1953 4444 2112 4482 nunc
2144 4430 2229 4483 εί

569 4526 690 4581 quo
706 4526 838 4563 sum
853 4513 1079 4564 tantum
1093 4514 1444 4564 consecutus
1458 4512 2215 4583 auxilium,persuadebor?

569 4600 681 4654 Cur
714 4612 807 4652 me
838 4597 1091 4652 ferarum
1134 4598 1473 4654 crudelitate
1514 4602 2212 4675 perterrefacerequaeris,

571 4704 602 4741 o
632 4686 955 4757 imperator
980 4686 1007 4741 ?
1037 4686 1143 4752 Qui
1178 4686 1334 4741 enim
1377 4688 1691 4743 satellitum
1725 4694 1956 4745 tuorum
1991 4693 2067 4747 ad
2101 4698 2216 4749 tor-

570 4773 872 4847 quendum
906 4780 1149 4846 paratas
1198 4791 1416 4829 manus
1458 4776 1692 4831 inutiles
1732 4778 1921 4834 effecit
1948 4784 2003 4835 et
2034 4782 2191 4837 imbe

570 4864 757 4929 cillas,
790 4868 844 4918 et
873 4863 1067 4934 ignem
1098 4863 1354 4917 reddidit
1383 4863 1688 4933 frigidum,
1723 4872 1778 4921 et
1807 4868 2122 4938 plumbum
2154 4871 2213 4927 in

570 4967 794 5023 aquam
842 4950 1272 5015 transmutavit,
1323 4955 1380 5005 et
1418 4952 1617 5023 ipsum
1663 4970 1826 5009 mare
1872 4958 2215 5014 constrinxit

573 5037 979 5110 compedibus,
1031 5039 1245 5109 poterit
1281 5039 1529 5094 omnino
1581 5040 1734 5097 feras
1776 5059 2015 5116 quoque
2047 5063 2211 5102 man-

574 5128 894 5192 suefacere,
944 5132 999 5182 et
1029 5143 1128 5184 eas
1182 5127 1355 5183 nobis
1411 5128 1641 5185 efﬁcere
1670 5132 1881 5187 ovibus
1941 5150 2216 5192 mansue-

571 5213 765 5268 tiores.

647 5302 752 5356 XX.
787 5303 928 5357 Cum
969 5318 1108 5375 ergo
1138 5320 1257 5360 non
1288 5321 1505 5377 parens
1545 5307 1749 5363 Christi
1781 5314 2023 5380 martyr,
2066 5317 2218 5369 esset

575 5392 950 5460 pugnaturus
977 5406 1112 5449 cum
1137 5394 1356 5460 bestiis,
1386 5400 1449 5453 ut
1473 5397 1774 5469 quilevius
1802 5412 1928 5453 esse
1950 5408 2213 5472 reputas-

648 5569 665 5601 ⁷
712 5564 856 5621 Psal.
902 5581 1101 5630 Lxxvu,
1145 5573 1230 5625 20.

2319 1852 2378 1904 οὗ
2408 1851 2456 1903 ἐν
2486 1860 2547 1923 τῇ
2584 1853 2821 1926 θαλάσση
2868 1858 2960 1905 καὶ
3010 1851 3126 1906 ὁδοὶ
3155 1859 3243 1905 καὶ
3293 1853 3340 1904 ἒν
3384 1853 3590 1915 πολλοῖς
3621 1850 3818 1906 ὕδασιν
3868 1857 3931 1906 αἱ

2319 1940 2487 2013 τρίϐοι
2518 1945 2607 1992 καὶ
2649 1944 2715 1992 τὰ
2760 1944 2906 2013 ἴχνη,
2940 1945 3074 1994 κατὰ
3104 1946 3188 1994 τόν
3224 1945 3353 1994 θεῖον
3398 1940 3585 2009 Δαυίδ,
3622 1943 3714 1995 οὐκ
3762 1942 3927 2013 ἐγνώ-

2322 2032 2545 2094 σθησαν,
2600 2026 2787 2083 ’Ὦδευε
2839 2038 3115 2104 τοιγαροῦν
3169 2031 3459 2084 Παντολέων
3527 2034 3551 2083 6
3612 2034 3931 2103 θαυμαστὸς

2318 2123 2402 2170 καὶ
2455 2115 2561 2176 ἤδη
2617 2118 2702 2171 ἐπὶ
2755 2123 2844 2171 τὸν
2898 2121 3132 2191 αἰγιαλὸν
3185 2124 3284 2193 ᾔει,
3336 2116 3479 2172 αἶνον
3531 2129 3603 2192 τῷ
3664 2126 3931 2174 σεσωκότι

2314 2208 2531 2273 πλέκων,
2590 2208 2749 2260 αὐτοῦ
2820 2229 2873 2261 τε
2944 2217 3035 2271 τῆς
3114 2210 3349 2276 φιλοθέου
3414 2209 3601 2281 ψυχῆς
3671 2216 3761 2263 καὶ
3822 2220 3928 2263 τῶν

2316 2295 2508 2348 ἐκείνου
2575 2298 2881 2368 θαυμασίων
2953 2297 3181 2360 ἐπάξιον.
3240 2297 3333 2350 Ὃν
3403 2300 3717 2371 θεασάμενος
3787 2300 3927 2352 οὕτω

2315 2385 2438 2460 παρ’
2492 2381 2682 2437 ἐλπίδα
2735 2388 2963 2438 σωθέντα
3020 2388 3046 2437 ό
3096 2386 3362 2459 βασιλεύς·
3415 2392 3479 2441 Τί
3534 2395 3708 2455 τοῦτο,
3757 2388 3925 2461 ἔλεγε,

2318 2473 2636 2539 Παντόλεονς
2696 2479 2785 2526 καὶ
2831 2483 2925 2537 τῆς
2978 2475 3235 2538 θαλάττης
3289 2484 3405 2537 ταῖς
3442 2482 3708 2548 γοητείαις
3764 2498 3925 2531 κατε-

2315 2566 2619 2637 κράτησας;
2664 2563 2722 2616 '0
2768 2561 2861 2617 δέ·
2917 2569 3016 2617 Καὶ
3066 2567 3095 2623 ἡ
3152 2566 3410 2635 θάλασσα,
3460 2569 3572 2639 ἔφη,
3630 2571 3685 2619 τό
3737 2568 3920 2620 κελευ-

2319 2654 2435 2705 σθὲν
2493 2655 2591 2705 ὑπὸ
2650 2660 2739 2705 τοῦ
2812 2650 3159 2717 δεσπόζοντος
3212 2659 3372 2716 αῦτῆς
3422 2659 3707 2730 εἴργασται.
3764 2659 3918 2710 Εῖκει

2314 2744 2416 2813 ’γὰρ
2468 2740 2609 2811 αὐτῷ
2666 2741 2906 2794 θάλασσά
2956 2762 3011 2795 τε
3060 2748 3150 2796 καὶ
3196 2752 3263 2815 γῆ
3322 2750 3409 2797 καὶ
3462 2747 3623 2797 πάντα
3662 2747 3726 2796 τὰ
3780 2750 3914 2797 ὄντα

2315 2830 2502 2903 μᾶλλον
2546 2833 2792 2901 εῖκουσιν,
2843 2833 2872 2891 ἣ
2927 2837 3031 2899 σοὶ,
3065 2833 3300 2901 Βασιλεῦ,
3349 2837 3395 2887 οἱ
3443 2841 3527 2886 νῦν
3572 2839 3906 2908 προσκαίρως

2318 2918 2705 2993 ὑπηρετοῦντες.

2390 3097 2499 3152 ΙΘ’.
2543 3101 2681 3172 Πρὸς
2726 3105 2892 3151 ταῦτα
2942 3100 2967 3150 ὁ
3021 3101 3290 3173 τύραννος,
3350 3107 3531 3153 πεῖσαι
3588 3101 3773 3173 μᾶλλον
3822 3122 3914 3154 κα-

2319 3194 2422 3247 κῶς
2473 3187 2501 3244 ἦ
2559 3189 2837 3245 πεισθῆναι
2909 3187 3076 3250 καλῶς
3130 3208 3182 3241 τε
3250 3194 3339 3241 καὶ
3399 3196 3671 3263 σωτηρίως
3726 3190 3909 3263 βουλό-

2319 3293 2485 3345 μενος,
2539 3277 2700 3348 θῆρας
2766 3280 3109 3350 παραχθῆναι
3181 3276 3544 3340 παντοδαποὺς
3617 3282 3749 3332 κατὰ
3819 3288 3909 3332 τοῦ

2317 3367 2551 3434 ’γενναίου
2630 3362 2854 3415 κελεύει⁹
2916 3366 2983 3416 ὧν
3083 3365 3408 3439 ἐνεχθέντων,
3491 3368 3650 3440 ἐγγὺς
3726 3368 3912 3421 ἐκεῖνον

2318 3454 2785 3524 παραστησάμενος
2818 3458 2907 3505 καὶ
2940 3461 3091 3507 τοῦτο
3140 3458 3229 3527 μὲν
3281 3456 3431 3529 φόϐον
3478 3458 3619 3528 αὐτῷ
3667 3457 3909 3530 ἐμποιῶν,

2318 3548 2471 3593 τοῦτο
2517 3537 2575 3593 δὲ
2629 3546 2717 3593 καὶ
2774 3545 2837 3603 ὡς
2892 3542 3155 3617 οἰκτείρων
3214 3549 3486 3617 φαίνεσθαι
3540 3554 3915 3621 μηχανώμενος

2319 3634 2407 3681 καὶ
2464 3638 2704 3691 παντοῖος
2782 3634 2911 3704 πρὸς
2977 3635 3035 3684 τὸ
3106 3638 3299 3686 πείσειν
3365 3640 3672 3707 γενόμενος·
3730 3637 3907 3704 Οὔτοι,

2320 3720 2435 3789 ἔφη,
2470 3715 2643 3781 δείξας
2692 3719 2830 3789 αύτῷ
2876 3724 2995 3781 τοὺς
3045 3723 3221 3795 θῆρας,
3259 3719 3350 3776 διὰ
3401 3728 3457 3778 σε
3501 3731 3590 3777 καὶ
3621 3730 3714 3784 τὴν
3764 3725 3907 3778 ἀπώ-

2319 3807 2454 3859 λειάν
2522 3827 2581 3878 γε
2637 3812 2723 3866 τὴν
2797 3814 2893 3867 σὴν
2964 3814 3341 3884 παρήχθησαν,
3404 3814 3701 3866 Παντόλεον*
3764 3819 3809 3867 εἷ
3860 3836 3911 3867 τι

2322 3892 2408 3949 οὖν
2465 3896 2725 3968 οἰκτείρεις
2772 3901 2961 3950 σαυτὸν
3018 3896 3274 3971 (κήδομαι
3324 3903 3423 3973 γάρ
3478 3921 3571 3953 σου
3629 3909 3716 3955 καὶ
3775 3906 3911 3977 ὧρας

2321 3988 2409 4034 καὶ
2466 3984 2710 4054 ἡλικίας),
2766 3988 3043 4045 πεισθῆναι
3101 3987 3313 4046 θέλησον
3384 3994 3471 4041 καὶ
3528 3990 3745 4061 ὀφθῆναι
3797 3997 3914 4065 φρέ-

2322 4093 2406 4131 νας
2487 4075 2620 4142 ἔχων
2701 4078 2787 4125 καὶ
2855 4082 2989 4142 νοῦν,
3074 4076 3163 4127 ἅτε
3258 4082 3547 4151 προκρίνειν
3630 4077 3909 4152 δυνάμενος

2326 4162 2543 4214 θανάτου
2627 4162 2783 4227 ζωὴν,
2844 4161 3041 4215 ὀδυνῶν
3120 4165 3454 4238 εὐφροσύνας,
3535 4166 3743 4239 ἀτιμίας
3812 4172 3911 4220 πά-

2326 4270 2418 4309 σης
2477 4246 2632 4312 δόξαν
2688 4270 2741 4301 τε
2801 4256 2890 4303 καὶ
2943 4254 3159 4326 τρυφάς.
3222 4258 3359 4325 Πρὸς
3414 4260 3465 4307 ὄν
3525 4257 3550 4307 6
3605 4256 3792 4326 ὤμος’
3854 4258 3909 4309 Εἰ

2324 4342 2421 4412 πρὸ
2475 4346 2563 4389 τοῦ
2629 4346 2808 4413 πεῖραν
2878 4339 3066 4402 λαϐεῖν,
3123 4343 3237 4413 ἔφη,
3296 4350 3390 4403 τῆς
3456 4352 3546 4395 τοῦ
3606 4353 3739 4397 Θεοῦ
3796 4352 3909 4417 περὶ

2326 4427 2409 4500 ἐμὲ
2480 4427 2811 4498 ἀντιλήψεως,
2863 4430 2955 4481 οὐκ
3010 4427 3153 4500 εἶχον
3215 4434 3487 4484 πείθεσθαί
3536 4453 3628 4485 σου
3674 4444 3781 4495 τοῖς
3830 4438 3901 4487 λό-

2322 4537 2456 4587 γοις,
2511 4525 2596 4568 νῦν
2656 4516 2740 4587 ἀφ’
2798 4518 2857 4568 οὗ
2914 4521 3177 4581 τοσαύτης
3238 4519 3506 4573 ἀπέλαυσα
3559 4530 3650 4585 τῆς
3708 4522 3905 4575 ἐπικου-

2322 4614 2457 4678 ρίας,
2516 4608 2810 4675 πειθόμενος
2878 4610 3099 4677 ἔσομαι;
3156 4615 3217 4660 Τί
3293 4607 3353 4661 δέ
3410 4630 3471 4682 με
3522 4617 3609 4664 καὶ
3666 4618 3758 4670 τὴν
3809 4622 3902 4664 τῶν

2325 4696 2533 4766 θηρίων,
2591 4692 2629 4744 ὦ
2688 4693 2925 4765 βασιλεῦ,
2973 4696 3204 4766 ὠμότητι
3262 4699 3627 4772 μορμολύττης
3667 4707 3761 4753 Καὶ
3805 4704 3898 4774 γὰρ

2323 4784 2346 4834 6
2389 4791 2488 4834 τῶν
2536 4791 2636 4833 σῶν
2681 4780 2976 4857 δορυφόρων
3006 4787 3095 4844 τὰς
3133 4791 3486 4860 τιμωρητικὰς
3530 4797 3710 4862 χεῖρας
3740 4788 3895 4861 ἀπρά-

2320 4891 2475 4931 κτους
2519 4877 2607 4922 καὶ
2661 4869 2889 4933 ἀσθενεῖς
2936 4875 3286 4936 ποιησάμενος
3334 4881 3420 4928 καὶ
3465 4881 3523 4928 τό
3572 4886 3667 4951 πῦρ
3696 4877 3890 4949 ψυχρὸν

2322 4957 2625 5021 ἀποδείξας,
2679 4963 2766 5011 τὸν
2820 4958 3067 5031 μόλιϐδον
3131 4981 3184 5014 τε
3234 4964 3301 5023 εἰς
3358 4962 3500 5038 ὕδωρ
3558 4972 3899 5039 μεταποιήσας

2322 5053 2409 5100 καὶ
2440 5050 2600 5105 αὐτὴν
2631 5046 2868 5110 πεδήσας
2910 5055 3002 5109 τὴν
3037 5051 3326 5116 θάλασσαν,
3363 5051 3585 5118 δύνατός
3627 5055 3736 5107 ἐστι
3785 5059 3904 5107 πάν·

2322 5158 2421 5198 τως
2468 5143 2549 5188 καὶ
2602 5144 2751 5190 ταυτὶ
2799 5142 2863 5190 τὰ
2909 5142 3258 5193 τιθασσεῦσαι
3310 5144 3466 5217 θηρία
3514 5150 3603 5197 καὶ
3651 5144 3908 5219 προϐάτων

2323 5227 2445 5296 ἡμῖν
2473 5228 2772 5299 ἡμερώτερα
2797 5235 2961 5279 ταῦτα
2990 5232 3413 5300 παρασκευάσαι.

2397 5312 2469 5365 κ’.
2506 5315 2641 5366 Ἐπεὶ
2674 5312 2758 5366 οὖν
2792 5314 3002 5377 ἀπειθὴς
3031 5322 3191 5388 μένων
3236 5321 3259 5371 6
3305 5328 3394 5371 τοῦ
3427 5329 3662 5392 Χριστοῦ
3696 5326 3910 5397 μάρτυς,

2329 5401 2496 5473 ἔμελλε
2550 5405 2913 5479 θηριομαχεῖν,
2946 5406 3035 5458 ἅτε
3082 5415 3173 5459 τοῦ
3223 5413 3293 5479 μὴ
3347 5406 3567 5482 δαίμοσι
3618 5422 3915 5484 προσκυνῆ-
