4144 6258
289 326 397 383 469

1501 333 1670 388 VlTA
1711 331 1775 389 S.
1828 328 2437 395 PANTELEEMONIS.

3541 345 3644 402 470

292 473 386 508 σαι
433 453 604 516 καλῶς
639 472 696 526 γε
747 462 907 508 ποιῶν
954 459 1046 508 καὶ
1091 457 1148 508 τὸ
1179 458 1380 531 θηρίοις
1409 457 1687 520 ἄκδοθῆναι
1729 461 1876 511 κακὸν

1995 466 2102 530 set,
2135 464 2284 521 tradi
2304 465 2522 533 bestiis,
2542 484 2726 542 quam
2749 468 3000 527 adorare
3016 470 3340 537 daemones,
3361 471 3646 529 conﬂuxit

287 543 419 598 εἶναι
471 549 780 618 κουφότερον
831 545 1186 617 λογισάμενος·
1273 549 1504 622 συνέρρει
1575 552 1663 620 μὲν
1742 555 1890 600 πᾶσα

287 633 320 690 ἡ
378 638 526 695 πόλις
576 630 704 685 ἰδεῖν
737 636 792 685 τό
845 639 1128 704 γινόμενον,
1175 641 1374 687 νεανίαν
1415 638 1548 688 οὕτω
1587 637 1762 700 καλόν,
1809 636 1886 688 εύ-

285 731 407 793 γενῆ
460 727 517 775 τό
569 731 741 793 σῶμα,
788 722 962 794 εύγενῆ
1009 729 1103 781 τὴν
1146 723 1352 796 ψυχὴν,
1384 723 1534 778 οὐδὲν
1574 728 1600 777 ὃ
1640 745 1690 776 τι
1729 729 1886 777 κακόν

291 807 566 883 δράσαντα
612 820 784 872 κακῶς
846 811 1094 883 μελλοντα
1139 815 1318 866 παθεῖν
1367 820 1455 867 καὶ
1501 817 1704 888 θηρίοις
1743 811 1888 866 ἐκδο-

291 902 593 972 θησόμενον.
659 900 914 971 Ἀπήγετο
961 906 1049 953 καὶ
1103 903 1128 952 ό
1183 899 1383 962 δίκαιος
1437 905 1504 963 ὡς
1543 903 1664 955 λέων
1708 923 1886 955 πεποι-

289 990 390 1050 θὼς
419 993 552 1041 κατά
596 991 652 1040 τό
701 986 951 1060 ᾀδόμενον
999 995 1088 1041 καὶ
1128 986 1276 1042 οὐδὲν
1328 991 1589 1063 ὑφειμένον
1634 992 1662 1050 ἦ
1726 991 1887 1063 μαλα-

285 1079 376 1127 κόν
423 1081 453 1135 ἦ
502 1081 634 1149 πρὸς
678 1077 810 1129 ἔλεον
869 1078 1010 1129 ἕλκον
1055 1082 1206 1150 όρῶν.
1266 1084 1364 1132 Καὶ
1412 1089 1520 1141 πῶς
1550 1083 1650 1152 γὰρ
1699 1079 1885 1151 ἔμελλε,

285 1172 375 1216 τοῦ
423 1168 676 1226 συνήθους
726 1164 926 1238 βοηθοῦ
975 1167 1128 1218 πάλιν
1187 1168 1256 1230 εἰς
1307 1167 1734 1243 ὄψινἙρμολάου
1769 1188 1890 1219 συν-

285 1256 429 1316 όντος
507 1255 646 1324 αὐτῷ
718 1260 806 1307 καὶ
884 1255 1088 1330 θαῤῥεῖν
1167 1257 1572 1329 ἐπιτρέποντος;
1623 1254 1748 1310 Εἶτα
1796 1266 1893 1309 τῶν

286 1344 474 1413 θηρίων
524 1342 868 1415 ἐπαφεθίντων
934 1353 1008 1414 τῷ
1072 1344 1298 1417 ἀθλητῇ,
1375 1346 1509 1398 οὓτω
1564 1345 1895 1409 κελεύσαντος

281 1438 373 1482 τοῦ
427 1430 594 1502 πολλῷ
637 1435 830 1484 τούτων
879 1431 1201 1505 ἀγριωτέρου
1251 1437 1521 1507 τυράννου,
1555 1437 1603 1487 οἰ
1629 1439 1718 1506 μὲν
1762 1455 1892 1508 παρ-

280 1524 415 1580 όντες
471 1519 624 1582 εὐθὺς
681 1525 836 1591 ᾤοντο
903 1525 989 1572 τόν
1059 1522 1208 1592 ἅγιον
1285 1519 1885 1595 διασπαραχθήσεσθαιν

278 1613 350 1678 μὴ
404 1612 545 1670 ὄντος
595 1616 688 1660 τοῦ
736 1610 987 1683 ῥυομένου
1038 1606 1178 1678 μηδι
1223 1610 1499 1671 σώζοντος·
1530 1610 1632 1680 οὐχ
1663 1609 1797 1662 οὕτω
1829 1607 1888 1660 δὲ

278 1701 400 1757 τοὺς
451 1697 706 1760 θεοσεϐεῖς
764 1699 1154 1770 παρεσκεύασεν
1221 1698 1246 1748 ό
1308 1697 1483 1769 λέγων·
1558 1701 1654 1750 Τὸν
1722 1697 1882 1768 Ὕψι-

281 1803 398 1837 στον
474 1788 592 1838 ἔθου
680 1791 984 1858 καταφυγήν
1086 1804 1201 1836 σου·
1314 1786 1372 1838 ού

276 1877 401 1946 πρὸς
472 1877 528 1927 σε
609 1878 767 1946 κακὰ,
853 1879 940 1928 καὶ

280 1968 584 2034 σκηνώματί
635 1980 754 2016 σου·
813 1968 920 2014 καί’
984 1961 1101 2015 Ἐπὶ
1162 1959 1370 2015 ἀσπίδα
1424 1968 1513 2015 καὶ
1571 1963 1881 2036 βασιλίσκον

1031 1874 1228 1945 μάστιξ
1301 1874 1394 1926 οὐκ
1465 1875 1626 1947 ἐγγιεῖ
1690 1874 1736 1927 ἐν
1811 1883 1882 1946 τῷ

277 2052 529 2126 ἐπιϐἠσῃ,
608 2057 699 2105 καὶ
772 2056 1173 2114 καταπατήσεις
1227 2051 1405 2104 λέοντα
1456 2058 1544 2105 καὶ
1597 2050 1877 2126 δράκοντα·

276 2140 463 2192 ούκουν
507 2138 630 2194 ούδε
694 2137 943 2210 διέψευσε
993 2148 1086 2192 τοῦ
1126 2145 1496 2202 πιστεύσαντος
1525 2147 1618 2199 τὴν
1659 2141 1872 2198 ἐλπίδα,

278 2236 540 2281 Τοσοῦτον
591 2231 690 2302 γὰρ
753 2228 991 2300 ἀπέσχον
1051 2232 1100 2282 οἱ
1154 2231 1307 2302 θῆρες
1359 2237 1450 2282 τοῦ
1498 2239 1668 2293 κακῶς
1709 2228 1882 2285 διαθέ-

290 2318 415 2368 σθαι
453 2321 537 2369 τὸν
585 2317 755 2388 ἅγιον,
809 2321 876 2379 ὡς
937 2325 1129 2392 μικροῦ
1174 2324 1263 2370 καὶ
1318 2321 1375 2370 τό
1420 2323 1491 2390 μὴ
1540 2321 1703 2392 θῆρας
1754 2322 1882 2373 εἶναι

279 2404 408 2467 ὅλως
464 2405 654 2468 αὐτοὺς
702 2408 1038 2478 νομισθῆναι,
1098 2408 1280 2476 θῆρας,
1335 2409 1476 2478 ἔφην,
1529 2405 1656 2479 μηδ’
1713 2408 1884 2470 ἁπλῶς

287 2495 456 2566 ἀλογα
509 2499 595 2547 καὶ
637 2503 730 2547 τοῦ
781 2504 978 2569 φρονείν
1031 2495 1439 2568 ἀπεστερημένα,
1490 2495 1596 2547 ἀλλ’
1647 2497 1750 2549 οἶόν
1802 2517 1885 2548 τι-

277 2605 358 2645 νος
406 2588 659 2658 ἔμφρονας
711 2589 800 2638 καὶ
860 2593 950 2644 τῆς
1009 2593 1109 2636 τῶν
1161 2584 1379 2655 λογικῶν
1433 2590 1573 2645 ὄντας
1639 2583 1878 2659 μερίδας,

266 2676 396 2745 μετὰ
469 2674 663 2736 πολλῆς
741 2682 811 2744 τῷ
893 2675 1121 2748 μάρτυρι
1193 2679 1501 2748 προσιόντας
1575 2673 1880 2748 εύλαϐείαςὶ,

268 2767 536 2822 σαίνοντας
607 2759 666 2814 δὲ
721 2759 888 2823 ἡδέως
967 2747 1057 2814 καὶ
1125 2761 1471 2835 φιλανθρώπῳ
1521 2762 1737 2836 γλώσσῃ
1792 2747 1884 2814 καὲ

272 2853 617 2924 θεραπευτικῇ
676 2859 774 2902 τῶν
819 2847 1006 2902 ποδῶν
1068 2850 1502 2924 παραψαύοντας,
1544 2851 1701 2910 ἄλλως
1741 2871 1792 2903 τε
1829 2850 1885 2904 δυ

268 2944 357 2992 καὶ
407 2939 648 3000 ἀλλήλοις
707 2935 1135 3010 διαμιλλώμενοι,
1189 2943 1270 2999 τίς
1308 2946 1509 3010 πρῶτος
1549 2938 1714 2989 αὐτῶν
1760 2958 1889 3012 προς

273 3027 466 3091 σελθοι,
533 3027 589 3078 ού
630 3031 878 3098 πρότερον
925 3024 1302 3098 ἀφιστάμενοι,
1373 3032 1490 3098 πρὶν
1543 3029 1603 3077 ὅν
1653 3029 1677 3078 ό
1724 3031 1894 3100 μάρτυ

271 3116 446 3176 αὐτοῖς
475 3114 623 3187 ἐπιθῇ
659 3119 750 3173 τὴν
780 3122 940 3187 χεῖρα
978 3119 1068 3166 καὶ
1100 3115 1440 3185 εὐλογήσειεν.

344 3207 472 3259 KA’.
541 3203 637 3256 Ἦν
694 3200 781 3254 οὖν
830 3200 958 3255 ἰδεῖν
1026 3209 1254 3276 πρᾶγμα
1311 3200 1506 3276 κομιδῇ
1561 3209 1878 3256 καινότατον

270 3293 376 3346 ἰπεὶ
426 3295 526 3368 γὰρ
610 3295 827 3351 τοιαύτη
886 3296 1005 3353 τούς
1080 3291 1381 3363 ἀνθρώπους
1436 3291 1629 3350 ὑπῆλθε
1699 3298 1876 3358 κακία,

270 3386 400 3436 ὥστε
451 3384 580 3454 ὁμοῦ
627 3386 719 3433 καὶ
769 3380 964 3452 ἀλόγων
1013 3381 1205 3442 αὐτοὺς
1264 3383 1440 3432 α’νοιαν
1490 3386 1575 3432 καὶ
1635 3382 1879 3453 ὠμότητα

271 3474 460 3545 θηρίων
504 3469 824 3544 ὑπερϐαλεῖν,
880 3474 972 3528 τὴν
1023 3473 1114 3540 μὲν
1171 3468 1218 3520 ἐν
1267 3478 1339 3540 τῷ
1385 3474 1456 3542 μὴ
1501 3469 1744 3522 σέϐεσθαι
1791 3474 1876 3522 τόν

268 3566 612 3624 πεποιηκότα,
665 3565 758 3618 τὴν
814 3555 872 3611 δὲ
929 3560 977 3610 ἐν
1034 3566 1104 3628 τῷ
1155 3561 1500 3631 τιμωρεῖσθαι
1550 3562 1668 3621 τοὺς
1723 3559 1876 3611 αὐτόν

272 3648 592 3720 σεϐομένους,
668 3653 998 3719 ᾡκονόμησεν
1077 3649 1102 3698 0
1201 3649 1376 3698 πάντα
1477 3649 1876 3719 μετασκευάζων

273 3741 422 3801 Θεός,
483 3737 699 3808 ἔμπαλιν
769 3741 888 3796 Ψοὺς

477 3823 756 3898 ἀνθρώπων
832 3827 1131 3897 ἡμερότητα
1207 3828 1574 3896 μιμουμένους,
1653 3828 1876 3897 κήρυκας

668 3653 998 3719 ᾠκονόμησεν
1077 3649 1102 3698 0

963 3738 1122 3807 θῆρας
1186 3736 1271 3786 οἷα
1356 3734 1596 3805 λογικούς
1660 3734 1875 3806 ὀφθῆναι

283 3830 371 3877 καὶ

287 3911 532 3985 ἀψευδεῖς
583 3919 732 3974 ὄντας
791 3922 880 3974 τῆς
938 3912 1136 3965 ἐκείνων
1188 3917 1376 3972 κακίας
1430 3917 1519 3964 καὶ
1566 3920 1660 3973 τῆς
1713 3911 1872 3964 αὐτοῦ

280 4001 548 4077 ἀφράστου
603 4007 1000 4074 μακαριότητος.
1055 4000 1206 4054 ’Ὁθεν
1250 4006 1338 4053 καὶ
1383 4003 1431 4052 οἱ
1483 4005 1726 4072 παρόντες
1784 3999 1867 4058 ἐπὶ

281 4099 352 4160 τῷ
405 4095 673 4163 γενομένῳ·
730 4095 905 4162 Μέγας
957 4092 981 4142 ό
1022 4099 1120 4142 τῶν
1167 4097 1494 4164 Χριστιανῶν
1538 4094 1660 4151 Θεὸς
1702 4089 1864 4154 ἐστιν,

276 4180 301 4230 ὁ
355 4185 506 4250 μόνος
557 4185 646 4231 καὶ
692 4175 949 4249 ἀψευδὴς,
997 4178 1172 4246 ἐϐόων,
1222 4183 1330 4230 καίο
1388 4180 1645 4249 Ἀφιέσθω
1697 4179 1721 4227 0
1783 4174 1867 4227 δί-

270 4287 431 4328 καιος.
488 4273 551 4320 Τί
596 4265 682 4320 οὖν
741 4270 765 4319 0
828 4267 1026 4327 ἀληθῶς
1083 4269 1178 4339 θὴρ
1246 4271 1335 4317 καὶ
1389 4268 1648 4336 ὠμότατος
1704 4261 1864 4334 βασι-

271 4354 384 4416 λεύς
411 4373 424 4422 ;
455 4356 671 4426 Ἐπάγει
701 4358 786 4406 τὸν
819 4357 978 4425 θυμόν
1020 4356 1156 4404 κατὰ
1198 4359 1296 4402 τῶν
1345 4354 1537 4423 θηρίων
1567 4353 1656 4399 καὶ
1687 4351 1856 4400 πάντα

276 4443 424 4502 εὐθὺς
475 4441 694 4514 ἀναιρεῖ,
747 4444 918 4514 ὥσπερ
973 4437 1331 4510 διαφθονήσας
1389 4437 1562 4497 αὐτοῖς
1604 4445 1697 4498 τῆς
1747 4456 1863 4489 0w-

274 4533 425 4591 έσεως
468 4535 557 4581 καὶ
608 4534 695 4581 τόν
752 4531 837 4580 ὑπ’
909 4527 1107 4580 ἐκείνων
1185 4527 1279 4578 οὐκ
1353 4525 1564 4597 ἐνεγκὼν
1629 4527 1861 4598 ἔλεγχον.

273 4619 352 4668 Τὰ
393 4614 451 4669 δε
504 4622 593 4669 καὶ
663 4617 824 4678 οὕτως
899 4616 1229 4690 ἀναιρεθέντα
1309 4613 1394 4667 ἐπὶ
1464 4614 1671 4675 πολλαῖς
1727 4618 1865 4687 ἔμενε

275 4713 391 4767 ταῖς
440 4707 679 4777 ἡμέραις,
731 4703 903 4758 οὐδενὶ
956 4704 1155 4778 βρῶσις
1208 4712 1306 4756 τῶν
1353 4701 1684 4776 σαρκοϐόρων
1729 4711 1864 4776 γινό-

276 4813 420 4866 μενα,
472 4801 720 4865 τιμῶντος
775 4793 868 4846 κάν
934 4797 1100 4864 τούτῳ
1168 4791 1396 4850 ἀθλητὴν
1452 4800 1543 4844 τοῦ
1591 4796 1717 4845 Θεοῦ
1775 4800 1864 4848 καὶ

275 4886 406 4957 πρός
466 4881 724 4935 εὐσέϐειαν
789 4887 908 4945 τοὺς
963 4883 1147 4944 ἄλλους
1224 4881 1662 4956 παρακαλοῦντος,
1732 4885 1865 4936 ὥστε

273 4975 360 5023 τὸν
401 4971 646 5023 ἀσύνετον
697 4970 920 5044 βασιλέα
959 4979 1110 5024 τοῦτο
1162 4972 1414 5042 μαθόντα,
1473 4971 1762 5042 προστάξαι
1800 4976 1864 5024 τά

278 5063 435 5133 θηρία
465 5070 819 5134 κατορυγῆναι
866 5070 927 5134 τῇ
978 5068 1066 5132 γῇ,
1129 5059 1334 5122 πολλοῖς
1379 5061 1514 5112 οὕτω
1553 5064 1646 5118 τὴν
1686 5065 1863 5113 πίστιν

274 5148 699 5219 ἕπιστηρίζοντα.
780 5151 1118 5222 Διαπορηθεὶς
1187 5153 1356 5200 τοίνυν
1422 5149 1446 5199 0
1505 5149 1852 5220 Μαξιμιανός·

273 5243 335 5290 Τί
385 5241 686 5309 ποιήσαιμι,
768 5237 924 5308 ἔλεγε,
993 5235 1323 5288 Παντολέοντι
1374 5253 1389 5303 ;
1451 5232 1558 5293 ἤδη
1613 5241 1735 5309 γὰρ,
1795 5240 1862 5300 ὡς

275 5327 442 5395 ὁρᾶτε,
511 5329 629 5388 τοὺς
694 5325 898 5387 πλείους
955 5323 1244 5381 ἀπέστησεν
1301 5322 1400 5375 ἀπό
1453 5332 1549 5375 τῶν
1600 5326 1741 5376 θεῶν·
1799 5329 1864 5378 Oi

278 5411 354 5466 δέ·
399 5417 624 5487 Τροχός,
677 5419 825 5488 φασὶ,
875 5415 1119 5486 γενέσθω,
1171 5415 1261 5464 καὶ
1328 5409 1400 5483 ἔφ’
1453 5411 1655 5483 ὑψηλοῦ
1713 5410 1862 5477 οὗτος

358 5606 380 5641 ⁸
418 5609 566 5667 Psal.
607 5627 699 5676 xc,
743 5613 918 5667 10-13.

1995 552 2239 622 quidem
2291 556 2562 612 universa
2606 557 2811 613 civitas
2859 559 2937 615 ad
2995 559 3322 614 videndum
3370 559 3432 614 id
3483 561 3644 631 quod

1995 640 2189 707 ﬁebat,
2223 647 2341 698 tam
2375 645 2688 715 pulchrum
2731 646 2950 702 scilicet
2973 647 3275 717 juvenem,
3311 652 3365 702 et
3397 663 3644 719 corpore

1996 735 2051 784 et
2079 730 2278 786 animo
2301 739 2703 802 praestantem,
2735 735 2839 805 qui
2875 734 3017 790 nihil
3042 734 3181 790 mali
3211 735 3458 800 fecisset,
3490 737 3644 790 male

1995 834 2334 888 passurum,
2359 829 2412 876 et
2432 821 2567 876 feris
2595 823 2946 878 tradendum
2977 824 3195 878 bestiis.
3227 823 3528 879 Abductus
3559 829 3648 879 est

1998 911 2191 961 autem
2223 909 2417 977 justus
2442 910 2748 966 conﬁdens
2777 917 2838 966 ut
2867 913 2980 976 leo,
3011 913 3160 967 sicut
3188 912 3439 975 canitur,
3481 918 3537 967 et
3564 913 3646 967 ni-

1998 995 2078 1049 hil
2116 997 2290 1051 molle
2348 1015 2417 1053 ac
2468 1000 2782 1054 remissum
2837 1001 3094 1065 intuens,
3153 1005 3257 1056 aut
3313 1001 3473 1072 quod
3523 1018 3647 1056 mo-

1999 1089 2160 1140 veret
2211 1087 2286 1140 ad
2328 1087 2814 1144 misericordiam.
2849 1089 3161 1153 Quomodo
3203 1089 3361 1143 enim
3416 1090 3473 1142 id
3525 1093 3646 1144 erat

2000 1171 2281 1237 facturus,
2315 1189 2447 1228 cum
2491 1191 2689 1230 rursus
2719 1177 2775 1230 in
2813 1183 3197 1247 conspectum
3254 1178 3476 1231 veniret
3515 1181 3648 1232 Her-

2005 1260 2257 1325 molaus,
2293 1268 2344 1316 et
2371 1264 2601 1332 juberet
2623 1279 2757 1318 eum
2787 1281 2914 1318 esse
2946 1265 3103 1320 bono
3127 1265 3328 1319 animo
3362 1264 3390 1318 ?
3428 1265 3646 1319 Deinde

2003 1364 2138 1403 cum
2174 1349 2371 1403 bestiae
2407 1353 2531 1418 jam
2561 1368 2694 1405 cum
2727 1352 2944 1406 athleta
2963 1357 3156 1407 essent
3186 1367 3538 1421 congressae,
3566 1353 3648 1406 sic

2005 1437 2239 1503 iubente
2280 1443 2552 1509 tyranno,
2598 1441 2699 1510 qui
2752 1441 2998 1495 aderant
3042 1441 3306 1512 quidem,
3352 1441 3648 1512 putabant

1998 1525 2142 1588 fore,
2205 1530 2267 1578 ut
2329 1532 2565 1580 sanctus
2633 1528 2826 1582 statim
2893 1529 3343 1599 discerperetur,
3403 1528 3646 1598 perinde

1997 1627 2066 1664 ac
2124 1613 2171 1666 si
2225 1629 2346 1668 non
2396 1620 2551 1670 esset
2611 1616 2714 1686 qui
2773 1624 3027 1672 servaret
3073 1622 3130 1672 et
3178 1617 3426 1689 eriperet
3478 1634 3491 1670 :
3540 1617 3645 1672 sed

1995 1698 2068 1753 de
2119 1700 2244 1754 viro
2274 1702 2374 1772 pio
2437 1719 2556 1758 non
2585 1704 2666 1759 sic
2697 1709 2981 1761 statuerat
3017 1707 3091 1772 is,
3133 1707 3234 1776 qui
3290 1705 3432 1760 dicit
3473 1722 3485 1760 :
3547 1705 3646 1760 Αί-

1484 1785 1876 1860 προσελεύσεταί

1995 1788 2268 1844 lissimum
2298 1794 2552 1859 posuisti
2580 1794 2870 1862 refugium
2903 1800 3061 1849 tuum
3084 1812 3096 1849 :
3120 1810 3240 1850 non
3269 1795 3534 1850 accedent
3567 1794 3647 1848 nd

1992 1881 2047 1932 te
2082 1878 2260 1942 mala,
2298 1886 2351 1935 et
2385 1880 2693 1952 ﬂagellum
2735 1897 2854 1937 non
2902 1883 3405 1954 appropinquabil
3455 1882 3645 1937 taber-

1989 1969 2208 2023 naculo
2255 1975 2376 2032 tuo,
2431 1975 2503 2035 et,
2597 1971 2791 2039 Super
2864 1972 3122 2038 aspidem
3187 1978 3240 2027 et
3304 1973 3644 2028 basiliscum

1989 2055 2344 2124 ambulabis,
2390 2064 2443 2113 el
2487 2060 2855 2115 conculcabz‘s
2896 2061 3117 2116 leonem
3172 2065 3224 2116 et
3271 2058 3640 2114 draconem”.

1989 2144 2192 2215 Itaque
2220 2161 2328 2201 nec
2359 2163 2526 2218 spem
2553 2147 2747 2203 fefellit
2778 2149 2924 2218 ejus,
2958 2149 3059 2220 qui
3100 2147 3453 2203 crediderat.
3499 2149 3646 2202 Tan-

1990 2237 2118 2289 tum
2179 2235 2338 2288 enim
2383 2235 2586 2300 abfuit,
2641 2240 2704 2292 ut
2755 2237 2892 2292 ferae
2943 2240 3148 2291 sancto
3206 2234 3640 2299 malefacerent,

1991 2325 2056 2376 ut
2087 2337 2172 2376 ea;
2204 2325 2641 2394 propemodum
2673 2341 2741 2380 ne
2800 2325 2932 2380 ferae
2972 2325 3214 2397 quidem
3256 2324 3596 2379 viderentur
3624 2341 3640 2393 ;

1989 2406 2308 2474 ἰθεω,ἀὶιὶ,
2347 2414 2468 2468 imo
2508 2430 2635 2479 nec,
2697 2417 2758 2469 ut
2812 2415 2993 2468 semel
3041 2414 3256 2478 dicam,
3313 2411 3646 2467 animantia

1989 2500 2221 2556 ratione
2248 2503 2528 2565 carentia,
2563 2507 2619 2557 et
2673 2502 2730 2556 vi
2785 2501 3153 2570 intelligendi
3203 2500 3435 2572 privata
3481 2515 3493 2554 :
3541 2499 3643 2554 sed

1989 2593 2283 2659 tanquam
2343 2589 2674 2660 prudentia,
2736 2596 2790 2644 et
2845 2606 2914 2644 ex
2952 2605 3204 2645 numero
3249 2605 3458 2644 eorum
3509 2604 3643 2659 quae

1990 2680 2130 2731 sunt
2161 2677 2386 2731 ratione
2426 2676 2694 2747 praedita,
2728 2693 2863 2732 cum
2906 2692 3129 2745 magna
3190 2677 3516 2732 reverentia
3554 2691 3646 2732 ac-

1992 2765 2268 2822 cederent
2294 2765 2370 2820 ad
2398 2770 2744 2837 martyrem,
2779 2765 3036 2822 suaviter
3059 2764 3461 2829 blandientes,
3492 2764 3654 2818 beni-

1998 2869 2236 2924 gnaque
2264 2859 2320 2909 et
2369 2854 2701 2909 medicante
2757 2854 2966 2923 lingua
3027 2855 3210 2926 pedes
3262 2856 3570 2922 tangentes
3633 2854 3645 2892 ε

1995 2946 2052 2996 et
2101 2941 2326 3012 alioqui
2359 2941 2511 2996 inter
2540 2958 2600 2998 se
2631 2942 3068 3004 contenderent,
3121 2957 3403 3013 quasnam
3455 2941 3649 3011 prima

1997 3030 2073 3084 ad
2106 3045 2242 3084 eum
2275 3029 2598 3095 accederat,
2633 3035 2687 3086 et
2715 3046 2831 3085 non
2887 3029 3052 3102 prius
3092 3030 3405 3090 recederet,
3462 3045 3645 3100 quam

1925 3153 1964 3206 ρ
1998 3122 2222 3189 martyr
2257 3117 2305 3172 ei
2333 3134 2580 3174 manum
2611 3118 2989 3190 imposuisset
3025 3123 3080 3173 et
3123 3118 3174 3172 ei
3227 3117 3640 3174 benedixisset.

2063 3207 2200 3262 XXI.
2237 3206 2475 3262 Licebat
2501 3223 2641 3276 ergo
2666 3207 2865 3262 videre
2888 3223 3005 3261 rem
3032 3206 3291 3262 maxime
3323 3221 3562 3271 novam,
3588 3211 3644 3262 et

1991 3293 2164 3363 longe
2185 3294 2707 3365 jucundissimam,
2741 3295 3014 3349 homines
3039 3294 3279 3365 quidem
3299 3297 3557 3348 mutatos
3581 3295 3640 3349 in

1987 3385 2244 3438 ferarum
2280 3384 2588 3448 saevitiam,
2616 3400 2826 3438 rursus
2855 3387 3052 3438 autem
3083 3382 3264 3437 videri
3295 3382 3469 3447 feras,
3503 3385 3638 3437 tan-

1986 3488 2168 3544 quam
2196 3472 2420 3528 ratione
2450 3472 2754 3544 prteditas,
2783 3477 2838 3528 ct
2867 3471 3028 3527 credi
3058 3472 3385 3526 humanam
3417 3470 3639 3526 habere

1988 3561 2534 3615 mansuetudinem.
2569 3561 2611 3615 li
2639 3566 2811 3627 certe,
2835 3561 2936 3632 qui
2969 3560 3234 3630 aderant,
3268 3559 3544 3615 admirati
3577 3559 3638 3614 id

1987 3647 2149 3718 quod
2182 3647 2400 3703 factum
2430 3648 2639 3713 fuerat,
2683 3649 3029 3704 clamabant
3065 3666 3075 3704 :
3105 3651 3350 3716 Magnus
3375 3652 3461 3702 est
3481 3649 3635 3702 Deus

1987 3736 2476 3802 Christianorum,
2505 3736 2607 3808 qui
2630 3737 2868 3809 quidem
2891 3742 2980 3792 est
3008 3737 3169 3793 solus
3193 3742 3250 3792 et
3282 3753 3454 3792 verus
3488 3758 3498 3800 ;
3528 3741 3584 3792 et
3615 3755 3628 3794 :

1986 3825 2550 3896 Dimittaturjustus.
2577 3827 2724 3892 Quid
2744 3825 2956 3899 igitur?
2975 3827 3085 3892 Qui
3107 3841 3239 3881 vere
3259 3830 3384 3880 erat
3400 3826 3555 3880 ferus
3577 3828 3635 3880 et

1983 3914 2450 3983 crudelissimus,
2478 3915 2800 3984 imperator
2823 3915 2975 3970 iram
3002 3914 3172 3970 infert
3207 3914 3266 3968 in
3296 3914 3540 3977 bestias,
3573 3918 3630 3968 et

1981 4019 2190 4058 omnes
2229 4004 2426 4058 statim
2455 4003 2601 4058 tollit
2626 4003 2699 4058 de
2733 4004 2949 4068 medio,
2979 4002 3223 4074 perinde
3263 4019 3332 4058 ac
3371 4003 3454 4056 eis
3486 4002 3632 4056 invi-

1979 4091 2125 4144 dens
2151 4091 2548 4158 prudentiam,
2579 4095 2633 4144 et
2663 4106 2777 4144 non
2805 4095 3009 4162 potens
3036 4090 3184 4144 ferre
3202 4106 3407 4144 earum
3437 4105 3630 4160 repre-

1978 4176 2349 4230 hensionem.
2389 4176 2503 4229 Illae
2530 4180 2728 4230 autem
2757 4193 2894 4232 cum
2936 4176 3016 4231 sic
3045 4180 3240 4230 essent
3288 4176 3624 4242 interfectae,

1979 4261 2191 4316 multos
2221 4261 2346 4316 dies
2379 4268 2725 4317 manserunt
2754 4279 2790 4319 a
2813 4263 2974 4317 nullo
3001 4279 3248 4318 comesse
3264 4279 3336 4318 ex
3362 4265 3628 4321 carnivo-

1977 4350 2080 4414 ris,
2106 4349 2224 4404 Deo
2249 4349 2307 4404 in
2349 4349 2460 4404 hoc
2487 4364 2724 4422 quoque
2768 4350 3048 4407 athletam
3077 4351 3428 4413 honorante,
3462 4357 3517 4408 et
3547 4354 3624 4409 ad

1977 4439 2250 4511 pietatem
2285 4438 2430 4494 alios
2463 4438 2734 4494 hortante
2768 4457 2780 4495 :
2825 4439 2977 4496 adeo
3023 4444 3084 4496 ut
3114 4455 3249 4495 cum
3275 4440 3390 4496 hoc
3413 4441 3625 4498 stultus

1974 4528 2306 4585 rescivisset
2333 4527 2680 4599 imperator,
2711 4545 2811 4586 eas
2839 4529 3078 4600 jusserit
3104 4528 3312 4593 infodi,
3347 4529 3428 4584 sic
3469 4529 3623 4585 mul-

1975 4619 2044 4674 tis
2065 4617 2244 4672 ﬁdem
2270 4617 2651 4685 conﬁrmans,
2671 4618 2761 4674 Sic
2779 4633 2919 4686 ergo
2941 4618 3621 4674 dubitansMaximianus

1975 4706 2125 4773 Quid
2156 4706 2394 4770 faciam,
2425 4706 2683 4775 dicebat,
2715 4705 3226 4776 Pantoleoni?jam
3246 4707 3426 4774 enim,
3456 4711 3518 4761 ut
3541 4707 3621 4761 vi-

1974 4795 2138 4858 detis,
2175 4794 2392 4850 multos
2413 4793 2659 4851 abduxit
2680 4811 2714 4850 a
2733 4795 2877 4850 deis.
2897 4793 3020 4848 Illia
3039 4798 3199 4848 utem
3226 4809 3237 4846 :
3266 4792 3405 4856 Fiat,
3430 4793 3614 4857 aiunt,

1973 4889 2123 4951 rota,
2154 4888 2209 4938 et
2247 4899 2316 4938 ea
2347 4884 2405 4938 in
2439 4882 2618 4937 altum
2652 4882 2846 4938 locum
2879 4882 3117 4937 feratur.
3151 4880 3370 4936 Deinde
3400 4897 3535 4937 cum
3566 4882 3618 4938 ei

1973 4969 2145 5026 fuerit
2171 4970 2436 5038 alligatus
2467 4969 2816 5035 Pantoleon,
2840 4984 2945 5040 per
2967 4967 3190 5023 declive
3213 4967 3505 5022 mittatur:
3523 4985 3618 5024 ac-

1973 5059 2126 5114 cidet
2151 5059 2308 5113 enim
2333 5058 2599 5123 omnino,
2635 5062 2696 5112 ut
2733 5073 2870 5113 cum
2907 5056 3188 5112 deorsum
3219 5055 3456 5119 feratur,
3488 5056 3615 5127 ipse

1972 5163 2078 5218 per
2100 5151 2297 5218 partes
2323 5153 2377 5201 et
2401 5146 2670 5201 membra
2691 5149 3047 5210 conteratur,
3067 5147 3122 5200 et
3145 5143 3228 5199 sic
3245 5143 3440 5198 malus
3461 5146 3616 5201 male

1972 5241 2193 5309 pereat.
2226 5235 2292 5288 Et
2320 5236 2446 5291 haec
2475 5234 2721 5306 quidem
2750 5233 2831 5289 illi
2862 5232 3121 5305 prompti
3154 5231 3231 5287 ad
3258 5231 3482 5288 malum
3531 5233 3617 5289 in-

1971 5324 2355 5388 veniendum,
2393 5328 2449 5378 et
2475 5323 2578 5394 qui
2607 5321 2752 5376 nihil
2793 5337 2962 5393 aeque
2999 5321 3150 5377 bene
3179 5319 3494 5388 faciebant,
3519 5339 3616 5379 ac-

1973 5412 2288 5471 lmdehant.
2316 5413 2469 5468 Deus
2491 5415 2711 5477 autem,
2738 5409 2841 5483 qui
2864 5424 3103 5481 semper
3121 5410 3374 5483 protegit
3394 5425 3494 5466 eos
3507 5412 3614 5484 qui
