4144 6258
553 253 653 312 ιη

1936 232 2199 293 MENSIS
2246 226 2520 286 JULIUS.

3878 215 3985 273 472

554 384 721 437 illum
755 378 1031 448 diligunt,
1072 391 1148 431 ne
1177 388 1339 429 nunc
1378 371 1620 445 quidem
1652 367 1870 424 deserit
1896 360 2209 419 Pantoleo-

2348 360 2406 406 οῦ
2490 357 2651 406 τόπου
2734 351 3083 422 ἀνενεχθήτω.
3170 342 3295 400 Εἶτα
3378 352 3470 398 τοῦ
3550 341 3989 404 Παντολὼντος

555 486 713 537 nem,
732 468 836 521 sed
854 483 987 521 eum
1006 481 1212 520 rursus
1237 461 1516 524 defendit,
1539 460 1687 513 sicut
1718 459 1964 511 charum
1998 448 2203 504 ﬁlium.

560 556 887 629 συμϐήσεται
937 557 1036 626 γὰρ
1106 554 1303 610 πάντως
1372 557 1462 601 τοῦ
1528 554 1726 620 τροχοῦ
1789 540 2203 613 καταφερομένου

555 654 727 706 κακῶς
810 643 1111 695 ἀπολέσθαι.

553 733 630 785 ἀεὶ
682 742 779 783 τῶν
823 733 1177 801 ἡγαπηκότων
1231 728 1385 779 αὐτόν
1428 724 1795 799 ύπερασπίζων
1852 722 1997 782 Θεὸς,
2044 708 2165 765 οὐδὲ
2206 714 2293 759 νῦν
2342 705 2597 778 ἀφίστατο
2663 705 3054 767 Πανταλέοντος,

560 823 711 881 αὖθις
737 823 1047 894 προΐστατο.

629 910 785 965 XXII.
819 912 1006 978 Atque
1054 906 1285 962 interim
1338 903 1582 977 quidem
1618 901 1834 956 mansit
1863 898 1920 952 in
1962 903 2215 951 carcere,

560 998 750 1052 donec
776 1000 1114 1051 constructa
1145 996 1461 1049 essetrota.
1492 992 1639 1045 Cum
1661 1005 1797 1042 vero
1817 1003 1886 1041 ea
1911 987 2068 1039 esset
2092 980 2219 1049 jam

561 1089 917 1149 constructa,
944 1098 1150 1138 rursus
1178 1085 1557 1136 concurrente
1580 1093 1801 1145 magna
1821 1069 2217 1129 multitudine,

561 1180 758 1243 utpote
789 1172 951 1243 quod
984 1172 1305 1241 imperator
1335 1169 1457 1238 ipse
1480 1168 1710 1221 adesset
1741 1166 2054 1235 spectator,
2090 1155 2218 1210 alli-

562 1266 730 1329 gatur
758 1264 976 1331 martyr
1004 1264 1163 1321 rotae,
1210 1263 1264 1311 et
1294 1257 1422 1326 ipse
1455 1255 1713 1324 desuper
1744 1268 1849 1322 per
1879 1246 2101 1303 declive
2137 1244 2220 1298 di-

563 1349 829 1405 mittitur.
866 1351 931 1403 Et
959 1347 1039 1401 illi
1067 1346 1308 1417 quidem
1347 1343 1611 1414 psalmus
1646 1339 1925 1396 movebat
1949 1336 2134 1396 labra,
2167 1336 2223 1387 et

563 1453 787 1508 preces,
823 1452 957 1507 quae
985 1436 1295 1492 Potentem
1342 1430 1640 1487 vocabant
1680 1429 1757 1483 ad
1786 1425 2090 1483 auxilium.
2125 1421 2221 1475 Ille

565 1530 760 1579 autem
793 1524 1063 1594 protinus
1096 1521 1322 1583 aderat,
1349 1535 1487 1575 eum
1513 1517 1873 1573 conﬁrmans
1904 1530 1915 1569 :
1948 1517 2004 1567 et
2036 1510 2114 1565 ad
2132 1525 2224 1563 os-

569 1612 920 1673 tendendam
938 1611 1330 1682 praesentiam,
1354 1607 1783 1678 rumpebantur
1804 1602 2054 1664 vincula,
2079 1614 2223 1653 mar-

569 1704 660 1770 tyr
683 1699 1079 1763 relaxabatur,
1112 1702 1303 1752 eterat
1329 1697 1407 1751 ab
1435 1696 1597 1749 omni
1624 1694 1778 1749 malo
1803 1693 2047 1759 integer.
2080 1690 2227 1743 Rota

570 1792 767 1841 autem
794 1801 915 1840 non
944 1790 1065 1841 tam
1116 1790 1317 1840 contra
1349 1783 1533 1848 illum,
1568 1799 1752 1854 quam
1785 1797 1893 1853 pro
1929 1780 2030 1834 illo
2071 1785 2222 1840 acta,

569 1874 782 1929 occidit
804 1875 1020 1928 multos
1048 1873 1315 1927 inﬁdeles
1378 1894 1389 1936 ς
1424 1876 1480 1927 et
1512 1872 1594 1926 sic
1625 1872 1689 1924 ﬁt
1720 1886 1899 1941 paena
1938 1868 2115 1921 ultrix
2155 1879 2226 1919 eo

571 1963 878 2033 modo,qui
893 1962 1007 2016 dici
1024 1962 1226 2032 nequit
1246 1981 1258 2029 ;
1275 1967 1328 2015 et
1342 1962 1713 2030 cognoscitur
1730 1956 2117 2025 Deusjudicia
2129 1955 2224 2023 fa-

571 2051 726 2106 ciens
758 2053 803 2115 ⁹,η
835 2057 889 2104 et
917 2052 1063 2104 Deus
1088 2052 1377 2105 ultionum
1406 2050 1582 2103 libere
1606 2050 1809 2117 agit”.
1848 2048 2084 2116 Propter
2113 2044 2227 2097 hoc

571 2139 747 2192 timor
769 2138 977 2192 invasit
1008 2138 1330 2203 civitatem,
1354 2137 1770 2208 imperatorem
1803 2133 2137 2190 admiratio.
2165 2132 2225 2186 Et

570 2241 707 2279 cum
736 2230 891 2279 esset
923 2225 1120 2279 adhuc
1172 2241 1407 2281 crassus
1448 2224 1602 2286 vitio,
1660 2239 1768 2278 nec
1799 2226 2002 2293 posset
2033 2220 2227 2274 lucem

569 2312 869 2382 suscipere
896 2313 1170 2377 veritatis,
1195 2315 1427 2383 rogavit
1452 2317 1726 2367 sanctum
1750 2328 1760 2365 :
1791 2312 1935 2377 Quid
1963 2311 2089 2364 haec
2114 2308 2227 2363 sibi

571 2401 819 2456 volunt?
847 2406 901 2456 et
923 2417 1236 2473 quousque
1255 2418 1324 2457 ex
1346 2407 1547 2457 nostro
1569 2401 1793 2472 populo
1817 2401 1962 2455 alios
1984 2399 2229 2470 quidem

573 2504 608 2543 a
633 2489 745 2543 diis
770 2488 1053 2557 abduces,
1081 2489 1229 2543 alios
1271 2494 1469 2545 autem
1500 2490 1672 2543 morti
1700 2489 1896 2553 dedes,
1933 2494 1992 2541 ut
2016 2487 2229 2540 horum

573 2575 818 2645 quidem
849 2576 1269 2631 detrimentum
1310 2577 1630 2647 patiamur,
1664 2575 1793 2628 illos
1826 2578 2022 2628 autem
2050 2572 2230 2627 etiam

575 2662 749 2717 nobis
790 2663 1085 2718 habemus
1118 2664 1398 2719 adversos
1428 2663 1456 2717 ‘I
1513 2661 1735 2716 Deinde
1767 2662 1939 2716 etiam
1984 2659 2229 2729 rogavit,

577 2766 905 2821 quemnam
937 2752 1242 2807 habuisset
1264 2752 1588 2818 doctorem,
1616 2754 1672 2805 et
1697 2766 1763 2804 ex
1785 2765 1906 2821 quo
1937 2749 2233 2804 didicisset

580 2838 1118 2894 Christianismum.

656 3016 833 3071 XXIII.
867 3016 1073 3071 Christi
1104 3031 1244 3070 vero
1275 3019 1501 3086 martyr
1525 3016 1891 3072 conﬁdenter
1919 3017 2234 3074 conﬁtetur

582 3104 986 3171 Hermolaum,
1014 3108 1077 3159 ut
1103 3104 1203 3175 qui
1227 3119 1345 3158 non
1370 3108 1571 3175 posset
1591 3120 1727 3158 eum
1759 3104 1967 3173 celare,
1988 3106 2089 3177 qui
2112 3120 2232 3160 non

583 3193 940 3262 eratangulo
958 3194 1177 3261 dignus
1192 3198 1247 3248 et
1261 3192 1559 3247 oblivione
1575 3208 1587 3246 :
1605 3193 1867 3248 sedluce.
1885 3195 2016 3247 Cum
2034 3199 2234 3248 autem

581 3280 878 3351 jussisset,
895 3282 1019 3336 utei
1040 3282 1537 3352 producereturin
1563 3286 1947 3352 conspectum
1962 3324 1974 3346 ,
1992 3281 2237 3335 minime

584 3368 810 3424 distulit
842 3374 1087 3441 martyr,
1123 3375 1183 3423 ut
1211 3370 1316 3440 qui
1348 3369 1651 3425 didicisset
1681 3368 2060 3439 experientia,
2094 3385 2239 3440 qua-

584 3457 657 3511 lis
678 3465 827 3512 esset
849 3458 1009 3527 apud
1023 3473 1159 3513 eum
1184 3458 1389 3528 lingua
1403 3463 1459 3513 et
1484 3458 1809 3526 ingenium,
1837 3474 1972 3528 quae
2006 3458 2238 3512 facilius

586 3561 799 3617 capere
838 3552 1099 3617 possent,
1129 3562 1310 3617 quam
1342 3547 1495 3616 capi.
1527 3547 1737 3600 Abiens
1764 3562 1903 3616 ergo
1925 3546 2017 3601 ille
2041 3547 2237 3615 justus

591 3634 771 3688 simul
800 3650 937 3687 cum
972 3634 1155 3688 tribus
1187 3635 1491 3698 militibus,
1521 3634 1739 3704 quibus
1776 3634 1999 3689 credita
2047 3634 2238 3689 fuerat

592 3722 721 3789 ejus
755 3721 1041 3784 custodia,
1077 3720 1235 3774 venit
1278 3721 1337 3774 in
1368 3721 1636 3789 domum,
1675 3722 1735 3775 in
1770 3722 2127 3791 qualatebat
2153 3722 2236 3775 di-

594 3809 769 3863 vinus
802 3808 1162 3863 Hermolaus.
1197 3810 1384 3873 Quem
1406 3823 1543 3862 cum
1574 3810 1702 3879 ipse
1730 3810 2058 3880 aspexisset
2086 3827 2096 3865 :
2131 3813 2241 3865 Cur

592 3899 712 3952 huc
742 3897 970 3960 venisti,
1004 3896 1105 3963 ﬁli,
1138 3901 1194 3951 et
1224 3912 1487 3967 quanam
1514 3897 1586 3951 de
1619 3914 1801 3953 causa
1828 3896 2117 3965 Yrogavit.
2145 3898 2240 3951 Ille

594 4000 736 4040 vero
761 3987 861 4039 :Te
879 3989 1071 4052 vocat,
1090 3985 1647 4057 inquit,imperator,
1671 3986 1914 4041 domine
1938 3987 2017 4041 mi
2040 4003 2239 4041 senex.

598 4075 649 4128 Is
674 4089 813 4129 vero
840 4074 1003 4140 dixit,
1034 4090 1093 4129 se
1115 4074 1228 4128 hoc
1260 4074 1426 4139 scire,
1455 4075 1742 4145 quoniam
1791 4076 1957 4131 adest
2007 4082 2242 4146 tempus

595 4162 860 4233 patiendi
887 4166 943 4217 et
972 4163 1263 4217 moriendi
1291 4178 1397 4233 pro
1429 4162 1675 4226 Christo,
1712 4169 1768 4219 ut
1797 4164 1917 4236 ipse
1949 4164 1999 4219 ei
2024 4164 2245 4235 signiﬁ-

595 4255 834 4306 caverat
862 4250 959 4305 illa
989 4256 1177 4307 nocte.
1216 4251 1524 4323 Postquam
1550 4268 1690 4321 ergo
1722 4253 1800 4307 illi
1859 4254 2248 4312 constiterunt

596 4344 732 4394 ante
760 4339 1202 4408 imperatorem,
1231 4340 1329 4394 ille
1374 4340 1619 4407 rogavit,
1656 4342 1935 4411 quisnam
1993 4350 2149 4398 esset
2196 4345 2247 4399 ei

597 4440 839 4480 nomen.
873 4425 924 4477 Is
950 4440 1086 4479 vero
1138 4431 1194 4479 et
1250 4441 1467 4479 nomen
1499 4426 1659 4493 dixit,
1698 4432 1754 4480 et
1780 4444 1897 4482 non
1931 4429 2139 4485 celavit
2188 4448 2247 4486 se

600 4526 727 4565 esse
741 4510 1149 4566 Christianum.
1174 4512 1387 4565 Deinde
1406 4528 1531 4566 cum
1546 4520 1812 4581 rogasset
1828 4517 2153 4585 imperator,
2171 4536 2247 4574 an

600 4599 779 4654 etiam
796 4614 993 4653 secum
1017 4599 1165 4653 alios
1180 4599 1426 4655 haberet
1442 4600 1823 4668 Christianos,
1841 4604 1931 4658 ille
1946 4622 2082 4661 cum
2096 4616 2249 4665 esset

603 4704 801 4750 verax,
820 4687 983 4751 dixit,
1006 4688 1393 4758 Hermippum
1413 4692 1469 4743 et
1499 4692 2127 4764 Hermocratem,quos
2152 4697 2249 4751 ha-

600 4776 798 4832 bebat.
829 4778 971 4831 Cum
1003 4792 1101 4831 eos
1128 4792 1267 4843 ergo
1288 4776 1562 4845 jussisset
1593 4779 1767 4834 etiam
1803 4781 1923 4835 sisti
1951 4798 2086 4838 cum
2117 4788 2244 4839 Her-

604 4866 819 4928 molao,
851 4864 947 4919 ubi
980 4865 1273 4920 affuerunt
1304 4882 1315 4919 :
1347 4865 1460 4919 Vos
1486 4868 1645 4933 estis,
1690 4869 1892 4938 inquit,
1916 4871 2014 4942 qui
2047 4876 2249 4929 Panto-

600 4952 833 5007 leonem
858 4968 891 5005 a
910 4951 1070 5006 cultu
1094 4952 1339 5007 deorum
1360 4953 1689 5009 abduxistis
1706 4956 1732 5011 ?
1750 4957 1832 5011 Illi
1852 4964 2046 5014 antem
2082 4977 2091 5013 :
2116 4964 2241 5024 Eos,

604 5039 1164 5111 inquiunt,quiipso
1183 5040 1349 5109 digni
1376 5047 1529 5107 sunt,
1556 5043 1934 5101 Christusscit
1960 5048 2033 5103 ad
2055 5049 2246 5105 lucem

600 5142 833 5182 vocare.
862 5130 1187 5200 Imperator
1216 5134 1416 5184 autem
1447 5146 1459 5184 :
1493 5131 1697 5196 Missis,
1726 5134 1935 5206 inquit,
1970 5136 2163 5206 nugis,
2199 5138 2245 5193 si

603 5214 777 5268 vultis
799 5216 875 5268 ab
901 5216 1011 5271 hac
1034 5217 1225 5286 priore
1247 5218 1422 5289 culpa
1447 5218 1693 5283 absolvi,
1719 5226 1773 5278 et
1794 5223 1861 5277 iis
1892 5224 1987 5294 qui
2016 5240 2050 5279 a
2076 5226 2248 5281 nobis

604 5306 901 5365 amantur,
934 5308 989 5357 et
1018 5304 1241 5373 primos
1263 5305 1520 5363 honores
1539 5326 1573 5366 a
1590 5309 1763 5366 nobis
1789 5318 2244 5382 consequuntur,

680 5477 699 5512 θ
742 5471 895 5533 Psal.
937 5487 1016 5539 1x,
1062 5474 1144 5531 t7.
1226 5476 1271 5509 ¹⁰
1312 5477 1461 5534 Psal.
1502 5486 1720 5553 mind.

2321 443 2459 512 αὐτῷ
2513 439 2908 514 προσδεθέντος,
2970 438 3210 508 ἀφεθήτω
3290 437 3423 487 κατὰ
3492 442 3587 486 τοῦ
3688 440 3981 504 πρανους

2266 533 2403 581 κατά
2463 534 2610 603 μέρος
2664 529 2816 581 αὐτόν
2860 525 3188 599 ἐπιτριϐῆναι
3238 530 3327 576 καὶ
3372 523 3516 595 μελος
3573 526 3763 573 κακὸν
3834 521 3981 571 οὕτω

1200 645 1296 692 Καὶ
1349 646 1515 690 ταῦτα
1559 608 1664 707 μέν.
1703 637 1752 686 οἱ
1825 633 2178 703 ποριμὼτατοι
2248 622 2341 675 τὴν
2415 623 2600 670 κακίαν
2671 623 2760 670 καὶ
2817 619 2941 690 πρὸς
2996 618 3054 667 τὸ
3117 612 3364 685 βλάπτειν
3423 615 3714 684 εὑρετικοί.
3776 608 3854 661 Ὀ
3926 608 3981 662 ὦ

3105 702 3211 755 ἀλλ’
3258 704 3343 755 οἶα
3395 702 3541 773 φίλου
3586 696 3817 760 παιδὸς
3886 703 3977 749 καὶ

2402 884 2518 940 ΚΒ’.
2578 888 2646 937 Τὸ
2702 887 2792 955 μὲν
2841 884 2927 935 οὖν
2985 885 3148 955 παρὸν
3202 880 3478 953 ἐλάμϐανεν
3532 879 3697 930 αὐτόν
3763 879 3795 934 ἡ
3862 880 3971 949 εἰρ-

3760 966 3865 1027 Ὠς
3912 964 3966 1017 ἐξ

2330 1060 2436 1121 ήδη
2495 1068 2583 1114 καὶ
2640 1064 3047 1126 κατεσκεύαστο,
3107 1060 3337 1118 πλήθους
3393 1057 3544 1110 πάλιν
3601 1052 3964 1127 συνδραμονο

2328 980 2442 1037 κτῆ,
2505 978 2595 1035 ἕως
2636 977 2665 1031 ἡ
2717 980 2809 1025 τοῦ
2863 981 3062 1047 τροχοῦ
3104 974 3401 1028 κατασκευή
3462 973 3685 1040 γένοιτο.

2330 1171 2415 1210 τος
2463 1151 2671 1214 πολλοῦ,
2728 1151 2818 1202 ἅτε
2869 1148 3128 1222 βασιλέως
3187 1147 3342 1199 αὐτοῦ
3412 1149 3592 1199 θεατοῦ
3652 1151 3959 1217 παρόντος,

2332 1236 2604 1310 δεσμεῖται
2657 1240 2681 1290 6
2734 1242 2931 1311 μάρτυς
2982 1242 3113 1310 πρὸς
3160 1246 3231 1307 τῷ
3258 1244 3458 1309 τροχῷ,
3491 1240 3580 1287 καὶ
3620 1234 3801 1295 αὐτὸς
3828 1235 3961 1284 ἅνω-

2334 1331 2412 1380 θεν
2451 1330 2585 1379 κατά
2638 1334 2728 1379 τοῦ
2780 1335 3005 1401 πρανοῦς
3059 1325 3283 1398 ἀφίεται.
3339 1330 3437 1378 Καὶ
3479 1332 3551 1395 τῷ
3594 1326 3685 1397 μὲν
3729 1322 3959 1393 ψαλμός

2330 1419 2395 1468 τα
2445 1415 2597 1487 χείλη
2658 1418 2809 1467 ἐκίνει
2861 1420 2949 1467 καὶ
3004 1415 3135 1486 εὐχή
3187 1414 3419 1465 καλοῦσα
3466 1416 3552 1465 τόν
3606 1414 3854 1463 Δυνατόν
3892 1412 3956 1469 εἰς

2335 1504 2659 1578 ἐπικουρίαν.
2716 1504 2775 1555 Ὀ
2831 1500 2890 1557 δὲ
2942 1508 2999 1555 τὸ
3057 1506 3225 1575 τάχος
3276 1512 3447 1576 παρῆν
3500 1501 3796 1572 ἐνισχύων,
3862 1510 3951 1551 καί

2337 1591 2529 1665 δεῖγμα
2571 1602 2667 1655 τῆς
2703 1598 2997 1667 παρουσίας
3049 1592 3325 1667 ἐρρήγνυτο
3369 1595 3434 1643 τὰ
3486 1588 3679 1662 δεσμὰ,
3740 1591 3770 1640 ὁ
3816 1592 3951 1660 μάρ-

2335 1704 2426 1743 τυς
2482 1683 2648 1735 ἀνίετο
2696 1688 2784 1734 καὶ
2837 1690 2999 1734 κακοῦ
3034 1685 3221 1741 παντὸς
3268 1683 3481 1739 ἄθικτος
3525 1677 3604 1737 ἦν’
3662 1681 3689 1730 ό
3740 1683 3949 1753 τροχὸς

2337 1771 2395 1825 δε
2442 1772 2499 1823 οὗ
2545 1776 2657 1823 κατ’
2711 1770 2902 1823 ἐκείνου
2955 1771 3164 1842 μᾶλλον,
3220 1769 3324 1821 ἀλλ’
3375 1770 3500 1843 ὑπὲρ
3541 1768 3739 1820 ἐκείνου
3799 1774 3946 1841 φερόο

2336 1881 2499 1933 μενος,
2542 1860 2755 1920 πολλοὺς
2803 1860 3057 1912 ἀπόλλυσι
3112 1868 3209 1911 τῶν
3268 1858 3521 1921 ἀπίστων,
3571 1863 3669 1909 καὶ
3738 1862 3946 1928 γίνεται

2336 1951 2469 2002 οὕτω
2517 1952 2743 2023 τιμωρὸς
2800 1948 3033 2023 ἀρρήτως
3086 1949 3114 2005 ή
3171 1952 3419 2019 τιμωρία,
3476 1952 3566 1998 καὶ
3618 1952 3945 2016 γινώσκεται

2339 2042 2527 2113 Κύριος
2582 2044 2812 2113 κρίματα
2866 2046 3024 2090 ποιῶν
3100 2041 3186 2088 καὶ
3243 2040 3364 2098 Θεὸς
3433 2037 3457 2086 6
3537 2044 3635 2088 τῶν
3720 2032 3946 2093 ἐκδική-

2338 2148 2464 2179 σεων
2540 2125 2783 2198 ἐκδήμως
2860 2125 3298 2200 παρρησιάζεται.
3361 2123 3516 2184 Φόϐος
3573 2123 3657 2177 ἐπὶ
3736 2128 3944 2185 τούτοις

2336 2220 2466 2289 ἔσχε
2520 2222 2613 2275 τήν
2658 2216 2826 2284 πόλιν,
2868 2219 3043 2286 θαῦμα
3080 2218 3166 2266 τὸν
3219 2212 3461 2286 βασιλέα,
3511 2219 3597 2265 καὶ
3646 2217 3723 2266 ἔτι
3757 2218 3945 2285 παχύς

2338 2311 2403 2356 ὤν
2434 2310 2527 2362 τὴν
2579 2310 2764 2355 κακίαν
2795 2308 2883 2355 καὶ
2932 2310 3021 2355 τοῦ
3068 2311 3160 2364 τῆς
3210 2301 3466 2363 εὐσεϐείας
3514 2306 3681 2373 φωτὸς
3734 2302 3945 2375 ἀπαρά-

2341 2391 2542 2459 ὃεκτος,
2596 2392 2899 2445 ἐπυνθάνετο
2954 2394 3097 2464 παρά
3151 2399 3243 2443 τοῦ
3298 2391 3469 2463 ἁγίου·
3522 2393 3679 2443 Πόθεν
3726 2399 3939 2455 ταῦτα;

2339 2487 2425 2533 καὶ
2478 2484 2612 2553 ἄχρι
2640 2486 2795 2547 τίνος,
2844 2487 3023 2552 φησὶν,
3080 2485 3195 2540 τοὺς
3240 2484 3329 2551 μὲν
3369 2482 3617 2551 ἡμετέρου
3665 2479 3794 2531 λαοῦ
3840 2489 3941 2531 τῶν

2344 2573 2465 2622 θεῶν
2524 2569 2862 2634 ἀποστήσεις,
2936 2573 3063 2630 τοὺς
3151 2566 3209 2621 δὲ
3293 2571 3494 2639 θανάτῳ
3550 2568 3937 2640 παραπέμψας,

2342 2659 2406 2709 ἶν’
2463 2658 2679 2718 ἐκείνους
2731 2662 2820 2729 μεν
2868 2658 3031 2710 τελεον
3084 2659 3426 2730 ζημιοίμεθα,
3474 2660 3681 2717 τούτους
3726 2654 3787 2709 δὲ
3840 2664 3939 2710 καὶ

2341 2748 2456 2799 καθ’
2505 2750 2650 2819 ήμῶν
2699 2749 2945 2819 ἔχοιμεν;
2980 2742 3107 2799 Εἶτα
3148 2751 3237 2798 καὶ
3269 2750 3383 2798 τίνα
3431 2748 3561 2816 ἔσχε
3588 2748 3665 2797 τὸν
3708 2743 3928 2797 παιδευο

2341 2841 2434 2894 τὴν
2501 2837 2670 2909 ἤρετο,
2725 2840 2815 2888 καὶ
2870 2838 3014 2909 παρά
3068 2840 3206 2897 τίνος
3256 2837 3416 2906 μάθοι
3471 2838 3558 2887 τόν
3626 2842 3934 2908 Χριστιανι-

2262 2907 2303 2964 C
2345 2931 2495 2997 σμόν.

2416 3015 2534 3069 ΚΓ’.
2580 3013 2639 3066 Ὀ
2692 3010 2751 3066 δε
2798 3021 2889 3066 τοῦ
2936 3020 3170 3087 Χριστοῦ
3219 3014 3418 3086 μάρτυς
3466 3012 3785 3088 θάῤῥούντως
3818 3015 3938 3086 ὁμο-

2345 3106 2480 3174 λογεῐ
2530 3108 2618 3155 καὶ
2675 3110 2881 3176 φανεροί
2936 3107 3022 3154 τὸν
3092 3101 3391 3176 Ἑρμόλαον,
3458 3102 3515 3153 οὐ
3571 3105 3815 3174 κρύπτειν
3868 3104 3937 3155 εἰ·

2348 3190 2451 3250 δὼς
2508 3195 2593 3243 τὸν
2646 3196 2717 3262 μή
2777 3196 2964 3261 γωνίας
3013 3196 3099 3242 καὶ
3153 3191 3337 3253 λήθης,
3400 3189 3526 3242 ἀλλά
3575 3195 3737 3262 φωτός
3776 3192 3936 3253 ἄξιον.

2350 3280 2486 3331 Ἐπεὶ
2535 3276 2594 3332 δὲ
2650 3278 2904 3331 ἐκέλευσεν
2961 3284 3049 3331 καὶ
3100 3279 3170 3340 εἰς
3234 3279 3352 3349 ὄψιν
3408 3280 3549 3349 αὐτῷ
3605 3282 3859 3350 γενέσθαι,
3914 3283 3940 3332 ό

2347 3371 2543 3439 μάρτυς
2621 3368 2714 3420 ούκ
2775 3367 3095 3432 ἀνεϐάλλετο,
3185 3373 3339 3440 πείρα
3405 3370 3603 3439 μαθὼν,
3686 3370 3771 3421 οἵα
3821 3370 3941 3443 παρ’

2348 3456 2485 3525 αύτῷ
2538 3457 2741 3527 γλῶττα
2795 3461 2884 3508 καὶ
2964 3460 3132 3529 φρένες
3193 3458 3355 3528 θηρᾴν
3412 3456 3602 3527 μᾶλλον
3670 3462 3699 3515 ἦ
3788 3460 3944 3531 θηρᾶ-

2351 3547 2473 3597 σθαι
2544 3542 2843 3617 δυνάμεναι.
2917 3545 3175 3597 Ἀπελθὼν
3251 3550 3421 3596 τοίνυν
3476 3546 3500 3596 6
3578 3542 3780 3608 δίκαιος
3848 3552 3941 3599 σὺν

2347 3635 2456 3705 ἅμα
2506 3639 2649 3707 τρισὶ
2691 3639 3038 3707 στρατιώταις
3087 3638 3192 3694 τόίς
3237 3638 3329 3692 τὴν
3375 3634 3607 3704 φυλακήν
3654 3636 3812 3687 αὐτοῦ
3859 3656 3942 3687 πι-

2350 3724 2628 3786 στευθείσι,
2700 3721 3013 3794 προσϐάλλει
3061 3731 3132 3792 τῷ
3202 3719 3470 3793 δωματίῳ,
3540 3725 3660 3775 ἔνθα
3724 3725 3749 3775 6
3812 3726 3944 3786 θεῖος

2346 3810 2624 3881 Ἑρμόλαος
2669 3816 3019 3884 κρυπτόμενος
3079 3807 3158 3875 ἦν,
3237 3813 3289 3862 ὃν
3365 3811 3522 3872 αὐτὸς
3609 3814 3936 3875 θεασάμενος

2348 3903 2411 3949 Τί
2463 3900 2580 3959 ἧκες
2638 3898 2877 3963 ἐνταῦθα,
2924 3905 3115 3964 τέκνον,
3167 3905 3255 3951 καὶ
3306 3905 3443 3962 τίνος
3492 3903 3652 3975 χάριν
3687 3919 3700 3968 ;
3735 3899 3937 3954 διεπυν-

2354 3988 2548 4040 θάνετο.
2603 3992 2702 4040 Καὶ
2749 3991 2821 4049 ὅς’
2878 3988 2935 4040 Ὀ
2985 3988 3252 4061 βασιλεὺς,
3308 3992 3426 4060 ἔφη,
3475 3990 3621 4042 καλεῖ
3670 4009 3745 4057 σε,
3801 3995 3941 4065 κύριέ

2352 4094 2451 4146 μου
2478 4075 2759 4146 πρεσϐύτα.
2791 4076 2849 4128 Ὁ
2896 4073 2953 4128 δὲ
2984 4084 3258 4148 γινώσκειν
3301 4077 3438 4147 ἔλεγε
3476 4085 3648 4143 τοῦτο,
3695 4081 3801 4132 ἐπεὶ
3855 4086 3939 4133 καὶ

2356 4165 2380 4215 6
2438 4168 2614 4236 καιρός
2670 4167 2891 4239 πάρεστι
2966 4174 3056 4217 τοῦ
3110 4167 3235 4239 ὑπὲρ
3291 4174 3525 4239 Χριστοῦ
3578 4169 3758 4219 παθεῖν
3814 4167 3939 4239 κάμὲ

2280 4246 2325 4302 D
2356 4258 2445 4305 καὶ
2488 4256 2669 4318 θανεῖν,
2712 4256 2778 4315 ὦς
2830 4273 2918 4325 μοι
2966 4262 3058 4315 τῆς
3116 4258 3299 4314 νυκτός
3344 4257 3537 4316 ταύτης
3586 4256 3743 4316 αὐτὸς
3788 4254 3939 4315 δεδή-

2357 4341 2531 4393 λωκεν.
2586 4342 2671 4404 Ὠς
2715 4342 2800 4393 οὖν
2847 4341 3146 4403 ἀπελθόντες
3203 4352 3274 4411 τῷ
3331 4341 3540 4414 βασιλεῖ
3591 4349 3937 4417 παρέστησαν,

2357 4436 2609 4502 προσχὼν
2693 4431 2877 4491 ἐκεῖνος
2938 4439 3010 4500 τῷ
3083 4429 3345 4502 πρεσϐύτῃ
3397 4437 3479 4492 τίς
3531 4451 3585 4483 τε
3625 4435 3701 4491 εἰη
3756 4440 3841 4484 καὶ
3892 4438 3941 4485 τί

2358 4520 2515 4589 ὄνομα
2568 4518 2707 4587 αύτῷ
2762 4519 2929 4589 ῆρετο.
2978 4517 3036 4571 c0
3096 4516 3153 4571 δὲ
3198 4524 3287 4571 καὶ
3336 4523 3393 4570 τό
3444 4523 3603 4590 ὄνομα
3642 4522 3731 4591 ἔφη
3775 4525 3937 4573 καὶτὸ

2358 4610 2667 4678 Χριστιανὸς
2715 4602 2840 4656 εἶναι
2897 4606 2989 4656 οὐκ
3070 4605 3427 4677 ἀπεκρύψατο.
3515 4609 3641 4660 Εἶτα
3712 4607 3934 4681 ἐρομένου

2361 4702 2448 4745 τοῦ
2494 4693 2766 4764 βασιλέως,
2824 4694 2867 4744 εἰ
2922 4700 3011 4746 καὶ
3061 4695 3240 4754 ἄλλους
3291 4698 3408 4767 ἔχοι
3463 4702 3803 4768 Χριστιανούς
3848 4701 3928 4747 σὺν

2360 4782 2513 4851 αὐτῷ,
2598 4781 2876 4852 φιλαλήθης
2956 4784 3021 4833 ὢν
3096 4782 3303 4845 ἐκεῖνος,
3375 4782 3666 4855 Ἕρμιππόν
3739 4803 3788 4834 τε
3848 4788 3929 4833 καὶ

2355 4870 2706 4943 Ἑρμοκράτην
2755 4871 2842 4930 οῦς
2894 4868 3053 4941 εἶχεν,
3107 4874 3325 4943 ε’ίρηκεν.
3372 4875 3599 4932 Τούτους
3639 4868 3721 4922 οὖν
3768 4870 3933 4941 ἀχθῆ-

2356 4980 2440 5010 ναι
2490 4965 2577 5010 καὶ
2639 4962 2728 5010 σύν
2782 4958 3044 5033 Ἑρμολάῳ
3097 4971 3431 5032 παραστῆναι
3490 4962 3629 5030 αὐτῷ
3678 4959 3935 5027 κελεύσας,

2359 5048 2463 5100 ἐπεὶ
2534 5053 2884 5121 παρέστησαν·
2942 5049 3109 5120 Ὑμεῖς
3168 5050 3303 5115 ἐστε,
3362 5054 3477 5121 ἔφη,
3539 5052 3588 5103 οἳ
3639 5053 3725 5102 τόν
3809 5055 3939 5101 Παν-

2356 5137 2590 5189 τολέοντα
2635 5147 2723 5197 τῆς
2775 5147 2873 5190 τῶν
2942 5140 3063 5189 θεῶν
3120 5137 3446 5197 ἀπεστήσατε
3513 5141 3837 5211 θρησκείας;
3884 5139 3945 5189 Οἱ

2360 5222 2435 5278 δέ·
2481 5229 2611 5285 Tati;
2665 5225 2837 5288 ἀξίους
2889 5228 2913 5277 6
2956 5231 3184 5299 Χριστὸς
3215 5224 3326 5279 οἶδε
3356 5227 3525 5280 καλεῖν
3560 5232 3684 5301 πρὸς
3732 5230 3793 5278 τό
3826 5234 3942 5297 φῶς.

2361 5318 2459 5367 Καὶ
2517 5315 2540 5364 6
2600 5313 2860 5385 βασιλεύς·
2912 5315 3140 5386 Ἀᾳέντες
3187 5318 3243 5368 τὸ
3294 5315 3588 5387 κενολογεῖν,
3648 5318 3767 5387 ἔφη,
3808 5318 3940 5391 εἴπερ
