4144 6258
256 303 391 363 4⁵73

1516 313 1680 370 VITA
1725 313 1783 369 S.
1825 312 1912 368 PA
1921 309 2444 376 NTELEEMONIS.

3543 315 3642 375 47S

261 431 544 506 βούλεσθε
590 434 680 483 καὶ
731 439 828 495 τῆς
895 437 1144 510 προτέρας
1213 439 1412 500 ταύτης
1468 439 1636 501 αἰτίας
1698 438 1886 492 ἀπολυ-

2003 443 2410 508 annumerari,
2467 442 2678 500 efﬁcite
2717 445 2781 500 ut
2810 444 2859 500 ei
2907 443 3341 516 persuadeatur
3386 443 3498 500 diis
3547 461 3646 500 sa-

261 524 442 580 θῆναι
496 525 587 572 καὶ
667 528 774 580 τοῖς
838 523 962 595 παρ’
1027 525 1171 594 ἡμῶν
1245 526 1573 598 φιλουμένοις
1646 533 1736 580 καὶ
1792 536 1890 579 τῶν

260 615 501 683 πρώτων
573 609 877 680 ἠξιωμένοις
949 621 1110 684 τιμῶν
1188 624 1529 687 συνταγῆναι,
1613 618 1892 674 πεισθῆναι

263 707 466 752 τοῦτον
517 702 954 772 παρασκευάσατε
1024 710 1127 762 τοῖς
1209 706 1340 766 θεοῖς
1415 707 1592 758 θῦσαι.
1646 707 1711 756 Οἱ
1787 701 1885 756 δέ’

269 796 405 849 Πῶς
456 786 516 839 ἃν
559 795 712 839 τοῦτο
763 784 1034 858 δράσειαν,
1087 788 1248 857 εἷπον,
1301 795 1348 844 οἱ
1396 799 1626 866 πρώτους
1675 793 1890 854 ἑαυτοὺς

268 882 555 938 πείσαντες
605 880 676 946 μὴ
732 878 1027 936 ἀποστῆναι
1081 887 1310 945 Χριστοῦ
1371 878 1510 949 μηδὲ
1564 890 1760 954 κωφοῖς
1813 885 1887 934 εἱ-

271 963 474 1026 δώλοις
551 967 734 1018 θυσίαν
811 976 1215 1040 προσενεγκεῖν;
1275 973 1454 1023 Ταῦτά
1534 991 1587 1023 τε
1663 971 1888 1032 εἰπόντες

272 1060 374 1106 καὶ
405 1054 471 1114 εἰς
517 1053 764 1126 οὐρανούς
794 1058 1003 1126 ὄμματα
1051 1057 1281 1114 αἰσθητά
1328 1078 1382 1111 τε
1430 1059 1540 1131 οἶμα
1589 1064 1679 1110 καὶ
1726 1061 1886 1116 νοητά

2000 529 2281 587 criﬁcare.
2343 532 2428 586 Illi
2503 549 2664 598 vero,
2752 533 3083 599 Quomodo,
3156 534 3450 604 inquiunt,
3527 534 3643 589 hoc

2000 617 2310 675 fecerimus
2342 621 2444 692 qui
2487 621 2738 693 primum
2773 622 2945 677 nobis
2981 622 3451 693 persuaserimus
3479 622 3638 677 Chri-

1999 712 2154 762 stum
2185 724 2306 763 non
2337 710 2626 776 deserere,
2663 726 2768 765 nec
2811 710 3005 764 surdis
3052 709 3388 765 simulacris
3430 709 3640 764 oﬂ‘erre

1998 793 2352 850 sacriﬁcium
2382 797 2409 850 ?
2444 798 2578 852 Haec
2619 797 2915 861 dixerunt,
2963 801 3018 852 et
3066 813 3278 851 sensus
3319 802 3374 852 et
3421 797 3638 852 mentis

1995 881 2198 938 oculos
2223 883 2280 938 in
2301 885 2481 940 caelos
2507 885 2892 940 sustulerunt.
2920 885 3009 940 Sic
3028 885 3410 954 precantibus
3440 889 3640 940 autem

1994 978 2241 1043 apparet
2276 973 2573 1030 Salvator:
2603 981 2658 1029 et
2689 979 2846 1029 totus
2878 974 3075 1029 statim
3115 973 3278 1029 locus
3308 973 3564 1043 agitatur
3585 977 3644 1028 et

1997 1066 2283 1116 movetur.

273 1144 436 1218 ἦραν.
471 1143 619 1194 Ούτω
650 1139 708 1194 δε
740 1143 1042 1215 εὐχομένοις
1069 1144 1393 1217 ἐπιφαίνεται
1423 1150 1448 1198 6
1479 1153 1676 1219 Σωτὴρ,
1709 1153 1799 1199 καὶ
1833 1149 1858 1198 6
1885 1151 2041 1210 τόπος
2072 1148 2221 1210 εὐθὺς
2251 1150 2360 1210 ὅλος
2386 1151 2546 1221 κλόνῳ
2573 1157 2662 1203 καὶ
2692 1159 2894 1222 σεισμῷ
2929 1149 3194 1221 βάλλεται.

363 1231 481 1286 KA'.
531 1231 590 1283 Ὀ
641 1227 700 1284 δέ
744 1252 804 1302 γε
853 1241 968 1294 ταῖς
1018 1233 1279 1298 ἀληθείαις
1327 1233 1758 1308 διασεσεισμένος
1800 1239 1886 1288 τόν

277 1327 403 1370 νοῦν
487 1317 737 1390 βασιλεὺς
812 1323 928 1380 τοὺς
1021 1323 1164 1383 θεοὺς
1243 1326 1335 1394 ἔφη
1424 1323 1892 1394 ἀγανακτήσαντας

282 1414 461 1458 σεῖσαι
521 1411 614 1465 τὴν
661 1415 798 1478 γῆν;
852 1412 984 1482 πρὸς
1032 1410 1084 1461 ὃν
1132 1411 1158 1462 ό
1213 1415 1415 1485 μάρτυς
1485 1413 1625 1484 μάλα
1675 1421 1891 1478 συνετῶς

280 1499 374 1546 καὶ
419 1499 689 1567 γενναίως·
727 1497 789 1550 Εἰ
838 1493 896 1550 δὲ
934 1503 1022 1550 καὶ
1072 1499 1259 1560 αὐτούς
1311 1501 1546 1571 συμϐαίη
1597 1505 1715 1562 τοὺς
1747 1504 1888 1563 θεούς

284 1603 382 1636 σου
429 1591 754 1637 καταπεσεῖνο
791 1589 950 1638 Οὔπω
1001 1591 1155 1659 πέρας
1207 1589 1348 1660 εἶχεν
1403 1591 1428 1640 6
1481 1589 1647 1660 λόγος,
1676 1594 1766 1641 καί
1808 1609 1889 1650 τις

280 1680 382 1723 τῶν
434 1680 525 1724 τοῦ
581 1671 836 1744 βασιλέως
886 1680 1292 1748 παραγενόμενος
1340 1673 1400 1734 ἧν
1447 1677 1663 1748 ἄγγελος
1714 1677 1884 1749 ἐκείνῳ

280 1769 375 1820 τῆς
425 1767 719 1835 συμφοράς’
775 1763 839 1813 Οἱ
900 1765 1022 1824 θεοὶ,
1072 1762 1111 1815 ὦ
1169 1763 1410 1836 βασιλεῦ,
1467 1765 1644 1835 λέγων,
1703 1768 1884 1818 ἔπεσόν

2072 1237 2260 1292 XXIV.
2318 1240 2541 1294 Emotaa
2580 1245 2776 1294 autem
2822 1255 3024 1294 revera
3061 1238 3274 1293 mentis
3320 1238 3642 1308 imperator

2000 1325 2248 1388 dicebat.
2273 1327 2419 1382 deos
2439 1327 2780 1394 indignatos
2807 1327 3058 1381 movisse
3089 1331 3324 1381 terram.
3356 1326 3453 1382 Cui
3484 1341 3642 1381 mar-

2001 1419 2156 1484 tyres
2183 1415 2502 1486 prudenter
2531 1415 2860 1470 admodum
2891 1419 2949 1470 et
2979 1415 3226 1470 fortiter:
3256 1414 3310 1470 Si
3331 1414 3644 1481 contigerit

1998 1502 2164 1574 ipsos
2177 1519 2418 1576 quoque
2439 1505 2583 1559 deos
2600 1507 2756 1567 tuos,
2770 1504 3066 1575 inquiunt,
3087 1519 3205 1558 una
3221 1502 3432 1558 cadere
3445 1502 3473 1556 7
3490 1506 3641 1558 Non-

1994 1590 2138 1645 dum
2169 1591 2334 1647 ﬁnita
2363 1596 2487 1647 erat
2513 1592 2722 1655 oratio,
2752 1597 2807 1646 et
2834 1591 3081 1662 quidam
3109 1607 3180 1646 ex
3222 1591 3501 1647 ministris
3525 1592 3638 1646 im-

1993 1680 2282 1750 peratoris
2308 1679 2554 1736 accessit
2571 1680 2646 1735 ad
2666 1679 2850 1744 illum,
2867 1679 3110 1735 nuntius
3129 1679 3509 1736 calamitatis:
3529 1681 3636 1745 Dii,

1993 1768 2220 1833 dicens,
2243 1784 2280 1823 o
2309 1768 2652 1839 imperator,
2679 1769 3086 1823 cecideruntet
3115 1768 3344 1822 contriti
3367 1773 3524 1822 sunt.
3546 1768 3638 1823 Sic

281 1869 338 1901 τε
381 1855 469 1901 καὶ
519 1849 911 1922 συνετρίϐησαν.
947 1853 1122 1914 Οῦτως
1167 1856 1215 1906 οἱ
1259 1853 1464 1928 φοϐεροὶ
1515 1860 1604 1907 καὶ
1648 1859 1740 1913 τὴν
1784 1864 1883 1926 γῆν

1998 1856 2077 1911 illi
2109 1856 2392 1912 terribiles
2418 1863 2472 1911 et
2505 1862 2716 1912 terram
2757 1856 3110 1928 quatientes,
3140 1856 3414 1926 iacebant
3433 1856 3493 1910 in
3523 1861 3634 1911 ter-

288 1943 530 2003 σείοντες,
589 1947 776 2010 πτῶμα
829 1942 1019 1992 ἔκειντο
1086 1946 1325 2014 πονηρὸν,
1379 1951 1483 2004 τοῖς
1537 1947 1641 2015 οὐχ
1700 1945 1884 2015 ὁμοίως

284 2027 495 2099 τυφλοῖς
541 2023 664 2079 οὐδὲ
711 2028 1026 2102 αὐτόχρημα
1072 2030 1229 2092 λίθοις
1277 2032 1462 2084 πολλοῦ
1510 2032 1729 2103 γέλωτος
1762 2031 1883 2090 ἀλη-

288 2119 388 2177 θῶς
434 2116 591 2178 ἄξιοι.
625 2115 826 2191 Ἐτερος
868 2121 958 2189 μὲν
1012 2116 1100 2172 οὖν
1156 2125 1245 2173 καὶ
1298 2120 1561 2196 βραχείας
1615 2121 1882 2173 ἀπολαύων

282 2206 464 2276 φρενὸς
514 2210 603 2254 καὶ
651 2209 721 2276 μὴ
773 2214 835 2278 τῇ
887 2216 1056 2281 μορφῇ
1107 2214 1235 2282 μόνη
1289 2217 1380 2262 τοῦ
1426 2215 1496 2281 μὴ
1542 2219 1727 2271 κτῆνος
1758 2208 1884 2262 εἶναι

282 2300 505 2364 φανερῶς
553 2299 916 2365 πιστευόμενος
969 2295 1063 2346 κᾶν
1116 2296 1307 2368 ἐπέγνω
1365 2301 1452 2349 τόν
1507 2295 1712 2369 ἀψευδῆ
1763 2302 1883 2352 Θεὸν

281 2384 371 2432 καὶ
422 2388 584 2432 ποιεῖν
632 2389 798 2433 ταῦτα
854 2378 1134 2454 δυνάμενον
1165 2403 1178 2416 ο
1215 2384 1325 2436 ἀλλ’
1365 2386 1456 2437 ούκ
1502 2385 1687 2447 ἐκεῖνος
1716 2403 1728 2414 °
1777 2386 1881 2440 ἀλλ’

283 2469 329 2518 εἰ
383 2485 434 2517 τι
488 2465 701 2538 βελτίων
749 2470 962 2540 ὑπῆρχε
1017 2475 1108 2522 καὶ
1159 2473 1280 2523 ὅσον
1338 2471 1577 2523 ἀπώνατο
1631 2471 1730 2523 ἀπὸ
1788 2482 1881 2534 τῆς

285 2557 588 2626 θεοσημίας,
642 2555 742 2608 ἀπό
814 2566 912 2608 τῶν
979 2561 1143 2630 ἔργων
1215 2560 1364 2622 εὐθὺς
1442 2557 1596 2620 δῆλος
1661 2565 1878 2631 γίνεται.

281 2644 483 2696 Αὐτίκα
531 2647 629 2718 γὰρ
686 2654 784 2697 τῶν
832 2650 921 2718 μὲν
977 2657 1132 2722 τριῶν
1178 2648 1337 2719 ἁγίων
1387 2649 1588 2702 ἐκείνων
1638 2652 1768 2720 μετά
1821 2653 1878 2702 τό

280 2733 441 2785 πολλὰ
485 2737 695 2794 τούτους
741 2735 962 2787 κολάσαι
1007 2740 1094 2788 τὸν
1145 2733 1238 2789 διὰ
1282 2737 1454 2809 ξίφους
1505 2740 1719 2790 θάνατον
1764 2735 1881 2790 δια-

281 2828 475 2894 κρίνει·
537 2823 886 2875 Παντολέοντα
931 2820 990 2876 δε
1045 2827 1132 2876 τὸν
1193 2830 1350 2896 μέγαν
1405 2835 1477 2895 τῷ
1536 2823 1881 2898 δεσμωτηρίῳ

281 2915 420 2962 κατὰ
462 2913 520 2962 τὸ
562 2914 725 2984 παρόν
777 2908 993 2964 δίδωσι.
1025 2914 1103 2964 Τά
1155 2915 1244 2983 μεν
1285 2910 1371 2963 οὖν
1419 2911 1746 2983 ἀναιρεθέντα
1786 2923 1882 2964 τῶν

287 3000 562 3072 μαρτύρων
621 3004 839 3070 σώματα
909 2999 1044 3051 οὕτω
1113 3004 1318 3071 κείμενα
1387 3007 1726 3073 Χριστιανοῖς
1778 3000 1885 3070 έμέ-

285 3086 442 3144 λησεν
474 3085 738 3139 ἀνελέσθαι
767 3091 856 3139 καὶ
887 3089 954 3148 ὡς
981 3095 1249 3162 προσῆκον
1276 3084 1337 3146 ἦν
1372 3088 1505 3140 αὐτὰ
1534 3088 1718 3158 θάψαι.

1992 1960 2122 2000 ram
2148 1945 2361 2016 dejecti
2382 1945 2528 2000 tristi
2551 1961 2714 2010 casu,
2745 1945 2816 1999 iis
2842 1944 2944 2016 qui
2968 1960 3087 1998 non
3115 1947 3278 1999 erant
3302 1959 3471 2014 aeque
3499 1944 3637 1999 caici

1993 2038 2048 2089 et
2078 2033 2254 2105 plane
2284 2034 2536 2104 lapides,
2569 2033 2816 2088 ridiculi.
2848 2036 3032 2103 Atque
3064 2031 3213 2086 alius
3235 2031 3503 2104 quidem,
3532 2031 3639 2103 qui

1992 2121 2083 2175 vel
2114 2137 2326 2192 parum
2353 2121 2663 2176 habuisset
2688 2121 3040 2192 prudentiae,
3074 2125 3130 2174 et
3155 2135 3273 2174 non
3296 2120 3346 2174 ei
3375 2119 3502 2174 sola
3527 2119 3640 2174 for-

1995 2226 2090 2265 ma
2114 2210 2398 2273 obstaret,
2418 2225 2490 2264 ne
2503 2213 2706 2280 aperte
2723 2210 3058 2264 crederetur
3074 2224 3206 2263 esse
3234 2224 3434 2278 pecus,
3453 2208 3638 2262 Deum

1993 2314 2199 2352 verum
2221 2299 2575 2368 agnovisset,
2594 2298 2764 2369 etqui
2785 2302 2981 2368 posset
3010 2297 3136 2351 haec
3155 2295 3362 2357 facere,
3388 2295 3490 2349 sed
3518 2310 3639 2351 non

1993 2386 2114 2441 ille:
2140 2388 2242 2457 qui
2265 2392 2558 2457 quantum
2589 2385 2796 2440 melior
2817 2385 3119 2449 evasisset,
3143 2387 3199 2439 et
3219 2388 3508 2454 quantam
3530 2382 3642 2438 uti-

1992 2475 2214 2530 litatem
2235 2491 2307 2530 ex
2329 2475 2543 2546 pietate
2565 2475 2943 2544 percepisset,
2970 2473 3168 2528 statim
3193 2488 3264 2527 ex
3295 2471 3473 2526 rebus
3494 2470 3637 2542 ipsis

1988 2563 2195 2632 aperit.
2223 2562 2429 2618 Statim
2453 2563 2612 2617 enim
2636 2567 2748 2616 tres
2773 2562 2900 2616 illos
2923 2564 3517 2632 sanctos,postquam
3537 2574 3638 2613 eos

1988 2649 2189 2705 multis
2205 2649 2495 2705 aﬂecisset
2509 2649 2834 2720 suppliciis,
2849 2649 3099 2704 damnat
3113 2647 3343 2718 capitis.
3361 2649 3636 2716 Magnum

1991 2744 2187 2794 autem
2217 2738 2633 2795 Pantoleonem
2654 2737 2885 2793 interim
2912 2737 3082 2793 mittit
3107 2736 3166 2792 in
3190 2751 3508 2792 carcerem.
3544 2739 3636 2789 At-

1991 2842 2109 2898 que
2142 2832 2472 2898 martyrum
2516 2826 2760 2898 quidem
2795 2825 2879 2880 sic
2910 2825 3348 2881 interfectorum
3391 2837 3643 2894 corpora

1995 2928 2151 2968 cura:
2182 2913 2286 2969 fuit
2317 2913 2660 2970 Christianis
2690 2913 2911 2981 tollere,
2943 2918 3000 2970 et
3025 2930 3116 2977 ea,
3150 2919 3212 2968 ut
3237 2928 3345 2983 par
3375 2915 3518 2977 erat,
3551 2926 3644 2965 se-

1995 3000 2198 3070 pelire.

361 3175 479 3228 KE’.
543 3175 893 3228 Παντολέοντα
937 3173 996 3228 δε
1053 3176 1154 3228 ἀπό
1198 3185 1288 3237 τῆς
1343 3180 1546 3248 εἱρκτῆς
1595 3177 1812 3237 καλέσας
1859 3179 1884 3228 ό

2070 3177 2222 3231 XXV.
2254 3175 2672 3230 Pantoleonem
2699 3181 2898 3231 autem
2931 3193 3068 3232 cum
3100 3178 3421 3247 imperator
3440 3191 3644 3230 vocas-

289 3262 556 3336 βασιλεύς·
593 3272 739 3317 Δοκεῖ
784 3284 886 3328 σοι,
936 3267 1050 3336 ἔφη,
1098 3266 1274 3338 ὅτιπερ
1320 3266 1421 3325 ζῶν
1463 3268 1558 3328 τάς
1605 3265 1730 3337 ἐμὰς
1770 3274 1882 3337 χεῖ-

287 3371 381 3426 ρας
435 3349 639 3425 δυνήσῃ
702 3348 993 3424 διαφυγεῖν,
1058 3352 1099 3404 εἰ
1155 3358 1225 3424 μὴ
1285 3353 1582 3425 προσελθὼν
1639 3358 1884 3426 πρότερον

291 3443 451 3513 θύσῃς
506 3448 616 3501 τοῖς
673 3443 819 3505 θεοῖς,
882 3446 970 3493 καὶ
1026 3448 1193 3494 ταῦτα
1249 3449 1340 3494 τοῦ
1400 3438 1730 3494 διδασκάλού
1791 3461 1884 3494 σου

295 3528 575 3602 Ερμολάου,
677 3528 966 3602 Ἑρμίππου
1060 3549 1114 3582 τε
1189 3535 1274 3582 καὶ
1375 3529 1752 3605 Ἑρμοκράτους
1830 3534 1885 3583 τό

287 3616 440 3668 καλὸν
492 3614 598 3675 ἤδη
650 3620 915 3689 μαθόντων
971 3623 1060 3669 καὶ
1130 3625 1239 3678 τοῖς
1298 3620 1426 3678 θεοῖς
1483 3621 1668 3670 θυσίαν
1726 3638 1889 3691 προσ-

290 3710 608 3774 ενεγκόντων,
684 3705 731 3758 οἳ
809 3711 897 3758 καὶ
974 3705 1195 3778 ἀμοιϐήν
1271 3716 1365 3768 τῆς
1446 3707 1753 3773 εὐπειθείας,
1830 3710 1887 3759 τό

295 3802 489 3864 πρῶτοι
544 3791 671 3846 εἶναι
723 3803 810 3846 νῦν
861 3794 908 3846 έν
967 3803 1038 3866 τῷ
1085 3796 1318 3865 παλατίῳ
1367 3797 1492 3870 παρ’
1551 3797 1696 3866 ἡμῶν
1752 3795 1890 3854 εἰλὴ-

293 3902 448 3958 φασιν
480 3899 493 3948 ;
527 3885 680 3955 Εἴπερ
730 3880 817 3934 οὖν
848 3889 937 3936 καὶ
987 3888 1052 3936 σύ
1097 3889 1189 3942 τὴν
1235 3885 1392 3942 καλὴν
1441 3884 1607 3936 αύτῶν
1653 3883 1891 3947 ζηλώσας

290 3972 569 4044 μεταϐολὴν
624 3975 818 4036 θύσεις,
878 3978 990 4025 τότε
1063 3974 1200 4043 ὄψει,
1262 3973 1561 4038 Παντόλεον,
1619 3975 1721 4034 οἶος
1791 3973 1890 4044 ἐγὼ

293 4060 459 4134 βαρὺς
507 4061 574 4111 ὥν
626 4069 696 4132 τῷ
739 4061 974 4122 κολάζειν
1024 4066 1143 4122 τούς
1189 4060 1539 4127 ἀπειθοῦντας,
1569 4065 1713 4133 παρά
1763 4062 1891 4114 πολὺ

290 4159 387 4201 τῶν
466 4151 776 4221 πειθομένων
854 4152 1082 4225 ὑπάρχω
1161 4159 1231 4220 τῷ
1314 4150 1674 4221 εὐγνωμονεῖν,
1751 4152 1892 4222 θεραο

290 4241 454 4291 πεύειν
500 4237 914 4310 φιλοτιμότατος
948 4246 1102 4290 τοῦτο
1153 4235 1211 4290 δε
1255 4241 1386 4290 κατά
1430 4237 1618 4294 πολλὴν
1665 4239 1754 4306 ἔφη
1800 4241 1894 4292 τὴν

289 4327 617 4390 κακοήθειαν,
696 4328 796 4378 ὅσα
861 4329 986 4398 πρὸς
1068 4329 1125 4376 τὸ
1200 4327 1499 4388 πεισθῆναι,
1559 4327 1712 4393 φημὶ,
1781 4326 1896 4382 τοὺς

291 4415 490 4484 ἁγίους.
549 4420 663 4474 Πῶς
717 4416 841 4485 γὰρ,
902 4413 990 4473 οῦς
1048 4409 1155 4469 ἤδη
1216 4413 1416 4482 φθάσας
1470 4409 1698 4477 ἀνεῖλεν;
1759 4407 1894 4464 Ἀλλ’

1997 3267 2136 3319 sete
2155 3279 2392 3319 carcere
2413 3280 2424 3317 :
2444 3267 2714 3327 Putasne,
2743 3263 2952 3332 inquit,
2985 3271 3036 3319 te
3062 3280 3233 3334 posse
3249 3264 3448 3317 vivum
3478 3279 3642 3318 meas

1999 3368 2212 3406 manus
2244 3351 2525 3419 effugere,
2561 3351 2608 3406 si
2639 3366 2756 3406 non
2802 3352 3092 3406 accedens
3123 3351 3287 3422 prius
3316 3350 3429 3405 diis
3469 3350 3642 3405 sacri-

1994 3440 2268 3495 ﬁcaveris
2295 3441 2324 3495 ?
2348 3440 2527 3512 idque
2554 3455 2684 3494 cum
2713 3439 2921 3494 doctor
2945 3446 3080 3494 tuus
3113 3438 3478 3502 Hermolaus,
3515 3441 3645 3493 Her-

1997 3529 2360 3600 mippusque
2405 3534 2462 3582 et
2506 3529 2915 3584 Hermocrates
2949 3528 3028 3592 id,
3062 3527 3225 3599 quod
3269 3526 3495 3581 bonum
3539 3531 3643 3593 est,

1999 3617 2206 3673 mutati
2222 3618 2350 3687 jam
2370 3617 2765 3682 didicerint,et
2785 3616 2897 3670 diis
2921 3615 3283 3672 sacrificium
3300 3615 3638 3682 obtulerint,

1997 3705 2100 3777 qui
2133 3705 2309 3760 etiam
2345 3721 2378 3760 a
2406 3704 2579 3760 nobis
2609 3704 2962 3759 obedientiaa
2988 3710 3344 3774 acceperunt
3369 3718 3647 3758 remune-

1998 3794 2312 3860 rationem,
2339 3798 2400 3847 ut
2421 3793 2536 3847 sint
2564 3793 2734 3862 primi
2758 3791 2816 3845 in
2849 3790 3113 3862 palatio?
3139 3790 3195 3846 Si
3217 3807 3357 3862 ergo
3385 3796 3444 3845 tu
3468 3792 3647 3846 sacri-

1998 3882 2292 3946 ﬁcaveris,
2325 3897 2530 3936 eorum
2572 3880 2884 3952 pulchram
2925 3880 3192 3935 imitatus
3232 3878 3646 3945 mutationem,

2000 3977 2140 4026 tunc
2172 3970 2413 4033 videbis,
2439 3969 2776 4033 Pantoleon,
2803 3985 2987 4038 quam
3015 3984 3145 4038 ego,
3165 3967 3268 4039 qui
3291 3984 3423 4021 sum
3449 3967 3650 4036 gravis

2001 4061 2058 4114 in
2100 4059 2417 4130 puniendis
2450 4058 2517 4112 iis
2558 4058 2659 4128 qui
2702 4074 2816 4112 non
2858 4063 3087 4128 parent,
3139 4056 3254 4110 sim
3303 4055 3562 4109 liberalis
3595 4059 3654 4110 et

2005 4145 2396 4201 munificusin
2418 4144 2926 4198 benefaciendoiis
2944 4143 3291 4214 quiparent.
3308 4142 3428 4196 Hoc
3454 4148 3654 4197 autem

2004 4233 2241 4288 dicebat
2271 4231 2528 4297 maligne
2556 4237 2611 4284 et
2629 4231 2920 4285 malitiose
2944 4231 3128 4301 (quod
3163 4229 3386 4294 attinet,
3406 4230 3654 4301 inquam

2006 4321 2083 4376 ad
2115 4321 2386 4389 sanctos)
2409 4318 2485 4373 ad
2505 4318 2582 4372 illi
2607 4317 3114 4388 persuadendum.
3141 4317 3454 4382 Quomodo
3473 4317 3651 4383 enim,

2003 4425 2155 4482 quos
2195 4409 2322 4479 jam
2350 4411 2487 4463 ante
2517 4403 2933 4461 interfecerat?
2957 4407 3060 4460 sed
3093 4411 3152 4460 ut
3178 4406 3467 4460 inescaret
3491 4421 3652 4470 eum,

295 4503 376 4552 ἳνα
444 4509 515 4570 τῷ
585 4502 748 4570 ὁμοίῳ
802 4497 1021 4571 δελεάσῃ
1079 4503 1165 4551 τόν
1218 4501 1272 4551 ἐκ
1332 4506 1464 4552 Θεοῦ
1523 4499 1886 4570 φωτιζόμενον,

2003 4497 2100 4570 qui
2144 4513 2179 4552 a
2210 4497 2329 4551 Deo
2376 4493 2843 4550 illuminabatur.
2886 4493 3286 4558 Quamobrem
3327 4509 3434 4548 nec
3474 4493 3654 4548 latere

297 4590 404 4640 ὅθεν
452 4585 574 4640 οὐδὲ
601 4587 771 4640 λαθεῖν
816 4591 1063 4658 ἴσχυσεν,
1100 4586 1228 4651 ἀλλ’,
1259 4585 1389 4640 Ἰδω
1432 4589 1642 4646 τούτους
1681 4592 1770 4638 καὶ
1803 4588 1890 4638 αύ-

297 4681 396 4744 τὸς,
450 4679 639 4750 εἴρηκε,
693 4675 930 4748 βασιλεῦ,
987 4681 1085 4748 πρὸ
1139 4684 1226 4730 τοῦ
1280 4683 1374 4729 σοῦ
1417 4681 1701 4747 προσώπου
1759 4696 1889 4748 παρ-

299 4769 622 4836 ισταμένους·
653 4764 710 4818 Ὀ
740 4770 908 4837 μέντοι
952 4766 1277 4838 Μαξιμιανὸς
1327 4768 1400 4818 ἔτι
1439 4772 1531 4817 τοῦ
1579 4761 1884 4817 δολιοῦσθαι

297 4858 382 4905 καὶ
427 4851 593 4924 μηδὲν
643 4855 778 4924 ύγιὲς
827 4855 986 4925 λέγειν
1040 4856 1133 4907 οὐκ
1181 4856 1528 4926 ἀφιστάμενος
1581 4854 1743 4923 (ἔθετο
1784 4857 1884 4929 γὰρ

297 4946 383 4993 καὶ
415 4945 472 4993 τό
514 4942 662 5002 σέϐας
691 4948 779 4995 καὶ
829 4948 920 5000 τὴν
952 4941 1140 4996 ἐλπίδα
1181 4941 1392 5014 ψεῦδος,
1428 4945 1562 4994 κατά
1592 4946 1677 4994 τόν
1725 4946 1886 5014 μέγαν

293 5029 509 5081 Ἡσαΐαν
563 5034 737 5102 φάναι,
794 5036 880 5083 καὶ
937 5041 1007 5101 τῷ
1063 5029 1248 5102 ψεύδει
1305 5036 1470 5104 ἔκρινε
1525 5033 1884 5089 σκεπασθήσε·

298 5119 463 5189 σθαι),
517 5119 590 5170 Ού
636 5121 877 5191 πάρεισιν
921 5121 1155 5187 ἐνταῦθα,
1205 5124 1322 5193 ἔφη,
1354 5120 1480 5172 ἀλλά
1523 5122 1656 5171 κατὰ
1701 5124 1886 5192 χρείαν

295 5209 410 5258 τινὰ
461 5206 722 5259 καλοῦσαν
772 5209 845 5269 εἰς
894 5209 1066 5281 ἑτέραν
1119 5209 1262 5262 πόλιν
1321 5209 1440 5281 παρ’
1495 5211 1640 5280 ἡμῶν
1684 5207 1887 5279 ἐξεπέμ-

297 5296 520 5367 φθησαν.
578 5293 635 5347 Ὀ
705 5292 763 5347 δὲ
837 5298 1069 5368 μάρτυς·
1130 5302 1228 5351 Καὶ
1290 5299 1448 5365 ἄκων,
1502 5299 1618 5369 ἔφη,
1674 5295 1888 5357 τάληθὲς

296 5386 500 5458 εἴρηκας
531 5384 556 5434 ό
597 5386 652 5435 τό
702 5381 902 5454 ψεῦδος
930 5385 1087 5457 φιλῶν
1110 5402 1122 5415 '
1156 5385 1203 5438 έν
1235 5386 1468 5460 ούρανοῖς
1509 5388 1609 5462 γάρ
1655 5385 1758 5438 εἰσι
1799 5393 1886 5438 νῦν

295 5471 342 5526 ἐν
369 5479 431 5544 τῇ
465 5477 558 5526 τοῦ
583 5478 721 5526 Θεοῦ
749 5472 893 5526 πόλει
919 5469 1211 5547 διάγοντές.

368 5595 412 5639 ⁸⁸
441 5597 553 5654 Isa.
587 5610 774 5663 mm,
808 5600 894 5659 15.

2001 4585 2222 4659 potuit;
2248 4585 2351 4640 sed
2379 4601 2390 4638 :
2416 4587 2525 4639 Eos
2552 4583 2679 4652 ipse
2697 4598 2938 4654 quoque
2956 4583 3214 4646 videam,
3242 4582 3451 4653 inquit,
3477 4597 3512 4636 ο
3542 4583 3652 4636 im-

1999 4681 2255 4748 perator,
2301 4679 2436 4728 ante
2467 4678 2629 4728 tuam
2679 4675 2938 4726 astantes
2973 4670 3202 4725 faciem.
3255 4669 3649 4726 Maximianus

1996 4772 2193 4821 autem
2231 4762 2498 4817 nondum
2533 4775 2771 4814 cessans
2801 4757 3008 4812 fraude
3042 4773 3215 4826 agere
3239 4758 3458 4828 (posuit
3487 4757 3650 4811 enim

1998 4851 2127 4919 ipse
2141 4865 2381 4923 quoque
2396 4864 2562 4920 spem
2580 4845 3258 4909 mendacium,utdicam
3275 4861 3408 4899 cum
3427 4860 3649 4913 magno

1995 4942 2151 4997 Isaia
2171 4941 2238 5005 ¹¹,
2267 4945 2323 4994 et
2350 4935 2549 4993 statuit
2572 4951 2631 4991 se
2662 4935 2977 4990 mendacio
3002 4934 3244 5003 tegere):
3279 4937 3403 4988 Non
3432 4932 3648 4988 adsunt

1994 5031 2111 5094 hic,
2130 5029 2296 5094 dixit,
2319 5027 2422 5082 sed
2448 5024 2649 5097 aliqua
2669 5022 3008 5079 necessaria
3020 5022 3093 5076 de
3112 5037 3296 5076 causa
3322 5021 3488 5076 missi
3511 5025 3651 5076 sunt

1996 5135 2032 5175 a
2070 5117 2243 5174 nobis
2292 5117 2350 5170 in
2398 5114 2573 5171 aliam
2625 5113 2943 5168 civitatem.
2995 5113 3206 5180 Martyr
3261 5104 3497 5170 autem:
3547 5112 3650 5168 Vel

1997 5208 2235 5269 invitus,
2266 5203 2476 5276 inquit,
2507 5217 2707 5257 verum
2739 5199 2959 5263 dixisti,
2989 5215 3125 5254 cum
3158 5198 3372 5268 diligas
3402 5200 3652 5256 menda-

1997 5296 2192 5360 cium;
2253 5297 2390 5348 sunt
2440 5291 2597 5345 enim
2659 5303 2820 5344 nunc
2886 5287 2947 5344 in
3006 5287 3185 5354 caelis,
3249 5289 3528 5359 degentes
3585 5288 3648 5345 in

1995 5384 2232 5446 civitate
2260 5381 2382 5440 Dei.
