4144 6258
572 289 676 345 475

1970 302 2025 357 Μ
2034 300 2229 357 ENSIS
2269 298 2531 362 JULIUS.

3846 331 3977 386 476

647 419 837 476 XXVI.
874 425 1018 479 Cum
1050 439 1185 480 vero
1215 425 1446 482 nullum
1471 442 1589 484 non
1619 426 1903 486 movisset
1937 427 2194 500 lapidem

2403 424 2542 497 κζ’.
2590 434 2732 487 Ἐπεὶ
2779 434 2856 505 δὲ,
2889 441 2947 490 τὸ
2994 448 3084 493 τοῦ
3130 440 3305 514 λόγου,
3336 447 3503 499 πάντα
3531 448 3674 504 λίθον
3706 458 3972 516 κινήσας

571 503 836 577 lapidum
873 511 1170 579 adorator,
1202 514 1423 571 videret
1452 522 1648 572 autem
1679 535 1815 573 eum
1849 518 1991 573 nihil
2017 518 2089 572 de
2113 532 2222 571 sua

570 598 865 652 remittere
894 605 1246 668 constantia,
1280 610 1335 659 et
1357 621 1547 677 neque
1581 607 1788 662 cedere
1812 606 2220 662 assentationi-

568 682 819 748 bus,nec
832 689 1139 744 verborum
1158 694 1537 749 suasionibus
1551 713 1673 759 ,nec
1687 698 1905 752 donoru
1918 715 1963 749 ω
1977 695 2220 767 promis-

569 771 669 841 sis,
701 779 1251 847 necsuppliciorum
1278 784 1472 847 minis,
1490 800 1683 857 neque
1700 786 1899 857 aliquo
1923 785 2037 839 alio
2060 800 2129 839 ex
2150 783 2219 837 iis

567 874 702 929 quae
720 863 809 916 vel
828 863 1089 936 delinire,
1104 868 1188 922 vel
1211 875 1530 938 perterrere
1544 878 1791 944 possunt
1805 873 2040 942 ,abduci
2056 889 2090 927 a
2105 872 2219 944 pie-

564 950 808 1013 tate,ubi
832 969 968 1007 eum
998 956 1189 1010 adhuc
1211 957 1459 1023 ﬂagellis
1488 962 1868 1018 vehementer
1888 961 2211 1022 cecidisset,

560 1050 676 1090 non
691 1040 851 1108 quod
870 1049 1133 1111 speraret
1155 1062 1217 1098 se
1237 1047 1463 1118 aliquid
1481 1066 1653 1121 posse
1672 1052 1903 1106 efficere
1918 1052 2218 1114 sed,utex-

562 1124 931 1195 pleretsuam
958 1131 1140 1185 animi
1170 1133 1579 1199 libidinem,ut
1599 1139 1791 1206 gladio
1808 1146 2053 1193 mortem
2086 1138 2216 1193 subi

562 1218 804 1279 ret,eum
822 1218 1173 1274 condemnat
1188 1226 1264 1276 :et
1278 1223 1487 1278 deinde
1501 1230 1889 1295 postmortem
1910 1226 2214 1296 pulchrum

567 1318 785 1373 corpus
818 1304 938 1374 igni
968 1310 1235 1364 mandari
1266 1327 1278 1375 ;
1311 1311 1382 1375 is,
1411 1311 1679 1384 inquam,
1712 1315 2092 1378 condemnat,
2116 1313 2217 1385 qui

569 1394 792 1446 (sterno
843 1393 975 1460 igne
1013 1412 1150 1451 vere
1202 1404 1324 1453 erat
1355 1400 1589 1468 dignus.
1647 1403 1978 1457 Ducebatur
2020 1403 2217 1472 itaque

570 1479 784 1535 athleta
799 1481 870 1534 ad
884 1482 1067 1538 locum
1083 1490 1726 1554 consummationis,com
1736 1491 1936 1545 missus
1950 1490 2220 1545 manibus

573 1566 865 1623 lictorum.
884 1573 1011 1635 Quo
1025 1574 1262 1642 quidem
1278 1593 1412 1630 cum
1427 1579 2072 1649 venisset,etessetejus
2098 1580 2219 1634 ani-

569 1672 694 1709 mus
708 1657 917 1727 plenus
932 1661 1152 1727 gaudio
1166 1664 1414 1733 (sciebat
1428 1668 1574 1721 enim
1592 1668 1880 1737 exquibus
1895 1668 2220 1723 afﬂictioni-

567 1742 682 1797 bus
708 1746 915 1816 quales
938 1763 1071 1802 eum
1106 1758 1301 1807 essent
1319 1759 1649 1825 excepturae
1693 1756 2042 1828 voluptaes),
2066 1756 2192 1826 psal

2334 1765 2590 1836 ύπέψαλλε
2667 1742 2823 1842 λέγω
2850 1796 2861 1807 -

568 1830 729 1887 lebat
749 1834 860 1888 hoc
886 1835 1230 1893 Davidicum
1252 1841 1432 1911 :Sazpe
1451 1852 2049 1915 expugnaveruntme
2064 1862 2099 1901 a
2115 1850 2216 1916 ju-

565 1927 797 1977 ventute
812 1940 937 1980 mea
954 1942 967 1979 :
982 1933 1035 1980 et
1053 1928 1203 1983 enim
1220 1946 1337 1986 non
1357 1939 1677 2000 potuerunt
1694 1935 1858 1990 mihi.
1874 1937 2069 2003 Supra
2082 1936 2217 1991 dor-

564 2023 690 2061 sum
703 2026 879 2065 meum
892 2013 1348 2080 fabricaverunt
1358 2024 2216 2093 peccatores,prolongaverunt

564 2096 937 2167 iniquitatem
957 2116 1138 2157 suam.
1160 2106 1442 2163 Dominus
1452 2111 1657 2178 justus
1678 2113 1941 2167 concidet
1971 2113 2217 2169 cervices

562 2191 1236 2251 peccatorum".Deinde
1258 2193 1754 2270 facithicquoque
1781 2200 1932 2255 Deus
1958 2202 2219 2257 miracu-

560 2271 675 2326 lum
692 2290 811 2329 non
830 2276 1017 2331 minus
1036 2281 1332 2349 prioribus
1353 2284 1825 2343 miraculis.Olete
1840 2290 1984 2344 enim
2001 2290 2215 2361 plantae

562 2375 698 2415 eum
722 2362 988 2435 alligant,
1014 2367 1231 2424 collum
1259 2377 1455 2428 autem
1481 2374 1607 2444 ejus
1624 2377 1873 2447 quidam
1895 2394 2034 2435 ense
2061 2379 2209 2450 ferit,

564 2448 772 2503 Statim
807 2455 1003 2507 autem
1030 2454 1163 2511 ferri
1193 2459 1437 2528 quidem
1464 2478 1746 2519 conversa
1774 2471 1861 2521 est
1880 2467 2036 2521 acies
2065 2483 2213 2522 ceree

566 2535 794 2603 similis,
831 2543 1052 2596 mansit
1090 2550 1287 2600 autem
1325 2549 1539 2603 collum
1576 2552 1728 2606 sicut
1758 2557 1885 2607 erat
1908 2554 1986 2609 ab
2024 2555 2207 2621 initio,
2275 2575 2281 2581 ·

561 2626 838 2684 sectionis
870 2630 1094 2687 nullum
1119 2635 1354 2706 penitus
1384 2638 1614 2694 habens
1648 2640 1905 2710 signum.

634 2716 835 2772 XXVII.
871 2720 950 2775 Ea
976 2720 1049 2777 de
1081 2738 1262 2780 causa
1293 2729 1512 2782 tremor
1551 2728 1766 2785 invasit
1795 2730 2112 2799 occisores,
2153 2740 2210 2791 et

562 2804 910 2861 accedentes
942 2809 994 2863 ei
1040 2810 1193 2867 fiunt
1222 2814 1538 2885 supplices,
1588 2834 1768 2888 quem
1817 2820 1983 2891 prius
2010 2823 2205 2879 existi-

562 2892 813 2949 mabant
842 2910 915 2950 ne
942 2897 1190 2966 dignum
1221 2903 1461 2973 quidem
1496 2921 1626 2961 esse
1652 2908 1807 2977 apud
1841 2924 1942 2964 eos
1974 2911 2201 2969 vivere:

559 2980 731 3050 cujus
754 2983 930 3038 etiam
948 2987 1131 3057 pedes
1157 2991 1458 3059 speciosos
1475 2995 2068 3070 prehensantes,quid
2084 3017 2201 3056 non

556 3066 855 3136 dicebant,
880 3074 1023 3143 quid
1045 3092 1165 3132 non
1189 3078 1504 3149 faciebant,
1530 3085 1797 3140 audaciae
1824 3066 2089 3158 petentes
2107 3107 2202 3146 ve-

556 3155 741 3223 niam,
762 3164 816 3213 et
842 3160 901 3214 in
932 3163 1228 3220 Christum
1250 3167 1428 3223 ﬁdem
1453 3176 1651 3242 aperte
1679 3155 2024 3231 confitentes
2049 3178 2077 3232 ?
2105 3180 2199 3235 Ille

551 3247 748 3299 autem
781 3262 898 3302 non
927 3250 1143 3317 solum,
1174 3256 1334 3325 quod
1368 3258 1443 3312 ad
1467 3275 1527 3313 se
1554 3261 1777 3329 attinet,
1812 3266 2069 3332 remittit,
2095 3269 2195 3322 sed

551 3331 733 3387 etiam
762 3336 844 3389 eis
879 3354 914 3393 a
948 3339 1176 3397 Christo
1223 3345 1545 3414 perfectam
1583 3351 1722 3419 petit
1760 3331 2195 3412 remissionem.

548 3420 949 3483 Quamobrem
979 3444 1189 3485 vocem
1220 3448 1461 3505 quoque
1488 3437 1676 3492 audiit
1700 3439 1774 3493 de
1799 3442 1961 3496 caelis
1990 3444 2200 3500 conﬁr-

547 3515 833 3575 mantem,
861 3521 1338 3577 consummanda
1369 3538 1433 3577 ea
1457 3539 1590 3593 quae
1609 3528 1909 3595 petiverat,
1940 3548 2198 3604 eumque

548 3612 668 3651 non
695 3600 948 3671 amplius
970 3619 1100 3659 esse
1124 3610 1460 3665 vocandum
1486 3612 2032 3685 Pantoleonem,sed
2055 3622 2198 3678 Pan-

547 3684 958 3743 teleemonem.
982 3694 1089 3745 Res
1107 3698 1569 3759 autem,dicebat
1592 3717 1661 3757 ea
1677 3710 2044 3767 vox,nomini
2061 3727 2197 3766 con-

547 3774 755 3828 veniet.
776 3776 1010 3832 Plurimi
1031 3782 1189 3834 enim
1215 3798 1317 3852 per
1340 3788 1390 3838 te
1413 3797 1850 3859 consequentur
1873 3796 2198 3853 misericor-

543 3860 732 3916 diam.
752 3867 1132 3922 Hancvocem
1154 3885 1289 3925 cum
1314 3871 1408 3926 ille
1435 3874 1953 3936 audiissetetdeiis
1976 3885 2195 3954 quibus

543 3949 761 4017 dignus
785 3960 909 4007 erat
938 3954 1196 4023 habitus,
1216 3962 1426 4015 certior
1457 3963 1645 4019 factus
1663 3975 1830 4033 esset,
1849 3987 2191 4043 conversus,

537 4040 960 4109 jussitlictores
981 4046 1191 4113 facere,
1220 4052 1382 4122 quod
1401 4053 1483 4107 eis
1504 4054 1861 4125 imperatum
1877 4061 2081 4119 fuerat.
2108 4040 2191 4122 Illi

542 4133 739 4184 autem
767 4134 1117 4203 renuebant,
1136 4143 1190 4193 et
1212 4140 1564 4209 judicabant
1588 4144 1695 4201 hoc
1714 4162 1840 4204 esse
1868 4152 2110 4210 minime
2134 4161 2191 4212 to

536 4215 1020 4278 leraudum.Cum
1043 4242 1179 4281 vero
1194 4228 1439 4286 instaret
1454 4236 1956 4305 martyr,facerent
1972 4244 2134 4313 quod
2154 4262 2188 4301 a

538 4309 881 4375 tyrannoeis
906 4313 1256 4383 imperatum
1284 4318 1489 4384 fuerat,
1521 4309 2097 4397 apertedubitantes,
2132 4340 2187 4389 et

539 4394 682 4463 quid
704 4396 1578 4476 facerentignorantes,seipsos
1608 4412 1870 4484 utrisque
1893 4394 2179 4487 dividunt,

536 4496 752 4552 nempe
784 4484 1003 4554 pietati,
1036 4493 1089 4541 et
1120 4492 1304 4545 sancti
1337 4492 1439 4547 viri
1463 4495 1677 4565 jussui.
1710 4503 1774 4556 Et
1817 4519 1951 4560 cum
1979 4512 2183 4569 omnia

533 4570 696 4640 prius
728 4573 1000 4629 membra
1029 4578 1586 4648 essentdeosculati,
1619 4602 1923 4663 quamque
1954 4610 2085 4653 eum
2120 4617 2181 4656 re

532 4666 871 4716 vererentur
909 4668 962 4718 et
993 4665 1266 4735 colerent,
1291 4670 1436 4723 satis
1472 4676 1660 4729 testati
1693 4685 1908 4746 essent,
1938 4683 2176 4745 beatum

532 4747 659 4819 ejus
692 4755 869 4821 caput
896 4752 1109 4808 deinde
1137 4771 1275 4810 ense
1295 4764 1609 4829 amputant
1636 4765 1913 4825 vicesimo
1938 4778 2177 4846 septimo

529 4835 686 4890 Julii.
720 4840 884 4901 Quod
908 4842 1172 4911 quidem,
1198 4849 1256 4897 ut
1287 4845 1558 4914 arbitror,
1597 4868 1713 4908 non
1749 4835 2094 4929 potuissent,
2131 4869 2176 4923 si

531 4921 625 4977 ille
656 4940 773 4979 non
803 4930 1130 4998 annuisset,
1166 4938 1227 4987 ut
1253 4933 1358 5004 qui
1390 4936 1569 4992 nollet
1599 4957 1633 4995 a
1661 4948 1924 5016 martyrii
1956 4968 2175 5023 magna

530 5008 814 5079 dignitate
842 5016 1110 5073 excidere

602 5184 824 5241 XXVIII.
848 5191 1110 5264 Suntque
1127 5212 1330 5253 rursus
1346 5200 1630 5260 miracula
1646 5207 1944 5268 miraculis
1968 5233 2170 5276 conse-

527 5272 788 5366 quentia,
821 5291 910 5341 eo,
952 5281 1055 5350 qui
1104 5285 1564 5357 gloriﬁcabatur,
1599 5294 1961 5363 gloriﬁcante
2010 5272 2165 5378 eum,

527 5355 630 5427 qui
659 5366 896 5431 propter
927 5365 1120 5435 ipsum
1152 5371 1277 5429 haec
1308 5378 1430 5447 pati
1460 5355 1693 5453 delegit.
1730 5387 1840 5443 Lac
1872 5355 2166 5452 enim

601 5540 645 5573 ¹²
688 5540 833 5597 Psal.
868 5543 1088 5613 cxxviu,
1128 5551 1230 5604 1-4.

2330 518 2354 567 ό
2397 528 2492 570 τῶν
2542 521 2693 573 λίθων
2739 534 3105 598 προσκυνητὴς
3151 530 3416 587 ἀνένδοτον
3458 538 3609 591 αὐτὸν
3658 543 3806 614 ἐώρα
3857 550 3965 596 καὶ

2327 609 2499 669 πάσης
2566 616 2753 685 πέτρας
2812 618 3139 693 στερῥότερον
3196 628 3285 675 καὶ
3342 629 3457 678 οὔτε
3502 630 3832 698 κολακείαις,
3888 635 3960 686 οὗ

2326 695 2488 767 λόγων
2545 705 2731 767 πειθοῖ,
2785 705 2841 755 ού
2892 703 3096 779 δωρεῶν
3151 710 3500 783 ἐπαγγελίαις,
3553 719 3612 770 ού
3660 733 3960 795 τιμωριῶν

2330 783 2582 859 ἀπειλαῖς,
2643 792 2734 843 οῦκ
2782 794 2916 866 ἄλλῳ
2964 802 3065 849 τινὶ
3122 808 3219 850 τῶν
3290 804 3319 862 ἢ
3389 806 3601 876 θέλγειν,
3662 810 3692 868 ἦ
3754 812 3955 882 φοϐεῖν

2331 872 2623 948 δυναμένων
2689 890 2776 942 τῆς
2853 885 3108 948 εὐσεϐείας
3172 900 3641 967 παρατρεπόμενον,
3703 903 3954 971 μάστιξι

2328 970 2417 1017 καὶ
2469 970 2543 1018 ἔτι
2588 968 2843 1045 σφοδραῖς
2894 975 3249 1049 αἰκισάμενος,
3306 979 3455 1035 οὐδὲν
3503 986 3651 1039 πλέον
3701 989 3949 1051 ἐλπίζων

2329 1051 2513 1119 ἀνύειν,
2573 1056 2698 1109 ἀλλά
2746 1069 2816 1130 τῷ
2874 1064 3018 1135 θυμῷ
3062 1069 3430 1141 χαριζόμενος,
3465 1078 3549 1126 τὸν
3599 1073 3692 1129 διὰ
3742 1078 3946 1151 ξίφους

2330 1142 2543 1195 θάνατον
2592 1152 2679 1198 καὶ
2732 1148 2887 1201 αὐτόν
2936 1161 3252 1227 κατακρίνει,
3309 1156 3419 1212 εἶτα
3465 1168 3554 1215 καὶ
3596 1169 3728 1236 μετά
3778 1169 3942 1231 τέλος

2325 1237 2451 1304 πυρὶ
2501 1236 2559 1284 τὸ
2608 1235 2761 1287 καλὸν
2821 1249 2971 1309 σῶμα
3036 1243 3421 1318 παραδοθῆναι,
3476 1254 3501 1303 ό
3562 1262 3652 1306 τοῦ
3694 1257 3941 1311 αἰωνίου

2326 1324 2491 1392 πυρὸς
2540 1326 2694 1386 ὅντως
2761 1327 2925 1390 ἄξιος.
2981 1330 3170 1403 Ἠγετο
3224 1348 3496 1412 τοιγαροῦν
3564 1344 3630 1404 εἱς
3682 1349 3770 1396 τόν
3839 1359 3942 1410 τῆς

2326 1408 2635 1474 τελειώσεως
2684 1419 2835 1467 τόπον
2880 1425 3039 1493 χερσὶ
3093 1419 3296 1495 δημίων
3351 1429 3375 1479 ό
3431 1428 3660 1495 ἀθλητὴς
3711 1456 3943 1489 πιστευ-

2332 1498 2455 1558 θείς.
2505 1498 2661 1553 Ἔνθα
2710 1500 2777 1563 δὴ
2833 1512 2921 1558 καὶ
2968 1515 3227 1582 γενόμενος
3267 1521 3356 1568 καὶ
3394 1526 3571 1592 χαρᾶς
3612 1524 3740 1584 ὅσης
3788 1525 3941 1583 πλη-

2334 1588 2477 1648 σθεὶς
2523 1594 2616 1646 τὴν
2674 1592 2859 1664 ψυχὴν
2913 1595 3054 1669 (ᾔδει
3119 1605 3219 1675 γὰρ
3271 1603 3324 1667 ἐξ
3374 1588 3491 1659 οἵων
3549 1610 3769 1682 θλίψεων
3828 1618 3941 1667 οἷαι

2334 1684 2511 1729 τοῦτον
2588 1677 2919 1745 διαδέξονται
3003 1686 3212 1761 ἡδοναὶ)
3288 1698 3346 1746 τό
3428 1702 3700 1753 Δαυίτικὸν
3778 1714 3940 1759 τοῦτο

2938 1776 3214 1843 Πλεονάκις
3287 1784 3645 1859 ἐκπολέμησάν
3725 1814 3791 1865 με
3885 1796 3939 1848 ἐκ

2817 1869 2905 1916 καὶ
2961 1870 3060 1939 γὰρ
3124 1870 3216 1921 οὔκ
3269 1869 3612 1934 ἠδυνήθησάν
3660 1901 3792 1952 μοι·
3850 1884 3937 1938 ἐπὶ

2332 1946 2417 1993 τὸν
2496 1951 2651 1999 νῶτόν
2731 1971 2831 2022 μου
2917 1953 3200 2010 ἐτέκταινον
3274 1964 3321 2013 οἱ
3393 1963 3711 2041 ἁμαρτωλοὶ,
3802 1972 3937 2044 ἐμά-

2334 1858 2564 1916 νεότητός
2617 1879 2717 1930 μου
2747 1879 2759 1891 ·

2330 2051 2518 2101 κρυναν
2618 2041 2711 2094 τὴν
2814 2039 3027 2114 ἀνομίαν
3139 2048 3349 2099 αύτῶν’
3436 2058 3619 2126 Κύριος
3717 2057 3932 2125 δίκαιος

2332 2123 2605 2194 συνέκοψεν
2707 2129 2935 2199 αὐχένας
3030 2134 3364 2209 ἁμαρτωλῶν.
3471 2142 3597 2197 Εἶτα
3691 2151 3929 2222 θαυματ-

2325 2218 2504 2282 ουργεῖ
2602 2213 2868 2270 κάνταῦθα
2952 2226 3095 2289 Θεὸς,
3152 2223 3301 2279 οὐδὲν
3380 2240 3477 2282 τῶν
3559 2237 3926 2307 προλαϐόντων

2326 2299 2600 2370 θαυμάτων
2652 2304 2877 2362 ἔλαττον.
2938 2310 3143 2373 Ἐλαίας
3194 2318 3283 2386 μὲν
3339 2322 3436 2392 γὰρ
3486 2323 3640 2375 αύτόν
3694 2326 3923 2401 προσδε-

2327 2395 2519 2456 σμοῦσι
2563 2402 2703 2463 φυτῷ
2734 2412 2745 2424 ⁸
2779 2401 2920 2448 παίει
2952 2395 3011 2451 δέ
3062 2420 3138 2460 τις
3179 2404 3337 2457 αὑτοῦ
3387 2413 3472 2460 τὸν
3518 2413 3714 2484 αύχένα
3760 2417 3917 2490 ξίφει.

2327 2473 2448 2490 “’Ai
2557 2475 2590 2490 αι
2700 2485 2709 2490 ·
2810 2487 2816 2490 ⁸
3134 2487 3148 2490 ⁸

3583 2473 3625 2484 ..
3768 2473 3782 2479 -
3819 2473 3829 2490 ι

2323 2473 2487 2535 Εύθύς
2544 2475 2601 2530 δὲ
2660 2485 2715 2532 τὸ
2767 2487 2857 2554 μὲν
2915 2494 3007 2537 τοῦ
3061 2487 3287 2564 σιδήρου
3346 2502 3515 2569 στόμα
3561 2512 3704 2574 κηρῷ
3752 2504 3919 2569 ἐοικὸς

2322 2560 2667 2637 ἀνεστρέφετο,
2702 2573 2861 2642 ἔμεινε
2910 2571 2969 2626 δὲ
3016 2578 3040 2627 ό
3097 2579 3272 2651 αύχὴν
3324 2586 3495 2660 ὧσπερ
3541 2587 3593 2652 ἐξ
3636 2589 3807 2666 ἀρχῆς
3849 2594 3914 2655 ἦν

2410 2648 2449 2666 δ’
2489 2655 2501 2666 1
2602 2664 2619 2666 --
2686 2661 2705 2666 --

2318 2648 2449 2721 μηδ’
2480 2655 2649 2707 ὁτιοῦν
2680 2661 2814 2729 ἔχων
2840 2671 3004 2735 τομῆς
3036 2648 3311 2738 σύμϐολον.

2390 2741 2502 2797 ΚΣ’,
2562 2751 2762 2819 Τρόμος
2816 2749 2896 2804 ἐπὶ
2949 2758 3115 2826 τούτῳ
3183 2758 3429 2831 λαμϐάνει
3481 2770 3600 2828 τούς
3645 2778 3897 2841 φονευτὰς,

2315 2835 2403 2881 καὶ
2432 2834 2799 2903 προσελθόντες
2850 2842 3010 2895 ἱκέται
3050 2850 3277 2916 γίνονται
3321 2860 3410 2903 τοῦ
3456 2854 3596 2925 μηδὲ
3644 2861 3728 2931 ζῇν
3772 2864 3897 2936 παρ’

3456 2919 3466 2925 -
3655 2919 3688 2931 τι
3846 2919 3855 2936 I

2314 2919 2482 2980 αὐτοῖς
2531 2921 2699 2992 ἀξίου,
2747 2925 2872 2980 ἀλλά
2920 2935 2977 2983 τὸ
3035 2936 3199 2987 θανεῖν
3246 2936 3439 3011 ἀτίμως
3486 2951 3895 3023 κατακριθέντος,

2347 3007 2371 3023 ν
2501 3015 2509 3023 ι
2625 3022 2641 3023 ρ
2757 3019 2768 3023 -
3103 3020 3114 3023 ⁸

3332 3007 3341 3011 _
3655 3007 3663 3023 ,
3862 3007 3894 3015 -,

2310 3007 2371 3058 οὗ
2428 3015 2516 3062 καὶ
2579 3022 2676 3064 τῶν
2744 3019 2943 3088 ὡραίων
3016 3020 3191 3075 ποδῶν
3245 3029 3504 3101 ἐχόμενοι,
3561 3040 3614 3087 τί
3670 3042 3758 3108 μὲν
3810 3041 3902 3092 οὐκ

2236 3122 2276 3178 C
2308 3096 2495 3168 ἔλεγον,
2527 3105 2576 3152 τί
2619 3099 2676 3154 δὲ
2723 3106 2815 3157 οὐκ
2862 3107 3063 3162 ἐποίουν
3112 3122 3421 3188 συγγνώμην
3473 3142 3526 3174 τε
3575 3133 3665 3186 τῆς
3710 3128 3902 3200 τόλμης

3186 3185 3189 3186 ν
3322 3185 3328 3188 ν
3654 3185 3658 3186 ⁷
3799 3185 3807 3200 Ι
3855 3185 3862 3187 -
3885 3185 3897 3192 “

2309 3185 2601 3257 αἰτούμενοι
2658 3196 2746 3243 καὶ
2794 3200 2884 3252 τὴν
2939 3198 3005 3258 εἰς
3076 3206 3303 3275 Χριστὸν
3370 3213 3548 3261 πίστιν
3604 3210 3897 3290 διαρρήδην

2318 3275 2329 3285 υ
2406 3274 2423 3290 κ
2541 3284 2551 3290 .
2740 3280 2752 3290 ο
2773 3288 2785 3290 -
2861 3280 2893 3290 Α-
2997 3287 3007 3290 -
3103 3288 3110 3290 ‘

2309 3274 2707 3344 ὁμολογοῦντεςς
2740 3280 2797 3333 Ὀ
2848 3280 2907 3336 δὲ
2954 3287 3047 3339 οὐκ
3092 3288 3278 3362 ἀφίησι
3322 3302 3497 3367 μόνον,
3528 3307 3646 3372 τόγε
3692 3305 3757 3365 εἰς
3805 3308 3898 3359 αύ-

2308 3364 2393 3412 τὸν
2450 3364 2592 3433 ἧκον,
2650 3365 2776 3420 ἀλλά
2823 3378 2911 3425 καὶ
2963 3380 3106 3449 παρά
3164 3388 3396 3453 Χριστοῦ
3452 3391 3649 3452 τούτοις
3708 3394 3896 3448 τελείαν

2308 3451 2527 3504 αἰτεῖται
2573 3458 2665 3513 τὴν
2714 3459 2904 3526 ἄνεσιν,
2957 3466 3066 3518 ὅθεν
3115 3475 3202 3522 καὶ
3251 3471 3425 3526 ἀκούει
3476 3490 3646 3548 φωνῆς
3694 3484 3897 3555 ούρανο-

2311 3541 2390 3591 θεν
2445 3541 2604 3601 αύτήν
2659 3565 2711 3598 τε
2766 3553 2853 3606 τὴν
2904 3552 3161 3608 τελείωσιν
3220 3558 3537 3631 βεϐαιοῦσαν
3591 3579 3688 3621 τῶν
3750 3574 3887 3633 αἰτηο

2310 3630 2510 3695 θέντων,
2571 3638 2659 3686 καὶ
2717 3639 2779 3697 ὡς
2837 3641 2946 3691 Ούκ
3007 3645 3079 3695 ἔτι
3156 3650 3467 3717 Παντολέων,
3526 3656 3653 3709 ἀλλά
3712 3668 3893 3716 Παντε-

2306 3716 2503 3789 λεήμων
2557 3724 2650 3794 ἕση
2702 3725 3007 3800 καλούμενος
3056 3740 3144 3786 καὶ
3192 3740 3254 3788 τά
3298 3744 3582 3813 πράγματα
3642 3754 3893 3823 συμφθέγ-

2310 3804 2335 3823 ν
2594 3819 2613 3823 -
2693 3813 2705 3823 ι
2750 3820 2756 3823 λ
3044 3821 3052 3823 -

3336 3804 3344 3813 ι
3412 3804 3449 3813 σι
3710 3806 3719 3819 Ι
3758 3804 3767 3822 Ι
3847 3804 3860 3823 Ι

2308 3804 2480 3866 ξονται
2550 3819 2621 3880 τῷ
2681 3813 2892 3885 ὀνόματι
2927 3837 2937 3847 ·
3004 3821 3237 3876 πλεῖστοι
3303 3832 3400 3900 γὰρ
3474 3831 3637 3895 ἐλέους
3693 3834 3783 3890 διὰ
3840 3846 3891 3894 σε

2305 3894 2581 3955 τεύξονται,
2639 3905 2843 3967 Ταύτης
2905 3907 3091 3971 ἐκεῖνος
3151 3921 3241 3974 τῆς
3294 3927 3457 3987 φωνῆς
3505 3920 3761 3989 ἀκουστὴς
3815 3950 3893 4000 γε·

2304 3987 2503 4052 νόμενος
2558 3993 2645 4039 καὶ
2717 3992 2835 4043 οἴων
2917 3996 3110 4058 ἠξιώθη
3180 4001 3504 4076 βεϐαιωθεὶς,
3566 4012 3891 4088 ἐπιστραφεὶς

2306 4080 2522 4126 ποιῆσαι
2591 4080 2649 4128 τὸ
2722 4080 2986 4136 κελευσθὲν
3064 4089 3241 4153 αὐτοῖς
3314 4096 3412 4147 ύπὸ
3480 4107 3569 4151 τοῦ
3643 4108 3887 4178 τυράννου

2309 4156 2320 4172 ,
2378 4163 2385 4172 .
2633 4168 2644 4177 .
2716 4163 2748 4178 ι.
2822 4169 2831 4178 .
2888 4175 2894 4178 .

3706 4156 3715 4178 Ι
3838 4156 3880 4159 -,

2301 4156 2568 4214 ἐπέταττε’
2599 4168 2647 4217 οἱ
2704 4163 2761 4219 δὲ
2810 4169 3035 4225 ἀνένευον
3094 4184 3179 4230 καὶ
3239 4183 3429 4239 ἣκιστα
3485 4196 3635 4241 τοῦτο
3687 4191 3886 4248 ἀνεκτόν

2298 4250 2491 4321 ἔκρινον
2545 4250 2689 4308 εἶναι.
2748 4258 2885 4311 Ἐπεὶ
2939 4259 2997 4315 δὲ
3058 4266 3082 4316 ό
3156 4271 3356 4342 μάρτυς
3425 4272 3649 4331 ἐπέκειτο
3704 4279 3732 4338 ἦ
3791 4290 3885 4355 μὴν

2296 4342 2535 4406 γενέσθαι
2617 4348 2672 4396 τὸ
2754 4348 3019 4403 κελευσθὲν
3099 4355 3271 4418 αὐτοῖς
3326 4361 3423 4413 ύπὸ
3491 4374 3581 4417 τοῦ
3641 4375 3881 4443 τυράννου

2296 4438 2519 4502 φανερῶς
2576 4430 2877 4505 ἀποροῦντες
2922 4445 3005 4492 καὶ
3050 4448 3120 4513 μὴ
3174 4448 3377 4516 ἔχοντες
3423 4453 3448 4503 ὃ
3491 4474 3541 4504 τι
3574 4453 3876 4529 δράσουσιν,

3052 4512 3055 4513 ,
3196 4512 3235 4516 _-
3609 4512 3618 4529 .
3865 4512 3876 4524 ν

2294 4512 2597 4591 ἀμφοτέροις
2650 4525 2952 4594 μερίζουσιν
3011 4530 3217 4594 ἑαυτούς
3260 4546 3330 4608 τῷ
3379 4559 3431 4592 τε
3484 4552 3573 4604 τῆς
3627 4547 3880 4612 εὐσεϐείας

2293 4607 2562 4675 πράγματι
2610 4615 2697 4661 καὶ
2754 4621 2823 4682 τῷ
2881 4616 2978 4667 ὑπὸ
3032 4628 3122 4671 τοῦ
3178 4622 3329 4693 ἁγίου
3386 4629 3735 4705 κελευομένῳ’
3793 4644 3874 4691 καὶ

2348 4690 2364 4705 η
2395 4698 2404 4705 ,
2699 4704 2704 4705 ,
2859 4701 2871 4705 _

2292 4690 2594 4761 φιλήσαντες
2647 4704 2743 4749 πᾶν
2795 4701 2945 4772 μέλος
3000 4713 3247 4784 πρότερον
3304 4721 3389 4768 καὶ
3455 4723 3549 4777 τὴν
3603 4722 3738 4775 αἰδῶ
3790 4732 3867 4778 καὶ

2288 4784 2341 4832 τὸ
2396 4783 2543 4843 σέϐας
2615 4787 2799 4851 ἱκανῶς
2867 4800 3226 4868 γνωρίσαντες,
3290 4800 3400 4858 εἶτα
3456 4814 3545 4861 καὶ
3598 4811 3724 4883 ξίφει
3780 4818 3863 4870 τὴν

2286 5046 2328 5096 εἰ
2385 5053 2453 5117 μὴ
2516 5048 2701 5112 ἐκεῖνος
2758 5054 2971 5125 ἐπένευε,
3022 5069 3111 5113 τοῦ
3167 5068 3391 5138 μεγάλου
3447 5083 3534 5134 τῆς
3585 5083 3870 5152 μαρτυρίας

2294 5132 2347 5152 ,,.
2393 5140 2401 5149 ,
2606 5138 2694 5152 η..
2860 5150 2867 5152 μ
2915 5146 2925 5152 .

2286 5132 2568 5206 ἀξιώματος
2598 5138 2774 5192 ἐθέλων
2804 5150 2876 5216 μὴ
2907 5146 3156 5208 ἐκπεσεῖν,

2357 5223 2479 5276 ΚΗ’.
2550 5233 2649 5279 Καὶ
2720 5232 2870 5283 πάλιν
2931 5237 3165 5307 θαύματα
3250 5245 3510 5317 θαύμασιν
3588 5250 3867 5321 ἀκολουθεῖ,

2284 5304 2591 5373 δοξάζοντος
2640 5324 2725 5367 τοῦ
2778 5316 3158 5394 δεδοξασμένου
3212 5334 3295 5381 τὸν
3351 5329 3424 5384 δι’
3482 5334 3669 5391 ἐκεῖνον
3715 5351 3875 5396 ταῦτα

2281 5404 2633 5471 προῃρημένον
2687 5408 2886 5463 παθεῖν.
2944 5411 3081 5465 Γάλα
3132 5419 3231 5492 γὰρ
3286 5418 3394 5472 ἀντὶ
3452 5426 3673 5498 αἵματος
3732 5431 3877 5485 εύθύς
