4144 6258
271 343 379 398 477

1519 347 1905 404 ΟΕΒΤΑΜΕΝ
1942 348 2001 404 S.
2043 349 2414 409 CALLINICI.

3540 358 3643 412 4⁸78

271 465 452 542 ἔρῥύη,
483 470 574 520 καὶ
629 469 689 521 τὸ
737 474 835 529 τῆς
889 466 1064 530 έλαίας
1110 472 1266 542 φυτόν
1401 470 1694 545 προσεδέθη
1743 475 1879 528 ἅπαν

1993 476 2077 533 xit
2106 479 2377 550 protinus
2406 495 2514 552 pro
2537 479 2849 552 sanguine,
2881 484 2937 536 et
2966 481 3173 552 planta
3202 481 3366 548 oleae,
3400 483 3496 538 cui
3522 483 3641 538 fue-

268 565 344 626 τῷ
392 565 576 630 καρπῷ
633 555 818 630 βρῖθον
866 554 1150 612 ἕδείκνυτο.
1202 566 1362 631 Ὅπερ
1437 562 1508 623 εἰς
1563 572 1754 633 γνῶσιν
1810 574 1882 635 τῷ

268 654 605 720 τυραννοῦντι
664 645 829 711 ἐλθόν,
890 647 1175 705 ἐκκοπῆναί
1233 667 1288 700 τι
1362 654 1419 700 τό
1493 655 1648 712 φυτόν
1716 671 1883 725 προσ-

269 736 447 786 τάττει
527 740 619 787 καὶ
677 739 736 787 τό
820 744 974 806 σῶμα
1043 744 1136 788 τοῦ
1203 739 1462 811 μάρτυρος
1518 737 1882 814 παραδοθῆναι

269 828 420 895 πυρὶ,
473 825 646 896 ὥσπερ
702 820 768 882 δή
845 829 933 876 καὶ
994 829 1240 899 πρότερον
1299 825 1590 884 ἐκελεύσθη.
1645 829 1754 880 Οὐκ
1807 832 1880 882 ἔτι

270 915 361 983 μὲν
392 908 480 964 οὖν
515 913 563 964 οὶ
593 915 972 973 πιστεύσαντες
1003 922 1322 984 στρατιῶται
1351 920 1480 988 πρός
1524 920 1610 968 τόν
1655 916 1880 989 βασιλέα

271 1000 621 1072 ὑπέστρεψαν,
678 1001 869 1059 πολλὴν
940 1002 1188 1072 ὠμότητα
1253 1007 1436 1055 τούτου
1505 1012 1879 1077 κατεγνωκότες

270 1094 361 1140 καὶ
405 1093 460 1140 τό
508 1098 607 1140 τῶν
650 1091 827 1161 μάγων
881 1095 1010 1164 πρὸς
1051 1088 1290 1162 Ἡρώδην
1340 1093 1676 1157 ζηλώσαντες,
1724 1092 1876 1157 δοξά-

275 1180 446 1239 ζοντες
500 1174 558 1230 δὲ
616 1181 744 1231 Θεὸν
800 1183 890 1230 καὶ
943 1182 1030 1230 τόν
1084 1179 1244 1230 αὐτοῦ
1301 1183 1544 1254 μάρτυρα
1599 1180 1874 1234 διετέλουν

273 1265 402 1318 ἀλλὰ
455 1271 542 1318 καὶ
589 1275 688 1318 τῶν
730 1275 930 1319 πιστῶν
974 1287 1107 1330 τινες
1153 1269 1480 1331 συνελθόντες
1528 1271 1576 1322 έν
1624 1272 1764 1340 αύτῷ
1809 1280 1881 1342 τῷ

269 1358 412 1424 τόπῳ
444 1354 538 1416 ἔξω
567 1363 663 1416 τῆς
699 1354 906 1420 πόλεως,
938 1358 1060 1408 ἔνθα
1109 1362 1200 1409 καὶ
1247 1362 1340 1416 τὴν
1389 1358 1644 1411 τελείωσιν
1694 1361 1719 1410 ὁ
1750 1361 1881 1431 μάρ-

268 1461 360 1502 τυς
413 1443 632 1507 ὑπέστη,
686 1446 744 1496 τό
823 1446 956 1518 ἱερὸν
1014 1443 1208 1497 ἑκείνου
1265 1454 1420 1518 σῶμα
1478 1446 1526 1498 έν
1587 1453 1880 1520 προαστείῳ

270 1530 630 1602 σχολαστικοῦ
671 1551 809 1594 τινος
860 1530 1231 1605 (Ἀδαμάντιος
1291 1535 1429 1605 αὐτῷ
1484 1539 1664 1608 ὄνομα)
1726 1539 1880 1595 ὁσίως

268 1623 358 1670 καὶ
390 1621 531 1692 ἱερῶς
579 1621 869 1685 κατέθεντο,
901 1621 968 1681 εἰς
1014 1618 1172 1684 δόξαν
1215 1626 1438 1695 Πατρός,
1471 1629 1562 1676 καὶ
1615 1625 1758 1687 Υἱοῦ,
1792 1633 1878 1680 καὶ

267 1708 420 1779 ἁγίου
469 1711 779 1781 Πνεύματος,
829 1716 924 1772 τῆς
968 1716 1095 1782 μιᾶς
1146 1713 1388 1772 θεότητος
1443 1718 1532 1764 καὶ
1584 1711 1876 1784 βασιλείας,

1993 571 2083 621 rat
2108 567 2400 636 alligatus,
2416 576 2738 640 conspecta
2751 575 2836 624 est
2852 574 2972 624 tota
2989 569 3178 624 fructu
3202 575 3439 626 onusta.
3465 571 3636 636 Quod

1991 655 2238 725 quidem
2269 673 2404 711 cum
2449 658 2714 712 venisset
2755 657 2831 712 ad
2871 657 3099 728 tyranni
3133 659 3425 726 notitiam,
3469 659 3636 728 jubet

1993 743 2258 814 plantam
2274 746 2559 812 exscindi,
2575 751 2855 816 etcorpus
2873 747 3149 816 martyris
3162 746 3285 811 igni
3299 747 3470 810 tradi,
3489 747 3638 802 sicut

1991 831 2166 886 etiam
2188 833 2350 902 prius
2371 835 2648 904 jusserat.
2664 837 2853 904 Atque
2871 833 3083 888 milites
3102 833 3367 905 quidem,
3388 835 3490 906 qui
3517 849 3638 889 cre-

1990 920 2282 986 diderant,
2315 937 2435 978 non
2482 922 2738 993 amplius
2785 921 3001 976 reversi
3034 927 3170 977 sunt
3199 923 3274 976 ad
3319 923 3636 992 imperato-

1989 1025 2136 1075 rem,
2183 1025 2317 1065 eum
2359 1011 2829 1066 condemnantes
2872 1025 3107 1077 magnas
3147 1010 3535 1077 crudelitatis,
3580 1015 3636 1066 et

1989 1098 2152 1168 quod
2173 1099 2320 1166 Magi
2341 1099 2550 1154 Herodi
2573 1099 2853 1161 fecerunt,
2871 1096 3172 1152 imitantes
3195 1114 3208 1162 ;
3233 1099 3414 1152 Deum
3434 1103 3633 1152 autem

1990 1191 2044 1240 et
2057 1187 2106 1256 ej
2120 1203 2185 1240 us
2203 1192 2523 1256 martyrem
2539 1191 2825 1258 perpetuo
2841 1184 3434 1253 gloriﬁcabant.Quin
3453 1186 3633 1240 etiam

1991 1290 2120 1328 cum
2133 1273 2373 1344 quidam
2385 1273 2590 1328 ﬁdeles
2602 1273 3013 1328 convenissent
3028 1272 3084 1327 in
3103 1273 3314 1344 eoipso
3328 1273 3457 1328 loco
3472 1278 3638 1330 extra

1991 1361 2313 1426 civitatem,
2347 1361 2403 1415 in
2435 1377 2557 1432 quo
2589 1365 2812 1432 martyr
2833 1360 3633 1426 subiitconsummationem,

1993 1449 2383 1504 sacrumillud
2406 1465 2624 1520 corpus
2646 1451 2704 1504 in
2723 1449 3070 1504 suburbano
3083 1449 3392 1518 cujusdam
3411 1449 3639 1504 schola-

1991 1537 2114 1591 stici
2134 1538 2284 1604 (erat
2301 1542 2500 1594 autem
2515 1537 2565 1590 ei
2585 1552 2803 1592 nomen
2819 1536 3241 1607 Adamantius)
3257 1543 3636 1592 sacrosancte

1989 1625 2298 1696 deponunt
2331 1643 2341 1680 :
2376 1626 2435 1680 in
2481 1625 2731 1696 gloriam
2773 1625 2981 1691 Patris,
3015 1631 3071 1680 et
3118 1625 3262 1690 Filii,
3295 1629 3351 1680 et
3380 1625 3633 1696 Spiritus

1990 1714 2195 1779 sancti,
2228 1715 2320 1769 cui
2361 1717 2454 1769 est
2482 1729 2602 1768 una
2631 1713 2930 1780 divinitas,
2962 1717 3018 1768 et
3046 1727 3296 1782 regnum
3326 1729 3339 1766 :
3377 1713 3470 1767 cui
3497 1729 3634 1769 con-

267 1798 511 1869 ᾖπρέπει
562 1802 686 1868 τιμή
743 1803 831 1849 καὶ
865 1801 1224 1872 προσκύνησις
1277 1799 1345 1860 εἰς
1393 1805 1515 1861 τούς
1562 1801 1749 1862 αἰῶνας
1775 1809 1874 1856 τῶν

1989 1803 2148 1858 venit
2161 1803 2353 1858 honor
2364 1807 2417 1858 et
2435 1802 2705 1858 adoratio
2722 1802 2780 1856 in
2797 1801 3015 1857 saecula
3030 1800 3405 1856 saeculorum.
3421 1804 3626 1858 Amen.

270 1885 487 1940 αἰώνων.
520 1885 708 1958 ’Δμήν.

1615 2207 2289 2329 ΑΘΛΗΣΙΣ

895 2452 1119 2538 ΤΟΥ
1174 2453 1530 2542 ΑΓΙΟΥ
1587 2453 2188 2541 ΜΑΡΤΥΡΟΣ
2243 2453 2997 2543 ΚΑΛΛΙΝΙΚΟΥ.

1553 2865 2334 2983 CERTAMEN

1096 3133 1468 3221 SANCTI
1558 3134 1706 3220 MA
1725 3131 2132 3220 RTYRIS
2214 3133 2752 3224 CALLINICI
2772 3224 2792 3244 ,

273 3352 478 3415 (Latine
522 3349 667 3414 apud
703 3349 915 3399 Surium
947 3349 1014 3399 ad
1045 3349 1185 3398 diem
1233 3351 1294 3397 29
1330 3348 1486 3406 Julii;
1520 3349 1903 3467 Οεῗουῗῇῗῐὲ

1988 3360 2144 3458 [ιω]ιὲ
2170 3347 2397 3471 ρι’ἱῖηιιω
2428 3347 2608 3412 prodit
2647 3363 2711 3398 ex
2741 3349 2858 3398 cod.
2892 3363 2989 3397 ms.
3033 3349 3176 3396 Paris
3209 3347 3405 3405 (am-im
3435 3347 3632 3409 fanda.)

1988 3449 1992 3458 .
2022 3423 2074 3459 x1
2148 3423 2246 3456 nrr.
2280 3447 2289 3457 .

1607 3424 1660 3460 n.
1699 3424 1838 3467 ιαιίῡ,
1873 3424 1992 3459 εωο.
2022 3424 2074 3459 Xl
2106 3424 2289 3467 ΕΜΓ).

344 3757 418 3812 Α’.
513 3763 619 3818 Τῆς
703 3751 972 3814 εἰδωλικῆς
1055 3758 1239 3826 μανίας
1317 3753 1703 3826 ἐπικρατούσης
1777 3757 1866 3804 καὶ
1903 3751 1944 3809 C

274 3849 443 3901 πάντα
515 3844 878 3916 ἐπινεμομένης
959 3847 1048 3894 καὶ
1133 3839 1561 3914 διαφθειρούσης,
1648 3839 1867 3912 δαίμοσι

275 3940 363 4009 μὲν
414 3941 656 4009 πονηροῖς
710 3935 767 3984 τό
823 3934 952 3983 θεῖον
1013 3930 1169 3992 σέϐας
1226 3931 1588 4002 ἐπεφημίζετο,
1649 3935 1754 4001 Θεῷ
1810 3927 1868 3982 δε

274 4033 345 4094 τῷ
388 4028 574 4093 κτίστῃ
607 4029 704 4073 τῶν
753 4021 878 4072 ὅλων
925 4025 1014 4072 καὶ
1059 4017 1367 4092 δημιουργῷ
1416 4023 1532 4072 οὔτε
1587 4023 1867 4093 προσέχειν

275 4116 322 4165 οἱ
365 4120 425 4184 τῇ
478 4108 760 4182 δυσσεϐείᾳ
808 4114 1213 4184 προστετηκότες
1258 4107 1544 4176 ἐϐούλοντο,
1595 4112 1704 4160 οὔτ’
1746 4108 1870 4158 ἁπο-

274 4207 437 4275 νέμειν
483 4205 638 4272 τιμὴν
685 4205 776 4258 τήν
825 4204 1193 4271 προσήκουσαν
1220 4215 1233 4227 ⁶
1264 4201 1352 4258 τὰς
1395 4201 1496 4270 γὰρ
1545 4197 1730 4268 ψυχὰς
1775 4215 1869 4252 πηο

275 4293 514 4367 ρωθέντες
565 4291 614 4341 οἱ
661 4292 717 4340 τό
768 4287 882 4339 κατ’
933 4287 1103 4338 εἰκόνα
1145 4285 1397 4356 λαχόντες
1444 4288 1586 4358 παρὰ
1629 4291 1782 4347 Θεοῦ,
1814 4286 1870 4333 τό

277 4383 366 4452 μεν
414 4388 509 4438 τῆς
565 4376 804 4434 ἀληθείας
859 4374 1267 4446 ἀπεστράφησαν
1324 4381 1423 4443 φῶς
1475 4377 1724 4443 μύσαντες
1779 4373 1872 4430 τὰς

280 4468 555 4525 αἰσθήσεις
597 4468 724 4538 πρός
783 4467 876 4519 τήν
924 4469 1014 4512 τοῦ
1068 4465 1410 4520 πεποιηκότος
1459 4458 1752 4530 ἐπίγνωσιν,
1801 4467 1872 4528 τῷ

283 4552 341 4606 δέ
396 4572 454 4624 γε
506 4561 600 4612 τῆς
651 4551 845 4610 πλάνης
897 4544 1264 4622 προσέδραμον
1310 4553 1496 4613 σκότει,
1539 4547 1659 4618 μήτ’
1705 4546 1870 4615 αύγα-

285 4644 474 4699 σθῆναι
511 4649 572 4712 τῇ
624 4647 714 4699 τῆς
762 4640 983 4710 χάριτος
1029 4636 1182 4708 αἴγλῃ
1234 4636 1555 4700 θελήσαντες,
1590 4636 1716 4707 μήθ’
1746 4635 1874 4696 ὅλως

283 4729 590 4787 ἁντωπῆσαι
643 4732 730 4778 καὶ
787 4722 1019 4777 κατιδεῖν
1091 4732 1365 4796 πανταχοῦ
1426 4723 1727 4796 ήπλωμένην
1783 4727 1873 4780 τήν

282 4819 466 4871 ἀκτῖνα
520 4826 612 4878 τῆς
663 4822 916 4887 γνώσεως·
951 4813 1142 4872 πολλὴν
1191 4816 1292 4887 γάρ
1344 4833 1463 4866 τινα
1514 4818 1602 4865 καὶ
1660 4807 1871 4884 ζοφώδη

281 4911 548 4979 καταχέας
619 4913 718 4957 τῶν
789 4903 1069 4974 ἀνθρώπων
1127 4903 1152 4955 ὁ
1209 4906 1433 4975 πονηρός
1506 4904 1717 4973 ἄγνοιαν
1786 4905 1875 4953 καὶ

280 5000 494 5057 τούτους
542 4998 794 5052 παντοίως
835 4993 1300 5062 ὑποποιησοίμενος,
1351 4999 1441 5043 τοῦ
1491 4994 1580 5062 μεν
1631 4989 1875 5048 ἀληθινοῦ

2051 3752 2090 3806 Ι.
2115 3753 2259 3807 Cum
2282 3753 2741 3810 simulacrorum
2761 3752 3146 3808 invalesceret
3162 3753 3416 3818 insania,
3438 3756 3634 3808 etom-

1979 3841 2080 3896 nia
2125 3841 2401 3898 exederet
2448 3848 2504 3898 et
2541 3847 2966 3914 corrumperet,
3010 3841 3182 3897 malis
3228 3842 3470 3914 quidem
3519 3841 3632 3896 dae-

1978 3930 2257 3984 monibus
2289 3930 2524 3986 divinus
2553 3932 2747 3987 honor
2778 3931 3208 3986 attribuebatur
3242 3947 3254 3985 :
3283 3931 3401 3986 Deo
3433 3935 3630 3986 autem

1977 4018 2225 4074 creatori
2266 4025 2321 4075 et
2376 4019 2573 4090 Opifici
2635 4020 3051 4074 universorum
3103 4035 3296 4090 neque
3354 4018 3627 4074 animum

1978 4106 2261 4160 volebant
2276 4107 2579 4171 adhibere,
2594 4107 2698 4178 qui
2717 4112 2884 4161 erant
2902 4107 3084 4160 dediti
3108 4107 3183 4159 im
3194 4105 3417 4176 pietati,
3437 4120 3630 4176 neque

1981 4193 2054 4256 ei,
2081 4208 2259 4262 quem
2291 4208 2398 4261 par
2424 4198 2535 4255 est,
2569 4193 2859 4248 honorem
2883 4193 3158 4248 tribuere.
3182 4195 3327 4248 Nam
3349 4209 3486 4247 cum
3505 4209 3628 4247 mu-

1982 4279 2158 4335 tilatis
2189 4283 2382 4334 essent
2411 4279 2628 4334 animis
2670 4279 2706 4332 ii
2739 4280 2954 4350 quibus
2999 4279 3295 4348 obtigerat
3326 4286 3388 4336 ut
3417 4281 3628 4336 ﬁerent

1983 4368 2059 4423 ad
2094 4368 2189 4422 Dei
2221 4367 2566 4436 imaginem,
2600 4367 2858 4423 veritatis
2885 4368 3130 4438 quidem
3160 4368 3356 4423 lucem
3395 4384 3628 4424 aversa-

1982 4458 2216 4520 bantur,
2249 4455 2631 4511 conniventes
2662 4456 2850 4511 oculis
2887 4457 2962 4511 ad
2992 4457 3140 4526 ejus,
3177 4457 3280 4528 qui
3322 4456 3452 4512 illos
3478 4457 3628 4512 fece-

1980 4551 2088 4611 rat,
2140 4544 2548 4613 agnitionem:
2583 4544 2904 4600 currebant
2959 4550 3158 4600 autem
3217 4545 3294 4601 ad
3351 4545 3628 4600 tenebras

1983 4632 2215 4696 erroris,
2260 4646 2450 4702 neque
2499 4632 2762 4687 volentes
2814 4631 3089 4687 illustrari
3141 4632 3455 4703 splendore
3510 4647 3631 4686 suae

1984 4722 2203 4792 gratiae,
2247 4736 2438 4792 neque
2486 4721 2733 4776 omnino
2771 4725 2977 4774 contra
3018 4719 3230 4775 intueri
3270 4724 3329 4774 et
3359 4719 3634 4790 ﬁaspicere

1986 4810 2205 4881 ubique
2243 4808 2531 4864 diffusum
2591 4809 2823 4865 radium
2877 4807 3254 4875 cognitionis.
3299 4811 3442 4862 Nam
3495 4823 3631 4860 cum

1987 4897 2235 4953 multam
2263 4902 2318 4952 et
2344 4897 2774 4953 tenebricosam
2793 4895 3099 4952 effudisset
3120 4894 3419 4964 malignus
3444 4895 3501 4948 in
3520 4894 3636 4948 ho-

1989 4986 2176 5042 mines
2206 4987 2658 5059 ignorationem,
2679 4989 2735 5041 et
2765 5001 2867 5040 eos
2895 4983 3144 5040 omnino
3165 4984 3222 5038 in
3260 4999 3432 5038 suam
3463 4983 3634 5037 rede-

281 5089 369 5137 καὶ
413 5087 568 5154 μόνου
620 5077 870 5136 διέστησε
917 5086 1049 5131 Θεοῦ
1093 5083 1183 5131 καὶ
1230 5078 1515 5150 ἀπήγαγεν,
1551 5075 1784 5139 εἰδώλοις
1819 5074 1878 5129 δὲ

1989 5076 2172 5146 gisset
2197 5079 2568 5147 potestatem,
2598 5089 2634 5130 a
2659 5089 2798 5129 vero
2846 5071 3087 5145 quidem
3117 5076 3173 5126 et
3205 5070 3334 5126 solo
3362 5073 3480 5126 Deo
3517 5071 3636 5126 dis-

281 5179 470 5244 κωφοῖς
511 5174 600 5221 καὶ
634 5168 805 5228 ἄλλοις
848 5166 1158 5237 αἰσχίστοις
1201 5165 1572 5238 ἀφομοιώμασι
1621 5166 1878 5240 λατρεύειν

281 5262 514 5312 ἀνέπεισε
559 5262 648 5311 καὶ
706 5261 881 5327 τιμᾷν,
935 5257 1000 5314 ὡς
1049 5253 1109 5306 ἂν
1169 5256 1393 5308 ἐντεῦθεν
1451 5255 1742 5328 ὁλοσχερῶς
1794 5253 1876 5326 ἕλη

281 5354 368 5402 καὶ
419 5350 841 5423 παραστήσεται.
893 5343 1035 5397 Ἀλλ’
1095 5347 1189 5396 οῦκ
1239 5341 1424 5395 ἔδωκεν
1497 5344 1635 5414 αὐτῷ
1705 5345 1730 5395 6
1792 5363 1882 5414 φυ-

280 5438 488 5490 λάσσων
538 5437 680 5508 ἡμᾶς
737 5439 825 5485 καὶ
900 5440 1135 5505 φρουρῶν
1187 5436 1375 5504 Κύριος
1429 5437 1517 5490 τήν
1570 5433 1689 5490 ὅλην
1726 5432 1881 5484 αύτοῦ

281 5531 371 5579 καὶ
413 5525 532 5578 καθ’
578 5526 724 5596 ἡμῶν
779 5520 1044 5594 ἐμπλῆσαι
1093 5517 1420 5593 δυσμένειαν,
1469 5518 1592 5574 οὐδὲ
1633 5527 1883 5580 τοσοῦτον

286 5610 817 5679 καταναιδεύσασθαι,
897 5612 965 5672 ὡς
1064 5610 1283 5684 πείτημα
1374 5611 1563 5675 πάντας
1659 5618 1882 5674 ποιῆσαι

1985 5164 2180 5236 junxit
2210 5170 2263 5218 et
2285 5163 2526 5219 abducit
2554 5181 2564 5218 :
2601 5163 2782 5218 surda
2802 5167 3000 5216 autem
3026 5164 3082 5215 et
3110 5165 3276 5216 muta
3309 5159 3632 5216 simulacra

1990 5251 2333 5326 turpissime
2371 5251 2667 5324 persuasit
2711 5250 2899 5305 colere
2927 5253 2982 5304 et
3014 5247 3283 5314 adorare,
3328 5253 3388 5304 ut
3419 5249 3502 5304 sic
3533 5264 3634 5304 eos

1990 5341 2236 5399 omnino
2267 5343 2632 5412 expugnaret
2657 5337 3091 5408 etsubjugaret.
3130 5337 3242 5392 Sed
3264 5337 3365 5409 qui
3396 5353 3506 5393 nos
3537 5354 3632 5393 cu-

1992 5432 2170 5488 stodit
2221 5435 2274 5486 et
2333 5433 2523 5484 servat
2563 5428 2872 5496 Dominus,
2926 5442 3046 5482 non
3105 5427 3396 5483 concessit
3460 5427 3528 5487 ei.
3575 5433 3638 5482 ut

1991 5519 2238 5578 omnino
2277 5533 2452 5574 suum
2505 5516 2566 5572 in
2594 5532 2704 5574 nos
2752 5514 3020 5588 impleret
3047 5515 3255 5572 odium
3286 5531 3301 5571 :
3329 5529 3523 5586 neque
3571 5529 3636 5569 se

1995 5610 2146 5669 adeo
2183 5607 2562 5682 impudenter
2609 5612 2854 5680 gereret,
2895 5610 2961 5664 ut
2996 5621 3108 5664 nos
3149 5619 3360 5666 omnes
3400 5602 3636 5661 concul-
