4144 6258
534 278 634 333 479

1926 262 2187 320 MENSIS
2226 260 2493 319 IULIUS.

3824 257 3962 312 480

532 404 708 457 caret.
758 398 911 456 Multi
962 398 1119 454 enim
1160 412 1296 452 eum
1346 394 1634 459 vicerunt,
1674 397 1731 448 et
1794 406 2003 447 omnes
2041 390 2171 459 ejus

2306 386 2441 455 ιύτῷ.
2477 383 2661 437 Πολλοὶ
2704 383 2806 454 γὰρ
2855 382 2902 433 οἱ
2952 388 3134 433 τοῦτον
3182 385 3272 432 καὶ
3314 384 3619 442 νικήσαντες
3660 386 3773 434 καὶ
3834 386 3957 440 τὴν

534 492 684 545 vires
716 489 1111 559 perdiderunt.
1136 486 1364 541 Domini
1384 485 1539 539 enim
1565 498 1770 538 amore
1790 478 2174 536 inflammatis

534 594 739 633 eorum
764 576 1001 640 animis,
1030 580 1085 629 et
1111 576 1244 630 totis
1266 576 1393 643 ejus
1416 574 1518 645 qui
1538 575 1869 643 estpotens,
1890 568 2175 624 charitate

538 665 924 728 conﬁrmatis,
957 664 1032 718 ad
1053 663 1270 718 bellum
1307 662 1635 730 gerendum
1669 660 1956 715 adversus
1990 654 2178 711 inimi-

538 769 677 808 cum
717 757 953 806 strenue
992 757 1047 806 et
1094 752 1379 807 audacter
1421 752 1851 821 processerunt,
1896 745 2179 802 omnibus

538 840 780 911 quidem
853 840 1137 895 membris
1215 839 1471 904 lacerati,
1558 844 1613 892 et
1680 838 1878 891 carnis
1942 849 2185 904 compa-

542 930 715 998 gibus
741 929 1004 991 resoluti,
1035 929 1458 983 recreationem
1500 932 1697 981 autem
1738 941 1806 980 ac
1837 924 2073 979 delicias
2112 938 2183 977 ea

540 1034 666 1088 quae
724 1032 973 1084 magnos
1017 1016 1252 1071 dolores
1317 1016 1589 1081 afferunt,
1650 1019 1942 1069 tormenta
1989 1011 2182 1066 existi-

541 1110 772 1160 mantes
805 1121 817 1156 :
848 1120 1001 1175 quos
1059 1105 1256 1157 adhuc
1311 1104 1701 1158 certaminum
1768 1101 2052 1169 sanguine
2100 1100 2179 1153 di-

540 1193 823 1247 stillantes
914 1193 1140 1263 accepit
1216 1192 1478 1245 Christus
1546 1190 1923 1259 agonotheta.
2013 1187 2181 1241 Purus

540 1296 802 1351 namque
833 1280 885 1334 ei
913 1279 1093 1334 oblati
1124 1285 1259 1334 sunt
1279 1280 1507 1343 hostias,
1563 1284 1619 1334 et
1670 1278 1925 1332 victimae
1984 1276 2184 1330 volun-

540 1369 723 1424 tariae.
774 1370 1018 1439 Propter
1054 1386 1189 1439 qua:
1229 1368 1565 1423 communis
1622 1372 1934 1439 superatus
1993 1365 2183 1419 inimi-

542 1473 666 1520 cus,
700 1457 908 1511 cecidit
946 1457 1283 1511 admirabili
1312 1457 1577 1526 quodam
1610 1472 1753 1510 casu
1782 1455 1893 1510 illis
1915 1459 2185 1525 spectanc

544 1545 725 1600 tibus.
757 1548 901 1601 Cum
934 1561 1003 1599 eo
1030 1560 1380 1614 congressus
1396 1560 1649 1612 magnus
1675 1559 1912 1614 quoque
1944 1542 2183 1605 athleta,

546 1638 605 1687 et
668 1648 889 1689 corona
951 1634 1258 1688 redimitus
1343 1633 1674 1701 Callinicus,
1741 1633 1911 1702 cujus
1968 1632 2185 1687 luctam

2283 481 2456 525 πᾶσαν
2514 475 2673 524 αὐτοῦ
2730 471 2997 529 ὀλέσαντες
3053 467 3295 541 δύναμιν.
3355 477 3437 539 Τῷ
3494 474 3596 543 γὰρ
3657 479 3769 523 τοῦ
3837 478 3955 524 Δε-

2288 567 2481 615 σπότου
2540 562 2732 635 φίλτρῳ
2783 562 2873 619 τὰς
2919 559 3106 630 ψυχὰς
3157 561 3495 631 πυρωθέντες,
3557 562 3631 619 οἷς
3681 562 3711 610 ὁ
3785 562 3949 621 θεῖος

2287 656 2412 724 ἔρως
2482 651 2734 720 ἔνέσκηβε
2789 654 2878 701 καὶ
2952 648 3101 709 ὅλους
3155 648 3345 710 αύτούς
3414 658 3476 719 τῇ
3834 658 3945 701 τοῦ

2290 738 2515 793 δυνατοῦ
2568 739 2965 814 ἐπιρρώσαντες,
3016 738 3283 812 εὐθαρσῶς
3340 742 3429 790 καὶ
3483 743 3732 808 γενναίως
3792 743 3944 810 πρὸς

2291 834 2376 882 τόν
2420 832 2555 881 κατά
2601 837 2693 881 τοῦ
2738 827 2934 901 ἐχθροῦ
2983 825 3265 898 ἐχώρησαν
3314 826 3529 897 πόλεμον
3558 845 3569 855 ·
3603 829 3799 879 πάντα
3832 834 3939 897 μὲν

2290 922 2353 971 τὰ
2402 919 2528 989 μελη
2599 922 2905 988 κοπτόμενοι
2967 922 3053 967 καὶ
3106 919 3198 976 τάς
3256 924 3347 975 τῆς
3400 919 3594 986 σαρκὸς
3650 916 3941 989 ἁρμονίας

2291 1007 2689 1078 παραλυόμενοι,
2750 1008 2922 1057 ἄνεσιν
2979 1001 3037 1056 δὲ
3100 1004 3289 1075 μᾶλλον
3336 1006 3365 1062 ἢ
3420 1010 3618 1077 τρυφὴν
3671 1008 3775 1063 τὰς
3836 1024 3941 1055 πο·-

2290 1093 2588 1156 λυωδύνους
2640 1094 2901 1166 βασάνους
2956 1096 3255 1164 ἡγούμενοι,
3299 1093 3382 1153 ούς
3430 1096 3504 1145 ἔτι
3556 1098 3645 1144 καὶ
3696 1095 3774 1143 τὰ
3826 1101 3938 1144 τῶν

2290 1184 2499 1253 ἀγώνων
2557 1184 2968 1257 περιστάςοντας
3044 1184 3245 1254 αἵματα
3302 1184 3327 1233 ὁ
3398 1181 3726 1251 ἀγωνοθέτης
3795 1189 3943 1255 Χρι-

2293 1277 2418 1334 στὸς
2491 1271 2855 1346 προσελάϐετο,
2936 1274 3144 1343 θύματα
3222 1273 3418 1342 ἄμωμα
3472 1273 3940 1344 προσενεχθέντες

2292 1363 2433 1432 αύτῷ
2481 1368 2570 1414 xui
2621 1364 2823 1433 σφάγια
2872 1361 3156 1426 ἑθελόύσια,
3209 1361 3287 1432 ἐφ’
3340 1361 3417 1422 οἷς
3464 1362 3489 1411 ό
3532 1363 3703 1418 κοινός
3756 1362 3940 1417 ἡττη-

2296 1453 2403 1510 θεὶς
2454 1447 2717 1521 δυσμενὴς
2793 1458 2981 1520 πτῶμα
3032 1454 3268 1502 πέπτωκε
3344 1457 3450 1508 τοῖς
3517 1449 3714 1520 ὁρῶσιν
3776 1447 3937 1510 ἐξαί-

2300 1559 2430 1592 σιον.
2490 1542 2665 1609 Τούτῳ
2724 1538 3045 1609 συμπλακεὶς
3095 1542 3181 1589 καὶ
3241 1539 3265 1588 ό
3324 1541 3484 1607 μέγας
3536 1535 3779 1597 ἀθλητὴς
3833 1541 3934 1587 καὶ

2303 1633 2615 1699 στεφανίτης
2663 1627 2983 1694 Καλλίνικος,
3030 1627 3089 1678 οὖ
3134 1630 3249 1685 τοὺς
3298 1625 3487 1686 ἄθλους
3550 1630 3639 1676 καὶ
3694 1628 3765 1676 τά
3820 1645 3936 1676 πα-

549 1726 605 1775 et
633 1722 961 1775 certamina
994 1723 1051 1776 in
1069 1722 1347 1791 praesenti
1371 1722 1749 1792 prosequitur
1768 1722 1975 1789 oratio,
2004 1734 2192 1789 usque

2306 1716 2567 1787 λσίσματα
2616 1718 2640 1766 ό
2683 1723 2770 1766 νύν
2815 1715 2963 1785 λόγος
3015 1712 3279 1777 διέξεισιν,
3330 1713 3414 1766 ἐπὶ
3461 1722 3708 1765 τοσοῦτον
3754 1715 3936 1765 αὐτοῦ

559 1809 711 1863 adeo
742 1809 940 1863 derisit
960 1826 1028 1864 ea
1046 1826 1181 1881 quae
1204 1809 1792 1879 suntejusterribilia,
1816 1813 1877 1863 ut
1904 1813 2194 1879 tanquam

564 1897 849 1951 infantem
880 1898 1074 1966 prima
1106 1900 1301 1952 statim
1327 1898 1483 1952 lucta
1511 1897 1911 1969 prostraverit,
1947 1902 2002 1951 et
2030 1896 2197 1951 humi

556 1985 826 2039 afﬁxerit.
861 1986 971 2040 Sed
1005 1987 1127 2057 ejus
1154 1987 1396 2057 quidem
1429 1986 1645 2057 egregii
1693 1986 1797 2040 viri
1824 1986 2027 2040 omnia
2067 1985 2198 2039 sin-

559 2073 801 2139 gulatim
845 2074 1037 2127 dicere
1067 2079 1121 2128 et
1145 2074 1363 2129 referre
1408 2091 1517 2129 nec
1561 2076 1682 2129 ulla
1721 2080 1925 2145 posset
1988 2075 2195 2137 oratio,

559 2176 669 2214 nec
698 2177 821 2230 quae
848 2161 925 2215 ab
965 2178 1035 2215 eo
1068 2168 1233 2227 gesta
1266 2170 1423 2227 sunt,
1465 2163 1765 2217 auditione
1824 2163 2056 2216 fuerunt
2108 2177 2202 2215 ac-

558 2253 733 2318 cepta
758 2249 833 2302 ab
864 2250 1163 2315 omnibus,
1210 2256 1273 2306 ut
1317 2252 1547 2322 possint
1577 2252 1783 2306 omnia
1838 2250 2084 2322 proferri
2124 2250 2202 2305 ab

559 2336 863 2390 omnibus.
898 2339 1181 2402 Quaedam
1215 2345 1414 2394 autem
1451 2356 1665 2409 pauca,
1698 2344 1755 2394 et
1804 2356 1939 2410 quae
1994 2355 2201 2394 eorum

560 2425 659 2495 qui
696 2425 1029 2491 audierunt,
1065 2427 1309 2481 minime
1342 2428 1942 2496 fugiuntmemoriam
1978 2428 2201 2485 (etenim

559 2513 951 2568 interfuerunt
992 2515 1259 2585 quidem,
1290 2532 1425 2570 cum
1480 2518 1803 2571 decertaret
1859 2521 2106 2585 martyr,
2151 2520 2207 2569 et

562 2600 836 2656 viderunt
884 2603 1173 2657 nonnulla
1221 2620 1424 2658 eorum
1461 2621 1591 2674 quae
1620 2604 1884 2675 ﬁebant),
1926 2604 2206 2675 praesenti

561 2691 826 2744 oratione
882 2690 1182 2745 tradentur
1215 2693 1543 2748 memoriae.
1586 2693 1675 2747 Sic
1702 2693 1857 2747 enim
1912 2697 1963 2747 et
2006 2696 2207 2746 nostro

562 2777 994 2833 satisfaciemus
1028 2780 1340 2846 desiderio,
1375 2784 1429 2836 et
1458 2780 1689 2836 athletae
1722 2780 2039 2836 aﬂ‘eremus
2076 2780 2205 2834 bre-

558 2880 693 2919 vem
723 2865 961 2921 laudem
993 2869 1283 2938 martyrii.

633 2954 698 3008 ΙΙ.
733 2954 833 3008 Hic
883 2970 1024 3025 ergo
1087 2957 1324 3010 divinus
1370 2961 1425 3011 et
1455 2973 1710 3029 magnus
1760 2957 2093 3021 Callinicus,
2150 2958 2207 3011 in

561 3041 718 3096 bona
772 3047 828 3096 et
875 3059 1073 3098 rerum
1133 3046 1402 3099 omnium
1477 3046 1649 3102 fertili
1699 3046 1907 3101 Ciliciae
1972 3046 2208 3114 regione

558 3134 756 3191 natus,
790 3130 896 3185 fuit
938 3133 1214 3201 praeclare
1262 3134 1567 3199 educatus,
1606 3137 1783 3188 Deum
1819 3134 2055 3205 quidem
2084 3151 2209 3189 om-

560 3219 725 3273 nium
744 3219 1100 3275 Salvatorem
1127 3227 1183 3277 et
1201 3222 1537 3277 effectorem
1565 3224 1641 3278 ab
1665 3224 1905 3279 infantia
1920 3224 2205 3278 confitens

560 3311 615 3362 et
641 3307 966 3375 honorans,
991 3310 1307 3365 simulacra
1327 3317 1547 3375 autem,
1571 3312 1733 3367 nullo
1762 3328 1938 3365 sensu
1960 3312 2206 3381 praedita

560 3400 617 3449 et
646 3395 819 3466 plane
846 3398 1027 3453 surda
1054 3398 1379 3454 abhorrens
1406 3408 1461 3455 et
1492 3401 1712 3455 habens
1739 3400 1898 3454 odio.
1928 3399 2037 3467 Qui
2068 3417 2202 3454 cum

560 3483 739 3538 etiam
772 3483 945 3539 vellet
974 3485 1246 3555 pietatem
1275 3487 1492 3559 ubique
1515 3487 1926 3553 disseminare,
1956 3505 2095 3542 usus
2117 3494 2207 3544 est

561 3572 760 3626 multis
786 3579 839 3626 et
872 3573 1061 3642 longis
1093 3577 1690 3645 peregrinationibus,
1722 3578 1900 3631 vitam
1960 3577 2203 3648 quidem

560 3658 797 3727 dignam
826 3659 1101 3725 religione
1159 3678 1457 3726 exercens,
1486 3665 1616 3718 vitae
1640 3670 1836 3718 autem
1870 3664 2202 3719 institutum

560 3761 856 3800 exornans
884 3747 1182 3817 religione.
1220 3749 1418 3804 Fidem
1452 3752 1605 3806 enim
1642 3753 1699 3805 in
1732 3752 2024 3807 Christum
2084 3768 2203 3807 non

563 3833 758 3887 solum
797 3836 855 3887 in
892 3836 1025 3888 sinu
1059 3836 1226 3901 ferre,
1256 3838 1357 3891 sed
1390 3840 1566 3893 etiam
1600 3839 1835 3910 publice
1864 3840 2202 3909 praedicare,

560 3921 728 3992 pium
761 3938 890 3976 esse
923 3924 1264 3988 exstimans,
1294 3927 1567 3997 cognitus
1594 3927 1699 3982 fuit
1725 3944 1760 3982 a
1792 3929 1989 3982 multis
2016 3929 2204 3995 magi-

562 4013 679 4063 ster
708 4011 967 4065 veritatis
1000 4028 1011 4064 :
1068 4029 1216 4084 quos
1245 4016 1489 4085 perinde
1542 4033 1610 4071 ac
1649 4017 1894 4089 quidam
1956 4034 2204 4087 magnes

562 4098 835 4153 trahebat
866 4116 942 4171 ap
974 4100 1260 4171 seipsum,
1291 4108 1347 4157 et
1397 4106 1693 4160 avertebat
1740 4106 1817 4161 ab
1846 4122 2063 4161 errore.
2119 4107 2207 4160 Ab

565 4186 692 4255 ejus
720 4189 899 4251 enim,
953 4194 1240 4262 tanquam
1294 4191 1538 4263 alicujus
1594 4195 1819 4259 sirenis,
1860 4195 2208 4250 dulcissimo

564 4275 879 4331 verborum
903 4278 1058 4348 capti
1087 4296 1232 4334 sono
1255 4282 1289 4334 ii
1312 4283 1413 4352 qui
1434 4283 1781 4348 audiebant,
1803 4284 1993 4337 statim
2030 4284 2208 4337 dedu-

576 4362 857 4417 cebantur
897 4365 969 4417 ad
1003 4364 1139 4419 ﬁdei
1198 4370 1585 4436 agnitionem,
1641 4370 1890 4440 pulchra
1921 4370 1973 4425 ei
2021 4371 2208 4428 effecti

565 4451 791 4519 praeda.

639 4537 724 4589 lll.
760 4538 902 4591 Cum
936 4554 1071 4592 vero
1104 4540 1319 4594 multos
1351 4542 1509 4597 vicos
1544 4550 1598 4597 et
1655 4545 1917 4600 civitates
1976 4547 2205 4615 obiens,

564 4624 930 4695 pervenisset
954 4627 1240 4697 Ancyram
1274 4629 1520 4687 Galatiae
1552 4631 1843 4688 civitatem
1899 4651 2205 4705 magnam,

566 4718 620 4767 et
637 4713 861 4783 populo
888 4714 1428 4787 frequentissimam
1451 4723 1597 4781 (erat
1617 4726 1815 4776 autem
1838 4722 2087 4779 verbum
2121 4726 2211 4780 di-

566 4801 774 4855 vinum
806 4802 865 4856 in
893 4820 962 4858 ea
993 4804 1295 4874 explicans
1326 4810 1384 4859 et
1412 4807 1723 4880 dividens).
1759 4816 1815 4864 et
1848 4811 2011 4866 multi
2043 4829 2109 4868 ex
2141 4814 2209 4869 iis

568 4889 669 4959 qui
697 4893 834 4944 tunc
863 4890 976 4946 illic
1008 4897 1196 4958 erant,
1252 4894 1653 4962 fuissentejus
1710 4898 1990 4954 doctrinae
2033 4902 2209 4971 parti-

568 4976 744 5044 cipes,
776 4993 1031 5034 accensa
1077 4984 1167 5035 est
1191 4982 1269 5036 ab
1300 4982 1595 5053 aliquibus
1626 4986 1681 5039 in
1715 5002 1849 5040 eum
1900 4988 2125 5044 invidia
2155 4996 2210 5045 et

568 5062 771 5118 odium
806 5065 1332 5124 inconsideratum.
1366 5071 1473 5136 Qui
1500 5074 1657 5127 enim
1689 5074 1923 5131 divinas
1954 5077 2207 5133 insolen-

564 5153 651 5202 ter
681 5151 1088 5221 despiciebant
1116 5157 1571 5225 admonitiones,
1603 5168 1658 5216 et
1688 5166 1943 5219 aversati
1964 5167 2206 5235 quidem

569 5242 735 5290 erant
766 5240 1089 5310 veritatem,
1126 5250 1411 5317 tanquam
1447 5254 1597 5304 terra
1655 5257 1847 5306 autem
1910 5254 2208 5324 petricosa

569 5336 772 5376 semen
801 5327 965 5380 verbi
992 5346 1110 5386 non
1140 5334 1545 5403 admittebant,
1569 5338 1704 5394 ﬁdei
1737 5355 2074 5408 praeconem
2108 5359 2203 5398 ac-

569 5415 781 5505 cusant
811 5414 971 5505 apud
1006 5432 1163 5485 eum,
1195 5422 1297 5492 qui
1328 5428 1467 5479 tunc
1497 5432 1621 5482 erat
1668 5443 1888 5499 praeses
1935 5429 2208 5499 civitatis,

568 5498 761 5553 Virum
807 5498 1049 5569 quidem
1100 5505 1343 5577 plenum
1400 5498 1722 5585 impietate,
1776 5517 2022 5590 plenum
2070 5498 2210 5576 item

2303 1814 2402 1857 τῶν
2486 1804 2709 1878 φοϐερῶν
2787 1803 3148 1874 κατεγέλασεν,
3204 1806 3269 1863 ὡς
3349 1805 3434 1855 οἷα
3500 1800 3672 1855 παῖδα
3730 1808 3933 1859 νήπιον

2306 1898 2360 1946 ἐκ
2431 1900 2636 1964 πρώτης
2708 1893 2859 1952 εὐθὺς
2915 1893 3080 1953 πάλης
3152 1891 3458 1943 καταϐαλεῖν
3521 1897 3610 1943 καὶ
3678 1891 3752 1952 εἰς
3824 1899 3932 1961 γῆν

2307 1982 2761 2056 καταρῥάξασθαι.
2819 1980 2975 2031 Ἀλλὰ
3030 1983 3199 2031 πάντα
3250 1983 3339 2051 μὲν
3396 1982 3460 2030 τά
3528 1987 3619 2031 τοῦ
3676 1984 3931 2049 γενναίου

2308 2071 2468 2140 λέγειν
2538 2089 2592 2121 τε
2667 2068 2763 2120 ἀνά
2826 2074 2973 2143 μέρος
3040 2075 3127 2120 καὶ
3202 2065 3527 2138 διηγεῖσθαι,
3578 2071 3694 2119 οὔτε
3770 2058 3932 2138 λό’γος

2311 2158 2452 2210 ἐστὶν
2517 2160 2541 2209 ό
2590 2165 2751 2209 πᾶσιν
2796 2157 3021 2230 ἐναργῶς
3068 2157 3263 2210 ἐπιέναι
3325 2154 3626 2228 δυνάμενος,
3694 2158 3808 2208 οὔτ’
3882 2156 3929 2208 ἐν

2310 2247 2507 2298 πολλῶν
2563 2246 2745 2307 ἀκοαῖς
2795 2250 2859 2297 τὰ
2912 2249 3077 2317 τούτῳ
3136 2245 3371 2315 ὼηχήθη
3430 2250 3787 2316 πεπραγμένα,
3857 2248 3927 2307 ὡς

2312 2335 2371 2385 ἂν
2414 2340 2503 2386 καὶ
2546 2342 2677 2386 πᾶσι
2726 2337 2896 2386 πάντα
2942 2340 3139 2405 γένοιτο
3192 2338 3399 2407 ἔκφορα.
3453 2332 3641 2403 Ὀλίγα
3694 2331 3754 2385 δέ
3804 2354 3926 2386 τινα

2313 2428 2397 2475 καὶ
2429 2426 2529 2474 ὅσα
2573 2428 2665 2480 τὴν
2714 2428 2923 2494 μνήμην
2953 2432 3051 2475 τῶν
3103 2422 3435 2474 ἀκουσάντων
3483 2422 3541 2474 ού
3574 2420 3922 2494 διαπέφευγεν

2314 2512 2445 2581 (ἐπεὶ
2498 2516 2586 2563 καὶ
2635 2518 2879 2583 παρῆσάν
2944 2532 3076 2572 τινες
3129 2512 3487 2582 ἀγωνιζομένῳ
3538 2520 3610 2580 τῷ
3664 2514 3916 2585 μάρτυρι,

2314 2603 2425 2651 ἔνια
2481 2608 2579 2650 τῶν
2654 2604 2931 2671 γινομένων
3006 2602 3267 2671 θεώμενοι)
3350 2597 3443 2652 διὰ
3514 2608 3606 2651 τοῦ
3662 2605 3918 2671 παρόντος

2313 2688 2469 2757 λόγου
2548 2690 2881 2759 ὑπομνήματι
2961 2694 3230 2746 στήσεται.
3315 2689 3467 2739 Ούτω
3532 2692 3627 2761 γάρ
3693 2693 3775 2739 τόν
3856 2708 3916 2740 τε

2317 2779 2561 2851 ἡμέτερον
2644 2779 2801 2828 πόθον
2886 2777 3305 2849 ἀφοσιωσόμεθα,
3392 2782 3482 2828 καὶ
3561 2785 3627 2846 τῷ
3707 2775 3903 2834 ἀθλητῆ

2319 2863 2531 2939 βραχὺν
2563 2869 2649 2916 τὸν
2678 2874 2769 2917 τοῦ
2805 2872 3089 2940 μαρτυρίου
3121 2867 3413 2937 εἰσοίσομεν
3443 2868 3663 2918 ἔπαινον.

2388 2952 2459 3006 Β’.
2504 2954 2670 3013 Οὗτος
2718 2959 2884 3005 τοίνυν
2929 2957 2953 3005 ό
2992 2957 3126 3016 θεῖος
3173 2960 3263 3005 καὶ
3313 2959 3475 3026 μέγας
3528 2952 3819 3014 Καλλίνικος
3864 2952 3914 3005 ἓν

2317 3050 2378 3113 τῇ
2429 3042 2648 3095 Κιλίκων
2686 3048 2775 3094 καὶ
2823 3047 2917 3115 φύς
2964 3050 3052 3095 καὶ
3096 3050 3323 3117 τραφεὶς,
3358 3049 3541 3114 χώρας
3585 3042 3795 3116 εύφόρου
3823 3049 3913 3095 καὶ

2317 3134 2382 3181 τὰ
2451 3134 2620 3183 πάντα
2691 3140 2955 3204 χρηστῆς,
3018 3132 3228 3201 ἀγωγῆς
3292 3132 3477 3202 ἔλαχεν
3562 3132 3769 3194 ἀστείας
3822 3138 3911 3185 xui

2318 3220 2629 3291 ὑπερφυοῦς,
2661 3224 2781 3272 Θεὸν
2835 3224 2923 3290 μὲν
2980 3225 3066 3272 τόν
3114 3223 3316 3272 πάντων
3372 3229 3585 3293 Σωτῆρα
3627 3226 3714 3272 καὶ
3760 3241 3913 3279 ποιη-

2318 3312 2408 3364 τὴν
2461 3306 2514 3358 ἐκ
2570 3316 2778 3379 πρώτης
2836 3309 2945 3380 άμα
3009 3313 3197 3382 τριχός
3254 3310 3515 3380 ὁμολογῶν
3572 3316 3660 3361 καὶ
3729 3320 3906 3381 τιμῶν,

2318 3393 2509 3447 εἴδωλα
2539 3394 2597 3448 δὲ
2645 3400 2710 3448 τὰ
2758 3397 3049 3455 ἀναίσθητα
3078 3404 3167 3449 καὶ
3197 3402 3345 3470 κωφά
3379 3395 3781 3469 βδελυττόμενος
3818 3405 3907 3451 xui

2314 3492 2503 3555 μισῶν,
2539 3485 2593 3544 ὃς
2640 3490 2729 3537 καὶ
2781 3491 2872 3543 τὴν
2920 3485 3177 3538 εὐσέϐειαν
3229 3488 3559 3558 ύποσπείρειν
3610 3487 3905 3558 βουλόμενος

2314 3582 2607 3645 πανταχοῦ,
2673 3572 2998 3648 ὁδοιπορίαις
3064 3574 3317 3646 ἐκέχρητο
3398 3583 3619 3646 συχναῖς
3674 3581 3758 3627 xui
3810 3595 3902 3629 ιια-

2314 3668 2483 3733 κραῖς,
2518 3661 2633 3733 βίον
2675 3667 2763 3734 μὲν
2813 3662 3018 3724 ἐπάξιον
3069 3661 3381 3735 ἀσκούμενος
3423 3672 3513 3715 τοῦ
3561 3663 3896 3735 σεϐάσματος,

2314 3755 2406 3806 τὴν
2466 3748 2525 3802 δέ
2578 3771 2636 3820 γε
2681 3752 2937 3803 πολιτείαν
2993 3751 3285 3822 ἐπικοσμῶν
3334 3761 3405 3821 τῷ
3453 3751 3773 3823 σεϐάσματι’
3808 3757 3898 3809 τὴν

2313 3842 2413 3907 γὰρ
2459 3839 2528 3898 εἰς
2576 3844 2804 3913 Χριστόν
2850 3846 3024 3892 πίστιν
3074 3840 3166 3891 οῦκ
3212 3840 3479 3911 ἐγκόλπιον
3527 3846 3677 3907 μόνον
3723 3846 3895 3915 φέρειν,

2318 3924 2445 3975 ἀλλά
2512 3933 2599 3978 καὶ
2676 3926 2914 3998 δημοσία
2990 3933 3261 4002 κηρύττειν
3337 3933 3617 4001 ἡγούμενος
3686 3929 3895 3995 εὐσεϐὲς,

2316 4013 2521 4075 πολλοῖς
2564 4024 2652 4074 τῆς
2701 4015 2936 4077 ἀληθείας
2984 4014 3312 4080 διδάσκαλος
3354 4018 3677 4090 ἐγνωρίζετο,
3708 4018 3790 4078 of);
3830 4015 3894 4077 δὴ

2318 4108 2404 4153 καὶ
2462 4106 2525 4163 ὡς
2586 4108 2629 4155 εἴ
2684 4124 2759 4165 τις
2812 4114 3063 4177 μαγνῆτις
3116 4107 3247 4159 εἷλκέ
3303 4127 3355 4159 τε
3410 4111 3539 4178 πρὸς
3595 4108 3766 4159 ἑαυτὸν
3815 4114 3899 4159 καὶ

2320 4199 2409 4251 τῆς
2454 4192 2650 4254 πλάνης
2698 4192 2997 4268 ἀπέστρεφε.
3027 4198 3222 4246 Τούτου
3255 4199 3355 4266 γάρ
3400 4205 3489 4255 τῆς
3539 4192 3760 4257 ἡδίστης
3803 4205 3895 4247 τῶν

2319 4280 2479 4350 λόγων
2550 4283 2720 4353 ἠχοῦς
2789 4285 2873 4335 οἷα
2939 4291 3174 4354 Σειρῆνος
3249 4281 3511 4353 ἀψευδοῦς
3586 4284 3797 4347 ἁλόντες,
3850 4287 3896 4335 οἱ

2246 4402 2287 4455 D
2322 4368 2634 4441 ἀκροώμενοι
2680 4375 2809 4442 πρὸς
2856 4376 2947 4429 τὴν
3001 4380 3089 4431 τῆς
3138 4376 3361 4433 πίστεως
3407 4372 3551 4431 εὐθὺς
3600 4371 3893 4444 ἐζωγροῦντο

2321 4458 2616 4529 ἐπίγνωσιν,
2651 4460 2802 4511 καλὸν
2830 4460 2967 4529 αύτῷ
2997 4464 3257 4531 γενόμενοι
3291 4463 3519 4533 θήραμα,

2392 4547 2461 4601 Γ’.
2502 4548 2587 4610 Ὠς
2644 4545 2700 4599 δὲ
2742 4547 2931 4609 πολλάς
2981 4554 3157 4620 κώμας
3206 4553 3295 4601 καὶ
3338 4549 3509 4611 πόλεις
3562 4555 3760 4621 περιεὼν
3812 4554 3891 4600 xui

2318 4641 2410 4693 τὴν
2483 4635 2530 4687 ἐν
2611 4635 2842 4709 Ἀγκύρᾳ
2918 4646 3007 4697 τῆς,
3084 4638 3336 4698 Γαλατίας
3415 4637 3685 4708 κατείληφε
3760 4637 3887 4689 πόλιν

2319 4726 2452 4775 οὕτω
2496 4723 2721 4795 μεγάλην
2775 4728 2863 4776 καὶ
2936 4725 3337 4799 πολυάνθρωπον
3393 4724 3479 4796 (ἦν
3534 4723 3592 4779 δε
3643 4730 3722 4777 τόν
3769 4728 3883 4776 θεῖον

2316 4812 2464 4882 λόγον
2514 4812 2755 4884 ὑφαπλῶν
2807 4811 2900 4864 κάν
2956 4817 3119 4885 ταύτῃ
3174 4818 3263 4865 καὶ
3314 4812 3594 4885 διαμένων)
3640 4812 3794 4866 πολλοί
3831 4830 3879 4863 τε

2318 4910 2414 4953 τῶν
2476 4899 2637 4953 ἐκεῖσε
2706 4909 2805 4953 τῶν
2860 4902 3021 4953 αὐτοῦ
3094 4899 3460 4954 διδασκαλιῶν.
3526 4902 3882 4975 μετειλήφεσαν,

2319 4991 2499 5059 φθόνος
2541 4988 2739 5060 ἀνήφθη
2784 4996 2907 5062 πρός
2944 5010 3089 5041 τινων
3149 4996 3238 5043 καὶ
3285 4997 3442 5063 μίσος
3486 4992 3749 5059 ἀλόγιστον
3786 4988 3883 5041 κατ’

2318 5078 2496 5129 αὐτοῦ.
2544 5081 2608 5129 Oi
2651 5082 2748 5149 γὰρ
2795 5077 3142 5149 ἀπειροκάλως
3195 5087 3291 5130 τῶν
3340 5082 3483 5132 θείων
3533 5083 3733 5150 ἔχοντες
3774 5097 3887 5151 παρ-

2318 5170 2555 5217 αινέσεων
2634 5172 2721 5217 καὶ
2807 5166 3222 5241 ἀπεστραμμένοι
3307 5170 3395 5238 μὲν
3482 5174 3570 5225 τὴν
3653 5167 3883 5230 ἀληθειαν,

2318 5256 2384 5314 ὡς
2414 5262 2477 5323 γῆ
2514 5250 2571 5305 δὲ
2610 5251 2883 5326 πετρώδης
2926 5259 3012 5306 τόν
3042 5264 3130 5305 τοῦ
3162 5256 3315 5325 λόγου
3367 5261 3558 5330 σπόρον
3589 5260 3659 5326 μὴ
3694 5252 3887 5326 δεχόμε-

2316 5360 2414 5403 νοι,
2461 5338 2855 5393 ἐνδιαϐάλλουσι
2898 5347 2983 5394 τὸν
3040 5351 3131 5402 τῆς
3183 5348 3408 5405 πίστεως
3458 5349 3664 5415 κήρυκα
3714 5351 3775 5411 τῷ
3811 5362 3888 5400 τη-

2266 5482 2281 5505 Κ
2316 5435 2537 5482 νικαῦτα
2612 5437 2705 5491 τῆς
2770 5429 2958 5491 πόλεως
3020 5433 3448 5506 προστατεύοντι,
3504 5430 3656 5502 ἀνδρὶ
3725 5430 3887 5502 πλήρει

2318 5520 2407 5590 μεν
2464 5515 2698 5579 ἀσεϐείας
2746 5521 2869 5585 ὄντι,
2919 5519 3102 5593 πλήρει
3152 5517 3209 5573 δε
3268 5522 3433 5594 θυμοῦ
3493 5524 3580 5574 καὶ
3628 5520 3886 5593 ὠμότητος.
