4144 6258
222 370 495 447 Σακερδὼς
569 373 734 444 τούτῳ
789 375 966 444 ὄνομα,
1119 379 1208 427 καὶ
1275 377 1458 430 θᾶττον
1515 378 1540 429 6
1603 376 1830 440 ἀθλητὴς

219 465 565 537 προσαχθεὶς,
599 461 666 522 εἰς
713 460 832 532 ὄψιν
885 481 938 513 τε
973 461 1112 533 αύτῷ
1154 469 1447 537 παραστάςο
1498 473 1581 533 Τί,
1621 473 1778 539 φησὶν
1805 469 1830 520 ό

227 553 422 623 Θρασὺς
473 553 657 626 ἄρχων
713 555 802 602 καὶ
844 549 1048 611 ἀλαζὼν
1099 557 1233 625 πρὸς
1269 557 1356 606 τὸν
1386 553 1556 626 ἅγιον,
1587 559 1723 607 κατά
1750 575 1832 608 το-

231 642 421 690 σούτου
461 641 682 712 κράτους
710 644 864 710 μόνος
919 650 1016 690 τών
1057 641 1220 692 ἄλλων
1252 642 1446 714 τολμᾷς
1495 640 1831 704 αὐθαδάζεσ-

229 731 337 794 θαι,
391 733 480 780 xui
522 736 690 780 ταῦτα
718 730 910 790 ἔπηλυς
939 728 1007 778 ὧν
1039 735 1128 781 καὶ
1170 730 1275 801 οὐχ
1303 728 1595 802 ἡμεδαπός,
1629 734 1829 784 πάντων

227 817 628 869 ύποκυπτόντων
702 821 791 868 xui
856 818 1044 879 θύσιας
1117 826 1221 878 τοῖς
1277 822 1410 881 θεοῖς
1459 826 1827 894 προσαγόντων

228 909 314 957 xui
366 905 554 967 αύτούς
605 905 823 975 εὐμενεῖς
871 907 1012 976 ἔχειν
1065 904 1412 973 σπευδόντων,
1473 906 1546 960 δι’
1595 909 1661 960 ὧν
1701 911 1826 981 ἡμῖν

229 997 396 1046 πάντα
427 991 673 1068 δωρεῖται
702 997 767 1046 τὰ
796 993 1050 1046 κάλλιστα
1083 1014 1094 1062 ;
1135 995 1289 1048 Ἀλλά
1322 1001 1385 1049 σύ
1418 1017 1470 1068 γε
1500 997 1557 1050 ού
1588 1003 1739 1069 μόνον
1767 1002 1824 1050 ού

230 1087 502 1157 προσέρχῃ
549 1084 718 1135 θύσων
750 1081 925 1142 αὐτοῖς
968 1088 1057 1134 καὶ
1110 1083 1515 1157 ἕξιλεωσόμενος,
1569 1085 1696 1137 ἀλλὰ
1736 1091 1825 1138 καὶ

231 1174 355 1232 τούς
401 1174 672 1244 προσιέναι
717 1169 1063 1242 βουλομένους
1110 1171 1336 1244 ἀφιστᾴς
1388 1177 1477 1226 καῖ
1521 1173 1695 1245 λόγοις
1747 1193 1828 1245 φε-

231 1259 416 1331 νακίζη
472 1261 782 1329 ἐπαγωγοῖς,
853 1264 985 1330 μήτε
1056 1266 1298 1332 σώματος
1348 1265 1550 1334 μεγέθει
1605 1261 1824 1336 θαρρῶν,

228 1352 362 1417 μήτε
415 1346 658 1419 περιϐολῇ
720 1346 1031 1420 ἀξιώματος.
1091 1354 1223 1422 Πρός
1280 1352 1334 1401 ὃν
1397 1352 1422 1402 ό
1481 1353 1682 1424 μάρτυς
1738 1358 1828 1402 τοῦ

229 1441 466 1506 Χριστοῦ
504 1437 678 1507 πράως
704 1437 838 1487 οὕτω
867 1441 954 1488 xui
995 1446 1266 1511 προσηνῶς
1304 1437 1634 1513 ἀπεκρίνατο.

1449 243 1836 307 CERTAMEN
1876 249 1935 308 S.
1971 245 2344 312 CALLINICI.

3471 249 3576 312 482

1942 379 2028 435 ira
2059 385 2115 436 et
2144 379 2506 437 crudelitate.
2540 374 2606 435 Ei
2636 381 2836 436 autem
2883 381 3006 433 erat
3043 389 3264 434 nomen
3299 377 3586 436 Sacerdos

1939 467 2025 521 Ad
2052 483 2230 538 quem
2272 483 2410 522 cum
2441 466 2764 538 productus
2793 470 2946 520 esset
2973 465 3213 531 athleta,
3246 471 3301 521 et
3329 467 3589 521 venisset

1940 554 1998 608 in
2029 555 2159 625 ejus
2187 563 2570 626 conspectum
2609 570 2621 608 :
2679 552 2848 619 Quid,
2882 553 3072 624 inquit
3102 553 3304 608 audax
3347 560 3400 608 et
3431 569 3588 608 arro-

1939 657 2089 712 gans
2124 659 2349 714 praeses
2381 650 2608 706 sancto,
2655 643 2942 696 adversus
2976 647 3201 696 tantam
3261 643 3584 712 potentiam

1937 732 2124 786 audes
2157 732 2314 787 solus
2335 749 2404 787 ex
2427 731 2555 786 aliis
2575 738 2627 786 te
2654 729 2970 784 insolenter
2995 744 3216 798 gerere,
3249 730 3428 800 idque
3445 747 3583 785 cum

1935 822 2016 874 sis
2049 821 2304 884 advena,
2327 827 2384 876 et
2411 836 2531 875 non
2565 826 2814 882 nostras,
2841 818 3124 872 omnibus
3155 834 3216 872 se
3237 821 3586 873 submitten-

1936 908 2114 974 tibus,
2148 914 2203 963 et
2229 909 2340 963 diis
2373 908 2665 963 sacriﬁcia
2689 907 3100 970 oti'erentibus,
3134 914 3189 961 et
3219 922 3318 960 eos
3350 907 3590 962 studen-

1936 997 2088 1050 tibus
2107 997 2329 1052 habere
2350 996 2668 1052 benevolos
2694 1012 2763 1050 ac
2778 995 3088 1067 propitios,
3111 1011 3212 1065 per
3231 1011 3384 1066 quos
3410 996 3586 1050 nobis

1932 1085 2254 1151 donantur,
2306 1100 2683 1157 quaacunque
2733 1091 2870 1138 sunt
2909 1085 3134 1153 optima
3173 1090 3228 1138 et
3271 1083 3592 1152 pulcherri-

1935 1189 2036 1228 ma
2070 1172 2097 1226 ?
2129 1174 2241 1229 Sed
2273 1179 2334 1228 tu
2362 1173 2608 1244 quidem
2652 1188 2774 1226 non
2831 1171 3024 1226 solum
3065 1186 3187 1225 non
3217 1172 3449 1226 accedis
3477 1172 3589 1226 diis

1937 1260 2404 1330 sacriﬁcaturus,
2433 1265 2490 1314 et
2509 1275 2611 1313 eos
2643 1259 2976 1329 placaturus
3004 1274 3016 1312 :
3044 1259 3148 1312 sed
3174 1274 3274 1312 eos
3306 1260 3485 1314 etiam
3515 1259 3594 1314 ab

1934 1348 2204 1428 i‘nstituto
2239 1349 2574 1410 dimovens,
2606 1345 2709 1418 qui
2736 1346 2942 1401 volunt
2972 1346 3270 1416 accedere,
3302 1346 3492 1402 verbis
3521 1348 3594 1402 ad

1937 1436 2350 1491 inducendum
2380 1435 2854 1491 accommodatis
2877 1435 3128 1505 decipis,
3161 1451 3355 1506 neque
3385 1451 3594 1507 corpo-

229 1523 312 1578 ris
351 1523 536 1579 fretus
600 1525 1037 1594 magnitudine,
1091 1542 1286 1598 neque
1324 1527 1671 1582 auctoritate
1712 1525 1827 1580 ulla
1864 1529 1967 1580 aut
2003 1524 2315 1594 dignitate.
2371 1525 2472 1579 Cui
2527 1528 2755 1594 martyr
2785 1522 2990 1578 Christi
3032 1523 3116 1577 sic
3155 1528 3465 1578 mansuete
3504 1540 3596 1579 res

240 1611 482 1682 spondit
502 1619 557 1666 et
588 1612 818 1683 placide
853 1629 866 1666 :

304 1698 376 1754 A'.
426 1699 558 1770 Ἐγὼ
602 1703 691 1772 μὲν
745 1702 1014 1774 ἄνθρωπος
1049 1698 1176 1754 εἶναι
1233 1701 1467 1774 ὁμολογῶ
1511 1700 1714 1762 εὐτελὴς
1765 1705 1822 1752 τό

1959 1669 1963 1672 ί
2005 1701 2098 1756 IV.
2121 1703 2241 1772 Ego
2262 1701 2510 1773 quidem
2547 1717 2640 1755 me
2672 1699 2858 1755 fateor
2896 1714 3030 1754 esse
3056 1698 3366 1754 hominem
3399 1701 3593 1770 specie

239 1793 550 1860 φαινόμενον
595 1793 684 1841 xui
715 1793 918 1864 μικρός·
951 1795 1204 1864 περιφίρω
1253 1787 1310 1843 δὲ
1351 1791 1400 1843 ἐν
1431 1799 1502 1861 τῷ
1549 1790 1842 1864 ὀστρακίνῳ

1957 1789 2241 1844 humilem
2277 1797 2333 1844 et
2372 1788 2654 1860 pusillum
2696 1806 2708 1842 :
2743 1787 3094 1842 circumfero
3139 1792 3339 1843 autem
3378 1788 3437 1842 in
3487 1786 3597 1841 hoc

230 1895 337 1947 μου
383 1880 550 1948 τούτῳ
600 1881 770 1930 σκεύει
812 1881 897 1930 τὸν
938 1877 1056 1950 ἐμόν
1095 1878 1374 1951 πολύτιμον
1427 1883 1481 1930 όν
1533 1880 1836 1953 καίθησαυρ

234 1971 578 2039 μαργαρίτην
638 1971 896 2039 Χριστὸν,
963 1972 1048 2019 τόν
1101 1971 1290 2037 Κύριόν
1343 1988 1443 2040 μου
1497 1973 1586 2020 καὶ
1635 1975 1847 2039 Σωτῆρα

228 2054 463 2118 Ἰησοῦν,
518 2055 578 2106 οὗ
643 2052 832 2118 δοῦλός
887 2056 1014 2126 εἰμι,
1067 2057 1202 2129 ᾧπερ
1240 2057 1391 2131 ρίφην
1450 2055 1550 2108 ἀπὸ
1591 2061 1842 2128 γαστρός,

229 2144 286 2206 ὃς
319 2141 546 2204 πλοῦτος
577 2142 689 2214 ίμοὶ
723 2150 809 2196 xui
848 2148 1109 2216 καύχημα
1141 2151 1231 2198 xui
1264 2146 1420 2218 ἰσχύς
1452 2143 1526 2198 δι’
1556 2143 1621 2196 ὧν
1649 2142 1847 2204 ἣδιστα

247 2229 366 2302 ἐμοὶ
412 2236 501 2282 xui
530 2233 720 2304 τερπνὰ
749 2234 815 2283 τὰ
863 2241 952 2284 τοῦ
995 2232 1116 2305 βίου
1151 2234 1352 2286 ἅπαντα
1401 2233 1629 2305 ἀλγεινά.
1679 2231 1845 2286 Ούδεν

233 2316 320 2371 οὖν
353 2321 675 2391 θαυμαστόν,
711 2320 750 2370 ὧ
795 2322 1023 2392 ἡγεμὼν,
1058 2322 1103 2373 εἰ
1150 2325 1389 2374 τοιούτου
1437 2328 1701 2374 Δεσπότου
1753 2325 1842 2389 ὤν,

235 2404 449 2460 σπεύδω
477 2413 565 2460 καὶ
605 2406 949 2480 ἀγωνίζομαι,
1003 2412 1136 2469 ὅπως
1188 2430 1243 2462 τε
1270 2410 1421 2470 αὐτὸς
1467 2417 1559 2461 τοῦ
1612 2409 1695 2460 ἰοῦ
1749 2419 1845 2470 τῆς

233 2501 424 2559 κακίας
491 2496 711 2570 ἐμαυτόν
768 2495 1104 2570 ἀποξίσαιμι,
1166 2499 1284 2550 καθ’
1339 2500 1460 2550 ὅσον
1513 2499 1675 2550 οἷόντε
1725 2518 1846 2550 συν-

239 2590 490 2660 τηρήσας
541 2585 829 2652 ἀλώϐητον,
882 2591 971 2638 καὶ
1019 2589 1154 2650 ὃπως
1185 2595 1275 2648 τῆς
1317 2595 1416 2639 τῶν
1456 2583 1680 2639 εἰδώλων
1711 2587 1846 2639 πλά-

235 2694 329 2736 νης
375 2678 494 2736 τοὺς
555 2675 923 2747 ἠπατημένους
968 2675 1298 2748 ἕκσπάσαιμι
1362 2681 1550 2747 καὶ
1626 2675 1843 2747 ἀληθείᾳ

235 2762 580 2836 προσάξαιμι.
664 2761 724 2814 Ὀ
803 2765 905 2836 γὰρ
966 2762 1159 2833 ἐξάγων
1218 2763 1522 2834 ἁμαρτωλὸν
1605 2761 1660 2814 ἐκ
1715 2763 1843 2814 πλάο

237 2871 328 2912 νης
403 2849 530 2903 ὁδοῦ
605 2851 762 2902 αὐτοῦ
968 2869 1099 2921 φησι
1157 2853 1223 2902 τὰ
1282 2853 1602 2902 θεόπνευστα
1667 2850 1841 2920 λόγια)

247 2947 404 2990 σώσει
471 2941 560 3009 μὲν
633 2937 818 3008 ψυχὴν
879 2939 934 2988 ἐκ
991 2939 1215 2989 θανάτου
1292 2941 1383 2988 καὶ
1443 2935 1662 3005 καλύψει
1716 2936 1846 2993 πλῆ-

248 3029 337 3088 θος
394 3026 679 3099 ἁμαρτιῶν.
751 3027 868 3078 Εἴθε
935 3021 1022 3076 οὖν
1101 3026 1305 3077 ἐπείθου
1386 3044 1476 3097 μοι
1552 3029 1640 3075 xui
1689 3023 1846 3085 αὐτὸς

1951 1894 2086 1933 meo
2146 1894 2288 1933 vase
2309 1877 2471 1932 ﬁctili
2512 1877 2836 1948 pretiosum
2894 1892 3096 1930 meum
3127 1875 3483 1939 thesaurum,
3542 1878 3601 1930 et

1954 1967 2341 2036 margaritam
2371 1966 2662 2020 Christum
2689 1965 3011 2020 Dominum
3043 1979 3242 2018 meum
3265 1963 3598 2018 etSalvato-

1952 2070 2075 2114 rem
2105 2055 2325 2118 Jesum,
2361 2054 2531 2123 cujus
2564 2069 2698 2107 sum
2739 2067 2944 2106 servus
2980 2052 3105 2106 :cui
3138 2052 3436 2122 projectus
3467 2067 3601 2104 sum

1955 2143 2032 2199 ab
2063 2150 2245 2208 utero,
2278 2141 2376 2214 qui
2416 2146 2501 2196 est
2529 2141 2672 2196 mihi
2712 2141 2948 2206 divitiae,
2989 2139 3260 2211 gloriatio
3291 2145 3345 2194 et
3399 2139 3597 2203 virtus,

1955 2248 2062 2303 per
2111 2248 2244 2302 quae
2276 2238 2417 2286 sunt
2472 2229 2615 2284 mihi
2646 2228 3022 2284 delectabilia
3060 2235 3115 2283 et
3160 2228 3335 2297 longe
3387 2229 3600 2298 jucun-

1955 2320 2200 2375 dissima
2222 2335 2598 2392 quaecunque
2622 2324 2759 2373 sunt
2780 2319 2838 2372 in
2873 2320 2990 2372 vita
3016 2332 3226 2387 aspera
3257 2323 3313 2371 et
3331 2315 3600 2370 molesta.

1955 2412 2082 2464 Non
2123 2418 2207 2463 est
2235 2424 2377 2477 ergo
2436 2408 2674 2472 mirum,
2708 2423 2740 2460 o
2773 2421 3010 2476 praeses,
3054 2406 3102 2459 si
3141 2420 3280 2459 cum
3339 2404 3472 2458 talis
3527 2404 3600 2459 sit

1955 2499 2100 2554 mihi
2133 2498 2439 2559 Dominus,
2479 2497 2766 2550 contendo
2804 2501 2860 2549 et
2887 2495 3142 2562 decerto,
3177 2498 3238 2547 ut
3267 2498 3323 2547 et
3348 2491 3475 2563 ipse
3506 2507 3601 2546 me

1952 2600 1989 2642 ει
2023 2585 2142 2640 vitii
2193 2584 2466 2652 rubigine
2496 2582 2814 2653 expoliam,
2849 2597 2943 2636 me
2989 2580 3285 2651 integrum
3337 2586 3392 2633 et
3417 2580 3603 2634 since-

1950 2688 2107 2739 rum,
2139 2671 2341 2744 quoad
2387 2671 2515 2740 ejus
2562 2671 2689 2725 ﬁeri
2745 2675 2954 2741 potest,
2993 2683 3370 2736 conservans,
3417 2673 3599 2738 utque

1951 2760 2030 2815 ab
2113 2775 2309 2815 errore
2382 2758 2682 2814 idolorum
2768 2773 2888 2825 eos,
2993 2757 3096 2827 qui
3169 2762 3310 2811 sunt
3390 2755 3601 2826 decep-

1953 2849 2014 2912 ti,
2047 2847 2318 2909 avellam,
2371 2851 2432 2900 et
2460 2846 2760 2902 adducam
2815 2846 2892 2901 ad
2931 2845 3257 2902 veritatem.
3295 2844 3406 2910 Qui
3441 2846 3599 2898 enim

1953 2933 2188 2989 abducit
2213 2939 2566 3002 peccatorem
2591 2933 2876 2990 aberrare
2899 2934 3005 2989 vias
3029 2948 3149 2988 suae
3174 2938 3260 3003 (ut
3284 2933 3490 2986 dicunt
3514 2931 3595 2985 di

1953 3021 2172 3075 vinitus
2195 3019 2483 3091 inspirata
2511 3021 2778 3093 Eloquia)
2805 3022 3061 3077 servabit
3085 3023 3350 3076 animam
3382 3025 3602 3074 amorte

247 3121 340 3174 τὴν
371 3117 461 3188 μὶν
490 3122 760 3186 παροῦσαν
810 3113 1011 3168 ἀπάτην
1055 3113 1378 3177 καταλιπεῖν,
1417 3121 1490 3183 τῷ
1541 3109 1599 3164 δέ
1639 3131 1699 3184 γε
1751 3119 1845 3172 τῆς

1957 3115 2010 3166 et
2035 3110 2249 3178 aperiet
2268 3109 2690 3165 multitudinem
2705 3125 3089 3179 pec-carorum
3114 3111 3355 3179 '.Atque
3377 3108 3602 3162 utinam

245 3205 486 3264 ἀληθείας
534 3207 663 3275 φωτὶ
710 3199 1092 3278 προσδραμεῖν.
1127 3201 1323 3272 ’Ἐγνως
1364 3204 1466 3274 γὰρ
1512 3201 1570 3252 ἄν
1604 3206 1718 3253 τότε
1776 3203 1844 3262 ὡς

245 3293 470 3357 ἀληθῶς,
500 3297 551 3344 τί
595 3295 684 3364 μεν
730 3293 756 3343 6
787 3299 886 3343 τῶν
939 3289 1066 3342 ὀλῶν
1099 3293 1231 3352 Θεὸς
1269 3295 1359 3342 xui
1387 3295 1672 3354 Δεσπότης,
1704 3294 1756 3341 τί
1787 3286 1846 3342 δε

244 3383 309 3434 τὰ
355 3382 476 3455 παρ’
533 3381 676 3453 ὑμῶν
723 3377 917 3433 εἰδωλα
970 3383 1060 3432 xui
1105 3382 1272 3452 κωφὰ,
1317 3377 1352 3430 ἆ
1387 3378 1574 3450 ψυχῆς
1616 3377 1845 3451 ἀτεχνῶς

245 3470 451 3543 ὄλεθρος
480 3474 570 3522 καὶ
609 3469 858 3524 ἀπώλεια.

319 3737 393 3796 E'.
422 3737 626 3790 Τούτων
670 3732 948 3788 ἀκούσασα
985 3741 1086 3786 τῶν
1111 3729 1276 3804 λόγων
1301 3732 1330 3790 ἠ
1376 3731 1543 3804 φαύλη
1572 3730 1728 3804 ψυχὴ
1758 3734 1848 3783 καὶ

246 3825 556 3901 μισόκαλος,
609 3823 976 3896 ἁκατασχέτου
1029 3821 1144 3874 λίαν
1183 3820 1489 3879 ὑπεπλήσθη
1533 3821 1718 3892 θυμοῦ,
1760 3824 1849 3872 xui

247 3925 322 3988 τῷ
376 3915 508 3988 ἁγίῳ
557 3911 814 3989 βλοσυρὸν
863 3907 1044 3965 ἐνιδὼν
1091 3915 1181 3962 xui
1231 3905 1413 3984 δριμύ·
1470 3907 1683 3970 ’Ἐοικάς
1736 3928 1845 3980 μοι,

251 4011 406 4077 φησί,
443 4007 530 4056 τόν
564 4005 780 4056 θάνατον
804 4009 892 4062 τῆς
923 3997 1151 4060 ἡδίστης
1177 4000 1315 4060 ζωῆς
1347 4004 1605 4072 προτιμᾷν
1636 4002 1725 4050 καὶ
1758 3994 1852 4050 διὰ

249 4102 401 4147 τοῦτο
449 4093 682 4167 ῥήμασιν
747 4090 1166 4162 ἀπονενοημένοις
1249 4092 1516 4162 κέχρησαι
1567 4088 1703 4138 κατὰ
1751 4095 1850 4136 τῶν

255 4185 398 4246 θεῶν,
453 4185 694 4253 συνείρων
753 4179 1002 4232 ἀπνευστὶ
1056 4179 1123 4228 τα
1168 4171 1510 4248 παιδαριώδη
1561 4182 1728 4226 ταῦτα
1765 4177 1854 4223 καὶ

252 4273 473 4342 μάταια*
508 4266 613 4320 ἀλλ’
647 4269 760 4320 ’ίσθι
785 4269 854 4328 ὡς
901 4264 1051 4317 οὐδέν
1087 4283 1144 4316 σε
1179 4267 1374 4315 τούτων
1406 4262 1578 4319 ὀνήσει
1622 4257 1746 4312 ούδέ
1774 4263 1852 4320 τίς

255 4377 312 4410 σε
343 4366 441 4409 τῶν
491 4355 622 4427 ἐμῶν
653 4355 894 4418 ἐξελεῖται
941 4361 1133 4425 χειρῶν
1166 4348 1280 4403 οὐδ’
1326 4351 1378 4402 ὃν
1409 4347 1695 4420 ἐπαγγέλλῃ
1755 4355 1854 4398 Σω-

1956 3205 2017 3255 tu
2043 3211 2279 3269 quoque
2310 3212 2346 3251 a
2377 3212 2470 3251 me
2511 3197 2952 3267 persuadereris
2981 3202 3334 3266 praesentem
3359 3195 3606 3266 quidem

1953 3286 2285 3357 relinquere
2317 3284 2742 3355 deceptionem,
2775 3283 2851 3338 ad
2897 3283 3155 3337 veritatis
3187 3289 3385 3338 autem
3411 3282 3606 3336 lucem

1953 3375 2250 3432 accedere.
2299 3375 2460 3428 Tunc
2486 3373 2644 3427 enim
2689 3386 2895 3427 revera
2920 3372 3318 3440 cognovisses,
3351 3369 3501 3442 quid
3538 3368 3610 3424 sit

1953 3465 2369 3521 universorum
2410 3460 2654 3533 quidem
2701 3462 2853 3514 Deus
2878 3465 2934 3514 et
2963 3459 3247 3513 Dominus
3281 3457 3467 3529 :quid
3509 3473 3611 3513 au-

1954 3558 2097 3620 tem,
2133 3567 2263 3624 quae
2313 3555 2452 3606 sunt
2504 3548 2670 3620 apud
2699 3563 2808 3604 vos
2861 3547 3200 3614 simulacra,
3231 3562 3365 3619 quae
3408 3561 3613 3602 revera

1955 3647 2096 3698 sunt
2131 3641 2342 3698 animae
2371 3639 2608 3695 exitium
2639 3641 2696 3692 et
2721 3637 3018 3692 interitus.

2029 3733 2092 3784 V.
2125 3733 2256 3785 Haec
2305 3743 2441 3783 cum
2474 3726 2632 3782 mala
2658 3727 2917 3783 audisset
2945 3725 3166 3794 anima,
3201 3730 3257 3781 et
3281 3740 3444 3797 quae,
3475 3738 3610 3796 quas

1956 3820 2378 3884 sunthonesta,
2397 3815 2748 3880 habetodio,
2768 3830 2840 3871 ea
2855 3830 2991 3887 quae
3011 3814 3296 3870 contineri
3314 3829 3433 3869 non
3449 3816 3616 3884 pote-

1956 3915 2048 3965 rat
2075 3910 2161 3964 ira
2177 3905 2282 3962 fuit
2307 3905 2551 3978 repleta,
2575 3908 2630 3960 et
2659 3911 2935 3960 sanctum
2963 3909 3126 3958 torve
3152 3901 3391 3959 intuens
3420 3921 3433 3960 :
3463 3901 3616 3967 Mihi,

1958 3997 2168 4069 inquit,
2189 3994 2399 4050 videris
2414 3999 2656 4049 mortem
2695 3994 2820 4048 vitae
2852 3992 3126 4062 praeferre
3134 3991 3612 4061 jucundissimaa,

1960 4091 2016 4141 et
2043 4084 2170 4138 ideo
2192 4083 2478 4138 adversus
2491 4083 2635 4136 deos
2660 4081 2852 4136 verbis
2879 4096 3023 4134 usus
3048 4078 3540 4143 esinsolentibus,
3561 4082 3617 4133 et

1962 4170 2265 4227 amentiam
2281 4174 2428 4222 tuam
2457 4167 2938 4235 signiﬁcantibus,
2953 4167 3080 4221 haec
3098 4166 3404 4236 pueriliaet
3424 4166 3624 4222 inania

1965 4262 2305 4318 contexens,
2328 4259 2385 4310 et
2401 4269 2555 4310 vano
2578 4254 2779 4324 spiritu
2803 4253 3108 4324 proferens
3131 4267 3145 4303 :
3171 4253 3274 4308 sed
3291 4254 3442 4308 scias
3454 4253 3615 4308 futu‘

1966 4363 2122 4417 rum,
2154 4351 2216 4400 ut
2245 4343 2612 4399 nihilhorum
2634 4343 2735 4398 tibi
2764 4342 3164 4414 prosit,neque
3188 4348 3239 4396 te
3265 4356 3277 4396 :
3313 4339 3526 4412 aliquis
3547 4357 3620 4396 ex

254 4454 393 4517 τῆρα
425 4446 515 4495 σόν
554 4448 644 4494 καὶ
686 4447 835 4496 Θεόν.
884 4443 1061 4493 Πάντα
1089 4441 1190 4510 γάρ
1221 4456 1314 4489 σου
1349 4433 1743 4508 διαψηλαφήσω
1794 4436 1846 4487 τό

1968 4436 2107 4492 meis
2121 4433 2383 4489 manibus
2397 4433 2624 4504 eripiat,
2643 4447 2712 4486 ne
2729 4432 2774 4486 is
2789 4430 3048 4503 quidem,
3061 4445 3230 4501 quem
3248 4434 3311 4485 tu
3326 4428 3623 4501 proﬁteris

255 4532 405 4604 μέλη,
456 4534 546 4582 καὶ
597 4537 694 4582 πᾶν
741 4532 785 4582 εἰ
822 4548 874 4580 τι
924 4530 1108 4598 πικρόν
1151 4524 1321 4587 ἐπάξω
1367 4543 1451 4576 σοι
1493 4524 1859 4598 κολαστήριον,

254 4623 321 4681 ὡς
374 4621 434 4672 ἄν
484 4617 618 4690 αὐτῇ
660 4622 814 4690 πείρᾳ
861 4625 1010 4688 γνῷς,
1061 4617 1182 4668 ὅσον
1231 4619 1288 4666 τό
1340 4613 1568 4667 ἀπειθεῖν
1598 4621 1708 4675 τοῖς
1740 4632 1864 4685 κρα-

255 4716 409 4762 τοῦσι
457 4708 641 4770 κακόν,
691 4712 779 4758 καὶ
827 4707 975 4767 ὅσαις
1018 4705 1294 4757 ὑπεύθυνοι
1331 4707 1608 4777 τιμωρίαις
1658 4704 1706 4754 οἱ
1747 4704 1868 4761 τοὺς

257 4801 399 4859 θεούς
453 4796 865 4869 μυκτηρίζοντες
917 4799 1007 4846 xui
1044 4799 1138 4851 την
1201 4791 1365 4845 αὐτῶν
1418 4791 1656 4864 λατρείαν
1711 4789 1870 4842 ἁπαν-

256 4892 537 4960 αινὸμενοι.
612 4887 743 4959 Πρός
796 4885 848 4936 ὃν
907 4884 932 4934 6
986 4884 1182 4957 μάρτυς
1243 4880 1658 4955 θαρσαλεώτερον
1708 4879 1874 4932 ἀτενί-

264 4996 377 5040 σας·
433 4980 519 5033 Μὴ
563 4973 732 5046 μέλλε,
783 4970 911 5038 εἶπε,
973 4969 1107 5044 μηδ’
1163 4967 1418 5035 ἀναδύου,
1474 4969 1579 5021 ἀλλ’
1633 4969 1874 5041 ἑτοίμαζε

265 5071 472 5140 ταχέως
526 5065 699 5116 πάντα
753 5081 846 5114 σου
895 5061 962 5112 τὰ
1016 5068 1116 5112 τῶν
1170 5057 1608 5132 βασανιστηρίων
1657 5057 1872 5130 ὃργανα’

266 5158 538 5216 ἡκέτωσαν
586 5152 642 5203 αἱ
673 5153 948 5223 μάστιγες,
998 5153 1056 5200 τό
1102 5148 1263 5220 ξίφος,
1315 5151 1373 5198 τό
1411 5155 1536 5222 πῦρ,
1583 5149 1608 5198 6
1658 5150 1876 5230 τροχὸς,

266 5251 354 5300 xui
405 5245 508 5296 ὅσα
559 5260 645 5294 σοι
696 5239 828 5293 ἄλλα
876 5241 1008 5312 πρὸς
1057 5241 1311 5310 τιμωρίαν
1369 5234 1708 5293 ἐπινενόηταιθ
1760 5237 1882 5308 ἐμοὶ

268 5337 371 5410 γὰρ
401 5334 452 5388 ἓν
483 5337 638 5406 μόνον
685 5327 896 5404 φοϐερόν
935 5333 1024 5381 xui
1073 5331 1259 5401 φρίκης
1308 5324 1473 5394 ἀξιον,
1528 5329 1586 5377 τό
1641 5323 1881 5398 φοϐηθῆ-

361 5511 508 5576 1«iac.
543 5513 705 5584 v.20.

1973 4529 2159 4582 Deum
2181 4529 2237 4579 et
2254 4522 2637 4579 Salvatorem.
2664 4521 2872 4577 Omnia
2892 4519 3051 4574 enim
3076 4525 3176 4575 tua
3200 4519 3467 4574 membra
3489 4534 3632 4574 con-

1974 4614 2252 4679 trectabo,
2283 4616 2340 4668 et
2358 4610 2763 4683 quodcunque
2789 4615 2874 4664 est
2901 4609 3208 4674 acerbum,
3243 4609 3346 4664 tibi
3370 4607 3622 4664 inferam

1977 4701 2337 4776 supplicium
2381 4717 2394 4756 :
2434 4705 2495 4755 ut
2541 4699 2671 4771 ipsa
2702 4699 2854 4754 scias
2898 4698 3275 4768 experientia,
3335 4701 3626 4767 quantum

1980 4792 2052 4848 sit
2077 4792 2307 4847 malum
2335 4805 2453 4846 non
2481 4803 2682 4860 parere
2710 4787 2777 4842 iis
2807 4786 2910 4858 qui
2941 4785 3314 4841 dominatum
3345 4785 3628 4848 obtinent,

1983 4886 2038 4937 et
2075 4896 2250 4952 quam
2278 4877 2476 4934 multis
2518 4878 2634 4931 sint
2665 4877 2850 4946 poenis
2882 4873 3129 4929 obnoxii
3154 4871 3314 4945 iiqui
3338 4871 3483 4927 deos
3501 4873 3639 4926 sub-

1985 4973 2261 5032 sannant,
2295 4972 2349 5023 et
2380 4982 2586 5022 eorum
2619 4965 2842 5020 cultum
2873 4961 3207 5034 repudiarit.
3252 4963 3440 5026 Quem
3480 4976 3640 5016 mar-

1987 5075 2080 5131 iyr
2136 5056 2424 5112 audacius
2473 5054 2605 5110 ﬁxis
2644 5055 2879 5108 intuens
2919 5051 3108 5106 oculis
3155 5072 3165 5103 :
3223 5049 3370 5113 Noli,
3427 5048 3640 5120 inquit,

1989 5146 2242 5215 differre,
2276 5159 2385 5200 nec
2425 5143 2759 5216 protrahere
2789 5158 2802 5196 :
2838 5139 2944 5195 sed
2983 5143 3097 5195 cito
3124 5155 3272 5211 para
3302 5138 3506 5194 omnia
3529 5143 3645 5192 tor-

1990 5241 2328 5290 mentorum
2402 5232 2814 5288 instrumenta.
2860 5229 3079 5284 Venina
3135 5227 3388 5297 ﬂagella,
3437 5228 3639 5294 ensis,

1993 5322 2172 5395 ignis,
2210 5327 2374 5388 rotas,
2403 5325 2460 5377 et
2483 5334 2857 5394 quaecunque
2889 5317 3004 5376 alia
3033 5321 3364 5390 excogiatat
3399 5315 3640 5375 fuerunt
