4144 6258
520 252 623 307 483

1910 233 2169 292 MENSIS
2210 229 2475 289 JULIUS.

3797 226 3930 283 484

519 376 599 432 ad
625 376 931 449 supplicia.
974 375 1070 428 Est
1107 372 1265 427 enim
1305 368 1657 425 mihiunum
1688 364 1880 420 solum
1915 359 2167 419 terribile

2285 364 2364 410 ναί
2410 379 2461 410 τι
2504 361 2603 433 πρὸ
2638 364 2771 410 Θεοῦ
2814 359 2903 407 καὶ
2950 360 3045 415 τῆς
3088 350 3274 406 ἐκεῖθεν
3318 356 3663 429 χωρισθῆναι
3721 374 3935 426 μακα-

521 471 578 520 et
606 464 1074 526 formidandum,
1104 476 1177 514 ne
1204 458 1336 531 quid
1375 457 1647 512 timeatur
1660 454 1976 526 plusquam
1994 454 2167 513 Deus,

522 554 672 608 etab
694 568 764 607 ea
794 566 928 622 quae
960 550 1073 603 illic
1105 553 1209 612 est,
1245 562 1485 617 separer
1509 543 1891 599 beatitudine.
1921 540 2043 595 Alia
2065 553 2173 592 au—

520 646 637 695 tem
670 643 889 701 omnia,
930 653 1062 708 quae
1085 652 1220 690 meo
1259 631 1781 704 corporiintuleris,
1799 630 2172 699 voluptatem

520 731 663 783 mihi
705 728 899 800 potius
932 726 1244 796 reputabo,
1298 740 1483 794 quam
1528 720 1876 783 cruciatum,
1931 720 2175 790 propter

520 833 723 872 meum
752 818 813 870 in
848 820 1032 870 Ueum
1064 828 1355 867 amorem.

593 940 683 995 Vl.
717 942 1110 1009 Tuncpraases
1135 952 1272 990 cum
1286 934 1663 1005 desperasset
1685 932 1809 987 fore
1840 936 2181 986 utmutare-

526 1036 638 1093 tur,
648 1029 668 1098 j
681 1027 885 1083 ubetei
903 1032 1091 1080 totum
1107 1040 1319 1095 corpus
1336 1022 1485 1077 caedi
1509 1021 1704 1075 nervis
1726 1018 2173 1074 crudelissimis.

518 1116 623 1184 Qui
664 1132 801 1169 cum
845 1114 1187 1177 caederetur,
1247 1110 1549 1165 clamabat
1588 1124 1780 1179 praeco
1840 1123 1852 1161 :
1904 1111 2180 1175 Agnosce

519 1206 683 1269 deos,
732 1202 1025 1267 Callinice,
1059 1204 1117 1254 et
1146 1215 1249 1253 eos
1301 1199 1531 1261 invoca,
1568 1202 1628 1250 ut
1674 1201 1731 1250 te
1783 1195 1861 1249 ab
1914 1195 2027 1248 hoc
2071 1200 2181 1248 tor-

520 1300 719 1348 mento
758 1292 1038 1346 eximant.
1074 1290 1172 1342 Ille
1204 1294 1403 1341 autem
1453 1293 1569 1340 tam
1604 1284 1810 1339 leniter
1843 1283 2048 1354 plagas
2083 1298 2180 1336 ac-

520 1382 797 1453 cipiebat,
842 1387 903 1433 ut
954 1395 1027 1432 ne
1062 1377 1360 1431 videretur
1398 1373 1646 1444 quidem
1685 1374 1929 1426 omnino
1986 1370 2109 1442 pati
2165 1390 2187 1439 ε

522 1475 747 1526 tantum
798 1469 984 1534 abest,
1038 1472 1099 1521 ut
1140 1463 1496 1526 concideret,
1547 1467 1647 1516 aut
1693 1462 2041 1525 ﬂecteretur,
2103 1458 2181 1513 ad

530 1563 715 1613 Deum
756 1558 951 1611 solum
996 1562 1176 1610 totam
1234 1561 1493 1607 mentem
1540 1551 1823 1619 dirigens,
1877 1555 1932 1603 et
1962 1549 2011 1603 ei
2044 1563 2181 1603 con-

530 1654 752 1702 stanter
782 1660 967 1714 agens
999 1645 1239 1713 gratias,
1276 1658 1380 1713 pro
1413 1657 1534 1712 quo
1561 1641 1685 1694 haec
1718 1638 1838 1709 pati
1862 1638 2180 1708 delegerat.

533 1738 598 1789 Et
617 1750 737 1805 quo
768 1705 959 1803 magis
990 1705 1230 1785 videbat
1258 1705 1475 1798 corpus
1495 1705 1781 1797 sanguine
1802 1705 2089 1789 difﬂuere,
2108 1741 2178 1780 eo
2213 1705 2256 1759 Β

532 1824 717 1890 magis
746 1820 1160 1875 subsannabat
1180 1834 1276 1872 eos
1307 1816 1411 1887 qui
1436 1815 1846 1879 verberabant,
1880 1815 2034 1884 quod
2057 1829 2180 1868 non

539 1910 739 1980 plures
771 1914 824 1962 et
864 1905 1335 1961 vehementiores
1365 1903 1417 1958 ei
1448 1904 1659 1974 plagas
1700 1901 1999 1957 inferrent.
2036 1903 2182 1957 Sunt

526 2014 609 2053 eae
640 1998 819 2061 enim,
863 1997 1071 2067 inquit,
1124 1994 1301 2063 longe
1342 1994 1601 2047 minores
1634 1997 1687 2046 et
1740 1991 2177 2057 imbecilliores,

525 2102 713 2157 quam
744 2101 854 2155 ego
898 2082 1257 2154 exspectavi,
1291 2088 1345 2135 et
1374 2097 1560 2151 quam
1592 2081 1700 2134 sim
1734 2080 1983 2135 tolerare
2014 2095 2183 2149 para.

532 2182 648 2229 tus.
678 2174 917 2243 PrOpter
947 2187 1077 2242 quas
1106 2172 1318 2242 majori
1350 2171 1545 2224 furore
1576 2170 1833 2239 percitus
1866 2168 2177 2231 Sacerdos,

529 2263 696 2333 jubet
734 2277 872 2316 eum
926 2260 1183 2330 pendere
1214 2276 1250 2314 a
1278 2258 1463 2328 ligno,
1513 2262 1570 2312 et
1599 2257 1802 2311 ferreis
1832 2256 2044 2311 laniari
2077 2270 2179 2309 un-

526 2352 696 2419 gulis.
746 2352 932 2413 Quem
982 2365 1120 2402 cum
1168 2350 1344 2402 etiam
1393 2345 1913 2400 circumstetissent
1942 2344 2179 2399 lictores

523 2446 779 2508 agrestes
807 2442 862 2491 et
883 2438 1174 2501 crudeles,
1206 2435 1594 2490 scrutatisunt
1622 2441 1802 2488 totam
1817 2449 2177 2502 compagem

526 2528 804 2597 corporis,
857 2526 999 2580 nulli
1056 2527 1322 2597 corporis
1356 2524 1507 2595 parti
1555 2528 1887 2594 parcentes.
1922 2523 2180 2575 Dix15ses

525 2632 664 2670 eum
713 2615 929 2669 habere
964 2619 1240 2668 naturam
1293 2614 1526 2684 lapidis,
1561 2618 1663 2666 aut
1692 2612 1959 2681 aliquam
2003 2610 2179 2664 aliam

524 2720 755 2767 eorum,
788 2719 920 2774 quae
980 2708 1113 2756 sunt
1144 2704 1291 2755 dura
1334 2709 1390 2755 et
1443 2702 1863 2771 repugnantia,
1914 2715 2051 2753 cum
2103 2700 2184 2753 vi-

524 2792 713 2846 disses
742 2808 877 2846 eum
897 2791 1059 2845 nulla
1080 2790 1235 2845 attici
1266 2790 1553 2853 molestia,
1584 2804 1691 2842 nec
1724 2787 2055 2856 ullot‘rangi
2077 2789 2184 2844 do-

522 2880 667 2935 lore.
702 2881 794 2933 Sic
846 2895 983 2933 eum
1018 2880 1265 2933 mutavit
1293 2880 1423 2949 ejus
1463 2893 1635 2931 amor
1680 2876 1741 2930 in
1783 2876 2183 2943 Christum,ut

526 2971 675 3039 ejus,
700 2985 882 3040 quam
898 2969 1172 3032 habebat,
1193 2968 1636 3022 oblivisceretur
1657 2973 1907 3020 naturae.
1927 2968 2175 3021 Tantum

524 3058 684 3112 enim
711 3056 917 3121 abfuit,
952 3064 1010 3111 ut
1036 3073 1269 3111 summo
1301 3062 1594 3111 tormento
1618 3056 2050 3123 succumberet,
2096 3062 2177 3123 ut,

523 3162 671 3201 voce
721 3145 907 3201 libera
964 3146 1230 3200 irrideret
1284 3154 1340 3200 et
1390 3142 1790 3198 ludificaretur
1831 3150 2176 3213 tyrannum.

525 3237 655 3299 Qua
684 3235 758 3289 de
797 3251 979 3289 causa
1030 3235 1339 3289 videbatur
1366 3235 1459 3289 hic
1514 3233 1756 3303 quidem
1796 3233 2178 3304 inexpugna-

522 3324 679 3387 bilis,
710 3322 804 3377 ille
859 3330 1058 3378 autem
1090 3326 1317 3395 pudore
1370 3322 1634 3385 affectus,
1665 3328 1718 3377 et
1746 3322 1872 3377 sola
1902 3324 2173 3392 quadam

521 3411 688 3467 inani
728 3428 789 3466 se
818 3412 1212 3467 exsultatione
1236 3412 1534 3482 jactitans.

595 3608 709 3661 VII.
746 3608 890 3661 Cum
938 3611 1137 3662 autem
1177 3606 1427 3662 omnino
1481 3605 1853 3677 desperasset
1900 3606 2172 3671 stolidus,

521 3697 599 3752 ad
629 3697 743 3749 hoc
785 3697 1060 3750 ultimum
1100 3713 1424 3751 conversus
1477 3703 1567 3750 est
1596 3695 1978 3765 supplicium,
2010 3697 2174 3766 quod

522 3785 709 3851 solus,
764 3784 852 3838 vel
908 3800 1045 3837 cum
1099 3785 1429 3839 admodum
1470 3786 1673 3853 paucis
1718 3786 2069 3851 excogitavit
2122 3789 2176 3837 et

522 3872 747 3927 invenit
790 3889 802 3926 :
835 3872 995 3942 quod
1052 3872 1296 3942 quidem
1329 3876 1453 3925 erat
1484 3875 1722 3939 signum
1762 3871 1891 3941 ejus
1939 3870 2174 3925 furiosae

522 3968 576 4016 et
607 3959 856 4014 amentis
887 3962 1123 4014 animus.
1160 3964 1303 4014 Nam
1334 3974 1469 4012 cum
1484 3958 1756 4029 crepidas
1787 3959 1968 4012 clavis
1987 3958 2173 4013 acutis

522 4049 877 4119 contixisset,
903 4049 1075 4119 jubet
1104 4048 1331 4119 alligari
1363 4048 1615 4119 pedibus
1650 4048 1946 4117 martyris,
1980 4054 2035 4102 et
2061 4046 2173 4102 im-

522 4144 689 4209 perat
716 4137 786 4191 iis
828 4139 929 4210 qui
968 4154 1105 4192 eum
1150 4138 1552 4201 abducebant,
1592 4136 1914 4201 lictoribus,
1951 4143 2013 4192 ut
2061 4144 2172 4194 tra-

520 4235 650 4282 ctus
682 4226 853 4281 iniret
882 4229 1040 4283 viam
1081 4229 1373 4298 Gangram
1410 4243 1614 4298 usque.
1652 4228 1717 4281 Ut
1747 4231 1947 4281 autem
1981 4228 2169 4298 majo-

518 4333 613 4371 res
658 4325 711 4371 et
740 4317 996 4371 acriores
1037 4319 1087 4370 ei
1118 4318 1470 4371 efferrentur
1500 4318 1735 4371 dolores
1791 4332 1861 4369 ex
1910 4318 2170 4387 perfora-

2279 453 2538 520 ριότητος.
2572 450 2648 499 Tu
2681 444 2729 498 δ’
2754 445 2883 497 οἶλλα
2926 447 3108 506 πάντα,
3155 444 3258 495 ὅσα
3288 445 3348 495 ἄν
3398 452 3470 514 τῷ
3526 444 3637 515 ἐμῷ
3679 442 3932 505 ἐπάξαις

2286 543 2509 607 σώματι,
2555 532 2719 592 ἡδονὴ
2773 553 2862 605 μοι
2910 532 3099 604 μᾶλλον
3144 535 3173 589 ἤ
3230 538 3455 606 τιμωρία
3500 530 3597 585 διὰ
3646 536 3744 584 τὸν
3780 537 3927 605 πρὸς

2283 630 2403 679 Θεὸν
2433 626 2728 697 λελόγισται
2750 627 2935 698 ἔρωτα.

2377 935 2471 1007 ς’.
2504 940 2630 986 Τότε
2659 935 2684 984 6
2728 934 2932 1003 ἡγεμὼν
2963 934 3056 989 τὴν
3084 930 3368 1002 μεταϐολὴν
3403 929 3697 991 ἀπελπίσας
3733 948 3910 1001 προσ-

2290 1025 2475 1075 τάσσει
2505 1025 2697 1096 νεύροις
2749 1021 3036 1091 ὠμοτάτοις
3088 1021 3222 1070 κατὰ
3274 1021 3465 1080 παντὸς
3513 1025 3606 1070 τοῦ
3654 1022 3909 1088 σώματος

2290 1113 2599 1178 τύπτεσθαι,
2734 1114 2822 1159 καὶ
2873 1111 3169 1178 τυπτομένῳ
3215 1106 3400 1159 ἐπεϐόα
3444 1108 3469 1157 6
3519 1107 3709 1179 κήρυξ’
3751 1107 3906 1157 Ἐπί-

2291 1202 2471 1269 γνωθι,
2506 1198 2793 1264 Καλλίνικε,
2846 1200 2965 1257 τοὺς
3008 1198 3152 1257 θεοὺς
3198 1202 3285 1247 καὶ
3327 1196 3511 1256 αύτούς
3562 1194 3902 1261 ἐπικάλεσαι,

2292 1290 2428 1349 ὅπως
2484 1307 2539 1339 σε
2571 1290 2759 1346 ταύτης
2788 1294 2881 1347 τῆς
2934 1284 3169 1358 βασάνου
3215 1284 3501 1347 ἐξελωνται.
3546 1284 3605 1336 Ὀ
3639 1276 3904 1345 δεοῦτως

2292 1376 2512 1449 ἀτρέμας
2564 1372 2776 1446 ἐδέχετο
2808 1378 2900 1435 τὰς
2948 1374 3171 1444 πληγὰς.
3226 1377 3289 1433 ὡς
3328 1370 3467 1445 μηδὲ
3498 1374 3736 1444 πάσχειν
3770 1372 3903 1433 ἂιως

2292 1463 2483 1529 δοκεῖν,
2539 1464 2728 1516 πολλοι)
2757 1483 2816 1534 γε
2865 1460 2949 1515 δεῖ
2976 1468 3319 1515 καταπίπτειν
3374 1466 3403 1520 ἦ
3449 1461 3898 1534 ἐπικάμπτεσθαι,

2292 1561 2403 1623 Θεῷ
2452 1558 2587 1625 μόνῳ
2636 1558 2728 1610 τὴν
2773 1552 2891 1608 ὃλην
2938 1556 3111 1603 τείνων
3166 1548 3401 1603 διάνοιαν
3450 1558 3539 1602 καὶ
3591 1551 3735 1621 αύτῷ
3785 1550 3899 1601 ἑπι-

2292 1649 2452 1715 μόνως
2501 1642 2850 1713 εὐχαριστῶν,
2897 1642 3006 1691 ἀνθ’
3054 1641 3111 1691 οὗ
3144 1649 3309 1691 ταῦτα
3364 1642 3542 1692 παθεῖν
3592 1640 3776 1704 εἵλετο,
3806 1644 3897 1689 xui.

2294 1734 2399 1803 ὅσῳ
2447 1731 2635 1803 μᾶλλον
2685 1730 2818 1803 ἐώρα
2862 1737 2972 1789 τοῖς
3021 1731 3205 1801 αἵμασι
3236 1733 3293 1781 τὸ
3338 1738 3491 1801 σῶμα
3542 1729 3893 1802 κατάρρυτον,

2291 1825 2521 1891 τοσούτῳ
2568 1824 2684 1879 τούς
2736 1822 3015 1878 τύπτοντας
3056 1818 3420 1889 ἐμυκτὴριζεν,
3463 1820 3541 1869 ὅτι
3580 1822 3651 1888 μὴ
3687 1818 3896 1875 πλείους

2291 1910 2427 1980 αὐτῷ
2498 1915 2586 1960 καὶ
2663 1904 3012 1981 σφοδροτέρας
3091 1911 3183 1967 τὰς
3264 1906 3465 1977 πληγὰς
3546 1905 3889 1979 ἐπιφέροιντο.

2290 1999 2558 2058 Ἐλάττους
2589 1998 2689 2067 γάρ
2724 1996 2898 2064 αύταὶ,
2933 2000 3085 2067 φησὶ,
3132 1999 3221 2046 καὶ
3274 1991 3518 2068 ἀδρανεῖς
3574 1997 3710 2045 κατά
3764 1995 3891 2046 πολύ

2291 2088 2358 2138 ὧν
2409 2082 2783 2159 προσεδόκησα
2835 2090 2923 2136 καὶ
2979 2088 3104 2159 πρὸς
3139 2084 3172 2135 οἱ
3218 2086 3673 2157 παρεσκεύασμαι.
3712 2083 3821 2156 Ἐφ’

2290 2181 2379 2227 καὶ
2426 2177 2573 2227 πλέον
2623 2176 2647 2224 6
2706 2170 2976 2247 Σακερδὼς
3035 2176 3288 2246 ἐκμανεὶς,
3350 2172 3678 2245 ἀναρτᾶσθαι
3736 2172 3891 2223 αὐτόν

2290 2267 2372 2315 ἐπὶ
2426 2264 2579 2325 ξύλου
2630 2263 2820 2314 κελεύει
2863 2267 2951 2313 καὶ
2999 2259 3245 2334 σιδηροῖς
3278 2268 3389 2321 τοῖς
3428 2260 3568 2322 ὄνυξι
3600 2262 3888 2325 ξαίνεσθαι,

2291 2355 2343 2405 ὃν
2373 2359 2461 2404 καὶ
2516 2350 2701 2424 δήμιοι
2740 2354 3074 2426 περιστάντες
3124 2354 3301 2423 ἄγριοι
3354 2356 3444 2402 καὶ
3490 2351 3621 2422 ὠμοὶ
3651 2355 3737 2408 τὴν
3769 2351 3888 2409 ὃλην

2295 2442 2541 2513 ἁρμονίαν
2584 2450 2675 2493 τοῦ
2705 2447 2943 2511 σώματος
2990 2437 3364 2515 διηρεύνησαν,
3414 2437 3641 2511 μηδενὸς
3668 2448 3764 2491 τῶν
3796 2448 3891 2501 τῆς

2294 2535 2487 2603 σαρκὸς
2569 2535 2761 2603 μορίων
2842 2532 3161 2602 φεισάμενοι.
3218 2526 3367 2589 Εῖπες
3417 2530 3477 2580 ἄν
3534 2530 3686 2580 αὐτόν
3738 2529 3885 2581 λίθου

2294 2622 2446 2691 φύσιν
2500 2623 2529 2677 ἧ
2585 2639 2699 2670 τινα
2742 2619 2898 2676 ἄλλην
2958 2623 3097 2690 ἔχειν
3152 2627 3249 2670 τῶν
3326 2617 3609 2670 ἀντιτύπων
3686 2638 3739 2669 τε
3788 2625 3880 2670 καὶ

2296 2707 2516 2782 στεῤῥών
2560 2712 2617 2759 τὸ
2677 2707 2961 2778 ἀνάλγητον
3014 2708 3174 2759 αὐτοῦ
3220 2710 3508 2780 τεθεαμένος
3562 2712 3647 2757 xui
3688 2705 3877 2779 ἀτέρα-

2290 2818 2434 2870 μνον,
2466 2798 2627 2858 οὕτως
2674 2797 2831 2848 αὐτὸν
2878 2798 2902 2847 6
2951 2801 3081 2870 πρὸς
3134 2803 3367 2872 Χριστόν
3409 2799 3521 2869 ἔρως
3570 2795 3867 2865 ἡλλοίωσεν,

2291 2891 2354 2947 ὡς
2399 2892 2488 2939 καὶ
2520 2887 2681 2948 αὐτῆς
2728 2885 3063 2938 ἐπιλαθέσθαι
3089 2887 3147 2946 ἧς
3201 2887 3382 2957 εἴληχε
3428 2888 3639 2956 φύσεως.
3674 2890 3865 2935 Τοσού-

2289 2995 2373 3026 τον
2417 2980 2516 3050 γάρ
2568 2975 2755 3047 ἀπεῖχε
2798 2983 2856 3047 τῇ
2900 2975 3289 3049 ὑπερϐαλλούσῃ
3341 2979 3497 3046 ταύτῃ
3538 2972 3875 3025 ὑποκατακλί-

2286 3066 2466 3115 νεσθαι
2520 3064 2756 3136 βασάνῳ,
2808 3068 2873 3125 ὡς
2918 3070 3003 3116 καὶ
3044 3063 3544 3139 πεπαρρησιασμένη
3589 3060 3694 3120 ἤδη
3741 3069 3873 3133 φωνῇ

2288 3149 2623 3212 ἐπιτωθάζειν
2674 3156 2757 3203 τόν
2807 3155 3048 3226 τύραννον
3080 3156 3170 3203 καὶ
3219 3152 3357 3222 αύτῷ
3398 3150 3655 3222 ἐπιγελᾴν.
3693 3149 3767 3221 ἐφ’
3812 3150 3877 3199 ὧν

2288 3241 2437 3301 οὗτος
2486 3245 2575 3311 μὲν
2624 3243 2789 3312 ὡρᾶτο
2822 3239 3259 3313 ἀκαταγωνιστος,
3296 3240 3484 3302 ἐκεῖνος
3524 3237 3576 3292 δ“
3609 3241 3877 3311 ᾐσχυμμέ-

2285 3349 2369 3390 νος
2425 3335 2513 3381 καὶ
2565 3336 2703 3401 μόνῳ
2747 3338 2818 3401 τῷ
2864 3327 3083 3403 διακένῳ
3137 3333 3440 3404 φρυάγματι
3490 3329 3876 3405 βρενθυόμενος.

2355 3605 2429 3660 Ζ’.
2460 3605 2543 3667 Ὦς
2585 3602 2643 3659 δὲ
2680 3614 2788 3668 τοῖς
2818 3605 2954 3668 ὅλοις
2998 3605 3279 3677 ἀπεγνώκει
3311 3607 3336 3657 6
3373 3607 3617 3679 μάταιος,
3666 3603 3747 3656 ἐπὶ
3787 3608 3878 3661 τήν

2285 3694 2519 3767 ἐσχάτην
2566 3700 2756 3753 ταύτην
2803 3701 3055 3769 τιμωρίαν
3110 3694 3376 3769 ἐτράπετο,
3434 3699 3465 3753 ἦ
3517 3699 3669 3767 μόνος
3722 3695 3749 3751 ἡ
3793 3713 3877 3744 κο-

2282 3781 2414 3855 μιδῇ
2450 3788 2542 3835 σὺν
2590 3784 2783 3856 ὀλίγοις
2812 3790 2899 3836 καὶ
2933 3782 3239 3842 διενοῆσατο
3280 3789 3369 3836 καὶ
3420 3783 3589 3856 ἐξεῦρε
3622 3781 3876 3845 σύμϐολον

2284 3869 2443 3923 οὖσαν
2491 3882 2586 3935 τῆς
2616 3873 2911 3946 ἐμπλήκτου
2957 3874 3115 3925 αύτοῡ
3159 3880 3247 3925 καὶ
3300 3878 3605 3947 παραφόρου
3658 3871 3870 3943 ψυχῆς.

2288 3959 2563 4034 Κρηπῖδας
2588 3966 2688 4037 γὰρ
2740 3964 2880 4025 ἣλοις
2928 3963 3065 4025 ὀξέσι
3120 3960 3478 4037 διαπερνὴσας
3519 3958 3877 4018 ύποδεσθῆναι

2281 4052 2607 4122 προστάσσει
2660 4056 2745 4102 τὸν
2798 4055 3040 4125 μάρτυρα
3091 4058 3180 4104 καὶ
3234 4060 3411 4104 τοῦτον
3466 4057 3747 4124 συρόμενον
3786 4054 3877 4107 τὴν

2280 4143 2443 4211 μέχρι
2498 4146 2744 4213 Γαγγρὼν
2794 4138 3034 4212 βαδίζειν
3084 4140 3204 4193 ὁδὸν
3235 4150 3343 4203 τοῖς
3384 4142 3671 4213 ἐπάγουσιν
3724 4140 3875 4191 αὐτὸν

2282 4227 2496 4301 δημίοις
2526 4230 2877 4303 παρήγγειλεν·
2912 4231 2997 4293 Ὠς
3051 4234 3110 4283 ἄν
3145 4228 3202 4283 δε
3245 4231 3463 4304 μείζους
3506 4231 3646 4300 αύτῷ
3692 4227 3875 4282 ὀδύναι

2280 4324 2367 4371 καὶ
2398 4316 2709 4392 δριμύτεραι
2753 4320 2806 4370 ἐκ
2851 4330 2948 4371 τῶν
2979 4330 3072 4382 τῆς
3113 4324 3245 4380 ἥλων
3272 4326 3471 4393 γένοιτο
3527 4318 3867 4393 διατρησεως,

516 4404 675 4459 tione
726 4405 1056 4468 clavorum,
1087 4421 1224 4458 cum
1255 4406 1403 4458 alios
1442 4404 1674 4457 lictores
1723 4403 2071 4460 collocaSset
2108 4407 2169 4462 in

2285 4409 2484 4483 ἐτέρους
2532 4407 2757 4482 δημίους
2824 4412 3002 4473 ἵπποις
3068 4412 3377 4472 ἐπιϐιϐάσας
3451 4411 3733 4470 ὠκυτάτοις
3779 4412 3862 4459 καὶ

518 4492 687 4562 equis
718 4492 1162 4561 pernicissimis,
1196 4493 1443 4558 cogebat
1473 4498 1608 4545 ante
1640 4508 1740 4545 eos
1781 4508 2013 4547 currere
2045 4497 2169 4549 ath-

516 4580 697 4635 letam
764 4579 948 4634 clavis
1025 4578 1351 4635 contixum.
1412 4580 1664 4634 Omnino
1724 4580 1811 4634 vel
1856 4582 1931 4635 ad
1974 4583 2167 4639 solum

518 4668 921 4741 spectaculum
1000 4666 1219 4722 fractus
1297 4674 1449 4722 esset
1500 4669 1695 4721 omnis
1770 4670 2025 4735 animus,
2092 4689 2165 4727 ne

516 4759 733 4829 apertis
784 4757 1028 4829 quidem
1060 4757 1247 4812 oculis
1287 4757 1414 4810 haec
1472 4756 1665 4811 ferens
1732 4758 2014 4827 aspicere.
2053 4762 2165 4816 Sed

514 4862 637 4901 non
670 4848 758 4901 ille
784 4847 1085 4913 immanis,
1119 4847 1360 4900 etcorde
1388 4846 1559 4915 plane
1586 4847 1844 4916 lapideo,
1870 4855 1972 4903 aut
1997 4859 2165 4905 natu-

514 4951 583 4989 ra
607 4942 697 4990 est
728 4936 845 4990 ullo
867 4935 1042 4990 modo
1074 4940 1433 5000 commotus,
1454 4940 1553 4989 aut
1573 4935 1841 4989 dolorem
1869 4941 2165 5007 reputavit

513 5023 978 5093 insuperabilem
1013 5041 1026 5077 :
1070 5024 1174 5078 sed
1202 5032 1487 5094 tanquam
1513 5024 1579 5076 iis
1619 5040 1749 5091 quae
1785 5028 2162 5095 gerebantur,

514 5111 825 5177 insultans,
886 5113 1243 5183 praesidebat
1308 5112 1617 5183 superbus,
1680 5111 1927 5182 impiam
1987 5131 2161 5171 suam

516 5200 783 5253 animam
835 5202 1089 5272 implens
1130 5202 1346 5257 talibus
1397 5199 1768 5271 spectaculis.
1822 5203 1931 5265 Qui
1980 5205 2155 5260 etiam

510 5286 690 5359 jussit
736 5287 1058 5358 lictoribus,
1111 5296 1175 5346 ut
1225 5289 1403 5345 simul
1454 5296 1633 5361 atque
1687 5288 1908 5345 dictam
1954 5306 2161 5348 accen-

518 5378 650 5431 sent
680 5375 990 5447 civitatem,
1014 5378 1600 5435 vehementissimam
1631 5377 1937 5434 fornacem
1958 5395 2162 5438 accen-

515 5463 742 5532 derent,
794 5468 851 5519 et
893 5472 1166 5524 sanctum
1211 5470 1275 5525 in
1322 5485 1456 5527 eam
1495 5468 1849 5542 injicerent;
1894 5473 1957 5526 ut
1980 5471 2157 5529 etiam

516 5552 621 5641 qui
646 5553 760 5611 illic
791 5558 949 5622 sunt,
994 5556 1207 5630 aiebat,
1232 5561 1501 5619 viderent
1525 5562 1653 5631 ejus
1692 5559 2158 5624 iuobedieutiam

2277 4507 2533 4569 ταχινοῖς,
2591 4502 2715 4551 θέειν
2769 4502 3056 4573 ἔμπροσθεν
3091 4500 3257 4552 αὐτῶν
3307 4505 3392 4552 τὸν
3434 4508 3544 4562 τοῖς
3576 4499 3715 4559 ἣλοις
3752 4494 3865 4549 δια-

2278 4593 2594 4661 πεπαρμένον
2650 4588 2876 4646 ἀθλητην
2920 4591 3301 4662 κατηνάγκαζε.
3352 4592 3561 4651 Πάντως
3612 4594 3699 4640 καὶ
3747 4590 3871 4659 πρὸς

2276 4682 2434 4748 μόνην
2490 4683 2576 4734 τὴν
2628 4680 2741 4730 θέαν
2787 4677 3011 4737 ἐκλάσθη
3047 4682 3106 4731 οἷν
3161 4686 3309 4731 πᾶσα
3337 4679 3493 4750 ψυχὴ
3547 4675 3677 4750 μηδ’
3724 4676 3871 4747 ἀνεῳ-

2275 4770 2425 4835 γόσιν
2479 4766 2755 4838 ὀφθαλμοῖς
2794 4777 3013 4820 τοιαῦτα
3041 4774 3269 4841 γέρουσα
3314 4771 3561 4841 καθορᾲν·
3613 4766 3718 4819 ἀλλ’
3769 4765 3871 4837 οὐχ

2276 4855 2299 4902 6
2353 4853 2687 4927 λιθοκάρδιος
2733 4863 2820 4908 xui
2852 4857 3047 4917 ἀπηνὴς
3078 4859 3106 4915 ἢ
3150 4878 3198 4910 τι
3246 4861 3373 4930 πρὸς
3414 4863 3507 4915 τὴν
3561 4860 3716 4929 φύσιν
3756 4859 3871 4907 ἔπα-

2279 4944 2356 4992 θεν
2388 4946 2416 4999 ἧ
2453 4946 2508 4993 τὸ
2542 4952 2633 5005 τῆς
2666 4942 2856 5007 ὀδύνης
2888 4945 3156 5017 ἐλογίσατο
3188 4946 3594 5020 ἀνυπέρϐλητον,
3630 4945 3734 4997 ἀλλ’
3768 4949 3867 4996 ὡσ-

2274 5035 2379 5080 ανεὶ
2431 5039 2533 5091 τοῖς
2602 5030 2883 5106 δρωμένοις
2936 5034 3273 5107 ἐπεντρυφών,
3321 5038 3662 5109 προυκάθητο
3719 5035 3872 5087 σοϐα-

2271 5120 2380 5188 ρὸς,
2415 5123 2506 5175 τὴν
2556 5120 2889 5193 ἀνοσιουργὸν
2934 5124 3091 5174 αὐτοῦ
3146 5125 3326 5195 ψυχὴν
3372 5128 3623 5176 τοιούτων
3679 5126 3866 5196 θεαμά-

2272 5224 2370 5257 των
2416 5211 2795 5278 κατεμπιπλὼν·
2853 5213 2902 5270 ὅς
2953 5231 3012 5282 γε
3071 5217 3160 5263 καὶ
3215 5221 3324 5273 τοῖς
3394 5210 3609 5284 δημίοις
3660 5232 3872 5288 παρεκε-

2271 5294 2488 5346 λεύσατο
2567 5295 2676 5367 ἅμα
2726 5307 2797 5369 τῷ
2854 5297 3093 5357 ἐπιϐῆναι
3150 5308 3243 5362 τῆς
3307 5302 3588 5376 εἰρημένης
3653 5303 3865 5370 πόλεως,

2272 5384 2486 5454 κάμινον
2517 5382 2877 5459 σφοδροτάτην
2925 5386 3177 5442 ἐκκαῦσαι
3223 5395 3311 5443 καὶ
3360 5394 3524 5466 ταύτῃ
3584 5396 3673 5445 τὸν
3726 5393 3870 5465 οἶγιον

2275 5470 2529 5548 ἐμϐαλεῖν,
2572 5476 2642 5538 ὡς
2678 5477 2739 5528 οἶν
2781 5482 2871 5531 καὶ
2915 5481 2965 5532 οἱ
3011 5479 3132 5547 ἐκεῖ,
3175 5485 3326 5556 φησι,
3370 5484 3427 5533 τὸ
3475 5480 3683 5546 ἀπειθὲς
3713 5484 3873 5538 αὐτοῦ

2277 5571 2541 5629 θεάσοιντο
2588 5570 2677 5622 καὶ
2720 5568 3065 5645 ἀπὸσκληρον,
3110 5570 3218 5624 ἐπεὶ
3264 5570 3355 5624 κάν
3406 5566 3571 5650 ταύτῇ
3619 5580 3682 5649 τῇ
3728 5576 3869 5631 πόλει
