4144 6258
195 233 304 298 485

1448 244 1835 310 CERTAMEN
1877 251 1941 311 S.
1980 253 2358 315 CALLINICI.

3473 259 3575 316 486

192 367 442 438 πολλοὺς,
527 373 597 433 ὡς
663 370 969 447 ἀνέγνωμεν,
1051 384 1142 437 τῆς
1214 383 1315 429 τῶν
1373 380 1497 432 θεῶν
1571 379 1810 454 λατρείας

1940 382 2112 452 itque
2145 383 2583 440 contumaciam
2610 381 2936 454 :quouiam
2967 380 3026 438 in
3061 397 3132 438 ea
3163 399 3406 457 quoque
3445 387 3590 442 civi-

200 455 412 519 ἀπέστη
423 480 530 516 σεν.

279 637 359 691 H'.
400 639 458 692 Ὀ
489 635 576 691 οὖν
611 643 861 709 μεγίστου
909 648 1142 714 Χριστοῦ
1189 640 1418 704 ἀθλητὴς
1463 647 1553 700 τήν
1599 644 1819 695 κατάκο-

203 746 306 778 πον
362 731 554 784 ταύτην
608 726 855 798 ἀγόμενος
913 725 1056 797 ὁδόν,
1112 726 1224 801 εἶχε
1277 735 1370 788 τήν
1418 731 1606 783 οἰνωθεν
1653 734 1818 802 χάριν

205 813 656 889 ἐπιῤῥωννύουσαν
713 816 867 868 αὑτὸν
925 823 1014 869 καὶ
1087 819 1570 892 ύποστηρίζουσαν,
1729 819 1819 869 καὶ

207 907 399 958 θᾶττον
429 906 454 955 6
495 901 686 976 δρόμος
734 905 913 962 ἠνύετο
958 910 1046 957 καὶ
1099 914 1193 968 τῆς
1223 915 1320 958 τῶν
1367 909 1535 959 ἵππων
1584 917 1820 978 ταχυτῆ-

206 1013 292 1054 τος
344 993 599 1065 ὀξύτερον.
651 993 754 1044 Οἷα
813 996 913 1066 γὰρ
969 1001 1154 1066 κοῦφος
1225 999 1313 1046 καὶ
1364 990 1613 1070 εὔδρομος
1691 997 1822 1066 μετά

207 1091 314 1134 τῶν
365 1077 724 1154 σιδηροδέτων
768 1082 969 1134 ἐκείνων
1017 1079 1288 1154 κρηπίδων
1338 1079 1551 1151 διίθεεν,
1581 1082 1822 1153 ὑποψάλ-

210 1169 314 1222 λων
368 1169 534 1222 ἐκεῖνα
583 1172 646 1221 τὰ
697 1177 788 1221 τοῦ
839 1167 1006 1224 Δαϐίδ
1033 1187 1044 1200 ⁸
1097 1169 1381 1243 ’Υπομένων
1437 1171 1683 1242 ὑπέμεινα
1737 1175 1824 1223 τόν

214 1261 429 1331 Κύριον,
483 1261 571 1308 καὶ
640 1261 935 1330 προσέσχεν
1001 1277 1110 1330 μοι,
1171 1264 1269 1311 Καὶ
1343 1257 1570 1330 ἀνήγαγέ
1643 1279 1706 1332 με
1773 1259 1826 1310 ἐκ

209 1346 410 1398 λάκκου
485 1347 840 1419 ταλαιπωρίας
920 1352 1010 1399 καὶ
1095 1346 1196 1400 ἀπὸ
1275 1348 1443 1406 πηλοῦ
1527 1348 1681 1414 ἰλύος,
1739 1341 1828 1400 καὶ

211 1437 432 1494 ἔστησεν
486 1433 568 1485 ἐπὶ
634 1439 822 1508 πέτραν
903 1439 1023 1496 τούς
1079 1433 1251 1498 πόδας
1317 1457 1440 1508 μου,
1499 1442 1588 1489 καὶ
1644 1441 1830 1490 κατεύ-

215 1525 337 1576 θυνε
382 1525 441 1574 τὸ
501 1519 806 1594 διαϐήματά
862 1543 982 1595 μου,
1029 1530 1119 1576 καὶ
1167 1531 1256 1578 τό·
1315 1529 1505 1598 Κύριος
1559 1531 1825 1598 φωτισμός

213 1631 319 1683 μου
385 1616 474 1663 καὶ
547 1618 720 1684 σωτήρ
798 1631 921 1684 μου,
978 1619 1094 1664 τίνα
1157 1613 1575 1686 φοϐηθήσομαι;
1641 1618 1825 1686 Κύριος

213 1702 618 1775 ὑπερασπιστὴς
703 1709 792 1760 τῆς
880 1701 1015 1761 ζωῆς
1100 1721 1220 1774 μου,
1309 1701 1410 1753 ἀπό
1488 1707 1626 1765 τίνος

214 1789 431 1856 λιάσω;
474 1788 562 1849 Ὠς
615 1785 674 1841 δὲ
722 1789 872 1861 μίλια
924 1789 1175 1852 ἐξήκοντα
1216 1794 1414 1863 τρέχων
1473 1787 1692 1849 διήνυσε
1737 1797 1827 1844 καί

215 1899 338 1932 τινα
377 1885 531 1932 τόπον
579 1883 826 1951 Ματρίκα
878 1879 1008 1931 ούτω
1062 1879 1327 1951 λεγόμενον
1367 1880 1657 1952 κατείληφε,
1704 1884 1831 1933 θαυ-

214 1975 507 2041 ματουργεῖ
550 1987 601 2018 τι
645 1966 692 2017 ἐν
746 1965 924 2039 ἐκείνῳ
960 1966 1255 2040 παράδοξον
1303 1973 1392 2020 καὶ
1437 1967 1684 2031 ἐξαίσιον.
1720 1978 1830 2023 Τῶν

213 2061 322 2130 γὰρ
367 2056 668 2127 ἀπαγόντων
724 2055 879 2107 αὐτόν
913 2053 1117 2128 δημίων
1151 2054 1297 2128 δίψει
1325 2059 1421 2120 τὰς
1464 2058 1706 2129 γλώσσας
1733 2080 1833 2112 κα-

215 2149 659 2218 ταφρυσσομένών
707 2149 798 2195 καὶ
847 2151 909 2216 τῇ
970 2164 1024 2197 τε
1067 2145 1321 2218 ὑπερϐολῇ
1371 2154 1460 2198 τοῦ
1503 2152 1718 2219 πνίγους
1747 2146 1833 2219 (ἦν

213 2237 320 2307 γὰρ
374 2241 474 2283 τῶν
532 2240 706 2302 μηνῶν
762 2233 787 2283 6
844 2233 1086 2301 Ἰούλιος)
1147 2242 1208 2306 τῇ
1266 2253 1319 2287 τε
1370 2235 1694 2312 ταλαιπωρίᾳ
1745 2247 1834 2298 τῆς

216 2319 350 2375 ὀδοῦ
423 2319 672 2391 ἐκλείψειν
765 2325 921 2392 μόνον
1034 2323 1092 2374 ού
1174 2323 1457 2395 μελλόντων
1535 2331 1624 2377 καὶ
1703 2332 1836 2398 μήτε

222 2407 413 2469 ὕδατός
487 2411 638 2460 ποθεν
709 2408 1134 2482 ἐπιφαινομένου,
1195 2413 1306 2463 ὅθεν
1375 2416 1432 2464 τό
1514 2409 1673 2484 δίψος
1753 2416 1832 2468 ἰά-

223 2517 401 2551 σαιντο
447 2503 532 2549 καὶ
585 2498 798 2560 ἑαυτούς
851 2499 1304 2572 λειποθυμούντας
1360 2500 1829 2569 ἐπανακτήσαιντο,

221 2586 346 2659 μήτ’
398 2586 556 2648 ἄλλης
609 2596 860 2659 μηχανῆς
913 2588 984 2650 εἰς
1039 2590 1314 2662 θεραπείαν
1369 2596 1460 2642 τοῦ
1507 2593 1704 2653 πάθους
1750 2593 1833 2643 εύ-

223 2679 554 2750 ρισκομένης,
638 2680 834 2727 πάντων
921 2675 1229 2748 ἀπογνόντες
1312 2681 1442 2753 πρὸς
1514 2683 1667 2750 μόνον
1743 2683 1827 2731 τὸν

225 2764 376 2836 ἅγιον
427 2764 848 2838 ἐπεστράφησαν,
907 2773 1019 2826 τοῖς
1075 2766 1234 2818 αὑτοῦ
1294 2771 1419 2818 ποσὶ
1475 2773 1829 2842 προσπίπτον-

225 2871 309 2914 τες
369 2857 458 2902 καὶ
509 2851 648 2921 αύτῷ
700 2859 921 2903 τοιαῦτα
976 2855 1069 2902 σύν
1127 2849 1356 2922 δάκρυσι
1410 2853 1674 2922 λέγοντες·
1736 2861 1821 2913 Μή

229 2942 470 3012 μνησθῇς
522 2947 621 2989 τῶν
674 2940 933 3011 ἡμετέρων
982 2947 1175 3003 κακῶν,
1228 2939 1364 3008 ἅγιε,
1409 2936 1548 3009 μηδὲ
1607 2940 1827 3012 ἐνθυμη-

1719 1700 1824 1756 δει·
1853 1729 1901 1787 B

1927 471 2042 522 tate
2077 471 2310 538 multos,
2350 475 2412 526 ut
2456 471 2818 542 accepimus,
2871 469 3120 526 abduxit
3171 487 3207 527 a
3259 471 3415 528 cultu
3443 473 3588 530 deo-

1928 568 2080 610 rum.

2000 645 2126 698 VIII.
2164 645 2260 700 Ille
2284 661 2425 716 ergo
2454 661 2706 716 magnus
2759 645 2967 701 Christi
3009 646 3234 702 athleta
3281 664 3382 718 per
3427 649 3588 705 hanc

1930 730 2088 787 viam
2118 733 2330 788 ductus
2376 734 2765 796 laboriosam,
2798 733 3063 789 habebat
3095 751 3418 806 supernam
3456 754 3588 808 gra-

1931 819 2072 874 tiam
2110 837 2247 875 eum
2283 821 2737 877 conﬁrmantem
2777 827 2830 876 et
2871 829 3298 878 sustentantem
3334 840 3346 877 :
3395 840 3430 879 a
3459 841 3582 896 quo

1929 909 2107 963 etiam
2140 910 2547 980 perficiebatur
2575 926 2784 965 cursus
2837 909 3102 974 celerius,
3145 927 3329 982 quam
3361 912 3440 967 ab
3470 912 3585 970 illis

1929 997 2121 1068 equis,
2166 998 2568 1069 quamtumvis
2614 998 2973 1070 pernicibus.
3018 1001 3166 1054 Nam
3211 1000 3456 1070 perinde
3505 1001 3584 1057 le-

1930 1086 2039 1150 vis,
2090 1101 2160 1141 ac
2203 1086 2247 1139 si
2282 1085 2485 1142 fuisset
2509 1086 2581 1142 ad
2626 1102 2869 1141 cursum
2908 1086 3238 1157 expeditus,
3282 1103 3420 1144 cum
3468 1089 3582 1145 illis

1931 1178 2086 1234 ferro
2127 1175 2384 1244 alligatis
2433 1176 2809 1246 percurrebat
2853 1175 3134 1247 crepidis,
3178 1176 3437 1248 psallens
3484 1178 3588 1235 illa

1938 1263 2173 1316 Davidis
2221 1277 2236 1317 :
2283 1265 2655 1332 Exspectans
2697 1266 3017 1333 exspectavi
3050 1265 3384 1330 Dominum,
3416 1271 3468 1322 et
3494 1273 3591 1323 at-

1937 1351 2122 1406 tendit
2153 1350 2312 1406 mihi.
2342 1353 2420 1406 Et
2449 1352 2654 1408 eduxit
2701 1367 2790 1407 me
2827 1353 2898 1406 de
2941 1353 3074 1408 lacu
3115 1353 3383 1418 miseriae,
3417 1363 3468 1410 et
3518 1356 3590 1412 de

1939 1441 2062 1494 luto
2091 1439 2278 1506 fascis.
2310 1440 2388 1495 Et
2416 1441 2620 1495 statuit
2650 1456 2831 1510 supra
2858 1447 3091 1508 petram
3120 1441 3293 1509 pedes
3325 1459 3500 1510 meos,
3536 1451 3591 1502 et

1934 1528 2154 1583 direxit
2173 1544 2396 1598 gressus
2414 1545 2564 1585 meos
2583 1531 2623 1582 ².
2649 1532 2713 1584 Et
2730 1529 2873 1582 illud
2895 1545 2907 1580 :
2928 1530 3198 1584 Dominus
3218 1530 3583 1588 ittuminatio

1933 1630 2064 1671 mea
2087 1623 2141 1671 et
2166 1615 2440 1673 Salvator
2466 1633 2650 1680 meus,
2669 1631 2838 1687 quem
2869 1617 3077 1672 timebo
3096 1618 3126 1671 7
3149 1619 3433 1673 Dominus
3448 1636 3592 1688 pro-

1935 1707 2119 1759 tector
2146 1705 2491 1772 vitwmew,a
2512 1705 2980 1775 quotrepidabo3
3000 1703 3357 1776 ?Postquam
3386 1712 3585 1763 autem

1938 1808 2180 1848 currens
2229 1795 2452 1864 peregit
2491 1794 2800 1863 sexaginta
2846 1794 3054 1858 stadia,
3098 1801 3150 1848 et
3195 1797 3457 1866 pervenit
3509 1797 3586 1852 ad

1939 1881 2263 1954 quemdam
2293 1882 2512 1945 locum,
2560 1882 2662 1953 qui
2703 1881 3012 1936 dicebatur
3059 1881 3314 1947 Matrica,
3357 1882 3500 1938 facit
3528 1885 3588 1939 in

1941 1985 2011 2025 eo
2039 1969 2348 2042 quoddam
2378 1971 2612 2040 insigne
2638 1970 3014 2024 miraculum.
3035 1973 3178 2025 Nam
3199 1986 3336 2025 cum
3368 1971 3584 2026 lictori-

1941 2058 2074 2125 bus,
2091 2058 2191 2130 qui
2214 2075 2351 2113 eum
2373 2058 3006 2128 abducebant,lingua3
3031 2057 3122 2112 siti
3145 2063 3505 2114 torrerentur
3531 2065 3588 2116 et

1941 2153 2092 2202 testu
2117 2148 2440 2203 immodico
2472 2149 2618 2218 (erat
2643 2147 2801 2202 enim
2835 2147 3054 2202 mensis
3077 2146 3312 2217 Julius),
3346 2151 3402 2201 et
3450 2162 3587 2219 pro-

1943 2241 2071 2309 pter
2118 2237 2228 2292 vias
2283 2237 2619 2291 molestiam
2662 2235 3101 2308 propemodum
3158 2235 3494 2304 deﬁcerent,
3535 2242 3592 2292 et

1945 2341 2048 2380 nec
2079 2341 2238 2396 aqua
2279 2324 2554 2381 alicunde
2585 2330 2917 2396 appareret,
2949 2341 3072 2396 qua
3121 2326 3281 2378 sitim
3311 2327 3592 2380 sedarent

1945 2418 2000 2469 et
2023 2430 2085 2469 se
2115 2413 2480 2470 exanimatos
2505 2419 2856 2478 recrearent,
2889 2419 2942 2467 et
2973 2428 3074 2466 nec
3100 2412 3588 2467 aliainveniretur

1942 2504 2112 2570 ratio,
2135 2518 2256 2574 qua
2280 2502 2442 2556 malo
2463 2501 2741 2556 afferrent
2770 2501 3123 2566 remedium,
3155 2504 3319 2556 omni
3351 2517 3456 2572 spe
3487 2499 3590 2556 ab-

1935 2588 2113 2659 jecta,
2163 2589 2242 2644 ad
2289 2589 2480 2644 solum
2535 2594 2807 2644 sanctum
2839 2590 3112 2643 conversi
3144 2595 3299 2657 sunt,
3330 2589 3406 2644 ad
3459 2588 3588 2657 ejus

1939 2679 2120 2749 pedes
2150 2677 2466 2749 provoluti,
2495 2682 2550 2732 et
2574 2676 2699 2731 haec
2726 2677 2776 2730 ei
2807 2676 3064 2732 dicentes
3093 2692 3230 2732 cum
3257 2677 3540 2748 lacrymis
3573 2695 3588 2728 :

1937 2770 2017 2824 Ne
2045 2769 2369 2824 recorderis
2389 2773 2732 2823 nostrorum
2774 2766 3089 2832 malorum,
3120 2783 3156 2821 ο
3205 2774 3423 2833 sancte,
3479 2782 3588 2822 nec

1937 2858 2177 2910 veniant
2212 2856 2273 2910 in
2304 2863 2565 2912 mentem
2604 2862 2819 2911 nostra)
2849 2855 2909 2910 in
2955 2859 3006 2910 te
3046 2855 3442 2910 contumeliae.
3479 2855 3585 2910 Sed

1937 2959 2144 2997 eorum
2169 2943 2442 2999 omnium
2472 2943 2710 3013 oblitus,
2734 2944 2820 2998 fer
2850 2945 3018 2998 nobis
3042 2959 3220 3014 opem
3250 2943 3590 3014 periclitan-

233 3030 326 3100 θῇς
370 3029 470 3077 ὅσα
515 3024 562 3077 ἐν
615 3032 698 3077 σοὶ
742 3031 1201 3100 πεπαρῳνήκαμεν,
1231 3025 1359 3078 ἀλλά
1397 3030 1590 3079 τούτων
1629 3031 1828 3080 πάντων

1941 3029 2117 3093 tibus,
2149 3037 2206 3086 et
2233 3031 2312 3086 da
2355 3047 2578 3102 aquam
2622 3032 2951 3088 sitientibus
2981 3031 3324 3096 animabus,
3357 3035 3412 3085 et
3453 3045 3588 3102 quae

231 3114 524 3187 ἀμνηστίαν
576 3113 765 3182 λαϐὼν,
826 3112 1096 3186 βοήθησον
1150 3115 1274 3187 ἡμῖν
1322 3111 1686 3168 κινδυνεύουσι
1741 3123 1830 3170 καὶ

231 3201 321 3264 δὸς
350 3200 493 3278 ὕδωρ
527 3199 795 3273 διψώσαις
823 3201 1027 3274 ψυχαῖς
1075 3207 1164 3255 καὶ
1193 3211 1255 3276 τῇ
1308 3202 1405 3276 βίᾳ
1436 3207 1830 3277 ἕκτετηγμέναις

227 3299 321 3346 τοῦ
363 3295 670 3352 καύσωνος”
722 3289 980 3343 ἀνάλωται
1030 3294 1127 3365 γὰρ
1176 3294 1300 3364 ἡμῖν
1344 3294 1374 3350 ή
1427 3299 1619 3364 φυσική
1670 3299 1826 3361 νοτὶς,

229 3381 469 3449 ἐξέλιπεν,
503 3383 571 3441 ὠς
611 3379 751 3453 ὁρᾷς,
783 3382 812 3438 ἡ
864 3381 1038 3453 ἰσχύς,
1072 3382 1097 3432 6
1147 3383 1356 3433 καύσων
1407 3383 1532 3455 ὑπὲρ
1581 3383 1826 3456 κεφαλῆς.

231 3473 407 3524 Πάντα
453 3472 581 3542 ὁμοῦ
629 3473 883 3541 συνέσχεν
929 3471 1069 3542 ἡμᾶς
1111 3473 1177 3523 τὰ
1223 3466 1384 3538 δεινὰ,
1433 3469 1468 3522 ἃ
1526 3480 1620 3523 σοῦ
1666 3477 1828 3545 μόνου

231 3563 345 3612 Earl
373 3558 673 3633 μεταϐαλεῖν
699 3563 787 3611 καὶ
821 3558 1095 3613 ἰάσασθαι.

303 3648 384 3702 Θ’.
423 3655 601 3701 Ταῦτα
638 3656 736 3700 τῶν
785 3644 989 3720 δημίων
1034 3649 1196 3719 λεπτῷ
1240 3653 1329 3700 καὶ
1375 3647 1534 3720 ἀτὸνῳ
1581 3648 1828 3718 λεγόντων

229 3745 301 3807 τῷ
350 3739 623 3809 φθέγματι,
656 3736 788 3788 ἔλεον
840 3739 1034 3789 τούτων
1086 3737 1335 3810 λαμϐάνει
1387 3737 1414 3788 6
1459 3740 1830 3810 συμπαθέστα-

232 3845 340 3892 τος,
409 3831 498 3877 καὶ
578 3825 756 3877 ἑαυτὸν
845 3825 913 3886 εἰς
993 3828 1191 3878 ἱκεσίαν
1258 3826 1465 3902 τρέψας,
1539 3826 1830 3882 ἐπεκαλεῖτο

233 3919 319 3967 τόν
373 3913 726 3988 ἀμνησίκακον
780 3919 909 3968 Θεὸν
962 3920 1049 3967 καὶ
1097 3912 1267 3968 ἐδέετο
1316 3922 1387 3988 μή
1434 3914 1677 3993 παριδεῖν
1717 3923 1832 3979 τούς

232 4007 464 4078 τοσαύτη
515 4005 850 4076 πιεζομένους
908 4003 1130 4077 ἀνάγκη,
1192 4003 1299 4056 ἀλλ’
1354 4006 1679 4082 οἰκτειρῆσαι
1741 4014 1830 4061 καὶ

234 4090 379 4164 ὕδωρ
430 4101 564 4146 πιεῖν
607 4101 927 4168 παρασχεῖν,
986 4095 1158 4168 ὥσπερ
1210 4094 1368 4146 πάλαι
1418 4099 1502 4148 τόν
1547 4095 1594 4148 ἐν
1653 4097 1829 4170 ἐρήμῳ

234 4182 375 4248 λαὸν,
434 4187 523 4234 καὶ
578 4189 640 4254 τῇ
703 4179 836 4255 δίψη
897 4187 1237 4254 κεκαυμένους
1293 4187 1783 4257 παραμυθήσασθαι
1813 4202 1826 4215 °

1941 3124 2078 3172 sunt
2106 3118 2163 3172 vi
2193 3124 2370 3174 aestus
2428 3119 2797 3190 liquefactae:
2833 3126 3226 3191 consumptus
3286 3119 3446 3174 enim
3498 3124 3587 3174 est

1939 3205 2111 3260 nobis
2139 3205 2356 3260 humor
2387 3207 2695 3262 naturalis.
2746 3209 2978 3272 Defecit,
3016 3215 3077 3262 ut
3125 3207 3308 3277 vides,
3371 3207 3584 3273 virtus,

1937 3299 2118 3349 aestus
2144 3294 2417 3349 imminet
2436 3295 2634 3366 capiti.
2658 3297 2991 3350 Nosomnia
3020 3295 3198 3349 simul
3231 3295 3583 3364 opprimunt

1940 3383 2120 3448 mala,
2153 3398 2287 3454 qua:
2319 3388 2482 3438 tuum
2505 3388 2591 3438 est
2623 3382 2803 3438 solius
2838 3388 3066 3438 mutare
3096 3388 3152 3438 et
3178 3398 3412 3438 curare.

2011 3652 2097 3707 IX.
2132 3652 2262 3705 Htec
2301 3649 2636 3705 dicentibus
2671 3647 2977 3704 lictoribus
3023 3649 3184 3704 tenui
3204 3652 3260 3704 et
3289 3647 3588 3705 imbecilla

1939 3757 2105 3806 voce,
2120 3756 2327 3795 eorum
2357 3744 2626 3794 movetur
2651 3738 3056 3794 misericordia
3078 3739 3165 3794 vir
3194 3740 3453 3795 maxime
3479 3739 3587 3794 mi-

1939 3829 2186 3885 sericors
2223 3847 2234 3885 :
2269 3833 2326 3882 et
2355 3843 2494 3882 cum
2525 3843 2586 3882 se
2615 3825 3002 3882 convertisset
3034 3826 3113 3882 ad
3158 3842 3381 3898 preces,
3415 3827 3582 3882 invo-

1938 3918 2096 3974 cavit
2126 3917 2332 3980 Deum,
2361 3915 2460 3985 qui
2493 3915 2847 3987 iujuriarum
2880 3919 2936 3970 et
2967 3915 3262 3970 malorum
3289 3915 3584 3970 oblivisci-

1937 4013 2051 4071 tur,
2075 4022 2149 4061 ne
2171 4022 2271 4061 eos
2288 4005 2647 4076 despiciatur
2666 4009 2830 4060 tanta
2853 4019 3173 4074 oppressos
3197 4004 3575 4061 necessitate:

1939 4095 2044 4150 sed
2071 4096 2437 4158 misereatur,
2466 4097 2526 4148 et
2561 4109 2782 4164 aquam
2815 4091 2900 4146 eis
2931 4091 3253 4146 bibendam
3313 4093 3578 4162 praebeat

1939 4183 2092 4237 sicut
2120 4183 2265 4236 olim
2285 4181 2525 4251 populo,
2554 4181 2871 4250 quieratin
2899 4179 3235 4244 solitudine,
3265 4183 3586 4235 eteoscon-

235 4276 343 4342 καὶ,
391 4271 430 4321 ὦ
477 4278 568 4322 τοῦ
619 4270 1058 4343 θαύματοςὲἇμα
1101 4279 1161 4343 τῇ
1213 4271 1480 4328 ἐπικλήσει
1531 4280 1623 4323 τοῦ
1677 4273 1828 4342 ἁγίου

1940 4271 2162 4325 soletur
2186 4267 2636 4339 quisuntadusti
2664 4267 2774 4322 siti.
2801 4267 2985 4320 Simul
3004 4272 3204 4322 autem
3229 4283 3365 4322 cum
3397 4269 3584 4323 sancti

235 4364 326 4411 καὶ
391 4367 690 4432 προσευχῇ,
741 4357 885 4431 ὕδωρ
957 4358 1058 4410 ἀπό
1129 4378 1262 4418 τινος
1332 4364 1523 4432 πέτρας
1573 4360 1690 4432 ῥυὲν
1743 4365 1831 4412 καὶ

237 4455 390 4500 τοῦτο
461 4447 687 4519 ἀφθόνως
768 4446 992 4518 βλύσαν,
1052 4448 1224 4518 ὥσπερ
1312 4445 1411 4498 ἀπὸ
1488 4455 1678 4517 πηγῆς,
1731 4457 1830 4500 τῶν

239 4555 294 4588 τε
351 4533 554 4608 δημίων
609 4539 672 4588 τὰ
727 4538 1121 4609 καταφρυγέντα
1171 4533 1390 4605 ἀνέψυξε
1447 4540 1685 4605 στόματα
1740 4545 1830 4590 τοῦ

240 4632 419 4676 καινοῦ
476 4624 664 4676 ἑκείνου
721 4627 810 4675 καὶ
881 4628 1099 4695 ποτίμου
1170 4627 1395 4696 νάματος
1448 4623 1827 4698 ἐμπλησθέντα,

241 4718 330 4766 καὶ
377 4721 486 4775 τοῖς
536 4712 649 4775 ἑξῆς
696 4719 827 4765 πᾶσι
871 4713 1130 4784 πλήσμιον
1173 4712 1400 4786 ἐτηρήθη
1448 4719 1505 4766 τό
1557 4720 1698 4786 πόμα
1743 4721 1830 4769 καὶ

242 4803 438 4857 ἀέναον.
488 4803 562 4854 Ou’
605 4805 706 4877 γὰρ
752 4801 979 4854 ἇπέλιπεν
1023 4801 1076 4853 ἐκ
1120 4806 1234 4854 τότε
1274 4803 1386 4878 ῥέον
1435 4809 1520 4856 καὶ
1568 4801 1832 4876 μηδέποτε

181 4892 183 4895 ’
242 4889 629 4964 δαπανώμενον.
681 4893 908 4949 Τοιαύτη
976 4898 1069 4943 τοῦ
1133 4893 1396 4966 μάρτυρος
1457 4896 1485 4951 ἡ
1562 4899 1686 4967 πρὸς
1743 4899 1830 4947 τόν

241 4984 364 5035 Θεὸν
410 4980 684 5056 παρῤησία
719 4984 808 5032 καὶ
851 4977 1072 5052 δύναμις
1101 4997 1113 5009 ⁸
1151 4980 1284 5032 οὕτω
1338 4985 1458 5044 τοὺς
1515 4978 1832 5045 δοξάζοντας

241 5073 396 5126 αύτόν
442 5068 653 5134 δοξάζει
700 5072 724 5122 6
773 5073 975 5145 Κύριος.
1006 5069 1065 5121 Ὀ
1093 5071 1192 5144 γὰρ
1236 5068 1514 5123 ἀνατελλων
1559 5075 1644 5123 τόν
1690 5072 1832 5131 ἣλιον

242 5163 403 5216 αύτοῡ
447 5163 530 5214 ἐπὶ
571 5157 806 5222 δικαίους
849 5164 937 5211 καὶ
983 5155 1195 5220 ἀδίκους
1236 5163 1324 5212 καὶ
1371 5164 1561 5233 τρέφων
1607 5161 1832 5223 ἅπαντας

241 5261 303 5327 τῇ
349 5259 506 5326 τροφῇ
553 5255 806 5324 πονηρούς
847 5269 900 5302 τε
940 5255 1030 5300 καὶ
1074 5247 1319 5321 ἀγαθούς,
1351 5255 1402 5302 τί
1449 5252 1748 5323 θαυμαστόν
1789 5251 1832 5304 εἰ

241 5346 330 5395 καὶ
375 5339 421 5393 ἐν
460 5347 564 5403 τοῖς
612 5337 840 5418 ἀνδράσι
883 5341 1080 5400 τούτοις
1126 5343 1308 5416 καίπερ
1355 5335 1473 5392 οὖσι
1511 5343 1598 5392 τόν
1642 5345 1832 5415 τρόπον

312 5527 336 5570 ¹
368 5529 516 5590 Psal.
546 5546 727 5603 nux,
749 5531 805 5598 2,
837 5527 890 5585 3.
968 5529 988 5563 ³
1021 5525 1171 5586 Psal.
1205 5539 1356 5597 XXVI,
1401 5529 1444 5582 ι.

1861 4403 1908 4460 D

1940 4357 2315 4414 invocatione
2336 4362 2392 4412 et
2427 4356 2704 4428 precibus
2747 4366 2804 4426 (ο
2855 4354 3205 4410 miraculum
3241 4354 3462 4427 l)aqua
3513 4371 3584 4411 ex

1939 4446 2206 4519 quadam
2221 4448 2388 4517 petra
2400 4443 2667 4511 efﬂuens,
2690 4450 2741 4500 et
2759 4451 3042 4514 tanquam
3060 4458 3129 4497 ex
3151 4442 3312 4498 fonte
3343 4443 3582 4513 copiose

1940 4535 2288 4601 scaturiens,
2327 4538 2382 4589 et
2431 4532 2701 4588 lictorum
2761 4531 2979 4586 torrida
3029 4546 3136 4587 ora
3192 4531 3580 4600 refrigeravit,

1938 4624 2161 4697 repleta
2186 4623 2284 4678 illo
2312 4638 2471 4678 novo
2501 4626 2557 4677 et
2575 4621 2817 4692 cOpioso
2866 4619 3110 4686 ﬂuento,
3143 4620 3307 4692 quod
3336 4621 3589 4692 posteris

1939 4719 2026 4770 est
2063 4717 2476 4768 conservatum
2531 4711 2774 4783 plenum
2807 4714 2864 4765 et
2911 4725 3185 4780 perenne.
3237 4712 3366 4764 Non
3417 4708 3577 4764 enim

1939 4801 2150 4858 defecit
2197 4801 2392 4856 ﬂuens
2445 4799 2518 4855 ab
2561 4815 2632 4854 eo
2687 4804 2956 4865 tempore
3007 4802 3064 4853 et
3119 4813 3435 4868 nunquam
3498 4801 3588 4852 est

1939 4896 2378 4962 consumptum.
2409 4889 2560 4946 Talis
2588 4887 2700 4942 fuit
2730 4886 3006 4958 martyris
3036 4887 3112 4942 ad
3145 4886 3327 4940 Deum
3364 4884 3588 4941 fiducia

1940 4986 1996 5036 et
2026 4980 2228 5034 virtus.
2261 4979 2346 5034 Ita
2369 4993 2490 5043 eos,
2518 4977 2622 5050 qui
2653 4975 2986 5046 gloriﬁcant
3015 4975 3232 5046 ipsum,
3264 4974 3415 5028 Deus
3463 4973 3588 5043 glo-

1939 5070 2152 5126 riﬁcat.
2197 5069 2306 5134 Qui
2353 5068 2510 5123 enim
2558 5066 2744 5122 solem
2793 5080 2969 5120 suum
3021 5063 3159 5118 oriri
3213 5062 3353 5118 facit
3405 5078 3588 5134 super

1933 5161 2128 5230 justos
2185 5162 2241 5213 et
2271 5157 2544 5228 iniustos,
2589 5160 2644 5211 et
2690 5154 2871 5210 nutrit
2923 5167 3130 5208 omnes
3191 5159 3312 5208 tam
3373 5150 3581 5218 malos,

1941 5264 2126 5322 quam
2143 5247 2385 5316 bonos‘,
2415 5245 2562 5317 quid
2591 5243 2830 5308 mirum,
2861 5243 2904 5296 si
2933 5241 3024 5297 his
3049 5240 3230 5297 etiam
3259 5240 3424 5309 viris,
3451 5238 3586 5295 licet

1944 5339 2062 5396 sint
2109 5336 2369 5395 moribus
2422 5334 2582 5402 sevi,
2638 5338 2694 5392 et
2741 5332 2932 5390 caades
2988 5331 3296 5404 spirantes,
3345 5330 3586 5393 abunde

1522 5524 1544 5562 ‘
1573 5526 1775 5589 Matth.
1806 5545 1863 5600 ν,
1883 5526 1976 5588 45.
