4144 6258
535 256 636 317 487

1969 236 2241 303 MENSISr
2265 234 2526 303 JULlUS.

3788 239 3903 307 488

532 384 926 460 suppeditarit
953 394 1122 438 suam
1149 376 1620 435 misericordiam
1640 376 1667 431 ‘?
1684 374 1950 440 Quicum
1977 373 2174 436 etiam,

2299 380 2541 445 φονικοῖς,
2595 371 2679 424 τὸν
2738 370 2898 424 αὐτοῦ
2960 360 3408 441 ἐπεδαψιλεύσατο
3457 370 3634 442 ﬂeor;
3686 375 3758 427 Oi'
3804 382 3906 430 καὶ

530 481 593 531 ut
633 477 915 540 diximus,
961 470 1203 526 abunde
1254 467 1543 522 bibissent
1586 480 1657 519 ex
1689 463 1789 519 illa
1840 479 1999 533 aqua
2046 477 2181 532 qua:

531 563 925 626 aﬁluxerat,et
944 576 1083 613 suos
1116 561 1484 612 recreassent
1504 558 1559 608 et
1579 554 1902 607 erexissent
1920 550 2179 613 animos,

532 656 916 723 perrexerunt
974 648 1078 702 iter
1152 646 1363 709 facere,
1428 648 1709 714 sequente
1763 656 1863 695 eos
1943 652 2183 710 quoque

535 746 815 809 martyre.
847 738 1013 801 Quod
1047 750 1183 788 cum
1226 732 1360 788 totis
1411 731 1785 802 septuaginta
1814 727 2022 783 stadiis
2048 743 2185 781 con-

536 827 834 891 fecissent,
869 827 1167 893 Gangram
1204 825 1622 893 pervenerunt,
1650 819 1802 872 sicut
1830 816 1915 871 eis
1935 817 2187 886 impera-

536 921 666 970 tum
696 914 904 969 fuerat.
1686 920 1693 925 ’

611 1006 674 1058 Χ.
706 1005 987 1058 Cmterum
1016 1000 1249 1054 lictores
1306 1014 1424 1052 non
1478 996 1748 1051 lubentes
1773 992 2018 1065 quidem
2054 991 2183 1061 (ha-

536 1092 757 1148 bebant
796 1090 952 1146 enim
1009 1094 1142 1143 ante
1189 1086 1397 1142 oculos
1452 1084 1729 1155 martyris
1780 1081 2182 1149 beneﬁcium),

538 1182 635 1236 sed
677 1180 808 1234 victi
842 1183 998 1232 metu
1028 1191 1256 1238 eorum,
1290 1174 1391 1244 qui
1430 1172 1782 1227 obtinebant
1807 1170 2184 1223 dominatum

535 1268 863 1340 (habebant
888 1267 1045 1320 enim
1065 1265 1297 1319 animos
1323 1260 1531 1315 molles
1558 1256 1918 1314 etﬂexibiles
1947 1256 2185 1311 ethian-

534 1364 619 1413 tes
649 1357 725 1413 ad
756 1372 826 1412 ea
856 1354 984 1410 sola
1011 1368 1145 1425 quae
1190 1349 1581 1419 videbantur),
1604 1347 1956 1403 festinarunt
1997 1345 2185 1399 facere

537 1446 617 1516 id,
647 1445 806 1517 quod
833 1443 985 1513 jussi
1012 1440 1262 1501 fuerant,
1299 1453 1398 1493 eos
1428 1436 1689 1491 maxime
1718 1433 2002 1489 incitante
2032 1446 2186 1486 mar-

540 1541 668 1605 tyre
692 1539 753 1587 ut
783 1532 970 1587 abiret
997 1529 1241 1584 celerius
1276 1526 1352 1582 ad
1377 1541 1502 1580 eum
1524 1540 1704 1595 quem
1728 1522 2017 1593 cupiebat.
2035 1521 2188 1585 Quo-

542 1624 699 1677 circa
751 1635 887 1675 cum
934 1620 1233 1673 fornacem
1294 1614 1757 1682 succendissent,
1806 1616 1863 1666 et
1912 1616 2185 1664 sanctum

2293 461 2517 534 ἀφθόνως
2572 460 2626 513 ἐκ
2679 470 2768 513 τοῦ
2823 460 3270 535 καταρρεύσαντος
3325 459 3519 513 ἐκείνου
3564 459 3763 526 ὕδατος
3812 486 3905 518 πε-

2294 556 2539 613 πωκότες,
2587 553 2655 609 ὡς
2702 552 2908 620 ἔφαμεν,
2949 555 3037 601 xui
3083 551 3176 610 τὰς
3225 550 3413 601 ἑαυτῶν
3458 550 3639 623 ψυχὰς
3691 553 3905 615 ἀναζω-

2294 644 2632 710 πυρήσαντες,
2683 641 2886 709 εἴχοντο
2934 648 3026 699 τῆς
3082 635 3229 702 ὁδοῦ,
3282 639 3527 711 ἑπομένου
3577 642 3755 703 αὐτοῖς
3806 650 3904 696 καὶ

2293 736 2385 779 τοῦ
2436 731 2717 802 μάρτυρος,
2775 727 2835 785 ἣν
2889 733 2976 779 καὶ
3052 724 3411 799 ἐϐδομήκοντα
3467 730 3603 792 ὅλοις
3658 730 3905 793 σταδίοις

2298 818 2709 889 συμπεράναντες
2767 820 2860 873 τὴν
2930 818 3170 889 Γάγγραν
3226 813 3332 874 ἤδη
3402 818 3702 887 κατέλαϐον,
3759 823 3904 874 καθὰ

2294 908 2495 964 τούτοις
2524 908 2869 977 προσέτακτο.

2368 992 2419 1045 Ι’·
2474 992 2607 1045 Ἀλλ’
2657 995 2705 1043 οἱ
2760 988 2947 1062 δήμιοι
3002 990 3364 1064 εὐλαϐούμενοι
3415 992 3578 1066 (εἶχον
3635 1000 3733 1068 γὰρ
3786 995 3898 1056 ἤδη

2294 1085 2394 1155 πρὸ
2440 1080 2682 1153 ὀμμάτων
2714 1085 2807 1138 τὴν
2840 1079 3133 1152 εὐεργεσίαν
3184 1090 3274 1133 τοῦ
3302 1085 3610 1158 μάρτυρος),
3645 1085 3805 1157 φόϐου
3840 1083 3902 1138 δὲ

2296 1171 2429 1241 ὅμως
2484 1177 2574 1221 τοῦ
2624 1172 2765 1241 παρὰ
2815 1178 2914 1220 τῶν
2970 1174 3295 1242 κρατούντων
3367 1174 3651 1244 ἡττώμενοι
3707 1175 3902 1243 (ἄλλως

2295 1277 2348 1310 τε
2390 1263 2478 1309 καὶ
2525 1258 2709 1329 ψυχὰς
2755 1260 2962 1329 ἔχοντες
2994 1258 3231 1320 ἐκλύτους
3260 1265 3350 1312 καὶ
3379 1261 3613 1333 μαλακὰς
3643 1269 3732 1315 καὶ
3773 1269 3903 1337 πρὸς

2295 1351 2427 1418 μόνα
2472 1352 2755 1417 κεχηνυίας
2803 1350 2871 1399 τὰ
2917 1349 3170 1420 ὁρώμενα)
3220 1352 3308 1401 τὸν
3355 1351 3622 1404 κελευσθὲν
3672 1362 3902 1413 ποιῆσαι

2295 1436 2591 1506 ἠπείγοντο,
2642 1436 2870 1508 μάλιστα
2925 1441 3014 1488 καὶ
3068 1445 3161 1489 τοῦ
3208 1440 3470 1513 μάρτυρος
3530 1450 3904 1517 παρορμῶντος

2297 1524 2486 1584 αὐτούς
2542 1526 2605 1583 ὡς
2677 1523 2736 1575 ἂν
2803 1526 2985 1576 θᾶττον
3041 1524 3163 1599 ἀπίῃ
3234 1532 3361 1602 πρὸς
3419 1533 3502 1581 τὸν
3559 1534 3899 1603 ποθούμενον.

2294 1609 2446 1662 ’Ὅθεν
2498 1617 2587 1663 καὶ
2643 1615 2856 1684 κάμινον
2939 1614 3300 1686 ύπανάψαντες
3374 1623 3463 1669 καὶ
3534 1619 3754 1677 πλησίον
3814 1626 3901 1674 τὸν

540 1726 728 1782 prope
777 1710 1143 1770 statuissent,
1172 1704 1299 1774 jam
1348 1704 1644 1757 laetantem
1689 1707 1745 1755 et
1792 1699 2185 1754 exsultantem

2299 1699 2439 1771 ἅγιον
2481 1707 2914 1775 περιστήσαντες,
2966 1710 3226 1775 χαίροντα
3273 1703 3380 1764 ἤδη
3439 1713 3527 1760 καὶ
3581 1707 3905 1783 ἀγαλλιῶμε-

543 1801 603 1854 in
631 1814 761 1853 eam
808 1797 1152 1865 injecerunt.
1209 1791 1481 1855 Quicum
1512 1790 1689 1843 etiam
1722 1788 1942 1841 ultimis
1988 1785 2186 1840 verbis

543 1888 729 1940 Deum
767 1884 1087 1944 laudasset,
1119 1886 1173 1935 et
1196 1881 1254 1933 in
1296 1877 1633 1934 certaminis
1665 1874 2186 1930 consummatione

543 1976 757 2045 egisset
787 1970 1099 2042 gratias,in
1130 1984 1346 2023 manus
1375 1967 1603 2022 Domini
1625 1964 1865 2019 tradidit
1888 1962 2183 2034 spiritum,

542 2070 599 2119 et
624 2062 700 2117 ad
731 2079 863 2117 eam
886 2076 1018 2131 qua:
1047 2058 1159 2113 illic
1173 2063 1281 2123 est,
1312 2057 1534 2111 transiit
1555 2052 2009 2116 beatitudinem,
2036 2052 2188 2105 vice-

541 2153 695 2207 simo
732 2166 890 2205 nono
938 2148 1161 2202 mensis
1203 2146 1359 2200 Julii.
1394 2144 1505 2199 Sed
1536 2149 1597 2197 tu
1627 2142 1892 2214 quidem,
1927 2156 1962 2195 ο
1993 2141 2185 2205 beate,

542 2247 874 2310 martyrum
905 2238 1083 2291 decus
1116 2243 1170 2290 et
1196 2238 1637 2295 ornamentum,
1672 2231 1753 2284 sic
1779 2246 1809 2284 e
1842 2231 1957 2284 vita
1997 2245 2189 2299 egres-

546 2346 671 2394 sus,
703 2326 1153 2397 etpraemiorum
1176 2322 1546 2391 stigmatibus
1562 2321 1892 2381 decoratus,
1912 2332 2072 2372 nunc
2086 2332 2191 2389 pu-

544 2434 647 2475 rus
676 2417 847 2471 sedes
876 2430 1015 2468 cum
1047 2412 1274 2467 Christo
1308 2425 1527 2480 sponso
1548 2407 1889 2479 purissimo,
1915 2406 1975 2461 in
2001 2408 2115 2461 hoc
2138 2412 2193 2462 te

549 2507 850 2563 obiectans
866 2509 922 2557 et
934 2501 1312 2565 exihilarans,
1329 2504 1614 2553 etcorona
1631 2496 1831 2565 gloriae
1854 2498 1932 2551 ab
1946 2512 2015 2551 co
2033 2512 2191 2551 coro-

550 2600 748 2650 natus.
772 2592 1062 2645 Memento
1090 2595 1286 2643 autem
1312 2586 1491 2641 nostri
1510 2600 1749 2656 quoque
1775 2586 2069 2655 deinceps,
2098 2584 2195 2653 qui

554 2691 608 2738 te
626 2682 893 2741 colimus,
919 2680 1097 2733 ethoc
1114 2691 1348 2731 sacrum
1364 2681 1530 2727 tuum
1547 2674 1762 2727 festum
1784 2672 2156 2727 celebramus
2180 2688 2194 2726 :

555 2778 612 2827 et
652 2771 731 2824 da
757 2769 949 2833 nobis,
985 2774 1045 2820 ut
1073 2762 1443 2836 aequabiliter
1470 2769 1525 2817 et
1555 2762 1679 2815 sine
1724 2761 1843 2815 ulla
1873 2760 2198 2815 offensione

556 2859 957 2927 transigamus
983 2855 1113 2909 vitae
1145 2852 1557 2923 asperitatem:
1593 2856 1654 2905 ut
1686 2866 1823 2905 cum
1856 2866 1975 2904 non
2006 2850 2197 2904 obruti

554 2948 993 3002 enataverimus
1019 2960 1091 2998 ex
1120 2943 1233 2996 hoc
1256 2942 1405 2995 mari
1432 2944 1844 3003 tentationum,
1872 2938 1929 2993 in
1959 2944 2197 3010 portum

2295 1809 2398 1856 νον,
2431 1793 2595 1862 ταύτῃ
2647 1790 2925 1855 ἐνέϐαλλον,
2973 1792 3024 1852 ὃς
3074 1799 3165 1845 καὶ
3212 1793 3418 1868 ῥήμασι
3460 1797 3768 1859 τελευταίοις
3811 1805 3899 1851 τὸν

2297 1882 2423 1931 Θεὸν
2473 1879 2728 1950 ὑμνήσας,
2764 1885 2852 1932 καὶ
2899 1881 3038 1952 αὐτῷ
3089 1882 3171 1935 ἐπὶ
3218 1891 3280 1956 τῇ
3328 1893 3418 1937 τοῦ
3469 1886 3660 1957 ἀγῶνος
3700 1889 3902 1942 τελειῶ-

2299 1983 2376 2017 σει
2404 1966 2801 2040 εὐχαριστήσας
2829 1977 2938 2030 ταῖς
2967 1978 3057 2022 τοῦ
3103 1978 3362 2025 Δεσπότου
3418 1982 3577 2047 χερσὶ
3608 1980 3665 2028 τὸ
3696 1986 3904 2051 πνεῦμα

2296 2054 2567 2126 παρέδωκε
2610 2062 2699 2108 καὶ
2740 2063 2869 2131 πρὸς
2913 2064 3005 2117 τὴν
3052 2062 3237 2113 ἐκεῖθεν
3289 2061 3452 2121 ἀπέϐη
3507 2071 3899 2138 μακαριότητα,

2298 2140 2486 2195 εἰκάδα
2516 2144 2692 2204 ἐνάτην
2739 2155 2829 2199 τοῦ
2879 2148 3095 2200 Ἰουλίου
3128 2150 3355 2219 ἄγοντες.
3403 2152 3558 2204 Ἀλλὰ
3605 2159 3669 2206 σὺ
3717 2159 3825 2222 αὲν,
3860 2158 3902 2207 ὦ

2297 2235 2573 2307 μαρτύρων
2650 2235 2948 2308 ἐντρύφημα
3012 2241 3101 2288 καὶ
3172 2238 3539 2311 καλλώπισμα,
3597 2244 3730 2295 οὕτω
3811 2251 3903 2297 xui

2302 2318 2451 2392 βιοὺς
2510 2326 2598 2374 καὶ
2644 2327 2901 2394 μεταστὰς
2949 2330 3037 2377 καὶ
3098 2333 3207 2387 τοῖς
3264 2333 3520 2401 στίγμασι
3576 2340 3674 2383 τῶν
3730 2333 3903 2385 οἰθλων

2302 2412 2597 2483 ὡραίσθεὶς,
2656 2432 2742 2463 νυν
2818 2415 3047 2487 καθαρὸς
3122 2424 3193 2485 τῷ
3271 2421 3625 2491 καθαρωτάτῳ
3694 2429 3903 2495 νυμφίῳ

2301 2504 2632 2570 παρίστασαι
2698 2508 2930 2574 Χριστῷ,
2984 2500 3289 2574 ἐνηδομενος
3357 2510 3526 2579 τούτῳ
3596 2516 3684 2562 καὶ
3754 2512 3903 2564 ἐπευ-

2306 2592 2635 2660 φραινόμενος
2678 2594 2767 2640 καὶ
2816 2598 2889 2659 τῷ
2942 2600 3032 2651 τῆς
3081 2590 3236 2655 δόξης
3286 2598 3515 2667 στεφάνῳ
3564 2601 3684 2671 παρ’
3740 2601 3903 2653 αὐτοῦ

2305 2679 2670 2747 ταινιούμενος,
2721 2683 2956 2749 μέμνησο
3008 2677 3067 2731 δε
3122 2686 3211 2733 καὶ
3264 2685 3409 2755 ἡμῶν
3453 2685 3624 2738 λοιπὸν
3666 2696 3763 2739 τῶν
3810 2709 3899 2741 τι-

2307 2770 2515 2833 μώντων
2567 2784 2624 2817 σε
2670 2770 2755 2817 καὶ
2813 2772 2904 2825 τὴν
2958 2770 3093 2842 ἱεράν
3153 2790 3246 2822 σου
3304 2777 3494 2832 ταύτην
3550 2776 3896 2850 ἑορταζόντων

2306 2858 2615 2924 πανήγυριν,
2662 2860 2751 2907 καὶ
2800 2854 2957 2908 δίδου
3006 2860 3128 2930 ἡμῖν
3174 2862 3373 2932 ὁμαλῶς
3418 2870 3502 2915 καὶ
3545 2864 3889 2937 ἀπροσκοπως

2307 2946 2400 2998 τὴν
2453 2949 2542 2994 τοῦ
2591 2942 2712 3015 βίου
2764 2942 3009 2997 διανῦσαι
3058 2952 3385 3021 τραχύτητα,
3433 2956 3501 3015 ὡς
3544 2953 3599 3004 ἂν
3646 2955 3895 3008 ἄκλυστοι

554 3036 767 3108 quietis
799 3033 1191 3105 appellamus,
1208 3031 1404 3101 ipsum
1430 3029 1716 3083 habentes
1738 3028 2197 3096 gubernatorem

2308 3033 2401 3086 τὴν
2446 3040 2543 3081 τῶν
2594 3042 2892 3105 πειρασμῶν
2939 3031 3305 3109 διανηξάμενοι
3356 3042 3622 3094 θάλασσαν
3669 3052 3775 3105 τοὶς
3803 3053 3900 3106 τῆς

555 3126 668 3179 tuis
695 3120 1214 3178 intercessionibus
1243 3118 1561 3173 Dominum
1594 3124 1865 3171 nostrum
1892 3121 1950 3170 et
1996 3116 2200 3172 Salva-

554 3219 742 3268 torem
775 3210 1063 3265 Christum
1090 3224 1100 3261 :
1133 3223 1310 3279 quem
1345 3206 1508 3260 decet
1537 3205 1734 3260 omnis
1761 3205 1950 3260 honor
1977 3210 2033 3260 et
2058 3206 2197 3261 ado-

551 3300 791 3357 ratio'in
821 3297 1036 3353 sencula
1053 3296 1427 3351 saeculorum.
1466 3296 1683 3348 Amen.

2311 3123 2647 3181 ἀναπαύσεως
2698 3122 2870 3193 λιμέσι
2927 3127 3416 3201 καθορμισθείημεν,
3480 3132 3636 3183 αύτόν
3695 3135 3900 3206 ἔχοντες

2310 3206 2621 3279 κυϐερνήτην
2671 3207 2763 3261 διὰ
2812 3220 2911 3262 τῶν
2959 3221 3060 3264 σῶν
3108 3217 3391 3288 πρεσϐειῶν
3422 3223 3504 3271 τὸν
3539 3224 3727 3295 Κύριον
3759 3225 3899 3295 ἡμῶν

2312 3300 2402 3347 καὶ
2471 3304 2685 3369 Σωτῆρα
2745 3304 2996 3373 Χριστὸν,
3166 3310 3347 3379 πρέπει
3416 3315 3564 3361 πᾶσα
3633 3317 3761 3383 τιμὴ
3815 3319 3901 3365 καὶ

2313 3388 2671 3459 προσκύνησις
2700 3388 2769 3450 εἰς
2794 3394 2915 3452 τοὺς
2946 3390 3135 3455 αἰῶνας
3164 3402 3263 3447 τῶν
3295 3396 3507 3450 αἰωνων.
3539 3399 3726 3473 Ἀμήν.

566 3538 3893 3570 W

2061 3652 2402 3774 VlTA

1407 3904 1782 3992 SANCTI
1869 3904 2000 3991 ET
2083 3904 2379 3994 JUSTI
2473 3909 3049 4004 EUl)OClMl.

1249 4100 1422 4165 (Apud
1452 4101 1662 4149 Surium
1693 4099 1761 4149 ad
1792 4099 1931 4150 diem
1956 4102 2017 4149 29
2039 4100 2183 4150 Julii.
2216 4101 2455 4153 Graecum
2490 4108 2693 4156 textum
2721 4122 2829 4158 non
2853 4111 3202 4177 invenimus.)

627 4401 669 4456 Ι.
731 4398 1062 4489 Eudocimi,
1094 4397 1195 4469 qui
1242 4395 1660 4489 convenienter
1700 4410 1810 4450 suo
1850 4395 2077 4451 nomini
2124 4412 2193 4452 ex
2226 4400 2268 4453 D
2301 4399 2951 4473 nibustempestatibus
2981 4408 3375 4483 sordibusque
3398 4412 3591 4484 plenae
3613 4421 3763 4479 sunt,
3791 4434 3895 4489 pu-

552 4493 671 4547 Deo
691 4488 934 4543 laudem
967 4492 1053 4540 est
1084 4489 1408 4548 assecutuS,
1442 4483 1620 4537 vitam
1646 4482 1875 4537 bonum
1899 4490 1986 4539 est
2016 4502 2195 4556 expo-

551 4593 710 4635 nere.
767 4576 910 4631 Hinc
947 4574 1102 4630 enim
1162 4570 1339 4625 simul
1392 4570 1667 4641 voluptas
1698 4579 1752 4625 et
1806 4571 2023 4627 utilitas
2070 4589 2193 4629 non

549 4667 702 4724 redit
729 4664 924 4720 solum
953 4663 1030 4719 ad
1055 4661 1438 4732 expositores,
1483 4659 1585 4713 sed
1620 4659 1807 4714 multo
1871 4661 2057 4731 magis
2115 4663 2192 4718 ad

552 4756 879 4819 auditores;
904 4768 1025 4807 non
1055 4751 1245 4806 solum
1275 4748 1432 4819 quod
1454 4763 1514 4802 se
1537 4748 1858 4804 ostenderit
1879 4750 2193 4806 vehemen-

554 4852 669 4902 tem
721 4850 1048 4900 amatorem
1104 4838 1354 4907 virtutis,
1405 4836 1646 4908 etquod
1702 4842 1792 4892 est
1847 4837 2188 4905 honestum,

552 4935 751 4990 statim
783 4930 1021 5001 elegerit
1046 4929 1122 4985 ab
1153 4929 1388 4981 ineunte
1419 4930 1618 4993 aetate;
1647 4942 1781 4981 cum
1808 4928 2007 4982 multis
2031 4929 2191 4985 enim

552 5024 680 5079 aliis
710 5022 815 5076 fuit
840 5022 933 5075 hic
960 5020 1087 5073 vitae
1112 5017 1274 5071 zelus
1304 5014 1358 5070 ei
1388 5016 1725 5069 communis
1760 5030 1772 5068 :
1807 5017 1907 5070 sed
1939 5018 2100 5087 quod
2131 5019 2190 5072 in

550 5113 649 5168 illo
704 5112 1074 5182 praecipuum
1099 5114 1154 5160 et
1185 5120 1332 5176 pene
1364 5104 1682 5172 singulare,
1741 5104 1829 5157 vel
1880 5105 2065 5169 omni,
2099 5105 2191 5159 vel

555 5216 775 5269 magna
794 5216 863 5253 ex
892 5207 1055 5268 parte
1076 5193 1369 5259 excelluit,
1399 5195 1447 5264 ej
1462 5209 1525 5246 us
1547 5193 1607 5247 in
1628 5192 1853 5247 mundo
1878 5194 1984 5247 fuit
2002 5209 2185 5263 supra

550 5286 847 5344 mundum
891 5286 1057 5341 vita:
1104 5290 1159 5339 et
1209 5282 1374 5355 quod
1424 5298 1562 5337 cum
1615 5283 1831 5336 viveret
1882 5282 1941 5335 in
1993 5281 2187 5337 medio

549 5372 938 5439 tumultuum,
962 5378 1018 5429 et
1035 5372 1251 5429 harum
1271 5387 1469 5428 rerum
1498 5367 1887 5435 instabilium,
1906 5385 2041 5442 quae
2064 5386 2191 5426 om-

628 5528 643 5567 ¹
672 5528 695 5584 I
726 5524 851 5581 Cor.
884 5526 983 5581 vri.

2300 4506 2427 4545 ram
2457 4495 2511 4547 et
2542 4495 2947 4565 tranquillam,
2972 4504 3026 4552 et
3054 4498 3295 4556 minime
3316 4502 3694 4575 inquinatam
3721 4524 3898 4564 suam

2300 4583 2737 4636 conservaverit
2754 4584 3021 4639 animam
3050 4603 3061 4641 :
3084 4594 3138 4643 et
3155 4591 3477 4647 ostenderit
3492 4610 3621 4649 esse
3642 4596 3828 4651 timidi
3848 4604 3905 4652 et

2300 4668 2718 4736 pusillianimi,
2745 4673 2949 4726 mundi
2970 4674 3176 4744 fugam
3210 4682 3509 4753 persequi,
3533 4688 3587 4737 et
3610 4685 3903 4755 adjutrice

2301 4755 2382 4809 uti
2427 4757 2768 4823 solitudine,
2798 4761 3041 4830 perinde
3073 4780 3141 4819 ac
3171 4766 3219 4820 si
3265 4768 3398 4838 quis
3428 4771 3489 4824 in
3526 4773 3709 4827 maris
3736 4782 3903 4830 tran-

2298 4844 2583 4914 quillitate
2600 4848 2908 4917 navigans,
2928 4856 2981 4905 et
2997 4852 3227 4926 absque
3247 4855 3377 4911 ullis
3395 4857 3676 4916 ﬂuctibus
3692 4866 3905 4919 ventis-

2297 4947 2437 5029 que.
2465 4933 2934 5029 vehementibus,
2970 4941 3106 4996 velit
3153 4946 3348 5000 vocari
3393 4948 3616 5018 peritus
3654 4953 3904 5023 naviga-

2300 5023 2557 5086 tionis,et
2574 5023 2901 5093 intelligens
2920 5043 3125 5083 eorum
3145 5048 3280 5103 quae
3301 5035 3375 5089 ad
3398 5052 3562 5091 mare
3580 5041 3900 5109 pertinent.

2300 5110 2591 5172 Quoniam
2612 5128 2752 5183 ergo
2779 5115 2930 5170 illius
2962 5120 3080 5174 vita.
3111 5126 3199 5176 est
3238 5125 3545 5195 exemplar
3570 5128 3901 5199 sufﬁciens,

2300 5214 2433 5251 cum
2450 5199 3016 5267 omnibus,utsemel
3033 5208 3360 5282 dicam,qui
3380 5215 3611 5269 virtutis
3627 5219 3903 5276 studium

2301 5286 2409 5339 sibi
2437 5289 2771 5378 vendicant,
2823 5301 2883 5348 ut
2913 5295 2981 5348 iis
3027 5297 3129 5368 qui
3177 5298 3235 5353 in
3268 5303 3495 5357 mundo
3551 5307 3777 5378 vivunt,
3848 5317 3908 5367 et

2300 5374 2528 5430 mundo
2552 5382 2643 5447 (ut
2666 5393 2803 5435 cum
2833 5382 3034 5441 divino
3087 5387 3263 5443 Paulo
3323 5390 3543 5463 dicam)
3589 5397 3669 5451 uti
3701 5374 3904 5456 solum
