4144 6258
596 247 696 304 491

2001 228 2258 292 MENSIS
2296 232 2541 291 JULIUS
2566 269 2587 297 ο

3927 224 4073 284 49Ξ

595 371 781 426 duam
829 368 1180 441 justiﬁcans,
1214 371 1269 423 et
1297 368 1576 423 omnibus
1602 368 1758 424 idem
1809 377 2107 437 apparens
2137 372 2244 431 per
2276 360 2321 413 A
2353 359 2541 414 multa
2568 360 2812 431 quidem
2843 360 3072 421 dicens,
3108 355 3294 410 multa
3318 358 3516 410 autem
3579 353 3836 420 faciens,
3894 369 4066 426 qua

595 460 882 531 aequalem
910 458 967 511 in
1006 472 1215 511 omnes
1246 457 1746 513 benevolentiam.
1782 459 1843 510 Et
1894 451 2039 523 quid
2086 464 2239 519 opus

593 556 695 611 est,
732 555 794 601 ut
823 547 1019 600 dicam
1050 546 1278 615 singula
1308 545 1335 599 *Ρ
1364 547 1497 600 Erat
1541 546 1749 600 virtute
1783 543 2073 615 perfectus
2124 540 2233 590 Eu-

590 636 899 699 docimus;
930 640 1055 687 erat
1086 634 1334 701 insignis
1370 635 1652 688 cliaritate
1684 636 1739 687 in
1782 636 1983 691 Deum,
2017 632 2072 681 et
2099 625 2234 678 insi-

588 724 721 793 gnis
788 723 1072 778 charitate
1126 723 1185 775 in
1243 726 1599 791 proximum.
1645 720 2049 786 Quamobrem
2106 715 2232 782 ejus

588 813 829 866 exitium
862 816 915 865 et
946 810 1265 873 interitum,
1292 813 1582 877 proximo,
1607 812 1875 879 inquam,
1896 802 2232 860 clanculum

584 898 915 963 detrahere,
950 898 1102 951 adeo
1140 898 1278 951 odio
1307 898 1588 960 habebat,
1625 907 1687 951 ut
1718 912 1835 951 non
1866 894 2059 948 solum
2104 890 2233 959 ipse

585 987 731 1041 nihil
754 988 864 1042 tale
919 986 1157 1047 faceret,
1216 987 1321 1038 sed
1357 986 1531 1039 etiam
1558 985 1604 1038 si
1626 986 1777 1039 alius
1818 982 1987 1037 vellet
2017 981 2227 1040 facere,

586 1076 832 1129 minime
869 1074 1181 1127 sustineret
1212 1088 1331 1126 non
1362 1074 1623 1127 honestis
1658 1072 1853 1126 verbis
1882 1085 2056 1125 aures
2089 1082 2233 1136 prae-

582 1164 723 1218 bere
756 1179 769 1216 :
800 1168 855 1217 et
879 1163 1044 1231 quod
1082 1162 1158 1215 ad
1189 1177 1250 1214 se
1298 1163 1519 1223 attinet,
1556 1160 1685 1215 illas
1712 1173 1951 1230 quoque
2000 1170 2234 1210 conser-

584 1258 744 1305 varet
774 1251 1027 1321 peccatis
1072 1250 1422 1319 superiores.

654 1340 745 1393 Vl.
778 1340 947 1393 Illum
978 1338 1063 1391 sic
1095 1338 1403 1405 viventem,
1431 1339 1717 1409 piumque
1742 1338 1875 1389 vitae
1902 1334 2232 1387 institutum

585 1435 1007 1491 excercentem,
1032 1431 1089 1481 et
1118 1435 1270 1481 recte
1326 1444 1385 1481 se
1435 1435 1734 1495 gerentem
1784 1437 2123 1478 communis
2175 1422 2234 1473 in

583 1516 826 1585 regione
845 1517 1038 1570 aliena
1058 1516 1192 1569 finis
1209 1525 1478 1586 occupat,
1503 1532 1635 1569 cum
1675 1520 1829 1568 esset
1852 1513 2087 1581 triginta
2120 1516 2235 1563 tres

584 1621 776 1660 annos
801 1611 993 1669 natus,
1022 1611 1076 1659 et
1103 1605 1359 1658 necdum
1391 1605 1634 1675 quidem
1662 1605 1824 1657 canis
1851 1600 2097 1670 capillos
2149 1598 2234 1651 al-

2350 448 2707 503 soletfacere
2762 448 3027 519 nequitia
3088 445 3438 498 daemonum
3473 444 3532 496 in
3566 444 3881 498 damnum
3928 443 4061 495 hu-

2348 552 2541 589 manas
2574 546 2820 601 naturae,
2851 552 2988 607 quae
3014 537 3272 602 desuper
3303 532 3459 586 bello
3488 534 3566 585 ab
3598 548 3671 586 eo
3697 532 4049 602 appetitur.

2349 622 2627 678 Daemone
2658 625 2899 695 quidem
2929 630 3092 677 moto
3120 638 3155 675 a
3184 628 3414 686 sancto,
3444 629 3547 674 aut
3579 638 3615 674 a
3659 622 3884 673 Christi
3926 636 4039 689 p0-

2345 712 2458 765 tius
2493 714 2716 778 virtute,
2751 717 2815 767 ut
2845 729 2982 767 eum
3014 710 3396 765 manifestum
3446 709 3667 763 faceret
3725 715 3789 762 et
3832 710 4038 763 hono-

2343 808 2517 862 raret.
2550 809 2824 857 movente
2855 808 3055 857 autem
3118 807 3170 853 et
3222 806 3549 868 torquente,
3612 803 3670 852 et
3742 802 4031 852 maxima

2344 896 2689 961 tempestate
2750 892 3055 946 hominem
3087 887 3499 950 conturbante,
3537 902 3676 941 cum
3715 893 4025 957 tanquam

2345 986 2641 1033 mortuum
2687 980 2869 1033 Eliam
2927 978 3092 1031 humi
3140 977 3394 1045 jecisset,
3446 974 3817 1029 sceleratum
3877 975 4023 1029 illud

2342 1068 2705 1121 daemonium
2744 1069 2940 1121 statim
2966 1066 3130 1130 abiit,
3153 1073 3217 1120 ut
3241 1066 3403 1135 quod
3432 1064 3624 1119 fuerat
3654 1064 3909 1119 homini
3928 1080 4021 1118 ve-

2342 1154 2447 1208 luti
2478 1157 2749 1225 quaedam
2778 1156 3111 1227 disciplina,
3155 1162 3211 1208 et
3250 1154 3766 1208 medicamentum
3803 1154 3889 1207 ad
3926 1170 4019 1208 ex-

2345 1244 2568 1313 pianda
2598 1252 2839 1313 peccata
2864 1245 2955 1308 iis,
2984 1260 3118 1314 quae
3148 1243 3301 1297 Deus
3358 1242 3538 1305 novit,
3602 1242 3889 1311 jud‘iciis.
3932 1249 4021 1296 At-

2345 1346 2461 1401 que
2492 1332 2641 1387 Elias
2672 1334 2913 1403 quidem
2948 1333 3030 1386 sic
3084 1332 3190 1386 fuit
3256 1331 3537 1385 liberatus
3591 1348 3626 1384 a
3685 1331 4019 1385 (immune:

2346 1422 2499 1473 Deus
2525 1428 2724 1475 autem
2756 1438 2876 1477 non
2908 1437 3175 1492 consque
3201 1422 3334 1474 fecit
3360 1422 3680 1474 consistere
3717 1421 3819 1474 sui
3880 1425 4014 1475 servi

2346 1509 2593 1578 gloriam
2661 1512 2828 1565 :imo
2885 1528 3023 1567 vero
3077 1526 3213 1564 cum
3274 1517 3561 1579 tanquam
3630 1510 3786 1563 tuba
3858 1511 4020 1563 valde

2346 1598 2636 1660 clamans,
2668 1599 2728 1653 in
2764 1600 2978 1654 multos
3018 1604 3171 1653 esset
3209 1597 3552 1668 dispersum
3624 1597 4019 1661 miraculum.

583 1694 915 1761 befecissct,
952 1693 1272 1745 multorum
1296 1700 1497 1746 autem
1532 1707 1715 1746 canos
1744 1691 2045 1758 superaret
2096 1703 2232 1757 pru-
2264 1711 2307 1765 Β
2345 1686 2783 1741 multitudinem
2815 1704 3042 1752 eorum,
3076 1702 3178 1757 qui
3230 1686 3585 1740 laborabant
3619 1687 3807 1741 variis
3868 1702 4020 1741 mor—

580 1783 798 1835 dentia.
823 1781 958 1835 Male
982 1790 1178 1834 autem
1200 1781 1457 1834 habebat
1488 1780 1895 1834 Eudocimuin.
1926 1792 2045 1831 non
2066 1774 2232 1846 quod
2342 1776 2451 1845 bis,
2478 1775 2712 1830 vocavit
2739 1777 2814 1830 ad
2838 1776 3202 1846 sepulcrum,
3232 1778 3598 1844 sepulcrum,
3626 1776 3918 1845 inquam,
3952 1792 4015 1830 ex

580 1869 843 1924 absolute
885 1876 1225 1934 moreretur,
1273 1878 1333 1922 ut
1382 1886 1483 1940 qui
1528 1885 1632 1939 per
1680 1874 1870 1922 totam
1928 1867 2107 1919 vitam
2170 1864 2229 1917 id
2340 1881 2460 1936 quo
2479 1864 3127 1919 admirabilitermultis
3149 1863 3651 1918 scaturiebatvita
3674 1869 4009 1919 etcuratio.

579 1966 733 2012 esset
765 1958 1098 2021 meditatus,
1132 1966 1185 2011 et
1214 1974 1396 2028 quam
1426 1975 1563 2011 cum
1594 1964 1807 2025 egisset
1840 1964 2038 2021 Vitam,
2072 1968 2227 2023 quaa-

577 2061 720 2099 nam
775 2063 901 2099 sors
942 2052 1092 2099 esset
1132 2062 1269 2099 eum
1302 2055 1618 2099 consecuta
1652 2062 1661 2096 ;
1717 2058 1771 2097 et
1813 2045 2029 2112 alioqm
2088 2059 2225 2095 cum

580 2146 732 2188 esset
764 2135 1028 2204 sapiens,
1052 2150 1172 2187 non
1206 2136 1523 2201 ignorabat
1562 2136 1826 2195 omnino,
1852 2132 2045 2202 qualis
2075 2138 2225 2185 esset

573 2222 668 2277 lex
699 2223 849 2275 inter
880 2223 1213 2291 composita
1248 2238 1259 2274 :
1296 2238 1510 2292 nempe
1535 2222 1699 2292 quod
1730 2238 1866 2273 cum
1899 2222 2225 2289 accepisset

573 2310 954 2379 principium,
985 2326 1222 2363 necesse
1251 2317 1406 2363 esset
1433 2310 1610 2363 tinem
1632 2324 1874 2379 quoque
1902 2308 2180 2377 consequi
2208 2324 2221 2372 ;

572 2400 969 2469 quamobrem
990 2414 1111 2453 non
1131 2414 1267 2453 eum
1293 2398 1686 2453 conturbabat
1705 2399 1969 2469 corporis
1989 2415 2227 2468 separa-

573 2489 673 2551 tio,
731 2488 837 2541 sed
867 2488 1030 2557 quod
1060 2504 1199 2541 cum
1233 2494 1480 2542 matrem
1522 2504 1642 2541 non
1676 2488 1919 2541 vidisset
1953 2488 2226 2541 charissi-

572 2592 758 2640 mam,
784 2577 960 2644 longe
985 2584 1136 2629 esset
1168 2577 1591 2646 peregrinatus.
1653 2576 1961 2640 Quomodo
2023 2584 2223 2630 autem

572 2673 658 2719 est
688 2670 957 2719 mortuus
985 2666 1011 2718 ?
1041 2670 1126 2718 est
1156 2664 1312 2718 enim
1356 2666 1467 2719 hoc
1522 2666 1696 2718 simul
1744 2665 2136 2735 philosophiae
2170 2669 2225 2719 et

573 2752 831 2808 utilitatis
863 2754 1171 2822 particeps.
1200 2754 1539 2821 zEgrotabat
1576 2756 1811 2823 quidem
1869 2756 1950 2807 vir
1998 2754 2113 2815 ille,
2170 2761 2223 2808 et

571 2843 819 2895 morbus
843 2859 976 2895 cum
1006 2844 1131 2909 jam
1158 2858 1227 2894 eo
1249 2843 1593 2905 deduxerat,
1631 2848 1693 2895 ut
1726 2843 1993 2895 ultimum
2024 2850 2223 2909 ageret

570 2932 860 3001 spiritum.
878 2931 1005 2999 Ipse
1027 2946 1159 2985 vero
1181 2947 1317 2984 cum
1341 2948 1480 2984 suos
1498 2934 1859 2985 accersiisset
1883 2932 2215 2993 familiares,

2413 1954 2547 2009 Vlll.
2577 1954 2651 2005 Ex
2682 1954 2772 2006 his
2802 1970 2942 2007 vero
2958 1969 3075 2007 una
3098 1953 3322 2015 mulier,
3346 1968 3475 2022 qua:
3500 1952 3765 2006 habebat
3788 1951 4007 2019 ﬁlium,

2339 2046 2508 2113 cujus
2542 2050 2748 2103 solutas
2778 2052 2945 2099 erant
2976 2058 3217 2106 manus,
3250 2042 3468 2111 quique
3500 2056 3602 2095 eas
3625 2042 3867 2095 ferebat
3885 2059 4005 2097 non

2339 2139 2510 2187 secus
2539 2144 2716 2208 atque
2742 2136 2892 2205 lapis
2916 2149 2982 2186 ac
3013 2140 3224 2196 statua,
3251 2147 3388 2184 cum
3416 2132 3694 2184 ardenter
3710 2138 4006 2186 accessis-

2336 2230 2421 2276 set
2462 2225 2534 2277 ad
2567 2225 2923 2295 sepulcrum,
2950 2238 3069 2275 non
3108 2220 3288 2287 longa
3334 2236 3481 2289 opus
3534 2220 3749 2273 habuit
3812 2237 4005 2281 mora,

2337 2326 2457 2365 non
2500 2314 2765 2382 negotiis,
2794 2327 2915 2365 non
2948 2310 3161 2362 diebus
3190 2324 3202 2358 :
3227 2308 3329 2361 sed
3359 2324 3494 2361 cum
3518 2308 3787 2378 primum
3821 2314 4005 2373 venit,

2337 2400 2386 2452 ei
2418 2415 2590 2468 opem
2627 2402 2752 2455 tulit
2782 2400 2859 2454 ad
2886 2396 3319 2451 liberanduma
3340 2398 3551 2451 morbo
3576 2397 4009 2463 tilium,oleum

2337 2494 2643 2556 sumptum
2676 2503 2747 2541 ex
2772 2489 3014 2541 lucerna
3046 2488 3197 2539 beati
3226 2484 3480 2554 sepulcri
3526 2501 3684 2555 :quo
3716 2502 3860 2540 cum
3906 2487 4009 2541 illa

2339 2576 2437 2629 ﬁlii
2467 2593 2714 2632 manum
2749 2577 3032 2642 tinxisset,
3066 2575 3214 2630 vidit
3245 2577 3439 2629 statim
3455 2591 3591 2629 eum
3633 2583 3825 2630 totum
3858 2578 4010 2631 illae-

2338 2682 2494 2730 sum,
2539 2673 2593 2720 et
2645 2674 2902 2721 utentem
2953 2666 3229 2718 manibus
3288 2663 3463 2717 simul
3504 2663 3694 2717 liberis
3746 2673 3803 2719 et
3887 2683 4006 2719 suo

2336 2754 2719 2821 fungentibus
2746 2755 2965 2809 ol'ticio.
2998 2755 3157 2807 Alius
3190 2758 3386 2805 autem
3420 2768 3555 2822 puer
3595 2753 3803 2805 eodem
3852 2758 4003 2823 qui-

2332 2841 2468 2896 dem
2496 2846 2677 2898 modo
2717 2844 2985 2906 affectus,
3016 2844 3078 2897 in
3136 2844 3247 2896 hoc
3308 2858 3450 2895 vero
3502 2841 3615 2894 solo
3667 2842 3980 2906 diﬁerens,

2331 2937 2491 3001 quod
2524 2934 2702 3003 priori
2727 2934 2968 3004 quidem
3002 2947 3239 2993 manus,
3271 2930 3321 2983 ei
3352 2940 3550 2984 autem
3576 2930 3751 2999 pedes
3808 2940 3991 2985 erant

569 3019 832 3090 primum
858 3020 1104 3089 quidem
1135 3020 1444 3088 diligenter
1488 3024 1814 3083 mandavit,
1849 3028 2026 3074 eteos
2061 3021 2217 3090 jure-
2252 3034 2292 3089 ί]
2332 3021 2707 3076 immobiles:
2739 3024 2789 3075 is
2842 3036 2983 3089 ergo
3027 3021 3203 3073 simili
3256 3019 3373 3071 fide
3422 3018 3676 3085 oblatus,
3724 3018 3986 3072 similem

565 3107 826 3177 jurando
857 3108 1073 3175 adegit,
1109 3114 1171 3161 ut
1200 3123 1335 3161 eum
1370 3110 1727 3162 mandarent
1781 3112 2072 3179 sepulcro,
2136 3111 2217 3163 sic

570 3196 1400 3267 Indutum,etnequaquamin
1424 3196 1622 3268 ipsum
1659 3198 2057 3264 observarent,
2082 3214 2216 3267 qum

572 3286 760 3338 solent
797 3284 855 3337 in
901 3286 1171 3338 mortuis.
1230 3284 1447 3339 Deinde
1500 3302 1637 3340 cum
1696 3302 1904 3340 omnes
1948 3288 2218 3355 jussisset

571 3379 736 3427 extra
759 3372 910 3427 fores
941 3374 1161 3441 egredi,
1188 3372 1314 3443 ipse
1349 3373 1542 3427 solum
1566 3376 1832 3426 inclusus
1860 3375 1961 3427 dat
1993 3390 2053 3427 se
2090 3389 2218 3428 ora-

575 3462 735 3514 tioni.
768 3463 964 3516 Oratio
994 3468 1191 3516 autem
1224 3470 1350 3516 erat
1380 3463 1609 3527 (audita
1656 3464 1809 3515 enim
1838 3463 1946 3517 fuit
1993 3478 2029 3517 a
2076 3480 2219 3533 quo-

572 3550 736 3612 dam,
789 3551 890 3620 qui
938 3567 1125 3621 prope
1196 3550 1348 3605 fores
1399 3552 1794 3621 auscultabat)
1856 3560 1916 3606 ut
1969 3553 2096 3622 ejus
2141 3554 2217 3608 ad

573 3637 760 3691 Deum
795 3654 1071 3690 excessus
1104 3644 1258 3692 esset
1309 3640 1621 3703 obscurus,
1656 3646 1711 3693 et
1740 3642 1882 3694 nulli
1922 3644 2215 3709 cognitus,

573 3726 874 3793 quomodo
896 3724 1074 3779 etiam
1107 3732 1226 3779 tota
1256 3726 1372 3779 fere
1403 3728 1529 3796 ejus
1563 3735 1680 3781 Vita
1707 3729 1846 3781 nulli
1877 3732 2066 3782 evasit
2094 3746 2222 3783 ma-

573 3813 803 3867 nifesta.
836 3812 982 3866 Cum
1014 3829 1149 3866 vero
1180 3814 1295 3868 alia
1333 3830 1568 3884 quoque
1600 3815 1913 3884 adjecisset
1942 3819 2214 3882 orationi,

574 3906 629 3954 et
655 3902 865 3969 egisset
896 3902 1133 3969 gratias,
1158 3906 1213 3955 et
1236 3912 1534 3971 postremo
1563 3904 1808 3958 dixisset
1838 3924 1848 3958 :
1884 3907 1957 3959 1n
2006 3923 2215 3960 manus

576 3996 705 4043 luas
732 3992 1067 4045 commendo
1094 3992 1363 4060 spiritum
1418 4009 1601 4047 meum
1632 3994 1697 4057 ιο,
1761 4010 1893 4047 vere
1949 4004 2213 4050 sanctam

574 4077 1344 4143 emiSitaniiiiam.Qiiidaiu
1365 4089 1560 4135 autem
1593 4082 1747 4135 exiis
1765 4084 1865 4153 qui
1899 4084 2214 4154 sepulturas

573 4167 702 4237 ejus
724 4168 1140 4233 inserviebant,
1174 4170 1366 4238 magis
1388 4172 1621 4239 rustice,
1671 4188 1853 4243 quam
1884 4173 1996 4244 pie,
2022 4175 2080 4227 in
2105 4175 2215 4229 hoc

575 4258 857 4312 mandato
878 4260 1252 4329 exsequendo
1274 4260 1485 4323 atfecti,
1512 4277 1630 4315 non
1659 4264 1853 4316 solum
1880 4279 2016 4316 cum
2049 4268 2218 4318 vesti-

2328 3126 2568 3181 quoque
2609 3117 2961 3165 consecutus
2996 3109 3100 3163 fuit
3138 3109 3529 3163 curationem.
3588 3111 3735 3162 Nam
3767 3125 3907 3162 cum
3934 3110 3982 3162 is

2326 3213 2563 3267 quoque
2608 3204 2817 3252 unctus
2857 3204 3011 3252 esset
3075 3200 3135 3251 in
3180 3196 3435 3267 pedibus
3500 3197 3631 3251 oleo
3695 3197 3973 3261 lucernae,

2328 3286 2597 3355 protinus
2636 3287 2867 3353 exsiliit,
2901 3294 2956 3340 et
2992 3286 3097 3340 fuit
3146 3303 3329 3340 causa
3368 3302 3598 3355 magnae
3652 3290 3977 3353 gratiarum

2328 3373 2595 3439 actionis,
2680 3390 2812 3445 quis
2891 3374 3251 3429 offerebatur
3338 3376 3453 3445 ipsi
3538 3382 3767 3440 sancto,
3881 3376 3982 3446 qui

2329 3470 2659 3527 curaverat,
2692 3470 2746 3519 et
2780 3468 2915 3530 Deo,
2978 3466 3081 3534 qui
3133 3463 3472 3534 praebuerat
3500 3467 3762 3533 gratiam
3815 3481 3982 3519 cura-

2330 3551 2582 3606 tionum.

2402 3642 2494 3696 ΙΧ.
2556 3642 2777 3696 Rursus
2830 3648 3029 3697 autem
3084 3640 3297 3695 mulier
3344 3646 3553 3695 vexata
3598 3657 3637 3695 a
3680 3642 3966 3712 daemone,

2329 3730 2577 3786 liberata
2610 3740 2747 3786 esta
2774 3732 3036 3801 maligno
3068 3730 3277 3801 spiritu
3335 3746 3470 3784 eam
3521 3740 3797 3795 vexante,
3840 3747 3974 3785 cum

2329 3822 2521 3873 solum
2550 3823 2886 3875 accessisset
2916 3822 2993 3875 ad
3030 3820 3389 3891 sepulcrum,
3422 3828 3478 3874 et
3542 3822 3787 3890 pulchre
3828 3822 3976 3875 didi-

2327 3910 2524 3972 cisset,
2583 3911 3101 3980 quemadmodum
3140 3910 3239 3963 lux
3270 3913 3642 3980 persequitur
3674 3911 3974 3979 tenebras,

2326 4004 2380 4049 et
2409 4012 2593 4067 quain
2621 3998 2692 4051 sit
2724 3998 3013 4065 terribilis,
3041 4000 3234 4053 bonus
3263 4005 3321 4053 et
3342 4008 3543 4067 gratus
3575 4015 3783 4053 servus
3811 4002 3973 4055 malo

2326 4102 2490 4139 servo
2518 4091 2573 4138 et
2604 4084 2859 4153 fugitivo,
2890 4093 3120 4157 propter
3136 4104 3267 4141 eaui
3302 4104 3434 4157 quas
3466 4090 3516 4141 ei
3545 4103 3681 4141 cum
3714 4090 3970 4143 Domino

2325 4174 2647 4238 intercedit,
2677 4176 3160 4244 conjunctionem
3190 4181 3246 4230 et
3272 4175 3746 4231 familiaritatem.
3781 4178 3969 4233 Porro

2325 4270 2525 4318 autem
2548 4266 2644 4317 alii
2670 4279 2910 4335 quoque
2935 4264 3184 4329 mulieri,
3209 4280 3343 4335 quas
3365 4266 3533 4333 gravi
3564 4265 3761 4320 morbo
3791 4264 3970 4319 labo-

573 4347 788 4399 mentis
819 4354 872 4399 et
898 4348 1127 4409 calceis,
1188 4348 1408 4415 quibus
1436 4350 1843 4413 eratindutus,
1878 4353 1980 4405 sed
2034 4366 2212 4407 etiam
2246 4377 2292 4431 D
2329 4352 2516 4417 rabat,
2550 4354 2655 4407 fuit
2695 4354 2977 4407 mirabilis
3008 4352 3236 4408 curatio
3278 4355 3493 4409 solutio
3534 4354 3774 4425 sepulcri
3828 4356 3964 4423 pul-

574 4448 709 4486 cum
737 4434 1029 4501 stragulis,
1057 4436 1113 4487 in
1172 4434 1387 4503 quibus
1410 4437 1665 4505 jacebat,
1699 4437 1755 4490 in
1799 4438 1993 4506 lignea
2033 4456 2215 4511 capsa

572 4523 654 4575 sic
710 4522 1071 4593 impositum,
1123 4523 1287 4576 humi
1350 4526 1616 4579 condunt
1673 4543 1832 4589 eum,
1900 4530 2002 4599 qui
2069 4530 2213 4585 nihil

568 4610 827 4665 habebat
848 4610 1095 4678 dignum
1125 4613 1398 4677 tenebris,
1425 4614 1583 4668 nube
1606 4618 1849 4669 omnino
1877 4618 2084 4687 solem,
2113 4627 2215 4676 aut

565 4698 796 4767 lignum
828 4704 1050 4763 modio,
1084 4709 1186 4755 aut
1216 4704 1430 4771 potius,
1464 4704 1509 4755 si
1539 4704 1744 4773 mavis,
1777 4703 1835 4757 in
1866 4705 2010 4759 cella
2034 4724 2212 4778 pena-

566 4788 652 4843 ria
683 4789 1171 4859 pretiosissimum
1202 4791 1569 4855 thesaurum,
1631 4801 1686 4847 et
1724 4796 1821 4864 qui
1872 4811 1990 4849 non
2017 4805 2211 4868 potest

563 4877 857 4932 consumi.
892 4878 1115 4933 Sedille
1144 4881 1225 4933 sic
1255 4882 1497 4949 quidem
1541 4883 1644 4937 fuit
1673 4883 1946 4938 conditus
2007 4902 2019 4939 :
2056 4888 2207 4942 Deus

562 4973 756 5021 autem
774 4983 891 5021 non
910 4982 1122 5036 passus
1138 4977 1367 5021 esteum
1384 4971 1581 5037 latere,
1599 4972 1700 5023 sed
1716 4988 1853 5026 eum
1868 4975 2057 5029 reddit
2080 4993 2206 5031 ma-

560 5056 835 5109 nifestum
863 5072 1041 5109 causa
1062 5059 1373 5111 multorum
1406 5059 1682 5113 utilitatis.
1711 5065 1800 5115 Sic
1832 5070 2025 5117 autem
2045 5066 2201 5123 facit.

634 5142 741 5193 \‘ll.
774 5144 869 5196 Vir
898 5148 1144 5213 quidam
1167 5164 1201 5201 a
1220 5147 1428 5217 spiritu
1461 5150 1783 5203 vexabatur
1810 5152 2198 5221 daamouiaco,

560 5228 705 5281 [ﬁlias
737 5235 997 5299 nomine,
1031 5252 1165 5289 cum
1214 5243 1347 5306 post
1386 5252 1637 5293 mortem
1666 5250 1847 5294 sancti
1882 5256 2000 5294 nou
2035 5246 2200 5298 multi

555 5315 681 5370 dies
702 5319 1137 5387 praeteriissent.
1169 5326 1423 5397 Repente
1454 5328 1681 5384 accedit
1726 5329 1805 5386 ad
1835 5330 2195 5402 sepulcrum,

546 5510 553 5523 ·
624 5495 673 5537 1ο
705 5495 850 5549 ΡδιιΙ.
886 5510 1028 5562 xxx,
1075 5504 1125 5553 6.
1162 5505 1200 5537 ιι
1227 5507 1374 5565 Psal.
1406 5526 1565 5580 cxxv,
1595 5521 1648 5574 ὅ.
1734 5538 1735 5543 π
1808 5544 1819 5559 κ
1906 5534 1918 5546 ’

2330 4441 2412 4493 vis
2472 4446 2749 4512 sumptus
2807 4457 2942 4495 cum
3000 4441 3139 4503 fide,
3198 4442 3411 4495 deinde
3469 4458 3629 4513 aqua
3684 4456 3970 4511 consper-

2323 4545 2447 4594 sus,
2481 4537 2583 4583 aut
2610 4535 2672 4583 ut
2708 4530 2918 4583 melius
2955 4530 3173 4595 dicam,
3223 4532 3350 4600 ejus
3403 4530 3704 4603 lacrymis,
3754 4537 3809 4586 et
3860 4534 3970 4586 im-

2322 4625 2553 4689 posuus
2586 4620 2733 4689 parti
2788 4620 3072 4689 corporis,
3117 4636 3251 4690 quas
3287 4621 3442 4675 male
3465 4637 3524 4673 se
3573 4619 3851 4675 habebat.
3908 4624 3971 4675 Et

2320 4709 2453 4761 ideo
2514 4723 2651 4759 cum
2697 4710 3049 4762 seminasset
3105 4710 3164 4762 in
3230 4709 3510 4779 lacrymis
3569 4710 3851 4763 ferventis
3909 4712 3969 4765 in

2320 4797 2503 4850 Deum
2552 4795 2712 4861 ﬁdei,
2759 4800 3007 4851 messuit
3034 4798 3493 4853 exsultationem
3533 4800 3853 4853 curationis
3894 4802 3967 4854 “.

2314 4888 2437 4939 Non
2471 4889 2677 4956 paucis
2706 4902 2946 4957 quoque
2977 4888 3107 4942 aliis
3148 4890 3302 4941 male
3349 4888 3589 4957 allectis,
3627 4892 3729 4958 qui
3788 4889 3975 4957 longe
4018 4946 4021 4947 ν

2315 4976 2578 5038 aberant,
2607 4977 2722 5030 ﬁde
2762 4982 2961 5031 autem
2992 4993 3113 5030 non
3165 4983 3334 5031 erant
3385 4978 3579 5047 longe,
3626 4978 3719 5031 hic
3779 4981 3975 5044 pulvis

2313 5064 2390 5117 ad
2420 5080 2520 5117 eos
2551 5066 2783 5130 allatus,
2827 5068 2988 5119 visus
3018 5072 3106 5119 est
3160 5073 3370 5138 aptum
3442 5068 3502 5120 in
3526 5067 3691 5120 omni
3748 5068 3976 5123 morbo

2312 5154 2834 5219 medicamentum,
2863 5162 2918 5208 et
2942 5156 3106 5224 quod
3132 5155 3329 5209 multis
3350 5171 3592 5227 quoque
3614 5156 3745 5210 aliis
3769 5160 3979 5213 modis

2312 5250 2436 5295 erat
2481 5244 3006 5311 jucundisSimum.
3040 5244 3183 5297 Nam
3216 5260 3351 5298 cum
3384 5262 3474 5309 eo,
3517 5246 3683 5314 quod
3715 5251 3984 5303 curabat

2312 5330 2656 5399 certissime,
2714 5332 2971 5387 habebat
3023 5334 3200 5389 etiam
3261 5334 3638 5399 celeritatem,
3706 5342 3763 5393 et
3831 5354 3984 5398 cum
