4144 6258
153 293 254 352 69.3

1529 306 1694 370 VlTA
1731 305 1795 361 s.
1833 300 2206 376 EUDOCIMI.

3470 318 3574 374 494

152 419 472 485 celeritate,
507 419 790 477 molestia:
845 422 1220 496 vacuitatem,
1251 433 1307 484 et
1343 447 1479 486 cum
1523 431 1822 488 molestias
1852 431 1900 484 A
1931 429 2815 508 rationem,ipsorum,inquam,
2836 437 3236 508 malignorum
3253 441 3570 512 spirituum

157 509 648 582 vacuitate,quod
669 509 833 566 nulla
850 516 975 566 erat
993 515 1243 570 omnino
1269 518 1559 576 solvenda
1574 536 1818 595 merces,

155 606 212 653 et
251 599 405 654 nihil
443 599 682 670 penitus
727 598 935 654 damni
978 602 1402 674 accipiebatur.
1458 609 1696 664 Deﬁciet
1726 624 1821 663 me

158 693 402 758 tempus
436 693 491 742 et
535 687 747 750 oratio,
795 688 1160 762 defectaque
1207 701 1378 750 erunt
1421 712 1640 752 manus
1687 697 1820 752 scri-

158 777 381 847 ptionis
447 777 612 848 operi
681 776 1026 848 servientes,
1091 781 1140 834 si
1197 782 1555 839 voluerimus
1613 785 1820 840 omnia

160 865 693 937 comprehendere,
769 881 906 936 quae
973 874 1029 922 et
1109 871 1273 938 prius
1353 872 1468 940 ille,
1545 873 1645 928 ubi
1713 875 1816 928 fuit

160 955 451 1026 sepultus,
479 962 536 1009 et
565 970 724 1010 nunc
752 955 870 1010 huc
890 971 1132 1027 quoque
1166 960 1510 1032 translatus,
1541 962 1682 1018 facit
1711 964 1817 1018 mi-

163 1044 390 1099 racula.

235 1133 295 1186 X.
321 1132 620 1196 Quoniam
643 1135 844 1187 autem
875 1133 1280 1192 translationis
1308 1138 1580 1194 meminit
1606 1139 1815 1203 oratio,

162 1220 238 1274 de
292 1236 365 1276 ea
417 1235 660 1292 quoque
717 1223 1096 1278 tractandum
1145 1231 1250 1290 est,
1300 1227 1820 1298 quemadmodum

161 1307 324 1364 facta
347 1308 423 1362 sit
451 1314 508 1363 et
536 1324 816 1379 quisnam
864 1310 1038 1366 fuerit
1067 1328 1272 1382 causa,
1303 1315 1471 1385 quod
1506 1313 1663 1370 illius
1695 1330 1820 1369 cor-

160 1411 275 1466 pus
292 1395 590 1466 sepultum
605 1395 664 1449 in
685 1395 903 1450 ﬁnibus
919 1397 1334 1468 Charsiani,sit
1348 1402 1409 1456 in
1421 1402 1578 1456 hanc
1597 1403 1822 1471 regiam

163 1483 522 1538 translatum
572 1484 892 1540 civitatem.
937 1489 1149 1556 Magna
1183 1495 1240 1545 et
1273 1490 1440 1546 velox
1479 1491 1609 1560 ejus
1641 1489 1821 1546 mira-

162 1572 439 1627 culorum
498 1574 662 1627 fama
722 1573 784 1628 in
838 1589 1051 1630 omnes
1093 1585 1291 1647 partes
1340 1579 1724 1650 pervadebat,
1767 1584 1824 1632 et

161 1660 455 1731 implebat
482 1678 658 1717 aures
683 1662 954 1718 omnium
986 1681 998 1718 :
1025 1671 1080 1719 et
1108 1672 1323 1722 natura
1347 1668 1593 1738 quidem
1614 1669 1698 1721 sic
1714 1666 1822 1721 ha-

1933 519 2400 595 morborumque
2440 530 2495 582 et
2523 525 2926 596 aﬂ'ectionum,
2956 533 3016 582 ut
3072 529 3174 597 qui
3224 530 3468 599 perinde
3501 547 3572 587 ac

1931 606 1978 659 si
2027 607 2372 666 horribilem
2427 620 2728 684 terrorem,
2759 619 2813 670 et
2864 615 3145 670 accedere
3170 631 3289 670 non
3335 619 3573 688 permit-

1931 698 2168 760 tentem,
2201 698 2284 752 eis
2305 699 2550 756 incutiat
2579 702 2940 773 sepulcrum,
3000 718 3121 757 non
3181 705 3407 774 possint
3446 722 3576 777 per-

1927 798 2170 838 manere
2203 805 2215 844 :
2251 786 2342 842 vel
2400 790 2596 859 potius
2638 795 2698 845 ut
2736 791 2936 846 hostes
2961 791 3211 863 quidam
3243 799 3298 846 et
3326 794 3571 862 inimici,

1925 871 2030 941 qui
2082 872 2244 928 fortis
2300 876 2675 948 imperatoris
2731 895 2804 934 ne
2851 879 3083 950 possint
3133 879 3379 951 quidem
3421 880 3574 938 ferre

1925 968 2336 1031 conspectum,
2363 967 2464 1020 sed
2495 982 2596 1021 eos
2630 983 2783 1039 quos
2827 973 3130 1040 ceperunt,
3160 970 3357 1024 statim
3385 969 3576 1026 dimit-

1928 1054 2070 1113 tant,
2095 1054 2152 1104 et
2177 1051 2238 1106 in
2269 1052 2475 1122 fugam
2497 1070 2558 1110 se
2580 1055 2935 1127 conjiciant;
2962 1057 3087 1111 hac
3113 1072 3252 1111 cum
3279 1056 3374 1112 illa
3400 1058 3575 1113 vidis-

1928 1142 2033 1204 set,
2119 1143 2177 1194 et
2231 1141 2503 1211 sepulcro
2580 1142 2785 1198 fuisset
2851 1143 3234 1208 circumfusa,
3308 1145 3572 1215 jucunde

1929 1228 1987 1278 et
2013 1239 2229 1280 canore
2255 1228 2531 1296 deﬂebat,
2565 1231 2774 1301 partim
2830 1231 3074 1303 quidem
3127 1231 3316 1288 ﬁlium
3363 1233 3574 1306 lugens

1933 1319 1994 1367 ut
2019 1320 2342 1379 mortuum,
2376 1318 2591 1387 partim
2623 1323 2818 1373 autem
2861 1325 2922 1374 ut
2946 1336 3015 1375 ex
3075 1324 3192 1375 Deo
3249 1321 3570 1389 viventem,

1932 1406 1989 1455 et
2021 1403 2194 1456 tantis
2223 1403 2533 1472 dignatum
2577 1406 2874 1462 miraculis
2899 1408 3224 1478 admirans,
3253 1414 3308 1464 et
3354 1416 3412 1465 ut
3442 1428 3573 1480 quas

1930 1489 2065 1558 ipsa
2091 1505 2328 1561 quoque
2351 1494 2543 1561 gratia
2569 1498 2624 1548 et
2641 1493 2828 1563 gloria
2850 1495 3220 1559 frueretur,et
3241 1511 3311 1552 eo
3330 1499 3573 1553 nomine

1931 1577 2295 1645 gloriaretur.

2005 1665 2112 1719 ΧΙΙ.
2146 1667 2268 1731 Fili,
2295 1684 2435 1724 voce
2483 1669 2714 1726 dicebat
2777 1670 3002 1736 altiore,
3059 1672 3162 1737 ﬁli,
3217 1672 3318 1727 lux
3356 1678 3575 1730 aeterna

161 1749 364 1816 bebat,
404 1766 563 1805 nunc
594 1758 794 1806 autem
829 1752 1082 1808 velocior
1113 1771 1355 1826 quoque
1385 1756 1542 1810 facta
1571 1761 1661 1810 est
1691 1770 1822 1826 pro-
1853 1777 1895 1831 Β
1931 1769 2203 1809 meorum
2229 1757 3576 1831 oculorum,ﬁli,arcanumquoddaminineffa-

161 1843 293 1909 pter
317 1839 402 1893 rei
435 1841 776 1895 novitatem.
810 1842 915 1897 Ubi
947 1843 1105 1898 enim
1137 1846 1461 1915 speraverit
1494 1845 1818 1916 quispiam,

161 1928 473 1982 hominem
522 1929 583 1983 in
625 1929 851 1984 mundo
894 1930 1206 1996 viventem,
1237 1940 1294 1988 et
1319 1935 1420 2004 qui
1461 1933 1661 2004 populi
1695 1949 1823 1986 sus-

163 2022 407 2087 ceperat
457 2017 1064 2085 administrationem,
1107 2026 1164 2076 et
1215 2021 1319 2093 qui
1369 2022 1615 2090 singulis
1663 2022 1823 2077 horis

166 2106 348 2160 tantis
378 2107 714 2176 agitabatur
737 2106 1040 2172 ﬂuctibus,
1072 2126 1251 2182 posse
1282 2128 1388 2183 per
1413 2128 1475 2167 se
1499 2112 1820 2183 quiescere,

164 2199 221 2248 et
277 2194 616 2249 interiorem
677 2196 986 2251 hominem
1044 2199 1262 2254 habere
1321 2199 1486 2254 nulla
1552 2207 1825 2254 vexatum

162 2281 809 2354 molestia,illassosque
829 2289 888 2339 et
911 2287 1263 2342 manifestos
1292 2288 1354 2342 in
1386 2304 1448 2344 se
1469 2303 1826 2344 conservare

163 2378 342 2442 typos
402 2372 499 2426 Dei
542 2373 863 2443 memorias,
898 2381 955 2428 et
993 2376 1123 2446 ejus
1165 2384 1327 2432 metu
1377 2393 1478 2431 cor
1525 2377 1824 2432 custodire

165 2460 462 2515 mundum
508 2460 586 2515 ab
629 2462 911 2516 omnibus
970 2464 1251 2518 sordibus
1281 2464 1309 2518 Τ
1355 2469 1502 2520 Nam
1545 2466 1820 2536 pietatem

164 2549 409 2622 quidem
439 2566 728 2615 exercere,
750 2558 805 2606 et
837 2553 1114 2622 amplecti
1139 2554 1542 2618 honestatem,
1567 2553 1822 2608 virtutis-

164 2653 281 2708 que
310 2637 737 2711 aliquantisper
780 2645 836 2695 et
870 2640 965 2695 Dei
999 2641 1346 2698 meminisse
1372 2642 1817 2709 mandatorum,

163 2728 223 2782 in
279 2728 484 2784 multis
522 2727 772 2783 fortasse
829 2729 1093 2784 invenies
1135 2746 1208 2785 ex
1261 2731 1334 2786 iis
1365 2731 1568 2796 etiam,
1620 2732 1723 2802 qui
1759 2733 1820 2786 in

169 2817 396 2871 mundo
429 2819 654 2871 vivunt.
689 2817 820 2871 Non
851 2817 1011 2871 enim
1043 2834 1144 2872 eos
1183 2819 1428 2872 omnino
1466 2819 1677 2873 virtute
1706 2836 1822 2873 nu-

164 2905 468 2967 dabimus,
502 2911 556 2958 et
597 2911 886 2974 tanquam
926 2905 1234 2974 propriam
1267 2907 1711 2976 possessionem
1742 2907 1824 2959 eis

168 2992 310 3046 solis
364 2992 716 3057 tribuemus,
763 2991 865 3060 qui
898 2998 1035 3045 sunt
1067 3007 1103 3045 a
1138 2992 1366 3046 mundo
1401 2993 1677 3062 separati.
1715 2993 1826 3046 Sed

1931 1843 2042 1898 bile
2072 1843 2300 1900 bonum
2330 1848 2675 1918 parentibus
2704 1863 2717 1902 :
2756 1848 3060 1904 undenam
3092 1849 3191 1904 tibi
3253 1851 3380 1906 haec
3413 1851 3576 1908 clara

1933 1940 1989 1987 et
2018 1948 2241 2002 magna
2265 1935 2365 1990 lux
2391 1935 3114 1993 curationum?Undenam
3147 1940 3389 2010 copiosa
3416 1939 3578 1996 ﬂuxit

1933 2022 2126 2091 gratia
2148 2021 2438 2092 Spiritus?
2466 2029 2553 2078 An
2595 2035 2733 2078 sunt
2758 2025 2885 2079 haec
2911 2026 3158 2080 omnino
3185 2027 3297 2097 piae
3327 2027 3458 2082 vitae
3490 2043 3576 2082 re-

1932 2111 2288 2174 muneratio,
2336 2118 2392 2165 et
2443 2112 2811 2167 occultorum
2877 2112 3150 2168 laborum
3179 2113 3206 2168 ‘I
3238 2116 3327 2169 An
3379 2115 3577 2186 potius

1935 2213 2054 2252 non
2087 2198 2280 2254 solum
2310 2202 2729 2263 remuneratio,
2760 2201 2865 2256 sed
2920 2203 3099 2258 arrha
3129 2209 3183 2258 et
3221 2203 3580 2275 prooemium

1935 2287 2254 2350 bonorum,
2282 2305 2417 2359 quae
2459 2295 2510 2344 te
2533 2297 2667 2360 post
2694 2290 2822 2345 haec
2845 2291 3138 2346 manent?
3169 2295 3313 2347 Sum
3348 2307 3458 2361 ego
3490 2308 3583 2347 re-

1937 2391 2075 2430 vera
2093 2376 2269 2430 beata
2300 2380 2448 2431 inter
2502 2384 2742 2442 matres,
2788 2394 2926 2450 quae
2979 2379 3160 2449 digna
3191 2395 3324 2434 sum
3357 2381 3582 2448 habita,

1934 2477 2068 2532 quae
2093 2479 2290 2519 essem
2315 2471 2369 2520 et
2399 2481 2641 2520 vocarer
2668 2470 2858 2520 mater
2913 2464 3044 2520 talis
3104 2466 3228 2521 ﬁlii.
3293 2471 3419 2522 Non
3479 2467 3582 2523 tibi

1933 2550 2192 2619 amplius
2223 2558 2471 2607 contexo
2499 2552 2955 2609 lamentationes
2979 2561 3276 2610 maternas
3296 2559 3580 2626 tanquam

1932 2636 2072 2704 ﬁlio,
2105 2640 2209 2692 sed
2236 2643 2527 2712 tanquam
2552 2642 2652 2695 Dei
2674 2641 2868 2697 amico
2901 2643 3156 2713 hymnos
3177 2659 3324 2698 cano
3353 2644 3584 2715 spirita-

1929 2725 2034 2781 les.
2068 2725 2197 2781 Non
2224 2728 2482 2798 amplius
2507 2733 2564 2784 te
2587 2745 2733 2784 voco
2764 2729 2973 2795 filium,
3004 2737 3060 2786 et
3078 2731 3330 2786 fructum
3364 2733 3585 2787 ventris

1932 2814 2070 2878 mei,
2103 2816 2200 2868 sed
2223 2815 2408 2870 ﬁlium
2437 2818 2537 2870 Dei
2577 2833 2680 2887 per
2712 2819 2988 2887 gratiam,
3020 2834 3142 2873 non
3173 2835 3246 2874 ex
3273 2820 3580 2890 sanguini-

1934 2901 2069 2965 bus,
2102 2917 2209 2954 nec
2240 2917 2310 2955 ex
2342 2903 2640 2959 voluntate
2689 2905 2902 2971 carnis,
2960 2907 3064 2961 sed
3117 2923 3321 2962 revera
3373 2914 3581 2962 natum

1937 3005 2008 3042 ex
2041 2991 2158 3044 Deo
2186 2991 2250 3044 ¹².
2282 2993 2465 3055 Quem
2515 3009 2651 3048 cum
2708 2995 2839 3066 ipsa
2883 2998 3192 3064 genuerim
3247 2996 3577 3062 carnaliter,

171 3079 252 3135 ad
281 3085 511 3135 tantam
541 3079 1000 3151 impatibilitatis
1025 3085 1082 3134 et
1121 3079 1357 3135 virtutis
1392 3095 1524 3135 esse
1558 3086 1828 3135 evectum
1861 3072 1902 3129 C
1940 3078 2016 3144 ab
2046 3076 2177 3148 ipso
2203 3095 2407 3134 rursus
2438 3081 2700 3138 vicissim
2754 3099 3004 3153 generor
3058 3085 3414 3156 spiritaliter.
3465 3087 3580 3140 Nec

172 3167 567 3233 altitudinem,
589 3171 653 3222 ut
679 3175 1080 3238 consequatur
1109 3169 1244 3239 quis
1270 3169 1524 3237 gratiam
1554 3174 1610 3224 et
1633 3169 1832 3240 splen-

170 3257 377 3311 dorem
413 3256 852 3322 miraculorum,
888 3256 949 3310 id
985 3272 1191 3311 eorum
1227 3256 1420 3312 solum
1457 3257 1695 3323 dixeris,
1727 3256 1831 3328 qui

171 3344 400 3400 mundo
440 3349 498 3399 et
539 3344 864 3400 mundanis
923 3344 1208 3400 omnibus
1264 3348 1520 3400 multam
1578 3345 1831 3400 salutem

171 3435 466 3498 dixerunt,
490 3439 547 3488 et
592 3433 944 3489 solitudines
997 3435 1188 3503 magis
1222 3449 1409 3504 quam
1458 3435 1744 3498 civitates,
1777 3449 1833 3506 et

172 3522 426 3586 deserta,
454 3529 508 3577 et
537 3522 714 3592 longe
745 3539 874 3578 esse
917 3529 1215 3578 remotum
1246 3525 1324 3578 ab
1363 3523 1572 3579 amicis
1598 3531 1834 3594 propter

177 3611 478 3666 Christum
507 3618 646 3666 sunt
678 3611 965 3682 amplexi,
998 3628 1326 3683 eorumque
1357 3629 1725 3683 paucorum:
1757 3613 1834 3666 si-

171 3701 416 3773 quidem
449 3716 781 3772 paucorum
806 3704 1086 3756 novimus
1117 3718 1251 3757 eam
1273 3718 1408 3774 quas
1451 3709 1544 3757 est
1567 3718 1676 3774 pro
1703 3703 1833 3757 viri-

173 3791 309 3854 bus,
346 3788 795 3860 perfectionem.

245 3879 332 3933 ΧΙ.
353 3882 498 3933 Cum
519 3878 602 3932 sic
618 3893 759 3946 ergo
773 3878 936 3933 fama
960 3879 1088 3949 ejus
1113 3879 1324 3934 mortis
1339 3879 1830 3936 etmiraculorum

171 3973 327 4022 esset
356 3966 647 4038 dispersa,
686 3968 813 4037 ejus
855 3975 1130 4039 parentes
1168 3969 1280 4038 (eis
1312 3971 1470 4024 enim
1516 3969 1711 4025 adhuc
1745 3971 1830 4025 vi-

173 4057 445 4112 ventibus
474 4062 561 4111 est
589 4058 880 4126 mortuus)
911 4063 967 4112 et
996 4057 1257 4112 maxime
1288 4063 1499 4124 mater,
1528 4075 1661 4130 quae
1701 4076 1831 4115 ma-

170 4144 336 4199 ximo
365 4150 421 4198 et
450 4145 906 4214 germanissimo
945 4162 1169 4212 amore,
1205 4153 1266 4202 ut
1307 4147 1460 4203 ﬁlios
1489 4148 1685 4203 solent
1704 4164 1832 4204 ma-

173 4239 313 4298 tres,
327 4249 464 4288 eum
482 4235 972 4306 prosequebatur,
989 4252 1282 4305 magnum
1304 4237 1505 4306 ignem
1528 4235 1832 4290 habebant

173 4322 235 4377 in
263 4325 610 4387 visceribus,
639 4324 813 4378 simul
839 4324 1085 4394 quidem
1111 4331 1245 4378 etut
1276 4325 1463 4378 ﬁlium
1492 4324 1831 4378 desideran-

1940 3168 2226 3220 erubesco
2258 3182 2396 3222 eum
2426 3185 2639 3224 vocare
2672 3176 2924 3240 patrem,
2966 3174 3139 3244 cujus
3189 3190 3366 3229 verus
3417 3181 3582 3245 pater

1938 3259 2026 3309 est
2049 3254 2143 3308 ille
2174 3255 2430 3309 caelestis
2458 3274 2470 3313 :
2514 3259 2754 3326 cognati
2784 3267 3004 3324 autem,
3037 3261 3231 3330 angeli
3263 3267 3317 3317 et
3346 3267 3584 3316 sancto-

1936 3359 2072 3397 rum
2099 3345 2370 3398 omnium
2399 3346 2583 3414 chori,
2621 3350 2912 3400 bonorum
2940 3363 3181 3417 cperum
3215 3351 3586 3405 communio-

1940 3448 2028 3496 ne,
2059 3437 2112 3486 et
2140 3432 2474 3502 (equalitate
2504 3436 3020 3490 remunerationis.
3050 3440 3265 3491 Curam
3297 3453 3432 3507 gere
3486 3454 3586 3509 pa-

1939 3529 2194 3589 rentum,
2222 3522 2438 3592 quibus
2467 3527 2556 3576 est
2585 3525 2826 3591 gravius
2867 3525 2947 3578 tui
2987 3524 3366 3594 desiderium,
3398 3542 3583 3598 quam

1940 3619 2230 3664 senectus.
2252 3610 2448 3680 Atqui,
2472 3626 2508 3666 o
2539 3611 2909 3678 charissime,
2940 3613 3183 3683 pulchre
3213 3615 3438 3669 carnali
3470 3621 3583 3669 tuas

1939 3699 2114 3754 matri
2138 3700 2353 3754 referes
2382 3701 2632 3769 gratiam
2665 3716 2773 3772 pro
2804 3701 2956 3756 datis
2997 3702 3314 3768 alimentis,
3341 3703 3388 3757 si
3420 3704 3585 3774 spiri-

1941 3788 2038 3842 tali
2088 3795 2186 3842 tuo
2245 3787 2388 3842 Patri
2439 3789 2550 3842 tuis
2601 3789 3118 3844 intercessionibus
3180 3807 3314 3846 eam
3364 3792 3582 3846 reddas

1936 3877 2308 3933 familiarem.
2371 3877 2614 3931 Pulchre
2679 3894 2922 3950 quoque
2989 3879 3140 3950 patri
3212 3887 3309 3934 tuo
3367 3880 3582 3935 referes

1935 3970 2204 4036 gratiam,
2239 3966 2404 4037 quod
2436 3973 2486 4020 te
2513 3967 2590 4021 ad
2614 3966 2748 4032 hoc,
2777 3975 3029 4036 utesses,
3051 3967 3411 4039 produxerit,
3436 3969 3482 4023 si
3501 3970 3579 4024 ad

1935 4056 2062 4126 ejus
2119 4055 2436 4110 senectutis
2501 4059 2556 4108 et
2609 4055 3022 4110 imbecillitatis
3080 4058 3347 4126 requiem
3417 4058 3582 4112 sinus

1935 4144 2189 4198 Abrahae
2221 4143 2478 4211 petieris.
2513 4146 2642 4197 Haec
2673 4161 2831 4198 nunc
2867 4144 2944 4200 ad
3001 4149 3054 4199 te
3111 4146 3478 4199 contendunt
3527 4153 3584 4200 et

1936 4232 2120 4301 patris
2145 4229 2409 4294 canities,
2436 4235 2491 4282 et
2519 4231 2796 4284 matrisin
2817 4238 2990 4300 partu
3003 4232 3261 4300 dolores,
3291 4239 3345 4286 et
3375 4233 3577 4298 ubera,

1937 4333 2071 4388 quae
2103 4323 2182 4381 tu,
2217 4316 2316 4387 qui
2339 4331 2400 4369 es
2415 4316 2578 4370 omni
2605 4331 2672 4370 ex
2694 4325 2859 4387 parte
2875 4317 3578 4387 perfectus,suxisti,cum

178 4416 285 4476 tes,
315 4417 371 4465 et
401 4411 704 4481 cupientes
740 4410 1012 4480 conspici
1044 4416 1317 4481 parentes
1359 4411 1508 4480 ejus,
1543 4410 1645 4482 qui
1675 4410 1828 4466 adeo
1863 4409 1905 4462 D
1936 4421 2095 4460 esses
2120 4405 2317 4460 adhuc
2349 4403 2562 4458 infans.
2588 4407 2802 4460 Curam
2833 4421 2968 4474 gere
3001 4413 3338 4476 parentum,
3370 4424 3577 4463 curam

175 4497 371 4552 clarus
401 4503 524 4552 erat
553 4497 878 4552 miraculis.
924 4500 1102 4552 Mater
1127 4512 1268 4566 ergo
1301 4513 1422 4552 non
1454 4497 1645 4553 ferens
1692 4514 1825 4554 cor-

176 4585 270 4639 dis
304 4585 608 4655 impetum,
635 4585 940 4652 arbitrata,
967 4601 1094 4641 esse
1125 4587 1269 4657 quid
1301 4603 1550 4658 parvum
1578 4593 1634 4642 et
1662 4589 1825 4643 nihili

181 4673 540 4741 faciendum,
573 4679 628 4728 et
653 4688 773 4727 non
796 4674 936 4728 satis
965 4674 1202 4731 ﬁrmam
1230 4676 1341 4747 pias
1380 4677 1552 4730 matri
1577 4692 1825 4732 excusa-

181 4762 403 4818 tionem
433 4763 537 4816 viaa
567 4761 1002 4831 longitudinem
1029 4771 1085 4819 et
1113 4765 1426 4820 senectutis
1460 4764 1825 4822 imbecillita-

178 4856 318 4920 tem,
369 4850 585 4904 horum
629 4853 899 4907 omnium
953 4853 1178 4908 nullam
1233 4853 1458 4908 ducens
1512 4855 1820 4922 rationem,

182 4940 449 5012 profecta
475 4940 760 5011 Byzantio
786 4942 859 4994 ad
887 4941 966 5007 id,
999 4942 1164 5012 quod
1190 4944 1316 5013 jam
1343 4945 1507 5015 prius
1536 4944 1819 5011 diximus,

181 5029 576 5084 Charsianum
618 5029 942 5084 incredibili
967 5037 1230 5101 pervenit
1256 5032 1567 5088 celeritate.
1603 5033 1824 5088 Deinde

180 5134 320 5172 cum
359 5117 685 5188 aspexisset
719 5133 925 5173 eorum
958 5119 1416 5186 multitudinem,
1450 5121 1552 5192 qui
1583 5123 1823 5176 assidue

180 5207 545 5262 accedebant
575 5206 650 5261 ad
688 5207 1050 5278 sepulcrum,
1083 5215 1141 5262 et
1166 5209 1416 5275 donum,
1466 5210 1629 5281 quod
1661 5227 1823 5266 asse-

179 5296 542 5367 quebantur,
573 5296 676 5367 qui
702 5296 901 5351 multis
927 5302 984 5352 et
1015 5297 1192 5352 variis
1219 5298 1576 5354 laborabant
1602 5301 1826 5355 morbis

179 5389 237 5441 et
250 5383 684 5455 affectionibus,
703 5391 760 5441 et
773 5400 961 5458 quam
973 5385 1223 5442 celerem
1239 5387 1720 5461 adipiscebantur
1731 5405 1830 5445 cu-

253 5563 300 5601 ι²
339 5561 514 5622 Joan.
549 5565 593 5630 i,
630 5563 722 5621 13.

1936 4509 2072 4564 gere
2100 4499 2509 4562 cognatorum.
2543 4493 2876 4558 Laetabitur,
2911 4500 2999 4548 sat
3026 4496 3166 4558 scio,
3195 4495 3366 4560 Deus,
3396 4513 3576 4567 quem

1935 4589 1998 4638 tu
2022 4582 2442 4636 honorandum
2473 4597 2676 4636 censes
2715 4582 2773 4636 in
2814 4583 3182 4653 parentibus,
3224 4601 3372 4655 quos
3408 4585 3580 4654 jubet

1932 4673 2086 4727 illius
2115 4674 2475 4743 praeceptum
2494 4669 2808 4734 honorare,
2841 4676 3043 4741 utpote
3093 4675 3252 4742 quod
3285 4690 3387 4744 per
3414 4689 3576 4744 ipsos

1932 4761 2120 4815 honor
2145 4760 2223 4814 ad
2248 4759 2415 4813 illum
2444 4758 2678 4815 feratur.
2711 4763 2858 4814 Nam
2910 4766 2966 4814 et
3005 4747 3250 4830 primus
3304 4763 3574 4816 omnium

1933 4858 2022 4904 est
2049 4855 2231 4921 pater,
2265 4853 2323 4902 et
2346 4848 2561 4919 opifex,
2596 4853 2651 4903 et
2681 4865 2883 4915 causa,
2911 4853 2972 4902 ut
3001 4849 3070 4903 ad
3115 4849 3246 4913 hoc,
3305 4856 3367 4903 ut
3437 4850 3572 4915 sint,

1936 4940 2360 5010 producantur.

2005 5025 2155 5082 Xlll.
2178 5027 2305 5078 Haec
2320 5023 2484 5087 dixit,
2509 5031 2564 5077 et
2584 5025 2752 5094 jubet
2781 5024 3202 5095 tollilapidem,
3241 5031 3296 5079 et
3319 5042 3570 5096 capsam

1935 5115 2084 5170 trahi
2115 5120 2278 5168 extra
2307 5119 2784 5167 monumentum.
2806 5113 2967 5176 Quod
2989 5130 3122 5166 cum
3148 5113 3367 5168 factum
3400 5122 3574 5179 esset,

1938 5204 2036 5260 ubi
2062 5219 2132 5258 ea
2157 5203 2420 5273 jubente,
2454 5210 2693 5272 apertus
2718 5209 2803 5256 est
2831 5202 3082 5268 loculus,
3116 5202 3378 5257 cernitur
3402 5205 3576 5259 mira-

1937 5293 2158 5359 culum,
2185 5297 2239 5345 et
2264 5290 2338 5345 ad
2370 5290 2691 5344 videndum
2709 5290 3168 5355 divinissimum,
3193 5299 3250 5344 et
3280 5294 3354 5347 ad
3382 5293 3583 5347 dicen-

1939 5383 2080 5439 dum
2103 5378 2624 5454 jucundissimum,
2659 5383 2714 5434 et
2743 5377 2821 5434 ad
2851 5394 2940 5447 ea,
2971 5395 3106 5452 quas
3132 5388 3577 5455 praecesserant,
