4144 6258
282 293 391 354 497

1162 293 1606 355 MARTYPJUM
1646 299 1703 357 S.
1745 287 2028 357 SOPHIE
2066 300 2157 358 ET
2192 302 2548 364 FILIARUM
2586 305 2778 365 EJUS.

3551 307 3659 366 498

284 422 434 485 sent,
467 418 583 474 hoc
616 432 751 473 vere
785 432 1029 473 sacrum
1071 419 1361 491 templum
1393 421 1707 494 deponunt
1732 423 1795 480 in
1828 423 1960 496 pul-
1993 426 2042 480 A
2071 442 2284 483 mones
2308 428 2606 499 fugantur,
2622 428 2816 486 morbi
2833 428 3162 496 solvuntur.
3190 435 3247 488 et
3278 430 3431 487 Deus
3451 430 3513 487 in
3534 448 3657 489 om-

290 508 434 564 cliro
448 505 690 578 templo,
715 505 872 578 quod
897 506 1007 576 ipsi
1030 508 1289 578 Deiparm
1303 517 1775 577 construxerant,
1795 529 1956 568 com.

295 612 505 652 munes
532 594 880 651 hominibus
910 594 1100 651 effecti
1132 595 1560 664 benefactores,
1596 599 1737 655 dato
1768 601 1948 667 dono,

293 686 458 758 quod
502 685 844 741 extenditur
870 683 932 740 in
961 685 1431 756 sempiternum:
1467 703 1573 758 per
1614 704 1795 760 quem
1831 689 1950 744 dae-

2067 514 2323 581 nibus,et
2342 534 2449 590 per
2469 519 2672 574 omnia
2691 518 3377 589 gloriﬁcatur.0uoniam
3396 535 3534 575 eum
3556 521 3657 576 de-

2064 605 2361 659 cetomnis
2384 605 2592 676 gloria,
2622 608 2881 663 honoret
2906 607 3199 675 adoratio,
3228 623 3389 664 nunc
3418 613 3475 664 et
3502 624 3657 665 sem-

2060 705 2166 762 per
2194 696 2249 748 et
2278 693 2336 748 in
2364 694 2582 751 saecula
2613 695 2986 753 saeculorum.
3016 697 3230 752 Amen.

1049 898 1742 1046 MENSIS
1822 902 2902 1095 AUGUSTUS.

986 1263 1631 1352 ΜΑΡΤΥΡΙΟΝ
1689 1263 1908 1353 ΤΩΝ
1965 1265 2313 1353 ΑΙἾΩΝ
2374 1266 2955 1354 ΓΥΝΑΙΚΩΝ

1526 1425 2231 1597 ΣΟΦΙΑ
2265 1430 2403 1597 Σ

1483 1668 1598 1717 ΚΑΙ
1635 1667 1770 1714 ΤΩΝ
1812 1665 2207 1719 ΘΥΓΑΤΕΡΩΝ
2246 1669 2456 1717 ΑΥἾἮΣ

685 1802 1395 1946 ΠΙΣΤΕΩΣ,
1461 1795 2156 1916 ΕΛΠΙΔΟΣ
2220 1801 2486 1918 ΚΑΙ
2561 1799 3238 1918 ΑΓΑΠΗΣ.

736 2141 1528 2237 MARTYRIUM

1643 2138 2423 2236 SANGTARUM
2535 2141 3214 2238 MULIEBUM

1597 2317 2350 2441 SOPHl/E

1652 2538 1733 2587 ET
1768 2535 1920 2588 EJUS
1956 2536 2274 2590 FILIABUM

900 2656 1346 2795 FIDE],
1434 2653 1753 2775 SPEI
1848 2649 2028 2772 ET
2112 2653 3038 2784 CHARITATIS.

595 2843 802 2908 (Latine
832 2842 979 2905 apud
1006 2842 1218 2890 Surium
1250 2840 1317 2889 ad
1339 2839 1483 2887 diem
1508 2840 1531 2886 1
1568 2837 1794 2900 Augusti
1825 2850 1839 2893 ;
1871 2835 2042 2887 Graece
2068 2852 2132 2887 ex
2166 2838 2285 2889 cod.
2318 2854 2418 2889 ms.
2445 2841 2605 2892 Grec.
2639 2841 2783 2892 Paris
2808 2856 2861 2892 n.
2890 2844 3030 2908 1526,
3063 2859 3183 2897 suac.
3214 2849 3326 2911 xu.)

361 3081 432 3137 A'.
473 3083 623 3135 Μετὰ
658 3082 717 3133 τὸ
771 3076 1146 3150 διαγγελθῆναι
1194 3083 1466 3148 πανταχοῦ
1520 3077 1578 3127 τὸ
1629 3077 1920 3144 σωτήριον.

2068 3074 2110 3129 Ι.
2145 3074 2467 3147 Postquam
2499 3077 2708 3137 fuisset
2733 3082 3011 3142 salutaris
3041 3088 3383 3159 praedicatio
3414 3088 3637 3161 ubique

287 3177 554 3243 κήρυγμα,
610 3169 952 3242 πλωρηθῆναί
1002 3186 1054 3219 τε
1097 3169 1162 3218 τὰ
1215 3168 1382 3218 πάντα
1424 3171 1515 3217 τοῦ
1561 3171 1754 3235 γνῶναι
1800 3164 1887 3213 τόν

290 3264 500 3332 Κύριον,
555 3261 706 3311 οἱονεὶ
756 3257 1003 3328 λείψανον
1033 3260 1218 3317 κακίας
1267 3251 1544 3328 ’Δδριανός
1588 3257 1681 3310 τὴν
1730 3251 1885 3303 αὐτο-

286 3352 520 3422 κράτορα
560 3346 819 3419 Ῥημαίων
876 3342 1068 3397 διέπων
1123 3344 1311 3416 ἀρχὴν,
1374 3342 1565 3400 πολλὴν
1618 3344 1756 3411 εἰπερ
1805 3357 1884 3399 τις

287 3437 432 3497 ἄλλος
482 3440 579 3495 τὴν
617 3440 744 3507 πρὸς
790 3438 914 3496 τοὺς
953 3429 1329 3505 ψευδωνύμους
1367 3433 1507 3491 θεοὺς
1560 3425 1883 3482 ἐπεδείκνυτο

288 3521 734 3597 δεισιδαιμονίαν,
815 3526 933 3583 τοὺς
1006 3525 1098 3595 μεν
1174 3523 1419 3582 θωπείαις
1505 3521 1881 3591 ὑπερχόμενος,

284 3618 404 3677 τοὺς
436 3611 496 3667 δε
521 3619 610 3666 καὶ
666 3611 901 3673 ἁπείλαις
951 3610 1343 3669 καταπλήττων.
1397 3608 1523 3662 Κατ’
1574 3606 1731 3659 ἐκεῖνο
1781 3609 1881 3657 τοί-

285 3725 374 3756 νυν
427 3710 628 3774 καιροῦ,
686 3706 816 3773 γυνή
869 3720 950 3762 τις
994 3698 1209 3761 εὐσεϐὴς
1255 3703 1341 3750 καὶ
1383 3697 1629 3769 φιλόθεος,
1658 3698 1884 3767 τοῦνομα

289 3797 466 3864 Σοφία,
493 3795 676 3862 ’γένους
707 3797 805 3842 τῶν
850 3787 1126 3860 ἐπιφανῶν,
1173 3793 1357 3860 χώρας
1399 3785 1628 3852 Ἰταλῶν,
1660 3789 1881 3858 χηρείαν

288 3883 563 3933 ὑποστᾶσα
615 3874 803 3951 ἀνδρὸς
862 3880 1150 3953 θυγατράσι
1207 3881 1389 3949 μόναις
1441 3879 1582 3948 τρισὶ
1628 3877 1715 3926 τόν
1766 3871 1882 3945 βίον

287 3969 542 4023 ἐσάλευεν.
627 3968 766 4025 Αὕτη
822 3975 883 4039 τῇ
950 3969 1259 4039 περιωνύμῳ
1311 3974 1410 4018 τῶν
1474 3964 1665 4017 πόλεων
1710 3963 1877 4035 Ῥώμῃ

286 4057 409 4112 ἐπιδ
414 4064 673 4130 ημήσασα
701 4064 818 4118 ταῖς
859 4059 1129 4130 παρθένοις
1154 4058 1284 4128 ὁμοῦ
1313 4054 1442 4108 πολὺ
1475 4058 1533 4106 τὸ
1577 4056 1761 4128 χάριεν
1792 4056 1882 4103 καὶ

286 4147 550 4220 ἐπαγωγὸν
602 4146 850 4219 ἐχούσαις
910 4147 1042 4198 κατά
1086 4163 1140 4197 τε
1200 4151 1352 4216 σῶμα
1399 4149 1489 4195 καὶ
1538 4147 1633 4201 τὴν
1671 4141 1878 4212 ψυχὴν,

284 4237 388 4308 οὐχ
419 4237 639 4307 ὑπήχθη
667 4241 729 4307 τῇ
763 4233 950 4306 πλάνῃ,
997 4230 1122 4285 οὐδὲ
1162 4236 1290 4305 πρὸς
1316 4236 1408 4289 τὴν
1461 4238 1553 4284 τοῦ
1594 4226 1882 4285 δυσσεϐοῦς

287 4324 654 4397 βασιλεύοντος
730 4325 1008 4395 θρησκείαν
1061 4320 1315 4383 ἀπεκλινε,
1378 4323 1487 4370 λίαν
1546 4322 1641 4374 τὴν
1698 4315 1881 4373 κλῆσιν

1997 3165 2371 3228 annuntiata,
2403 3171 2457 3223 et
2482 3169 2686 3226 omnia
2713 3178 2906 3229 essent
2926 3176 3149 3247 repleta
3175 3176 3512 3247 cognitione
3528 3178 3637 3233 Do-

1997 3252 2163 3318 mini,
2192 3252 2363 3309 veluti
2380 3255 2659 3325 quaedam
2681 3259 2917 3315 sceleris
2934 3263 3196 3335 reliquias
3220 3265 3509 3321 Adrianus
3528 3267 3637 3320 Ro-

1994 3356 2312 3401 manorum
2344 3342 2767 3402 administrans
2789 3346 3124 3419 imperium,
3151 3353 3211 3406 in
3241 3351 3421 3409 falsos
3468 3353 3632 3419 deos,

1992 3428 2097 3500 qui
2144 3430 2549 3499 nominantur,
2608 3436 2955 3495 ostendebat
3007 3439 3345 3510 plurimam,
3402 3440 3453 3496 si
3483 3440 3637 3503 ullus

1992 3516 2170 3586 alius,
2203 3520 2701 3590 superstitionem,
2724 3523 2871 3581 alios
2900 3527 3145 3599 quidem
3167 3528 3429 3585 alliciens
3467 3528 3636 3584 blan-

1991 3605 2167 3673 ditiis,
2208 3607 2359 3662 alios
2393 3613 2587 3666 autem
2619 3612 2798 3668 etiam
2841 3614 3015 3672 minis
3056 3617 3351 3674 territans.
3394 3616 3494 3672 Illo
3535 3633 3636 3673 au-

1991 3698 2106 3749 tem
2134 3699 2395 3767 tempore
2421 3697 2634 3754 mulier
2668 3702 2948 3773 quaedam
2996 3705 3097 3776 pia
3127 3710 3180 3760 et
3202 3704 3495 3775 religiosa,
3526 3721 3637 3762 no-

1991 3783 2151 3839 mine
2178 3784 2416 3854 SOphia,
2439 3785 2599 3843 clara
2625 3805 2857 3861 genere,
2881 3792 3024 3848 Itala
3046 3793 3302 3859 natione,
3327 3810 3463 3850 cum
3480 3796 3637 3851 esset

1992 3872 2238 3928 viduata
2255 3874 2483 3941 marito,
2506 3892 2644 3933 cum
2666 3878 2855 3935 tribus
2880 3880 3119 3938 ﬁliabus
3147 3882 3285 3938 solis
3305 3884 3491 3938 vitam
3514 3882 3634 3955 agi-

1992 3961 2265 4018 tabat.Ea
2278 3978 2413 4018 cum
2432 3964 2757 4023 simulcum
2771 3968 3117 4037 virginibus,
3133 3987 3267 4044 quae
3280 3971 3633 4028 erantvalde

1990 4047 2275 4117 honestae,
2324 4059 2380 4107 et
2416 4052 2719 4123 elegantes
2781 4056 2984 4112 animo
3015 4062 3073 4113 et
3124 4074 3393 4130 corpore,
3429 4059 3633 4115 Romae

1990 4142 2229 4191 versata
2257 4145 2427 4201 esset,
2462 4156 2578 4196 non
2626 4142 2735 4198 fuit
2776 4159 2972 4200 errore
3021 4146 3290 4216 seducta,
3333 4162 3528 4218 neque
3555 4146 3634 4203 ad

1990 4223 2156 4293 impii
2229 4224 2605 4295 imperatoris
2655 4230 2965 4286 reclinavit
3028 4232 3395 4304 religionem,
3461 4234 3629 4291 factis

1991 4309 2139 4381 ipsis
2195 4311 2439 4383 pulchre
2514 4330 2686 4371 suam
2764 4320 3085 4375 ostendens
3169 4321 3633 4394 appellationem

285 4411 369 4465 ἰπὶ
419 4421 518 4464 τῶν
567 4413 729 4484 ἔργων
772 4406 1108 4469 δεικνύουσα,
1154 4409 1184 4464 ἡ
1222 4413 1319 4466 τῆς
1361 4403 1550 4456 ἄνωθεν
1603 4406 1754 4463 ὅντως
1797 4420 1920 4467 cro-1

1989 4414 2125 4471 qum
2155 4415 2375 4456 nomen
2405 4417 2540 4458 vere
2580 4406 2934 4477 sumpsisset
2958 4424 2990 4463 a
3009 4423 3271 4480 superna
3318 4410 3633 4482 sapientia,

289 4504 408 4572 φίας
450 4499 734 4570 ίπώνυμος.
775 4496 835 4549 Ἦ
890 4498 991 4567 γὰρ
1040 4494 1230 4546 ἄνωθεν
1273 4497 1448 4565 σοφία,
1496 4496 1652 4564 φησὶν
1692 4494 1717 4543 ὁ
1750 4493 1881 4553 θεῖος

286 4585 554 4650 Ἰάκωϐος,
610 4593 808 4656 πρῶτον
865 4586 954 4656 μὲν
1004 4582 1134 4653 ἁγνὴ
1191 4584 1350 4645 ἐστιν,
1411 4583 1586 4633 ἔπειτα
1624 4580 1877 4653 εἰρηνικὴ,

290 4676 551 4741 εὐπειθὲς,
636 4676 800 4745 μεστὴ
861 4671 1028 4734 ἐλέους
1083 4677 1172 4723 καὶ
1228 4678 1438 4743 καρπῶν
1496 4668 1722 4740 ἀγαθῶν.
1798 4668 1882 4731 Ἐξ

288 4765 355 4815 ὧν
411 4767 511 4836 γὰρ
558 4763 583 4814 ὀ
622 4768 713 4822 τῆς
763 4759 942 4834 ἀρετῆς
994 4759 1113 4834 παρ’
1156 4759 1284 4831 αὐτῇ
1326 4762 1526 4832 καρπὸς
1577 4757 1879 4830 ἑγνωρίξετο

287 4859 398 4913 ταῖς
466 4851 761 4923 θυγατράσι
834 4852 923 4909 τὰς
1001 4851 1363 4921 προσηγορίας
1441 4846 1713 4918 ἡρμόζετο
1792 4850 1882 4897 καὶ

288 4942 471 4995 ἔκείναι
547 4938 699 4993 πάλιν
779 4937 1128 4997 ἀληθευοὺσας
1194 4940 1390 4998 ταύτας
1471 4937 1593 5010 παρ’
1678 4935 1883 4996 ἑαυταῖς

288 5028 567 5091 ἐδείκνυον,
600 5033 690 5079 καὶ
735 5023 884 5079 οὐδὲν
919 5022 1120 5098 ἀπᾷδον
1173 5022 1297 5078 οὐδὲ
1340 5024 1605 5097 ἀλλότριον
1659 5020 1804 5095 εἶχον
1838 5026 1887 5076 οἱ

288 5115 476 5171 κλάδοι
502 5125 593 5176 τῆς
630 5117 754 5191 ῥίζη
766 5136 804 5176 ς.

357 5206 425 5261 Β’.
472 5207 613 5260 Ἐπεὶ
660 5202 719 5257 δε
768 5206 912 5278 παρὰ
962 5210 1094 5255 πᾶσι
1149 5199 1449 5260 διεϐεϐόητο
1501 5204 1532 5260 ἧ
1575 5221 1626 5254 τε
1678 5204 1885 5262 σύνεσις

289 5295 485 5348 ἇκείνων
534 5298 623 5346 καὶ
692 5296 723 5351 ἡ
783 5293 937 5367 ἁρετὴ
989 5297 1078 5344 καὶ
1129 5295 1187 5343 τὸ
1238 5294 1365 5365 πρὸς
1420 5296 1646 5364 Χριστὸν
1711 5289 1881 5355 σέϐας,

289 5385 381 5436 οὐκ
437 5382 651 5454 ἐνεγκὼν
698 5384 723 5433 ό
797 5389 886 5434 τοῦ
944 5382 1130 5453 φθόνου
1191 5384 1385 5453 πατὴρ,
1448 5375 1540 5431 διὰ
1605 5378 1883 5451 βασκάνων

287 5470 557 5544 ὀφθαλμῶν
624 5472 904 5541 Ἀντιόχου
955 5473 1085 5529 τινός
1138 5465 1347 5541 ἀνδρὸς,
1401 5471 1493 5526 τὴν
1545 5474 1634 5527 τῆς
1689 5468 1885 5529 πόλεως

291 5566 531 5635 πρόνοιαν
594 5561 1004 5633 πεπιστευμένου
1078 5562 1173 5618 τὴν
1257 5554 1515 5612 εὐσέϐειαν
1602 5556 1764 5611 αὐτῶν
1814 5564 1885 5630 τῷ

1990 4493 2045 4543 et
2075 4488 2363 4544 diceretur
2388 4491 2623 4563 Sophia.
2650 4494 2787 4559 Quae
2807 4499 2898 4551 est
2918 4496 3080 4554 enim
3110 4497 3370 4572 desuper
3401 4499 3635 4572 Sapien-

1991 4577 2092 4643 tia,
2110 4577 2552 4650 inquitdivinus
2567 4583 2844 4650 Iacobus,
2866 4585 3129 4657 primum
3151 4587 3396 4660 quidem
3413 4587 3636 4660 pudica

1991 4671 2096 4732 est,
2129 4665 2342 4723 deinde
2373 4668 2635 4738 pacifica,
2669 4671 2959 4738 modesta,
2987 4673 3290 4742 obediens,
3325 4675 3503 4747 plena
3532 4676 3638 4732 mi-

1991 4754 2310 4811 sericordia
2336 4762 2391 4811 et
2419 4757 2707 4815 fructibus
2752 4759 2949 4817 bonis.
2990 4764 3067 4817 Eo
3094 4763 3274 4828 enim,
3308 4764 3474 4835 quod
3529 4764 3639 4822 vir-

1993 4844 2130 4900 tutis
2159 4845 2375 4900 t‘ructus
2429 4848 2588 4919 apud
2639 4864 2773 4905 eam
2828 4851 3279 4921 agnoscebatur,
3339 4852 3641 4924 adaptavit

1997 4933 2226 4988 filiabus
2280 4936 2401 4990 suis
2447 4937 2918 5009 appellationes:
2973 4944 3029 4995 et
3074 4938 3186 4994 illa;
3237 4956 3444 4996 rursus
3467 4941 3529 4997 in
3577 4957 3640 4999 se

1996 5023 2390 5080 ostendebant
2415 5041 2540 5081 esse
2580 5042 2771 5096 veras,
2807 5042 2998 5100 neque
3055 5028 3358 5085 habebant
3412 5029 3642 5102 aliquid

1997 5112 2167 5183 rami,
2199 5113 2361 5184 quod
2391 5114 2753 5186 discreparet
2773 5120 2872 5171 aut
2891 5121 3051 5173 esset
3075 5115 3339 5173 alienum
3358 5133 3394 5174 a
3419 5118 3640 5178 radice.

2070 5200 2289 5258 lI.Cum
2303 5208 2502 5259 autem
2520 5202 2919 5260 celebraretur
2936 5206 3097 5276 apud
3114 5220 3315 5261 omnes
3330 5212 3390 5262 et
3404 5207 3646 5265 illarum

1999 5290 2313 5359 prudentia
2344 5296 2399 5346 et
2424 5292 2627 5357 virtus,
2660 5296 2717 5347 et
2742 5292 2803 5347 in
2825 5291 3127 5349 Christum
3151 5295 3377 5363 religio,
3410 5311 3532 5353 non
3566 5295 3645 5352 fe-

1998 5394 2134 5435 rens
2150 5383 2318 5451 pater
2329 5379 2590 5443 invidias,
2610 5395 2716 5451 per
2735 5379 2964 5437 invidos
2979 5381 3182 5439 oculos
3196 5383 3511 5456 cujusdam
3531 5386 3647 5442 An-

1999 5466 2296 5538 tiochi,cuj
2308 5483 2374 5522 us
2396 5467 2532 5523 fidei
2543 5471 2868 5525 commissa
2881 5467 3071 5527 fuerat
3088 5471 3438 5544 praafectura
3452 5472 3638 5542 urbis,

2001 5554 2297 5628 signiﬁcat
2319 5555 2662 5629 imperatori
2678 5572 2885 5616 earum
2909 5558 3210 5633 pietatem,
3251 5565 3307 5618 et
3335 5576 3436 5620 eas
3460 5559 3649 5621 defert
