4144 6258
548 296 652 351 499

1868 259 2127 325 MENSIS
2166 253 2564 321 AUGUSTUS.

3830 262 3969 319 500

551 422 759 489 lingua
788 416 996 473 dolosa
1017 413 1237 485 impius
1269 415 1325 465 et
1359 406 1552 463 verbis
1583 401 1722 459 odii.
1755 395 2029 489 Protinus
2049 403 2190 459 ergo

2316 386 2516 441 Βασιλεῖ
2570 389 2739 450 δήλην
2788 398 2947 455 ποιεῖ,
3012 394 3100 442 καὶ
3176 392 3244 442 τὰ
3310 387 3426 440 κατ’
3474 387 3639 447 αύτὰς
3696 386 3963 459 γλώσσῃ

553 486 749 564 ille—ira
771 505 1026 577 percitus
1042 499 1495 560 inconsiderata,
1522 510 1621 549 eos
1637 507 1788 562 quos
1812 486 2001 541 solent
2016 494 2193 535 voca-

553 614 614 653 re
643 574 1215 668 apparitores,mittit
1235 587 1309 643 ad
1330 602 1429 641 eas
1448 574 1975 639 adducendaslllm
1994 576 2192 625 autem

556 702 688 741 cum
716 682 1058 738 didicissent
1079 693 1328 733 causam
1360 690 1565 729 eorum
1602 669 1914 726 adventus,
1943 671 2196 727 cumque

558 771 905 842 corporibus
939 770 1133 822 essent
1159 761 1607 835 inseparabiles,
1639 754 1832 824 magis
1863 752 2032 806 etiam
2062 760 2197 842 con:

503 876 509 883 '
554 833 939 935 jungerentur
965 855 1193 922 spiritu,
1248 833 1390 906 nihil
1422 846 1797 904 ostendentes
1825 841 1994 935 filiae,-
2034 833 2199 935 quod

558 927 690 1006 non
707 963 840 1003 cum
876 952 1058 999 matre
1090 940 1452 1003 conveniret,
1484 941 1546 992 ut
1580 950 1714 1007 quae
1744 927 2201 986 inveniebantur

561 1040 711 1094 inter
737 1051 798 1090 se
825 1034 1079 1089 fraterne
1111 1029 1461 1090 consentire,
1496 1030 1551 1080 et
1581 1026 1749 1077 erant
1780 1017 1957 1073 veluti
1984 1028 2203 1069 corona

563 1127 672 1181 sibi
692 1122 936 1195 aequalis
955 1138 965 1174 :
981 1136 1115 1192 quae
1130 1134 1235 1189 per
1250 1118 1413 1187 ipsas
1431 1120 1485 1170 et
1506 1116 1754 1168 matrem
1771 1104 2201 1176 complebatur,

565 1214 831 1271 alacriter
869 1212 1120 1265 iverunt.
1178 1208 1497 1275 Postquam
1538 1205 1735 1255 autem
1779 1195 2060 1250 sederunt
2096 1204 2205 1259 pro

566 1300 850 1359 tribunali
880 1296 1139 1369 praefecti
1169 1292 1354 1357 urbis,
1380 1307 1516 1346 cum
1546 1289 1689 1360 ipsae
1723 1300 1861 1339 eum
1888 1281 1988 1353 qui
2043 1279 2205 1341 dixit,

2304 475 2456 549 δολία
2499 485 2587 531 καὶ
2633 481 2802 551 λόγοις
2858 486 3046 553 μίσους
3088 476 3409 539 ὀδυσσεϐής
3450 484 3675 549 φανεροῖ.
3740 484 3959 547 Παρα-

2302 576 2492 639 χρῆμα
2541 575 2709 620 τοίνυν
2760 571 2911 631 αὐτὸς
2952 569 3211 639 ἀλογίστῳ
3246 570 3392 637 θυμῷ
3424 566 3711 637 ἐπιτρέψας
3756 568 3862 627 οὓς
3916 569 3949 623 ἡ

2305 657 2451 719 τάξις
2503 665 2856 735 προτίκτωρας
2905 656 3019 711 οἶδε
3066 658 3256 719 καλεῖν,
3294 657 3375 708 ἐπὶ
3422 658 3480 707 τὸ
3512 655 3730 726 ἀγαγεῖν
3790 658 3951 706 ἑκεί-

2306 767 2396 806 νας
2457 746 2720 820 ἐκπέμπει.
2783 752 2845 801 Αὶ
2900 746 2958 801 δὲ
3000 757 3093 808 τῆς
3140 752 3436 818 παρουσίας
3488 745 3657 796 αὐτῶν
3709 747 3950 815 μαθοῦ-

2311 856 2398 888 σαι
2448 841 2503 888 τό
2551 842 2731 906 αἴτιον,
2784 836 3075 910 ἀδιαίρετοι
3127 844 3432 907 σωματικῶς
3470 830 3625 886 οὖσαι
3656 839 3752 885 καὶ
3790 838 3951 885 κατὰ

2310 934 2511 998 πνεῦμα
2566 928 2753 999 μᾶλλον
2810 933 3153 989 συνήπτοντο,
3217 923 3366 977 οὐδέν
3442 944 3496 976 τε
3573 926 3939 995 ασύμφωνον,

2313 1017 2484 1086 ὥσπερ
2535 1019 2757 1088 εἴρηται,
2808 1020 2936 1088 πρὸς
2979 1020 3069 1073 τήν
3118 1018 3319 1087 μητέρα
3357 1011 3773 1084 ἐπιδειξάμεναι,
3836 1020 3938 1064 καὶ

2314 1102 2551 1163 ἀλλήλαις
2607 1103 2802 1177 ἀδελφὰ
2860 1112 3140 1177 φρονοῦσαι
3215 1105 3548 1175 ηὑρίσκοντο,
3612 1108 3704 1154 καὶ
3763 1104 3941 1154 οἱονεὶ

2319 1197 2563 1263 στέφανος
2615 1191 2748 1250 ἦσαν
2804 1195 2969 1263 ἑαυτῷ
3030 1197 3158 1259 ἶσος,
3212 1190 3286 1244 δι’
3344 1192 3510 1243 αύτῶν
3565 1212 3619 1243 τε
3672 1196 3767 1242 καὶ
3836 1202 3942 1252 τῆς

2317 1285 2510 1352 μητρὸς
2565 1284 3042 1356 συμπληρούμενος·
3096 1284 3179 1343 Ὠς
3215 1280 3274 1334 δὲ
3328 1281 3410 1333 ἐπὶ
3462 1288 3551 1332 τοῦ
3600 1284 3941 1352 ἡγεμονικοῦ

2319 1374 2647 1428 κατέστησαν
2680 1371 2936 1443 βήματος,
2977 1375 3060 1424 τόν
3110 1372 3318 1423 εἰπόντα
3367 1375 3437 1440 μή
3490 1369 3791 1441 φοϐηθῆναι
3827 1368 3936 1420 ἀπὸ

3280 1457 3408 1517 δοθή
3420 1461 3607 1510 σεσθαί
3682 1477 3738 1509 τε
3802 1462 3927 1531 παρ’

3835 1550 3933 1600 Κύ-

2322 1657 2451 1708 ριον,
2498 1642 2587 1689 καὶ
2643 1647 2715 1709 τῷ
2770 1646 3035 1712 σταυρικῷ
3081 1642 3224 1709 τύπῳ
3268 1637 3735 1711 περιφραξάμεναι,
3800 1656 3939 1687 παν.

567 1406 689 1447 non
730 1403 859 1442 esse
894 1384 1184 1440 timendos
1215 1397 1316 1437 eos
1350 1379 1449 1451 qui
1499 1375 1782 1432 occidunt
1807 1386 2023 1440 corpus
2055 1370 2097 1431 1,
2154 1369 2210 1420 et

568 1476 866 1551 pollicitus
894 1477 976 1529 est
1000 1488 1035 1527 a
1061 1486 1123 1526 se
1154 1468 1419 1525 dandam
1443 1480 1577 1521 esse
1609 1460 1990 1534 sapientiam,
2012 1457 2209 1511 Domi-

569 1546 716 1622 num
748 1564 1146 1626 invocassent,
1203 1562 1258 1612 et
1288 1573 1349 1611 se
1380 1555 1571 1611 crucis
1604 1553 1795 1619 ﬁgura
1835 1546 2209 1608 muniissent,

572 1654 734 1710 omni
790 1653 997 1707 timore
1056 1648 1346 1719 deposito,
1408 1646 1687 1699 steterunt
1735 1655 1870 1695 cum
1948 1635 2076 1692 forti
2158 1637 2214 1688 et

573 1756 859 1812 generoso
887 1739 1107 1793 animo.
1169 1735 1353 1790 Iudex
1406 1737 1626 1794 autem,
1689 1728 1971 1797 conjectis
2002 1724 2061 1778 in
2114 1738 2206 1777 eas

2322 1729 2404 1785 τὸς
2455 1725 2752 1779 ἆποστᾶσαι
2802 1724 2971 1793 δέους,
3013 1731 3142 1798 μετὰ
3172 1732 3407 1797 γενναίου
3452 1734 3545 1777 τοῦ
3589 1730 3937 1798 φρονήματος

573 1830 929 1896 oculis,cum
950 1826 1176 1880 vultum
1198 1823 1440 1878 vidisset
1468 1818 1794 1880 liberalem,
1833 1819 2206 1883 mentemque

2324 1820 2570 1873 ἔστησαν.
2644 1817 2783 1869 Ἐπεὶ
2866 1814 2924 1869 δὲ
2978 1820 3190 1877 ταύταις
3262 1820 3317 1867 τὸ
3378 1820 3521 1887 ὄμμα
3573 1814 3821 1867 ἐπέϐαλεν
3910 1818 3934 1866 ὁ

573 1933 859 1987 magnam
891 1921 947 1970 et
984 1913 1355 1985 praeclaram,
1406 1910 1498 1964 cui
1557 1907 1780 1963 ferebat
1809 1901 2212 1960 testimonium

573 2007 883 2063 oculorum
914 2010 967 2059 et
995 2003 1232 2058 habitus
1265 1998 1577 2066 modestia,
1617 1997 1855 2051 mittens
1895 1992 2061 2062 fungi
2088 2006 2215 2045 mu—

575 2095 714 2150 liere
731 2093 964 2164 judicis,
994 2105 1313 2145 conversus
1347 2092 1433 2142 est
1460 2086 1536 2142 ad
1576 2083 2051 2141 admirationem.

2318 1467 2418 1510 τῶν
2469 1458 2844 1513 ἀποκτενόντων
2900 1465 2959 1512 τὸ
3022 1469 3192 1532 σῶμα,

2323 1548 2480 1599 αύτοῦ
2542 1555 2725 1620 σοφίαν
2802 1549 3235 1621 ἐπαγγειλαμένου
3308 1548 3747 1619 ἐπικαλεσάμεναι

2324 1835 2570 1873 εστησαν.

2326 1902 2576 1967 δικάζων,
2631 1902 2755 1957 ἰδὼν
2809 1908 3132 1980 παράστημα
3176 1905 3367 1975 εὐγενὲς
3417 1910 3506 1956 καὶ
3557 1906 3773 1975 μέγεθος
3807 1900 3938 1955 δια-

2322 1999 2477 2056 νοίας,
2536 1993 2634 2045 ἀπὸ
2680 2013 2735 2045 τε
2772 2004 2870 2046 τῶν
2920 1995 3189 2066 ὀφθαλμῶν
3238 1999 3326 2045 καὶ
3356 2003 3445 2053 τῆς
3496 2000 3586 2044 τοῦ
3646 1999 3937 2064 σχήματος

2323 2085 2739 2155 μαρτυρούμενον
2770 2084 3070 2155 εὐκοσμίας,
3119 2086 3175 2136 τὸ
3211 2081 3443 2143 δικάζειν
3494 2082 3654 2154 ἀφεὶς,
3686 2088 3826 2154 πρὸς
3876 2086 3935 2133 τὸ

2326 2173 2608 2242 θαυμάζειν
2638 2172 2903 2245 ἐτράπετο.

650 2268 888 2322 lll.Cum
906 2270 1100 2321 autem
1122 2267 1363 2319 matrem
1382 2276 1569 2333 prope
1588 2265 1850 2315 curasset
1875 2258 2206 2320 sistendam,

2398 2259 2463 2314 I".
2514 2266 2617 2318 Τήν
2671 2258 2756 2313 οὖν
2806 2266 3005 2335 μητέρα
3034 2261 3254 2318 πλησίον
3294 2263 3790 2331 παραστησάμενος,
3828 2260 3933 2311 κά-

574 2363 631 2414 et
654 2358 787 2413 illas
819 2353 1165 2410 semovisset
1194 2369 1206 2407 :
1232 2355 1357 2407 Non
1389 2366 1576 2421 parva
1602 2347 1982 2419 sunt,inquit,
2016 2361 2053 2401 ο
2086 2362 2217 2400 mu-

571 2447 696 2510 lier,
713 2460 842 2516 quae
857 2443 1144 2497 adversus
1168 2445 1217 2494 te
1237 2438 1600 2494 deferuntur.
1623 2438 1678 2492 Si
1692 2436 1933 2508 quidem
1955 2451 2075 2490 non
2091 2450 2216 2505 par-

575 2551 651 2590 va
681 2549 774 2588 res
813 2535 918 2596 est,
950 2545 1185 2585 morum
1205 2546 1239 2583 a
1260 2527 1609 2599 parentibus
1636 2525 1984 2580 traditorum
2015 2528 2068 2577 et
2095 2522 2218 2577 reli-

575 2623 767 2693 gionis
796 2620 1055 2686 negatio.
1076 2621 1188 2674 Cur
1205 2634 1344 2689 ergo
1364 2620 1766 2672 Romanorum
1786 2614 2087 2682 regionem
2110 2612 2216 2666 im-

572 2712 797 2785 plevisti
814 2709 1057 2764 tumultu
1070 2704 1760 2769 etdissensione,omnino
1774 2718 1894 2758 non
1908 2718 2038 2757 esse
2052 2701 2216 2765 deos,

575 2805 679 2855 sed
697 2816 797 2855 eos
818 2814 943 2853 esse
969 2796 1162 2852 solum
1180 2794 1429 2850 nomina
1444 2810 1577 2864 quae
1595 2793 1775 2848 rebus
1789 2792 1933 2862 ipsis
1958 2796 2215 2855 careant,

573 2888 877 2945 asserens?
902 2886 1001 2940 Dic
1032 2899 1172 2953 ergo
1198 2900 1382 2955 quam
1413 2883 1674 2953 primum
1707 2881 1982 2952 patriam,
2007 2895 2214 2947 genus,

572 2992 791 3031 nomen
817 2980 871 3029 et
897 2974 1262 3043 religionem.
1281 2972 1383 3026 Illa
1407 2975 1601 3026 autem
1630 2986 1641 3023 :
1670 2971 1929 3024 Primum
1949 2962 2213 3040 quidem,

571 3064 780 3135 inquit,
840 3063 983 3117 mihi
1037 3067 1123 3116 est
1170 3061 1538 3132 praecipuum
1597 3074 1838 3123 nomen,
1880 3074 1951 3112 ex
1992 3058 2206 3113 Christc

2325 3061 2595 3112 καλεῖσθαι
2651 3060 2750 3113 ἀπὸ
2800 3070 3049 3137 Χριστοῦ·
3111 3068 3269 3133 Σοφία
3319 3059 3376 3114 δὲ
3423 3066 3481 3114 τὸ
3530 3065 3629 3113 ἀπὸ
3677 3069 3774 3112 τῶν
3812 3080 3923 3129 γεν-

544 3176 545 3179 η
571 3150 1107 3223 appellari.Sophia
1124 3154 1343 3213 autem,
1364 3147 1611 3203 estmihi
1629 3147 1974 3218 impositum
1994 3162 2211 3202 nomen

571 3256 605 3296 a
644 3239 1006 3311 parentibus.
1051 3239 1247 3293 Genus
1288 3237 1440 3291 duco
1480 3252 1551 3290 ex
1582 3235 1651 3290 iis
1682 3236 1785 3306 qui
1825 3235 2051 3306 primos
2093 3252 2215 3290 ma-

568 3329 848 3397 gistratus
867 3332 1173 3396 gesserunt
1193 3327 1250 3380 in
1272 3326 1450 3389 Italia,
1478 3326 1536 3378 in
1555 3341 1675 3395 qua
1688 3324 1866 3378 etiam
1889 3340 2022 3377 sum
2051 3329 2211 3387 nata,

566 3420 718 3472 Inter
747 3416 953 3472 omnia
978 3432 1134 3481 vero,
1167 3422 1224 3470 ut
1249 3432 1284 3469 a
1316 3432 1409 3469 me
1431 3414 1652 3468 dictum
1680 3418 1785 3475 est,
1812 3412 2029 3482 glorior
2049 3414 2212 3467 invo-

567 3506 799 3562 catione
826 3506 939 3561 mei
972 3505 1179 3560 Christi
1203 3510 1259 3560 et
1284 3504 1538 3571 Domini,
1572 3503 1664 3558 cui
1698 3502 1779 3556 fni
1810 3503 2010 3559 oblata
2037 3504 2215 3559 conti-

563 3610 687 3652 nuo
719 3594 795 3650 ab
822 3598 973 3663 ortu,
1005 3599 1059 3649 et
1082 3594 1173 3648 cui
1200 3593 1387 3648 obtuli
1413 3592 1668 3647 fructum
1702 3592 1817 3646 mei
1854 3592 2001 3647 uteri
2039 3614 2049 3644 :
2084 3610 2211 3664 pro-

564 3687 694 3754 pter
713 3698 893 3753 quem
912 3682 1089 3736 etiam
1109 3682 1378 3735 venimus
1394 3682 1455 3735 in
1475 3682 1630 3735 hanc
1653 3683 2056 3736 Romanorum
2080 3682 2215 3736 civi-

564 3775 767 3834 tatem,
801 3774 859 3824 ut
886 3785 1015 3823 cum
1040 3773 1263 3823 rectam
1292 3768 1470 3823 ﬁdem
1494 3784 1683 3839 usque
1706 3771 1777 3822 ad
1806 3775 2057 3824 mortem
2080 3786 2214 3825 con-

565 3858 1019 3923 servaverimus,
1061 3856 1378 3929 pulchrum
1412 3858 1693 3911 viaticum
1740 3857 2067 3922 afferentes,
2104 3877 2211 3930 pro

564 3948 794 4004 Christo
828 3951 1166 4018 susceptam
1195 3946 1676 4010 decertationem,
1701 3951 1754 4001 et
1781 3952 2153 4003 transeuntes
2178 3965 2212 4005 a

562 4041 749 4092 morte
777 4037 835 4091 in
859 4036 1060 4101 vitam,
1082 4035 1348 4091 haeredes
1372 4034 1559 4090 simus
1586 4035 1884 4091 bonorum
1910 4053 2045 4109 quas
2075 4044 2212 4094 sunt

560 4126 676 4180 illic
706 4125 1027 4197 promissa.

2318 4132 2446 4198 νομή
2459 4147 2623 4198 σωμεν
2656 4127 2883 4199 ἀγαθῶν.

631 4213 721 4268 lV.
740 4216 962 4268 Horum
986 4213 1307 4268 verborum
1331 4212 1682 4277 libertatem,
1705 4217 1919 4270 etcum
1943 4215 2206 4272 libertate
2389 4216 2460 4269 A’.

558 4303 907 4373 sapientiam
932 4303 1261 4358 admiratus
1279 4306 1363 4357 est
1382 4303 1623 4372 impius.
1648 4304 1718 4358 Ut
1739 4306 1838 4374 qui
1863 4309 2062 4359 autem
2080 4306 2206 4375 jam

2317 4311 2432 4378 ρίαν
2481 4312 2569 4358 καὶ
2616 4311 2673 4359 τὸ
2726 4311 2855 4379 μετὰ
2930 4309 3228 4383 παρρησίας
3296 4310 3569 4362 εύσύνετον
3638 4306 3723 4360 διὰ
3779 4311 3895 4359 θαύ-

536 4392 752 4461 ηρινὶωο
783 4391 939 4446 facto
968 4390 1228 4460 periculo
1250 4396 1758 4461 essetsuperatus,
1794 4396 1931 4445 tunc
1963 4393 2204 4463 quidem

2317 4415 2475 4466 ματος
2521 4399 2890 4466 ποιησάμενος,
2929 4401 2996 4457 ὡς
3045 4394 3150 4455 ἤδη
3207 4395 3298 4449 διὰ
3338 4406 3427 4457 τῆς
3486 4405 3692 4471 πρώτης
3728 4402 3893 4469 πείρας

555 4479 779 4533 distulit
800 4478 1098 4545 virginum
1124 4476 1839 4547 interrogationem;apud
1874 4482 2203 4551 quamdam

556 4572 747 4621 autem
764 4566 1048 4619 mulierem
1065 4564 1284 4619 ordinis
1302 4566 1838 4629 senatorii,nomine
1858 4568 2119 4624 Palladia
2132 4588 2199 4635 m,

552 4656 722 4726 jubet
742 4671 844 4709 eas
877 4670 1015 4709 cum
1049 4658 1235 4708 matre
1251 4654 1798 4726 servari,imperans
1827 4662 2003 4711 uteas
2037 4659 2201 4713 tertio

556 4745 650 4799 die
681 4743 1035 4815 produceret
1066 4742 1141 4797 ad
1173 4742 1693 4797 examinationem.
1716 4744 1829 4799 Illas
1863 4750 2056 4800 autem
2085 4748 2200 4802 otio

553 4832 717 4904 quod
741 4832 821 4887 eis
834 4832 1040 4887 datum
1054 4830 1421 4894 fuerat,recte
1438 4835 1662 4886 utentes
1676 4833 1942 4888 animum
1959 4835 2200 4891 adhibe-

554 4920 703 4976 bant
727 4921 1062 4991 matri,quas
1089 4919 1172 4974 eis
1198 4918 1490 4975 suabebat
1516 4937 1586 4976 ea
1609 4921 1832 4993 quibus
1865 4930 1990 4979 erat
2020 4941 2193 4996 opus.

555 5010 795 5064 Dicebat
823 5010 980 5064 enim
1005 5010 1089 5064 eis
1121 5025 1134 5061 :
1159 5010 1279 5076 Ego
1301 5008 1566 5079 quidem,
1592 5026 1627 5065 ο
1654 5010 1878 5067 dilectae
1902 5013 2195 5077 tiliae,cum

549 5113 657 5153 vos
689 5098 1019 5153 secundum
1038 5112 1275 5152 carnem
1300 5097 1833 5166 genuissem.omni
1859 5100 2122 5157 doctrina
2141 5110 2196 5159 et

552 5185 732 5239 sacris
763 5186 986 5241 Litteris
1018 5185 1230 5242 erudii.
1264 5186 1553 5251 Quoniam
1588 5192 1784 5243 autem
1818 5196 2051 5260 tempus
2091 5209 2193 5247 vos

550 5276 725 5327 vocat
742 5273 819 5327 ad
842 5278 1438 5343 certamen,meorum
1463 5276 1781 5332 verborum
1808 5278 2025 5333 fructus
2047 5297 2193 5351 qua-

550 5359 619 5416 ils
643 5361 733 5424 sit,
761 5360 821 5414 in
842 5360 1011 5415 vobis
1035 5368 1320 5433 appareat
1346 5382 1358 5416 :
1387 5368 1443 5420 et
1463 5365 1567 5421 diu
1593 5382 1627 5423 a
1653 5366 1819 5422 vobis
1841 5367 2187 5425 meditatam

622 5509 640 5544 ¹
686 5506 879 5573 Matth,
905 5521 963 5573 x,
994 5508 1082 5563 28.

2326 2353 2499 2409 κείνας
2546 2369 2644 2401 που
2698 2353 2949 2421 μεταθεὶς,
2986 2351 3060 2403 Ού
3095 2353 3277 2423 μικρὰ,
3314 2355 3491 2417 φησὶν,
3547 2348 3585 2401 ὦ
3634 2353 3811 2420 γύναι,
3867 2352 3937 2400 τα

2325 2441 2460 2489 κατὰ
2515 2441 2590 2505 σε,
2655 2442 2791 2512 εἴπερ
2847 2437 2970 2492 οὐδὲ
3027 2445 3209 2512 μικρὸν
3261 2436 3741 2512 πατροπαραδότων
3802 2438 3935 2489 ἐθῶν

2325 2531 2415 2577 καὶ
2461 2526 2800 2598 σεϐασμάτων
2854 2530 3093 2602 οἶρνησις⁸
3151 2530 3232 2580 ἵνα
3282 2533 3333 2580 τί
3392 2525 3478 2579 οὖν
3532 2533 3623 2586 τήν
3658 2528 3934 2598 Ῥωμαίων

2326 2623 2571 2687 ταραχῆς
2623 2616 2903 2679 ἐνέπλησας
2955 2622 3046 2670 καὶ
3098 2615 3479 2689 διχοστασίας,
3531 2614 3665 2688 μηδὲ
3710 2620 3770 2667 τὸ
3824 2637 3931 2668 πα-

2327 2706 2495 2775 ράπαν
2528 2702 2654 2756 εἶναι
2708 2708 2870 2770 θεοὺς,
2930 2705 3034 2757 ἀλλ’
3079 2705 3305 2778 ὀνόματα
3355 2711 3503 2778 μόνον
3540 2706 3723 2764 αὐτούς
3755 2705 3929 2756 τελεῖν

2327 2797 2647 2863 πραγμάτων
2727 2798 2914 2867 ἔρημα,
2992 2793 3541 2867 ὃιατεινομένη;Λέγε
3613 2798 3779 2844 τοίνυν
3854 2798 3921 2844 τὸ

2325 2884 2487 2951 τάχος
2537 2881 2793 2955 πατρίδα,
2838 2890 3002 2955 γένος,
3064 2890 3222 2955 ὄνομα
3269 2890 3357 2936 καὶ
3405 2888 3463 2935 τὸ
3517 2882 3681 2943 σέϐας.
3724 2882 3784 2933 Ἦ
3825 2880 3911 2949 δὲ,

2329 2977 2536 3041 Πρῶτον
2596 2976 2683 3043 μὲν
2742 2972 2874 3043 ἐμοὶ,
2951 2976 3064 3045 ἔφη,
3143 2979 3231 3025 καὶ
3305 2972 3558 3045 ἐξαίρετον
3612 2976 3785 3041 ὄνομα,
3859 2975 3922 3023 τὸ

2324 3156 2546 3225 νητόρων
2599 3151 2832 3223 λέγομαι*
2888 3157 3063 3222 γένους
3113 3155 3457 3225 τυγχάνουσα
3512 3160 3611 3202 τῶν
3660 3154 3749 3211 τὰς
3787 3158 3919 3221 πρω-

2323 3258 2416 3299 τας
2465 3238 2636 3311 ἀρχὰς
2718 3240 3154 3314 περιϐεϐλημένων
3228 3242 3275 3292 ἐν
3351 3241 3562 3313 Ἰταλίᾳ·
3650 3243 3762 3293 ὅθεν
3829 3246 3913 3291 καὶ

2325 3330 2592 3399 ὥρμημαι.
2642 3331 2723 3380 Ἐν
2768 3337 2900 3382 πᾶσι
2955 3328 3029 3395 δὲ,
3085 3334 3152 3392 ὥς
3199 3352 3286 3402 μοι
3329 3335 3551 3403 εἴρηται,
3605 3338 3665 3402 τῇ
3716 3329 3919 3387 ἐπικλή-

2327 3434 2403 3467 σει
2451 3424 2542 3467 τοῦ
2596 3416 2717 3488 ἐμοῦ
2773 3424 3032 3470 Δεσπὸτου
3083 3428 3316 3494 Χριστοῦ
3366 3422 3681 3490 σεμνύνομαι
3712 3418 3918 3489 μᾶλλον,

2324 3502 2362 3574 ᾧ
2418 3509 2506 3555 καὶ
2562 3510 2931 3578 προσηνέχθην
2989 3509 3142 3570 εὐθὺς
3221 3508 3274 3560 ἐκ
3326 3514 3629 3578 γεννήσεως,
3688 3512 3777 3559 καὶ
3836 3511 3920 3558 τὸν

2322 3602 2419 3645 τῶν
2472 3594 2601 3666 ἐμῶν
2649 3594 2847 3648 ὠδίνων
2904 3601 3100 3670 καρπὸν
3156 3603 3543 3670 προσενήνοχα·
3599 3595 3672 3649 δι’
3728 3599 3780 3649 ὃν
3833 3604 3917 3648 καὶ

2324 3684 2394 3743 εἰς
2440 3682 2595 3742 τήνδε
2652 3690 2744 3744 τήν
2804 3686 3065 3757 Ῥωμαίων
3134 3707 3579 3760 παραγεγοναμεν,
3639 3690 3703 3747 ὡς
3756 3689 3815 3737 οἷν
3861 3690 3911 3737 τὸ

2321 3778 2437 3846 περὶ
2489 3778 2581 3830 τήν
2636 3783 2814 3827 πίστιν
2863 3778 3001 3845 ὑγιὲς
3030 3780 3195 3848 μέχρι
3235 3785 3323 3828 καὶ
3356 3776 3514 3827 αὑτοῦ
3548 3778 3771 3828 θανάτου
3805 3772 3916 3827 δια-

2320 3868 2647 3932 τηρήσασαι,
2702 3870 2790 3915 καὶ
2855 3864 3007 3916 καλὸν
3064 3862 3266 3936 ἐφόδιον
3326 3870 3417 3923 τήν
3475 3866 3600 3938 ὑπὲρ
3687 3872 3913 3939 Χριστοῦ

2321 3948 2540 4004 ἄθλησιν
2600 3950 2929 4023 ἐπαγόμεναι,
2982 3953 3276 4025 μεταϐᾶσαί
3333 3973 3385 4004 τε
3451 3956 3551 4004 ἀπὸ
3605 3961 3696 4004 τοῦ
3767 3955 3913 4004 Θανά-

2320 4055 2409 4087 του
2442 4038 2512 4099 εἰς
2558 4043 2651 4096 τὴν
2700 4044 2835 4102 ζωὴν
2884 4050 2983 4092 τῶν
3016 4043 3065 4093 ἐν
3120 4040 3451 4113 ἐπαγγελίαις
3496 4041 3683 4093 ἐκεῖθεν
3713 4042 3904 4115 κληρο-

2521 4215 2694 4270 Τῶνὸε
2738 4228 2835 4269 τῶν
2883 4221 3128 4293 ῥημάτων
3182 4221 3207 4271 ὁ
3266 4216 3532 4280 δυσσεϐὴς
3586 4226 3675 4278 τήν
3722 4221 3904 4272 ἐλευθε-

2315 4489 2407 4541 τήν
2460 4481 2618 4542 ἧτταν
2673 4482 2961 4557 δεξάμενος,
3011 4506 3125 4538 τοτε
3183 4490 3271 4556 μὲν
3322 4507 3414 4548 της
3448 4492 3574 4561 πρὸς
3628 4490 3718 4548 τὰς
3773 4506 3898 4559 παρ-

2317 4575 2488 4633 θένους
2546 4573 2798 4646 ἐρώτησιν
2852 4576 3142 4646 ὑπερέθετο,
3206 4578 3346 4647 παρά
3405 4596 3506 4627 τινι
3570 4573 3628 4628 δὲ
3701 4582 3901 4645 γυναικὶ

2312 4672 2409 4713 τῶν
2460 4672 2548 4721 τῆς
2600 4662 2888 4730 συγκλήτου
2920 4663 3126 4729 τάξεως,
3159 4669 3385 4736 τοῦνομα
3428 4663 3717 4736 Παλλαδία,
3749 4685 3901 4736 προσ-

2311 4753 2484 4803 τάττει
2582 4751 2949 4822 φυλάττεσθαι,
3042 4758 3223 4827 τρίτην
3313 4756 3509 4828 ἡμέραν
3586 4763 3899 4827 παραγαγεῖν

2310 4841 2470 4901 αὐτὰς
2526 4840 2595 4901 εἰς
2642 4843 2893 4913 ἐρώτησιν
2946 4842 3211 4903 κελεύσας.
3264 4845 3325 4895 Αἱ
3375 4840 3434 4895 δὲ
3481 4848 3574 4900 τήν
3622 4840 3896 4914 δεδομένην

2311 4928 2510 5000 σχολὴν
2564 4929 2617 4980 εύ
2669 4926 2970 5000 διαθέμεναι
3012 4939 3074 5002 τῇ
3111 4937 3271 5002 μητρὶ
3305 4939 3586 5004 προσεῖχον
3618 4934 3682 4983 τὰ
3728 4929 3898 4983 δέοντα

2305 5023 2652 5090 παραινούση.
2732 5017 2905 5089 Ἔλεγε
2976 5022 3076 5091 γὰρ
3138 5020 3337 5081 αὐταῖς·
3392 5020 3520 5089 Ἐγὼ
3577 5024 3666 5091 μὲν
3750 5022 3894 5092 ὑμᾶς,

2306 5104 2344 5156 ὧ
2396 5111 2545 5157 τέκνα
2616 5110 2927 5178 ποθούμενα,
3003 5112 3059 5159 τὸ
3127 5111 3261 5159 κατά
3340 5111 3509 5181 σάρκα
3582 5116 3892 5178 γεννήσασα,

2303 5192 2520 5265 παιδεία
2568 5200 2707 5266 πάσῃ
2763 5200 2851 5247 καὶ
2903 5199 3055 5268 ἱεροῖς
3102 5197 3275 5267 λόγοις
3327 5198 3705 5267 ἑξεθρεψάμην.
3766 5199 3896 5251 Ἐπεὶ

2302 5280 2387 5335 οὖν
2432 5288 2609 5356 καιρὸς
2663 5284 2727 5342 εἰς
2783 5284 2957 5354 ἀγῶνα
3008 5285 3313 5359 παρακαλεῖ,
3353 5287 3377 5337 ὁ
3422 5293 3517 5337 τῶν
3567 5286 3700 5357 ἐμῶν
3740 5286 3891 5358 λόγων

2298 5375 2498 5444 παρπὸς
2555 5374 2742 5436 ὁποῖος,
2816 5372 2863 5423 ἐν
2926 5374 3044 5443 ὑμῖν
3124 5374 3352 5445 ὀφθήτω·
3407 5380 3496 5425 καὶ
3555 5379 3625 5445 μή
3682 5380 3777 5433 τὴν
3830 5375 3883 5427 ἐκ
