4144 6258
304 272 404 329 501

1185 272 1633 331 MARTYRIUM
1672 271 1751 346 εἰ
1775 264 2060 347 ΞΟῈΗῙᾼξ·
2094 268 2187 345 ΕΤ
2225 274 2577 338 FILIARUM
2610 283 2800 342 EJUS.

3574 286 3681 344 502

308 397 500 451 πολλοῦ
550 394 1015 470 διαμελετηθεῖσαν
1076 400 1197 470 ύμῖν
1254 399 1459 471 ἀρετήν,
1514 402 1545 459 ἡ
1609 394 1681 451 δι’
1735 396 1911 467 ὀλίγου

2032 396 2330 468 virtutem,
2356 420 2492 478 quae
2534 408 2702 465 vobis
2733 409 2897 465 brevi
2926 413 3012 467 est
3037 408 3362 474 inferenda,
3390 425 3513 467 non
3556 411 3676 466 vin-

311 486 766 560 ἐπενεχθησομένη
810 486 1027 559 ἐπήρεια
1070 484 1330 561 διελέγξῃ,
1367 485 1503 549 μηδέ
1549 491 1607 540 τὸ
1652 494 1743 547 τῆς
1782 485 1917 538 πλά-

311 597 400 637 νης
458 576 749 649 ἀνίσχυρον
809 581 903 636 τὴν
955 580 1143 637 παντὸς
1204 578 1551 651 ἰσχυροτέραν
1607 577 1913 646 κατισχύση

318 665 577 725 ἀλήθειαν.
613 664 872 719 ’Υποπτόν
916 686 1007 737 μοι
1045 675 1140 727 τῆς
1184 666 1392 728 ἡλικίας
1441 668 1582 738 ὑμῶν
1628 668 1684 717 τὸ
1714 663 1915 730 νεάζον,

319 754 447 809 ἀλλά
498 760 570 827 μή
627 752 871 808 δειλιάτω
912 758 996 808 τὸν
1046 752 1326 808 κίνδυνον·
1377 756 1508 819 ἕξετε
1559 758 1659 827 γὰρ
1719 752 1915 826 βοηθὸν

318 848 413 903 τὴν
444 845 655 917 ἄμαχον
699 851 791 897 τοῦ
834 852 1069 917 Χριστοῦ
1113 849 1443 917 συμμαχίαν.
1481 849 1603 897 Δότε
1645 848 1915 914 τοιγαροῦν

318 942 391 1005 τῷ
444 932 549 1005 ἐμῷ
595 937 754 1005 γήρᾳ,
808 929 928 985 δότε
984 941 1093 995 τοῖς
1148 935 1412 1005 ὑμετέροις
1467 932 1665 1004 ἀγῶσιν
1714 930 1915 1001 ἐνσκιρ-

322 1029 483 1080 τῆσαι
539 1027 918 1095 νεανικώτερον,
979 1018 1247 1074 ἀνένδοτον
1295 1024 1430 1096 ἄχρι
1474 1021 1652 1083 τέλους
1702 1025 1794 1079 τήν
1843 1020 1912 1082 εἰς

321 1112 550 1182 Χριστὸν
596 1106 948 1182 διατηροῦσαι
997 1110 1294 1182 ὁμολογίαν,
1328 1112 1383 1172 ὃς
1423 1116 1513 1163 καὶ
1550 1114 1695 1183 χειρὶ
1735 1108 1912 1180 στέψει

318 1205 380 1270 τῇ
441 1197 700 1268 ἀθανάτῳ,
758 1203 847 1250 καὶ
922 1197 1250 1272 ἀμαράντους
1327 1201 1446 1270 ύμῖν
1518 1198 1725 1272 παρέξει
1794 1201 1913 1259 τοῦς

319 1288 619 1358 στεφάνους,
669 1287 782 1358 μεθ’
830 1287 890 1339 οὗ
948 1292 1040 1340 καὶ
1097 1288 1169 1349 εἰς
1234 1288 1420 1349 αἰῶνας
1482 1289 1663 1339 ἔσεσθε
1715 1302 1914 1354 συγχο-

314 1377 586 1449 ρεύουσαι,
636 1380 725 1428 καὶ
786 1377 1047 1450 ἄφθαρτον
1102 1385 1375 1450 τρυφῶσαι
1426 1380 1643 1450 τρυφήν,
1699 1372 1914 1426 πλοῦτον

314 1483 369 1516 τε
412 1462 626 1528 ἄσυλον,
672 1468 760 1516 καὶ
806 1461 1001 1522 ἡδονὴν
1049 1467 1403 1537 καρπούμεναι
1445 1460 1708 1535 μηδέποτε
1750 1479 1916 1513 παυο-

315 1556 493 1624 μένην.
576 1557 839 1624 Φρονίμων
938 1550 1025 1605 οὖν
1128 1556 1266 1606 ἐστιν
1375 1550 1915 1612 ἀντικαταλλάξασθαι

316 1649 415 1692 τῶν
461 1649 657 1713 μικρῶν
709 1645 775 1693 τά
826 1645 1069 1714 μέγιστα,
1132 1650 1228 1693 τῶν
1278 1640 1513 1694 ἀστάτων
1564 1642 1630 1692 τὰ
1676 1643 1911 1711 μένοντα,

576 1557 839 1626 Φρονίμων
938 1550 1025 1605 οὖν
1128 1556 1266 1606 ἐστιν

2027 493 2121 543 cat
2139 488 2358 560 injuria
2392 510 2403 548 :
2458 512 2655 568 neque
2683 498 2890 553 erroris
2920 497 3289 555 imbecillitas
3315 514 3378 554 re
3409 498 3677 571 qualibet

2024 574 2324 635 fortiorem
2351 590 2587 655 superet
2616 586 2940 642 veritatem.
2972 587 3106 643 Mihi
3138 592 3226 642 est
3248 592 3523 658 suspecta
3539 592 3676 644 aetas

2026 673 2218 723 vestra
2243 671 2517 738 juvenilis
2548 678 2605 727 et
2630 679 2831 729 tenera
2857 691 2870 741 ;
2895 676 2993 730 sed
3020 691 3140 731 non
3167 675 3511 732 extimescat
3526 676 3675 747 peri-

2025 753 2241 811 culum.
2294 759 2476 816 Vobis
2513 762 2673 819 enim
2724 779 2899 835 opem
2949 764 3094 819 feret
3135 764 3419 820 invictum
3465 764 3675 820 Christi

2025 844 2326 901 auxilium.
2358 848 2498 904 Date
2528 865 2669 919 ergo
2688 867 2838 907 meae
2864 852 3168 917 senectuti,
3198 850 3355 917 date,
3383 856 3446 907 ut
3472 852 3678 907 vestris

2023 935 2437 990 certaminibus
2461 937 2799 1007 juveniliter
2824 939 3134 1005 exsultem,
3167 941 3402 995 ﬁrmam
3430 938 3678 996 etstabi—

2022 1019 2137 1076 lem
2166 1030 2472 1080 servantes
2488 1042 2676 1098 usque
2697 1028 2777 1083 ad
2790 1028 2961 1083 finem
2985 1028 3192 1085 Christi
3208 1027 3640 1084 confessionem
3660 1044 3673 1082 :

2021 1113 2191 1180 quiet
2205 1128 2384 1167 manu
2399 1115 2709 1171 coronabit
2724 1116 3065 1183 immortali,
3081 1121 3282 1188 etquae
3298 1132 3411 1171 non
3427 1122 3680 1187 possunt

2023 1213 2409 1264 marcescere,
2425 1203 2592 1257 vobis
2606 1203 2894 1274 praebebit
2906 1220 3176 1268 coronas,
3193 1209 3487 1275 postquas
3499 1205 3558 1259 in
3573 1221 3677 1260 saa-

2023 1285 2160 1342 cula
2171 1288 2383 1344 choros
2399 1290 2509 1345 sim
2521 1290 2577 1345 ul
2589 1291 2899 1357 ducetis,et
2912 1292 3182 1347 fruemini
3197 1291 3440 1357 deliciis,
3456 1291 3513 1346 in
3528 1308 3679 1364 quas

2025 1389 2145 1430 non
2184 1377 2340 1432 cadit
2370 1378 2656 1443 interitus,
2691 1384 2747 1435 et
2784 1380 3232 1451 consequemini
3258 1380 3508 1447 divitias,
3545 1396 3679 1453 qum

2025 1477 2141 1518 non
2162 1471 2413 1535 possunt
2428 1466 2676 1538 subripi,
2696 1473 2752 1523 et
2769 1483 2905 1539 quae
2926 1483 3240 1540 nunquam
3256 1468 3489 1535 desinit,
3515 1468 3682 1525 volu-

2025 1556 2183 1622 ptate
2210 1553 2536 1624 potiemini.
2564 1556 2659 1611 Est
2678 1571 2813 1625 ergo
2835 1556 3217 1627 prudentium
3234 1557 3429 1628 parvis
3452 1571 3680 1627 permu-

2026 1645 2149 1697 tare
2180 1640 2464 1713 maxima,
2500 1643 2875 1700 instabilibus
2905 1644 3681 1716 permanentia,ﬂuentibus

317 1738 416 1782 τῶν
494 1731 709 1805 ῥεόντων
767 1732 833 1782 τά
903 1739 973 1802 μῆ
1050 1733 1327 1802 κενούμενα
1353 1748 1365 1760 ·
1423 1729 1531 1783 ἐπεὶ
1586 1733 1677 1781 καὶ
1735 1735 1913 1779 πασῶν

2031 1744 2093 1784 ea
2120 1745 2255 1801 quae
2271 1745 2391 1787 non
2420 1732 2851 1789 exinaniuntur.
2883 1736 2982 1789 Est
3006 1734 3168 1790 enim
3197 1734 3470 1789 omnium
3502 1749 3683 1803 nego-

319 1821 632 1893 πραγμάτων
682 1819 812 1876 αὕτη
863 1823 1166 1892 τιμιωτέρα,
1200 1819 1377 1891 ὀλίγου
1425 1820 1642 1890 αἳματος
1687 1817 1913 1888 οὐρανῶν

322 1909 632 1965 ὠνήσασθαι
660 1912 754 1966 τήν
783 1906 1078 1980 βασιλείαν.
1108 1913 1208 1961 Καὶ
1238 1916 1406 1961 ταῦτα
1435 1910 1523 1979 μὲν
1554 1909 1584 1966 ἠ
1615 1910 1791 1978 Σοφία.

393 1993 462 2052 E’.
506 1998 569 2049 Δί
620 1993 679 2049 δὲ
727 2001 891 2069 μητρὶ
935 1998 1149 2069 τοιαύτη
1194 2002 1557 2069 προσήκουσαι
1602 1997 1911 2066 θυγατέρες·

322 2087 389 2136 Σύ
432 2087 541 2155 μὲν,
576 2081 734 2149 εἶπον,
789 2082 828 2135 ὦ
874 2084 1139 2158 σεϐασμία
1186 2094 1365 2159 μῆτερ,
1410 2085 1595 2157 εὐχαῖς
1641 2086 1777 2156 ἡμᾶς
1808 2090 1918 2143 ταῖς

318 2178 601 2242 μητρυιαῖς
670 2172 1040 2244 παράπεμψον.
1103 2173 1449 2247 φυλακτήριον
1528 2174 1650 2244 ἡμῖν
1724 2171 1918 2241 ἀγαθὸν

317 2257 475 2318 αύτάς
519 2267 902 2332 παρασχοῦσα.
947 2261 1005 2314 Ὁ
1055 2258 1114 2313 δὲ
1155 2267 1411 2334 προειπὼν
1465 2264 1675 2332 Κύριος,
1708 2264 1792 2317 Μὴ
1835 2278 1921 2330 μευ

318 2351 603 2420 ριμνήσητε
658 2356 768 2409 πῶς
815 2350 845 2407 ἣ
896 2354 949 2400 τί
998 2348 1408 2420 ἀπολογήσεσθε,
1461 2351 1583 2401 ὅταν
1631 2347 1712 2400 ἐπὶ
1765 2347 1921 2419 βασι-

315 2434 417 2497 λεῖς
472 2434 676 2507 ἀχθῆτε
743 2441 831 2488 καὶ
893 2439 1167 2508 ἡγεμόνας,
1223 2437 1373 2497 οὗτος
1429 2438 1655 2500 πάντως,
1710 2440 1778 2496 ὡς
1829 2439 1919 2506 μὲν

304 2522 534 2597 ςἀληθής,
566 2524 625 2575 ού
675 2520 1040 2596 διαψεύσεται,
1074 2528 1138 2586 ὡς
1187 2523 1246 2578 δὲ
1296 2521 1541 2589 δυνατὸς,
1574 2523 1914 2595 ἐκπληρώσει,

318 2616 565 2686 παρέχων
610 2615 735 2684 ἡμῖν
768 2619 969 2686 σοφίαν,
1006 2610 1080 2667 δι’
1127 2616 1192 2675 ἧς
1234 2611 1571 2684 δυνησόμεθα
1616 2617 1709 2669 τὴν
1740 2614 1918 2684 μωρὰν

318 2705 468 2761 ὅντως
515 2707 600 2753 καὶ
651 2707 1070 2776 καταργουμένην
1113 2711 1328 2761 νικῆσαι
1373 2707 1580 2773 σοφίαν,
1626 2708 1714 2753 καὶ
1767 2719 1914 2772 φανε-

320 2800 416 2862 ρῶς
476 2793 855 2862 τροπῶσασθαι
902 2796 995 2848 τήν
1072 2789 1328 2842 ἀσέϐειαν.
1382 2797 1493 2841 Τῶν
1553 2786 1638 2840 οὖν
1697 2789 1918 2861 ὡρισμέ-

321 2898 415 2929 νων
501 2887 656 2948 τριῶν
733 2880 935 2949 ἡμερῶν
1018 2874 1123 2935 ἤδη
1201 2885 1569 2948 παρηκουσῶν,
1629 2880 1757 2946 πρὸς
1825 2879 1917 2931 τὴν

326 2963 576 3034 ἐρώτησιν
631 2966 684 3015 αἱ
738 2964 886 3034 οἶγιαι
944 2967 1146 3035 ἣγοντο.
1203 2961 1328 3015 Εἶτα
1373 2965 1398 3014 ὁ
1456 2961 1688 3023 δικάζων
1755 2958 1921 3018 δεινὸς

325 3052 395 3102 ὧν
441 3057 528 3104 καὶ
578 3058 854 3113 σκοπήσας
901 3058 952 3105 τί
993 3053 1273 3124 χαλάσειεν
1320 3050 1379 3102 ἂν
1423 3046 1668 3102 νεανίδων
1714 3048 1919 3100 ἁπαλῶν

324 3140 594 3212 λογισμὸν,
651 3141 810 3213 πολλῇ
881 3144 1071 3201 ταύτας
1139 3143 1412 3211 ὑπήρχετο
1456 3139 1736 3209 κολακείᾳ·
1797 3141 1916 3187 καῖ’

321 3228 503 3302 Ὁρῶν,
550 3231 713 3300 ὑμῶν,
755 3233 872 3301 ἔφη,
905 3233 962 3281 τὸ
1011 3229 1214 3295 κάλλος,
1258 3227 1297 3279 ὦ
1342 3225 1549 3293 παῖδες,
1591 3231 1680 3280 καὶ
1727 3230 1819 3284 τήν
1867 3224 1920 3277 ἐκ

322 3338 412 3378 της
467 3326 667 3391 μορφῆς
739 3321 934 3376 ταύτην
1001 3318 1355 3393 ἀπορρέουσαν
1430 3313 1638 3380 ἡδονήν,
1703 3315 1798 3365 οὐκ
1869 3313 1921 3376 ἐξ

325 3406 648 3478 ἀνθρωπίνης
704 3410 934 3479 ἡγοῦμαι
985 3407 1246 3479 προελθεῖν
1315 3408 1451 3478 ὑμᾶς
1522 3408 1737 3477 φύσεως,
1795 3400 1920 3454 ἀλλά

324 3515 455 3557 τινος
513 3498 772 3568 θειοτέρας
845 3495 928 3548 ἐπὶ
990 3498 1220 3569 θαύματι
1289 3504 1387 3547 τῶν
1445 3496 1677 3565 ὁρώντων
1731 3491 1921 3544 ἀποτα-

323 3587 560 3656 χθῆναι’
596 3582 689 3636 διὰ
731 3591 898 3637 ταῦτα
953 3589 1043 3636 καὶ
1091 3589 1350 3657 πατρικὴν
1406 3580 1786 3650 ἐνδεικνύμενος
1829 3585 1919 3638 τήν

328 3678 572 3745 στοργήν,
627 3671 753 3735 ἀξιῶ
802 3674 953 3745 ὑμᾶς,
1004 3672 1261 3744 φίλταται,
1307 3676 1378 3743 μὴ
1427 3670 1752 3744 βουληθῆναι
1798 3668 1921 3729 ὅλως

330 3760 613 3820 ἀπειθῆσαι
683 3760 914 3833 φιλοῦντι
991 3765 1174 3833 πατρὶ,
1236 3759 1363 3812 ἀλλά
1417 3767 1599 3833 πρῶτα
1676 3761 1765 3830 μὲν
1838 3757 1921 3809 ἐπὶ

327 3857 443 3902 νοῦν
494 3848 664 3902 λαϐεῖν
719 3852 839 3902 ἔνθα
893 3849 1102 3911 ἡλικίας
1160 3851 1187 3907 ἦ
1239 3854 1411 3923 μήτηρ
1462 3850 1602 3919 ὑμῶν
1652 3846 1811 3910 ἐστιν,
1862 3846 1921 3907 ἧς

327 3944 417 3991 καὶ
462 3939 814 4010 μαστίζεσθαι
858 3935 943 3991 δεῖ
987 3942 1042 3991 τὸ
1089 3946 1273 4010 γῆρας,
1309 3941 1446 4011 εἴπερ
1491 3939 1637 4009 ὑμεῖς
1686 3934 1919 3988 ἀπειθοῦ-

329 4046 419 4078 σαι
475 4029 731 4099 φαίνεσθε.
788 4026 1007 4080 Ἔπειτα
1059 4025 1118 4080 δε
1187 4032 1277 4079 καὶ
1360 4031 1417 4079 τὸ
1466 4031 1571 4079 νέον
1630 4033 1725 4086 τῆς
1778 4026 1919 4096 ὑμῶν

327 4116 534 4176 ἡλικίας
587 4116 657 4179 εἰς
710 4113 937 4187 καρδίαν
990 4118 1191 4181 θέσθαι,
1235 4123 1325 4168 τοῦ
1376 4115 1595 4176 κάλλους
1638 4133 1692 4166 τε
1733 4116 1790 4164 τὸ
1835 4114 1919 4163 ἄνα

331 4207 413 4265 θος
463 4210 551 4257 καὶ
605 4210 691 4263 τήν
760 4204 1051 4279 ἀπόρρητον
1110 4205 1409 4277 εὐμορφίαν,
1464 4202 1526 4261 ἢν
1582 4204 1702 4255 ὅσον
1770 4200 1921 4251 ἐθαύ-

328 4313 494 4365 μασα,
528 4301 772 4345 τοσοῦτον
819 4295 1008 4365 ἔσομαι
1049 4292 1280 4351 κολάζων
1329 4296 1419 4342 καὶ
1466 4295 1537 4360 μή
1591 4288 1920 4361 βουλόμενος,

2023 1817 2241 1874 tiorum
2259 1818 2374 1875 hoc
2390 1819 2568 1891 longe
2583 1821 3160 1893 praestantissimum,
3175 1837 3368 1893 pauco
3388 1821 3682 1891 sanguine

2026 1923 2222 1963 emere
2248 1923 2501 1979 regnum
2528 1909 2836 1965 caelorum.
2863 1912 2930 1966 Et
2951 1910 3079 1965 haec
3104 1909 3347 1981 quidem
3369 1909 3610 1980 Sophia.

2097 1998 2159 2050 V.
2190 1997 2351 2053 Matri
2374 2003 2573 2054 autem
2604 2003 3000 2070 congruentes
3023 1997 3188 2054 ﬁliae:
3213 2000 3294 2054 Tu
3311 1997 3579 2070 quidem,
3597 1998 3684 2054 in-

2026 2084 2258 2157 quiunt,
2282 2101 2318 2140 o
2342 2088 2676 2143 veneranda
2710 2086 3065 2156 mater,_‘fnos
3094 2085 3379 2142 maternis
3407 2085 3684 2158 precibus

2027 2189 2408 2245 prosequere,
2435 2191 2536 2231 eas
2549 2176 2723 2231 nobis
2739 2175 3243 2248 praebensbonum
3261 2179 3524 2230 tutamen
3543 2191 3557 2230 :
3578 2177 3685 2230 Do-

2030 2262 2222 2317 minus
2239 2265 2565 2337 autem,qui
2585 2265 2729 2320 dixit
2747 2281 2759 2317 :
2776 2269 2855 2321 Ne
2876 2264 3105 2320 solliciti
3123 2264 3247 2319 sitis
3262 2263 3566 2332 quomodo
3584 2268 3686 2320 aut

2029 2352 2170 2424 quid
2187 2354 2606 2425 respondeatis,
2625 2354 2865 2425 quando
2879 2352 3170 2410 ducemini
3188 2352 3268 2408 ad
3285 2367 3452 2422 reges
3465 2355 3522 2407 et
3536 2366 3686 2423 pras-

2031 2440 2187 2496 sides
2206 2444 2228 2477 ²
2246 2460 2261 2511 ;
2288 2443 2334 2497 is
2353 2442 2612 2508 omnino,
2628 2447 2690 2497 ut
2707 2442 2808 2515 qui
2828 2440 2899 2498 sit
2919 2455 3111 2506 verax,
3132 2456 3251 2496 non
3266 2440 3570 2495 mentietur
3591 2456 3606 2505 ;
3627 2443 3688 2495 ut

2028 2529 2131 2599 qui
2148 2529 2221 2584 sit
2238 2536 2431 2586 autem
2457 2535 2683 2601 potens,
2712 2529 3080 2602 promissum
3100 2528 3384 2600 implebit,
3404 2528 3682 2599 praebens

2027 2616 2201 2671 nobis
2218 2603 2593 2688 sapientiam,
2616 2633 2723 2688 per
2737 2633 2923 2690 quam
2938 2617 3268 2689 poterimus
3293 2631 3425 2673 vere
3443 2615 3685 2672 stultam

2028 2705 2377 2775 sapientiam
2397 2710 2452 2761 et
2466 2721 2597 2777 quae
2613 2706 2941 2761 exinanitur
2956 2705 3271 2770 vincere,et
3285 2703 3566 2760 adversus
3582 2704 3684 2760 im-

2028 2794 2306 2864 pietatem
2325 2800 2523 2865 aperte
2538 2799 2814 2864 tropaeum
2831 2794 3074 2864 erigere.
3091 2797 3235 2850 Cum
3252 2799 3366 2849 tres
3384 2808 3525 2863 ergo
3540 2808 3686 2864 pras-

2031 2881 2214 2936 stituti
2226 2881 2353 2935 dies
2368 2882 2490 2951 jam
2507 2883 2948 2952 prmteriissent,
2963 2883 3259 2938 ducuntur
3271 2886 3494 2937 sanctae
3508 2882 3579 2936 ad
3600 2882 3687 2936 in-

2030 2970 2514 3036 terrogationem.
2550 2971 2770 3026 Deinde
2785 2971 2970 3041 judex
2992 2986 3131 3026 cum
3152 2972 3308 3049 esset
3337 2968 3602 3033 callidus,
3628 2972 3685 3024 et

1955 3073 1997 3129 ρ
2032 3056 2459 3113 considerasset
2472 3058 2760 3129 quidnam
2779 3065 3103 3115 teuerarum
3119 3056 3683 3117 adolescentularum

2031 3143 2301 3198 animum
2334 3147 2592 3199 maxime
2624 3148 2916 3202 remittere
2948 3152 3004 3203 et
3031 3146 3296 3202 emollire
3327 3136 3547 3217 posset,
3581 3160 3683 3201 eas

2034 3230 2229 3287 multis
2249 3247 2561 3304 aggressus
2582 3239 2673 3288 est
2696 3234 3035 3300 blanditiis;
3055 3239 3140 3291 et:
3158 3236 3299 3289 Cum
3318 3233 3578 3299 videam,
3597 3232 3685 3287 in-

2029 3322 2218 3393 quit,o
2240 3321 2731 3393 puellae,vestram
2752 3322 3331 3394 pulchritudinem,et
3344 3337 3476 3392 quae
3490 3336 3562 3375 ex
3574 3321 3684 3377 hac

2029 3410 2217 3466 forma
2244 3409 2449 3478 eﬂluit,
2479 3410 2862 3481 voluptatem,
2896 3426 3017 3466 non
3045 3410 3318 3467 existimo
3343 3425 3451 3463 vos
3483 3423 3553 3464 ex
3576 3409 3684 3464 hu-

2029 3514 2198 3553 mana
2216 3497 2578 3569 processisse
2591 3504 2819 3563 natura,
2844 3498 2951 3553 sed
2968 3515 3000 3554 e
3018 3497 3312 3553 diviniore
3331 3496 3532 3566 aliqua
3548 3512 3683 3552 esse

2028 3587 2237 3653 editos,
2260 3586 2334 3641 ad
2350 3602 2557 3661 eorum
2579 3586 2675 3658 qui
2703 3603 2805 3643 vos
2826 3590 3092 3652 cernunt,
3113 3585 3599 3642 admirationem.
3618 3586 3685 3641 Et

2027 3675 2162 3731 ideo
2177 3675 2235 3730 in
2248 3691 2354 3730 vos
2369 3680 2687 3747 paternam
2698 3676 2982 3732 ostenden
2993 3693 3020 3729 s
3033 3673 3683 3742 benevolentiam,rogo

2027 3780 2157 3829 vos,
2171 3763 2559 3828 charissimaa,
2573 3778 2646 3819 ne
2661 3763 2888 3819 amanti
2910 3764 3066 3834 patri
3081 3761 3266 3818 velitis
3286 3761 3533 3818 omnino
3552 3776 3682 3816 esse

2029 3852 2433 3909 inobedientes
2459 3870 2472 3906 :
2502 3853 2605 3907 sed
2632 3852 2892 3924 primum
2919 3851 3168 3924 quidem
3193 3851 3443 3920 cogitate
3464 3864 3582 3921 qua
3609 3848 3685 3905 sit

2028 3946 2196 3997 aetate
2223 3946 2413 3997 mater
2443 3946 2657 4005 vestra,
2701 3942 2871 4012 cujus
2910 3955 3153 3996 necesse
3211 3945 3299 3995 est
3350 3937 3684 4008 ﬂagelletur

2030 4034 2320 4096 senectus,
2337 4030 2384 4085 si
2397 4045 2506 4084 vos
2519 4045 2639 4085 non
2658 4029 2991 4100 parueritis.
3006 4027 3226 4084 Deinde
3244 4026 3438 4083 animo
3452 4029 3683 4081 versate

2029 4123 2289 4171 vestram
2315 4122 2579 4172 teneram
2603 4122 2859 4182 aetatem,
2900 4116 3109 4171 ﬂorem
3137 4114 3593 4185 pulchritudinis
3627 4118 3684 4169 et

2031 4204 2299 4275 speciem,
2314 4218 2447 4274 quae
2462 4219 2580 4258 non
2599 4208 2791 4274 potest
2805 4203 3001 4259 verbis
3016 4201 3257 4274 exprimi
3274 4218 3285 4256 :
3302 4217 3475 4272 quam
3494 4216 3686 4274 quan-

2032 4296 2155 4347 tum
2179 4290 2463 4354 admiror,
2494 4293 2722 4345 tantum
2753 4289 3003 4362 puniam
3028 4291 3204 4345 etiam
3235 4288 3473 4353 invitus,
3500 4288 3550 4343 si
3578 4303 3684 4343 vos

332 4385 432 4452 εἴγε
475 4382 618 4453 ὑμεῖς
657 4390 729 4452 τῷ
778 4385 850 4452 μή
900 4382 1175 4432 πείθεσθαι
1203 4379 1464 4430 λυποῦσαί
1505 4396 1568 4447 με
1596 4380 1720 4448 πρὸς
1769 4374 1922 4446 ὀργήν

2032 4394 2150 4435 non
2170 4378 2431 4451 parendo
2447 4377 2760 4434 molestiam
2775 4376 3209 4444 aﬂ'erentes,me
3227 4375 3304 4432 ad
3322 4375 3462 4432 iram
3476 4390 3686 4446 provo-

332 4468 658 4540 ὶξαγάγητε’
720 4474 810 4520 καὶ
862 4472 997 4534 τότε,
1058 4466 1190 4539 φεῦῐ
1249 4465 1519 4517 ἀπολεῖσθε
1584 4484 1750 4524 κακῶς
1806 4465 1923 4516 ὅταν

335 4555 442 4609 ἔδει
492 4557 679 4628 μᾶλλον
731 4559 868 4629 ὑμᾶς
919 4561 1147 4627 χαίρειν,
1208 4555 1502 4630 εὐπραγεῖν,
1561 4554 1785 4605 πλούτου
1839 4558 1926 4606 καὶ

337 4642 497 4707 δόξης
552 4651 639 4697 καὶ
688 4645 968 4717 βασιλικῆς
1014 4644 1285 4697 ἀπολαύειν
1338 4644 1615 4716 εὐμενείας,
1660 4643 1827 4695 αὐτῶν
1873 4661 1929 4695 τε

343 4743 434 4787 τῶν
481 4734 647 4787 καλῶν
695 4742 786 4787 τοῦ
830 4742 1014 4807 καιροῦ
1056 4740 1146 4787 καὶ
1188 4742 1280 4795 τῆς
1323 4735 1527 4795 ἡλικίας
1575 4738 1926 4805 κατατρυφᾴν,

337 4823 492 4877 Ἀλλά
517 4831 684 4876 ταῦτα
712 4827 801 4896 μὲν
831 4825 856 4876 ὁ
888 4821 1138 4884 δικάζων.

425 4922 522 4995 ς’.
559 4932 623 4983 Αἱ
667 4927 727 4982 δι
772 4931 1033 5002 παρθένοι,
1065 4933 1131 4982 τά
1170 4939 1261 4990 τῆς
1313 4934 1493 5001 Σοφίας
1538 4926 1890 5000 βλαστήματα
1915 4945 1927 4957 ·

335 5026 529 5090 Ἡμεῖς,
579 5017 741 5084 εἶπον,
789 5021 906 5070 οὔτε
947 5027 1045 5070 τῶν
1094 5016 1404 5088 ἐπαγγελιῶν
1458 5035 1552 5068 σου
1604 5018 1817 5081 τούτων,
1869 5019 1934 5077 ὡς

337 5111 570 5181 εἴρηκας,
622 5107 878 5180 ἐφιέμεθα,
935 5109 1049 5159 οὔτε
1114 5115 1213 5158 τῶν
1272 5105 1489 5158 ἀπειλῶν
1542 5110 1631 5157 καὶ
1690 5104 1933 5177 βασάνων

337 5195 747 5270 ἐπιτρεφόμεθα·
808 5196 1078 5268 ἀφθάρτων
1140 5198 1238 5269 γάρ
1316 5193 1504 5268 ἐρῶμεν
1561 5192 1788 5265 ἀγαθῶν,
1847 5199 1934 5247 καὶ

341 5282 605 5357 ἀφθάρτου
657 5289 921 5356 Νυμφίου,
979 5292 1078 5335 τῶν
1141 5282 1470 5356 ἀνθρωπίνων
1519 5284 1721 5334 πάντων
1774 5303 1934 5335 κατα-

342 5378 693 5445 φρονήσασαι.
736 5372 858 5425 Ὅτι
912 5370 970 5426 δὲ
1020 5377 1114 5431 τήν
1161 5376 1362 5446 μητέρα
1407 5370 1642 5425 κολάσειν
1688 5369 1931 5437 ἀπειλεῖς,

416 5552 439 5588 ³
467 5548 668 5611 Matth.
697 5564 758 5616 κ,
790 5550 878 5608 l9.

2033 4468 2323 4525 caveritis.
2344 4469 2409 4523 Et
2426 4465 2745 4537 tunc,proh
2763 4464 2963 4521 dolori
2982 4464 3138 4520 male
3156 4463 3684 4536 peribitis,quando

2036 4573 2140 4612 vos
2158 4556 2418 4612 maxime
2436 4558 2728 4627 oporteret
2749 4553 3030 4624 gaudere,
3050 4552 3244 4610 felices
3260 4568 3415 4619 esse,
3443 4552 3683 4616 divitiis,

2035 4650 2093 4703 et
2121 4644 2329 4715 gloria,
2353 4650 2409 4700 et
2432 4642 2817 4716 imperatoria
2832 4641 2946 4698 frui
2965 4641 3398 4707 benevolentia,
3420 4641 3686 4713 ipsisque

2037 4734 2320 4807 temporis
2349 4738 2404 4789 et
2429 4732 2616 4790 astatis
2668 4746 2776 4787 vos
2801 4729 3037 4802 explere
3094 4729 3338 4786 deliciis.
3395 4728 3510 4785 Sed
3555 4728 3688 4786 haec

2038 4822 2283 4896 quidem
2308 4820 2512 4893 judex.

2111 4930 2205 4985 VI.
2247 4929 2530 4985 Dixerunt
2558 4931 2754 4984 autem
2783 4924 3059 4996 virgines,
3112 4924 3346 4997 Sophia:
3372 4921 3687 4993 germina:

1993 5044 2011 5061 -
2042 5019 2158 5074 Nos
2178 5033 2364 5089 neque
2383 5016 2700 5088 promissa,
2721 5030 2857 5087 quae
2876 5018 2938 5070 tu
2959 5012 3153 5068 dixisti
3169 5012 3469 5083 cupimus,
3494 5026 3691 5083 neque

2044 5109 2256 5172 minas,
2298 5121 2408 5162 nec
2463 5108 2759 5161 tormenta
2812 5117 3113 5159 curamus.
3183 5105 3472 5156 Amemus
3530 5100 3692 5157 enim

2044 5197 2224 5259 bona,
2255 5195 2316 5249 in
2346 5210 2468 5256 quo
2498 5209 2620 5249 non
2647 5191 2805 5248 cadit
2833 5190 3120 5255 interitus,
3153 5194 3210 5246 et
3236 5190 3555 5262 Sponsum,
3588 5187 3695 5260 qui

2046 5299 2167 5339 non
2214 5282 2386 5355 perit,
2435 5282 2700 5337 humana
2750 5278 2957 5335 omnia
3008 5281 3476 5333 contemnentes.
3521 5274 3695 5344 Quod

2046 5378 2247 5429 autem
2279 5370 2527 5427 minaris
2560 5372 2809 5423 matrem
2853 5370 2909 5423 te
2961 5380 3090 5423 esse
3135 5365 3336 5439 ﬂagris
3374 5378 3693 5433 caesurum,
