4144 6258
506 279 612 335 503

1840 264 2099 324 MENSIS
2130 261 2536 322 'AUGUSTUS.

3782 257 3926 317 504

513 410 803 476 tanquam
831 403 946 459 hoc
971 401 1152 458 modo
1189 415 1300 456 nos
1348 397 1650 454 territurus
1699 397 1941 468 propter
1989 396 2158 448 natu-

2274 391 2336 450 ὡς
2377 396 2449 459 τῷ
2492 392 2667 461 τρόπῳ
2709 390 2875 457 τούτῳ
2924 384 3165 457 φοϐἠσων
3193 386 3330 455 ἡμᾶς
3374 382 3469 437 διὰ
3514 389 3610 444 τὴν
3644 390 3917 456 φυσικὴν

515 494 701 550 ralem
729 493 874 547 inter
903 507 1012 546 nos
1041 490 1290 545 invicem
1331 485 1815 547 consensionem,
1870 481 2064 537 nescis
2105 486 2158 534 te

511 581 687 637 nobis
725 586 780 636 et
823 579 907 637 illi
961 577 1314 633 annuntiare
1363 576 1659 630 bonorum
1715 569 2153 642 perfectionem.

512 670 659 735 Quid
729 669 887 724 enim
963 665 1312 720 Christianis
1369 667 1561 734 potest
1620 677 1747 716 esse
1807 658 2153 730 jucundius,

512 774 694 830 quam
727 757 847 827 pati
875 772 981 826 pro
1028 754 1296 809 Christo?
1356 751 1597 807 Etiamsi
1636 766 1755 805 non
1804 748 2156 803 haberemus

513 847 679 913 tales,
711 862 841 917 quae
872 847 1206 915 sperantur,
1239 841 1766 902 remunerationes,
1799 852 1983 908 quam
2038 850 2157 889 non

511 935 712 1004 gloriae
740 933 1147 1005 praestantiam
1179 935 1439 1002 superat,
1491 929 1610 1000 pati
1654 944 1760 998 pro
1803 942 1874 980 eo
1926 925 2158 995 quinos

510 1023 838 1080 formavit?
857 1022 1106 1086 Quando
1133 1027 1330 1075 autem
1357 1018 1526 1073 nobis
1549 1018 1725 1073 etiam
1754 1018 2028 1085 paratum
2074 1017 2161 1067 est

514 1127 768 1181 regnum
795 1108 1451 1176 ccelorum,etdivitiie,
1509 1109 1569 1161 in
1622 1121 1773 1176 quas
1828 1119 1946 1158 non
2001 1101 2160 1156 cadit

513 1201 780 1262 interius,
840 1204 895 1254 et
932 1197 1223 1268 perceptio
1284 1197 1577 1251 bonorum
1636 1201 2016 1253 aeternorum,
2067 1204 2159 1243 co-

515 1289 645 1345 nari
691 1304 799 1343 nos
827 1287 1130 1342 traducere
1162 1302 1198 1341 a
1222 1289 1423 1339 nostra
1453 1282 1738 1338 sententia
1765 1277 2160 1350 promissione

517 1378 838 1440 bonorum,
865 1392 1001 1447 quae
1024 1379 1161 1429 sunt
1191 1373 1267 1429 ad
1290 1378 1540 1444 tempus,
1569 1375 1656 1426 est
1677 1372 1875 1439 aperta
1906 1367 2156 1421 insania.

520 1467 600 1522 Ne
627 1466 847 1522 fallaris
881 1481 1044 1541 ergo,
1066 1463 1260 1533 judex.
1291 1466 1488 1532 Neque
1511 1461 1668 1514 enim
1702 1459 2015 1514 assentans
2047 1460 2160 1510 tra-

517 1557 647 1618 hes,
685 1570 877 1625 neque
901 1553 1154 1624 puniens
1192 1567 1302 1606 nos
1334 1556 1673 1605 convertes:
1719 1546 1824 1602 sed
1857 1550 1997 1600 tunc
2028 1561 2160 1600 ma-

515 1645 708 1715 jorem
741 1643 943 1696 afferes
977 1641 1336 1702 molestiam,
1370 1639 1417 1693 si
1473 1653 1724 1708 parcens
1779 1635 1940 1698 huic,
1974 1650 2159 1705 quam

2267 482 2394 549 πρὸς
2448 477 2668 537 ἀλλήλας
2718 476 3062 546 συπμάθειαν,
3108 473 3326 534 λέληθας
3371 475 3496 544 ἡμῖν
3550 493 3605 526 τε
3653 472 3910 547 κάκείνῃ

2266 571 2359 621 τὴν
2437 567 2727 622 τελειότητα
2798 571 2896 614 τῶν
2973 562 3180 633 ἀγαθῶν
3255 561 3746 632 εὐαγγελιζόμενος.
3835 568 3916 615 Τί

2265 657 2365 726 γὰρ
2413 651 2665 728 ἡδύτερον
2709 659 3043 725 Χριστιανοῖς
3067 659 3158 702 τοῦ
3203 653 3327 724 ὑπὲρ
3380 659 3616 724 Χριστοῦ
3647 653 3904 721 παθείνς

2269 750 2368 797 Καὶ
2420 744 2462 796 εἰ
2510 749 2580 815 μὴ
2629 747 2868 804 τοιαύτας
2913 742 3242 813 ἐλπιζομένας
3291 744 3498 812 εἴχομεν
3551 737 3905 804 ἀντιδόσεις,

2269 833 2373 885 ἀλλ’
2427 838 2552 885 αὑτό
2605 853 2664 904 γε
2706 837 2762 884 τὸ
2813 834 3038 902 πάσχειν
3088 832 3212 903 ὑπὲρ
3263 837 3354 881 τοῦ
3408 829 3705 891 πλάσαντος
3767 837 3906 882 τίνα

2270 920 2428 984 δόξης
2471 921 2753 993 ὑπερϐολὴν
2811 920 3137 986 καταλείπει;
3184 918 3344 971 Ὀταν
3400 917 3458 970 δὲ
3507 923 3596 970 καὶ
3642 920 3904 993 οὐρανῶν

2268 1014 2391 1082 ἡμῖν
2450 1011 2788 1082 ἑτοιμάζηται
2846 1007 3110 1080 βασιλεία,
3173 1014 3261 1060 καὶ
3317 1008 3531 1067 πλοῦτος
3581 1009 3897 1081 ἄφθαρτος,

2268 1105 2356 1150 xui
2387 1100 2603 1150 αἰωνίων
2655 1099 2941 1160 ἀπόλαυσις
2989 1097 3214 1168 ἀγαθῶν,
3249 1101 3306 1149 τὸ
3355 1102 3691 1168 μεταπείσειν
3752 1098 3900 1160 ὅλως

2269 1187 2550 1259 ἐπιχειρεῖν
2609 1187 2814 1258 ἀγαθῶν
2889 1191 3222 1260 προσκαίρων
3296 1185 3639 1256 ἐπαγγελίαις,
3689 1192 3901 1258 μωρία

2271 1281 2455 1348 σαφής.
2503 1282 2585 1334 Μὴ
2637 1281 2807 1328 τοίνυν
2862 1274 3062 1339 ἀπατῶ,
3100 1272 3350 1327 δικαστά·
3404 1278 3519 1326 οὔτε
3567 1277 3669 1349 γάρ
3715 1276 3899 1328 κολα-

2268 1369 2427 1418 κεύων
2484 1365 2730 1428 ἐλκύσεις,
2784 1369 2900 1417 οὔτε
2975 1364 3206 1424 κολάζων
3280 1364 3615 1436 μετατρέψεις
3687 1366 3841 1436 ἡμᾶς
3876 1383 3893 1396 ’

2272 1455 2398 1506 ἀλλά
2452 1460 2567 1507 τότε
2620 1454 2810 1526 μᾶλλον
2865 1453 3112 1516 ἀνιάσεις,
3178 1456 3282 1523 εἴγε
3351 1450 3653 1524 φειδόμενος
3725 1457 3891 1525 ἡμῶν

2269 1552 2360 1604 τῆς
2415 1548 2548 1614 μέγα
2602 1546 2744 1616 παρά
2803 1549 2887 1594 σοὶ
2967 1545 3162 1602 ταύτης
3228 1542 3570 1612 νομιζομένης
3638 1547 3895 1604 νεότητος

2271 1637 2360 1683 καὶ
2406 1641 2503 1692 τῆς
2555 1635 2706 1706 ὧρας,
2766 1631 2824 1682 ού
2882 1631 3116 1702 χαλεπὰς
3169 1630 3369 1692 ἐπάξεις
3446 1634 3534 1690 τάς
3595 1631 3888 1692 κολάσεις·

520 1737 580 1788 tu
605 1729 976 1799 magnifacis,
1006 1728 1295 1796 iuventuti
1327 1733 1383 1782 et
1411 1725 1855 1796 pulchritudini,
1911 1739 2030 1778 non
2085 1723 2163 1776 sis

2278 1724 2556 1792 ζημιώσεις
2604 1723 2704 1794 γάρ
2773 1722 2971 1780 πάντως
3045 1729 3143 1770 τῶν
3210 1723 3455 1790 μειζόνων
3516 1719 3725 1791 ἀγαθῶν
3785 1727 3890 1780 τὴν

518 1836 729 1892 graves
757 1819 1022 1873 illaturus
1044 1816 1356 1871 cruciatus.
1382 1818 1498 1870 Nos
1518 1814 1675 1868 enim
1699 1814 1922 1868 damno
1944 1810 2163 1867 afﬁcies

523 1909 816 1976 majorum
849 1907 1144 1961 bonorum
1174 1903 1686 1959 remunerationis.
1721 1904 2034 1971 Postquam
2064 1917 2165 1954 au-

523 1995 860 2066 divitjudex
896 1996 1046 2049 hanc
1074 1993 1307 2048 ﬁrmam
1350 1997 1405 2048 et
1435 1996 1807 2047 constantem
1865 1989 2162 2045 defensio-

522 2098 662 2140 nem
696 2085 900 2139 statuit
920 2100 1021 2139 eas
1054 2098 1329 2154 separare
1361 2098 1395 2136 a
1427 2097 1487 2136 se
1518 2082 1792 2144 invicem,
1822 2084 1876 2134 et
1907 2078 2166 2147 singula-

526 2174 627 2228 tim
651 2189 752 2228 eas
778 2172 1074 2227 adducere
1114 2171 1191 2225 ad
1223 2170 1740 2233 examinationem,
1774 2173 1836 2223 ut
1865 2168 1947 2222 sic
2011 2183 2164 2236 quo-

524 2277 642 2332 que
677 2277 780 2316 eas
809 2261 1034 2330 majore
1062 2259 1319 2314 afﬁceret
1346 2258 1637 2325 molestia,
1671 2263 1730 2312 ut
1769 2257 1851 2311 eis
1909 2261 2167 2310 uteretur

524 2349 1031 2405 imbecillioribus.
1049 2351 1195 2403 Cum
1228 2355 1428 2402 autem
1456 2347 1876 2414 interrogasset
1904 2345 1976 2399 de
1999 2348 2166 2399 aetate

528 2442 584 2492 et
603 2437 946 2492 nominibus
974 2437 1460 2507 uniuscujusque,
1481 2440 1536 2490 et
1556 2451 1591 2490 a
1612 2440 1799 2489 matre
1827 2435 2165 2504 accepisset,

527 2543 710 2582 unam
737 2526 982 2597 quidem
1013 2525 1209 2580 vocari
1243 2525 1464 2588 Fidem,
1494 2528 1549 2578 et
1578 2524 1703 2593 jam
1735 2538 1908 2591 agere
1941 2539 2166 2578 annum

525 2614 874 2679 duodecim;
895 2614 1139 2669 alteram
1160 2618 1358 2668 autem
1375 2612 1614 2667 duobus
1639 2612 1811 2666 annis
1827 2626 1958 2665 esse
1977 2611 2170 2680 priore

528 2703 840 2771 ininorem,
872 2718 1006 2772 quae
1037 2706 1276 2756 vocater
1304 2701 1445 2770 Spes
1481 2716 1494 2765 ;
1552 2699 1782 2754 tertiam
1835 2705 2030 2754 autem
2069 2715 2171 2754 no-

526 2792 740 2847 minari
810 2790 1053 2860 quidem
1125 2789 1497 2850 Charitatem,
1575 2803 1693 2843 uno
1749 2792 1948 2843 autem
2009 2804 2170 2844 anno

527 2895 655 2935 esse
687 2879 951 2933 secunda
999 2878 1330 2932 minorem:
1375 2876 1634 2948 primam
1677 2876 1859 2946 jussit
1907 2876 2168 2946 primum

527 2968 794 3041 produci,
825 2971 880 3023 et
911 2983 923 3021 :
961 2965 1250 3030 Sacrifica,
1290 2965 1454 3030 dixit,
1495 2965 1716 3030 Dianae,
1743 2979 1779 3020 o
1829 2964 2166 3019 adolescen-

524 3057 648 3114 tula
682 3072 842 3112 :non
867 3057 977 3111 hoc
1008 3055 1110 3110 tibi
1151 3071 1374 3110 novum
1400 3055 1788 3125 imperamus,
1842 3053 1949 3109 sed
2007 3056 2170 3125 quod
2208 3067 2248 3123 ρ,

525 3163 561 3201 a
593 3146 771 3201 nobis
799 3160 1041 3218 quoque
1067 3144 1130 3199 ﬁt
1151 3143 1408 3214 jamdiu.

593 3236 706 3289 VII.
738 3234 831 3290 Illa
860 3238 1058 3289 autem
1092 3237 1380 3303 tanquam
1411 3247 1481 3286 eo
1501 3231 1637 3302 ipso
1667 3230 1843 3286 vellet
1862 3232 2172 3287 ostendere

521 3339 622 3379 eos
647 3322 860 3378 frustra
889 3323 1047 3392 ipsas
1087 3336 1415 3392 separasse,
1447 3320 1702 3376 volentes
1733 3336 1802 3374 ex
1834 3319 2019 3374 tribus
2037 3335 2173 3374 con-

523 3415 743 3466 textam
777 3410 1184 3466 comminuere
1216 3414 1507 3473 catenam,
1552 3414 1613 3462 ut
1678 3407 1781 3479 qui
1831 3407 2174 3473 ignorarent

522 3514 649 3555 esse
671 3499 723 3553 ei
748 3515 819 3554 ex
857 3498 975 3553 alto
1033 3497 1348 3553 audaciam
1399 3500 1452 3551 et
1500 3496 1854 3561 doctrinam,
1903 3512 2170 3568 quonam

522 3586 739 3642 scilicet
793 3587 976 3641 modo
1028 3591 1298 3656 oporteat
1340 3585 1750 3656 respondere:
1793 3585 1835 3640 Ο
1890 3591 2168 3652 vestram,

523 3675 769 3736 dicebat,
796 3691 929 3744 qua:
961 3674 1021 3728 in
1049 3673 1416 3743 profundum
1452 3689 1641 3745 usque
1670 3678 1954 3743 penetrat,
2008 3676 2172 3730 eieci-

521 3768 724 3829 tatem,
785 3761 886 3833 qui
939 3765 1060 3815 tam
1109 3761 1322 3814 misere
1366 3761 1754 3823 caecutientes,
1813 3761 1940 3815 aliis
1992 3762 2169 3818 etiam

517 3851 692 3907 vultis
723 3865 850 3905 esse
895 3847 1006 3903 viae
1043 3849 1261 3906 duces:
1295 3852 1351 3903 et
1399 3863 1607 3916 cogere
1647 3847 1830 3909 vultis,
1868 3855 1930 3904 ut
1967 3866 2168 3920 proce-

519 3939 739 3995 damus
767 3936 1081 3992 vobiscum
1104 3937 1180 3991 ad
1197 3937 1474 3991 eamdem
1491 3936 1646 3991 viam
1670 3937 1937 3992 interitus
1968 3939 1978 3992 l
2003 3938 2170 4003 Quis-

519 4043 662 4083 nam
695 4031 891 4082 autem
918 4026 1116 4090 homo,
1153 4025 1200 4080 si
1229 4026 1440 4097 sapiat,
1476 4025 1930 4098 persuadebitur
1963 4043 1998 4082 a
2029 4044 2169 4083 vero

518 4115 762 4188 quidem
788 4118 904 4170 Deo
930 4113 1224 4181 recedere,
1275 4114 1448 4185 cujus
1477 4130 1767 4170 manuum
1824 4131 2002 4185 opera
2033 4121 2169 4174 sunt

518 4204 646 4260 coeli
677 4209 731 4260 et
763 4208 934 4268 terra,
968 4209 1023 4259 et
1053 4205 1258 4259 omnia
1287 4220 1423 4275 qua:
1455 4209 1591 4259 sunt
1621 4205 1681 4259 in
1709 4204 1792 4259 eis
1821 4221 1832 4258 :
1878 4206 1953 4261 ad
1987 4223 2167 4276 opera

517 4299 714 4348 autem
747 4309 1037 4349 manuum
1063 4292 1401 4360 hominum,
1421 4297 1706 4364 tanquam
1733 4294 1810 4348 ad
1833 4293 1976 4349 deos
2005 4312 2167 4350 acce-

516 4382 676 4445 dere,
699 4386 752 4437 et
781 4381 850 4436 iis
882 4398 1014 4451 quae
1065 4386 1204 4435 sunt
1247 4382 1458 4436 mentis
1513 4382 1794 4452 expertia,
1848 4386 1903 4436 et
1963 4384 2141 4438 surda

517 4469 688 4537 eliget
718 4469 944 4522 cultum
975 4468 1184 4522 offerre
1208 4470 1235 4523 ?
1273 4469 1462 4522 Fuerit
1490 4469 1604 4524 hoc
1627 4486 1902 4524 summus
1937 4475 2163 4542 stupor,

518 4561 574 4612 et
601 4561 720 4612 tam
748 4571 952 4610 eorum
981 4554 1082 4627 qui
1107 4555 1338 4625 jubent,
1365 4572 1549 4627 quam
1581 4557 1682 4628 qui
1709 4564 1934 4628 parent,
1966 4575 2168 4615 amen-

519 4645 616 4702 tia.
642 4646 751 4700 Fac
782 4660 924 4714 ergo
953 4644 1117 4716 quod
1165 4644 1265 4706 vis,
1325 4648 1382 4699 et
1433 4645 1653 4717 quibus
1704 4646 1787 4700 vis
1838 4663 1946 4701 nos
2002 4649 2166 4704 trade

518 4732 712 4789 malis.
738 4732 935 4789 Melius
968 4736 1059 4787 est
1095 4733 1251 4788 enim
1281 4733 1444 4803 prius
1486 4733 1606 4805 pati
1637 4735 1858 4804 omnia,
1895 4735 2040 4791 dum
2078 4755 2168 4794 sa-

517 4823 733 4893 pimus,
773 4837 955 4893 quam
999 4822 1347 4892 persuaderi
1402 4829 1462 4877 ut
1500 4823 1639 4878 talia
1683 4823 1990 4880 faciamus.
2026 4828 2166 4891 Quae

480 4941 484 4943 -
517 4909 676 4965 dicta
714 4909 962 4975 fuerant,
995 4909 1223 4980 replent
1253 4908 1340 4964 ira
1384 4910 1646 4979 judicem
1677 4928 1690 4977 ;
1752 4918 1805 4969 et
1857 4931 1994 4969 cum
2046 4931 2166 4970 non

515 5003 714 5065 posset
742 4997 1122 5067 persuadere.
1152 4997 1230 5052 ad
1261 4997 1380 5051 vim
1409 4997 1748 5055 faciendam
1794 5017 1854 5056 se
1895 5003 2167 5058 contulit-

513 5083 686 5139 Iubet
715 5100 857 5154 ergo
889 5085 940 5141 ei
970 5086 1153 5141 adimi
1186 5090 1431 5151 vestem,
1463 5091 1520 5142 et
1540 5089 1819 5144 manibus
1847 5105 2002 5161 pone
2036 5092 2166 5146 vin-

517 5171 644 5233 ctis,
679 5187 811 5226 eam
833 5173 1009 5242 virgis
1043 5175 1338 5230 verberari
1370 5176 1755 5245 gravissimis.
1785 5179 1929 5234 Cum
1962 5187 2161 5236 autem

514 5256 874 5329 experientia
906 5262 1193 5330 majorem
1259 5265 1592 5321 ostenderet
1647 5268 2043 5324 constantiam
2104 5275 2159 5325 et

512 5347 984 5403 vehementiores
1028 5352 1282 5420 spiritus,
1335 5359 1389 5410 et
1443 5361 1690 5426 martyr,
1731 5373 1852 5411 non
1909 5364 1968 5413 ut
2020 5375 2155 5430 quae

513 5434 698 5495 virgis
726 5432 1065 5500 caederetur,
1103 5441 1207 5494 sed
1265 5448 1324 5496 ut
1353 5459 1486 5514 quae
1552 5444 1707 5499 rosis
1761 5451 2148 5516 spargeretur,

2148 4429 2160 4454 ’
2202 4425 2243 4477 D

2276 1806 2565 1862 ἀντίδοσιν.
2625 1813 2830 1866 Ταύτην
2880 1811 2948 1868 ὡς
3005 1812 3198 1866 ἤκουσε
3240 1813 3334 1866 τὴν
3394 1807 3542 1866 ἀτενῆ
3602 1817 3693 1861 xui
3751 1809 3892 1863 ἀπὸ·

2274 1917 2416 1949 τονον
2469 1899 2492 1948 ὁ
2539 1895 2770 1957 δικάζων
2821 1896 3119 1968 ἀπολογίαν,
3167 1899 3294 1966 ἔγνω
3349 1893 3532 1948 διελεῖν
3577 1898 3740 1960 αὐτὰς
3791 1900 3892 1952 ἀπ’

2277 1985 2522 2050 ἀλλήλων,
2586 1991 2672 2038 xui
2728 1989 2861 2038 κατά
2931 1991 3052 2055 μίαν
3127 1986 3350 2057 εἰσάγειν
3403 1990 3528 2060 πρὸς
3597 1993 3690 2046 τὴν
3755 1991 3890 2062 ἐρώ-

2275 2095 2447 2138 τησιν,
2501 2077 2583 2126 ἵνα
2637 2080 2724 2126 καὶ
2773 2074 2960 2146 μᾶλλον
3005 2075 3137 2126 οὕτω
3187 2074 3422 2147 λυπήσῃ,
3470 2081 3558 2129 καὶ
3611 2081 3677 2138 ὡς
3722 2078 3888 2131 ἀσθέ-

2275 2169 2534 2235 νεστέραις
2600 2169 2888 2236 χρήσαιτο.
2950 2166 3248 2235 Ἐρωτόο-ας
3328 2161 3386 2216 δὲ
3455 2170 3544 2217 καὶ
3613 2172 3726 2240 περὶ
3788 2177 3889 2228 τῆς

2276 2252 2478 2312 ἡλικίας
2536 2252 2756 2314 ἑκάστης
2813 2258 2903 2304 καὶ
2962 2257 3076 2324 περὶ
3129 2261 3228 2303 τῶν
3289 2252 3571 2324 ὀνομάτων,
3630 2260 3720 2307 καὶ
3777 2259 3887 2308 ὑπὸ

2278 2350 2368 2400 τῆς
2417 2345 2795 2413 γεννησαμένης
2867 2345 3063 2412 μαθὼν,
3115 2346 3207 2399 τὴν
3277 2345 3366 2413 μεν
3442 2348 3622 2396 Πίστιν
3673 2365 3724 2397 τε
3780 2366 3889 2396 κοι-

2277 2430 2480 2481 λεῖσθαι
2531 2435 2618 2481 καὶ
2665 2428 2772 2488 ἤδη
2818 2427 3114 2482 δωδέκατον
3154 2433 3263 2492 ἔτος
3295 2431 3461 2484 ἀνύειν
3487 2451 3497 2462 ·
3533 2438 3624 2490 τὴν
3658 2430 3716 2486 δὲ
3748 2432 3885 2487 δυσὶ

2279 2523 2494 2589 χρόνοις
2534 2518 2805 2571 λείπεσθαι
2853 2528 2942 2578 τῆς
2986 2523 3234 2590 προτέρας
3279 2520 3341 2580 ἧς
3383 2523 3411 2578 η
3459 2521 3644 2583 κλῆσις
3677 2522 3882 2592 Ἐλπίς,

2279 2611 2370 2663 τὴν
2426 2603 2483 2658 δὲ
2531 2612 2711 2678 τρίτην
2752 2607 2984 2678 Ἀγάπην
3035 2611 3124 2679 μεν
3166 2608 3527 2680 ὀνομάζεσθαι,
3563 2611 3630 2661 ἑνὶ
3677 2607 3736 2663 δὲ
3781 2621 3881 2674 τῆς

2283 2691 2529 2767 δευτέρας
2585 2697 2817 2768 ὑστερεῖν
2880 2699 2981 2748 ἔτει
3040 2701 3132 2754 τὴν
3188 2704 3390 2771 πρωτην
3457 2704 3868 2772 παραντησάμε-

2280 2798 2399 2843 νος·
2435 2789 2623 2848 Θῦσον,
2672 2782 2710 2836 ὦ
2757 2790 2940 2849 νεανὶς,
2987 2785 3144 2856 ἔλεγε,
3195 2795 3258 2859 τῇ
3306 2783 3604 2858 Ἀρτέμιδι·
3638 2788 3692 2840 ού
3741 2809 3856 2840 και-

2280 2876 2362 2924 νόν
2415 2893 2499 2924 σοι
2551 2881 2700 2926 τοῦτο
2749 2877 3134 2949 προστάττομεν
3182 2878 3240 2927 τὸ
3286 2875 3562 2949 ἐπίταγμα,
3593 2875 3690 2928 ἀλλ’
3739 2882 3855 2951 ὅπερ

2283 2959 2336 3012 ἐκ
2366 2961 2552 3014 πολλοῦ
2585 2960 2691 3022 ἤδη
2719 2968 2809 3015 καὶ
2838 2964 2960 3037 παρ’
2987 2967 3131 3036 ἡμῶν
3160 2969 3378 3035 γίνεται.

2353 3227 2426 3279 Ζ’.
2475 3228 2534 3280 Ἡ
2586 3225 2643 3280 δὲ
2692 3231 2862 3299 ὥσπερ
2917 3230 3126 3282 αὐτόθεν
3174 3227 3541 3294 ἐπιδείξασθαι
3594 3231 3856 3304 βουλομένη

2282 3317 2358 3368 ὅτι
2402 3317 2483 3367 ἐπὶ
2530 3322 2734 3388 ματαίῳ
2783 3323 2873 3376 τὴν
2906 3315 3164 3392 διαίρεσιν
3211 3320 3378 3371 αὐτῶν
3427 3321 3739 3379 ἐποιήσαντο
3780 3326 3862 3378 τὴν

2282 3404 2338 3456 ἐκ
2389 3414 2541 3477 τριῶν
2616 3409 2789 3477 σειρὰν
2859 3407 3102 3460 λεπτῦναι
3178 3408 3505 3481 βουλόμενοι,
3586 3410 3869 3481 ἀγνοοῦντες

2281 3495 2358 3545 ὅτι
2414 3495 2602 3546 οἰνωθεν
2649 3499 2710 3546 ,τὸ
2763 3498 2954 3570 θάρσος
3006 3498 3207 3565 αῦταῖς,
3267 3504 3355 3550 xui
3409 3501 3438 3558 ἡ
3495 3508 3585 3552 τοῦ
3633 3509 3739 3561 πῶς
3794 3496 3870 3551 δεῖ

2283 3582 2653 3655 ἀπολογεῖσθαι
2712 3582 3072 3638 διδασκαλία·
3129 3586 3197 3638 Ὢ
3251 3596 3338 3648 τῆς
3394 3589 3466 3649 εἰς
3521 3587 3686 3662 βάθος
3737 3591 3868 3660 ὑμῶν

2282 3669 2639 3744 διικνουμένης
2719 3680 3028 3748 πωρώσεως,
3104 3676 3268 3746 ἔλεγεν
3299 3694 3310 3705 ·
3373 3677 3418 3729 οἳ
3476 3677 3662 3739 ἀθλίως
3741 3679 3867 3729 οὕτω

2277 3761 2665 3832 τυφλώττοντες,
2726 3768 2814 3814 καὶ
2896 3764 3086 3837 ἑτέροις
3153 3762 3282 3817 εἶναι
3353 3763 3542 3838 ὁδηγοὶ
3604 3766 3860 3839 βούλεσθε,

2278 3855 2366 3901 καὶ
2423 3855 2553 3924 πρὸς
2626 3857 2718 3909 τὴν
2775 3853 2936 3910 αὐτὴν
2993 3855 3112 3924 ύμῖν
3170 3864 3423 3928 χωρῆσαι
3474 3865 3567 3916 τῆς
3622 3854 3864 3916 ἀπωλείας

2279 3933 2400 3988 ὁδὸν
2478 3938 2807 4009 ἀναγκάζετε.
2867 3946 2957 4003 Τίς
3037 3940 3087 3994 δ’
3159 3942 3218 3994 ἆν
3290 3944 3539 4018 εὖφρονῶν
3608 3946 3864 4018 ἄνθρωπος

2277 4029 2510 4085 πεισθείη
2571 4027 2864 4088 ἀποστῆναι
2948 4035 3037 4102 μὲν
3108 4040 3198 4083 τοῦ
3279 4031 3525 4090 ἀληθινοῦ
3602 4041 3753 4098 Θεοῦ,
3809 4035 3862 4086 οὗ

2277 4118 2402 4188 ἔργα
2478 4125 2671 4188 χειρῶν
2746 4119 2959 4192 ούρανὸς
3033 4126 3123 4173 καὶ
3193 4129 3259 4191 γῆ
3334 4127 3423 4173 καὶ
3480 4124 3546 4175 τὰ
3599 4125 3645 4174 ἐν
3700 4122 3863 4184 αὐτοῖς

2276 4205 2498 4271 ἅπαντα,
2557 4209 2728 4280 ἔργοις
2802 4205 2860 4259 δὲ
2937 4219 3127 4284 χειρῶν
3208 4209 3537 4282 ἀνθρωπίνων
3621 4215 3689 4273 ὡς
3739 4215 3861 4274 θεοῖς

2274 4294 2594 4368 προσελθεῖν,
2648 4300 2735 4347 καὶ
2789 4298 2962 4358 αὐτοῖς
3010 4300 3034 4349 ὁ
3087 4305 3203 4350 νοῦν
3271 4301 3404 4370 ἔχων
3460 4299 3696 4363 ἀνοήτοις
3751 4299 3858 4353 οὖσι

2274 4390 2363 4436 καὶ
2393 4391 2577 4455 κωφοῖς
2606 4393 2960 4457 προσαγαγεῖν
3000 4387 3272 4458 λατρείαν;
3309 4385 3451 4446 δεινὴ
3505 4397 3655 4442 τοῦτο
3706 4410 3853 4462 παρα-

2273 4471 2484 4539 πληξία,
2537 4469 2701 4547 δεινὴ,
2737 4479 2825 4525 καὶ
2873 4483 2969 4525 τῶν
3019 4475 3353 4528 κελευούντων
3401 4483 3490 4529 καὶ
3540 4486 3640 4529 τῶν
3694 4481 3858 4531 πειθο-

2273 4564 2432 4630 μένων
2477 4562 2643 4613 άνοια.
2695 4568 2892 4633 Πρᾶττε
2939 4573 3214 4637 τοιγαροῦν
3258 4565 3282 4616 ὃ
3325 4565 3522 4637 βούλει,
3556 4572 3644 4618 καὶ
3690 4568 3761 4630 οἷς
3801 4568 3856 4620 ἀν

2275 4647 2452 4720 βούλει
2503 4647 2805 4721 παραδίδου
2867 4660 3072 4712 κακοῖς’
3137 4653 3338 4726 βέλτιον
3385 4659 3483 4728 γὰρ
3544 4660 3710 4709 πάντα
3763 4679 3856 4709 πα-

2275 4739 2376 4789 θεῖν
2435 4743 2699 4812 πρότερον,
2755 4739 2838 4799 ἱως
2894 4743 2951 4791 τὸ
3023 4751 3220 4816 φρονεῖν
3292 4747 3498 4816 ἔχομεν,
3562 4747 3591 4804 ἦ
3652 4755 3858 4799 τοιαῦτα

2275 4821 2472 4898 δρᾶσαι
2520 4829 2816 4884 πεισθῆναι.
2860 4837 3043 4901 Θυμοῦ
3092 4834 3157 4882 τὰ
3211 4833 3433 4906 ῥηθέντα
3480 4833 3736 4906 πληροῦσι
3776 4840 3854 4888 τὸν

2275 4911 2532 4972 δικαστὴν
2585 4919 2671 4966 καὶ
2717 4925 2808 4968 τοῦ
2847 4921 3038 4970 πείθειν
3093 4919 3360 4994 ἀπορήσας
3405 4921 3594 4997 ἐχώρει
3636 4927 3761 4998 πρὸς
3800 4929 3853 4977 τὸ

2275 5003 2578 5075 βιάζεσθαι.
2625 5005 2822 5057 Κελεύει
2865 5011 3058 5070 ταύτης
3106 5007 3439 5083 ἀφαιρεῖσθαι
3495 5017 3589 5069 τὴν
3647 5011 3851 5083 ἐσθῆτα,

2271 5098 2359 5143 καὶ
2405 5101 2590 5166 χεῖρας
2638 5094 2805 5147 ὀπίσω
2863 5093 3102 5149 δεθεῖσαν
3156 5096 3371 5170 ῥάϐδοις
3416 5099 3736 5170 βαρυτάτοις
3777 5106 3852 5154 τύ-

2270 5184 2506 5233 πτεσθαι.
2545 5183 2680 5235 Ἐπεὶ
2725 5181 2784 5236 δὲ
2819 5184 2965 5236 πλέον
3013 5187 3040 5243 ἡ
3092 5193 3246 5258 πεῖρα
3293 5192 3348 5240 τὸ
3401 5188 3612 5262 στερρὸν
3662 5187 3851 5244 ἐδείκνυ

2269 5277 2357 5321 τοῦ
2411 5276 2748 5343 φρονήματος,
2795 5280 2884 5326 xui
2932 5276 2962 5331 ἡ
3023 5277 3219 5347 μάρτυς
3263 5280 3326 5336 ὡς
3369 5277 3427 5328 ού
3474 5274 3844 5351 ῥαϐδιζομένη,

2267 5357 2392 5410 ἀλλά
2439 5357 2616 5431 ῥόδοις
2669 5361 2856 5432 μᾶλλον
2917 5361 3204 5434 βαλλομένη
3264 5362 3504 5431 διέκειτο,
3560 5365 3701 5437 μηδὲ
3749 5391 3848 5440 μω-

2265 5447 2442 5497 λώπων
2527 5458 2597 5500 τῶ

2686 5455 2885 5521 σώματι
2996 5451 3156 5513 αὐτῆς
3233 5452 3652 5526 ἐπιφαινομένων,
3732 5462 3848 5530 πρὸς

515 5521 714 5594 potius
728 5526 880 5577 esset
903 5520 1135 5596 affecta,
1163 5543 1235 5583 ne
1259 5507 1552 5588 Vibi-cibus
1569 5507 1814 5604 quidem
1827 5535 1886 5591 in
1899 5507 2152 5607 corpore

2569 5507 2576 5519 ,
2764 5507 2772 5521 ,
3111 5507 3155 5513 .,
3326 5507 3335 5525 ,
3466 5507 3477 5526 ,
3638 5507 3652 5519 ι
3733 5507 3846 5521 ην,

2274 5534 2506 5607 ὒμότητα
2556 5537 2742 5609 μᾶλλον
2796 5541 2821 5590 ὁ
2876 5535 3153 5604 δικαστὴς,
3210 5542 3497 5615 ἠρεθίζετο,
3549 5549 3634 5596 xui
3691 5511 3846 5620 ἀμγο-
