4144 6258
206 367 319 424 505

1099 353 1544 415 MARTYBIUM
1583 351 1644 406 s.
1683 335 1966 403 SOPHLE
2002 344 2092 440 ET
2129 349 2477 408 FILIARUM
2515 351 2701 409 EJUS.

3469 343 3575 404 506

211 497 385 568 ιέρους
438 491 600 550 αὐτῆς
653 491 937 546 ἐκκοπῆναι
987 487 1108 544 τοὺς
1164 485 1396 554 μαστοὺς
1478 475 1808 552 προστάττει.

1935 473 2061 568 ε]
2082 477 2532 546 apparentibus,
2557 475 2910 534 incitabatur
2933 474 3122 544 magis
3131 471 3312 544 judex
3335 471 3414 528 ad
3441 487 3574 528 cru.

209 588 314 636 Καὶ
370 580 433 641 ἧν
491 577 620 632 ἰδεῖν
669 576 715 630 ἐν
763 578 930 647 τούτῳ
977 574 1250 646 τεράστιόν
1297 591 1348 621 τι
1381 575 1597 640 πρᾶγμα
1647 581 1820 615 καινο-

208 675 556 744 τομούμενον.
617 667 758 718 Ἀντὶ
830 667 928 736 γὰρ
989 665 1208 734 αἵματος
1266 661 1474 732 κρουνοὶ
1551 651 1819 726 κατέρρεον

208 761 494 830 γάλακτος·
557 761 676 830 ὅπερ
731 759 821 807 καὶ
879 757 954 806 ἔτι
1009 752 1216 804 πλείονα
1271 757 1342 818 τῷ
1403 743 1676 804 δικάζοντι
1736 743 1818 791 τόν

216 851 385 922 θυμὸν
437 847 650 910 ἀνῆπτε,
705 849 794 896 καὶ
839 847 968 916 πρὸς
1009 839 1220 914 ἐσχάρᾳ
1261 836 1662 910 πυρακτωθείση
1711 829 1820 880 ἐπι-

213 942 430 998 τεθῆναι
505 939 701 992 ταύτην
782 930 1120 986 διεκελεύετο,
1189 927 1322 981 Ἀλλ’
1404 927 1576 996 ὥσπερ
1637 919 1820 976 ἐκεῖνος

215 1031 442 1102 πονηρὸς
501 1030 567 1078 ὤν
613 1027 840 1084 ἐπινοίας
894 1021 986 1072 οὐκ
1035 1019 1216 1091 ἠπόρει
1265 1017 1394 1087 πρὸς
1449 1015 1506 1064 τό
1559 1008 1816 1068 κολάζειν,

217 1117 383 1176 οὕτως
431 1117 456 1166 ό
488 1113 708 1184 Ἀγαθός
755 1110 905 1163 πάλιν
951 1105 1046 1160 διὰ
1086 1115 1184 1158 τῶν
1225 1104 1544 1174 ἐπαγομένων
1579 1095 1816 1158 δοξάζειν

219 1209 318 1263 τὴν
371 1204 524 1275 ἀγίαν
579 1201 637 1253 ού
697 1197 1044 1270 διελίμπανεν⁵
1117 1197 1238 1268 ὅπερ
1289 1188 1374 1244 οὖν
1426 1187 1694 1240 κάνταῦθα
1739 1187 1819 1254 γί-

217 1313 384 1348 νεται.
425 1295 494 1348 Τὸ
549 1297 650 1360 πῦρ
699 1291 798 1362 γὰρ
840 1287 999 1344 αὐτὴν
1036 1281 1334 1356 παραλαϐὁν
1368 1279 1539 1336 ἀπαθῆ
1594 1271 1818 1343 διετήρει

217 1385 316 1439 τὴν
369 1377 508 1432 ἰδίαν
565 1377 822 1430 ἀποϐαλόν
876 1375 1144 1446 ἐνέργειαν⁸
1211 1367 1324 1422 εἶτα
1382 1371 1472 1418 καὶ
1523 1360 1672 1422 αὖθις
1726 1359 1820 1433 ἀρ-

221 1472 402 1522 θεῖσαν
455 1469 662 1532 ἐκεῖθεν,
715 1466 782 1526 εἰς
832 1469 1052 1536 τήγανον
1103 1459 1363 1534 βληθῆναι
1415 1455 1602 1506 κελεύει
1646 1454 1814 1520 πίσσῃ

218 1554 506 1610 διακαυθεν
535 1561 624 1608 καὶ
656 1555 920 1627 ἀσφάλτῳ.
956 1553 1060 1624 Ἐφ’
1092 1551 1151 1602 οὗ
1185 1553 1358 1600 στᾶσα
1386 1549 1547 1616 μέσου
1582 1539 1816 1613 ἀτρέπτῳ

217 1652 312 1698 καὶ
362 1646 550 1698 ἀπαθεῖ
601 1653 673 1698 τῶ
715 1649 978 1720 προσώπῳ
1027 1645 1119 1697 τὴν
1175 1637 1363 1688 ἄνωθεν
1399 1631 1564 1684 έκάλει
1613 1627 1817 1680 ἐπικου-

217 1740 357 1808 ρίαν·
408 1740 494 1786 xui
541 1735 690 1796 εὐθὺς
721 1737 776 1784 τό
829 1739 932 1806 πῦρ
981 1729 1150 1782 οὐκέτι
1194 1722 1254 1784 ἧν
1295 1730 1417 1796 πῦρ,
1460 1725 1548 1771 καὶ
1591 1721 1649 1768 τὸ
1701 1714 1818 1787 φλέ-

1928 560 2250 629 delitatem,
2275 565 2510 634 etjubet
2540 565 2592 620 ei
2614 565 2909 620 mamillas
2936 561 3218 619 exscindi.
3251 563 3397 615 Tum
3437 559 3568 614 lice-

1929 649 2029 706 bat
2058 651 2116 706 in
2149 667 2217 707 ea
2239 654 2433 708 videre
2459 670 2584 709 rem
2639 671 2856 708 novam
2911 657 2969 707 et
3027 649 3458 723 prodigiosam.
3511 647 3570 702 Ei

1929 739 2085 793 enim
2117 757 2225 811 pro
2258 743 2548 812 sanguine
2569 742 2835 797 ﬂuebant
2863 740 2966 795 rivi
3011 740 3200 796 lactis.
3239 737 3409 802 Quod
3447 737 3572 807 qui-

1930 827 2064 882 dem
2089 829 2275 899 judici
2309 831 2594 902 majorem
2645 831 2841 886 adhuc
2869 831 3016 884 iram
3082 825 3464 889 accendebat,
3517 828 3572 878 et

1929 934 2110 988 supra
2142 919 2496 974 candentem
2537 920 2735 976 focum
2763 919 3088 990 eamjussit
3143 915 3390 984 imponi.
3454 911 3568 967 Sed

1927 1007 2236 1077 quomodo
2265 1007 2359 1062 ille
2387 1025 2523 1063 cum
2553 1014 2706 1064 esset
2759 1007 2970 1076 malus,
3005 1005 3171 1061 facile
3197 1001 3574 1069 excogitabat

1930 1095 2256 1167 supplicia:
2291 1097 2372 1151 ita
2403 1098 2579 1152 etiam
2613 1097 2809 1152 bonus
2841 1097 2995 1150 Deus
3017 1109 3122 1165 per
3147 1109 3218 1147 ea
3247 1091 3576 1162 quaeinter!-

1929 1187 2226 1250 tabantur,
2261 1190 2530 1241 sanctam
2551 1201 2670 1240 non
2703 1184 2978 1239 cessabat
3007 1181 3353 1250 gloriﬁcare.
3402 1177 3575 1245 Quod

1928 1275 2022 1329 hic
2053 1290 2295 1346 quoque
2323 1274 2611 1328 usuvenit.
2645 1273 2794 1328 Nam
2827 1289 2956 1327 cum
2985 1271 3137 1342 ignis
3179 1285 3330 1346 eam_
3361 1281 3574 1339 appre-

1929 1363 2252 1432 hendisset,
2305 1363 2693 1418 conservabat
2735 1361 3002 1422 illmsam,
3053 1359 3278 1414 amissa
3325 1342 3576 1428 .prOpria

1929 1453 2290 1524 operatione.
2327 1451 2544 1506 Deinde
2573 1467 2778 1506 rursus
2799 1465 3034 1523 quoque
3057 1448 3214 1503 illinc
3248 1445 3569 1509 sublatam,

1923 1540 2088 1610 iubet
2105 1542 2262 1612 injici
2278 1543 2336 1596 in
2352 1542 2709 1610 sartaginem
2725 1540 2854 1612 pice
2869 1553 3185 1594 accensam
3199 1541 3254 1590 et
3266 1535 3573 1590 bitumine.

1927 1631 1989 1685 In
2015 1631 2186 1700 cujus
2219 1635 2380 1684 stans
2410 1629 2630 1694 medio,
2657 1629 2950 1684 constanti
2983 1633 3038 1682 et
3069 1625 3316 1681 minime
3339 1623 3574 1678 turbato

1926 1718 2090 1774 vultu
2123 1735 2444 1790 supernum
2477 1718 2776 1775 invocavit
2813 1717 3122 1772 auxilium.
3175 1717 3238 1768 Et
3294 1711 3576 1766 continuo

219 1845 314 1895 γον
370 1825 442 1884 εἰς
518 1823 838 1894 ψυχρότητα
909 1817 1256 1892 μετεϐάλλετο,
1316 1815 1378 1872 ὡς
1437 1807 1606 1861 δοκεῖν
1673 1806 1816 1876 παρὰ

1935 1808 2081 1878 ignis
2103 1825 2221 1864 non
2249 1815 2372 1864 erat
2397 1809 2571 1878 ignis,
2605 1815 2661 1864 et
2690 1809 2866 1864 ardor
2896 1809 3160 1861 mutatus
3191 1803 3300 1858 fuit
3329 1803 3388 1858 in
3422 1801 3578 1869 frigi-

217 1913 430 1985 λειμῶνι
482 1909 746 1985 δροσώδει
795 1915 884 1963 καὶ
925 1908 972 1960 ἐν
1012 1913 1116 1979 πόᾳ
1159 1908 1260 1956 τινὶ
1301 1901 1506 1974 μαλακῇ
1541 1901 1634 1954 τὴν
1667 1895 1816 1966 ἁγίαν

225 1998 686 2054 διαναπαύσεσθαι
699 2045 710 2056 .

299 2090 375 2144 Η’.
431 2091 608 2150 Οὕτως
654 2087 740 2141 οὖν
787 2090 990 2140 πάντων
1047 2093 1146 2137 τῶν
1195 2083 1518 2154 ἐπαγομένων
1564 2075 1816 2130 κολαστηι

221 2184 349 2252 ρίων
391 2177 540 2230 οὐδὲν
585 2181 674 2249 μὲν
725 2183 816 2236 τὴν
873 2179 1116 2248 μάρτυρα
1163 2180 1255 2226 τοῦ
1305 2175 1538 2245 Χριστοῦ
1570 2165 1819 2238 βλαπτόν-

221 2287 342 2332 των,
393 2271 513 2328 τοὺς
561 2269 786 2338 ὁρῶντας
841 2264 900 2318 δὲ
943 2265 1131 2336 μᾶλλον
1186 2263 1255 2323 εἰς
1311 2263 1486 2330 θαῦμα
1522 2257 1818 2318 κινούντων,

222 2355 318 2406 οῦκ
349 2357 484 2425 ἔχων
517 2355 543 2406 ὃ
595 2374 646 2406 τι
688 2361 778 2407 καὶ
829 2352 1067 2426 δράσειεν
1121 2353 1146 2402 ό
1192 2356 1283 2402 τοῦ
1325 2351 1552 2419 πονηροῦ
1605 2347 1822 2414 γνήσιος

577 2447 662 2496 τόν
731 2439 824 2496 διὰ
913 2443 1084 2513 ξίφους
1139 2441 1352 2492 θάνατον
1440 2434 1822 2504 ἀποφθέγγεται

225 2534 342 2586 κατ’
393 2533 572 2594 αὐτῆς.
622 2530 696 2584 Οὖ
752 2530 1162 2604 διαγγελθέντος,
1215 2527 1400 2600 φανερά
1452 2521 1511 2580 ἧν
1556 2524 1584 2580 ἡ
1619 2523 1822 2592 μάρτυς

227 2622 428 2696 πλήρης
482 2619 616 2674 οὖσα
663 2629 856 2695 χαρᾶς·
911 2627 970 2692 τῇ
1023 2622 1184 2692 μητρί
1237 2635 1289 2668 τε
1341 2619 1577 2687 προσῆγε
1636 2605 1818 2666 δέησιν

227 2713 352 2786 ὑπὲρ
403 2713 656 2784 θυγατρὸς
705 2713 977 2782 εὔχεσθαι,
1028 2713 1117 2760 καὶ
1169 2713 1280 2765 ταῖς
1310 2700 1558 2773 ἀδελφαῖς
1601 2701 1819 2771 παρῄνει

228 2797 391 2872 μηδὲν
439 2808 530 2861 τῆς
582 2804 702 2873 πρὸς
755 2803 814 2852 τό
856 2796 1096 2870 βραϐεῖον
1147 2803 1238 2853 τῆς
1281 2794 1384 2844 οἶνω
1421 2789 1654 2848 κλήσεως
1697 2787 1821 2836 καθ-

227 2897 429 2960 υφεῖναι
494 2885 760 2948 σπουδῆς
827 2883 1041 2948 Οἳδατε,
1103 2883 1347 2952 λέγουσα,
1395 2881 1496 2929 τίνι
1549 2873 1823 2934 συνεταξά-

231 2979 384 3048 μεθα,
444 2981 534 3026 καὶ
587 2975 646 3028 οὗ
697 2983 758 3046 τῇ
819 2969 1074 3044 σφραγῖδι
1131 2967 1568 3036 ἐνεσημάνθημεν.
1628 2963 1823 3013 Τούτου

232 3065 306 3126 εἰς
360 3067 586 3136 ἔσχατον
641 3063 876 3134 ἐμμεῖναι
922 3067 982 3131 τῇ
1031 3057 1281 3130 ὁμολογίᾳ
1319 3059 1388 3126 μή
1434 3051 1820 3119 ἐκκακήσωμεν·

224 2445 504 2517 ὑπηρέτης,

1925 1897 2167 1952 ditatem
2205 1913 2217 1950 :
2260 1897 2411 1952 adeo
2437 1903 2500 1952 ut
2532 1897 2822 1952 videretur
2847 1894 2904 1948 in
2935 1892 3169 1948 roscido
3220 1895 3388 1963 prato
3418 1893 3476 1944 et
3513 1888 3572 1944 in

1927 1983 2088 2042 molli
2122 1986 2307 2041 herba
2337 1988 2543 2041 sancta
2569 1985 2954 2054 requiescere.

1997 2085 2142 2140 VIII.
2178 2085 2270 2140 Sic
2293 2099 2430 2152 ergo
2461 2083 2766 2146 omnibus,
2799 2097 2933 2152 quae
2955 2079 3380 2144 inferebantur,
3437 2089 3576 2146 sup-

1931 2173 2116 2246 pliciis
2143 2177 2466 2244 martyrem
2493 2171 2736 2242 quidem
2769 2169 2974 2224 Christi
3027 2166 3170 2223 nihil
3199 2165 3572 2229 laadentibus,

1931 2279 2032 2319 eos
2053 2267 2252 2316 autem
2285 2259 2792 2332 quiaspiciebant,
2839 2257 3209 2312 moventibus
3254 2254 3331 2310 ad
3386 2251 3576 2310 admi-

1931 2349 2242 2416 rationem,
2275 2350 2545 2404 ncsciens
2577 2347 2866 2419 quidnam
2895 2349 3094 2416 ageret
3125 2343 3370 2412 maligni
3411 2341 3579 2396 mini-

1932 2441 2050 2492 ster
2080 2453 2425 2507 germanus,
2452 2437 2512 2490 in
2567 2454 2700 2492 eam
2751 2435 2955 2490 mortis
3009 2433 3210 2502 gladio
3256 2430 3579 2485 inferenda

1929 2528 2277 2595 pronuntiat
2307 2527 2677 2582 sententiam.
2709 2524 2880 2590 Quod
2907 2539 3044 2578 cum
3070 2525 3224 2576 esset
3250 2519 3303 2574 ei
3359 2533 3578 2572 renun-

1930 2614 2158 2678 tiatum,
2189 2620 2459 2685 apertum
2495 2621 2637 2680 erat,
2667 2612 2892 2682 gaudio
2933 2611 3172 2682 plenam
3214 2623 3341 2663 esse
3364 2611 3580 2678 marty-

1929 2717 2076 2758 rem.
2129 2704 2271 2768 Quaa
2305 2707 2552 2758 matrem
2585 2705 2672 2757 est
2703 2706 2954 2772 precata,
2978 2703 3042 2754 ut
3070 2702 3261 2754 oraret
3292 2711 3398 2767 pro
3429 2693 3574 2760 ﬁlia,

1931 2795 1989 2846 et
2027 2807 2258 2846 sorores
2290 2795 2377 2846 est
2407 2790 2737 2858 exhortata,
2779 2793 2842 2844 ut
2874 2803 2994 2842 non
3026 2786 3366 2841 dubitarent
3419 2783 3570 2839 mori

1931 2894 2039 2949 pro
2062 2881 2477 2948 consequendo
2515 2879 2720 2934 bravio
2751 2881 2985 2932 aeterna:
3038 2874 3362 2930 vocationis
3391 2889 3404 2927 :
3467 2871 3580 2927 Sci-

1937 2967 2269 3032 tis,dicens,
2325 2968 2418 3022 cui
2459 2983 2679 3022 nomen
2733 2966 3007 3020 dedimus
3047 2971 3101 3018 et
3148 2963 3320 3031 cujus
3371 2975 3581 3014 sumus

1937 3057 2184 3124 signatas
2211 3055 2535 3124 signaculo.
2567 3055 2632 3109 In
2659 3057 2786 3124 ejus
2815 3053 2889 3108 ad
2939 3053 3118 3106 ﬁnem
3151 3065 3338 3121 usque
3398 3046 3582 3119 persi-

231 3159 329 3225 μία
355 3159 528 3225 μήτηρ
579 3154 718 3224 ἡμᾶς
757 3150 1006 3222 ἐγείνατο,
1062 3149 1092 3206 ἠ
1145 3145 1274 3203 αὐτὴ
1319 3147 1408 3202 τάς
1454 3146 1589 3212 τρεῖς
1631 3137 1826 3210 ἀνεθρέ-

1938 3150 2085 3198 stere
2112 3143 2504 3206 confessione,
2535 3159 2608 3198 ne
2643 3142 2884 3212 ignavia
2911 3141 3180 3196 adductae
3207 3138 3575 3192 dubitemus.

228 3243 386 3314 ψατο,
445 3243 544 3294 ὑπὸ
597 3248 717 3312 μιᾶς
777 3239 1061 3312 ἐτράφημεν
1121 3239 1212 3292 τὴν
1275 3234 1577 3303 σωματικὴν
1636 3231 1828 3301 τροφήν

229 3351 284 3384 τε
339 3336 430 3382 καὶ
477 3335 570 3387 τὴν
617 3333 989 3400 πνευματικήν·
1039 3327 1086 3378 ἓν
1117 3328 1175 3376 τό
1215 3322 1349 3382 τέλος
1379 3325 1468 3371 καὶ
1502 3325 1615 3378 ταῖς
1654 3320 1827 3387 τρισὶν

229 3423 383 3487 ἔστω,
438 3426 548 3479 ταῖς
625 3415 870 3488 ἀδελφαῖς
927 3413 1122 3486 ἀδελφά
1181 3417 1390 3484 φανήτω
1447 3411 1536 3459 καὶ
1585 3408 1650 3458 τὰ
1707 3423 1827 3476 φρο-

229 3515 452 3580 νήματα·
501 3509 687 3560 οἰκεῖον
728 3503 1026 3575 ὑπόδειγμα
1070 3509 1186 3564 ταῖς
1216 3500 1325 3574 μετ’
1358 3498 1537 3566 αὐτὴν³
1583 3497 1609 3554 ἡ
1643 3500 1822 3566 πρώτη

227 3601 471 3669 γενέσθω.
524 3601 740 3657 Τούτοις
801 3599 855 3648 αἱ
906 3592 1127 3665 ἀδελφαὶ
1203 3598 1314 3652 τοῖς
1364 3589 1536 3659 λόγοις
1609 3584 1824 3658 ἐπιρρω-

231 3689 462 3750 σθεῖσαι,
512 3691 602 3738 καὶ
663 3690 756 3744 τὴν
813 3685 1055 3758 μάρτυρα
1107 3685 1493 3756 προσειποῦσαι
1545 3677 1610 3726 τὰ
1660 3673 1826 3725 τελευ-

227 3783 354 3828 ταῖα
401 3781 490 3828 καὶ
569 3774 956 3844 ἀσπασάμεναι,
1031 3771 1206 3834 ἠξίουν
1280 3771 1405 3841 ὑπὲρ
1489 3765 1652 3816 αὐτῶν
1729 3768 1820 3813 τοῦ

227 3871 405 3916 κοινοῦ
465 3860 720 3922 δεηθῆναι
777 3864 1059 3926 Δεσπότου,
1118 3862 1204 3911 τὸν
1265 3860 1377 3908 ἴσον
1435 3854 1565 3924 αύτῇ
1629 3848 1822 3925 δρόμον

229 3951 450 4008 διελθεῖν
529 3952 898 4028 ἁπροσκόπως,
953 3951 1036 4002 ἵνα
1085 3953 1172 4000 καὶ
1232 3955 1332 3998 τῶν
1376 3947 1504 3997 ’ίσων
1559 3940 1822 4003 ἀξιωθῶσι

229 4045 507 4115 στεφάνων.

301 4140 382 4186 Θ.
463 4139 501 4184 Η
561 4129 620 4184 δε
668 4151 876 4202 γενναια
949 4147 1124 4202 μητηρ
1201 4121 1351 4178 ουδεν
1428 4140 1624 4194 αγεννες
1697 4115 1820 4170 ουδε

223 4221 562 4294 μικρόψυχον
613 4239 666 4272 τι
699 4225 788 4272 καὶ
827 4224 1118 4290 γυναικεῖον
1150 4218 1464 4285 πάσχουσα,
1501 4209 1607 4260 ἀλλ’
1647 4210 1819 4276 ὥσπερ

224 4308 509 4382 αιδουμένη
565 4313 802 4362 ταπεινόν
847 4313 934 4360 καὶ
999 4306 1203 4367 ἀνάξιον
1258 4303 1512 4372 θυγατρός
1577 4299 1823 4352 τοιαύτης

225 4405 318 4451 καὶ
371 4401 550 4451 παθεῖν
601 4403 690 4450 καὶ
732 4397 908 4460 εἰπεῖν,
965 4395 1088 4452 ὅλως
1139 4389 1200 4448 ἧν
1244 4389 1442 4459 ὑψηλὴ,
1485 4385 1610 4444 ὅλως
1659 4401 1823 4454 μεγα-

1940 3235 2065 3288 Una
2093 3236 2280 3286 mater
2309 3246 2420 3285 nos
2451 3231 2672 3299 genuit,
2703 3230 2908 3284 eadem
2965 3235 3080 3282 tres
3113 3228 3276 3291 aluit,
3337 3225 3414 3280 ab
3459 3239 3582 3278 una

1935 3337 2144 3374 sumus
2197 3319 2465 3374 educatae
2522 3321 2644 3372 tam
2706 3316 2994 3387 corporali
3052 3315 3332 3368 alimento
3398 3326 3583 3382 quam

1934 3407 2176 3478 spiritali
2211 3407 2322 3462 :sit
2352 3423 2508 3462 unus
2541 3405 2675 3460 ﬁnis
2708 3405 2882 3459 etiam
2906 3403 3113 3462 tribus,
3144 3399 3448 3456 sororibus
3467 3398 3585 3454 sint

1935 3497 2175 3552 sororiaa
2203 3501 2258 3550 et
2287 3511 2590 3567 germanae
2622 3494 2978 3549 voluntates.
3014 3493 3095 3548 Sit
3148 3489 3344 3561 prima
3382 3488 3584 3542 dome-

1936 3587 2150 3642 sticum
2183 3585 2508 3654 exemplar,
2545 3584 2616 3638 iis
2648 3597 2782 3654 quae
2811 3598 2942 3636 eam
2980 3581 3440 3647 consequentur.
3479 3575 3580 3629 His

1933 3675 2130 3732 verbis
2161 3674 2529 3730 conﬁrmatae
2577 3687 2828 3734 sorores,
2879 3685 3014 3725 cum
3075 3671 3390 3738 martyrem
3447 3664 3586 3720 allo-

1933 3769 2201 3837 quentes,
2231 3769 2560 3817 extremum
2589 3763 2637 3816 ei
2665 3760 2792 3814 vale
2821 3757 3126 3825 dixissent,
3187 3759 3474 3822 rogarunt
3521 3759 3586 3808 ut

1935 3869 2041 3926 pro
2067 3869 2128 3908 se
2154 3867 2538 3908 communem
2572 3853 2913 3922 precaretur
2961 3846 3300 3908 Dominum,
3347 3847 3410 3898 ut
3458 3843 3586 3897 sine

1930 3942 2263 3998 offensione
2293 3956 2536 3996 cursum
2567 3937 2616 3994 ei
2650 3953 2855 4009 parem
2886 3938 3256 4008 peragerent,
3295 3938 3360 3986 ut
3411 3946 3585 4003 pares

1930 4047 2172 4104 quoque
2197 4032 2701 4101 consequerentur
2719 4040 2973 4081 coronas
2990 4067 3002 4080 .

2003 4121 2088 4173 1x.
2160 4120 2454 4172 Generosa
2504 4121 2703 4170 autem
2761 4117 2968 4176 mater,
3027 4126 3146 4164 non
3203 4107 3582 4170 illiberaliter,

1929 4223 2123 4277 neque
2152 4205 2364 4274 pusillo
2395 4209 2451 4258 et
2475 4203 2815 4256 effeminato
2846 4199 3049 4254 animo
3081 4213 3144 4252 se
3196 4212 3427 4268 gerens,
3483 4195 3587 4249 sed

1933 4293 2178 4366 perinde
2205 4307 2272 4345 ac
2301 4289 2658 4344 erubescens
2683 4288 2904 4358 aliquid
2965 4287 3178 4350 facere,
3230 4289 3332 4339 aut
3372 4283 3582 4344 dicere,

1933 4381 2092 4455 quod
2129 4384 2280 4434 esset
2308 4379 2608 4449 abjectum
2653 4383 2707 4431 et
2758 4375 3067 4444 indignum
3113 4373 3212 4428 tali
3267 4372 3410 4430 ﬁlia,
3463 4374 3588 4426 erat

227 4488 446 4561 λόφρων,
481 4493 632 4537 τοῦτο
684 4486 977 4553 λυπουμένη
1026 4485 1200 4550 μόνον,
1251 4481 1320 4547 μὴ
1381 4477 1470 4534 τὰς
1516 4471 1672 4532 οῦιλας
1713 4467 1824 4522 ’ἴδοι

1935 4469 2181 4528 omnino
2211 4467 2410 4540 magni
2440 4473 2494 4522 et
2519 4465 2728 4522 excelsi
2763 4463 3138 4528 animi,banc
3161 4465 3356 4516 solum
3383 4459 3586 4515 animo

233 4579 420 4646 μικρὸν
475 4593 528 4626 τι
577 4580 668 4624 τοῦ
723 4567 1150 4644 παραδείγματος
1214 4572 1309 4626 τῆς
1369 4568 1576 4636 πρώτης
1629 4559 1826 4612 ἀπολει-

236 4665 472 4735 φθείσας,
513 4666 603 4712 xui.
651 4657 962 4730 κινδυνεύσῃ
1009 4662 1132 4728 μιᾶς
1163 4655 1382 4727 ὀφθῆναι
1425 4655 1586 4724 μόνης
1633 4653 1720 4700 καὶ
1769 4647 1825 4699 ού

233 4759 390 4826 τριῶν
429 4753 671 4802 τοιούτων
723 4747 852 4800 εἶναι
901 4752 1076 4820 μήτηρ
1133 4747 1343 4816 γνησία.
1409 4744 1494 4794 Διὸ
1539 4744 1629 4790 καὶ
1664 4737 1828 4800 ἀξίοις

235 4847 324 4900 την
389 4836 561 4892 παῖδα
637 4843 928 4913 προέπεμπε
983 4837 1178 4908 λόγοις·
1239 4835 1374 4904 Ἐγὼ
1441 4833 1528 4902 μέν
1604 4848 1680 4892 σε,
1744 4829 1828 4880 θύ-

233 4949 414 5003 γατερ,
467 4929 736 5000 ἐγέννησα,
784 4927 1031 4998 λέγουσα,
1076 4929 1164 4976 καὶ
1207 4927 1389 4981 πόνους
1437 4916 1635 4972 ὠδίνων
1681 4918 1828 4992 ἐκαρ-

235 5025 434 5094 τέρησα
486 5017 566 5070 ἐπὶ
617 5023 720 5078 σοὶ,
778 5021 866 5068 καὶ
915 5015 984 5074 εἰς
1030 5016 1176 5066 τοῦνό
1225 5031 1280 5062 σε
1325 5010 1526 5068 ἡλικίας
1570 5011 1831 5081 τρέφουσα

235 5111 456 5180 ἣγαγον·
507 5106 638 5164 πλὴν
687 5104 814 5156 ἀλλά
866 5103 1049 5174 ἀπέχω
1105 5103 1170 5153 τά
1222 5106 1442 5172 τροφαῖα
1488 5106 1596 5160 νῦν,
1645 5095 1828 5166 ἀπέχω

236 5205 337 5250 τῶν
397 5201 563 5249 πόνων
642 5197 730 5254 ra;
789 5189 1080 5250 ἀντιδόσεις
1155 5188 1323 5259 πολλῳ
1377 5195 1448 5256 τῷ
1503 5186 1704 5258 μείζονι
1769 5183 1826 5236 Εἰ

236 5291 332 5358 γάρ
387 5290 476 5337 καὶ
523 5281 714 5354 μηδεὶς
757 5279 978 5334 δύναται
1005 5287 1242 5350 γονεῦσιν
1272 5273 1572 5329 ἀντιδοῦναι
1599 5275 1828 5346 χάριτας

239 5380 358 5436 ἴσας
413 5382 544 5438 (πῶς
597 5374 698 5444 γὰρ
765 5370 889 5442 παρ’
937 5370 1002 5420 ὧν
1057 5367 1182 5418 αύτό
1237 5369 1294 5418 τὸ
1349 5363 1476 5416 εἶναι
1529 5363 1726 5434 εἴληφεν
1761 5363 1826 5432 ;)

237 5463 364 5516 ἀλλα
442 5465 506 5513 σύ
579 5479 664 5531 μοι
737 5460 906 5510 πάντα
981 5455 1383 5527 μεγαλοπρεπῶς
1461 5447 1825 5512 ἀποδέδωκας,

235 5555 481 5610 τοιαύτης
531 5549 615 5620 ἐμὲ
665 5550 919 5619 θυγατρὸς
961 5547 1159 5618 μητέρα
1208 5538 1445 5603 δείξασα,
1497 5540 1659 5602 οὕτως
1699 5541 1825 5612 ὑπὲρ

239 5647 470 5716 Χριστοῦ
517 5637 902 5713 μεγαλοψύχως
959 5633 1257 5696 ἀθλήσασα.
1337 5633 1470 5706 Πρὸς
1525 5631 1576 5682 ὃν
1649 5629 1822 5693 ἄπιθι,

1936 4558 2232 4630 accipiens
2257 4555 2608 4616 molestiam.
2644 4570 2717 4609 ne
2739 4552 2962 4608 videret
2983 4550 3130 4606 alias
3155 4551 3359 4621 primm
3393 4563 3588 4602 exem-

1935 4651 2102 4723 plum
2144 4662 2260 4701 non
2297 4644 2556 4716 assequi,
2598 4647 2656 4697 et
2716 4641 2934 4696 veniret
2991 4641 3050 4693 in
3102 4637 3456 4708 periculum,
3509 4650 3582 4688 ne

1936 4739 2112 4794 unius
2139 4736 2322 4790 solius
2381 4739 2436 4788 et
2478 4747 2598 4787 non
2653 4731 2828 4784 trium
2888 4728 3184 4782 videretur
3231 4741 3356 4780 esse
3401 4727 3590 4777 mater

1938 4840 2242 4898 germana.
2278 4822 2561 4889 Quocirca
2590 4819 2774 4874 ﬁliam
2803 4817 2996 4885 dignis
3029 4813 3225 4870 verbis
3269 4825 3590 4884 proseque-

1939 4917 2148 4972 batur:
2186 4917 2303 4982 Ego
2333 4910 2602 4983 quidem,
2629 4924 2664 4962 ο
2695 4907 2834 4970 ﬁlia,
2893 4912 2944 4960 te
2999 4903 3198 4972 genui,
3250 4901 3474 4964 dicens,
3535 4903 3590 4954 et

1941 5007 2177 5076 propter
2203 5008 2252 5054 te
2281 4999 2382 5054 tuli
2411 5002 2610 5068 partus
2665 4995 2920 5058 dolores,
2978 4997 3030 5046 et
3055 4996 3110 5046 te
3163 4990 3428 5044 nutriens
3485 4987 3588 5042 de-

1939 5075 2082 5148 duxi
2113 5091 2188 5146 ad
2219 5091 2376 5145 hanc
2425 5103 2612 5158 usque
2665 5089 2936 5140 aetatem:
2995 5079 3098 5135 sed
3153 5093 3312 5132 nunc
3360 5075 3589 5148 accipio

1943 5180 2276 5236 mercedem
2319 5177 2760 5236 alimentorum,
2778 5169 3001 5240 accipio
3023 5166 3299 5222 laborum
3318 5179 3592 5220 remune-

1939 5270 2214 5332 rationes,
2262 5279 2485 5336 easque
2545 5259 2964 5330 mutiplicatas.
3025 5259 3172 5311 Nam
3215 5252 3330 5309 etsi
3390 5252 3590 5308 nullus

1938 5357 2126 5430 possit
2147 5371 2350 5427 parem
2371 5351 2620 5420 gratiam
2649 5347 2863 5402 referre
2883 5343 3228 5417 parentibus
3257 5341 3589 5414 (quomodo

1939 5426 2096 5502 enim
2115 5426 2252 5499 cum
2268 5442 2344 5498 ab
2363 5441 2432 5495 iis
2451 5441 2666 5510 ipsum.
2697 5435 2862 5508 quod
2883 5451 3114 5498 sumus,
3137 5426 3589 5502 acceperimus?)

1939 5539 2000 5591 tu
2034 5543 2228 5590 tamen
2255 5531 2398 5586 mihi
2421 5527 2626 5586 omnia
2651 5523 3027 5580 abundanter
3075 5520 3402 5582 reddidisti,
3449 5533 3589 5571 cum

1937 5641 2034 5684 me
2059 5623 2193 5684 talis
2249 5619 2382 5676 ﬁliae
2442 5603 2694 5676 matrem
2751 5628 2880 5672 esse
2935 5611 3297 5679 ostenderis,
3353 5611 3408 5664 et
3467 5609 3592 5664 tam
