4144 6258
589 238 698 295 507

590 362 907 426 magniﬁce
929 377 1036 433 pro
1058 361 1284 418 Christo
1301 359 1712 415 decertaveris.
1736 360 1820 415 Ad
1857 373 2035 431 quem
2069 353 2238 414 vade,
2275 345 2317 398 A

590 453 733 515 filia,
756 452 928 521 vade,
958 457 1059 506 tuo
1093 450 1384 517 sanguine
1415 465 1524 519 pro
1554 465 1624 504 eo
1673 449 1879 504 effecta
1917 458 2238 518 purpurea,

593 556 715 613 quo
748 545 848 594 tuo
879 555 1104 610 sponso
1135 538 1538 609 conspicieris,
1571 554 1693 609 quo
1725 554 1927 592 coram
1983 536 2116 605 ipso
2162 530 2239 585 si-

593 627 760 682 steris
789 627 1000 698 quovis
1048 627 1240 682 colore
1284 632 1340 682 et
1384 627 1526 682 ﬂore
1571 627 1838 682 colorata
1902 621 2237 696 speciosius.

590 717 724 770 Haec
756 732 894 771 cum
925 715 1023 770 illa
1042 732 1076 770 a
1098 715 1406 770 sororibus
1430 720 1484 769 et
1512 721 1698 770 matre
1730 714 2072 776 audivisset,
2105 725 2242 781 por-

591 810 750 860 recta
801 805 1082 860 continuo
1138 804 1387 872 cervice,
1431 804 1484 859 ei
1536 809 1710 876 caput
1762 805 2140 871 amputatur:
2186 802 2241 853 et

594 893 921 949 sustollitur
949 894 1022 947 ad
1055 893 1368 957 Christum,
1403 893 1504 964 qui
1535 898 1621 948 est
1642 896 1820 963 caput
1852 890 2148 946 omnium.

664 983 738 1036 Χ.
770 982 989 1052 lmpius
1021 986 1220 1036 autem
1245 982 1426 1051 judex
1449 997 1566 1036 non
1599 981 1793 1036 ferens
1822 977 2238 1044 ignominiam,

595 1086 668 1126 ex
697 1087 757 1125 se
783 1075 967 1141 partae
995 1070 1252 1124 victoriae
1283 1069 1568 1124 damnum
1632 1069 1931 1138 cogitabat
1987 1083 2056 1122 ex
2112 1065 2240 1121 aliis

588 1173 866 1229 reparare
898 1157 1120 1212 :multo
1159 1161 1356 1211 autem
1392 1157 1577 1225 magis
1604 1173 1710 1227 per
1739 1172 1839 1210 eas
1863 1170 2105 1228 quoque
2156 1153 2239 1207 vi-

592 1250 720 1300 ctus
733 1246 1032 1316 apparuit.
1051 1243 1348 1299 Continuo
1365 1258 1506 1311 ergo
1537 1246 1815 1298 accersita
1837 1258 1928 1308 ea,
1949 1258 2084 1312 quae
2117 1244 2242 1295 erat

591 1334 892 1388 secunda:
924 1332 1106 1387 Crede
1159 1332 1322 1399 mihi,
1373 1332 1584 1403 inquit,
1625 1332 1767 1396 ﬁlia,
1818 1336 1873 1386 et
1924 1347 2061 1386 cum
2110 1345 2239 1384 ma-

589 1422 816 1476 ximam
844 1421 1019 1476 deam
1069 1421 1317 1476 Dianam
1379 1421 1744 1488 adoraveris,
1795 1421 1932 1476 laeta
1976 1418 2236 1473 discede.

590 1509 690 1564 Illa
721 1517 940 1577 autem,
973 1509 1122 1580 Spes
1185 1524 1406 1573 revera,
1459 1525 1594 1579 quae
1652 1509 1882 1580 pudore
1918 1507 2073 1562 aﬂici
2119 1521 2238 1560 non

590 1603 786 1668 potest
809 1619 821 1652 :
843 1599 1178 1662 Quomodo,
1202 1597 1411 1668 inquit,
1445 1598 1741 1652 credidisti
1775 1614 1867 1651 me
1896 1613 2024 1651 esse
2075 1611 2238 1649 soro-

586 1702 712 1741 rem
753 1685 1166 1756 praecedentis,
1201 1687 1367 1756 cujus
1393 1687 1516 1757 jam
1550 1686 1734 1740 fecisti
1763 1685 2088 1757 periculum
2117 1706 2128 1736 :
2158 1683 2238 1739 ita
2275 1684 2316 1738 B

590 1778 692 1829 tuo
712 1776 785 1830 sit
819 1775 993 1829 etiam
1013 1775 1214 1829 animo
1237 1790 1616 1846 persuasum,
1653 1775 1776 1830 fore
1807 1779 1871 1829 ut
1901 1773 2238 1829 constantia

591 1863 924 1932 conspiciar
945 1863 1074 1932 ejus
1107 1879 1310 1918 soror:
1354 1868 1409 1918 et
1439 1864 1582 1918 nihil
1633 1879 1763 1918 esse
1818 1864 2064 1919 omnino
2127 1878 2236 1917 nec

590 1950 813 2015 laetum,
843 1966 950 2005 nec
983 1951 1321 2012 molestum,
1350 1952 1510 2022 quod
1557 1968 1652 2006 me
1689 1951 1768 2006 ab
1813 1951 1926 2006 hac
1966 1950 2238 2006 traducat

585 2040 930 2094 constantia.
960 2041 1090 2094 Hac
1121 2057 1257 2094 cum
1289 2041 1381 2095 ille
1410 2041 1690 2104 audisset,
1720 2041 2077 2096 convertitur
2101 2056 2238 2094 con-

588 2128 755 2182 tinuo
790 2128 865 2182 ad
899 2128 1290 2197 puniendum,
1321 2130 1649 2199 producere
1689 2129 2234 2195 interrogationem,

584 2217 761 2270 inane
799 2217 1222 2286 essejudicans
1253 2223 1310 2272 et
1342 2234 1874 2288 supervacaneum.
1906 2221 2069 2272 Veste
2096 2233 2237 2285 ergo

584 2305 895 2368 nudatam,
923 2305 1090 2375 jubet
1118 2306 1306 2374 ipsam
1339 2323 1598 2379 quoque,
1624 2308 1772 2362 sicut
1798 2307 2077 2377 primam,
2108 2323 2234 2361 cru-

585 2393 676 2447 dis
709 2392 893 2447 boum
926 2394 1117 2448 nervis
1150 2395 1458 2464 ﬂagellari.
1491 2399 1636 2452 Cum
1677 2401 1875 2451 autem
1937 2412 2048 2468 par
2091 2411 2238 2466 sup-

585 2479 828 2551 plicium
895 2484 1212 2546 sustinens,
1277 2484 1325 2538 ei
1377 2500 1615 2554 quoque
1664 2500 1872 2555 parem
1907 2484 2238 2538 ostenderet

586 2567 1014 2634 fortitudinem,
1049 2573 1244 2640 major
1265 2573 1546 2641 irajudici
1575 2579 1661 2628 est
1690 2574 1938 2628 excitata
1969 2572 2240 2642 :etjubet

585 2655 884 2712 fornacem
936 2658 1104 2713 valde
1143 2675 1472 2725 accensam,
1520 2661 1924 2716 venerandam
1971 2660 2239 2730 excipere

587 2750 929 2816 martyrem.
968 2748 1077 2801 Sed
1114 2749 1266 2802 Deus
1310 2749 1524 2802 sororis
1573 2750 1700 2818 ejus
1751 2764 1992 2820 quoque
2033 2762 2237 2801 curam

586 2833 830 2902 gerebat
859 2835 1142 2890 similiter.
1198 2836 1458 2907 ldipsum
1520 2842 1717 2891 autem
1778 2852 1935 2891 nunc
1995 2851 2238 2907 quoque

587 2922 818 2985 accidit,
857 2924 1016 2994 quod
1044 2924 1101 2978 in
1133 2923 1376 2979 ﬂamma
1409 2925 1769 2995 Babylonica
1798 2943 1809 2989 ;
1843 2941 1983 2980 nam
2015 2927 2238 2986 ingres-

589 3025 716 3063 sam
789 3017 1108 3082 martyrem
1175 3012 1421 3068 ﬂamma
1489 3030 1872 3086 nequaquam
1937 3015 2233 3078 tangebat.

587 3099 903 3169 Propterea
934 3117 1072 3169 ergo
1100 3104 1244 3173 Spes
1274 3102 1573 3158 emittebat
1595 3119 1791 3169 voces,
1819 3104 2037 3175 quibus
2061 3103 2235 3158 simul

586 3193 642 3241 et
674 3189 894 3254 gratias
913 3194 1131 3256 ageret,
1158 3195 1212 3245 et
1235 3191 1612 3263 supplicaret.
1639 3192 1868 3261 Agebat
1914 3193 2072 3248 enim
2101 3209 2233 3263 gra-

588 3276 698 3330 tias
721 3277 856 3342 Deo,
880 3278 1039 3348 quod
1066 3278 1123 3333 in
1157 3280 1329 3334 malis
1356 3280 1542 3336 illmsa
1595 3280 1796 3335 fuisset
1845 3285 2231 3336 conservata:

591 3364 969 3434 supplicabat
999 3371 1199 3422 autem
1243 3373 1552 3439 propterea
1613 3385 1747 3439 quae
1781 3374 1947 3423 erant
2014 3367 2231 3431 futura,

588 3451 740 3506 utin
771 3453 1054 3508 omnibus
1080 3455 1213 3509 illus
1254 3471 1472 3512 nomen
1525 3456 1971 3527 gloriﬁcaretur,
2033 3460 2084 3512 et
2126 3472 2233 3527 pu-

583 3539 728 3594 dore
760 3541 1129 3597 afficerentur
1159 3544 1344 3616 impii.

652 3628 758 3683 XI.
791 3631 929 3682 Eam
963 3646 1102 3696 ergo
1134 3647 1254 3686 non
1303 3633 1587 3688 reveritus
1615 3634 1854 3704 impius,
1889 3651 2069 3704 quam
2106 3634 2235 3701 ipse

588 3730 828 3786 quoque
869 3716 1020 3783 ignis
1038 3718 1200 3772 visus
1248 3725 1334 3774 est
1376 3723 1648 3783 revereri,
1683 3722 1850 3792 jubet
1899 3738 2029 3776 eam
2074 3723 2235 3791 ligno

579 3802 882 3870 suspendi.
935 3808 992 3856 et
1057 3804 1252 3859 ferreis
1294 3807 1498 3862 laniari
1558 3809 1813 3872 ungulis.
1877 3809 1978 3863 llla
2036 3816 2236 3865 autem

581 3897 720 3943 tunc
751 3906 992 3962 quoque
1015 3893 1286 3948 eamdem
1313 3910 1432 3963 prie
1467 3913 1526 3949 se
1564 3897 1782 3951 ferebat
1803 3898 1979 3952 animi
2011 3898 2236 3968 magni-

585 3978 872 4044 tudinem,
907 3996 1090 4051 quam
1120 3981 1177 4036 in
1207 3983 1380 4038 malis
1403 3985 1862 4055 przecedentibus
1879 3985 2230 4042 ostenderat.

584 4064 986 4132 Quamobrem
1043 4070 1299 4126 liberalis
1360 4074 1602 4144 quidem
1665 4075 1850 4141 gratia
1904 4075 2237 4131 illustrabat

575 4154 799 4223 oculos,
877 4157 1164 4214 membris
1233 4176 1367 4215 vero
1424 4161 1754 4219 dilaceratis
1815 4165 2061 4234 quidam
2087 4163 2236 4219 odor

577 4243 779 4297 suavis
811 4245 1034 4300 aderat.
1066 4246 1300 4304 Leniter
1331 4257 1526 4306 autem
1553 4253 2001 4308 summislabris
2048 4253 2236 4308 subri—

578 4330 770 4431 deps:
815 4334 894 4387 Tu
928 4335 1192 4404 quidem,
1258 4337 1496 4431 inquit,-
1523 4355 1558 4393 o
1609 4341 2010 4408 sanguinarie,
2064 4348 2232 4413 putas
2269 4377 2316 4431 Β

578 4417 765 4472 robur
789 4435 988 4473 meum
1014 4437 1295 4478 enervare
1324 4425 1645 4497 suppliciis.
1674 4431 1792 4496 Ego
1816 4434 2011 4484 autem
2045 4447 2078 4485 a
2099 4447 2240 4486 meo-

579 4503 806 4559 Christo
839 4505 1216 4575 conﬁrmata,
1250 4513 1488 4568 conﬁdo
1527 4514 1668 4582 fore,
1726 4521 1789 4571 ut
1834 4522 1890 4573 te
1925 4518 2227 4574 inﬁrmum

580 4592 831 4649 reddam
862 4600 917 4650 et
944 4596 1332 4666 imbecillum,
1358 4607 1413 4656 et
1437 4604 1631 4659 trritos
1668 4605 1921 4662 efﬁciam
1957 4613 2088 4663 tuos
2137 4625 2228 4666 co-

584 4687 781 4745 natus,
811 4685 916 4756 qui
949 4703 1086 4743 cum
1133 4689 1355 4745 femina
1386 4690 1607 4747 bellum
1637 4710 1837 4762 gerere
1896 4697 1974 4751 sis
2035 4713 2232 4767 agres-

575 4787 696 4838 sus,
731 4771 913 4843 idque
961 4791 1100 4830 cum
1132 4777 1244 4832 sim
1275 4778 1613 4848 juvencula,
1644 4787 1700 4836 et
1729 4784 1807 4838 ad
1851 4801 2028 4856 opem
2085 4787 2230 4842 mihi

571 4857 877 4914 ferendam
914 4861 1058 4917 nihil
1106 4864 1363 4921 habeam
1422 4875 1723 4940 paratum,
1779 4872 1894 4927 nisi
1947 4875 2111 4946 quod
2168 4874 2228 4928 in

575 4945 693 5001 Deo
719 4963 858 5002 vero
888 4950 1146 5007 conﬁdo.
1175 4953 1273 5008 His
1300 4955 1376 5010 ad
1404 4956 1668 5015 furorem
1711 4945 2008 5030 incitatus,
2061 4963 2233 5032 jubet

568 5033 823 5091 lebetem
855 5037 983 5108 pice
1015 5047 1068 5094 et
1097 5042 1292 5096 resina
1320 5043 1575 5114 plenum,
1623 5051 1678 5103 et
1706 5049 2084 5104 vehementer
2137 5066 2231 5104 ac-

569 5136 816 5179 censum
844 5132 1065 5182 sanctae
1091 5129 1323 5201 subjici,
1358 5133 1477 5188 Deo
1508 5140 1704 5190 autem
1755 5137 1827 5192 de
1885 5153 2050 5192 more
2089 5152 2229 5207 ope-

567 5213 754 5295 rante,
789 5211 946 5267 lebes
974 5215 1216 5286 quidem
1247 5219 1683 5278 dissolvebatur
1703 5229 1988 5295 tanquam
2021 5240 2155 5278 cera
2194 5241 2229 5280 a

568 5294 712 5349 facie
742 5297 934 5364 ignis:
977 5305 1141 5370 quod
1190 5323 1331 5362 vero
1362 5308 1422 5363 in
1480 5326 1540 5363 se
1573 5294 1842 5365 habebat
1889 5311 2224 5382 incensum;

566 5388 808 5469 repente
841 5384 1147 5455 diffusum,
1204 5409 1324 5449 non
1357 5411 1582 5466 paucos
1622 5397 1878 5468 perdidit
1905 5413 1973 5452 ex
2019 5399 2089 5452 iis
2125 5389 2227 5469 qul

567 5468 1108 5544 circumsistabant,
1151 5479 1506 5539 inﬁdelibus.
1553 5485 1666 5541 Sed
1718 5499 1792 5542 ne
1846 5487 1930 5542 sic
1984 5468 2229 5561 quidem

2276 3034 2314 3086 C

1913 225 2174 288 MENSIS
2213 217 2607 281 AUGUSTUS.

3851 223 3972 281 508

2353 353 2544 413 τέκνον,
2605 352 2756 403 ἄπιθι
2800 359 2906 412 τοῖς
2960 352 3150 422 αἵμασι
3199 357 3302 410 τοῖς
3355 349 3481 417 ὑπὲρ
3530 351 3720 402 τούτου
3782 369 3970 422 περσι-

2350 444 2584 509 νιγμένη,
2638 442 2709 500 οἷς
2756 445 2845 491 καὶ
2899 439 3102 511 ὀφθήση
3158 447 3227 508 τῷ
3287 447 3360 507 σῷ
3410 443 3633 509 νυμφίῳ,
3685 441 3767 500 οἷς
3816 441 3968 509 αὐτῷ

2350 535 2666 601 παραστήσῃ
2728 532 2913 589 παντὸς
2981 532 3166 600 φυκίου
3223 533 3312 579 καὶ
3371 528 3555 587 οἴνθους
3635 529 3967 600 ὡραιότερον

2348 621 2711 689 κεχρωσμένη.
2792 625 3022 670 Τοιαῦτα
3091 620 3219 690 πρὸς
3299 625 3396 668 τῶν
3462 612 3696 687 ἀδελφῶν
3758 615 3958 682 ἐκείνη,

2349 713 2565 757 τοιαῦτα
2609 709 2736 778 πρός
2789 715 2883 768 τῆς
2944 709 3144 778 μητρὸς
3202 704 3496 770 ἀκούσασα,
3576 709 3662 756 τόν
3749 706 3964 776 αὐχένα

2350 794 2493 854 εὐθὺς
2518 797 2838 867 ὑποσχοῡσα
2861 800 2952 853 τὴν
2979 794 3201 866 κεφαλὴν
3228 798 3482 864 τέμνεται,
3502 798 3592 844 καὶ
3620 797 3751 865 πρὸς
3787 802 3960 866 Χρισ-

2348 886 2434 934 τόν
2473 889 2566 941 τὴν
2592 888 2793 936 πάντων
2821 884 3124 958 ἀναφέρεται
3146 883 3386 955 κεφαλήν.

2421 969 2482 1026 Ι’.
2520 971 2578 1023 Ὀ
2626 969 2893 1032 δυσσεϐὴς
2941 975 3114 1040 μέντοι
3147 968 3398 1029 δικαστὴς
3441 975 3534 1027 τὴν
3573 971 3850 1041 αἰσχύνην
3899 973 3956 1022 οὐ

2349 1064 2509 1131 φέρων
2562 1059 2616 1111 ἐκ
2672 1069 2770 1111 τῶν
2826 1060 3014 1111 λοιπῶν
3067 1062 3266 1111 ὑπενόει
3321 1063 3412 1109 τίν
3471 1055 3632 1115 ἧτταν
3706 1058 3956 1112 ἀνακαλέ-

2350 1151 2565 1199 σασθαι·
2621 1149 2788 1220 πολλῷ
2839 1145 2897 1201 δὲ
2941 1148 3130 1220 μᾶλλον
3181 1153 3269 1199 καὶ
3325 1144 3396 1198 δι’
3442 1152 3609 1198 αὐτῶν
3663 1147 3827 1219 ἐφάνη
3886 1169 3956 1198 νι-

3659 1239 3802 1288 ἓτεσι
3867 1245 3956 1288 καὶ

2347 1241 2588 1306 κώμενος.
2660 1238 2820 1298 Εὐθὺς
2873 1234 2958 1289 οὖν
3023 1241 3116 1295 τὴν
3193 1235 3436 1288 ἐλάττονα
3487 1244 3592 1296 τοῖς

2351 1321 2595 1399 δευτέραν
2676 1325 2910 1386 καλέσας·
2998 1328 3251 1383 Πείσθητί
3331 1345 3440 1397 μοι,
3516 1327 3760 1399 θύγατερ,
3838 1329 3951 1396 ἔφη,

2347 1418 2436 1465 καὶ
2593 1420 2812 1488 μεγίστη
2861 1417 2954 1483 θεῲ
3007 1411 3283 1489 Ἀρτέμιδι
3317 1419 3755 1486 προσκυνήσασα,
3791 1415 3957 1466 πολλὰ

2347 1507 2618 1576 χαίρουσα
2662 1506 2832 1558 οἷπιθι.
2882 1503 2938 1556 Ἣ
2993 1500 3051 1555 δὲ
3100 1502 3522 1574 ἀκαταίσχυντος
3565 1512 3636 1572 τῷ
3678 1508 3787 1554 ὄντι
3849 1504 3958 1556 Ἐλ-

2347 1596 2452 1652 πίς·
2513 1590 2606 1643 Ὀν
2651 1597 2837 1665 τρόπον
2881 1591 3212 1659 ἐπίστευσας,
3270 1595 3384 1663 ἔφη,
3444 1589 3669 1662 ἀδελφήν
3711 1611 3775 1662 με
3820 1590 3956 1643 εἶναι

2349 1688 2436 1740 τῆς
2479 1680 2866 1752 προλαϐούσης,
2923 1681 2981 1741 ἧς
3023 1679 3129 1738 ἤδη
3181 1686 3268 1732 καὶ
3315 1689 3495 1753 πεῖραν
3549 1680 3782 1754 εΰιηφας,
3819 1683 3958 1734 οὕτω

2348 1772 2592 1827 πείσθητι
2639 1776 2727 1823 xui
2758 1779 2819 1842 τῇ
2868 1776 3046 1842 γνώμη
3082 1775 3169 1821 καὶ
3201 1777 3261 1841 τῇ
3308 1769 3548 1821 ἐνστάσει
3599 1767 3832 1842 ἀδελφὴν
3897 1791 3959 1842 με

2346 1862 2542 1920 ταύτης
2619 1860 2963 1931 ὀφθήσεσθαι,
3044 1863 3135 1910 καὶ
3187 1855 3354 1930 μηδὲν
3400 1857 3527 1911 εἶναι
3597 1857 3851 1927 μηδόλῶς
3899 1861 3956 1911 ού

2347 1955 2446 1998 τῶν
2505 1948 2892 2022 εύφραινόντων,
2967 1948 3025 1999 ού
3089 1956 3185 1998 τῶν
3262 1947 3574 2011 λυπούντων,
3638 1950 3663 1999 ὃ
3725 1968 3790 2020 με
3861 1957 3957 2010 τῆς

2347 2039 2595 2098 τοιαύτης
2673 2042 2972 2108 μεταπείσει
3057 2035 3364 2098 ἐνστάσεως.
3454 2040 3658 2088 Τούτων
3763 2037 3957 2100 ἐκεῖνος

2350 2123 2576 2185 ἀκούσας
2648 2125 2732 2177 ἐπὶ
2808 2128 2864 2175 τό
2936 2125 3171 2186 κολάζειν
3229 2124 3376 2184 εὐθὺς
3430 2129 3693 2195 τρέπεται,
3749 2130 3807 2177 τό
3862 2132 3954 2184 τήν

2347 2215 2600 2286 ἐρώτησιν
2649 2219 2967 2285 παρατείνειν
3015 2216 3078 2272 ὧς
3124 2233 3176 2264 τι
3227 2215 3446 2284 μάταιον
3494 2219 3676 2287 κρίνας
3726 2221 3816 2266 xui
3871 2235 3954 2267 πε-

2346 2307 2538 2376 ριττόν,
2598 2310 2700 2362 Τῆς
2769 2301 2986 2360 ἐσθῆτος
3056 2298 3142 2352 οὖν
3199 2303 3559 2373 γυμνωθείσαν
3613 2302 3804 2355 κελεύει
3863 2310 3953 2354 καὶ

2350 2391 2510 2448 αὐτὴν
2565 2392 2748 2461 ὁμοίως
2805 2399 2863 2463 τῇ
2933 2397 3112 2462 πρώτη
3195 2388 3492 2462 βουνεύροις
3543 2392 3701 2462 ὠμοῖς
3757 2399 3952 2463 μαστί-

2351 2479 2551 2540 ξεσθαι.
2602 2478 2740 2531 Ἐπεὶ
2791 2476 2846 2530 δὲ
2904 2482 3023 2536 ἴσην
3065 2484 3156 2536 τὴν
3189 2479 3400 2530 κόλασιν
3452 2482 3800 2551 ὑπομένουσα,
3856 2488 3950 2534 καὶ

2349 2571 2441 2624 τὴν
2501 2572 2772 2642 καρτερίαν
2815 2571 2937 2625 ἴσην
2974 2567 3100 2639 αὐτῇ
3159 2564 3505 2619 ἐπεδείκνυτο·
3565 2575 3651 2620 καὶ
3699 2571 3724 2620 ό
3781 2573 3949 2641 θυμός

2349 2656 2538 2726 μείζων
2585 2665 2653 2726 τῷ
2706 2653 2934 2727 δικαστῇ
2998 2653 3330 2718 διανίστατο,
3389 2658 3597 2726 κάμινον
3654 2654 3803 2718 αὖθις
3862 2679 3946 2710 κε-

2347 2744 2480 2796 λεύει
2525 2749 2651 2818 πρός
2699 2750 2833 2815 μέγα
2887 2741 3262 2796 διακαυθείσαν
3315 2749 3408 2802 τὴν
3462 2751 3638 2816 σεμνὴν
3679 2744 3943 2808 ὐποδέξα-

2351 2835 2492 2887 σθαι.
2549 2833 2686 2886 Ἀλλ’
2737 2835 2761 2884 ό
2805 2841 2900 2893 τῆς
2949 2829 3171 2902 ἀδελφῆς
3215 2837 3338 2893 Θεὸς
3371 2836 3566 2894 πάντως
3610 2839 3693 2884 καὶ
3737 2839 3940 2897 ταύτης

2350 2917 2408 2977 ἦν
2458 2924 2647 2991 ὁμοίως
2697 2921 2854 2980 αὐτῆς
2894 2918 3198 2991 κηδόμενος.
3245 2927 3443 2972 Γίνεται
3497 2919 3581 2973 οὖν
3635 2928 3718 2973 καὶ
3745 2943 3828 2972 ννν
3869 2932 3935 2994 τῇ

2351 3009 2644 3080 Βαϐυλωνίᾳ
2721 3009 2869 3080 φλογὶ
2923 3008 3306 3080 παραπλήσιον,
3363 3017 3450 3061 xui
3521 3019 3617 3072 τῆς
3686 3014 3945 3086 μάρτυρος

2347 3098 2597 3157 ἐπιϐάσης
2649 3095 2894 3167 οὐδαμῶς
2940 3099 3147 3155 ἦπτετο⁶
3205 3094 3296 3148 διὰ
3345 3106 3510 3149 ταυτα
3558 3109 3681 3170 γοῦν
3729 3100 3944 3173 εὐχαρι-

2348 3197 2596 3258 στηρίους
2641 3187 2668 3241 ἡ
2720 3185 2888 3244 Ἐλπὶς
2937 3185 3045 3256 οἶμα
3095 3190 3182 3236 xui
3227 3188 3515 3247 ὶκετηοίους
3563 3189 3704 3259 ἠφίει
3760 3193 3938 3260 φωνάς’

2346 3273 2420 3345 ἐφ’
2475 3277 2547 3333 οἷς
2592 3278 2680 3343 μὲν
2725 3271 2831 3331 ἤδη
2887 3283 3063 3334 κακοῖς
3103 3274 3304 3334 ἀπαθὴς
3336 3282 3590 3348 τετηρητο
3625 3278 3943 3352 εὐχαριστη-

2343 3367 2508 3434 ρίους,
2559 3361 2628 3433 ἐφ’
2679 3359 2751 3422 οἷς
2785 3359 2842 3413 δὲ
2887 3362 3082 3434 ἔμελλεν
3113 3365 3508 3436 ὦσίκετηρίους,
3547 3367 3684 3418 ὡστε
3719 3369 3764 3417 ἐν
3812 3373 3943 3418 πᾶσι

2345 3453 2400 3501 τό
2455 3449 2646 3502 ἐκείνου
2709 3455 2872 3522 ὄνομα
2926 3448 3272 3517 δοξασθῆναι,
3335 3458 3421 3504 καὶ
3485 3458 3944 3527 καταισχυνθῆναι

2342 3543 2457 3599 τοὺς
2475 3538 2694 3601 ἀσεϐεῖς.

2418 3627 2516 3682 ΙΑ’.
2552 3629 2661 3680 Ούκ
2711 3625 2976 3690 αἰδεσθεὶς
3019 3627 3107 3680 οὖν
3158 3631 3184 3681 ό
3239 3631 3428 3702 ἄνομος
3481 3631 3542 3689 ἢν
3588 3639 3678 3685 xui
3719 3633 3843 3686 αύτό
3886 3639 3942 3686 τὸ

2344 3737 2445 3791 πυρ
2499 3714 2738 3770 αἴδεσθεν
2799 3716 2975 3788 ἐφάνη,
3036 3717 3360 3792 ἀναρτᾶσθαι
3419 3720 3554 3791 ξύλῳ
3606 3726 3940 3794 προστάττει,

2345 3807 2484 3867 ὅνυξί
2542 3826 2594 3857 τε
2638 3803 2881 3879 σιδηροῖς
2933 3806 3156 3868 ξέεσθαι.
3204 3807 3259 3860 Ἠ
3304 3805 3362 3860 δὲ
3403 3813 3494 3866 τὴν
3524 3813 3648 3867 ἴσην
3681 3811 3942 3883 εὐψύχίαν

2346 3893 2426 3945 ἐπὶ
2478 3902 2585 3956 τοῖς
2642 3895 2961 3966 προλαϐοῦσι
3019 3893 3223 3959 δεινοῖς,
3284 3907 3372 3950 xui
3433 3907 3520 3950 νῦν
3575 3905 3805 3972 φέρουσα
3859 3899 3938 3959 ἦν.

2345 3986 2430 4034 Διό
2478 3989 2566 4034 καὶ
2609 3986 2771 4056 χάρις
2815 3989 2904 4054 μὲν
2953 3988 3046 4046 τας
3101 3985 3240 4049 ὄψεις
3295 3988 3596 4059 ὑπηυγαζεν
3638 3989 3938 4063 ἐλευθέριος,

2344 4071 2517 4142 μέλεσι
2569 4069 2625 4124 δὲ
2677 4081 2782 4134 τοῖς
2824 4072 3178 4144 ἀποξεομένοις
3221 4075 3347 4127 πολὺ
3388 4081 3444 4128 τό
3479 4075 3663 4139 εὑῶδες
3714 4089 3938 4154 προσῆν.

2343 4159 2514 4233 Ἃκρῳ
2566 4158 2624 4212 δὲ
2662 4158 2970 4233 μειδιάματι
3010 4168 3097 4214 xui
3145 4165 3265 4215 ὅσον
3310 4161 3369 4222 ἦν
3415 4174 3524 4226 τοῖς
3554 4167 3784 4237 χείλεσιν
3816 4171 3934 4222 ὑπο·

2344 4255 2568 4324 τρέχειν.
2617 4254 2680 4302 Σὺ
2735 4253 2844 4322 μέν,
2904 4251 2943 4300 ὧ
2998 4258 3255 4323 μιαιφόνε,
3317 4255 3496 4325 φησίν,
3541 4259 3635 4308 οῐει
3677 4277 3775 4323 μου
3825 4267 3940 4318 ταῖς

2343 4345 2618 4413 τιμωρίαις
2658 4343 2742 4391 τόν
2796 4345 2935 4392 τόνον
2976 4339 3184 4392 ἐκλύειν·
3220 4341 3318 4412 ἐγὼ
3365 4339 3424 4395 δὲ
3472 4353 3543 4415 τῷ
3587 4344 3682 4416 ἐμῷ
3717 4352 3933 4418 Χριστῷ

2341 4429 2630 4501 ῥωννυμένη
2691 4431 2913 4481 πέποιθα
2964 4429 3151 4501 μᾶλλον
3197 4433 3374 4484 ἄτονόν
3426 4453 3482 4484 σε
3530 4439 3618 4485 καὶ
3670 4434 3935 4507 ἁπρακτον

2344 4515 2635 4582 ἀποδεῖξαι,
2689 4522 2897 4588 ’γυναικὶ
2951 4518 3311 4590 προσϐαλόντα
3348 4521 3588 4593 πόλεμον,
3629 4528 3716 4574 xui
3770 4533 3938 4576 ταῦτα

2341 4613 2498 4679 νεαρᾷ
2550 4611 2678 4676 οὔσῃ
2721 4611 2808 4656 xui
2858 4603 3023 4677 μηδὲν
3079 4607 3277 4681 ἐχούσῃ
3333 4613 3463 4682 πρὸς
3523 4609 3751 4684 ἀρωγὴν,
3803 4613 3934 4670 πλὴν

2343 4694 2424 4746 ἐπὶ
2475 4702 2587 4764 Θεῷ
2635 4699 2771 4765 μόνῳ
2826 4691 3047 4764 ἀψευδεῖ
3096 4696 3382 4771 θαρρούσῃ.
3430 4703 3643 4760 Τούτοις
3697 4704 3771 4752 ἔτι
3811 4705 3934 4772 πρὸς

2341 4787 2526 4853 μανίαν
2585 4782 2936 4855 παροξυνθεὶς,
2997 4783 3429 4849 λέϐητάκελεύει
3482 4794 3680 4848 πίσσης
3737 4809 3792 4840 τε
3848 4797 3935 4841 καὶ

2338 4872 2550 4944 ῥητίνης
2609 4871 3007 4928 ύποπλησθέντα
3079 4879 3166 4924 xui
3235 4873 3437 4950 λάϐρως
3515 4876 3762 4929 ἐκκαέντα
3842 4885 3933 4936 τὴν

2341 4960 2493 5029 ἁγίαν
2575 4959 2864 5014 ὑπολαϐεῖν.
2924 4969 3058 5013 Θεοῦ
3104 4959 3162 5014 δὲ
3217 4968 3350 5015 κατὰ
3405 4970 3463 5016 τό
3525 4969 3749 5028 σύνηθες
3805 4966 3934 5040 ἐνερ-

2339 5055 2570 5117 γοῦντος.
2622 5050 2645 5099 ό
2687 5052 2775 5120 μὲν
2823 5048 2974 5110 λέϐης
3016 5051 3247 5122 καθάπερ
3284 5055 3445 5124 κηρός
3499 5053 3599 5106 ἀπὸ
3651 5063 3932 5128 προσώπου

2340 5139 2501 5208 πυρός
2545 5134 2790 5188 διελύετοσ
2851 5138 2972 5207 ὅπερ
3040 5135 3097 5189 δὲ
3151 5145 3418 5210 καιόμενον
3473 5144 3612 5213 εἶχεν
3669 5146 3718 5195 ἐν
3769 5144 3933 5215 ἑαυτῷ

2340 5223 2577 5284 ἐξαπίνης
2635 5222 2900 5295 διαχεθεν,
2969 5225 3062 5276 οὐκ
3137 5227 3343 5297 ὀλίγους
3407 5239 3502 5281 τῶν
3581 5240 3931 5304 περιεστώτων

3094 5315 3230 5366 Ἀλλ’
3315 5314 3439 5370 οὐδὲ
3506 5318 3641 5371 οὓτω
3702 5318 3930 5373 συνιδεῖν

2339 5397 2475 5470 εἶχεν
2523 5401 2548 5451 ό
2622 5401 2923 5472 τυφλώττων
2981 5401 3202 5474 ἀκριϐῶς
3263 5409 3354 5462 τὴν
3413 5403 3674 5474 διάνοιαν,
3751 5415 3824 5470 τίς
3897 5414 3926 5468 ἡ

2341 5489 2814 5563 θαυματουργοῦσα
2854 5498 3020 5544 ταῦτα
3065 5488 3281 5565 δύναμις
3324 5490 3404 5552 ἧν.
3448 5495 3605 5551 ’Ὅθεν
3640 5501 3730 5551 xui
3769 5505 3931 5552 πᾶσιν

2340 5311 2568 5362 ἀπίστων
2645 5310 3009 5383 διελυμήνατο.
