4144 6258
245 285 351 342 509

247 411 320 471 οἷς
377 406 567 477 ἔδρασε
618 414 712 468 τὴν
766 411 927 468 ἧτταν
1001 408 1415 483 ἀπενεγκάμενος,
1477 417 1566 464 καὶ
1638 410 1844 485 ἀπόρως

247 502 384 570 ῖχων
438 501 610 572 ὥσπερ
660 501 724 550 τὸ
771 501 905 550 κατά
951 504 1158 570 γνώμην
1211 500 1337 572 αὐτῇ
1385 509 1564 565 ποιῶν,
1621 503 1705 551 τὸν
1754 495 1846 551 διὰ

248 589 430 660 ξίφους
489 590 704 640 θάνατον
757 587 939 648 ἐπίσης
1000 596 1062 660 τῇ
1119 585 1336 661 ἀδελφῇ,
1389 594 1480 640 καὶ
1527 588 1641 639 κατ’
1691 588 1848 647 αὐτῆς

249 677 604 748 ἀποφαίνεται.
661 676 818 728 Πάλιν
871 675 929 728 δὲ
984 683 1073 728 καὶ
1123 677 1252 734 αῦτη
1308 683 1401 735 τὴν
1453 681 1707 748 μητρικὴν
1760 679 1848 746 μεν

248 767 504 838 ἐξιτηριον
560 766 852 818 ἐπεκαλεῖτο
909 765 1115 836 εύχήνο
1153 770 1246 824 τὴν
1303 766 1594 818 τελευταίαν
1654 761 1712 816 δὲ
1760 768 1849 814 καὶ

247 856 358 927 μετ’
413 856 574 912 αὐτὴν
651 852 876 926 ἀδελφὴν
958 851 1201 912 διανέστη
1281 860 1411 928 πρὸς
1468 858 1588 915 τοὺς
1647 851 1850 923 ἀγῶνας

249 941 550 1015 ὑπόδειγμα
625 943 811 1002 ἑαυτὴν
883 943 1103 1014 ἀσφαλες
1163 941 1413 1012 διδοῦσα,
1473 947 1561 994 καὶ
1631 945 1848 1000 πιστοὺς

252 1030 354 1083 ἀπό
411 1040 501 1083 τοῦ
558 1030 738 1084 παθεῖν
796 1036 910 1092 τοὺς
970 1031 1157 1102 λόγους
1214 1037 1539 1104 παρέχουσα.
1598 1027 1724 1082 Εἶτα
1776 1037 1846 1098 τῷ

250 1125 464 1193 κειμένῳ
516 1129 798 1193 προσφῦσα
849 1121 1072 1192 λειψάνῳ
1119 1129 1206 1180 τῆς
1254 1118 1480 1193 ἀδελφῆς
1530 1123 1846 1193 περιείχετο,

251 1209 530 1280 κατεφίλει,
588 1212 992 1282 περιεπτύσσετο
1022 1227 1032 1237 ·
1091 1217 1242 1260 τοῦτο
1295 1212 1384 1280 μὲν
1441 1211 1508 1269 ῶς
1565 1208 1718 1276 ἀγίας
1773 1225 1850 1256 τι-

249 1305 428 1366 μῶσα,
461 1304 613 1348 τοῦτο
646 1294 702 1348 δὲ
747 1304 834 1349 καὶ
885 1297 1151 1371 θαρροῦσα
1195 1301 1263 1357 ὡς
1307 1294 1536 1368 ἀδελφῆς
1585 1291 1850 1366 δακρῦσαι

252 1386 395 1456 παρά
472 1392 565 1444 τῆς
624 1391 928 1456 συγγενείας
997 1385 1249 1458 ἐφέλκετο,
1309 1391 1393 1437 καὶ
1465 1389 1591 1457 πρὸς
1660 1380 1849 1440 ἡδονὴν

250 1469 540 1524 ἀνθείλκετο
598 1473 769 1537 πάλιν,
831 1483 902 1544 τῷ
963 1472 1253 1527 συνειδέναι
1306 1477 1548 1548 μάρτυρα
1598 1478 1690 1530 τὴν
1745 1491 1848 1522 κει-

248 1564 404 1632 μένην
438 1559 586 1615 εἶναι.
623 1569 739 1624 Πῶς
780 1566 878 1635 γὰρ
930 1563 989 1614 ἂν
1033 1570 1120 1615 καὶ
1166 1561 1426 1636 ἐδάκρυσε
1464 1567 1590 1636 πρὸς
1635 1560 1695 1617 ἣν
1738 1557 1846 1616 ἤδη

250 1647 440 1722 ἐχώρει
489 1646 582 1702 διὰ
627 1659 717 1703 τοῦ
765 1655 884 1704 ’ἰσου
931 1658 1126 1726 τρόπου
1173 1660 1263 1712 τῆς
1310 1652 1580 1716 τελευτῆς;
1631 1645 1848 1718 δέχεται

249 1747 524 1810 τοιγαροῦν
556 1745 640 1790 καὶ
675 1740 804 1798 αὐτὴ
835 1744 920 1792 τόν
953 1737 1046 1792 διὰ
1069 1741 1246 1813 ξίφους
1279 1743 1516 1802 θάνατον,
1548 1743 1636 1788 καὶ
1667 1737 1847 1787 οἱπεισι

249 1832 342 1885 τὴν
368 1827 528 1885 καλὴν
558 1835 788 1901 πορείαν,
819 1835 912 1888 τὴν
944 1836 1204 1904 μακαρίαν
1235 1835 1390 1892 ὅντως
1417 1826 1562 1892 ὁδόν,
1593 1831 1682 1878 καὶ
1714 1831 1846 1876 πᾶσι

251 1920 338 1988 μὲν
367 1915 699 1990 Χριστιανοῖς
734 1918 1079 1990 ἐπιθυμητὴν,
1111 1919 1300 1990 ὀλίγοις
1330 1917 1388 1972 δὲ
1419 1918 1672 1991 βάσιμον.

1129 285 1659 358 MARTYRIUMS.
1704 285 1992 342 SOPHIE
2027 287 2116 345 ET
2154 291 2505 356 FILIARUM
2544 301 2728 358 EJUS.

3499 305 3606 362 510

1958 414 2148 482 potuit
2181 417 2278 474 ille
2313 428 2511 480 mente
2547 441 2738 482 caacus
2777 426 3117 496 intelligere,
3143 445 3419 499 quaenam
3450 436 3606 488 esset

1953 500 2082 556 haec
2127 505 2328 573 virtus,
2359 527 2494 582 quae
2541 513 2794 570 faciebat
2836 515 3142 571 miracula.
3205 517 3368 572 Unde
3399 519 3503 574 etsi
3542 521 3603 574 in

1956 591 2255 659 omnibus,
2316 614 2452 669 quia
2485 601 2635 666 fecit,
2693 610 3008 675 superatus
3059 606 3280 670 fuisset,
3333 608 3604 662 nesciens

1958 681 2152 776 tamen
2184 684 2330 776 quid
2373 697 2590 759 ageret,
2626 693 2685 746 in
2737 709 2870 748 eam
2928 694 3132 748 mortis
3191 711 3295 765 per
3339 696 3604 766 gladium

1957 767 2292 838 inferendae,
2326 791 2495 848 aeque
2535 782 2796 851 atquein
2845 783 2972 852 ejus
3006 798 3292 846 sororem,
3347 799 3604 854 pronun-

1958 855 2060 910 tiat
2097 864 2477 923 sententiam.
2517 870 2737 923 Rursus
2781 875 2978 925 autem
3012 887 3081 925 ea
3133 887 3374 942 quoque
3416 873 3476 926 in
3507 873 3604 926 de-

1957 958 2129 998 cessu
2159 963 2324 1017 prece
2356 953 2718 1024 implorabat
2746 964 3042 1014 maternas
3067 977 3078 1011 :
3113 965 3475 1028 postremam
3503 976 3604 1014 au-

1959 1035 2076 1086 tem
2110 1043 2239 1104 post
2269 1039 2453 1110 ipsam
2489 1061 2753 1101 sororem
2799 1048 3094 1103 excitabat
3143 1047 3220 1102 ad
3253 1049 3601 1114 certamina,

1959 1120 2223 1191 seipsam
2249 1129 2564 1197 pulchrum
2598 1140 2652 1190 et
2682 1141 2907 1191 certum
2965 1137 3270 1207 exemplar
3307 1138 3602 1206 prtebens,

1957 1214 2014 1304 et
2038 1225 2109 1262 ex
2142 1228 2259 1267 uno
2288 1221 2448 1286 quod
2475 1237 2656 1291 passa
2692 1224 2782 1287 sit,
2844 1225 3173 1280 orationem
3218 1225 3441 1280 faciens
3489 1225 3606 1280 ﬁde

1957 1295 2219 1363 dignam.
2254 1305 2470 1362 Deinde
2519 1311 2857 1380 adjacentes
2896 1313 3112 1368 sororis
3150 1314 3440 1369 accedens
3480 1314 3606 1368 reli-

1957 1385 2150 1455 quias,
2185 1404 2287 1444 eas
2319 1396 2820 1466 amplectebatur:
2846 1406 2903 1455 et
2934 1402 3144 1472 partim
3177 1401 3417 1472 quidem
3444 1417 3514 1456 ex
3536 1417 3606 1456 eo

1959 1482 2280 1560 commota,
2305 1485 2468 1552 quod
2486 1493 2637 1542 esset
2659 1505 2844 1553 soror,
2865 1489 2941 1544 ad
2959 1489 3416 1560 lacrymandum
3435 1494 3607 1544 attra-

1955 1559 2182 1616 hebata
2209 1573 2590 1639 cognatione:
2612 1577 2827 1646 partim
2851 1584 3052 1633 autem
3080 1559 3415 1645 intelligens
3449 1593 3602 1632 mar-

1958 1653 2148 1717 tyrem
2171 1668 2298 1710 eam
2329 1674 2476 1724 esse,
2507 1679 2640 1735 quae
2661 1663 2918 1731 jacebat,
2944 1667 3228 1737 reliquias
3246 1665 3602 1729 honorabat,

1956 1741 2246 1808 tanquam
2299 1755 2555 1816 sanctas,
2607 1759 2664 1808 et
2711 1755 2787 1809 ad
2843 1755 3126 1821 gaudium
3171 1753 3602 1808 retrahebatur.

1957 1825 2272 1888 Quomodo
2294 1838 2452 1893 enim
2486 1847 2726 1912 propter
2755 1849 3024 1898 sanctam
3051 1843 3494 1913 lacrymaretur,
3527 1841 3605 1896 ad

1961 1927 2144 1982 quam
2183 1918 2434 1980 libenter
2461 1931 2586 1998 pari
2639 1932 2817 1986 modo
2869 1931 3072 1985 mortis
3123 1931 3248 2000 jam
3303 1930 3605 1984 tendebat.

255 2005 507 2076 Suscipit
551 2022 693 2075 ergo
726 2007 857 2078 ipsa
886 1999 1127 2079 quoque
1179 2016 1430 2062 mortem
1468 2005 1687 2074 gladio,
1723 2006 1779 2055 et
1811 1997 2123 2070 pu10hram
2157 2008 2314 2066 viam
2347 1997 2691 2083 ingreditur,
2729 2019 2881 2074 viam
2931 2034 3065 2074 vere
3095 1997 3352 2082 beatam,
3388 2023 3443 2073 et
3471 2033 3606 2088 quae

255 2100 341 2148 est
367 2095 695 2164 expetenda
727 2096 971 2166 quidem
1003 2097 1285 2151 omnibus
1317 2096 1680 2156 Christianis,
1715 2089 1817 2145 sed
1849 2101 2035 2160 quam
2068 2099 2240 2162 pauci
2275 2101 2496 2159 ineunt.

324 2182 423 2235 IB'.
457 2182 514 2234 Ὀ
571 2187 741 2234 τοίνυν
795 2185 986 2256 ἄνομος
1033 2183 1293 2246 δικαστὴς
1330 2186 1403 2248 εἰς
1453 2188 1680 2256 ἔσχατον
1731 2178 1850 2231 ἀπο-

251 2277 370 2346 ρίας
420 2270 573 2324 ἐλθὼν
627 2277 716 2324 καὶ
768 2277 826 2324 τὸ
883 2283 972 2333 τῆς
1019 2274 1286 2344 αἰσχύνης
1331 2277 1597 2346 περιφανὲς
1646 2273 1852 2339 ὑπενεγ-

255 2369 358 2413 κεῖν
415 2360 472 2412 ού
531 2357 831 2433 δυνάμενος,
880 2365 1018 2433 ὅμως
1072 2362 1154 2415 ἐπὶ
1200 2372 1262 2434 τῇ
1312 2363 1517 2434 ἐσχάτη
1564 2370 1659 2412 τῶν
1706 2356 1852 2410 ἀδελ-

259 2458 361 2520 φῶν
416 2448 621 2501 ἐσάλευε
684 2453 778 2510 τάς
844 2447 1080 2512 ἐλπίδας.
1142 2447 1364 2502 Ἐδακνε
1411 2453 1511 2521 γάρ
1588 2448 1740 2499 αὐτόν
1793 2450 1850 2498 τό

257 2533 450 2608 κομιδῆ
506 2541 612 2590 νέον
662 2547 754 2600 τῆς
816 2541 1100 2612 μάρτυρος,
1147 2542 1216 2601 ὡς
1263 2539 1652 2612 εὐεπιχείρητον
1711 2535 1850 2602 αύτῷ

257 2629 574 2698 γενήσεσθαι
634 2623 1082 2700 προσδοκώμενον.
1141 2630 1279 2681 Ἐπεὶ
1332 2626 1390 2680 δὲ
1461 2632 1549 2679 καὶ
1617 2633 1852 2698 προσῆγε

255 2719 350 2777 τάς
400 2715 702 2790 ἐρωτήσεις,
753 2722 841 2768 καὶ
900 2718 1085 2787 λόγους
1139 2717 1292 2768 ἐκίνει
1361 2719 1551 2768 πείθειν
1622 2712 1850 2784 δυναμέ-

254 2824 408 2865 νους·
445 2808 530 2862 Μὴ
588 2803 836 2854 ἀπατάτω
886 2823 962 2870 σε,
997 2810 1154 2873 φησὶν
1207 2806 1237 2860 ἡ
1290 2805 1520 2872 Ἀγάπη,
1570 2807 1628 2853 τὸ
1677 2807 1851 2870 νεαρόν

256 2913 356 2964 μου
408 2901 497 2950 τῆς
549 2891 770 2954 ἡλικίας,
806 2893 874 2951 ὡς
921 2891 1298 2952 εὖεξαπάτητον
1350 2893 1515 2958 ἔσται,
1549 2895 1637 2938 καὶ
1688 2889 1855 2956 λόγοις

258 2988 364 3039 τοῖς
425 2987 532 3039 σοῖς
587 2977 804 3038 εὐκόλως
861 2974 1183 3048 δολῶμενονο
1219 2975 1428 3038 διδάξει
1482 2979 1582 3046 γάρ
1638 2993 1695 3025 σε
1745 2975 1852 3044 μετ’

263 3067 435 3137 ὀλίγον
491 3068 518 3124 ἡ
575 3073 730 3135 πεῖρα
785 3067 865 3117 ὅτι
934 3073 1027 3127 τῆς
1100 3066 1261 3126 αὐτῆς
1312 3065 1462 3138 ῥίζης
1512 3063 1680 3136 όρπηξ
1733 3061 1852 3132 ἐγὼ,

260 3161 350 3206 καὶ
403 3159 528 3225 μίας
602 3153 800 3215 ἐκείνης
871 3157 1101 3226 γαστρός
1151 3158 1399 3225 γέννημα,
1460 3154 1526 3203 ὧν
1591 3150 1698 3210 ἤδη
1758 3136 1927 3203 δύοΟ

265 3243 508 3312 βλαστών
565 3248 654 3294 καὶ
711 3246 895 3294 τέκνων
952 3262 1019 3303 εις
1074 3252 1252 3314 πειραν
1301 3242 1566 3301 ἐλήλυθας.
1626 3242 1701 3293 Οὐ
1752 3243 1852 3313 γὰρ

258 3331 336 3384 ἐπ’
390 3330 502 3403 ἐμοὶ
560 3333 626 3382 τά
676 3339 775 3382 τῶν
833 3330 1203 3400 προλαϐουσῶν
1251 3331 1695 3401 αἰσχυνθήσεται,
1731 3326 1854 3381 οὐδὲ

257 3426 351 3479 τὴν
417 3420 583 3471 αὐτῶν
643 3419 893 3490 εὐγένειαν
944 3418 1042 3490 ἐγὼ
1098 3419 1383 3491 ψεύσομαι,
1441 3418 1569 3470 ἀλλά
1620 3421 1853 3488 τοσούτῳ

258 3509 447 3582 μᾶλλον
497 3507 767 3581 ὑπερϐαλῶ
845 3513 934 3559 καὶ
1007 3516 1068 3580 τῇ
1147 3513 1410 3581 καρτερίᾳ,
1467 3510 1572 3578 ὅσῳ
1625 3512 1714 3559 καὶ
1789 3515 1849 3578 τῇ

257 3603 411 3671 πείρᾳ
460 3597 760 3662 πλεονεκτῶ,
838 3601 925 3654 την
995 3605 1085 3650 τοῦ
1162 3604 1394 3668 Χριστοῦ
1467 3595 1714 3668 βοήθειαν
1772 3595 1854 3647 ἐπὶ

257 3691 472 3748 ταύταις
527 3683 908 3756 δεδιδαγμένη.
971 3685 1082 3736 Ούκ
1135 3689 1316 3756 ἤνεγκε
1389 3690 1482 3742 τὴν
1558 3684 1853 3759 παρρησίαν

257 3779 450 3833 ταύτην
506 3777 530 3826 ό
610 3778 812 3848 μιαρός,
875 3773 980 3824 ἀλλ’
1041 3776 1188 3847 ἱκρίῳ
1259 3779 1350 3832 τὴν
1409 3776 1643 3844 Ἀγάπην
1704 3773 1854 3845 ἀναρ-

257 3865 452 3916 τᾱσθαι
517 3862 725 3927 κελεύει,
786 3867 875 3912 καὶ
949 3864 1098 3932 ἱμᾶσι
1170 3864 1426 3913 τείνεσθαι
1502 3863 1846 3932 πανταχόθεν,

257 3955 326 4013 ὡς
371 3954 458 4012 τάς
503 3959 599 4003 τῶν
648 3950 811 4021 μελῶν
862 3949 1107 4021 ἁρμονίας
1150 3959 1219 4020 τῷ
1269 3946 1481 4023 σφοδρῴ
1531 3959 1622 4011 τῆς
1675 3949 1850 4001 ἐνστά-

260 4059 387 4102 σεως
440 4047 530 4098 τῆς
581 4041 712 4090 κατὰ
765 4041 919 4110 φύσιν
972 4039 1256 4099 συνθέσεως
1302 4035 1652 4093 διασπᾶσθαι.
1700 4036 1852 4089 Ἀλλά

257 4130 286 4186 ἠ
345 4137 434 4181 τοῦ
485 4135 616 4180 Θεοῦ
691 4124 909 4198 δύναμις
963 4128 992 4184 ἡ
1053 4135 1152 4178 τῶν
1222 4126 1382 4177 ἄλλων
1447 4124 1676 4198 ἀδελφῶν
1731 4145 1852 4197 προ-

261 4224 450 4284 στᾶσα,
484 4222 572 4268 καὶ
601 4216 714 4288 μετ’
745 4216 908 4276 αὐτῆς
940 4212 1023 4283 ἦν,
1054 4215 1227 4272 ἀπαθῆ
1278 4223 1448 4266 κακῶν
1495 4222 1846 4285 συντηροῦσα.

256 4307 565 4359 ’Λνάπτεται
614 4314 890 4378 τοιγαροῦν
947 4310 1036 4355 καὶ
1113 4304 1241 4373 αὐτῇ
1314 4305 1524 4372 κάμινος
1599 4301 1652 4352 ἐκ
1729 4320 1851 4351 παν·

256 4393 494 4455 τοδαπῆς
543 4393 684 4458 ὕλης,
741 4398 982 4465 πρότερον
1033 4399 1123 4442 τοῦ
1175 4389 1556 4460 προστάξαντος
1616 4389 1852 4459 ἰσχυρῶς

258 4483 385 4554 ὀργῇ
475 4479 878 4539 διακαυθέντος’
939 4479 1095 4548 Ὀρᾲς
1175 4474 1282 4540 οὖν,
1339 4476 1520 4537 ἐκεῖνός
1590 4496 1720 4548 φησι
1786 4485 1846 4548 τῇ
1884 4471 1924 4524 Ῐ)

259 4573 499 4643 μάρτυρι,
562 4573 618 4620 τό
694 4571 828 4619 κατὰ
928 4586 1022 4618 σον
1093 4570 1358 4636 καιόμενον
1443 4573 1587 4638 πῦρ;
1647 4565 1850 4637 Ἑτέρως

260 4657 346 4712 οὖν
392 4659 485 4710 οὐκ
538 4657 596 4708 ἀν
652 4654 834 4709 δύναιο
887 4660 979 4714 τὴν
1033 4655 1244 4713 ἀπειλὴν
1297 4654 1455 4705 αὐτοῦ
1509 4653 1764 4726 ἐκφυγεῖν,
1811 4654 1849 4706 εἰ

257 4755 329 4822 μὴ
384 4751 441 4798 τὸ
507 4751 953 4820 προσταττόμενον
1011 4741 1160 4797 οὐδὲν
1225 4745 1592 4818 ὑπερτιθεμένη
1651 4743 1852 4796 τελέσαι

261 4832 606 4906 σπουδάσῃς’
650 4834 750 4904 ἐγὼ
809 4831 868 4886 δέ
921 4853 1003 4885 σοι
1052 4837 1138 4884 καὶ
1196 4831 1668 4904 φιλανθρωπότερον
1716 4837 1854 4906 χρή-

261 4943 456 4997 σομαι·
513 4924 620 4976 εἰπε
688 4925 787 4996 γάρ
861 4925 995 4974 κατὰ
1072 4927 1370 4996 πρόσχημα
1437 4921 1635 4994 ῥήματι
1691 4926 1848 4992 μόνῳ,

256 5014 466 5086 Μεγάλη
546 5015 574 5070 ἡ
660 5012 928 5085 Ἀρτεμις,
1004 5017 1092 5063 καὶ
1167 5010 1318 5070 εὐθὺς

257 5105 442 5163 αἰτίας.
493 5102 549 5154 Ἠ
606 5098 683 5170 δὲ,
736 5105 819 5158 Μὴ
867 5103 1061 5169 γένοιτό
1113 5118 1223 5170 μοι,
1270 5103 1416 5169 φησὶ,
1461 5094 1600 5168 μηδὲ
1653 5099 1853 5172 ῥήματι

1395 5008 1590 5081 ἀπολύῃ
1678 5012 1853 5073 πάσης

2031 2184 2145 2240 ΧΙΙ.
2182 2188 2422 2259 Iniquus
2479 2199 2677 2249 autem
2724 2195 2896 2264 judex
2945 2211 3084 2249 cum
3140 2195 3218 2249 ad
3279 2199 3606 2249 extremam

1963 2274 2218 2331 venisset
2245 2278 2760 2346 dubitationem,et
2787 2299 2903 2339 non
2931 2289 3128 2354 posset
3159 2287 3427 2353 apertam
3457 2281 3606 2336 ferre

1962 2362 2372 2432 ignominiam,
2406 2371 2463 2424 in
2506 2377 2772 2427 extrema
2801 2378 2998 2427 tamen
3035 2388 3236 2426 sorore
3275 2371 3472 2426 adhuc
3502 2386 3606 2440 spe

1962 2453 2290 2509 tenebatur.
2327 2457 2475 2512 Eum
2502 2460 2658 2513 enim
2691 2459 2970 2514 movebat
3000 2459 3172 2514 valde
3215 2465 3418 2514 tenera
3448 2458 3602 2513 illius

1959 2545 2122 2605 tetas,
2145 2559 2282 2613 quae
2312 2545 2363 2598 ei
2392 2547 2833 2602 existimabatur
2861 2546 2984 2602 fore
3015 2550 3360 2617 expugnatu
3395 2545 3603 2602 facilis.

1962 2631 2284 2701 Postquam
2310 2639 2509 2689 autem
2531 2635 2800 2690 adhibuit
2819 2636 3324 2704 interrogationes,
3351 2639 3410 2689 et
3425 2635 3608 2690 movit

1965 2718 2160 2782 verba.
2193 2736 2329 2791 quae
2363 2728 2634 2792 poterant
2664 2724 3022 2795 persuadere
3057 2741 3070 2779 :
3107 2727 3187 2780 Ne
3229 2730 3280 2778 te
3329 2723 3601 2793 decipiat,

1963 2805 2151 2876 inquit
2181 2809 2468 2874 Charitas,
2523 2817 2667 2867 aetas
2715 2828 2845 2868 mea
2884 2816 3106 2875 tenera,
3144 2817 3206 2866 ut
3253 2827 3386 2881 quae
3437 2810 3604 2865 facile

1966 2893 2151 2961 possit
2201 2895 2413 2966 decipi,
2470 2903 2527 2951 et
2559 2915 2594 2953 a
2625 2903 2736 2954 tuis
2793 2901 2986 2954 verbis
3039 2901 3209 2954 allici.
3243 2900 3320 2954 Te
3371 2898 3607 2953 docebit

1966 2995 2105 3033 mox
2133 2984 2506 3052 experientia,
2541 3002 2635 3041 me
2659 3003 2794 3043 esse
2817 3004 3054 3043 ramum
3078 2987 3346 3056 ejusdem
3369 2986 3603 3049 radicis,

1965 3072 2020 3121 et
2071 3067 2252 3123 fetum
2304 3071 2456 3126 illius
2509 3075 2681 3129 unius
2727 3076 2890 3139 uteri,
2952 3077 3124 3143 cujus
3169 3075 3297 3144 jam
3346 3075 3600 3129 duorum

1965 3155 2305 3224 germinum
2330 3165 2385 3212 et
2409 3161 2661 3216 ﬁliarum
2691 3163 2868 3217 fecisti
2901 3164 3249 3235 periculum.
3287 3163 3414 3217 Non
3446 3163 3605 3217 enim

1963 3250 2254 3316 quantum
2287 3245 2344 3300 in
2376 3263 2470 3302 me
2501 3248 2625 3311 erit,
2670 3250 2897 3318 priores
2951 3252 3178 3321 pudore
3209 3249 3465 3306 afﬁciam
3510 3266 3607 3303 ne-

1963 3349 2080 3404 que
2107 3335 2484 3404 degenerabo
2532 3337 2610 3391 ab
2662 3337 2870 3392 eadem
2921 3338 3265 3393 nobilitate:
3326 3338 3431 3392 sed
3481 3341 3608 3392 tan-

1965 3427 2089 3478 tum
2139 3425 2430 3494 superabo
2463 3424 2812 3489 fortitudine,
2845 3431 3068 3498 quanto
3101 3426 3389 3496 majorem
3420 3425 3609 3481 habeo

1963 3512 2410 3582 experientiam,
2441 3519 2503 3570 ut
2531 3531 2666 3585 quas
2698 3514 2903 3570 Christi
2931 3515 3219 3570 auxilium
3247 3515 3305 3569 in
3333 3515 3416 3569 eis
3461 3513 3610 3568 didi-

1964 3600 2165 3654 cerim!
2195 3599 2356 3654 Hanc
2385 3601 2718 3658 libertatem
2758 3618 2878 3658 non
2921 3603 3051 3658 tulit
3107 3602 3446 3667 sceleratus,
3505 3602 3611 3657 sed

1958 3689 2130 3760 jubet
2161 3691 2441 3759 suspendi
2476 3691 2853 3759 Charitatem,
2898 3696 2952 3746 et
2983 3691 3145 3746 o'nni
3180 3708 3251 3746 ex
3293 3696 3458 3761 parte
3509 3707 3612 3745 ex-

1964 3776 2126 3832 tendi
2152 3777 2292 3832 loris
2323 3779 2474 3832 adeo
2514 3783 2576 3833 ut
2627 3780 3038 3834 membrorum
3095 3794 3418 3850 compages
3444 3778 3612 3833 vehe-

1963 3865 2144 3920 menti
2175 3865 2269 3920 illa
2298 3866 2674 3920 contentione
2705 3865 3118 3920 divellerentur
3144 3883 3180 3920 a
3206 3865 3461 3920 naturali
3503 3882 3611 3920 sua

1959 3953 2407 4024 compositione;
2435 3954 2540 4007 sed
2561 3954 2660 4008 Dei
2685 3954 2886 4018 virtus,
2909 3971 3045 4025 quae
3063 3953 3316 4008 aliarum
3339 3968 3610 4008 sororum

1960 4059 2167 4098 curam
2200 4047 2480 4110 gesserat,
2513 4059 2652 4097 cum
2684 4043 2812 4112 ipsa
2841 4058 3079 4112 quoque
3105 4047 3247 4104 erat,
3284 4041 3445 4095 illam
3475 4041 3612 4097 illaa-

1961 4147 2090 4185 sam
2123 4147 2363 4183 servans
2410 4147 2447 4184 a
2492 4130 2680 4184 malis.
2715 4130 3064 4184 Accenditur
3094 4144 3238 4197 ergo
3285 4130 3335 4182 ei
3367 4144 3610 4200 quoque

1965 4217 2170 4272 fornax
2201 4232 2269 4270 ex
2298 4216 2493 4270 omnis
2518 4217 2746 4282 generis
2773 4216 3040 4284 materia,
3063 4232 3199 4271 cum
3226 4216 3275 4270 is
3301 4217 3396 4286 qui
3427 4216 3611 4285 jusse-
3643 4253 3652 4262 ρ

1963 4310 2071 4368 rat,
2103 4304 2266 4374 prius
2323 4303 2653 4358 vehementi
2686 4303 2771 4357 ira
2817 4303 3018 4357 fuisset
3071 4303 3345 4357 incensus
3375 4319 3386 4366 ;
3417 4304 3604 4367 Vides,

1961 4394 2100 4448 dicit
2130 4393 2224 4448 ille
2257 4392 2520 4462 martyri,
2572 4392 2773 4460 ignem
2827 4391 2928 4462 qui
2981 4395 3188 4446 contra
3220 4396 3271 4446 te
3323 4396 3608 4446 movetur.

1963 4486 2086 4540 Non
2137 4481 2356 4553 poteris
2391 4480 2556 4536 aliter
2588 4481 2777 4536 minas
2820 4480 2951 4550 ejus
2981 4479 3260 4549 effugere,
3295 4480 3406 4536 nisi
3454 4480 3613 4551 quod

1961 4573 2287 4642 imperatur
2320 4569 2560 4625 minime
2601 4568 3018 4638 tergiversans,
3053 4567 3328 4623 effectum
3367 4569 3614 4625 reddere

1962 4660 2276 4715 studueris.
2310 4660 2458 4726 Ergo
2490 4663 2688 4712 autem
2719 4662 2769 4712 te
2793 4661 2924 4711 utar
2953 4657 3130 4712 etiam
3162 4656 3492 4724 benignius.
3517 4658 3614 4712 Dic

1963 4749 2120 4803 enim
2151 4746 2344 4801 solum
2379 4762 2390 4799 :
2427 4749 2635 4814 Magna
2669 4745 2876 4810 Diana,
2903 4749 2960 4799 et
2991 4745 3192 4798 statim
3219 4745 3295 4798 ab
3322 4744 3487 4798 omni
3508 4745 3616 4799 cri-

1965 4836 2289 4891 minatione
2345 4833 2707 4888 liberaberis.
2740 4832 2842 4887 llla
2895 4835 3094 4887 autem
3130 4846 3142 4885 :
3178 4831 3355 4894 Absit,
3399 4831 3611 4902 inquit,

1967 4930 2030 4979 ut
2054 4924 2141 4978 vel
2165 4923 2288 4978 solo
2316 4924 2494 4977 verbo
2520 4920 2734 4976 faciam
2760 4920 2964 4991 alquid
2997 4919 3250 4989 impium
3285 4923 3340 4973 et
3369 4918 3610 4975 indeco-

1965 5028 2118 5076 rum,
2143 5016 2198 5066 et
2231 5011 2493 5080 linguam
2547 5009 2642 5064 tali
2672 5008 2932 5078 polluam
2987 5007 3302 5072 locutione,
3355 5022 3490 5078 quas
3525 5013 3617 5065 est

1967 5100 2157 5156 aliena
2183 5115 2219 5153 a
2251 5097 2464 5168 pietate
2489 5097 2546 5151 in
2580 5112 2738 5160 eum,
2767 5094 2872 5166 qui
2903 5093 3144 5148 creavit.

255 5197 392 5264 μόνῳ
447 5191 652 5242 ἀνόσιόν
695 5209 745 5240 τι
805 5186 1002 5262 δράσαι
1053 5193 1134 5240 καὶ
1194 5185 1434 5259 ἀπρεπὲς,
1467 5191 1554 5238 καὶ
1613 5187 1857 5257 γλῶσσαν
1904 5191 2149 5265 ῥυπῶσαι
2194 5188 2409 5256 τοιούτῳ
2453 5187 2731 5257 φθέγματι,
2773 5182 3020 5257 ἀλλοτρίῳ
3072 5187 3179 5234 ὄντι
3211 5189 3302 5243 τῆς
3347 5185 3477 5256 πρὸς
3527 5187 3614 5236 τόν

258 5285 580 5338 πεποιηκότα
609 5276 919 5339 θεοσεϐείας.

328 5368 420 5422 [Γ.
457 5374 520 5422 Τί
562 5372 620 5420 τὸ
670 5366 770 5418 ἀπὸ
821 5363 1014 5432 τοῦδε;
1043 5369 1172 5426 Τοὺς
1219 5364 1406 5435 λόγους
1452 5363 1612 5435 ἀφεὶς,
1652 5367 1708 5416 τό
1755 5367 1854 5418 ύπό

258 5467 348 5511 τοῦ
381 5460 545 5530 θυμοῦ
583 5456 848 5509 κελευσθὲν
892 5454 1070 5518 ἐποίει,
1103 5458 1191 5506 καὶ
1240 5451 1606 5512 ἀκοντίζεσθαι
1661 5455 1854 5512 ταύτην

252 5555 325 5621 τῷ
355 5552 483 5621 πυρὶ
526 5550 889 5621 προσέταττεν.
921 5543 1007 5598 Ἠν
1055 5539 1114 5597 δε
1156 5542 1215 5596 ού
1265 5545 1386 5604 τοὺς
1430 5541 1851 5616 συλληψομένους

2042 5365 2176 5421 XlIl.
2213 5363 2365 5430 Quid
2402 5359 2666 5417 deinde?
2695 5357 2898 5414 Verbis
2927 5358 3143 5414 relictis
3179 5359 3330 5424 fecit,
3367 5361 3520 5432 quod
3563 5367 3622 5420 et

1961 5453 2339 5525 jubebatira,
2369 5457 2426 5506 et
2447 5449 2626 5520 jussit
2651 5463 2784 5504 eam
2807 5447 2924 5518 jaci
2944 5447 3006 5503 in
3028 5448 3248 5518 ignem.
3280 5448 3383 5505 Illa
3416 5454 3618 5505 autem

1967 5557 2088 5600 non
2119 5540 2317 5599 solum
2358 5553 2462 5596 eos
2494 5538 2598 5611 qui
2627 5538 2822 5610 ipsam
2873 5540 3041 5594 erant
3085 5537 3615 5611 comprehensum,
