4144 6258
571 309 672 366 511

1897 304 2157 365 MENSIS
2195 300 2593 363 AUGUSTUS.

3841 295 3971 353 512

575 434 682 490 sed
705 435 1142 506 propemodum
1163 436 1357 508 ipsum
1387 436 1556 492 etiam
1576 436 1808 506 jussum
1833 430 2214 504 praeveniens,

2349 433 2497 493 ιόνον,
2557 428 2685 481 ἀλλὰ
2739 435 2928 501 μικροῦ
2981 431 3070 479 καὶ
3129 425 3256 478 αὐτὸ
3312 429 3370 477 τὸ
3427 429 3750 500 πρόσταγμα
3815 426 3970 496 φθά-

575 523 636 578 in
683 523 943 580 mediam
987 523 1297 580 ﬂammam
1330 525 1570 588 insiluit,
1602 529 1894 595 tanquam
1923 521 1983 574 in
2033 535 2221 590 aquas

579 612 798 668 calidas
830 618 882 667 et
917 614 1149 668 lavacra
1177 613 1561 668 suavissima.
1587 613 1861 668 Protinus
1888 628 2028 679 ergo
2058 610 2222 665 ﬂam-

583 718 681 756 ma
722 703 961 772 quidem
995 701 1462 766 diffundebatur,
1496 707 1550 756 et
1580 701 2071 773 apprehendebat
2124 714 2223 752 eos

581 790 672 859 qui
687 790 1379 860 circumstabant.Tetigit
1392 796 1590 846 autem
1607 792 1966 861 ignisipsum
1983 802 2224 861 quoque

575 877 986 949 judicem.tnm
1014 883 1076 932 ut
1092 878 1465 934 ulcisceretur
1485 879 2003 950 impietatem,tum
2023 882 2082 930 ut
2101 877 2225 947 ipse

584 966 828 1021 minime
857 969 1173 1032 dubitaret,
1209 970 1311 1023 sed
1335 973 1592 1024 uteretur
1621 968 1817 1040 seipso
1845 973 1987 1022 teste
2008 965 2226 1020 divinas

585 1055 883 1124 potentias.
918 1057 1007 1111 Sic
1039 1071 1176 1126 ergo
1216 1074 1308 1111 res
1363 1057 1608 1129 quidem
1638 1057 1961 1128 impiorum
2007 1053 2230 1109 afﬁcie-

585 1143 802 1198 bantur
839 1143 1169 1211 dedecore;
1213 1146 1650 1214 gloriﬁcabatur
1688 1151 1886 1202 autem
1930 1148 2082 1198 Deus
2126 1157 2231 1214 per

586 1248 756 1286 suam
816 1237 1162 1305 martyrem.
1207 1234 1394 1289 Judici
1436 1239 1633 1289 autem
1677 1233 1832 1288 male
1859 1249 1920 1287 se
1971 1231 2232 1286 habebat

587 1336 652 1376 ea
686 1337 822 1391 pars
855 1321 1141 1394 corporis,
1173 1339 1357 1393 quam
1396 1323 1646 1378 ﬂamma
1667 1325 1953 1391 tetigerat,
1975 1326 2030 1375 et
2058 1318 2232 1374 mittit

587 1409 1016 1482 quosdam,qui
1033 1416 1299 1466 sanctam
1313 1411 1694 1466 adducerent.
1711 1409 1823 1475 Qui
1841 1414 2038 1464 autem
2065 1407 2232 1462 missi

590 1496 842 1561 fuerant,
862 1499 1059 1554 vident
1073 1499 1370 1570 quosdam
1387 1499 1659 1555 candidis
1679 1498 1917 1553 indutos
1947 1497 2232 1561 vestibus,

593 1585 848 1655 eleganti
877 1593 931 1642 et
960 1587 1208 1642 honesta
1239 1590 1452 1659 specie,
1485 1589 1587 1660 qui
1614 1588 1707 1643 vel
1735 1587 1860 1642 sola
1907 1586 2103 1641 forma
2133 1601 2237 1656 po-

594 1677 783 1729 terant
807 1675 1102 1730 adducere
1134 1677 1192 1730 in
1226 1677 1702 1742 admirationem;
1737 1676 1836 1748 qui
1870 1675 2047 1730 etiam
2080 1690 2238 1746 smpe

593 1761 705 1816 visi
737 1761 971 1818 fuerant
1001 1781 1137 1818 cum
1166 1765 1342 1820 beata
1377 1769 1595 1820 versari
1621 1767 1678 1820 in
1693 1765 1948 1829 fornace,
1983 1767 2036 1818 et
2060 1762 2238 1817 simul

594 1865 730 1904 cum
755 1865 824 1906 ea
867 1867 1069 1921 preces
1123 1852 1386 1908 fundere.
1417 1852 1563 1908 Cum
1614 1857 1813 1908 autem
1843 1853 1926 1907 eis
1971 1855 2240 1907 sanctam

595 1938 954 1994 conantibus
987 1957 1196 2012 capere
1232 1941 1441 1997 solutae
1470 1947 1665 1997 essent
1687 1942 1957 2006 dexterae,
1991 1956 2107 1994 non
2137 1955 2241 1995 va-

595 2025 784 2082 lentes
810 2027 1032 2100 aliquid
1071 2029 1325 2101 amplius
1375 2021 1566 2086 facere
1601 2049 1611 2088 :
1665 2029 1972 2100 Egredere,
2024 2027 2244 2084 clama-

598 2115 766 2183 bant,
809 2117 1023 2173 ancilla
1093 2118 1233 2176 Dei:
1301 2123 1473 2174 vocat
1516 2123 1568 2173 te
1604 2118 1809 2189 judex.
1842 2118 1984 2186 Quae
2027 2117 2132 2172 etsi
2172 2132 2245 2171 ex

598 2203 735 2272 igne
769 2219 1006 2273 egressa
1034 2211 1189 2262 esset
1225 2207 1428 2274 illaesa,
1464 2224 1598 2262 cum
1629 2207 1680 2262 ei
1708 2206 1956 2262 omnino
1995 2221 2116 2261 non
2149 2221 2246 2259 no-

601 2293 821 2347 cuisset
843 2293 1016 2362 ignis,
1059 2299 1115 2350 et
1138 2296 1361 2368 impius
1389 2312 1608 2367 corpus
1639 2296 1883 2351 haberet
1934 2295 2129 2350 adhuc
2160 2311 2248 2349 se-

601 2379 1031 2448 miustulatum,
1074 2388 1130 2438 et
1169 2399 1238 2439 ex
1277 2385 1408 2456 ipso
1447 2388 1651 2457 posset
1688 2384 2051 2455 intelligere:
2094 2399 2248 2440 cras-

603 2484 732 2523 sam
787 2472 986 2525 tamen
1043 2471 1262 2528 nubem
1304 2473 1496 2529 ferens
1529 2474 1587 2528 in
1635 2473 1840 2538 oculis,
1902 2477 2025 2528 erat
2070 2473 2248 2545 plane

603 2555 904 2628 insipiens.
963 2558 1279 2630 Propterea
1310 2561 1368 2616 in
1420 2577 1552 2616 eam
1594 2578 1799 2616 rursus
1865 2561 1982 2617 alia
2019 2561 2251 2618 induxit

605 2645 916 2714 supplicia,
952 2651 1006 2699 et
1029 2647 1196 2715 jubet
1227 2648 1349 2718 ejus
1391 2649 1660 2704 membra
1692 2650 1953 2718 transfigi
1984 2650 2248 2705 terebris.

604 2733 751 2787 Cum
791 2738 990 2788 autem
1034 2741 1252 2806 martyr
1289 2737 1516 2792 habens
1563 2738 1809 2792 omnino
1869 2744 2132 2793 mentem
2173 2738 2250 2794 ad

607 2822 791 2874 Deum
816 2821 1133 2889 sublatam,
1153 2840 1368 2895 parum
1387 2830 1488 2880 aut
1515 2825 1661 2880 nihil
1683 2832 1915 2882 curaret
1934 2833 2247 2893 tormenta,

603 2922 732 2962 eam
761 2913 946 2964 morte
976 2911 1353 2969 condemnat.
1388 2914 1558 2979 Quod
1597 2914 1841 2985 quidem
1872 2931 2009 2970 cum
2032 2915 2251 2970 audiis-

607 3002 693 3050 set
716 2996 1177 3066 adolescentula,
1207 3002 1378 3071 cujus
1395 3017 1514 3057 non
1546 3006 1714 3057 erant
1739 3003 1933 3074 pusilli
1966 3009 2021 3058 et
2048 3003 2250 3061 mulie-

2327 537 2507 583 νουσα,
2568 517 2649 569 ἐπὶ
2721 521 2885 588 μέσης
2957 516 3116 574 ἥλατο
3188 523 3283 576 τῆς
3348 513 3552 586 φλογός,
3609 516 3794 584 ὥσπερ
3863 513 3962 564 ἐπὶ

2333 608 2526 680 θερμῶν
2601 603 2807 658 ύδάτων
2863 610 2953 657 καὶ
3029 604 3253 677 λουτρῶν
3319 602 3541 661 ἣδιστα.
3624 607 3968 676 Παραυτίκα

2329 702 2453 766 γοῦν
2501 697 2530 752 ἡ
2592 698 2680 766 μὲν
2736 695 2860 766 φλὸξ
2929 690 3182 764 διεχεῖτο,
3242 699 3332 744 καὶ
3400 700 3498 743 τῶν
3571 697 3964 764 περιεστώτων

2333 783 2740 856 ἐπελαμϐάνετο·
2775 787 2963 842 ἥπτετο
3012 778 3070 834 δὲ
3114 787 3202 834 καὶ
3252 781 3406 833 αὐτοῦ
3455 787 3545 832 τοῦ
3598 777 3960 843 δικάζοντος,

2333 872 2444 944 ἅμα
2500 877 2590 944 μὲν
2643 877 2735 930 τὴν
2803 871 3038 924 ἀσέϐειαν
3122 869 3454 943 ἀμυνόμενον,
3509 873 3598 920 καὶ
3671 874 3806 942 πρὸς
3897 872 3958 919 τὸ

2335 957 2500 1032 μηδὲν
2554 961 2707 1013 αύτὸν
2764 959 3045 1032 ἀμφίϐολον
3101 961 3261 1030 ἔχειν,
3317 957 3424 1010 ἀλλ’
3486 957 3650 1027 ἐαυτῷ
3705 959 3957 1030 μάρτυρι

2335 1052 2577 1123 χρῆσθαι
2616 1058 2710 1111 τῆς
2754 1057 2846 1101 τοῦ
2892 1056 3026 1101 Θεοῦ
3075 1045 3360 1120 δυνάμεως,
3397 1046 3574 1109 Οὕτως
3619 1043 3709 1098 οὖν
3753 1049 3827 1097 τὰ
3860 1051 3955 1115 μὲν

2336 1147 2434 1189 τῶν
2494 1137 2690 1190 ἀσεϐῶν
2743 1141 3129 1210 κατησχύνετο,
3185 1142 3315 1196 Θεὸς
3368 1132 3425 1188 δὲ
3479 1132 3573 1188 διὰ
3626 1143 3726 1197 τῆς
3777 1135 3955 1186 αὐτοῦ

2337 1228 2598 1298 μάρτυρος
2648 1223 2954 1289 ἐδοξάζετο·
2986 1225 3098 1298 εἶχε
3147 1223 3205 1278 δὲ
3251 1230 3340 1277 καὶ
3387 1233 3459 1295 τῷ
3508 1221 3740 1296 δικαστῇ
3782 1229 3959 1281 πονή-

2338 1335 2438 1389 ρως
2488 1319 2545 1367 τό
2599 1315 3008 1389 παραπολαῦσαν
3049 1325 3148 1378 τῆς
3192 1315 3374 1387 φλογός
3421 1318 3572 1386 μέρος
3613 1321 3712 1365 ταῦ
3766 1319 3963 1383 σώμα-

2339 1425 2447 1471 τος,
2506 1409 2596 1456 καὶ
2645 1410 2831 1477 πέμπει
2889 1407 3032 1466 τινὰς
3087 1404 3305 1467 ἄξοντας
3355 1407 3448 1462 τὴν
3526 1402 3702 1474 ἁγίαν.
3761 1405 3833 1454 Οἱ
3900 1399 3960 1455 δὲ

2341 1496 2651 1567 πεμφθέντες
2709 1494 3150 1565 λευκημονοῦντας
3228 1493 3393 1565 ἐώρων
3462 1495 3602 1552 τινὰς
3677 1491 3961 1565 εύπροσῶο

2342 1604 2473 1645 ποῦς
2524 1586 2602 1635 ὃτι
2654 1583 2882 1655 μάλιστα
2932 1588 3021 1635 καὶ
3069 1587 3340 1657 χαρίεντας
3397 1581 3641 1644 ἔκπληξιν
3696 1580 3800 1632 ἀπὸ
3863 1591 3962 1641 τῆς

2345 1680 2546 1746 μορφῆς
2628 1671 2853 1743 ἐμποιεῖν
2925 1669 3268 1742 δυναμένους·
3331 1669 3378 1722 οἳ
3449 1676 3538 1722 καὶ
3589 1669 3850 1730 πολλάκις
3912 1667 3961 1720 ἐν

2348 1769 2406 1831 τῇ
2465 1765 2664 1832 καμίνῳ
2715 1765 2944 1821 συνόντες
2990 1769 3050 1832 τῇ
3105 1765 3339 1836 μακαρίᾳ
3385 1763 3472 1811 καὶ
3518 1763 3961 1832 συναναφέροντες

2349 1849 2474 1920 αὐτῇ
2536 1851 2628 1910 τὰς
2685 1848 2848 1919 εὐχὰς
2903 1847 3207 1906 ἓθεάθησαν.
3274 1849 3411 1901 Ἐπεὶ
3467 1843 3552 1899 οὖν
3609 1847 3960 1919 ἐπιχειροῦσι

2348 1941 2554 1999 τούτοις
2603 1942 2695 1996 τὴν
2749 1938 2903 2009 ἁγίαν
2971 1937 3140 1991 λαϐεῖν
3215 1946 3456 2011 παρεῖντο
3511 1938 3565 1989 αἱ
3642 1934 3844 2002 δεξιαὶ,
3899 1937 3957 1988 ού

2353 2024 2626 2098 δυνάμενοί
2681 2046 2734 2078 τι
2788 2023 2986 2098 δρᾶσαι
3041 2027 3230 2078 πλέον·
3285 2025 3478 2096 Ἐξιθι,
3529 2024 3702 2090 ἐϐόων,
3762 2027 3793 2083 ἠ
3864 2034 3958 2078 τοῦ

2354 2123 2485 2168 Θεοῦ
2518 2112 2702 2183 δούλη,
2735 2116 2760 2166 ό
2806 2111 3038 2176 δικάζων
3085 2114 3250 2170 καλεῖ.
3303 2114 3391 2177 Ὠς
3443 2112 3528 2167 οὖν
3581 2117 3796 2175 ἄθικτος
3855 2113 3957 2166 ἀπὸ

2351 2211 2443 2255 τοῦ
2496 2207 2654 2277 πυρός
2713 2202 2914 2266 ἐξῆλθεν
2974 2200 3124 2256 οὐδὲν
3176 2203 3337 2262 αὐτὴν
3389 2208 3447 2254 τὸ
3516 2206 3763 2276 παράπαν
3824 2202 3957 2276 βλάο

2352 2292 2564 2363 ψαντος,
2600 2294 2624 2343 ό
2677 2289 2941 2353 δυσσεϐὴς
2989 2297 3160 2344 καίτοι
3208 2293 3515 2365 ἡμίφλεκτον
3564 2295 3636 2345 ἔτι
3683 2296 3743 2345 τὸ
3801 2301 3957 2364 σῶμα

2354 2384 2511 2452 ἔχων,
2563 2385 2653 2433 καὶ
2724 2380 2806 2453 ἀφ’
2862 2381 3048 2434 ἑαυτοῦ
3128 2389 3353 2434 συνεῖναι
3431 2377 3734 2454 δυνάμενος,
3815 2384 3958 2454 ὅμως

2355 2472 2505 2539 παχύ
2555 2472 2716 2544 φέρων
2746 2472 2804 2520 τὸ
2838 2467 2920 2522 ἐπὶ
2966 2478 3065 2521 τῶν
3106 2469 3376 2542 ὀφθαλμῶν
3421 2477 3516 2531 τῆς
3556 2469 3740 2542 ψυχῆς
3786 2475 3954 2542 νέφος,

2358 2555 2598 2617 ἀσύνετος
2651 2554 2732 2615 ἧι.
2797 2563 2896 2610 Καὶ
2954 2555 3044 2610 διὰ
3123 2566 3270 2611 τοῦτο
3341 2564 3430 2610 καὶ
3485 2555 3630 2619 αὖθις
3700 2564 3960 2630 τιμωρίας

2357 2644 2542 2716 ἐπῆγεν
2595 2647 2786 2720 ἓτερας,
2839 2652 2927 2698 καὶ
2979 2650 3258 2718 τρυπάνοις
3312 2648 3467 2705 αὐτὴν
3524 2647 3714 2700 κελεύει
3773 2644 3957 2699 διαπε-

2357 2737 2609 2807 ρονᾶσθαι
2662 2738 2726 2786 τὰ
2771 2735 2927 2806 μέλη.
2972 2737 3113 2788 Ἐπεὶ
3165 2733 3223 2789 δὲ
3271 2741 3364 2795 τὴν
3414 2733 3646 2789 διάνοιαν
3691 2735 3780 2788 διὰ
3826 2756 3956 2787 παν-

2356 2826 2442 2884 τὸς
2481 2827 2609 2897 πρὸς
2641 2827 2768 2877 Θεὸν
2819 2827 3022 2896 ἔχουσα
3065 2834 3162 2876 τῶν
3209 2825 3534 2897 ἐπαγομένων
3580 2825 3719 2895 ὀλίγα
3765 2825 3951 2897 ἐφρόν-

2356 2912 2494 2972 τιζεν
2546 2914 2575 2971 ἢ
2638 2910 2807 2977 οὐδὲν,
2869 2917 2953 2966 τὸν
3009 2911 3100 2966 διά
3149 2914 3325 2987 ξίφους
3381 2917 3588 2968 θάνατον
3637 2918 3722 2965 καὶ
3773 2913 3940 2974 αὐτῆς

2357 3007 2674 3072 κατακρίνει,
2709 3005 2829 3075 ὅπερ
2877 3006 2907 3062 ἡ
2959 3001 3124 3074 μηδὲν
3157 3004 3356 3075 ἀγεννὲς
3399 3002 3538 3076 μηδὲ
3588 3003 3708 3062 θῆλυ
3739 3008 3952 3074 φρονοῦ-

606 3083 741 3139 bres
807 3087 1067 3157 spiritus,
1109 3095 1164 3144 et
1217 3095 1552 3160 reputasset
1603 3091 1716 3146 hoc
1773 3108 1900 3147 esse
1944 3093 2116 3148 veluti
2180 3094 2240 3148 si-

2361 3109 2428 3141 σα
2476 3097 2638 3152 νεᾶνις
2689 3090 2983 3155 ἀκούσασα,
3035 3098 3124 3144 καὶ
3154 3096 3326 3168 ὥσπερ
3367 3090 3639 3167 σφραγῖδα
3689 3099 3832 3143 τοῦτο
3861 3095 3952 3142 καὶ

605 3173 929 3241 gnaculum
961 3181 1016 3231 et
1045 3176 1384 3234 ﬁrmitatem
1399 3196 1520 3234 suae
1543 3180 1599 3234 in
1631 3180 1812 3235 Deum
1834 3181 2244 3249 confessionis,

604 3275 862 3327 magnas
886 3264 1005 3319 Deo
1028 3265 1142 3333 egit
1181 3269 1369 3334 gratia
1400 3285 1411 3321 :
1446 3270 1571 3338 Ago
1611 3269 1710 3323 tibi
1746 3271 1989 3337 gratias,
2023 3272 2245 3332 dicens,

603 3347 806 3405 divina
835 3351 1102 3418 Trinitas,
1133 3370 1252 3410 una
1282 3356 1577 3421 divinitas,
1612 3373 1728 3413 una
1760 3358 1966 3425 gloria,
2003 3373 2122 3412 una
2151 3375 2248 3427 po-

606 3439 803 3505 tentia,
831 3441 993 3511 quod
1021 3446 1074 3496 te
1105 3447 1159 3498 et
1191 3444 1303 3498 luis
1335 3445 1699 3515 martyribus
1746 3447 1892 3500 meis
1938 3447 2245 3502 sororibus

603 3525 848 3594 dignam
869 3544 983 3595 me,
1007 3545 1133 3601 quae
1159 3548 1292 3586 sum
1322 3533 1590 3601 minima,
1622 3533 1946 3588 reddidisti.
1979 3535 2245 3591 Concede

601 3618 821 3680 autem,
856 3620 918 3672 ut
940 3623 1125 3673 mater
1154 3635 1288 3675 mea
1313 3628 1447 3691 post
1473 3638 1674 3677 meum
1701 3623 2008 3678 decessum
2041 3624 2245 3679 tandiu

604 3701 676 3756 sit
714 3702 773 3756 in
812 3703 926 3759 hac
968 3705 1188 3762 misera
1227 3708 1346 3764 vita
1386 3715 1704 3779 superstes,
1752 3716 1811 3766 ut
1854 3711 1964 3765 tuis
2019 3713 2246 3768 ancillis

595 3789 757 3859 justa
786 3789 985 3846 faciat.

674 3968 803 4021 XIV.
848 3968 991 4024 Cum
1034 3969 1116 4024 sic
1159 3978 1387 4040 precata
1426 3977 1579 4029 esset
1619 3975 1792 4030 beata
1828 3976 2096 4032 Charitas
2146 3978 2247 4034 ad-

605 4054 886 4111 mirandas
925 4056 1059 4112 ﬁlias
1083 4064 1268 4114 mater
1299 4062 1664 4118 admirabilis
1699 4080 1803 4135 pro
1834 4081 1905 4121 ea
1931 4070 2017 4119 est
2049 4081 2247 4138 preca-

603 4147 682 4212 ta,
725 4159 842 4198 non
877 4152 937 4200 ut
974 4163 1106 4203 eam
1148 4149 1372 4206 videret
1409 4152 1629 4221 vivam,
1669 4160 1723 4208 et
1757 4157 1938 4224 longo
1981 4159 2244 4226 tempore

599 4231 833 4298 viveret,
877 4240 1126 4291 mortem
1167 4237 1475 4308 effugiens,
1509 4247 1563 4297 et
1601 4258 1730 4297 eam
1772 4244 1958 4300 solam
1999 4245 2244 4300 haberet

601 4321 1069 4381 consolationem
1111 4331 1165 4381 et
1222 4345 1389 4400 spem
1438 4333 1778 4398 senectutis,
1805 4349 1939 4386 cum
1989 4333 2066 4388 ab
2115 4333 2242 4387 aliis

601 4414 754 4463 esset
804 4411 1038 4468 deserta
1092 4414 1363 4482 filiabus;
1395 4418 1537 4472 nihil
1590 4419 1804 4475 horum
1844 4425 1929 4475 est
1983 4428 2240 4491 precata,

599 4502 701 4550 aut
733 4497 946 4568 voluit,-
982 4501 1106 4552 hmc
1137 4502 1294 4555 enim
1323 4505 1636 4572 judicabat
1667 4523 1796 4561 esse
1830 4513 2087 4563 matrum
2134 4509 2244 4563 illi-

600 4582 816 4638 beralis
855 4590 912 4639 et
952 4587 1150 4657 pusilli
1181 4589 1391 4659 animi,
1432 4597 1486 4648 et
1524 4609 1658 4664 quae
1690 4597 1993 4651 intuentur
2047 4599 2240 4652 solum

602 4672 679 4728 ad
710 4672 767 4726 id
816 4675 980 4744 quod
1028 4675 1216 4740 adest,
1249 4684 1302 4734 et
1351 4681 1511 4752 quod
1541 4682 1770 4737 videtur
1804 4702 1815 4735 :
1851 4685 1954 4739 sed
1987 4690 2047 4739 ut
2094 4702 2240 4741 con-

598 4761 901 4817 venienter
930 4764 1058 4834 ejus
1089 4768 1390 4837 proposito
1441 4770 1729 4841 acciperet
1781 4775 2242 4829 consummatio-

598 4864 734 4904 nem
750 4855 804 4904 et
825 4851 984 4907 bona
1015 4853 1170 4909 facta
1200 4855 1395 4910 bonus
1418 4865 1760 4929 sequeretur
1789 4861 1996 4915 exitus.
2025 4864 2241 4926 Quam-

599 4937 799 4993 obrem
829 4940 904 4994 ad
967 4948 1216 4997 mortem
1251 4945 1301 4998 ei
1345 4945 1573 5000 addens
1625 4949 1917 5015 animum,
1975 4956 2029 5006 et
2071 4953 2143 5006 ad
2178 4952 2236 5006 fi-

599 5043 758 5096 nem,
790 5045 998 5084 cursus
1051 5033 1417 5088 conﬁrmans
1453 5053 1463 5090 :
1500 5038 1680 5105 Euge,
1729 5037 1980 5103 dicebat,
2008 5055 2043 5094 o
2075 5040 2194 5095 tilia
2223 5058 2236 5106 ;

600 5116 776 5170 omei
825 5118 968 5173 uteri
1022 5135 1227 5176 revera
1283 5122 1417 5176 felix
1445 5123 1663 5194 planta!
1709 5141 1744 5179 o
1795 5143 1930 5198 quas
1986 5128 2240 5184 honora—

601 5202 734 5256 visti
786 5207 1077 5274 parentes!
1121 5224 1156 5263 ο
1213 5225 1347 5281 quae
1399 5211 1584 5266 Deum
1647 5212 1704 5267 in
1757 5217 1865 5268 tuis
1899 5216 2238 5284 gloriﬁcasti

601 5290 902 5346 membris.
930 5295 1070 5357 Quis
1116 5312 1235 5353 non
1281 5303 1446 5355 tuam
1496 5299 1765 5357 laudabit
1791 5302 2240 5360 fortitudinem?

601 5375 742 5440 Quis
757 5392 871 5430 non
889 5395 980 5432 an:
996 5383 1073 5436 mi
1098 5384 1280 5440 robur
1295 5394 1348 5442 et
1362 5392 1791 5446 constantiam?
1812 5391 1973 5447 Vade
1991 5393 2065 5447 ad
2082 5410 2241 5449 com-

603 5478 846 5552 munem
881 5464 1220 5536 Dominum,
1247 5475 1318 5528 ad
1344 5476 1698 5544 thalamum,
1720 5480 1778 5534 in
1801 5497 1980 5552 quem
2005 5497 2119 5535 non
2143 5499 2240 5538 ca-

599 5549 686 5607 dit
709 5550 996 5619 interitus,
1031 5555 1109 5611 ad
1137 5560 1394 5630 quietem
1433 5581 1641 5624 revera
1667 5549 1926 5638 beatam,
1969 5569 2242 5628 laborum

2359 3177 2635 3249 ἀσφάλειαν
2692 3188 2785 3242 τῆς
2862 3185 2984 3253 πρὸς
3057 3185 3184 3233 Θεὸν
3266 3182 3540 3252 ὁμολογίας
3618 3181 3946 3252 λογισαμένη,

2358 3267 2545 3328 πολλὰς
2593 3269 2842 3339 ὡμολόγει
2885 3279 2956 3340 τῷ
3013 3279 3124 3340 Θεῷ
3163 3273 3423 3344 χάριτας·
3477 3270 3794 3344 Εύχαριστῶ
3847 3288 3945 3332 σοι,

2355 3353 2597 3423 λέγουσα,
2663 3359 2773 3409 θεία
2827 3362 3006 3429 Τριάς,
3066 3364 3163 3430 μία
3222 3362 3421 3422 θεότης,
3477 3363 3575 3430 μία
3653 3357 3802 3425 δόξαν
3857 3362 3949 3428 μία

2359 3439 2599 3515 δύναμις,
2648 3447 2728 3496 ὅτι
2781 3451 2869 3498 καί
2909 3467 2971 3518 με
3015 3457 3104 3499 τοῦ
3153 3457 3416 3520 νυμφῶνος
3461 3456 3553 3499 τοῦ
3608 3455 3701 3499 σοῦ
3741 3454 3947 3498 καὶτῶν

2359 3539 2460 3582 σῶν
2537 3537 2812 3605 μαρτύρων
2907 3544 3004 3586 τῶν
3090 3535 3221 3608 ἐμῶν
3314 3533 3545 3608 ἀδελφῶν
3633 3535 3780 3598 ἀξίαν
3859 3541 3947 3593 τὴν

2357 3618 2642 3691 ἐλαχίστην
2700 3620 2914 3686 ἔδειξας.
2981 3629 3068 3686 Δὸς
3139 3622 3198 3678 δὲ
3254 3630 3343 3676 καὶ
3414 3631 3502 3683 τὴν
3559 3625 3685 3697 ἐμὴν
3757 3629 3948 3697 μητέρα

2357 3712 2485 3780 μετά
2515 3715 2607 3769 τὴν
2652 3711 2777 3784 ἐμὴν
2825 3713 3060 3772 τελευτὴν
3110 3723 3180 3784 τῷ
3228 3714 3536 3787 ταλαιπώρῳ
3566 3719 3732 3786 τούτῳ
3777 3714 3946 3775 ἐπιζῆ-

2907 3544 3004 3586 τῶν
3090 3535 3221 3608 ἐμῶν

2360 3817 2450 3850 σαι
2505 3798 2625 3872 βίῳ,
2683 3803 2802 3853 ὅσον
2859 3805 2924 3854 τὰ
2981 3808 3318 3876 νενομισμένα
3368 3811 3478 3864 ταῖς
3533 3811 3651 3866 σαῖς
3712 3807 3947 3876 θεραπαι-

2355 3891 2492 3938 νίσιν
2520 3887 2945 3960 ἀφοσιώσασθαι.

2429 3976 2521 4029 ΙΔ’.
2586 3978 2734 4029 Ούτω
2794 3988 2886 4041 τῆς
2957 3985 3218 4052 μακαρίας
3277 3979 3551 4042 δεηθείσης
3610 3981 3860 4053 Ἀγάπης,
3912 3985 3940 4041 ἡ

2356 4072 2451 4125 τῆς
2528 4067 2820 4137 θαυμασίας
2901 4071 3158 4142 θυγατρὸς
3241 4071 3511 4142 θαυμασία
3585 4077 3760 4143 μήτηρ
3836 4075 3944 4123 τινὰ

2355 4154 2478 4226 ὑπὲρ
2533 4154 2695 4214 αὐτῆς
2746 4153 2928 4214 δέησιν
2977 4157 3216 4227 ἐποιεῖτο,
3267 4158 3372 4230 ούχ
3431 4161 3512 4210 ἵνα
3566 4160 3736 4219 ζῶσαν
3787 4160 3940 4218 αὐτὴν

2356 4243 2469 4314 ὁρᾷ,
2526 4240 2638 4295 οὐδ’
2700 4246 2781 4296 ἴνα
2848 4251 3044 4317 μακρόν
3115 4253 3303 4322 χρόνον
3377 4247 3515 4320 βιῲη
3587 4252 3670 4300 τόν
3728 4250 3936 4300 θάνατον

2354 4331 2670 4402 ἐκφυγοῦσα,
2727 4339 2815 4386 καὶ
2869 4337 3203 4408 παραμυθίαν
3257 4336 3417 4394 αὐτὴν
3472 4342 3626 4408 μόνην
3678 4339 3787 4406 ἔχοι
3841 4343 3927 4388 καὶ

2351 4427 2642 4494 γηροκόμον
2713 4420 2900 4475 ἐλπίδα
2972 4433 3068 4475 τῶν
3152 4424 3313 4476 ἄλλων
3391 4427 3678 4499 θυγατέρων
3753 4428 3932 4499 ἕρημος

2353 4506 2522 4561 οὖσα·
2579 4509 2728 4563 οὐδὲν
2784 4520 3014 4564 τοιοῦτον
3067 4514 3095 4570 ἦ
3153 4513 3346 4575 ηὔξατο
3397 4515 3425 4572 ἢ
3479 4515 3716 4573 ἠθέλησε.
3768 4522 3939 4567 Ταῦτα

2351 4602 2451 4671 γὰρ
2510 4598 2725 4670 ἀγεννῶν
2785 4603 2946 4671 ἔκρινε
3015 4605 3248 4676 μητέρων
3323 4607 3411 4654 καὶ
3487 4607 3615 4676 πρὸς
3672 4607 3727 4655 τὸ
3785 4608 3940 4675 παρὸν

2351 4692 2502 4758 μόνον
2557 4687 2878 4760 βλεπουσῶν,
2942 4688 3048 4741 ἀλλ’
3102 4693 3231 4742 ὥστε
3279 4695 3412 4742 κατά
3469 4697 3562 4749 τὴν
3609 4693 3766 4752 αὐτῆς
3817 4698 3943 4767 πρό-

2355 4778 2494 4828 θεσιν
2551 4783 2640 4828 καὶ
2692 4782 2784 4834 τὴν
2833 4777 3090 4830 τελείωσιν
3142 4776 3396 4842 δέξασθαι
3444 4786 3533 4832 καὶ
3585 4781 3768 4843 καλαῖς
3819 4787 3942 4854 πρά-

2351 4864 2462 4927 ξεσι
2520 4867 2673 4917 καλὸν
2745 4867 3100 4926 ἀκολουθῆσαι
3168 4875 3256 4920 καὶ
3332 4869 3490 4930 τέλος.
3545 4874 3630 4922 Διὸ
3688 4876 3941 4944 καὶπρὸς

2349 4957 2434 5004 τὸν
2485 4955 2700 5006 θάνατον
2759 4955 3106 5028 ἐπαλείφουσα
3159 4960 3367 5019 ταύτην,
3429 4964 3518 5010 καὶ
3571 4963 3696 5030 πρὸς
3749 4965 3804 5012 τό
3858 4971 3942 5012 τοῦ

2353 5037 2550 5113 δρόμου
2632 5043 2772 5104 τέλος
2870 5045 3266 5118 ἐπιρῥωννῦσα·
3339 5043 3486 5116 Εὖγε,
3571 5044 3608 5097 ὦ
3703 5049 3940 5119 θύγατερ,

2349 5130 2504 5200 ἔλεγε,
2562 5129 2599 5182 ὦ
2656 5137 2886 5203 γαστρὸς
2933 5136 3058 5204 ἐμῆς
3129 5137 3382 5207 μακάριον
3441 5140 3594 5196 ὅντως
3677 5139 3854 5207 φυτὸν,
3908 5135 3944 5187 ὧ

2348 5227 2508 5289 γονεῖς
2562 5226 2854 5290 τιμήσασα,
2913 5219 2951 5272 ὧ
3037 5225 3164 5274 Θεὸν
3240 5221 3286 5273 ἐν
3340 5231 3444 5282 τοῖς
3513 5231 3620 5282 σοῖς
3674 5220 3946 5286 δοξάσασα

2351 5307 2563 5378 μέλεσι·
2594 5312 2670 5368 τίς
2725 5328 2780 5360 σε
2834 5316 2923 5368 τῆς
2969 5306 3187 5380 ἀνδρίας
3234 5311 3326 5362 ούκ
3375 5309 3667 5378 ἐπαινέσεις
3726 5319 3801 5373 τίς
3856 5323 3946 5375 τῆς

2351 5400 2642 5468 καρτερίας,
2707 5401 2786 5456 τίς
2856 5405 2947 5458 τῆς
3024 5397 3346 5465 ἐνστάσεως;
3399 5397 3587 5451 Ἀπιθι
3667 5405 3791 5473 πρὸς
3865 5407 3946 5454 τὸν

2351 5487 2518 5534 κοινὸν
2579 5490 2864 5552 Δεσπότην,
2909 5490 3032 5558 πρὸς
3089 5491 3173 5537 τὸν
3225 5494 3469 5558 νυμφῶνα
3524 5493 3609 5539 τὸν
3665 5491 3946 5563 ἄφθαρτον,

2350 5575 2481 5645 πρὸς
2542 5577 2628 5630 τὴν
2676 5578 2936 5646 μακαρίαν
2982 5578 3137 5637 ὅντως
3189 5573 3500 5644 ἀνάπαυσιν,
3560 5576 3944 5652 ἀπολειψαμένη
