4144 6258
294 259 398 325 513

1643 257 1813 324 Vm
1849 253 1917 325 3.
1955 256 2336 325 STEPHANI.

3539 274 3644 330 514

300 401 395 446 τῶν
443 392 610 444 ἄθλων
664 393 758 452 τὰς
806 388 1046 462 ἀμοιϐάς.
1093 389 1190 452 Ὠς
1220 391 1334 443 ’σου
1366 393 1452 444 τὸν
1486 395 1730 464 στέφανον
1765 411 1895 464 φαν-

2014 395 2317 462 icceptura
2354 391 2882 447 remunerationes.
2918 393 2986 447 Ut
3016 393 3238 449 visione
3261 397 3641 467 apprehendo

296 483 525 554 τάξομαι
583 477 733 550 δεξιᾷ
787 486 1076 551 Δεσποτικῇ
1152 480 1583 553 προτεινόμενονῑ
1636 481 1728 542 Ὠς
1777 483 1896 540 τοὺς

300 571 548 642 ἀγγέλους,
627 570 730 640 ὁρῶ
788 571 1092 639 χαίροντας,
1153 572 1239 618 καὶ
1304 572 1398 625 τήν
1467 573 1564 626 σήν
1638 568 1895 620 τελείωσιν

301 655 682 730 ἀναμένονταςῐ
747 654 813 707 Ὠ
873 657 1008 715 οἵαις
1064 658 1162 725 ἐγὼ
1240 659 1382 727 τρίσι
1459 657 1754 727 θυγατράσι
1803 659 1896 711 τήν

300 744 507 820 Τριάδα
563 742 864 816 τετίμηκαί
923 745 1024 794 Οἱα
1092 739 1256 815 δῶρα,
1327 744 1412 796 οἷα
1467 746 1674 815 θύματα
1737 761 1898 815 προσ-

303 842 487 907 ήνεγκα
540 837 702 906 ταύτῃ
736 832 748 886 l
782 834 1039 892 Τοιαύτας
1090 832 1271 903 εὐχὰς,
1320 835 1582 893 τοιούτους
1632 832 1812 903 λόγους
1864 834 1894 890 ἠ

303 925 432 982 καλή
484 929 658 995 μήτηρ
714 918 921 994 ἐφόδιον
965 928 1027 992 τῇ
1082 922 1302 993 θυγατρὶ
1349 940 1730 994 παρασχουσα,
1772 924 1898 994 πρὸς

304 1019 397 1072 τήν
450 1014 772 1082 ποθουμένην
828 1007 950 1062 ὁδόν
1003 1010 1326 1082 παρέπεμψε⁶
1378 1014 1462 1061 τὸν
1504 1011 1703 1081 αὐχένα
1741 1006 1828 1061 οὖν
1864 1011 1892 1066 ἡ

307 1107 542 1176 μακαρία
621 1104 938 1172 προτείνασα
1019 1102 1105 1149 τόν
1163 1100 1288 1171 ὑπὲρ
1369 1106 1605 1172 Χριστοῦ
1681 1101 1896 1151 θάνατον

308 1194 506 1248 ὑπέστη
560 1191 859 1261 προθύμως,
904 1189 966 1249 ἧς
1016 1191 1073 1239 τὸ
1108 1195 1260 1258 σῶμα
1298 1189 1328 1245 ἡ
1386 1193 1560 1260 μήτηρ
1601 1190 1898 1260 περιπαθῶς

307 1279 418 1350 ἅμα
463 1281 548 1329 καὶ
603 1275 825 1336 εὐλαϐῶς
880 1275 1266 1339 κατησπάζετο,
1321 1280 1380 1327 τό
1433 1295 1487 1328 τε
1548 1283 1644 1336 τῆς
1701 1279 1901 1347 φύσεως

305 1373 395 1418 καὶ
475 1371 531 1418 τὸ
588 1375 676 1426 τῆς
731 1370 938 1437 γνώμης
1005 1373 1250 1430 ποιοῦσα,
1309 1362 1652 1417 εύωδιάσασά
1703 1384 1757 1416 τε
1812 1369 1901 1415 καὶ

305 1455 696 1529 περιστείλασα,
760 1456 894 1514 ὅπως
948 1451 1054 1505 ἔδει
1103 1459 1193 1511 τὴν
1242 1459 1326 1505 καὶ
1372 1459 1573 1528 μητέρα
1615 1458 1703 1505 καὶ
1757 1454 1898 1525 φιλο-

306 1547 570 1618 μάρτυρα,
623 1543 1023 1616 μεγαλοπρεπῶς
1069 1562 1124 1594 τε
1184 1548 1272 1594 καὶ
1317 1544 1614 1615 φιλοτίμως,
1666 1547 1756 1594 καὶ
1801 1545 1902 1594 ὅσα

304 1637 460 1706 νόμος
538 1633 623 1684 ἐπὶ
707 1635 962 1693 τοιούτοις
1031 1633 1264 1702 γίνεσθαι
1312 1631 1570 1702 λειψάνοις
1625 1631 1893 1695 τελέσασα,

2002 493 2309 545 coronam,
2332 495 2467 552 quae
2495 481 2737 535 dextera
2764 481 3348 554 Dominiporrigitur.
3385 488 3451 541 Ut
3474 487 3644 542 video

2003 564 2245 635 angelos
2267 569 2548 637 laetantes,
2582 574 3054 638 etexspectantes
3083 578 3245 626 tuam
3267 589 3646 630 consumma-

2004 653 2245 708 tionem.
2297 659 2340 710 Ο
2393 657 2616 726 quibus
2670 672 2780 725 ego
2840 659 3028 712 tribus
3069 658 3304 714 ﬁliabus
3353 661 3643 718 honoravi

2005 741 2342 797 Trinitatem
2373 759 2384 796 ε
2427 743 2623 814 qualia
2653 745 2831 812 dona,
2860 746 3070 814 quales
3101 749 3151 801 ei
3184 748 3644 805 obtulisuﬂilus?

2006 828 2174 884 Tales
2206 847 2426 902 preces,
2461 833 2600 888 talia
2631 835 2811 887 verba
2847 851 2984 889 cum
3014 839 3253 905 egregia
3285 845 3473 892 mater
3512 839 3644 894 ﬁliae

2003 919 2356 988 praebuisset
2379 921 2680 987 viaticum,
2707 929 3019 992 prosecuta
3039 930 3126 980 est
3143 926 3218 979 ad
3240 927 3394 981 viam
3422 927 3649 984 deside-

2004 1014 2218 1062 ratam.
2248 1007 2474 1064 Collum
2513 1012 2712 1082 itaque
2753 1027 3062 1081 porrigens
3115 1013 3303 1078 beata,
3365 1024 3643 1087 prompto

2004 1102 2060 1148 et
2089 1097 2264 1151 alacri
2294 1099 2496 1153 animo
2527 1098 2708 1153 subiit
2747 1102 3000 1154 mortem
3034 1116 3140 1171 pro
3179 1101 3431 1157 Christo.
3467 1106 3647 1174 Cujus

2007 1198 2223 1253 corpus
2253 1194 2438 1240 mater
2464 1187 2639 1240 simul
2666 1204 2802 1241 cum
2836 1203 3051 1256 magna
3110 1187 3420 1245 affectione
3448 1200 3502 1246 et
3523 1192 3642 1262 pie-

2007 1274 2124 1324 tate
2155 1278 2241 1326 est
2263 1273 2534 1342 amplexa
2566 1292 2579 1330 :
2605 1274 2940 1343 faciensque
2971 1276 3135 1346 quod
3163 1277 3398 1332 volebat
3416 1280 3566 1334 ratio
3596 1284 3653 1333 et

2008 1368 2238 1423 natura,
2259 1377 2394 1415 cum
2413 1364 2611 1432 ipsum
2637 1362 2929 1427 sufﬁisset,
2964 1369 3022 1417 et
3049 1372 3107 1418 ut
3133 1366 3380 1420 decebat
3403 1372 3652 1422 matrem

2007 1456 2063 1502 et
2101 1458 2432 1520 martyrum
2485 1459 2808 1516 amantem,
2869 1453 3184 1523 splendide
3225 1463 3279 1509 et
3331 1456 3646 1524 magniﬁce

2007 1539 2461 1608 composuisset,
2495 1545 2551 1594 et
2602 1555 2673 1594 ea
2702 1539 2953 1610 fecisset,
2993 1557 3128 1612 quae
3181 1543 3254 1596 de
3285 1559 3450 1598 more
3501 1545 3652 1601 ﬁunt

2005 1626 2060 1680 in
2091 1627 2268 1679 rebus
2296 1626 2661 1696 hujusmodi,
2688 1627 2750 1681 id
2800 1645 3035 1699 quoque
3065 1629 3124 1682 in
3157 1632 3378 1701 templo
3410 1633 3655 1703 deponit

305 1730 414 1784 τοῖς
459 1731 558 1774 τῶν
607 1719 841 1794 ἀδελφῶν
880 1726 970 1772 καὶ
1012 1728 1163 1772 τοῦτο
1214 1723 1482 1786 συνάπτει,
1531 1725 1620 1771 καὶ
1675 1728 1746 1791 τῷ
1795 1727 1898 1790 ναῷ

2014 1714 2186 1769 simul
2215 1730 2351 1768 cum
2380 1716 2709 1780 sororibus,
2742 1717 2907 1788 quod
2927 1717 3025 1771 illa
3058 1720 3221 1789 prius
3252 1720 3529 1790 praeclare
3560 1738 3654 1776 ex-

304 1814 622 1870 κατατίθησι
670 1819 856 1877 ταῦτα,
912 1813 966 1862 ὃν
1024 1813 1181 1882 ἔτυχε
1233 1815 1479 1883 πρότερον
1551 1808 1900 1867 ἀναστήσασα

307 1901 606 1974 φιλοκάλως,
641 1905 774 1972 μέγα
803 1920 854 1952 τι
897 1908 1086 1972 χρῆμα
1123 1904 1210 1951 καὶ
1253 1901 1516 1974 θησαυρὸν
1567 1896 1900 1956 ἀδαπάνητον

307 1993 336 2050 ἡ
421 1991 759 2064 φιλόχριστος
857 1993 1014 2051 ὅντως
1100 1987 1448 2061 δωρησαμένη
1544 1995 1899 2064 Χριστιανοίς,

308 2083 452 2132 ἴασιν
497 2079 702 2150 ψυχῆς,
758 2081 901 2130 ’ίασιν
935 2085 1189 2150 σώματος,
1232 2078 1566 2152 ἀπρόσκοπον
1617 2077 1736 2150 βίου
1787 2075 1902 2130 δια-

307 2173 504 2240 γωγὴν,
561 2172 690 2240 πρὸς
739 2171 860 2220 Θεὸν
915 2168 1196 2235 οίκείωσιν,
1253 2168 1488 2239 μεγάλων
1543 2168 1750 2238 ἀγαθῶν
1807 2186 1904 2219 πα-

308 2263 476 2330 ροχήν
527 2255 814 2332 δωρεῖσθαι
866 2253 1166 2328 δυνάμενον.
1216 2253 1345 2308 Εἶτα
1396 2259 1527 2328 μετὰ
1573 2261 1666 2314 τὴν
1711 2257 1903 2316 ἐκείνης

312 2346 587 2414 τελείωσιν,
677 2355 832 2419 τριῶν
916 2345 1040 2396 ὅλων
1114 2347 1317 2418 ἡμερῶν
1385 2343 1776 2416 διαγενομένων,
1869 2347 1899 2402 ἡ

311 2435 578 2497 καλλίπαις
643 2436 771 2493 αῦτη
838 2440 1006 2509 μήτηρ
1083 2433 1359 2496 ἐξελθοῦσα
1437 2439 1529 2492 τήν
1613 2436 1740 2508 ὑπὲρ
1803 2443 1902 2485 τῶν

312 2528 453 2600 ἱερῶν
503 2523 708 2578 παίδων
759 2525 1041 2577 τελέσουσα
1088 2528 1317 2597 μνήμην,
1370 2531 1653 2598 προσφῦσα
1701 2531 1763 2595 τῇ
1804 2532 1902 2575 τῶν

307 2615 555 2684 λειψάνων
633 2622 789 2688 σορῷ·
867 2619 1029 2686 Τίμια
1086 2617 1224 2688 παρὰ
1296 2618 1403 2683 Θεῷ
1486 2616 1711 2686 θύματα,
1783 2616 1899 2684 ἔφη,

306 2705 663 2776 τετελειωμένα
713 2703 1120 2776 καλλιερήματα,
1172 2700 1394 2764 δέξασθε
1447 2707 1540 2760 τὴν
1610 2704 1747 2773 ὗμῶν
1803 2723 1903 2773 μη-

308 2799 432 2866 τέρα
513 2797 774 2848 σύσκηνον
869 2799 973 2849 τοῖς
1061 2792 1324 2860 ὑμετέροις
1431 2790 1508 2849 οἷς
1612 2799 1904 2842 κατοικεῖτε

313 2887 672 2951 σκηνῶμασιν.
726 2885 901 2930 Ταῦτα
949 2877 1064 2948 ἐφη,
1118 2880 1208 2927 καὶ
1266 2877 1585 2946 συναπήχθη
1645 2884 1754 2936 τοῖς
1813 2879 1906 2950 ῥή-

316 2988 476 3039 μασιν
532 2969 562 3026 ἦ
642 2971 871 3037 γενναία,
925 2969 1014 3015 καὶ
1065 2964 1221 3015 ὕπνον
1274 2963 1478 3014 ὕπνωσε
1534 2967 1620 3014 τὸν
1675 2961 1908 3026 δικαίοις

2010 1803 2306 1868 citaverat,
2323 1819 2446 1858 rem
2477 1820 2762 1873 magnam
2780 1810 2837 1860 et
2865 1805 3230 1873 thesaurum,
3251 1808 3354 1878 qui
3379 1811 3655 1864 consumi

2010 1908 2130 1946 non
2182 1896 2390 1962 potest,
2451 1907 2582 1946 vere
2648 1909 2857 1948 amans
2916 1893 3127 1949 Christi
3171 1894 3394 1951 femina
3441 1897 3654 1966 largita

2013 1981 2356 2036 Christianis
2409 1981 2704 2036 medelam
2745 1984 2984 2047 animae,
3041 1984 3334 2038 medelam
3365 1989 3649 2056 corporis,

2010 2069 2365 2124 inoffensam
2409 2069 2537 2123 vitae
2587 2073 3068 2139 transactionem,
3126 2075 3240 2126 Deo
3289 2074 3655 2144 conjunctio-

2012 2175 2170 2223 nem,
2200 2166 2257 2213 et
2284 2161 2386 2230 qui
2416 2167 2852 2229 potestmagna
2905 2160 3065 2214 bona
3112 2161 3396 2230 praebere.
3434 2163 3650 2219 Deinde

2012 2263 2150 2301 cum
2182 2253 2298 2301 tres
2331 2246 2683 2315 integridies
2713 2248 3324 2319 intercessissentpost
3351 2250 3488 2304 ilius
3517 2268 3651 2306 con-

2012 2337 2496 2400 summalionem,
2524 2351 2760 2406 egressa
2795 2335 2922 2389 haec
2965 2336 3337 2406 egregiarum
3395 2339 3653 2394 ﬁliarum

2015 2433 2202 2477 mater
2247 2440 2355 2495 pro
2412 2430 2802 2479 sacrosanctis
2847 2424 3085 2479 ﬁliabus
3138 2433 3448 2496 peractura
3495 2443 3654 2482 com-

2016 2513 2530 2578 memorationem,
2546 2513 2835 2567 accedens
2848 2513 2926 2567 ad
2946 2513 3204 2568 loculum
3229 2514 3611 2586 reliquiarum
3638 2533 3650 2572 :

2011 2599 2306 2664 Pretiosas,
2357 2601 2515 2665 dixit,
2561 2600 2724 2671 apud
2751 2602 2935 2654 Deum
2973 2602 3199 2669 hostiae,
3232 2612 3649 2660 consummata

2011 2696 2066 2744 et
2095 2689 2340 2760 pulchre
2381 2688 2549 2745 litata
2593 2689 2903 2754 sacriﬁcia,
2935 2691 3182 2762 accipite
3242 2699 3497 2746 vestram
3531 2708 3652 2747 ma-

2013 2783 2160 2832 trem
2224 2777 2714 2832 contubernalem
2765 2780 2822 2831 in
2879 2778 3107 2845 vestris,
3159 2795 3293 2850 quas
3349 2781 3650 2848 habitatis,

2015 2865 2422 2918 tabernaculis.
2454 2868 2586 2918 Haec
2642 2865 2806 2930 dixit,
2863 2871 2918 2920 et
2945 2867 3122 2921 simul
3168 2884 3307 2921 cum
3326 2868 3418 2922 his
3459 2871 3654 2924 verbis

2015 2953 2302 3006 abscessit
2323 2953 2532 3007 mulier
2555 2955 2809 3024 egregia,
2841 2961 2898 3009 et
2921 2971 3154 3022 somno,
3187 2957 3289 3026 qui
3315 2957 3488 3026 justis
3520 2973 3658 3013 con-

317 3057 630 3130 ἁρμόζοντα,
713 3057 742 3112 ἡ
800 3059 969 3128 μήτηρ
1022 3054 1370 3121 προστεθεῖσα
1416 3059 1531 3112 ταῖς
1590 3054 1903 3126 θυγατράσι,

2017 3040 2189 3107 gruit,
2223 3040 2540 3096 obdormiit
2560 3051 2749 3096 mater
2777 3042 2977 3099 addita
3004 3045 3266 3111 ﬁliabus,
3297 3051 3352 3100 et
3389 3062 3654 3101 commu-

315 3151 404 3198 καὶ
443 3153 585 3217 κοινῇ
628 3145 780 3196 πάλιν
825 3151 896 3213 τῷ
929 3151 1028 3195 τῶν
1059 3142 1217 3214 ἁγίων
1245 3149 1412 3214 χορῷ.
1455 3143 1518 3192 Αἰ
1563 3149 1686 3212 γοῦν
1737 3145 1908 3196 συνελ-

317 3235 503 3285 θοῦσαι
574 3231 882 3304 φιλευσεϐεἰς
955 3234 1020 3284 τὰ
1070 3234 1408 3302 νενομισμένα
1479 3235 1568 3282 καὶ
1630 3230 1707 3282 ἐπ’
1772 3233 1904 3307 αύυῇ

313 3321 605 3388 τελέσασαι,
694 3330 755 3394 τῇ
841 3329 984 3393 κοινῇ
1042 3328 1140 3373 τῶν
1216 3321 1508 3392 θυγατέρων
1595 3330 1732 3394 σορῷ
1786 3343 1909 3375 κατ-

315 3413 499 3466 έθεντο.
555 3407 705 3463 Ἐδει
746 3413 848 3484 γὰρ
901 3413 1073 3484 ὥσπερ
1127 3417 1224 3461 τῶν
1276 3407 1488 3480 ψυχῶν,
1527 3409 1661 3461 οὕτω
1706 3407 1774 3470 δὴ
1816 3418 1902 3465 καὶ

312 3507 410 3551 τῶν
466 3503 718 3572 σωμάτων
771 3506 894 3573 μίαν
950 3500 1116 3551 αὐτῶν
1175 3495 1303 3550 εἶναι
1349 3503 1441 3556 τήν
1487 3505 1773 3572 κατοικίαν,
1838 3503 1908 3564 εἰς

316 3585 472 3652 δόξαν
527 3594 743 3663 Πατρός,
799 3593 920 3643 Υἱοῦ
970 3596 1057 3641 καὶ
1101 3589 1253 3659 ἁγίου
1296 3591 1606 3660 Πνεύματος’
1641 3598 1732 3652 τῆς
1785 3599 1910 3664 μιᾶς

319 3681 574 3745 θεότητος,
668 3684 848 3754 πρέπει
880 3686 1026 3732 πᾶσα
1052 3676 1201 3747 δόξα,
1234 3683 1383 3751 τιμή,
1412 3684 1500 3731 καὶ
1526 3685 1906 3754 προσκύνησις,

316 3775 404 3819 νῦν
434 3773 524 3820 καὶ
549 3765 618 3830 εἰς
644 3773 762 3831 τοὺς
790 3768 977 3830 αἰῶνας
997 3777 1096 3822 τῶν
1122 3769 1336 3821 αἰώνων.
1370 3766 1548 3840 Ἀμήν.

2018 3128 2075 3180 ni
2118 3143 2320 3182 rursus
2378 3129 2560 3182 choro
2617 3137 2977 3186 sanctorum.
3037 3135 3184 3188 Cum
3253 3142 3454 3190 autem
3546 3137 3657 3207 pia:

2017 3218 2431 3272 convenissent
2453 3217 2707 3281 feminae,
2735 3219 2786 3271 ei
2812 3235 3046 3290 quoque
3071 3221 3240 3290 justis
3281 3222 3441 3277 l‘actis
3480 3224 3662 3294 depo-

2017 3310 2262 3361 suerunt
2300 3307 2356 3359 in
2398 3309 2698 3360 communi
2761 3306 2952 3362 loculo
3017 3309 3296 3365 ﬁliarum.
3345 3313 3664 3383 Oportebat

2017 3396 2196 3462 enim,
2229 3395 2539 3466 quomodo
2578 3397 2934 3463 animarum,
2989 3398 3070 3453 ita
3120 3400 3296 3454 etiam
3345 3417 3665 3473 corporum

2017 3500 2144 3540 esse
2201 3501 2384 3540 unam
2436 3485 2858 3540 habitationem
2915 3487 3038 3543 :ad
3090 3488 3338 3558 gloriam
3378 3490 3562 3546 Patris
3612 3500 3667 3550 et

2024 3572 2163 3638 Filii,
2203 3579 2256 3628 et
2295 3573 2542 3644 Spiritus
2582 3576 2789 3641 sancti,
2835 3577 3007 3630 unius
3066 3577 3408 3644 divinitatis,
3476 3596 3662 3651 quam

2021 3665 2187 3719 decet
2216 3664 2412 3718 omnis
2468 3663 2676 3739 gloria,
2733 3665 2928 3721 honor
2979 3673 3033 3721 et
3081 3667 3370 3738 adoratio,
3412 3687 3570 3728 nunc
3613 3683 3669 3733 et

2022 3775 2083 3831 in
2113 3775 2331 3838 saecula
2357 3772 2730 3830 saeculorum.
2759 3765 2967 3820 Amen.

1839 4081 2198 4198 VITA

1101 4350 1784 4493 SANCTI
1944 4349 2905 4492 STEPHANI

1640 4661 1840 4716 PAP/E
1880 4661 1962 4716 ET
2000 4661 2364 4717 MARTYRIS.

1097 4836 1298 4892 (Latine
1327 4837 1468 4902 apud
1502 4835 1722 4889 Surium
1756 4837 1822 4887 ad
1856 4837 1994 4888 diem
2029 4838 2058 4885 2
2092 4838 2334 4901 Augusti.
2366 4839 2539 4889 Griece
2559 4852 2669 4889 non
2699 4842 2910 4902 exstat.)

411 5134 536 5198 Quo
558 5130 1194 5203 temporeValerianus
1216 5137 1274 5187 et
1292 5132 1587 5188 Gallienus
1617 5134 1931 5205 impietatis
1966 5133 2009 5187 D
2041 5131 3167 5202 detulisset,omnesejusfacultatesipse
3181 5131 3682 5206 haberetetquos-

338 5225 653 5276 sectatores
667 5221 1048 5290 imperabant,
1065 5221 1511 5277 Christianorum
1527 5223 1932 5293 quamplurimi

338 5309 742 5365 acerbissimos
757 5314 1045 5380 tyrannos
1062 5308 1442 5375 declinantes,
1465 5312 1788 5367 lalitabant.
1808 5312 1930 5366 Non

338 5397 582 5453 deerant
597 5403 790 5454 tamen
803 5396 909 5469 qui
928 5397 1064 5452 ﬁdei
1082 5405 1373 5454 certamen
1389 5397 1712 5466 subeuntes,
1730 5405 1932 5471 marty-

337 5485 407 5542 rii
425 5486 687 5558 palmam
710 5493 1194 5558 assequerentur.
1219 5485 1356 5542 Erat
1376 5487 1534 5542 enim
1551 5486 1643 5544 lex
1659 5487 1935 5562 proposi-

345 5581 402 5631 ta
425 5579 485 5630 ut
510 5576 850 5648 quicunque
872 5573 1271 5632 Christianum
1283 5575 1589 5633 hominem
1603 5577 1933 5636 latitantem

2043 5238 2278 5292 cunque
2294 5225 2543 5277 honores
2555 5221 2616 5274 in
2627 5219 2882 5274 exercitu
2899 5219 3668 5293 petiisset,obtinereposset.

2043 5311 2148 5365 Illo
2178 5311 2354 5379 igitur
2407 5316 2671 5380 tempore
2704 5308 2760 5361 B.
2820 5310 3100 5362 Romanae
3141 5309 3303 5364 urbis
3352 5312 3672 5384 episcopus

2043 5398 2399 5470 Stephanus,
2440 5412 2578 5452 cum
2615 5400 2804 5451 totum
2842 5395 3062 5452 clerum
3111 5404 3543 5468 congregasset,
3586 5401 3672 5457 sic

2043 5503 2180 5544 eum
2207 5486 2421 5542 affatus
2447 5490 2532 5540 est
2561 5499 2575 5540 :
2609 5483 2882 5553 Audistis,
2915 5485 3117 5541 fratres
3156 5491 3214 5538 et.
3242 5487 3685 5544 commilitones

2042 5579 2182 5646 mei,
2233 5575 2714 5633 crudelissimum
2760 5576 3018 5633 edictum
3065 5577 3312 5647 diaboli,
3368 5583 3429 5633 ut
3472 5577 3521 5633 si
3549 5576 3687 5648 quis
