4144 6258
506 268 613 335 95ιῦ

506 390 900 448 Christianum
930 386 1393 459 deprehenderit,
1434 403 1646 444 omnes
1678 389 1805 459 ejus
1837 386 2147 442 facultates
2180 384 2224 435 A

509 482 639 552 ipse
660 478 977 551 possideat.
998 476 1207 529 Moneo
1228 475 1405 544 igitur
1424 493 1544 541 vos,
1560 477 1787 541 fratres,
1811 481 1871 531 ut
1889 482 2149 530 terrenas

511 570 741 623 divitias
758 566 1281 633 contemnatis,quo
1294 566 1545 631 cmlestis
1562 567 1728 634 regni
1743 562 2149 619 haereditatem

511 656 809 727 percipere
862 654 1137 723 possitis:
1186 651 1369 706 Nolite
1419 653 1812 722 hujusmundi
1860 650 2151 723 principes

510 746 893 798 extimescere
926 757 938 794 :
982 740 1082 793 sed
1115 740 1300 794 Deum
1331 742 1457 795 caeli
1490 748 1548 796 et
1590 750 1753 797 terrae
1808 741 2149 801 Dominum,

507 833 753 902 ejusque
772 828 1143 897 unigenitum
1159 828 1364 883 Filium
1380 830 1582 884 Jesum
1600 831 1891 884 Christum
1909 828 2153 883 adorata

514 921 681 975 illum
699 918 964 979 colite,ad
979 916 1144 969 illum
1163 917 1480 986 confugite,
1496 919 1596 989 qui
1616 924 1807 989 potest
1822 933 1926 971 nos
1940 929 2152 970 omnes

514 1010 737 1080 eripere
768 1007 841 1059 de
869 1004 1143 1059 manibus
1186 1004 1561 1060 inimicorum
1612 1012 1948 1061 nostrorum
1998 1008 2052 1057 et
2081 1002 2155 1055 de

517 1096 734 1152 diaboli
765 1094 992 1149 malitia
1043 1093 1322 1147 liberatos
1355 1110 1463 1148 sua
1494 1096 1686 1163 gratia
1711 1093 2117 1151 corroborare.

590 1186 651 1239 Il.
684 1187 841 1239 Tunc
873 1182 1182 1252 presbyter
1206 1182 1723 1251 quidam,nomine
1762 1185 1952 1237 Bonus
1980 1196 1993 1234 :
2020 1182 2153 1242 Nos,

516 1274 727 1345 inquit,
818 1278 1074 1326 terrenas
1158 1276 1388 1324 nostras
1472 1272 1772 1326 facultates
1826 1270 2159 1339 relinquere

514 1363 575 1417 in
602 1363 801 1415 animo
821 1360 1137 1422 habemus,
1154 1359 1423 1428 quinimo
1440 1359 2007 1429 sanguinemipsum
2028 1372 2161 1427 pro-

518 1456 648 1523 pter
674 1450 989 1504 Dominum
1048 1454 1313 1501 nOstrum
1345 1450 1546 1501 Jesum
1592 1446 1911 1511 Christum,
1956 1452 2010 1501 et
2034 1446 2161 1516 ejus

520 1538 780 1593 nominis
811 1536 1241 1590 confessionem
1274 1534 1576 1590 effundere
1604 1536 1792 1607 parati
1834 1550 2066 1597 sumus,
2101 1538 2162 1587 ut

520 1628 688 1681 illum
709 1624 947 1694 assequi
966 1623 1128 1691 digni
1156 1622 1606 1678 eﬂiciamur.His
1630 1625 2040 1689 dictis,omnes
2054 1621 2163 1676 cle-

1828 257 2115 325 ,ΜΕΝΞΙΞ
2138 255 2556 323 1AUQJ‘S‘I’US.

3855 248 3996 304 516

2255 383 2506 437 Titulum
2536 388 2812 437 vocatum
2833 380 3016 436 fuisse
3039 375 3533 446 diximus,itaque
3576 374 3993 430 Nemesium

2258 472 2317 524 in
2358 487 2578 541 aquam
2621 470 2880 534 demisit,
2913 476 2967 523 et
2996 463 3320 536 baptizavit
3346 465 3405 518 in
3434 465 3684 518 nomine
3720 465 3989 523 Patris,

2257 564 2311 612 et
2341 559 2482 618 Filii.
2530 566 2585 612 et
2618 559 2871 629 Spiritus
2925 554 3135 611 sancti.
3168 556 3309 608 Cum
3368 569 3504 607 vero
3560 569 3629 606 ex
3693 554 3987 623 piscina

2258 646 2504 712 exiiSset,
2529 648 2705 717 coepit
2743 647 2925 717 ipsius
2974 643 3097 698 ﬁlia
3140 642 3401 696 clamare
3444 657 3456 695 :
3490 640 3571 695 En
3604 642 3980 696 hominem

2262 734 2451 801 video,
2481 736 2584 806 qui
2616 737 2801 804 tetigit
2847 733 3054 790 oculos
3115 746 3301 797 meos,
3342 730 3404 784 in
3433 731 3607 799 cujus
3672 730 3979 785 circuitu

2263 838 2496 892 magna;
2519 824 2667 878 lucis
2698 824 2974 895 splendor
3006 826 3278 891 apparet.
3302 821 3461 874 Tunc
3483 819 3869 889 Stephanus
3906 824 3969 873 et

2261 912 2454 982 ipsam
2478 914 2725 968 Nemesii
2745 912 2927 966 ﬁliam
2950 908 3443 980 baptizavit,qure
3458 907 3682 962 Lucilla
3708 916 3973 962 vocata

2262 1006 2365 1055 est.
2410 1002 2491 1054 Ex
2537 1002 2650 1055 hoc
2702 1007 2965 1071 tempore
3029 997 3197 1052 multi
3246 1002 3551 1066 cmperunt
3617 996 3699 1051 ad
3760 996 3971 1067 pedes

2262 1087 2420 1142 beati
2460 1088 2754 1158 pontificis
2786 1087 3063 1158 Stephani
3108 1101 3172 1140 se
3200 1088 3573 1155 prosternere
3613 1102 3627 1150 ;
3668 1090 3731 1139 et
3806 1102 3969 1139 cum

2265 1176 2547 1246 lacryinis
2578 1177 2947 1247 baptismum
2977 1175 3055 1231 ab
3085 1190 3157 1230 eo
3180 1180 3396 1244 petere.
3433 1173 3533 1228 lllo
3564 1174 3781 1244 itaque
3821 1173 3961 1237 die,

2268 1281 2385 1335 quo
2406 1265 3053 1336 Lucillabaptizataest,
3072 1279 3269 1319 mares
3281 1267 3337 1317 et
3350 1262 3585 1318 feminae
3612 1262 3968 1331 sexaginta

2268 1353 2389 1407 duo
2449 1354 2734 1424 baptizati
2784 1359 2939 1407 sunt.
2982 1353 3074 1407 Sic
3121 1350 3320 1422 igitur,
3361 1349 3566 1405 divina
3622 1352 3841 1419 gratia
3901 1360 3963 1405 et

2269 1457 2382 1512 ope
2407 1442 2505 1513 adj
2519 1440 2939 1507 uvante,multi
2966 1440 3074 1494 viri
3102 1441 3288 1494 Deum
3321 1445 3651 1495 metuentes
3687 1455 3765 1494 ex
3806 1455 3960 1510 gen-

2269 1532 2447 1596 tibus,
2478 1531 2721 1586 beatum
2755 1530 3096 1602 pontificem
3131 1528 3491 1598 Stephanum
3520 1527 3841 1597 adierunt,
3891 1536 3957 1583 ut

2271 1620 2348 1674 ab
2380 1619 2478 1673 illo
2510 1619 2718 1673 Christi
2744 1620 3110 1689 baptismum
3139 1616 3491 1686 acciperent.
3517 1617 3651 1672 Mox
3675 1617 3781 1671 ille
3804 1633 3954 1672 san-

520 1716 622 1771 rici
654 1714 729 1768 ad
758 1714 1071 1766 beatissimi
1103 1712 1394 1780 pontificis
1437 1716 1618 1782 pedes
1650 1712 1944 1783 prostrati,
1989 1710 2165 1781 signi-
2198 1732 2241 1786 Β
2271 1707 2572 1763 ctissimus
2606 1708 2887 1778 pontifex,
2923 1706 3171 1777 Spiritus
3200 1706 3392 1759 sancti
3424 1706 3613 1773 gratia
3647 1706 3950 1771 refertus,

520 1804 749 1864 ﬁcarut,
777 1802 937 1871 quod
989 1800 1243 1869 quisque
1297 1801 1542 1868 gentiles
1587 1801 1751 1854 domi
1810 1816 1932 1853 suae
1988 1799 2167 1852 habe-

522 1900 626 1955 ret,
650 1890 749 1960 qui
774 1888 1056 1959 baptizari
1078 1892 1583 1959 0ptarent.ltaque
1601 1904 1635 1942 a
1649 1888 1925 1959 pontifice
1941 1902 2166 1958 quaere-

528 1979 673 2033 bant
720 1994 865 2031 num
917 1976 1053 2040 alio,
1094 1992 1170 2029 an
1194 1976 1268 2029 ad
1317 1992 1454 2029 eum
1512 1976 1639 2030 illos
1681 1976 1916 2031 ducturi
1945 1982 2159 2040 essent,

523 2083 645 2138 quo
682 2067 969 2136 baptizari
1026 2070 1282 2134 possent.
1327 2064 1509 2119 Jussit
1558 2064 1735 2133 igitur
1782 2063 2163 2119 beatissimus

526 2158 859 2225 episcopus,
900 2159 959 2207 ut
980 2158 1219 2223 postero
1236 2154 1329 2207 die
1343 2154 1417 2208 ad
1448 2168 1891 2224 cryptam,quae
1906 2152 2166 2223 appella-

524 2249 616 2297 tur
645 2240 986 2311 Nepotiana,
1030 2256 1239 2295 omnes
1273 2243 1672 2295 convenirent.
1703 2246 1847 2297 Cum
1878 2243 2055 2307 igitur
2088 2241 2164 2293 ad

529 2347 661 2386 eam
695 2335 968 2400 cryptam
1000 2330 1437 2394 convenissent,
1473 2330 1691 2383 inventi
1724 2336 1859 2383 sunt
1888 2329 2004 2383 illic
2046 2334 2164 2383 tam

524 2436 738 2483 mares,
786 2434 968 2489 quam
1024 2418 1281 2483 feminae,
1308 2425 1543 2471 centum
1576 2423 1627 2472 et
1668 2424 1800 2472 octo
1834 2434 1847 2484 ;
1877 2433 2030 2488 quos
2069 2417 2166 2471 illo

526 2507 656 2579 ipso
684 2508 778 2561 die
822 2506 1085 2560 Pontifex
1114 2507 1170 2559 in
1225 2507 1467 2560 nomine
1514 2506 1747 2560 Domini
1798 2507 1985 2560 nostri
2033 2508 2167 2559 Jesu

524 2596 735 2651 Christi
749 2594 1128 2648 sanctissimo
1142 2595 1500 2664 baptismate
1514 2595 1707 2648 etaliis
1722 2594 1937 2648 divinis
1954 2600 2165 2663 myste-

523 2686 624 2738 riis
664 2685 1044 2746 consecravit,
1089 2689 1143 2736 et
1175 2689 1235 2735 ut
1264 2682 1372 2735 illis
1406 2682 1707 2752 placatum
1740 2698 1809 2736 ac
1846 2682 2164 2752 propitium

524 2772 709 2825 Deum
730 2771 1017 2832 redderet,
1052 2769 1407 2824 sacriﬁcium
1448 2770 1679 2835 obtulit,
1714 2770 1917 2841 sicque
1956 2784 2166 2823 omnes

524 2866 1033 2914 sacramentorum
1065 2860 1382 2929 participes
1412 2859 1549 2913 facti
1570 2865 1723 2913 sunt.

597 2948 685 3001 IlI.
718 2951 795 3002 Eo
819 2956 1016 3002 autem
1036 2948 1149 3011 die,
1176 2947 1277 3018 qui
1298 2948 1579 3019 deinceps
1600 2952 1831 3002 secutus
1845 2947 2168 3015 est,beatus

523 3037 858 3106 Stephanus
897 3036 1194 3089 ordinavit
1236 3042 1350 3089 tres
1402 3036 1801 3107 presbyteros,
1834 3043 1889 3090 et
1942 3042 2166 3106 septem

523 3127 828 3180 diaconos.
859 3141 927 3178 ac
956 3124 1250 3178 sexdecim
1282 3124 1525 3179 clericos
1556 3131 1609 3179 et
1639 3126 1851 3180 sedens
1876 3141 2083 3180 omnes
2105 3124 2165 3177 il-
2199 3110 2238 3166 (Ι

523 3214 613 3269 los
652 3214 906 3267 docebat
944 3212 1015 3267 de
1044 3228 1227 3281 regno
1256 3213 1375 3277 Dei,
1436 3229 1505 3267 ac
1531 3215 1604 3267 de
1659 3214 2020 3284 sempiterna
2066 3214 2167 3267 illa

522 3303 657 3369 vita,
681 3317 814 3373 quae
844 3300 1039 3355 futura
1069 3304 1313 3355 est.Mox
1341 3308 1645 3372 coeperunt
1678 3303 1876 3372 populi
1909 3318 1980 3356 ex
2012 3301 2167 3355 Grae-

524 3392 604 3444 cis
635 3397 689 3444 et
717 3390 959 3461 reliquis
992 3391 1266 3458 gentibus
1288 3391 1367 3445 ad
1389 3408 1525 3444 eum
1553 3392 1767 3455 venire,
1795 3391 1898 3460 qui
1932 3390 2166 3443 divinos

525 3495 829 3534 sermones
855 3480 1184 3536 audientes.
1213 3495 1248 3533 a
1278 3480 1577 3549 Stephano
1601 3479 1876 3550 pontiﬁce
1908 3478 2167 3548 baptiza-

522 3568 763 3623 bantur.
790 3573 1010 3622 lnterea
1034 3569 1188 3621 venit
1206 3568 1454 3638 quidam
1478 3569 1747 3622 tribunus
1763 3567 2037 3633 militum,
2064 3571 2165 3621 Ne-

524 3657 749 3711 mesius
788 3657 1048 3719 nomine,
1079 3658 1172 3710 cui
1200 3663 1323 3711 erat
1350 3658 1469 3711 filia
1512 3657 1686 3711 unica
1724 3673 1859 3728 quae
1899 3657 1974 3711 ab
2006 3657 2167 3710 incu-

523 3744 761 3799 nabulis
785 3761 797 3798 :
825 3750 1062 3813 apertos
1089 3745 1331 3814 quidem
1359 3745 1563 3799 oculos
1589 3744 2009 3812 habuerat,sed
2024 3745 2165 3798 nihil

525 3834 773 3888 omnino
801 3831 1143 3901 aspiciebat.
1182 3832 1277 3883 [lle
1306 3849 1365 3885 se
1393 3832 1469 3885 ad
1491 3833 1640 3886 beati
1668 3832 1960 3901 pontiﬁcis
1989 3835 2168 3902 pedes

525 3922 860 3991 prostravit,
905 3936 974 3974 ac
1017 3920 1161 3974 dixit
1204 3937 1215 3970 :
1260 3921 1372 3974 Oro
1438 3924 1510 3985 te,
1554 3920 1837 3990 pontifex,
1882 3928 1942 3975 ut
1979 3937 2075 3976 me
2115 3927 2170 3975 et

525 4008 711 4063 filiam
752 4024 947 4063 meam
999 4008 1285 4078 baptizas,
1347 4024 1461 4079 quo
1504 4013 1561 4062 et
1592 4009 1720 4079 ipsa
1785 4009 2167 4074 illuminetur,

526 4103 583 4151 et
630 4098 859 4151 animas
917 4102 1150 4151 nostras
1202 4096 1279 4151 ab
1331 4097 1562 4152 aeternis
1624 4096 1878 4152 tenebris
1933 4098 2164 4168 eripias,

526 4187 814 4257 quoniam
839 4186 917 4241 ad
942 4186 1099 4240 hanc
1129 4201 1309 4257 usque
1338 4187 1498 4241 diem
1528 4202 1765 4259 semper
1795 4188 1852 4241 in
1884 4188 2167 4242 aerumnis

527 4278 583 4329 et
609 4274 915 4329 doloribus
944 4275 1375 4346 propterhujus
1390 4275 1521 4330 ﬁliae
1540 4292 1687 4331 meae
1700 4278 2021 4331 caecitatem
2040 4293 2165 4331 ver-

526 4369 685 4417 satus
716 4365 817 4419 fui.
852 4364 1014 4418 Tunc
1034 4364 1245 4419 beatus
1269 4368 1589 4436 episcopus
1615 4390 1624 4418 :
1653 4367 1707 4421 Si
1733 4366 2163 4437 credis,inquit,

527 4467 600 4507 ex
638 4458 758 4506 toto
798 4454 995 4514 corde,
1037 4453 1241 4505 omnia
1280 4453 1383 4506 tibi
1426 4454 1686 4507 credenti
1727 4470 2009 4508 concessa
2048 4455 2165 4509 fue-
2199 4460 2241 4512 D

525 4540 663 4594 rint.
678 4540 765 4593 Ad
781 4538 1219 4593 haecNemesius
1235 4538 1506 4593 tribunus
1537 4558 1547 4593 ε
1575 4544 1695 4609 Ego
1717 4542 1793 4596 ad
1812 4543 1964 4597 hanc
1981 4559 2165 4613 usque

527 4628 685 4683 diem
712 4634 829 4682 toto
862 4626 1063 4681 animo
1091 4626 1330 4692 credidi,
1368 4632 1423 4682 et
1455 4644 1612 4682 nunc
1643 4631 1815 4684 credo
1848 4632 2165 4685 Dominum

525 4718 728 4771 Jesum
748 4714 1036 4770 Christum
1064 4718 1246 4769 Deum
1279 4732 1404 4770 esse
1435 4719 1781 4788 quiaperuit
1806 4719 2008 4773 oculos
2028 4721 2167 4775 caeci

528 4806 647 4859 nati
679 4828 689 4858 :
717 4820 902 4875 neque
935 4806 1094 4857 enirn
1126 4803 1409 4858 humanis
1437 4805 1693 4859 consiliis
1716 4806 2033 4878 impulsus,
2063 4809 2167 4864 sed

528 4894 652 4961 ejus
673 4892 859 4963 ipsius
880 4896 1211 4956 vocatione,
1236 4891 1312 4945 ad
1338 4893 1708 4948 sanctitatem
1730 4901 1891 4950 tuam
1907 4899 2055 4951 veni.

600 4982 684 5034 IV.
721 4984 816 5034 His
849 4982 1083 5046 auditis,
1114 4980 1311 5035 statim
1334 4981 1546 5035 beatus
1572 4984 1832 5051 pontifex
1863 4985 2163 5040 hominem
2210 5009 2218 5012 ‘

530 5069 695 5123 illum
733 5070 978 5123 adduxd
1020 5070 1095 5123 ad
1135 5071 1331 5123 locum
1373 5072 1719 5140 quemdam,
1770 5074 1871 5144 qui
1924 5082 2167 5129 vocatur

529 5157 750 5212 Titulus
784 5157 1062 5225 pastoris;
1096 5174 1350 5228 cumque
1377 5164 1431 5212 et
1484 5158 1703 5229 ipsum,
1736 5169 1792 5215 et
1829 5162 1955 5231 ejus
1985 5163 2164 5217 filiam

528 5243 2163 5318 catechismoinstruxisset,quemadmodumChristianae

524 5330 664 5386 ﬁdei
681 5344 939 5383 canones
956 5334 1167 5389 etordo
1187 5336 1657 5407 postulat,jussit
1671 5337 1861 5408 eosjej
1874 5354 2053 5393 unare
2069 5355 2164 5393 us-

525 5433 646 5493 que
658 5416 737 5473 ad
752 5430 1083 5486 vesperam.
1101 5424 1175 5474 Cu
1186 5439 1241 5477 rn
1255 5429 1453 5481 autem
1472 5426 1734 5482 venisset
1759 5427 1912 5483 hora
1934 5442 2168 5499 vesper-

528 5507 676 5572 tina,
717 5502 1010 5559 benedixit
1039 5519 1210 5577 aquae
1248 5511 1308 5567 in
1360 5532 1430 5569 eo
1477 5519 1627 5583 loco;
1687 5534 1863 5589 quem
1910 5518 2164 5590 pastoris

2273 1798 2450 1867 cmpit
2471 1796 2938 1850 Christianorum
2958 1793 3399 1849 multitudinem
3424 1793 3478 1846 in
3508 1809 3699 1847 unum
3728 1794 3949 1849 locum

2273 1903 2466 1942 convo
2478 1902 2607 1941 care
2620 1887 2935 1956 divinaque
2953 1884 3149 1939 ofﬁcia
3163 1884 3493 1938 celebrabat
3506 1884 3563 1937 in
3585 1890 3947 1956 martyrum

2274 1975 2554 2039 latibulis,
2590 1991 2725 2045 quae
2766 1984 2981 2045 cryptae
3030 1973 3407 2043 appellantur
3450 1988 3614 2043 :quo
3659 1979 3949 2045 tempore

2275 2064 2609 2119 Nemesium
2642 2068 2872 2134 patrem
2902 2063 3136 2133 Lucilla!
3154 2061 3453 2116 ordinavit
3472 2061 3834 2117 diaconum.

2350 2154 2408 2204 V.
2443 2151 2763 2223 lmpietatis
2795 2166 2933 2205 vero
2980 2155 3299 2205 sectatores
3332 2150 3584 2220 quidam
3624 2167 3768 2204 cum
3814 2150 3947 2205 haec

2275 2240 2661 2309 audivissent,
2696 2241 2936 2310 insuper
2966 2247 3022 2293 et
3050 2238 3392 2293 Nemesium
3435 2238 3736 2292 tribunum
3787 2255 3932 2294 cum

2276 2333 2397 2383 tota
2426 2327 2655 2384 familia
2694 2326 2904 2381 Christi
2934 2327 3117 2381 ﬁdem
3149 2325 3379 2389 sectari,
3416 2326 3845 2397 baptismoque
3879 2334 3937 2383 et

2276 2416 2413 2471 ﬁdei
2426 2416 2648 2471 lumine
2663 2416 2759 2485 adj
2772 2415 3935 2485 utum,caacitatempristinamabjecisse,

2276 2520 2401 2558 rem
2419 2504 2754 2559 detulerunt
2774 2506 2851 2559 ad
2869 2504 3246 2559 Glabrionem
3278 2506 3335 2556 et
3364 2504 3683 2557 Maximum
3706 2520 3935 2559 consu-

2275 2592 2379 2657 les,
2395 2594 2662 2647 homines
2680 2593 2895 2647 scilicet
2908 2592 3228 2663 impietatis
3245 2592 3415 2646 valde
3435 2593 3930 2649 studiosos.Tunc

2275 2682 2355 2736 illi
2382 2682 2455 2736 de
2478 2698 2547 2737 ea
2568 2699 2627 2736 re
2652 2682 3082 2744 consultantes,
3113 2685 3539 2752 praeceperunt,
3559 2687 3613 2736 ut
3642 2698 3927 2751 quocun-

2275 2786 2392 2841 que
2447 2772 2666 2825 inloco
2718 2770 3023 2824 Nemesius
3055 2770 3345 2824 diaconus
3399 2769 3631 2823 inveniri
3684 2777 3919 2839 posset,

2276 2860 2518 2912 omnino
2550 2858 2914 2927 gravissimis
2946 2857 3248 2929 suppliciis
3275 2856 3619 2926 afﬁgeretur.
3645 2858 3781 2910 Cum
3798 2873 3912 2912 au-

2276 2953 2395 3001 tem
2428 2948 2734 3002 Nemesius
2764 2947 2890 3018 ipse
2919 2947 3184 3016 quodam
3216 2947 3309 2999 die
3341 2962 3447 3017 per
3485 2948 3634 3000 viam
3665 2946 3917 3016 Appiam

2276 3036 2385 3091 iter
2414 3037 2650 3100 faceret,
2673 3042 2728 3090 et
2748 3044 2901 3090 esset
2921 3050 3107 3106 prope
3126 3037 3319 3089 Martis
3344 3034 3653 3105 templum,
3689 3040 3740 3088 et
3768 3033 3925 3089 Vale-

2276 3123 2511 3177 rianum
2542 3139 2611 3177 ac
2634 3123 2955 3178 Maximum
2987 3121 3206 3192 impios
3238 3121 3514 3176 homines
3548 3122 3789 3185 videret,
3818 3121 3921 3193 qui

2278 3217 2341 3265 ut
2356 3220 2532 3266 antea
2551 3210 3331 3266 consueverantfmdissima
3352 3210 3653 3264 daa'nonib
3664 3227 3727 3263 us
3752 3210 3919 3264 sacri-

2274 3301 2411 3354 fic1a
2458 3300 2801 3364 olierebant,
2835 3300 2918 3354 ita
2969 3303 3151 3354 Deum
3202 3302 3400 3370 ipsum
3453 3298 3625 3353 ﬂexis
3674 3299 3914 3370 genibus

2275 3388 2463 3443 oravit
2505 3405 2517 3442 :
2556 3390 2798 3443 Domine
2818 3390 2969 3443 Deus
2992 3395 3218 3444 creator
3241 3388 3372 3443 ccell
3400 3396 3457 3443 et
3489 3395 3679 3451 terra},
3704 3389 3921 3459 dissipa

2274 3478 2517 3533 consilia
2529 3484 2584 3532 et
2596 3479 3152 3550 machinas,quibus
3166 3478 3441 3533 diabolus
3454 3478 3752 3533 humanas
3767 3493 3925 3531 men-

2275 3574 2359 3622 tes
2375 3569 2665 3637 pervertit;
2690 3568 2917 3638 dissipa
2934 3584 3056 3631 eas,
3079 3583 3307 3638 quaeso,
3334 3584 3437 3638 per
3458 3583 3679 3622 nomen
3697 3566 3920 3621 Domini

2278 3657 2459 3711 nostri
2524 3657 2663 3711 Jesu
2721 3657 2928 3711 Christi
2983 3656 3106 3710 Filii
3147 3656 3251 3723 tui,
3329 3672 3510 3727 quem
3578 3656 3793 3710 misisti
3862 3656 3913 3710 in

2276 3743 2435 3799 hunc
2462 3745 2778 3798 mundum.
2806 3747 3049 3799 Contere
3098 3744 3398 3809 Satanam,
3436 3749 3498 3798 ut
3526 3744 3727 3797 miseri
3759 3749 3814 3798 et
3837 3743 3915 3798 in-

2277 3832 2470 3886 felices
2488 3833 2579 3886 isti
2597 3835 2673 3887 ab
2691 3834 2740 3902 ej
2754 3851 2820 3886 us
2837 3833 3065 3903 laqueis
3081 3834 3297 3904 quibus
3314 3832 3508 3886 irretiti
3524 3840 3662 3885 sunt
3678 3833 3919 3903 eripian-

2278 3926 2387 3986 tur,
2423 3937 2491 3976 ac
2521 3923 2801 3976 humanis
2842 3924 3123 3976 manibus
3154 3922 3445 3977 fabricata
3475 3920 3795 3976 simulacra
3824 3922 3915 3976 de-

2276 4009 2694 4081 relinquentes,
2726 4017 3061 4080 agnoscant
3084 4018 3134 4065 te
3161 4011 3433 4065 omnium
3473 4026 3673 4065 rerum
3699 4016 3916 4065 creato-

2276 4112 2424 4163 rem,
2450 4099 2637 4152 Deum
2668 4106 2722 4153 et
2747 4098 2979 4154 Patrem
3030 4100 3519 4170 omnipotentem,
3584 4106 3641 4153 et
3680 4099 3912 4153 unicum

2277 4187 2482 4242 Filium
2518 4193 2684 4242 tuum
2716 4188 3036 4244 Dominum
3066 4190 3273 4243 Jesum
3310 4187 3630 4243 Christum.
3663 4186 3755 4242 Illa
3784 4188 3910 4257 ipsa

2275 4276 2424 4331 hora
2453 4278 2674 4347 impius
2702 4278 2988 4332 Maximus
3013 4294 3048 4333 a
3085 4278 3361 4332 daemone
3413 4281 3728 4347 correptus,
3769 4290 3900 4328 voce

2277 4380 2500 4433 magna
2530 4367 2704 4436 cmpit
2732 4366 3021 4420 clamare:
3049 4367 3354 4421 Nemesius
3383 4381 3543 4419 nunc
3566 4361 3895 4418 factusChri-

2277 4456 2502 4509 stianus
2533 4471 2629 4508 me
2650 4456 2928 4509 incendit.
2941 4458 3081 4509 Ecce
3100 4454 3253 4508 illius
3274 4453 3464 4509 oratio
3479 4468 3574 4507 me
3589 4450 3814 4507 cruciat.
3828 4452 3903 4504 Ex

2275 4542 2718 4612 illaigiturhora
2731 4544 2951 4611 egressi
2966 4560 2995 4598 e
3008 4544 3569 4615 templo,jusserunt
3582 4540 3905 4596 Nemesium

2276 4630 2541 4686 detineri.
2577 4634 2723 4686 Cum
2755 4647 2889 4686 vero
2912 4632 3014 4702 qui
3038 4649 3175 4686 eum
3209 4638 3537 4695 tenuerant,
3573 4628 3903 4683 verberibus

2275 4720 2603 4791 pulsarent,
2616 4729 2855 4791 repente
2869 4722 3154 4776 Maximus
3171 4720 3380 4775 consul
3397 4718 3615 4774 efﬂavit
3633 4717 3903 4772 animam.

2348 4809 2439 4863 Vl.
2463 4810 2665 4881 Itaque
2684 4809 2992 4864 Nemesius
3012 4810 3212 4865 statim
3230 4811 3447 4864 ductus
3470 4807 3645 4862 estad
3664 4806 3904 4861 Valeria-

2277 4914 2421 4951 num
2449 4898 2507 4951 in
2541 4900 2847 4969 palatium,
2868 4901 3032 4970 quod
3062 4898 3286 4953 Claudii
3307 4900 3548 4953 nomine
3568 4894 3902 4967 appellatur.

2278 4988 2461 5050 Quem
2496 4990 2577 5041 sic
2610 4988 2823 5042 affatus
2842 4996 2931 5042 est
2965 4988 3302 5041 Valerianus
3329 5003 3339 5041 :
3376 4989 3439 5041 Et
3470 4986 3717 5039 ubinam
3747 4988 3842 5051 est,
3875 4997 3907 5036 ο

2276 5076 2527 5140 Nemesi,
2578 5077 2891 5147 prudentia
2920 5077 3020 5130 illa
3045 5084 3161 5140 tua,
3190 5092 3376 5147 quam
3404 5089 3640 5143 semper
3670 5074 3727 5126 in
3756 5078 3801 5125 te
3819 5088 3912 5126 co-

2277 5165 2612 5232 gnovimus,
2649 5173 2770 5218 tum
2799 5168 2855 5219 in
2881 5165 3138 5219 consiliis
3185 5164 3483 5228 ineundis,
3514 5162 3712 5217 tumin
3743 5160 3909 5215 rebus

2276 5252 2549 5323 gerendis
2580 5252 2990 5308 ﬁrmissimam
3020 5253 3048 5305 ‘?
3077 5254 3163 5307 An
3204 5254 3551 5321 ignoramus
3596 5265 3725 5316 nos,
3777 5249 3914 5320 quid

2276 5342 2590 5412 optimum,
2620 5343 2833 5413 quidve
2860 5342 3193 5413 pessimum
3226 5343 3314 5406 sit,
3367 5341 3591 5411 quippe
3649 5338 3747 5409 qui
3798 5352 3915 5393 non

2275 5429 2439 5486 aliud
2469 5435 2522 5487 te
2551 5430 2941 5487 adhortamur
2960 5437 3020 5486 ut
3048 5431 3253 5497 facias,
3280 5429 3391 5486 nisi
3419 5427 3586 5502 quod
3614 5426 3915 5483 utilitatem

2276 5518 2383 5576 tibi
2414 5518 2591 5579 aﬂere
2627 5521 2837 5594 possit,
2871 5525 2932 5576 ut
2960 5519 3182 5577 scilicet
3208 5536 3342 5592 quae
3375 5534 3513 5575 vera
3548 5514 3914 5589 suntample—
