4144 6258
221 291 332 350 517

1609 291 1773 353 VITA
1809 263 1876 356 s.
1911 269 2260 356 STEPHANI

3529 297 3636 360 518

222 421 414 486 ctens,
442 415 586 472 deos
613 415 780 489 ipsos
809 431 931 471 non
958 415 1220 484 deseras,
1251 435 1405 492 quos
1436 422 1884 494 omnitempore
1919 427 1962 478 A
1997 423 2224 480 miseris
2266 425 2464 482 modis
2491 429 2548 482 te
2573 439 2950 481 consumam.
2969 425 3099 480 Haec
3115 423 3282 491 dixit,
3299 429 3645 501 etSempro-

221 522 260 561 a
301 505 554 578 pueritia
584 505 814 560 coluisti
845 511 902 558 et
936 514 1250 562 veneratus
1277 525 1340 563 es
1367 511 1394 564 ?
1438 510 1526 564 Ad
1583 512 1709 564 haec
1773 511 1883 566 Ne-

224 595 790 650 mesiusdiaconus:
817 594 952 664 Ego,
976 593 1189 664 inquit,
1211 599 1663 652 scelestissimus
1681 599 1882 652 verita-

224 687 346 739 tem
367 686 564 756 ipsam
582 683 1038 754 dereliqueram,
1059 688 1114 737 et
1131 687 1490 756 sanguinem
1511 691 1881 740 innocentem

223 771 654 836 eﬁ'uderam,et
675 771 749 825 ad
775 769 888 824 hoc
922 786 1108 842 usque
1157 777 1392 844 tempus
1443 774 1699 846 peccatis
1741 789 1881 828 one-

219 864 388 915 ratus
409 857 638 914 fueram
671 875 684 924 ;
727 858 836 914 sed
863 859 1073 914 Christi
1131 861 1366 916 Domini
1426 869 1481 917 et
1519 863 1618 917 Dei
1659 861 1880 916 miseri-

221 949 430 1004 cordia
455 948 639 1002 modo
669 947 926 1018 adjutus,
987 947 1231 1003 tandem
1286 953 1620 1007 Creatorem
1677 965 1878 1004 meum

221 1037 498 1106 cognovi,
531 1035 703 1105 cujus
734 1035 1030 1106 baptismo
1061 1037 1428 1093 illuminatus
1476 1055 1631 1104 sum,
1691 1037 1793 1108 qui
1823 1043 1879 1091 et

223 1125 422 1180 cordis
457 1126 572 1179 mei
598 1124 802 1179 oculos
837 1125 1084 1194 aperuit,
1115 1129 1494 1198 etcorporeis
1539 1127 1674 1182 ﬁliae
1733 1141 1878 1180 meae

223 1214 463 1286 pupillis
491 1213 694 1268 lumen
725 1213 991 1268 restituit.
1029 1214 1193 1269 Hunc
1223 1216 1432 1282 adoro,
1474 1217 1634 1271 hunc
1678 1221 1876 1280 timeo,

217 1300 363 1356 huic
411 1303 634 1356 cultum
671 1306 728 1356 et
753 1317 954 1372 preces
976 1303 1228 1374 supplex
1268 1302 1474 1372 offero,
1517 1305 1685 1374 cujus
1717 1303 1880 1358 auxi-

218 1387 372 1443 lium
405 1405 643 1460 semper
669 1389 1030 1459 implorabo,
1073 1395 1130 1444 et
1172 1391 1453 1446 simulcra
1483 1393 1708 1456 omnia,
1746 1407 1877 1460 quae

215 1477 528 1532 daemones
561 1493 688 1532 esse
717 1479 986 1546 cognovi,
1021 1485 1074 1534 et
1108 1481 1256 1550 ipsa,
1307 1487 1360 1535 et
1394 1497 1598 1535 eorum
1622 1483 1877 1535 cultores

217 1579 464 1621 aversor
480 1573 536 1622 et
553 1581 846 1621 exsecror.
877 1569 1036 1621 Tunc
1061 1567 1142 1623 ait
1167 1569 1512 1624 Valerianus
1536 1571 1711 1624 :Nota
1731 1568 1875 1622 mihi

216 1654 659 1720 suntveneﬁcia
693 1661 809 1718 tua,
846 1653 1063 1726 quibus
1091 1658 1390 1712 humanas
1422 1658 1613 1711 caedes
1637 1662 1872 1727 patrare

1992 513 2158 568 nium
2188 513 2649 570 custodiendum
2685 514 2924 568 tradidit
2948 513 3202 569 Tertullo
3233 518 3486 584 cuidam,
3537 519 3641 573 do-

1993 617 2126 654 mus
2178 619 2299 657 suae
2337 605 2737 672 gubernatori.
2797 605 3099 672 ExupertaaI
3159 617 3356 658 autem
3397 607 3642 678 conjugi

1991 687 2426 762 Olympiusipse
2445 693 2724 752 narravit,
2745 691 3250 762 quemadmodum
3268 695 3640 765 Sempronius

1987 778 2120 830 Jesu
2151 779 2356 834 Christi
2391 781 2486 834 Dei
2515 780 2608 834 sui
2629 781 2871 834 nomine
2922 779 3218 846 invocato,
3267 782 3462 838 Martis
3511 783 3642 839 ido-

1985 865 2114 919 lum
2153 869 2585 923 comminuerit.

2061 953 2196 1009 VIll.
2238 958 2398 1010 Tunc
2437 955 2729 1027 Exuperia
2751 969 2938 1010 uxor:
2975 955 3032 1011 Si
3065 961 3246 1020 tanta,
3281 957 3493 1030 inquit,
3552 965 3642 1016 est

1987 1041 2196 1098 Christi
2219 1045 2499 1114 potentia,
2524 1050 2815 1116 quantam
2841 1043 3008 1112 dicis,
3037 1046 3222 1098 satius
3251 1046 3426 1101 nobis
3446 1047 3644 1103 estde-

1989 1129 2127 1184 hine
2157 1131 2284 1186 illos
2317 1133 2476 1202 ipsos
2535 1133 2680 1186 deos
2735 1131 3092 1202 relinquere,
3137 1133 3240 1204 qui
3282 1149 3474 1205 neque
3533 1135 3641 1191 sibi

1987 1231 2182 1288 neque
2214 1221 2386 1274 nobis
2412 1236 2585 1290 opem
2619 1221 2766 1274 ferre
2797 1227 3066 1289 possunt.
3097 1221 3442 1284 Quaeramus
3463 1223 3644 1291 igitur

1993 1307 2176 1360 Deum
2205 1307 2393 1373 illum,
2423 1309 2526 1378 qui
2555 1307 2808 1362 Nemesii
2840 1307 3062 1361 tribuni
3085 1307 3220 1362 ﬁlim
3241 1309 3445 1364 lumen
3477 1312 3642 1366 resti-

1989 1394 2116 1449 tuit.
2143 1397 2304 1449 Tunc
2334 1396 2643 1467 Olympius
2669 1395 2920 1450 Tertullo
2951 1397 3256 1466 praecepit,
3319 1403 3379 1452 ut
3439 1401 3636 1453 mitius

1987 1496 2047 1536 sc
2075 1489 2301 1552 gereret
2322 1499 2460 1538 cum
2485 1482 2860 1554 Sempronio,
2887 1483 3181 1552 siquidem
3203 1485 3640 1557 Nemesiipecu-

1985 1569 2100 1624 niis
2163 1571 2532 1642 inquirendis
2601 1574 2726 1643 ipse
2785 1587 3030 1642 operam
3083 1571 3226 1628 dare
3291 1574 3474 1628 vellet.
3519 1577 3640 1631 Hoc

1985 1657 2338 1714 mandatum
2370 1667 2684 1714 exsecutus
2714 1664 2798 1713 est
2826 1658 3134 1714 Tertullus.
3171 1659 3477 1731 Olympius
3498 1678 3640 1718 vero

215 1759 402 1798 ansus
419 1745 742 1814 es,quippe
759 1745 1254 1815 quietMaximum
1272 1747 1569 1802 consulem
1589 1749 1704 1801 tuis
1719 1761 1871 1816 prte-
1903 1775 1946 1829 Β
1980 1759 2119 1800 cum
2149 1747 2400 1816 conjuge
2429 1749 2739 1818 Exuperia,
2774 1753 2826 1800 et
2847 1748 3020 1800 unico
3037 1747 3156 1800 ﬁlio
3173 1747 3499 1819 'I‘heodulo,
3529 1751 3633 1804 illa

217 1831 404 1901 stigiis
426 1832 499 1886 de
517 1831 718 1886 medio
737 1833 1022 1888 sustulisti
1044 1849 1054 1886 :
1076 1837 1218 1905 quin
1243 1837 1422 1890 etiam
1445 1835 1638 1890 adhuc
1661 1841 1870 1889 contra

213 1925 488 1974 nostram
513 1925 569 1974 et
596 1920 936 1991 reipublicae
971 1922 1223 1978 salutem
1259 1931 1470 1978 temere
1525 1923 1872 1977 christiano-

213 2023 350 2064 rum
380 2023 565 2064 causa
594 2009 734 2063 talia
763 2009 1049 2066 veneﬁcia
1088 2028 1360 2067 exercere
1391 2027 1510 2067 non
1540 2011 1796 2066 desistis.

285 2099 397 2152 Vll.
431 2097 531 2151 His
582 2097 774 2168 dictis,
837 2097 1189 2154 Valerianus
1241 2103 1329 2156 ira
1384 2103 1662 2174 percitus,
1695 2099 1874 2171 jussit

215 2184 380 2240 illum
407 2185 467 2239 in
509 2188 738 2255 privato
761 2203 994 2242 carcere
1018 2189 1287 2254 detineri,
1315 2205 1519 2261 quem,
1553 2207 1692 2244 cum
1723 2205 1874 2260 opus

213 2275 436 2340 fuisset,
461 2275 797 2333 sistendum
831 2279 1124 2348 prtecepit.
1155 2279 1334 2334 Jussit
1372 2281 1551 2335 etiam
1599 2279 1872 2350 Sempro-

213 2363 386 2418 nium
409 2363 660 2418 Nemesii
681 2363 1000 2434 famulum,
1023 2366 1270 2422 domino
1301 2383 1410 2422 suo
1432 2367 1872 2434 ﬁdelissimum,

215 2450 334 2507 illic
359 2458 577 2523 praesto
606 2469 807 2518 esse,a
833 2471 953 2526 quo
967 2455 1234 2525 ejusdem
1253 2457 1508 2512 Nemesii
1539 2461 1666 2511 tum
1697 2455 1868 2518 facta.

215 2545 343 2595 tum
357 2543 515 2597 bona
535 2543 740 2598 omnia
769 2543 1204 2614 inquirerentur
1233 2546 1437 2615 :cujus
1457 2545 1637 2600 etiam
1689 2544 1872 2600 ﬁliam

214 2629 499 2685 Lucillam
514 2631 794 2686 custodiri
808 2632 1080 2702 praecepit
1095 2633 1258 2704 apud
1271 2633 1621 2689 sceleratam
1660 2649 1870 2705 quam-

215 2717 358 2773 dam
399 2719 726 2783 mulierem,
763 2735 1004 2775 nomine
1023 2722 1357 2776 Maximam.
1395 2723 1636 2776 Postero
1670 2730 1870 2777 autem

215 2806 309 2862 die
359 2809 536 2878 jussit
585 2809 999 2878 iniquissimus
1064 2810 1400 2862 Valerianus
1451 2811 1870 2879 Sempronium

219 2895 376 2950 tradi
405 2894 646 2948 cuidam
677 2893 934 2958 tribuno,
962 2893 1067 2962 qui
1091 2895 1418 2947 vocabatur
1450 2894 1786 2963 Olympius,
1813 2899 1876 2948 ut

219 2987 619 3050 torqueretur,
644 2986 695 3034 et
737 2981 812 3034 de
842 2981 1089 3034 domino
1113 2981 1303 3050 ipsius
1329 2996 1434 3050 per
1488 2996 1628 3034 eum
1685 2980 1876 3050 inqui-

217 3072 462 3123 reretur.
489 3069 660 3122 Illum
683 3067 856 3138 igitur
879 3068 1190 3138 Olympius
1213 3070 1304 3122 his
1339 3067 1536 3122 verbis
1555 3082 1875 3137 aggressus

220 3163 340 3213 est:
372 3157 676 3212 Novistine
725 3173 849 3228 qua
888 3159 962 3211 de
991 3173 1176 3212 causa
1227 3159 1321 3212 hic
1377 3165 1512 3212 ante
1569 3173 1678 3211 nos
1730 3171 1873 3211 con-

220 3245 455 3302 stitutus
485 3263 550 3301 es
573 3245 600 3300 ?
622 3247 752 3302 Haec
793 3247 888 3300 ille
914 3247 1015 3301 ait.
1047 3247 1134 3301 Ad
1156 3263 1286 3318 quae
1314 3246 1702 3317 Sempronius
1733 3245 1873 3300 nihil

218 3335 544 3406 respondit.
594 3337 702 3390 Sed
731 3335 1123 3390 nihilominus
1185 3337 1526 3408 Olympius:
1569 3337 1868 3402 Ausculta,

217 3423 426 3495 inquit,
457 3424 788 3495 Semproni,
823 3411 878 3479 et
906 3423 999 3480 fac
1031 3425 1196 3496 quod
1231 3425 1446 3494 jubent
1483 3424 1872 3496 imperatores

220 3511 406 3567 nostri
431 3529 444 3566 :
480 3512 573 3566 sin
603 3515 824 3578 minus,
859 3512 1059 3568 multis
1089 3517 1148 3567 et
1176 3513 1349 3567 variis
1379 3513 1684 3568 tormentis
1739 3530 1870 3568 cru-

217 3599 488 3655 ciaberis.
523 3600 815 3655 Ostendas
842 3601 1022 3670 igitur
1045 3601 1220 3655 nobis
1241 3600 1499 3655 Nemesii
1525 3601 1753 3655 domini
1785 3601 1870 3654 tui

215 3687 549 3756 facultates,
575 3688 785 3743 deinde
805 3705 941 3743 vero
959 3691 1230 3760 propitiis
1249 3689 1500 3744 deorum
1531 3697 1871 3744 nostrorum

211 3779 564 3833 numinibus
581 3777 898 3832 sacriﬁces.
923 3777 1014 3831 Ad
1029 3779 1156 3832 haec
1180 3779 1596 3849 Sempronius:
1617 3777 1674 3833 Si
1693 3777 1871 3832 facul-

213 3871 365 3921 tates
394 3866 624 3922 domini
657 3869 772 3920 inei
797 3869 1044 3920 Nemesii
1081 3868 1354 3936 requiris,
1381 3873 1525 3921 setto
1550 3865 1682 3921 illas
1713 3881 1748 3920 a
1773 3881 1870 3920 me

213 3953 446 4010 Christo
477 3955 657 4008 fuisse
686 3953 918 4009 oblatas
943 3971 961 4024 ;
995 3969 1115 4009 non
1145 3955 1304 4009 enim
1331 3963 1550 4019 nostra,
1586 3955 1690 4009 sed
1716 3955 1870 4008 illius

213 4045 578 4100 erantbona.
610 4043 780 4108 Quod
813 4059 951 4098 vero
980 4045 1128 4098 dicis
1150 4047 1324 4098 etme
1356 4043 1634 4109 hortaris,
1665 4051 1725 4098 ut
1751 4044 1866 4098 diis

213 4133 333 4190 tuis
355 4131 698 4198 sacriﬁcam,
741 4131 905 4186 nullo
937 4125 1114 4187 modo
1149 4132 1371 4188 faciam
1405 4152 1417 4188 :
1453 4133 1680 4188 Christo
1709 4133 1868 4188 enim

213 4223 488 4276 sacriﬁco
521 4221 618 4276 Dei
647 4221 897 4276 viventis
949 4221 1094 4276 Filio
1147 4221 1500 4276 sacriﬁcium
1557 4221 1756 4276 laudis
1815 4227 1871 4274 et

214 4310 630 4376 confessionis,
648 4311 742 4364 cui
756 4317 812 4365 et
828 4310 1100 4365 dominus
1123 4327 1281 4363 metis
1299 4309 1596 4363 Nemesius
1615 4309 1867 4377 seipsum

215 4398 448 4452 obtulit.
485 4402 627 4452 Cum
663 4397 791 4452 haec
819 4398 1069 4451 dixisset
1099 4396 1507 4466 Sempronius,
1540 4395 1736 4449 furore
1771 4409 1868 4449 ac-

1984 1832 2114 1904 ipsa
2145 1843 2318 1890 nocte
2345 1845 2650 1899 venerunt,
2685 1843 2743 1888 et
2780 1835 2858 1889 ad
2886 1834 3069 1905 pedes
3125 1836 3451 1906 Sempronii
3501 1855 3640 1909 pro-

1982 1923 2164 1988 strati,
2200 1923 2505 1978 dixerunt:
2539 1925 2656 1978 Nos
2689 1921 2868 1994 paulo
2909 1930 3044 1978 ante
3071 1923 3282 1980 Christi
3309 1929 3636 1995 potentiam

1981 2013 2400 2078 cognovimus,
2437 2027 2644 2066 verum
2673 2010 2894 2065 scilicet
2924 2013 3111 2065 Deum
3143 2011 3312 2066 illum
3338 2029 3484 2078 esse,
3533 2015 3636 2085 qui

1982 2100 2232 2154 Nemesii
2256 2101 2474 2155 tribuni
2499 2100 2630 2155 ﬁlias
2653 2099 3184 2154 oculorumlumen
3207 2101 3394 2156 dedit.
3418 2104 3636 2166 Quam-

1984 2187 2192 2243 obrem
2227 2195 2278 2244 te
2305 2205 2643 2260 precamur,
2681 2197 2742 2242 ut
2770 2203 2937 2242 cures
2971 2189 3139 2242 nobis
3192 2189 3322 2243 dari
3379 2191 3637 2246 salutare

1985 2275 2284 2346 baptisma
2309 2279 2368 2331 in
2409 2279 2649 2332 nomine
2680 2277 2818 2330 Jesu
2846 2275 3082 2344 Christi,
3116 2293 3292 2346 quem
3325 2284 3386 2332 tu
3425 2280 3636 2349 praedi-

1987 2380 2108 2418 cas.
2141 2365 2470 2437 Respondit
2492 2367 2880 2435 Sempronius
2908 2379 2920 2416 :
2947 2363 3004 2419 Si
3029 2366 3438 2434 pmuitentiatn
3459 2368 3632 2434 agitis

1985 2467 2054 2507 ex
2087 2459 2206 2508 toto
2238 2455 2412 2509 corde
2441 2460 2652 2517 vestro,
2682 2451 2979 2520 benignus
3004 2459 3091 2506 est
3119 2455 3270 2506 Deus
3339 2469 3528 2517 meus,
3580 2459 3636 2510 et

1984 2541 2228 2612 accipiet
2249 2557 2348 2597 vos
2375 2542 2788 2612 paenitentiam
2811 2547 3070 2609 agentes.
3097 2540 3259 2595 Tune
3283 2542 3594 2612 Olympius
3618 2562 3632 2602 ;

1979 2631 2259 2700 Jamjam,
2293 2630 2502 2702 inquit,
2547 2630 2784 2693 faciam,
2822 2635 2880 2683 ut
2912 2629 3119 2684 credas
3147 2645 3242 2684 tne
3297 2635 3418 2685 toto
3457 2631 3634 2686 corde

1983 2719 2188 2774 Christi
2217 2719 2312 2772 Dei
2340 2720 2522 2772 ﬁdem
2553 2717 2740 2788 sequi.
2768 2719 2896 2770 Haec
2923 2717 3089 2785 dixit,
3113 2721 3172 2771 et
3213 2723 3410 2773 statim
3467 2719 3636 2775 cubi-

1981 2809 2184 2861 culum
2215 2807 2507 2877 patefecit,
2539 2807 2601 2860 in
2630 2821 2750 2877 quo
2813 2805 3075 2860 habebat
3127 2807 3314 2862 multa
3362 2813 3417 2862 et
3472 2811 3634 2863 varia

1981 2895 2161 2948 idola.
2191 2894 2412 2955 Quibus
2438 2895 2727 2947 ostensis:
2760 2895 2868 2962 En,
2898 2892 3087 2964 inqui,
3125 2895 3456 2964 Semproni,
3507 2897 3636 2951 haec

1983 2981 2187 3033 omnia
2225 2981 2546 3034 simulacra
2581 2981 2642 3034 in
2671 2987 2958 3051 potestate
2990 2989 3088 3035 tua
3136 2989 3276 3036 sunt
3307 2998 3319 3035 :
3379 2983 3470 3037 fac
3521 2983 3633 3037 illis

1982 3065 2272 3136 quidquid
2301 3067 2458 3121 libet.
2507 3066 2612 3121 Cui
2653 3071 3073 3138 Sempronius:
3121 3070 3264 3137 Age,
3309 3069 3630 3126 simulacra

1983 3153 2102 3207 ista
2128 3154 2331 3209 omnia
2363 3155 2640 3208 manibus
2671 3157 2925 3225 propriis
2957 3161 3214 3221 contere,
3248 3173 3516 3229 auroque
3571 3160 3631 3213 et

1983 3249 2249 3312 argento,
2282 3257 2354 3296 ex
2383 3243 2603 3312 quibus
2657 3243 2924 3297 confecta
2949 3251 3105 3308 sunt,
3165 3247 3300 3314 igne
3330 3247 3625 3310 conﬂatis,

1984 3345 2276 3401 pauperes
2323 3343 2642 3398 congrega,
2694 3339 2750 3384 et
2795 3329 2906 3383 illis
2945 3331 3074 3384 haec
3127 3332 3425 3387 distribue.
3479 3335 3634 3388 Fecit

1981 3418 2208 3482 omnia,
2239 3433 2374 3490 quae
2399 3420 2788 3488 Sempronius
2819 3418 3068 3482 dixerat,
3102 3420 3434 3490 Olympius,
3483 3423 3630 3477 nihil

1983 3523 2226 3580 prorsus
2253 3507 2555 3563 dubitans.
2589 3507 2852 3578 Repente
2877 3521 3018 3562 vero
3050 3507 3256 3564 audita
3301 3517 3388 3564 est
3435 3525 3550 3566 vox
3600 3528 3632 3567 e

1982 3597 2152 3661 coelo,
2185 3597 2511 3651 dicenszln
2545 3603 2616 3660 te,
2673 3597 3007 3667 Semproni,
3068 3599 3359 3668 requievit
3396 3599 3630 3670 spiritus

1983 3701 2172 3740 meus.
2203 3685 2539 3740 Audierunt
2569 3699 2776 3738 vocem
2801 3683 2966 3739 illam
3012 3685 3326 3756 Olympius
3385 3691 3442 3742 et
3499 3689 3629 3758 ejus

1985 3789 2148 3839 uxor,
2192 3782 2246 3828 et
2271 3773 2332 3827 in
2361 3771 2478 3826 ﬁde
2509 3773 2640 3842 ipsa
2665 3771 2802 3827 facti
2833 3781 2971 3826 sunt
2995 3773 3304 3840 ﬁrmiores,
3339 3775 3418 3830 ob
3443 3776 3624 3848 idque

1980 3864 2057 3918 ad
2078 3864 2334 3917 salutare
2351 3861 2656 3931 baptisma
2673 3861 3095 3932 promptiores.
3116 3863 3321 3934 Itaque
3347 3865 3630 3936 Sempro-

1979 3953 2148 4006 nium
2162 3949 2580 4021 precabantur,
2607 3957 2869 4020 petentes
2903 3951 3232 4022 utsigillum
3252 3952 3462 4007 Christi
3481 3955 3634 4009 acci-

1981 4047 2204 4111 perent,
2221 4047 2277 4092 et
2291 4053 2393 4108 per
2406 4053 2630 4108 aquam
2643 4053 2712 4092 ac
2726 4037 2998 4108 Spiritum
3013 4040 3086 4093 de
3095 4055 3214 4094 nuo
3225 4047 3632 4098 nascerentur.

2055 4127 2152 4180 ιχ.
2186 4127 2398 4180 Omnia
2425 4125 2550 4179 haec
2607 4126 2990 4195 Sempronius
3053 4127 3326 4181 Nemesio
3380 4129 3629 4186 domino

1982 4227 2092 4266 suo
2131 4210 2342 4265 retulit.
2375 4211 2516 4276 Quae
2545 4227 2682 4264 cum
2709 4212 3023 4266 Nemesius
3052 4214 3396 4284 accepisset,
3429 4218 3626 4272 celeri-

1981 4307 2068 4355 ter
2098 4299 2244 4354 adiit
2262 4299 2340 4354 ad
2381 4299 2799 4353 beatissimum
2844 4301 3624 4375 pontiﬁcem‘Stephanum,

1981 4391 2152 4460 eique
2177 4403 2304 4442 rem
2332 4401 2574 4442 omnem
2606 4388 2891 4457 exposuit.
2927 4388 3024 4443 Ille
3059 4405 3196 4445 vero
3235 4391 3462 4448 Christo
3504 4397 3623 4450 Deo

216 4501 433 4540 census
466 4492 555 4540 est
585 4486 909 4556 Olympius,
942 4491 998 4539 et
1028 4484 1376 4539 satellitibus
1395 4483 1544 4538 dixit
1578 4482 1871 4539 :Proster—
1902 4469 1947 4524 D
1979 4485 2186 4532 nostro
2212 4474 2463 4546 gloriam
2492 4475 2672 4540 dedit,
2709 4480 2762 4530 et
2815 4481 3091 4546 proxima
3141 4484 3314 4534 nocte
3367 4479 3629 4554 Olympii

219 4575 341 4629 nite
371 4575 676 4628 hominem
705 4575 910 4637 istum,
965 4579 1021 4629 et
1069 4572 1248 4642 virgis
1299 4572 1603 4644 percutite.
1653 4571 1868 4629 Atferte

218 4667 359 4718 ante
387 4663 555 4716 illum
580 4663 760 4717 deum
786 4663 1024 4718 Martem
1042 4679 1111 4718 ac
1145 4661 1458 4734 tripodem,
1496 4667 1555 4716 ut
1611 4663 1701 4717 vel
1759 4663 1868 4717 diis

217 4751 366 4822 ipsis
395 4753 567 4805 thura
596 4749 820 4812 otferat.
855 4753 942 4806 vel
1002 4768 1126 4805 Sine
1167 4753 1613 4806 intermissione
1670 4751 1872 4822 aliqua

217 4841 403 4909 virgis
431 4841 808 4911 percutiatur.
843 4839 1293 4910 Allatumigitur
1323 4856 1571 4896 aureum
1597 4839 1867 4913 [aereum]

215 4929 415 4983 Martis
437 4928 664 4983 idolum
685 4945 804 4984 una
834 4945 970 4983 cum
992 4931 1240 5000 tripode,
1271 4929 1329 4983 in
1351 4941 1676 5000 conspectu
1707 4931 1871 4984 Sem-

213 5018 411 5090 pronii
427 5018 690 5072 locatum
708 5019 835 5074 fuit.
858 5019 1027 5084 Quod
1042 5035 1177 5072 cum
1199 5020 1580 5088 Sempronius
1599 5019 1870 5072 vidisset:

215 5105 514 5170 Conterat,
555 5105 768 5176 inquit,
813 5111 866 5159 te
897 5108 1184 5160 Dominus
1211 5106 1380 5160 Jesus
1412 5107 1674 5160 Chrisms
1699 5105 1874 5160 Filius

214 5195 320 5250 Dei
357 5193 484 5248 vivi.
527 5195 645 5248 Hoc
669 5194 1243 5266 dixitSempronius,
1268 5212 1338 5250 ac
1359 5199 1598 5266 repente
1645 5195 1873 5250 idolum

211 5283 364 5354 illud
386 5283 468 5336 sic
492 5281 880 5354 liquefactum
911 5289 1018 5352 est,
1049 5299 1220 5354 quast
1253 5300 1388 5339 cera
1417 5284 1550 5352 igne
1605 5283 1869 5340 admoto.

213 5371 392 5438 Quod
413 5386 551 5426 cum
583 5371 824 5426 vidisset
879 5373 1208 5444 Olympius,
1268 5378 1502 5445 stupore
1563 5373 1871 5444 perculsus

211 5459 516 5519 obmutuit
532 5477 546 5516 :
566 5475 694 5517 mox
708 5475 843 5518 vero
859 5461 1025 5518 domi
1044 5477 1163 5518 suae
1182 5461 1349 5518 illum
1371 5461 1656 5519 custodiri
1665 5463 1688 5534 j
1699 5461 1871 5530 ussit,

211 5551 425 5610 dicens
445 5549 597 5608 :Hac
627 5555 797 5608 nocte
821 5551 1026 5608 omnia
1054 5557 1348 5610 tormenta
1379 5552 1485 5611 tibi
1523 5537 1788 5624 alierum,
1815 5557 1872 5610 et

1978 4566 2229 4621 domum
2250 4565 2411 4619 adiit.
2437 4565 2566 4628 Quo
2595 4565 2744 4628 viso,
2765 4565 2966 4620 statim
2979 4565 3290 4638 Olympius
3313 4572 3631 4639 prostravit

1979 4671 2043 4709 se
2063 4655 2130 4708 ad
2157 4652 2444 4724 pontiﬁcis
2475 4653 2657 4724 pedes
2697 4669 2817 4708 una
2841 4670 2980 4710 cum
3001 4671 3182 4712 uxore
3215 4658 3526 4729 Exuperia,
3571 4666 3627 4716 et

1978 4745 2098 4798 ﬁlio
2169 4740 2493 4796 Theodulo.
2556 4743 2746 4796 Erexit
2801 4749 3002 4797 autem
3041 4743 3174 4798 illos
3219 4749 3630 4803 sanctissimus

1979 4831 2260 4904 pontifex,
2298 4836 2474 4902 atque
2513 4829 2913 4899 interrogavit,
2955 4847 3032 4886 an
3058 4840 3362 4889 crederent
3405 4836 3467 4890 in
3520 4839 3628 4892 Do-

1979 4923 2212 4979 minum
2238 4927 2506 4976 nostrum
2533 4921 2737 4975 Jesum
2771 4923 3083 4977 Christum.
3116 4922 3220 4978 Cui
3241 4941 3451 4980 omnes
3493 4943 3631 4983 con-

1980 5013 2145 5068 cordi
2173 5011 2376 5066 animo
2416 5010 2855 5080 responderunt
2887 5027 2898 5064 :
2943 5013 3269 5078 Credimus,
3297 5015 3468 5070 Pater
3495 5033 3629 5073 san-

1980 5101 2255 5166 ctissime,
2284 5100 2346 5152 in
2363 5101 2612 5163 Patrem,
2637 5099 2933 5162 etFilium,
2951 5103 3009 5153 et
3029 5101 3312 5170 Spiritum
3326 5110 3621 5162 sanctum.

1981 5189 2142 5244 Tunc
2176 5189 2437 5260 pontifex
2467 5203 2568 5242 eos
2597 5189 2918 5257 baptizavit
2969 5191 3030 5241 in
3087 5191 3329 5245 nomine
3383 5203 3624 5262 sanctae,

1981 5275 2500 5334 consubstantialis
2539 5282 2596 5330 et
2650 5275 2974 5331 individuae
3023 5282 3202 5348 atque
3276 5280 3625 5340 viviﬁcantis

1978 5367 2291 5424 Trinitatis.
2349 5364 2744 5420 Ostenderunt
2773 5371 2972 5420 autem
3003 5365 3083 5420 illi
3117 5373 3176 5422 et
3240 5367 3422 5436 idola,
3489 5387 3625 5444 qua:

1977 5456 2233 5532 prOpriis
2247 5453 2531 5511 manibus
2553 5452 3049 5513 comminuerant.
3069 5456 3197 5522 Qua
3205 5457 3282 5515 de
3301 5473 3365 5515 re
3378 5462 3628 5519 sanctis-

1977 5551 2168 5608 simus
2191 5543 2456 5620 pontifex
2495 5543 2717 5616 gratias
2745 5543 2860 5616 egit
2885 5547 3018 5614 Deo,
3061 5549 3119 5603 et
3159 5563 3268 5622 pro
3297 5549 3412 5606 illis
3443 5553 3622 5612 sacri.
