4144 6258
561 220 669 276 519

1913 214 2173 273 MENSIS
2213 200 2615 300 Ancusrus.

3880 200 4003 263 320

562 345 766 399 ﬁcium
798 342 1012 399 obtulit
1036 341 1296 411 benigno
1345 348 1399 396 et
1452 343 1657 398 salutis
1710 348 1925 399 nostra;
1980 340 2208 397 auctori
2246 342 2286 393 Α
2323 354 2454 394 rum
2486 340 2763 410 reliquias
2794 339 3105 407 diligenter
3134 331 3422 405 inquiras.
3466 331 3611 385 Cum
3651 331 3769 387 hoc
3816 349 4003 389 man-

564 431 817 486 Domino
845 432 982 485 Jesu
1033 430 1300 494 Christo;
1344 445 1564 501 eosque
1624 437 1838 485 sanctae
1892 427 2211 485 oblationis

562 520 879 590 participes
894 519 1046 572 fecit.
1066 519 1269 588 Itaque
1286 524 1408 572 tota
1423 518 1517 574 illa
1531 520 1738 575 domus
1755 520 1973 589 gaudio
1988 531 2211 585 magno

565 615 621 662 et
649 607 937 662 hilaritate
964 606 1188 675 repleta
1210 610 1317 659 est.

640 696 713 747 X.
747 695 967 748 Tertius
1030 693 1155 746 dies
1209 694 1588 764 praeterierat,
1659 712 1795 750 cum
1862 694 2210 749 Valerianus

568 790 620 838 et
680 782 979 838 Gallienus
1033 783 1421 851 imperatores
1473 784 1646 838 valde
1692 784 1858 855 impii
1923 786 2048 837 haec
2105 797 2213 835 au-

567 873 820 935 dierunt,
848 874 950 942 qui
981 871 1175 923 furore
1204 874 1461 936 accensi,
1509 874 1816 941 jusserunt
1873 871 2210 926 Nemesium

566 966 619 1015 et
648 961 775 1030 ejus
806 960 989 1012 tiliam
1043 959 1342 1027 Lucillam,
1402 961 1621 1015 indicta
1669 977 1871 1022 causa,
1928 960 2207 1029 torqueri.

568 1049 679 1104 Sed
711 1064 847 1101 cum
873 1046 1047 1100 nullis
1077 1048 1379 1101 tormentis
1410 1049 1483 1102 de
1511 1050 1799 1103 sententia
1832 1050 2052 1102 moveri
2076 1062 2209 1117 pos-

566 1143 712 1200 sent,
736 1136 865 1190 illos
890 1135 1233 1189 obtruncari
1262 1137 1578 1202 iusserunt.
1613 1140 1677 1190 Et
1707 1138 1848 1206 quia
1892 1136 2208 1206 cupiebant

566 1224 801 1278 Lucilla‘.
832 1226 975 1293 patri
1016 1224 1390 1294 persuadeie,
1438 1232 1497 1277 ut
1537 1226 1889 1277 sententiam
1930 1229 2205 1285 mutaret,

562 1318 971 1384 praeceperunt
1011 1312 1291 1365 Lucillam
1324 1312 1485 1381 prius
1511 1312 1868 1365 obtruncari.
1902 1312 2045 1365 Cum
2070 1325 2205 1363 vero

566 1408 621 1455 et
650 1402 901 1454 Nemesn
926 1400 1297 1470 pr0p0siium
1322 1400 1522 1453 stabile
1556 1406 1729 1470 atque
1767 1398 2077 1453 immobile
2109 1413 2206 1451 co-

569 1488 933 1559 gnovissent,
958 1487 1120 1541 illum
1147 1489 1320 1542 etiam
1346 1488 1533 1541 securi
1565 1488 1789 1556 percuti
1813 1490 2123 1556 jusserunt
2149 1488 2209 1539 in

563 1577 826 1639 locoillo,
851 1577 953 1646 qui
981 1577 1231 1630 estinter
1256 1576 1407 1629 duas
1428 1575 1823 1646 vias,Appiaiii
1851 1582 1905 1629 et
1926 1574 2206 1637 Latinam,

2321 427 2525 483 datum
2549 429 2872 499 accepisset
2891 424 3265 487 Tertullinus,
3300 424 3433 491 post
3460 421 3611 474 duos
3637 420 3769 475 dies
3792 438 3993 493 quam

2322 518 2633 586 presbyter
2662 516 2969 570 ordinatus
2991 519 3101 578 est,
3138 528 3173 566 a
3204 511 3401 565 Marco
3437 509 3675 564 tribuno
3708 527 4001 582 compre-

2322 603 2659 667 hensus,ad
2704 602 3083 658 Valerianum
3134 599 3389 653 ducitur.
3415 599 3517 651 Cui
3563 597 3925 654 Valerianus
3980 618 3992 654 :

2320 697 2460 760 Age,
2488 692 2698 763 inquit,
2724 693 2954 747 domini
2993 688 3071 744 tui
3096 689 3380 759 pecunias
3406 686 3521 741 huc
3548 687 3696 741 aﬁ'er
3730 704 3744 753 ;
3779 704 3989 756 secus,

2322 780 2709 835 interticieris.
2742 780 2829 835 Ad
2860 781 2988 833 haec
3014 776 3366 833 Tertullinus
3406 775 3716 846 respondit
3748 792 3762 830 :
3796 778 3854 832 Si
3889 794 3992 849 pe-

2322 870 2528 923 cunias
2541 870 2769 924 domini
2788 871 2899 923 mei
2921 874 2975 923 et
2991 874 3052 921 tu
3067 867 3285 921 habere
3308 864 3781 935 cupis,i=eternam
3800 867 3982 921 vitam

2319 960 2558 1029 assequi
2591 960 2807 1028 poteris
2837 974 2849 1017 ;
2873 973 3013 1011 nam
3034 955 3129 1010 ille
3157 971 3263 1026 pro
3293 952 3523 1007 Christo
3546 952 3839 1017 moriens,
3864 958 3981 1012 Deo

2318 1046 2434 1116 ipsi
2461 1047 2770 1100 facultates
2799 1062 2936 1100 suas
2954 1045 3185 1110 obtulit,
3221 1043 3281 1096 in
3310 1045 3504 1095 futuro
3535 1041 3635 1095 illo
3690 1058 3822 1097 ξενο
3874 1061 3976 1099 eas

2318 1142 2684 1205 recepturus.
2714 1134 2770 1190 Si
2809 1149 2949 1204 ergo
2972 1139 3028 1187 et
3068 1140 3125 1187 tu
3158 1147 3290 1185 vere
3322 1131 3375 1183 in
3405 1130 3593 1184 Deum
3634 1131 3981 1193 credideris.

2320 1230 2606 1293 mutaque
2626 1240 2694 1277 ac
2715 1238 2929 1276 sensus
2956 1221 3215 1293 expertia
3232 1219 3392 1273 idola
3406 1225 3747 1273 exsecratus
3773 1219 3982 1283 fueris,

2320 1311 2657 1365 misericors
2688 1320 2743 1366 et
2773 1312 3037 1365 clemens
3072 1313 3225 1364 Deus
3259 1315 3313 1363 te
3338 1307 3755 1379 paenitentiam
3800 1326 3986 1379 agen—

2322 1404 2435 1453 tem
2492 1400 2899 1470 amplectetur.
2966 1399 3129 1452 Tunc
3191 1397 3339 1452 dixit
3395 1396 3785 1451 Valerianus:
3832 1402 3982 1470 Ergo

2319 1488 2545 1542 domini
2578 1490 2657 1543 tui
2689 1490 2956 1560 pecunias
2982 1493 3267 1542 mternam
3302 1485 3485 1540 vitam
3532 1485 3613 1539 illi
3675 1486 3928 1541 aﬂerunt
3953 1490 3981 1543 ?

2320 1578 2581 1645 Maxime,
2619 1576 2811 1648 inquit
2840 1576 3211 1642 Tertullinus,
3260 1582 3315 1629 et
3372 1589 3495 1627 non
3550 1575 3754 1629 solum
3814 1584 3983 1631 reter-

568 1680 691 1719 non
718 1666 893 1734 longe
947 1666 1024 1717 ab
1080 1665 1217 1717 urbe
1265 1664 1469 1718 Roma.
1526 1668 1769 1718 Postera
1806 1665 1899 1717 die
1954 1663 2210 1716 nefarius
2244 1689 2287 1743 Β
2320 1681 2461 1719 nam
2485 1666 2687 1728 vitam,
2736 1664 2841 1720 sed
2882 1672 3236 1735 perpetuum
3269 1662 3445 1717 etiam
3487 1676 3743 1731 regnum
3790 1667 3986 1718 conci-

568 1753 1103 1821 Valerianusjussit
1126 1752 1809 1822 Sempronium,publice
1827 1750 2206 1813 audiendum,

568 1843 709 1896 sisti.
746 1840 1055 1895 Cuidixit:
1102 1843 1291 1903 Quare
1322 1854 1445 1896 non
1513 1840 1771 1895 consulis
1811 1840 1912 1894 tibi
1964 1840 2096 1910 ipsi,
2155 1844 2211 1893 et

562 1928 673 1983 diis
704 1936 757 1983 te
783 1928 1043 1996 subjicis,
1077 1944 1179 1997 per
1208 1944 1360 1997 quos
1415 1929 1689 1982 universa
1719 1935 1929 1983 natura
1988 1928 2211 1995 regitur

565 2017 1033 2086 etgubernatiir?
1050 2016 1311 2070 Christus
1331 2033 1423 2070 me
1443 2018 1590 2085 regit
1607 2025 1661 2071 et
1680 2018 1991 2085 gubernat,
2020 2017 2213 2086 inquit

567 2105 1086 2175 Sempronius,qui
1104 2115 1158 2157 et
1179 2104 1334 2157 hanc
1358 2104 1710 2159 sententiam
1730 2105 1871 2159 mihi
1893 2104 2211 2159 confirma-

565 2194 665 2248 vit.
698 2198 855 2248 ’I‘unc
882 2195 1063 2262 jussit
1096 2194 1438 2247 Valerianus
1471 2196 1891 2264 Sempronium
1925 2196 1983 2247 in
2013 2196 2213 2264 ignem

566 2282 795 2351 conjici.
821 2283 1028 2335 Milites
1060 2282 1240 2349 igitur
1279 2298 1415 2336 cum
1438 2282 1634 2350 ignem
1692 2284 1950 2336 multum
2002 2298 2213 2337 accen-

565 2370 809 2434 dissent,
836 2377 1110 2424 sanctum
1131 2369 1295 2422 illum
1322 2371 1512 2423 virum
1541 2372 1982 2441 Sempronium,
2010 2371 2215 2424 vinctis

567 2470 700 2529 post
719 2464 882 2526 terga
913 2458 1211 2522 manibus,
1248 2460 1307 2512 in
1337 2458 1595 2513 mediam
1613 2460 1925 2513 ﬂammam
1951 2460 2216 2531 conjece-

567 2554 723 2602 runt.
752 2550 955 2617 Itaque
972 2547 1350 2601 beatissimus
1375 2557 1586 2617 martyr
1614 2548 1995 2618 Sempronius
2017 2550 2077 2601 in
2096 2565 2216 2602 me-

569 2636 669 2691 dia
695 2636 940 2689 ﬂamma
971 2636 1196 2705 positus
1238 2651 1250 2699 ;
1285 2637 1555 2704 spiritum
1604 2635 1742 2689 Jesu
1770 2638 2001 2690 Christo
2055 2653 2213 2691 com-

570 2724 896 2779 mendavit.
934 2724 1203 2777 Pretiosaa
1232 2722 1642 2793 autemipsius
1681 2724 1943 2794 reliquiae
1978 2726 2214 2779 intactas

568 2817 1047 2883 permanserunt.
1076 2810 1242 2864 Venit
1269 2820 1467 2864 autem
1511 2813 1722 2865 beatus
1775 2811 2035 2881 pontifex
2091 2813 2211 2866 Ste-

570 2900 805 2970 phanus
836 2916 971 2952 cum
1003 2898 1224 2952 clericis
1273 2906 1328 2952 et
1358 2901 1497 2952 viris
1543 2900 1850 2968 religiosis,
1904 2901 2212 2971 sanctique

2316 1755 2481 1811 liant.

2393 1843 2524 1896 XIII.
2561 1843 2658 1896 llis
2689 1843 2925 1907 auditis,
2962 1840 3303 1897 Valerianus
3335 1840 3413 1894 ad
3466 1855 3568 1894 eos
3633 1856 3977 1897 sermonem

2320 1932 2601 1999 dirigens,
2634 1934 2730 2002 qui
2756 1934 3001 1986 aderant
3037 1949 3048 1983 :
3084 1930 3317 1993 Delirat,
3348 1930 3555 1998 inquit,
3620 1930 3980 1985 Tertullinus

2320 2022 2448 2074 iste.
2479 2020 2888 2075 Prosternatur
2912 2020 3091 2090 igitur
3120 2020 3179 2072 in
3212 2024 3449 2081 terram,
3472 2024 3527 2071 et
3559 2018 3763 2071 multis
3801 2020 3979 2087 virgis

2322 2110 2701 2179 percutiatur.
2735 2110 2939 2179 ltaque
2980 2124 3113 2162 cum
3147 2109 3205 2159 Β.
3240 2107 3595 2160 Tertullinus
3630 2107 3759 2160 sine
3813 2124 3983 2162 mise-

2323 2197 2580 2252 ricordia
2599 2200 3176 2261 verberaretur,voce
3199 2210 3422 2264 magna
3445 2194 3713 2249 dicebat:
3751 2196 3979 2251 Gratias

2324 2301 2438 2354 ago
2460 2286 2580 2350 tibi,
2609 2287 2850 2340 Domine
2878 2285 3017 2339 Jesu
3058 2284 3305 2347 Christe,
3341 2283 3503 2354 quod
3536 2298 3657 2337 non
3688 2283 3982 2353 disjunxi-

2327 2375 2395 2428 sti
2439 2390 2531 2427 me
2564 2392 2599 2428 a
2623 2375 2870 2428 domino
2895 2389 3029 2428 meo
3060 2379 3115 2428 et
3146 2388 3316 2426 servo
3341 2382 3439 2426 tuo
3473 2372 3773 2444 Olympio,
3802 2376 3908 2444 qui
3937 2382 3987 2428 et

2326 2479 2420 2516 me
2451 2466 2763 2517 antecessit
2795 2464 3078 2534 martyrio
3109 2462 3368 2515 functus.
3402 2461 3549 2514 Cum
3596 2462 3803 2531 itaque
3839 2463 3987 2517 inter

2325 2550 2569 2605 verbera
2587 2559 2639 2604 et
2663 2553 2871 2621 plagas
2895 2553 3007 2606 hoc
3022 2551 3261 2615 diceret,
3290 2549 3467 2619 jussit
3499 2550 3832 2619 imperator
3860 2552 3985 2621 ejus

2323 2639 2606 2693 lateribus
2637 2640 2838 2708 ignem
2868 2640 3098 2709 subjici.
3153 2640 3251 2692 Cui
3313 2639 3520 2691 nefarii
3567 2645 3741 2709 atque
3808 2639 3983 2710 impii

2323 2727 2597 2782 homines
2608 2727 2722 2782 hoc
2736 2745 2893 2798 saepe
2910 2728 3288 2782 inculcabant
3307 2743 3319 2780 :
3338 2726 3642 2781 Tertulline
3661 2728 3978 2797 sacrilege,

2322 2817 2505 2870 redde
2534 2818 2821 2887 pecunias
2854 2817 3076 2871 domini
3107 2819 3208 2871 tui.
3266 2818 3475 2869 Beatus
3518 2830 3650 2868 vero
3701 2816 3972 2869 Tertulli-

2324 2922 2436 2959 nus
2466 2906 2759 2961 constanti
2791 2906 2995 2960 animo
3018 2914 3195 2977 atque
3224 2905 3399 2960 hilari
3431 2905 3584 2959 vultu
3601 2904 3828 2959 diccbat
3847 2905 3966 2959 Va-

572 2987 903 3058 Sempronii
934 2987 1213 3057 reliquias
1246 2988 1498 3055 collegit,
1524 2994 1578 3042 et
1616 2987 1745 3042 illas
1777 3005 1908 3042 cum
1962 2989 2211 3060 Olympii
2244 2998 2284 3055 C
2321 2992 2545 3047 leriano
2589 3011 2601 3047 ε
2644 3002 2785 3063 Age,
2819 2996 3012 3060 miser,
3048 2995 3139 3048 fac
3170 2994 3472 3048 celerrime
3503 2993 3797 3065 quidquid
3850 2994 3964 3058 vis,

568 3083 624 3130 et
666 3078 980 3136 sociorum.
1036 3074 1139 3145 qui
1200 3076 1361 3145 prius
1404 3086 1641 3147 propter
1698 3076 1989 3132 Christum
2038 3090 2211 3133 inter-

567 3164 699 3219 fecti
730 3164 980 3228 fuerant,
1006 3164 1396 3218 sanctissimis
1426 3165 1689 3236 reliquiis
1720 3166 2045 3221 collocavit.

638 3253 736 3306 XI.
767 3253 903 3306 Post
978 3253 1195 3306 multos
1223 3253 1348 3307 dies
1410 3254 1750 3308 Valerianus
1806 3264 1862 3310 et
1912 3256 2209 3310 Gallienus

565 3349 872 3411 coeperunt
906 3341 1143 3395 beatum
1176 3343 1522 3413 episcopum
1554 3345 1921 3413 Stephanum
1973 3351 2027 3398 et
2079 3345 2208 3414 ejus

563 3430 786 3483 clerum
838 3430 1174 3500 inquirere:
1217 3432 1361 3500 quin
1415 3432 1595 3485 etiam
1654 3433 1846 3485 edicto
1900 3434 2207 3502 proposito

556 3520 879 3588 jusserunt,
908 3527 967 3572 ut
988 3521 1327 3589 ubicunque
1347 3519 1564 3573 inventi
1586 3519 1852 3586 fuissent,
1876 3530 2003 3590 post
2024 3521 2207 3576 multa

561 3613 617 3662 et
641 3608 807 3661 varia
834 3613 1144 3671 tormenta,
1183 3614 1369 3661 morte
1399 3607 1787 3663 acerbissima
1830 3618 2200 3665 necarentur.

559 3698 759 3765 ltaque
825 3694 1041 3747 detenti
1101 3702 1235 3747 sunt
1296 3696 1488 3749 clerici
1550 3696 1887 3762 duodecim,
1948 3714 2203 3769 quorum

558 3784 807 3838 nomina
859 3783 983 3835 haec
1022 3788 1158 3834 sunt
1190 3801 1203 3839 ;
1240 3782 1506 3847 Faustus,
1562 3784 1802 3839 Maurus
1843 3786 2203 3855 Primitivus,

558 3870 903 3924 Columnius
926 3869 1404 3939 [Calumniasus],
1426 3873 1703 3934 Joannes,
1748 3875 2199 3943 Exuperantius,

561 3960 825 4030 Cyrillus,
846 3959 1199 4026 Honoratus,
1218 3960 1583 4014 Theodosius
1605 3960 2017 4032 [Theodorus],
2041 3965 2204 4018 Basi-

554 4048 690 4114 lius,
711 4048 999 4114 Castulus,
1022 4046 1305 4103 Donatus.
1333 4049 1440 4113 Qui
1463 4065 1600 4104 cum
1625 4052 1825 4106 multis
1842 4052 2201 4107 cruciatibus

556 4143 987 4208 torquerentur,
1002 4152 1196 4209 neque
1213 4138 1431 4192 adduci
1445 4148 1682 4209 possent
1696 4148 1756 4194 ut
1774 4142 2200 4214 facerentquod

548 4226 707 4296 jussi
777 4232 961 4292 erant,
1036 4232 1335 4296 postremo
1419 4228 1809 4299 imperatores
1890 4232 2201 4301 jusserunt

2325 3086 2506 3152 utper
2536 3082 2877 3137 incendium
2905 3094 2959 3137 et
2985 3084 3267 3138 ﬂammas
3316 3084 3458 3137 istas
3485 3098 3581 3136 me
3614 3083 3970 3137 sacrificium

2318 3171 2436 3225 Deo
2466 3178 2700 3239 gratum
2728 3172 2937 3226 offerre
2965 3173 3211 3242 possim.
3246 3174 3405 3226 Tunc
3426 3173 3601 3241 jusSit
3627 3172 3968 3226 Valerianus

2317 3259 2696 3313 Tertullinum
2737 3276 2854 3313 non
2890 3261 3147 3331 amplius
3186 3261 3503 3329 verberari,
3540 3261 3646 3314 sed
3680 3261 3831 3315 tradi
3862 3264 3968 3316 Sa-

2317 3347 2487 3417 pritio
2524 3349 2688 3401 urbis
2729 3351 2987 3419 praesidi,
3023 3351 3117 3403 cui
3161 3349 3348 3404 dixit:
3402 3352 3545 3419 Age,
3604 3352 3841 3421 require
3896 3350 3972 3404 ab

2315 3437 2426 3489 isto
2454 3438 2740 3507 pecunias
2789 3439 3041 3509 Olympii
3101 3438 3331 3493 domini
3388 3438 3517 3506 sui;
3558 3438 3777 3493 deinde
3832 3454 3971 3508 coge

2318 3524 2479 3579 illum
2520 3526 2626 3579 diis
2649 3526 2874 3581 libare:
2908 3528 3074 3597 quod
3113 3529 3229 3581 nisi
3254 3526 3477 3595 fecerit,
3507 3530 3683 3583 variis
3718 3537 3974 3583 tormen-

2317 3614 2387 3668 tis
2420 3618 2727 3669 crucietur.

2387 3704 2517 3758 XIV.
2559 3706 2705 3760 Cum
2744 3704 2857 3761 hoc
2879 3706 3237 3761 mandatum
3267 3706 3595 3777 accepisset
3658 3708 3964 3778 Sapritius,

2314 3794 2516 3847 statim
2548 3794 2803 3849 tribunal
2837 3795 2946 3848 sibi
2980 3795 3177 3865 parari
3211 3796 3471 3866 jussitin
3524 3811 3594 3850 eo
3650 3797 3810 3862 Ioco,
3867 3802 3963 3869 qui

2312 3882 2637 3936 Mamertini
2663 3885 2879 3938 domus
2907 3885 3261 3955 appellatur,
3296 3886 3700 3956 prtecepitque
3745 3887 3961 3941 adduci

2314 3972 2392 4024 ad
2422 3988 2482 4025 se
2514 3979 2851 4042 martyrem,
2878 3989 3145 4043 praecone
3168 3976 3248 4027 sic
3273 3974 3598 4029 indicente:
3620 3975 3964 4030 Adducatur

2311 4058 2428 4112 huc
2456 4060 2776 4129 sacrilegus
2807 4061 3153 4117 Tertullinus
3188 4078 3205 4116 :
3236 4062 3541 4117 Adductus
3602 4065 3803 4135 itaque
3858 4064 3961 4119 fuit

2310 4147 2682 4216 Tertullinus,
2716 4165 2896 4220 quem
2922 4166 3135 4221 praases
3162 4150 3700 4222 interrogavit,quo
3713 4155 3960 4208 nomine

2311 4243 2637 4292 vocaretur.
2669 4238 2767 4293 Cui
2800 4239 3178 4295 Tertullinus:
3235 4240 3531 4306 Peccator,
3584 4240 3783 4310 inquit,
3819 4257 3959 4295 sum

553 4315 682 4369 illos
713 4315 1055 4370 obtruncari
1087 4316 1148 4369 in
1195 4316 1288 4370 via
1333 4333 1468 4387 quas
1523 4320 1857 4387 appellatur
1905 4324 2201 4390 Aquaedu-
2230 4348 2275 4401 ι)
2309 4341 2441 4395 ego,
2471 4342 2675 4382 servus
2708 4343 3011 4382 servorum
3053 4329 3193 4382 Jesu
3216 4328 3443 4383 Christi.
3480 4328 3632 4383 Tunc
3661 4330 3949 4397 Sapritius

552 4410 695 4458 ctus.
712 4406 962 4466 Quorum
979 4404 1316 4457 veneranda
1327 4420 1577 4473 corpora
1590 4410 2195 4475 curavitTertulIinus,

552 4491 656 4561 qui
675 4491 864 4544 fuerat
880 4489 1138 4559 Olympii
1160 4506 1285 4544 serv
1299 4507 1366 4544 us
1388 4496 1663 4561 quamvis
1681 4495 1877 4549 adhuc
1892 4503 2049 4551 esset
2061 4515 2200 4568 gen-

551 4579 688 4644 tilis,
718 4586 773 4633 et
800 4594 1006 4633 eorum
1024 4578 1303 4649 reliquias
1319 4580 1574 4649 reposuit
1594 4597 1779 4652 prope
1801 4600 2050 4655 corpora
2067 4604 2198 4643 san-

550 4675 782 4724 ctorum
812 4667 999 4721 Juvini
1029 4672 1086 4721 et
1104 4667 1341 4736 Basilei,
1370 4668 1431 4721 in
1460 4669 1550 4722 via
1584 4671 1809 4726 Latina.
1837 4673 1959 4727 Cal.
2000 4682 2145 4746 Aug.

622 4758 747 4811 XII.
814 4760 943 4810 Haec
1004 4774 1141 4811 cum
1213 4756 1539 4812 audivisset
1591 4759 1803 4814 beatus
1861 4763 2193 4835 Stephanus

548 4846 830 4917 pontifex,
864 4847 1046 4916 jussit
1074 4846 1151 4899 ad
1173 4861 1233 4898 se
1265 4846 1537 4901 accersiri
1568 4849 1975 4922 Tertullinum,
2007 4870 2188 4925 quem

548 4935 747 4990 multis
773 4934 1206 4988 hortationibus
1220 4935 1296 4988 ad
1325 4934 1716 4992 Christianam
1741 4939 1922 4995 fidem
1946 4959 2189 4999 conver-

546 5040 679 5077 sum
694 5026 895 5077 docuit
909 5027 981 5076 de
998 5039 1181 5091 regno
1200 5025 1319 5089 Dei,
1342 5030 1397 5078 et
1416 5028 1810 5095 sempiternae,
1827 5032 1955 5085 vita:
1974 5041 2191 5103 myste-

546 5112 648 5165 riis
678 5111 946 5175 initiavit,
980 5115 1469 5184 sauctissimoque
1500 5117 1857 5185 baptismate
1893 5127 2188 5191 purgavit,

545 5204 724 5267 atque
747 5200 911 5251 ilium
938 5202 1135 5255 adhuc
1164 5202 1303 5256 alba
1335 5214 1491 5258 veste
1559 5207 1853 5272 indutum,
1906 5215 2192 5268 ordinant

547 5285 990 5356 presbyterum.
1016 5294 1199 5351 Quem
1245 5307 1381 5347 cum
1426 5294 1729 5350 docuisset
1770 5298 1843 5350 de
1876 5300 2061 5354 salute
2118 5319 2186 5357 ac

543 5372 765 5459 ccelesti
780 5386 967 5459 regno
998 5388 1233 5437 sanctus
1262 5383 1520 5449 pontifex
1548 5402 1560 5439 :
1596 5387 1749 5453 Esto,
1804 5387 2011 5459 inquit,
2065 5392 2188 5458 tibi,

538 5458 737 5525 frater,
778 5458 893 5514 hoc
910 5473 1060 5514 onus
1097 5470 1460 5535 Impositum,
1507 5480 1564 5527 ut
1605 5458 1931 5532 multorum
1973 5485 2190 5553 marty-

2309 4430 2529 4485 praases
2560 4416 2645 4470 sic
2670 4432 2807 4470 eum
2839 4416 3054 4471 affatus
3079 4424 3199 4471 est:
3235 4418 3559 4472 Considera
3612 4432 3737 4487 quae
3788 4431 3957 4471 nunc

2311 4504 2411 4557 tibi
2456 4504 2900 4575 praecipiuntur,
2930 4512 2986 4559 et
3008 4507 3131 4559 sine
3158 4522 3329 4561 mora
3359 4506 3562 4571 facias,
3597 4506 3754 4576 quod
3795 4506 3956 4570 dico,

2309 4598 2370 4646 ut
2396 4593 2578 4648 vivas.
2616 4597 2713 4648 Eia
2743 4593 2919 4661 igitur
2970 4595 3082 4648 diis
3122 4595 3409 4661 sacriﬁca,
3466 4602 3522 4649 et
3567 4594 3770 4657 redde,
3818 4610 3955 4665 quae

2299 4679 2596 4749 jubemus,
2626 4683 2787 4736 bona
2813 4681 3070 4753 Olympii
3124 4683 3351 4738 domini
3403 4684 3520 4748 tui;
3584 4684 3675 4737 sin
3729 4683 3956 4751 minus,

2306 4776 2730 4825 tormentorum
2746 4772 3051 4841 suppliciis
3073 4780 3461 4843 consumptus
3485 4772 3682 4827 fueris.
3712 4773 3806 4826 Ad
3826 4776 3953 4828 haec

2302 4860 2608 4931 respondit
2631 4861 2980 4915 Tertullinus
3017 4880 3030 4920 :
3076 4862 3131 4916 Si
3162 4877 3372 4915 nosses
3401 4867 3637 4916 aeterna:
3671 4862 3803 4916 vita:
3840 4862 3957 4916 feli-

2302 4951 2556 5014 citatem,
2589 4966 2709 5004 non
2743 4966 2903 5004 esses
2934 4950 3006 5004 de
3039 4952 3310 5021 prazsenti
3343 4950 3566 5006 saeculo
3620 4952 3839 5006 anxius
3889 4969 3957 5008 ac

2302 5039 2608 5103 sollicitus,
2644 5055 2715 5093 ea
2747 5054 2964 5093 curans
3004 5055 3139 5109 qua:
3170 5056 3206 5094 a
3237 5040 3637 5108 daemonibus,
3662 5055 3821 5111 quos
3852 5058 3961 5096 vos

2301 5127 2506 5189 colitis,
2542 5135 2961 5196 suggeruntur,
2994 5135 3041 5181 et
3074 5128 3173 5181 tibi
3206 5134 3261 5182 et
3307 5128 3387 5181 tui
3447 5130 3749 5183 similibus
3781 5138 3964 5185 aeter—

2299 5232 2410 5270 nos
2442 5220 2736 5270 cruciatus
2764 5215 3031 5271 afferent.
3068 5216 3164 5270 His
3199 5218 3431 5281 auditis,
3463 5220 3755 5288 Sapritius
3815 5236 3969 5290 prae-

2303 5320 2394 5358 ses
2416 5304 2592 5373 jussit
2622 5304 2919 5359 ‘I‘ei‘tntlini
2950 5305 3159 5360 faciem
3194 5305 3481 5376 lapidibus
3524 5307 3749 5362 collidi.
3818 5312 3968 5365 San-

2301 5401 2429 5448 ctus
2463 5409 2599 5448 vero
2667 5394 3034 5459 Tertullinus,
3098 5398 3213 5449 Deo
3267 5404 3488 5464 gratias
3537 5414 3750 5467 agens,
3812 5401 3970 5455 dixit

2307 5481 2577 5553 praesidi:
2607 5483 2689 5538 Tu
2730 5498 2929 5538 meum
2958 5499 3024 5537 os
3046 5482 3336 5554 confringi
3362 5485 3613 5555 jussisti,
3650 5492 3704 5540 et
3756 5486 3969 5545 Domi-
