4144 6258
167 249 262 302 521

1535 241 1693 296 VITA
1737 241 1799 295 Β.
1841 239 2211 306 STEPHANI.

3479 261 3584 314 522

168 388 282 429 nus
322 384 499 425 meus
553 369 721 422 Jesus
769 365 1056 432 Christus,
1088 381 1268 438 quem
1296 381 1406 440 ego
1454 365 1606 431 colo,
1654 371 1709 421 te
1755 381 1826 421 ac
1859 367 1905 419 Α
1936 367 2314 426 beatissimus
2379 373 2640 444 pontifex
2699 391 2736 430 a
2785 376 3131 435 satellitibus
3157 385 3324 436 extra
3356 385 3583 438 mmnta

167 458 480 518 diabolum
507 454 853 512 idololatrias
871 460 1176 511 auctorem
1209 462 1484 512 conteret.
1505 455 1674 510 Tunc
1687 469 1827 526 prae-

171 566 265 606 ses
292 546 439 602 dixit
476 545 568 600 his
597 543 701 616 qui
755 550 1075 616 praesentes
1131 551 1339 600 erant:
1392 545 1647 600 Curnam
1717 546 1825 598 iste

171 640 444 694 moratur
480 632 737 704 Olympii
770 632 1056 704 pecunias
1086 632 1335 688 reddere
1359 631 1388 687 7
1444 635 1506 688 Et
1557 632 1634 687 ad
1687 647 1825 686 eum

171 739 523 782 conversus:
554 728 695 792 Age,
725 721 940 794 inquit,
975 720 1123 778 affer
1143 723 1426 793 pecunias
1448 736 1594 793 quas
1617 721 1824 788 debes,

171 821 227 869 et
283 812 402 868 diis
453 810 746 876 sacriﬁca,
801 826 873 866 ne
924 817 1121 882 capite
1173 809 1582 872 obtruncatus,
1641 809 1825 864 vitam

173 903 434 960 amittas.
470 899 792 970 Respondit
831 899 1187 954 Tertullinus
1230 916 1242 954 :
1297 902 1414 970 Ego
1463 901 1521 954 in
1576 899 1825 954 Domino

173 1006 310 1046 meo
375 991 508 1044 Jesu
542 988 784 1052 Christo,
842 989 934 1044 cui
996 987 1240 1052 credidi,
1291 987 1676 1043 conﬁrmatus
1746 987 1827 1041 ita

173 1095 328 1143 sum,
362 1084 417 1132 et
438 1079 519 1133 ita
548 1076 716 1132 illum
739 1077 958 1133 habere
984 1076 1183 1147 cupio,
1216 1083 1280 1132 ut
1298 1084 1654 1148 praesentem
1675 1075 1829 1130 hanc

176 1169 366 1222 vitam
397 1181 506 1238 pro
536 1165 720 1220 nihilo
750 1164 990 1230 ducam,
1027 1165 1199 1236 cujus
1229 1165 1424 1220 nullos
1454 1170 1645 1220 certos
1683 1164 1832 1218 ﬁnes

174 1258 532 1310 constitutos
566 1254 758 1309 video.

250 1345 358 1398 XV.
409 1345 540 1397 Haec
594 1342 845 1397 audiens
902 1341 1211 1412 Sapritius,
1265 1341 1464 1398 furore
1522 1356 1832 1404 accensus,

169 1431 351 1502 jussit
376 1430 760 1486 Tertullinum
815 1429 875 1485 in
903 1429 1066 1499 ligno
1097 1430 1350 1497 extendi,
1410 1435 1467 1486 et
1509 1429 1705 1486 nervis
1734 1428 1835 1483 diu

174 1517 500 1575 verberari.
531 1517 679 1574 Cum
702 1518 876 1589 igitur
896 1519 1092 1572 nervis
1114 1518 1440 1573 crederetur
1459 1517 1835 1579 Tertullinus,

174 1606 482 1664 clamabat
516 1623 526 1660 :
552 1606 800 1662 Domine
821 1609 951 1661 Jesu
977 1605 1224 1671 Christe,
1248 1622 1320 1661 ne
1337 1607 1578 1661 deseras
1601 1619 1837 1660 servum

1935 460 1988 511 et
2019 461 2249 527 portam
2272 459 2526 532 Appiam
2559 462 2635 518 ad
2668 463 2952 536 templum
2984 467 3196 522 Martis.
3218 469 3345 533 Quo
3365 468 3424 524 in
3448 468 3581 524 loco

1933 545 2253 616 episcopus
2281 547 2426 617 ipse,
2463 549 2744 606 omnibus
2799 554 3225 622 spectantibus,
3281 554 3487 611 oculos
3520 557 3579 611 in

1934 631 2151 688 caelum
2184 635 2388 700 erexit,
2421 652 2491 692 ac
2528 637 2714 694 dixit:
2756 641 3000 696 Domine
3039 644 3212 705 Deus,
3257 645 3422 698 Pater
3472 643 3580 699 Do-

1937 721 2081 776 mini
2111 723 2296 777 nostri
2328 727 2464 778 Jesu
2495 727 2723 792 Christi,
2779 728 2881 798 qui
2927 729 3180 785 evertisti
3219 731 3426 786 turrim
3442 745 3582 786 con-

1935 808 2185 865 fusionis
2215 812 2378 882 apud
2410 813 2798 884 Babylonem,
2830 816 3086 880 destrue,
3121 833 3351 888 quaeso,
3424 834 3583 874 nunc

1935 905 1991 954 et
2019 899 2219 955 locum
2258 901 2438 966 hunc,
2471 903 2527 956 in
2556 919 2672 974 quo
2702 902 2923 959 diaboli
2950 905 3286 976 superstitio
3325 922 3433 978 per
3461 906 3586 962 ido-

1936 986 2130 1042 lorum
2180 988 2404 1044 cultum
2467 997 2786 1047 exercetur.
2815 993 2961 1048 Cum
3001 993 3128 1048 haec
3182 993 3424 1050 dixisset
3448 1010 3588 1065 pon-

1938 1074 2097 1140 tifex,
2123 1082 2357 1146 repente
2389 1076 2542 1132 facto
2603 1079 2860 1134 tonitruo
2919 1087 2974 1135 et
3022 1079 3253 1150 fulgure
3294 1082 3583 1149 maximo,

1941 1162 2228 1232 templum
2265 1164 2457 1218 Martis
2508 1181 2729 1234 magna
2781 1181 2854 1221 ex
2911 1173 3074 1237 parte
3145 1171 3384 1224 corruit.
3419 1169 3591 1237 Quod

1941 1249 2212 1304 videntes
2246 1250 2478 1316 milites,
2509 1253 2902 1323 perterrefacti
2943 1254 3322 1325 aufugerunt,
3364 1272 3434 1313 ac
3466 1257 3592 1314 reli-

1943 1344 2198 1408 querunt
2236 1337 2645 1396 beatissimum
2699 1342 3072 1413 Stephanum
3116 1360 3253 1400 cum
3311 1345 3591 1400 omnibus

1947 1424 2308 1491 Christianis,
2352 1429 2457 1500 qui
2522 1445 2658 1485 eum
2704 1433 2884 1485 secuti
2941 1431 3189 1488 fuerant.
3243 1434 3446 1504 itaque
3493 1433 3593 1488 illa

1946 1513 2071 1584 ipsa
2095 1515 2242 1570 hora
2277 1518 2312 1570 Β
2353 1517 2686 1587 Stephanus
2740 1519 2882 1573 abiit
2933 1535 3071 1576 cum
3117 1521 3400 1577 omnibus
3431 1521 3591 1578 Chri-

1947 1602 2174 1668 stianis,
2238 1618 2392 1674 quos
2458 1621 2661 1661 secum
2726 1606 3006 1678 habebat,
3047 1609 3120 1663 ad
3189 1610 3592 1666 caemeterium

177 1701 368 1762 tuum,
402 1695 504 1767 qui
545 1695 727 1751 ﬁdem
757 1701 812 1750 et
844 1711 1013 1767 spem
1046 1712 1220 1750 suam
1252 1695 1310 1750 in
1370 1699 1426 1750 te
1476 1693 1789 1750 collocavit
1824 1702 1836 1741 :
1872 1708 1921 1766 Β
1953 1692 2010 1744 Β.
2046 1690 2275 1745 Lucillaa
2299 1691 2698 1766 [al.Lucinaa],
2728 1695 2824 1749 ubi
2848 1695 3047 1750 multis
3075 1697 3593 1753 adhortationibus

179 1785 284 1841 sed
314 1785 396 1840 da
428 1785 596 1849 vires,
633 1789 694 1838 ut
723 1785 781 1838 in
823 1789 1026 1839 sancta
1057 1790 1113 1839 et
1143 1790 1299 1840 recta
1332 1783 1706 1839 confessione
1740 1787 1844 1864 tua

177 1887 581 1946 perseverem,
632 1873 1028 1944 quoniamtu
1069 1889 1131 1929 es
1171 1889 1308 1944 spes
1361 1889 1514 1937 mea,
1577 1872 1676 1927 Fili
1740 1868 1841 1926 De1

179 1962 312 2016 vivi.
377 1963 506 2018 Mox
563 1961 738 2032 jussit
807 1962 1092 2032 Sapritius
1156 1962 1541 2017 Tertullinum
1609 1962 1665 2015 in
1715 1966 1843 2016 rota

179 2050 485 2122 suspendi.
515 2053 664 2104 Dum
695 2049 872 2119 igitur
899 2049 959 2104 in
1000 2055 1126 2105 rota
1160 2051 1446 2122 penderet
1476 2051 1686 2106 beatus
1722 2049 1839 2117 ille,

181 2141 434 2212 Spiritus
456 2139 644 2194 sancti
701 2139 992 2194 auxilium
1045 2139 1383 2194 invocabat.
1438 2141 1584 2194 Cum
1641 2143 1842 2193 autem

182 2228 370 2300 ipsius
402 2228 672 2282 animum
699 2243 769 2282 ac
798 2227 1172 2298 propositum
1193 2227 1274 2283 ita
1297 2227 1536 2282 ﬁrmum
1564 2225 1843 2282 etstabile

182 2315 426 2370 vidisset
451 2314 762 2386 Sapritius,
805 2319 868 2369 ut
925 2316 1150 2370 moveri
1201 2331 1317 2370 non
1385 2322 1606 2386 posset,
1651 2315 1844 2371 retulit

185 2404 488 2459 Valeriano
513 2409 784 2475 tyranno,
817 2403 1196 2458 Tertullinum
1225 2403 1406 2458 nullis
1438 2403 1638 2472 minis,
1668 2405 1840 2459 nullis

186 2491 724 2556 adhortationibus,
779 2491 955 2546 nullis
1005 2493 1266 2564 denique
1317 2493 1672 2548 cruciatibus
1739 2497 1840 2548 aut

187 2580 473 2638 machinis
498 2580 715 2637 adduci
751 2596 946 2652 posse,
972 2585 1035 2634 ut
1054 2581 1142 2636 vel
1172 2581 1287 2636 diis
1310 2581 1594 2651 immolet,
1617 2581 1704 2636 vel
1734 2581 1838 2636 do-

187 2670 329 2725 mini
359 2670 450 2724 sui
483 2670 787 2725 facultates
813 2684 880 2724 ac
912 2671 1194 2739 pecunias
1223 2670 1282 2724 in
1317 2670 1582 2725 medium
1610 2669 1836 2726 afferat.

183 2759 339 2812 Tunc
369 2757 712 2812 Valerianus
743 2757 1099 2810 sententiam
1128 2757 1339 2820 ferens,
1377 2758 1555 2826 jussit
1577 2757 1838 2812 Tertulli-

187 2861 322 2900 num
339 2844 699 2899 obtruncari.
719 2845 760 2897 E
777 2850 903 2897 rota
916 2842 1091 2909 igitur
1107 2842 1630 2912 depositus,ductus
1644 2849 1731 2896 est
1744 2860 1842 2912 per

187 2933 339 2986 viam
353 2931 617 2986 Latinam
634 2931 707 2984 ad
722 2928 1040 2982 secundum
1061 2928 1622 2999 urbislapidem,quo
1640 2930 1842 2984 inloco

191 3017 300 3072 fuit
325 3017 519 3089 capite
541 3017 946 3070 obtruncatus.
965 3015 1102 3111 tiljus
1121 3021 1320 3111 autem
1345 3016 1627 3087 reliquias
1665 3018 1703 3070 Β
1730 3019 1843 3073 Ste-
1877 3054 1917 3111 Ο

187 3106 430 3178 phanus
462 3105 720 3174 collegit,
749 3109 804 3158 et
829 3102 1090 3174 sepelivit
1119 3103 1175 3157 in
1190 3110 1418 3175 crypta,
1447 3120 1575 3175 quae
1592 3121 1838 3161 arenosa

179 3194 416 3258 dicitur,
438 3193 614 3264 pridie
630 3191 929 3247 Kalendas
944 3193 1186 3263 August.
1209 3190 1380 3264 [Cod.
1402 3193 1526 3248 Kal.
1543 3194 1842 3267 Augusti].

259 3283 396 3338 XVl.
430 3281 670 3336 Postero
709 3285 909 3334 autem
941 3279 1037 3334 die
1073 3279 1410 3335 Valerianus
1458 3282 1614 3336 misit
1643 3283 1846 3337 cohor-

186 3377 331 3436 tem,
345 3385 476 3442 quas
495 3370 733 3424 beatum
754 3367 1094 3439 pontiﬁcem
1109 3367 1471 3440 Stephanum
1491 3386 1626 3424 cum
1649 3370 1847 3426 multis

195 3459 440 3524 clericis,
475 3455 835 3529 presbyteris
875 3471 944 3511 ac
973 3456 1242 3512 diaconis
1299 3459 1846 3529 comprehenderet.

196 3547 343 3604 Cum
373 3547 552 3617 igitur
581 3543 834 3616 pontifex
863 3550 916 3599 et
943 3545 1076 3616 ejus
1109 3545 1298 3600 clerici
1324 3562 1462 3602 cum
1489 3564 1556 3603 eo
1586 3564 1852 3616 compre-

195 3638 363 3692 hensi
394 3640 612 3699 essent,
645 3633 878 3704 plurimi
911 3634 1220 3690 Christiani
1278 3635 1548 3706 lugentes
1591 3653 1626 3692 a
1680 3636 1852 3707 longe

196 3726 324 3781 illos
365 3723 787 3796 sequebantur.
815 3723 1019 3776 Postea
1046 3738 1184 3777 vero
1215 3740 1394 3795 quam
1426 3726 1483 3778 Β.
1520 3725 1852 3796 Stephanus

192 3816 369 3886 jussu
396 3810 684 3867 Valeriani
712 3815 848 3865 ante
878 3809 1068 3881 ipsius
1101 3811 1358 3866 tribunal
1398 3814 1556 3868 stetit
1602 3831 1614 3868 :
1669 3815 1851 3880 Tune,

198 3897 389 3970 inquit
420 3895 873 3952 scelestissimus
906 3895 1250 3966 imperator,
1282 3912 1344 3951 es
1371 3897 1464 3952 ille
1493 3898 1850 3970 Stephanus,

202 3986 305 4059 qui
332 3983 756 4057 rempublicam
798 3987 1066 4038 nostram
1095 3984 1410 4054 pertubare
1431 4001 1500 4041 ac
1533 3986 1854 4043 dissolvere

203 4089 525 4145 aggressus
572 4087 656 4135 es,
716 4072 936 4144 quique
979 4071 1237 4127 consiliis
1288 4080 1344 4128 et
1399 4075 1710 4144 praestigiis
1742 4077 1856 4130 tuis

207 4162 423 4218 suades
440 4159 686 4233 populo,
706 4165 766 4214 ut
788 4175 823 4214 a
843 4160 1092 4216 deorum
1113 4162 1272 4216 cultu
1289 4161 1620 4218 desciscat?
1639 4164 1857 4218 Adhaac

210 4256 452 4305 sanctus
477 4248 795 4320 episcopus
827 4235 1512 4318 Stephanus'respondit:
1539 4252 1658 4318 Ego
1706 4266 1858 4304 rem-

208 4337 512 4410 publicam
551 4351 672 4391 non
727 4335 1030 4406 perturbo,
1100 4335 1203 4390 sed
1247 4335 1548 4390 admoneo
1579 4343 1634 4390 et
1657 4337 1861 4392 hortor
1895 4321 1940 4376 θ

213 4441 422 4482 omnes
443 4424 737 4486 homines,
771 4426 834 4478 ut
867 4421 1160 4476 derelictis
1185 4422 1698 4495 daemonibus,qui
1723 4427 1861 4480 ado-

214 4517 420 4570 rantur
449 4513 507 4567 in
546 4511 668 4566 istis
699 4509 904 4564 vestris
949 4509 1141 4575 idolis,
1172 4510 1250 4566 ad
1298 4527 1501 4566 verum
1562 4514 1740 4568 Deum
1799 4531 1862 4570 se

215 4603 579 4659 convertant.
615 4599 784 4668 Ergo,
818 4598 1010 4670 inquit
1035 4599 1398 4666 Valerianus,
1421 4606 1480 4655 tu
1539 4603 1736 4657 statim
1783 4603 1863 4659 in-

220 4689 588 4748 terﬁciendus
619 4703 700 4752 es,
756 4691 819 4741 ut
852 4686 947 4742 alii
979 4687 1250 4760 exemplo
1298 4692 1401 4744 tuo
1448 4691 1865 4761 perterrefacti,

218 4778 566 4848 resipiscant
595 4782 650 4830 et
682 4774 898 4830 vivant.
932 4776 1031 4832 His
1070 4776 1256 4844 dictis,
1280 4777 1456 4847 jussit
1477 4778 1536 4834 in
1577 4780 1867 4852 templum

219 4865 414 4923 Martis
479 4864 848 4935 Stephanum
888 4866 1230 4936 pontiﬁcem
1294 4865 1454 4931 duci,
1523 4873 1702 4939 atque
1757 4869 1871 4926 illic

220 4953 574 5012 sententiam
615 4951 690 5008 de
721 4952 818 5009 illo
847 4954 1236 5024 pronuntiari.
1296 4954 1516 5011 Ductus
1563 4962 1651 5012 est
1699 4957 1875 5028 igitur

295 5085 314 5119 ¹
359 5081 554 5137 Matth.
591 5095 657 5146 x,
697 5083 788 5136 28.

299 5205 376 5278 (1)
405 5207 526 5261 Lat.
561 5203 695 5278 cod.
730 5225 758 5278 ις
785 5203 1160 5278 Sepelierunt
1191 5219 1396 5278 corpus
1427 5209 1553 5275 ejus
1597 5224 1724 5263 cum
1748 5208 1881 5275 ipsa

225 5277 361 5333 sede
377 5277 671 5345 sanguine
695 5277 822 5343 eius
855 5277 1177 5347 aspersaiin
1194 5277 1394 5332 eadem
1417 5284 1650 5347 crypta,
1672 5279 1734 5334 in
1758 5279 1883 5335 loco

230 5348 333 5420 qui
370 5347 596 5403 dicitur
636 5347 1034 5420 meeteriam
1074 5346 1308 5420 Gulisti.
1357 5367 1384 5396 »

303 5419 386 5489 (2)
419 5420 540 5475 Lat.
570 5417 706 5473 cod.
738 5417 1113 5474 acoluthum.
1135 5419 1284 5473 Nam
1299 5433 1421 5474 non
1443 5418 1733 5476 acoluthis
1761 5425 1886 5476 tan-

539 5539 778 5594 PATROL.
811 5540 916 5596 Gn.
948 5539 1110 5596 CXV.

1953 1779 2311 1836 Christianos
2362 1781 2805 1848 consolabatur,
2859 1783 3019 1854 ipsos
3074 1786 3319 1841 hortans
3365 1790 3420 1842 et
3465 1801 3598 1841 cor-

1949 1869 2260 1933 roborans,
2290 1885 2363 1925 ne
2391 1877 2782 1940 tyrannorum
2799 1873 2990 1927 minas
3010 1879 3066 1928 et
3087 1878 3381 1930 tormenta
3393 1873 3595 1930 formi-

1949 1957 2180 2022 darent,
2212 1974 2350 2012 cum
2377 1959 2662 2013 Dominus
2697 1960 2822 2030 ipse
2853 1960 3248 2017 dicatzNolite
3278 1963 3484 2018 timere
3501 1977 3595 2018 eos

1951 2044 2049 2115 qui
2071 2051 2312 2113 possunt
2341 2047 2604 2103 occidere
2633 2063 2864 2116 corpus,
2889 2048 3152 2105 animam
3176 2065 3309 2106 vero
3325 2066 3444 2106 non
3463 2066 3599 2120 pos-

1949 2139 2085 2188 sunt
2116 2134 2381 2190 occidere
2407 2153 2419 2192 :
2452 2136 2646 2192 timete
2673 2136 2868 2203 illum,
2893 2138 2997 2209 qui
3024 2145 3212 2205 potest
3237 2144 3294 2194 et
3338 2140 3596 2194 animam

1949 2227 2004 2278 et
2025 2237 2239 2290 corpus
2266 2224 2515 2289 perdere
2540 2225 2603 2279 in
2632 2225 2962 2294 gehennam
2982 2227 3022 2282 ¹.
3051 2226 3145 2281 His
3177 2226 3600 2282 adhortationi-

1950 2309 2065 2364 bus
2094 2311 2288 2365 bonus
2317 2310 2411 2366 ille
2451 2318 2652 2381 pastor
2691 2314 2963 2385 proprias
3019 2329 3161 2369 oves
3209 2313 3596 2381 conﬁrmans,

1949 2397 2165 2453 obtulit
2186 2398 2411 2454 Christo
2437 2399 2555 2455 Deo
2581 2402 2970 2472 omnipotenti
3001 2401 3383 2458 oblationem.

2021 2485 2190 2540 XVII.
2224 2491 2293 2540 At.
2323 2487 2540 2558 impius
2571 2487 2937 2556 Valerianus,
2971 2506 3112 2546 cum
3143 2494 3198 2544 et
3232 2492 3424 2546 Martis
3460 2495 3601 2545 tem-

1951 2572 2112 2644 plum
2143 2588 2416 2628 eversum
2466 2575 2667 2638 fuisse,
2722 2582 2777 2631 et
2836 2577 3299 2633 Christianorum
3342 2579 3600 2634 multitu-

1952 2661 2152 2716 dinem
2203 2677 2341 2716 cum
2395 2664 2673 2733 pontiﬁce
2719 2665 3014 2736 Stephano
3067 2681 3202 2722 esse
3256 2665 3600 2734 audivisset,

1951 2750 2108 2804 misit
2133 2749 2346 2805 milites
2379 2750 2552 2820 longe
2576 2753 2771 2824 plures
2797 2752 2891 2808 his
2919 2769 3074 2824 quos
3129 2760 3304 2810 antea
3338 2753 3598 2809 miserat.

1951 2837 2052 2899 Qui
2083 2852 2220 2891 cum
2249 2839 2562 2906 venissent,
2589 2839 2940 2897 invenerunt
2978 2841 3223 2898 beatum
3257 2842 3598 2913 pontiﬁcem

1952 2923 2320 2991 Stephanum
2385 2927 2500 2981 Deo
2527 2929 2882 2984 sacriﬁcium
2938 2929 3306 2986 offerentem.
3362 2930 3600 2985 Illorum

1953 3015 2152 3065 autem
2182 3012 2437 3067 adventu
2460 3021 2698 3071 sanctus
2729 3018 3043 3089 episcopus
3064 3017 3206 3073 nihil
3226 3019 3603 3090 perturbatus

1955 3104 2064 3164 est,
2093 3101 2195 3153 sed
2244 3103 2561 3172 tranquillo
2586 3108 2638 3158 et
2693 3105 2892 3175 quieto
2939 3107 3144 3162 animo
3201 3106 3432 3163 Christo
3492 3110 3604 3162 Deo

1955 3187 2312 3242 sacrificium
2338 3188 2567 3254 obtulit,
2602 3197 2780 3262 atque
2815 3193 3034 3248 ibidem
3062 3194 3254 3264 capite
3283 3195 3604 3250 obtrunca-

1958 3282 2049 3331 tus
2099 3282 2203 3341 est,
2234 3281 2448 3348 quarto
2485 3276 2685 3333 Nonas
2743 3281 3010 3348 Augusti.
3075 3282 3382 3336 Christiani
3445 3297 3602 3348 vero,

1957 3365 2059 3436 qui
2087 3372 2252 3421 erant
2271 3364 2404 3431 illic,
2435 3381 2572 3421 cum
2591 3381 2652 3422 se
2671 3366 2768 3422 tali
2784 3373 3018 3436 pastore
3033 3368 3275 3424 orbatos
3297 3368 3600 3432 vidissent,

1958 3453 2178 3509 multas
2205 3453 2506 3524 lacrymas
2541 3454 2896 3510 effuderunt.
2937 3456 3073 3526 Ejus
3094 3462 3296 3513 autem
3327 3473 3610 3513 veneran-

1960 3541 2105 3598 dum
2146 3558 2364 3613 corpus
2396 3541 2456 3596 in
2515 3542 2612 3598 illa
2658 3543 2868 3599 eadem
2927 3549 3135 3616 crypta
3181 3545 3606 3617 deposuerunt,

1963 3630 2062 3686 ubi
2094 3636 2148 3686 et
2178 3630 2305 3701 ejus
2336 3631 2581 3699 sanguis
2618 3630 2845 3687 effusus
2895 3631 3108 3697 fuerat,
3141 3633 3201 3688 in
3250 3635 3348 3690 via
3397 3635 3608 3706 Appia,

1963 3720 2023 3776 in
2063 3735 2186 3791 qua
2225 3723 2450 3789 martyr
2479 3718 2572 3774 ille
2600 3719 2786 3775 multa
2825 3736 2964 3776 cum
3005 3736 3150 3791 pace
3194 3723 3481 3794 requievit
3510 3723 3608 3794 (1).

2031 3808 2225 3865 XVlll.
2281 3806 2503 3862 Eodem
2557 3806 2653 3862 die
2724 3807 2936 3864 milites
3009 3809 3304 3866 idolorum
3358 3811 3612 3867 cultores

1961 3896 2277 3952 diaconum
2310 3896 2386 3966 ('2)
2430 3895 2754 3966 quemdam
2807 3895 3180 3964 invenerunt,
3261 3899 3614 3955 Tharsitium

1963 3985 2227 4049 nomine,
2258 3983 2362 4054 qui
2393 3983 2779 4054 purissimum
2828 3985 3036 4040 Christi
3095 4002 3311 4058 corpus
3367 3987 3614 4042 ferebat.

1964 4069 2554 4142 Comprehenderunt
2616 4070 2793 4138 igitur
2832 4071 2998 4126 illum
3063 4073 3276 4128 milites
3320 4090 3621 4144 :cumque

1965 4158 2256 4213 curiosius
2288 4155 2366 4210 ab
2395 4171 2465 4210 eo
2487 4156 2872 4226 inquirerent,
2893 4158 3187 4228 quidnam
3201 4175 3407 4216 secum
3427 4160 3619 4224 ferret,

1967 4251 2026 4302 et
2054 4245 2180 4317 ipse
2199 4242 2510 4313 indignum
2527 4243 2819 4311 judicaret
2843 4253 2980 4300 ante
3021 4261 3234 4316 porcos
3268 4247 3623 4318 margaritas

1971 4333 2276 4407 projicere,
2307 4329 2469 4385 nulla
2495 4331 2724 4385 ratione
2759 4331 2977 4387 adduci
3001 4334 3207 4404 potuit,
3237 4340 3300 4390 ut
3319 4335 3627 4392 sanctissi-

1971 4439 2117 4478 num
2144 4436 2212 4476 ac
2236 4419 2623 4491 purissimum
2653 4425 3096 4476 sacramentum
3130 4422 3384 4495 impuris
3435 4423 3602 4480 homi

1972 4511 2146 4568 nibus
2176 4507 2478 4564 revelaret.
2515 4507 2699 4576 Virgis
2723 4507 2900 4575 igitur
2937 4514 2993 4564 et
3017 4508 3321 4581 lapidibus
3363 4528 3628 4584 eousque

1973 4599 2330 4656 Tharsitium
2377 4595 2792 4664 contuderunt,
2823 4598 3026 4669 quoad
3075 4599 3351 4670 spiritum
3381 4599 3628 4656 efﬂavit.

1977 4691 2122 4745 Cum
2152 4702 2292 4742 vero
2321 4685 2448 4756 ejus
2473 4699 2690 4754 corpus
2720 4684 2990 4740 exanime
3023 4702 3124 4757 per
3155 4693 3370 4744 terram
3403 4692 3638 4744 voluta-

1977 4785 2155 4847 retur,
2185 4774 2398 4831 curiosi
2428 4777 2485 4827 et
2523 4771 2794 4842 sacrilegi
2841 4773 3058 4830 milites
3088 4790 3284 4847 neque
3331 4776 3447 4831 sub
3482 4776 3636 4832 ulnis

1979 4869 2133 4924 intra
2164 4862 2450 4926 manicas,
2479 4875 2666 4930 neque
2690 4860 2801 4915 sub
2831 4861 3099 4918 vestibus
3125 4863 3354 4936 aliquid
3376 4864 3638 4920 invenire

1985 4958 2324 5029 potuerunt.
2365 4949 2581 5006 Relicto
2611 4949 2788 5020 igitur
2841 4950 2944 5016 sic,
3003 4957 3064 5008 ut
3128 4958 3254 5008 erat
3297 4953 3640 5010 venerando

1991 5212 2183 5270 tuum,
2214 5203 2318 5258 sed
2349 5207 2404 5258 et
2433 5201 2598 5256 laicis
2630 5199 2771 5255 olim
2805 5199 3219 5270 persecutione
3243 5204 3485 5270 urgente
3505 5216 3645 5256 con-

1993 5292 2233 5402 cessum;
2257 5281 2380 5330 erat
2396 5279 2697 5344 acceptam
2728 5269 2786 5325 in
2808 5269 3068 5325 Ecclesia
3092 5269 3520 5329 Eucharistiam
3543 5272 3646 5328 do-

1994 5365 2162 5402 mum
2228 5362 2374 5402 erre.

1994 5365 2162 5406 mum
2206 5362 2374 5402 terre.

3290 5537 3354 5591 17
