4144 6258
586 225 689 278 523
1907 203 2168 261 MENSIS
2207 197 2608 255 AUGUSTUS.
3876 182 3967 238 52‘

591 347 698 403 illo
721 344 993 402 Tharsitii
1021 355 1286 414 corpore,
1321 336 1508 393 multo
1539 351 1674 391 cum
1718 337 1959 405 stupore
2002 329 2240 398 aufuge-
2273 327 2317 379 A
2350 322 2592 381 ctissimi
2614 306 3865 414 Stephanipontiﬁcisetmarly-risicio-qm:
3886 308 3967 362 Xi-

591 401 747 497 runt.
771 401 834 489 et
871 434 945 488 ad
986 401 1190 503 Appiae
1220 401 1329 483 vita:
1354 431 1589 499 portam
1620 401 1936 486 venientes,
1969 416 2242 473 Christia-
2352 418 2503 503 stum
2516 404 2975 503 Romana-urbis
2993 403 3325 503 episcopum
3344 401 3969 503 constitue—runt‘n’on‘o

595 483 951 579 nos-multos
976 483 1503 573 i—nvenierunﬁlllox
1518 513 1830 567 Valeriano
1852 483 1974 564 rem
1998 521 2239 562 omnem
2350 499 2647 555 Kalendas
2681 492 2980 567 Septemb.
3008 491 3179 583 tertio
3196 504 3355 545 anno
3388 483 3768 583 Valeriani,“
3772 491 3830 538 et
3855 483 3967 583 Gal-

593 574 940 681 erposuere.
972 607 1072 663 lllo
1111 610 1308 661 autem
1339 604 1470 675 ipso
1495 601 1591 657 die
1618 598 1927 655 Christiani
1960 608 2242 651 veneran-
2350 585 2893 681 lienisecund0(?)=_
2914 574 3965 681 in00bi§alfllel¥1r§80§nfeDuilli“)

592 667 737 755 dum
770 695 1010 767 gloriosi
1044 693 1316 765 martyris
1340 667 1612 748 'l‘harsitii
1642 703 1859 759 corpus
1896 686 1956 741 in
1980 687 2243 739 ccemete-
2352 681 2559 734 nostro
2598 676 2735 731 Jesu
2762 672 3036 767 Christo:
3080 671 3171 725 cui
3202 669 3273 767 sit
3302 667 3491 767 gloria
3521 668 3593 721 et.
3641 667 3962 767 imperium

592 754 678 842 rio
738 754 930 841 Calisti
978 785 1035 839 in
1076 784 1169 837 via
1202 754 1409 853 “Appia
1461 754 1881 849 deposuerunt.
1930 777 2065 830 Post
2116 771 2243 826 haec
2352 781 2512 824 nunc
2540 770 2595 820 et
2624 777 2878 834 semper,
2913 764 2967 816 et
2997 760 3057 815 in
3080 757 3283 815 secula
3310 754 3723 812 saeculorum.
3759 756 3951 809 Amen.

603 874 1073 931 Christianorum
1116 869 1374 927 Ecclesia
1414 867 1475 923 in
1505 881 1692 922 unum
1723 863 1987 927 collecta,
2019 861 2079 917 in
2107 874 2241 916 san-

666 1048 738 1111 (3)
770 1045 1030 1103 Mendum
1070 1044 1167 1100 hic
1205 1042 1512 1114 irrepsisse
1550 1042 1673 1098 vult
1702 1036 1988 1095 Baronius
2020 1049 2175 1091 anno
2200 1034 2304 1087 260
2336 1027 2804 1102 ponendumque
2824 1039 3050 1081 annum
3079 1020 3379 1079 Valeriani
3410 1025 3724 1093 quartum
3768 1026 3825 1075 et
3857 1020 3960 1076 Gal-

594 1118 736 1176 lieni
768 1118 1019 1173 tertium.

3864 1270 3943 1281 α.

599 1286 3942 1322 _—————_———'—;——————————“———;—————————'_

1820 1372 2712 1499 ΜΑΡΤΥΡΙΟΝ

1240 1574 1455 1661 ΤΟΥ
1492 1571 1845 1661 ΑΓΙΟΥ
1874 1570 1960 1655 Π
1968 1572 2241 1657 ANEI‘

2327 1559 2650 1653 1οΞΟΥ
2692 1558 3279 1651 ΜΑΡΤΥΡΟΣ

1786 1723 2765 1904 ΕΥΠΑΟΥ.

1845 2193 2726 2315 MARTYRIUM

1193 2497 1559 2587 SANCTI
1644 2490 2704 2594 GLORIOSISSIMIQUE
2789 2488 3365 2578 MABTYRIS

1948 2739 2593 2929 EUPLI

1053 3051 1131 3107 (12
1165 3049 1410 3113 Augusti.
1439 3075 1501 3085 —
1535 3047 1608 3097 Ex
1632 3046 1993 3097 monumentis
2028 3046 2162 3097 Eccl.
2190 3046 2383 3097 Gl‘lBCtB
2415 3045 2550 3096 Joan
2573 3044 2720 3109 Bapt.
2754 3044 3013 3100 Cotelerii,
3048 3049 3178 3096 tom.
3203 3045 3241 3101 Ι,
3270 3059 3322 3108 p.
3357 3045 3485 3107 194).

659 3343 723 3395 ll.
747 3342 1135 3415 Temporibus
1159 3342 1497 3399 Diocletiani
1531 3347 1587 3397 et
1616 3339 1961 3396 Maximiani
1992 3338 2241 3409 impera-

2426 3337 2504 3393 A'.
2560 3340 2705 3391 Κατά
2746 3341 2867 3400 τοὺς
2904 3341 3109 3411 καιροὺς
3140 3336 3507 3394 Διοκλοτιανοῡ
3537 3341 3629 3388 καὶ
3682 3336 3934 3408 Μαξιμια-

590 3438 807 3496 torum,
828 3435 1027 3486 tantus
1044 3431 1371 3488 idololatris
1388 3430 1579 3487 fervor
1597 3429 1892 3485 insederat
1905 3444 2010 3500 per
2028 3442 2239 3481 omnes

2348 3433 2435 3478 νοῦ
2484 3435 2579 3478 τῶν
2631 3426 2907 3500 βασιλέων,
2948 3434 3179 3488 τοιοῦτος
3227 3428 3387 3497 θυμὸς
3439 3432 3501 3496 τῇ
3544 3422 3936 3499 εἰδωλολατρεία

587 3518 862 3587 regiones
883 3526 939 3573 et
968 3518 1215 3585 insulas,
1245 3525 1307 3575 ut
1332 3519 1491 3575 idola
1511 3523 1727 3574 cuncta
1746 3517 2053 3587 erigerent.
2074 3516 2241 3570 Mise-

2347 3514 2537 3587 ἐγένετο
2591 3518 2710 3569 καθ’
2760 3517 2981 3575 ἑκάστην
3012 3522 3199 3589 χώραν
3240 3520 3328 3567 καὶ
3374 3522 3554 3576 νῆσον,
3605 3516 3742 3566 ὥστε
3772 3518 3935 3566 πάντα

587 3611 727 3660 runt
766 3612 965 3660 autem
997 3606 1387 3676 imperatores
1413 3607 1740 3677 quemdam
1764 3605 2005 3660 nomine
2037 3607 2239 3659 Penta-

2343 3606 2407 3656 τὰ
2436 3602 2626 3657 εἴδωλα
2657 3606 2922 3678 ἐξεγεῖραι.
2975 3604 3307 3658 ’Δπέστειλαν
3362 3600 3421 3655 δὲ
3465 3605 3513 3654 οἱ
3546 3601 3793 3675 βασιλεῖς
3828 3624 3931 3656 τινα

586 3706 804 3760 gurum
830 3691 889 3745 in
920 3692 1070 3745 ﬁnes
1102 3694 1416 3762 provincia:
1457 3693 1683 3758 Siciliae,
1717 3691 1821 3763 qui
1848 3693 2051 3746 omnia
2076 3691 2239 3746 idola

2343 3692 2557 3764 ὀνόματι
2636 3696 2987 3765 Πεντά-γουρον
3058 3694 3105 3745 ἐν
3164 3702 3269 3755 τοίς
3324 3695 3487 3766 ὁρίοις
3532 3698 3621 3753 τῆς
3679 3691 3933 3765 ἐπαρχίας

583 3778 851 3847 erigeret,
878 3778 1241 3835 Christianos
1279 3796 1416 3835 vero
1444 3781 1688 3850 impune
1718 3780 2083 3850 disperderet
2108 3796 2234 3848 gra-

2342 3783 2587 3843 Σικελίας,
2666 3784 2835 3834 πάντα
2900 3784 2966 3834 τά
3044 3778 3232 3834 εἴδωλα
3305 3780 3572 3853 ἐξεγεῖραι,
3642 3786 3733 3833 καὶ
3819 3786 3931 3843 τοὺς

583 3866 874 3939 vibusque
911 3872 1211 3937 torqueret
1238 3867 1565 3940 suppliciis.
1597 3870 1665 3923 Ut
1689 3882 1831 3936 ergo
1859 3868 2124 3938 pervenit
2157 3869 2233 3922 ad

2341 3872 2689 3941 Χριστιανούς
2735 3868 2909 3931 ἀθώως
2940 3869 3262 3928 ἀναλωθῆναι
3308 3874 3396 3921 καὶ
3444 3866 3634 3928 δειναῖς
3661 3875 3933 3943 τιμωρίαις

580 3955 865 4011 Catanam
878 3956 1191 4019 civitatem,
1209 3956 1579 4012 Calvisianus
1609 3957 1676 4011 de
1693 3971 1855 4011 more
1880 3955 2035 4027 plebi
2070 3955 2232 4010 urbis

2341 3954 2746 4027 βασανισθῆναι.
2792 3958 2875 4019 Ὠς
2922 3955 2981 4011 δὲ
3030 3960 3245 4030 ἔφθασεν
3294 3957 3341 4010 ἕν
3388 3966 3451 4030 τῇ
3490 3964 3795 4010 Καταναιων
3848 3964 3929 4011 πό-

582 4044 861 4116 praacepit
890 4044 1126 4100 obviam
1163 4045 1399 4117 prodire
1431 4045 1481 4100 ei
1512 4048 1613 4117 qui
1644 4045 1722 4100 ab
1770 4043 2229 4116 imperatoribus

2338 4043 2429 4109 λει,
2489 4048 2622 4097 κατὰ
2674 4050 2732 4098 τό
2792 4047 2967 4109 εἰωθὸς
3040 4046 3294 4099 ἐκέλευσεν
3342 4049 3367 4099 6
3423 4046 3772 4109 Καλϐισιανός
3825 4055 3931 4108 τοῖς

578 4132 1015 4189 missusfuerat.
1047 4136 1125 4189 Ea
1154 4136 1376 4207 quippe
1405 4134 1708 4205 gentilium
1731 4134 2103 4189 consuetudo
2121 4138 2227 4191 est.

2339 4136 2518 4203 ὄχλοις
2546 4144 2637 4194 τῆς
2669 4135 2863 4196 πόλεως
2892 4134 3181 4193 ἀπάντησιν
3211 4137 3539 4193 ποιήσασθαι
3568 4142 3662 4186 τοῦ
3701 4134 3927 4187 ἀποστα-

578 4222 644 4275 Et
672 4221 978 4290 ingressus
1012 4230 1102 4277 est
1132 4223 1498 4291 Pentagurus
1523 4223 1580 4278 in
1605 4223 1834 4279 urbem.
1854 4225 2014 4278 Tunc
2047 4223 2229 4292 jussit

2336 4220 2504 4283 λέντος
2552 4224 2650 4275 ὑπὸ
2700 4232 2795 4277 τῶν
2843 4222 3120 4297 βασιλέων,
3163 4228 3231 4285 ὡς
3273 4226 3380 4285 ἔθος
3410 4220 3471 4281 ἧν
3519 4232 3618 4275 τῶν
3646 4222 3907 4281 Ἑλλήνων,

576 4308 951 4364 Calvisianus
993 4310 1253 4365 tribunal
1293 4328 1468 4365 suum
1500 4311 1780 4366 constitui
1836 4310 1895 4365 in
1934 4310 2066 4365 loco
2122 4312 2226 4382 qui

2337 4316 2437 4363 Καὶ
2489 4312 2719 4371 εἰσῆλθεν
2764 4315 2789 4365 ό
2846 4316 3195 4387 Πενταγουρος
3248 4311 3296 4364 ἐν
3325 4320 3387 4385 τῇ
3435 4312 3599 4366 πόλει.
3654 4319 3773 4366 Τότε
3820 4311 3912 4364 ἐκέ-

574 4395 857 4450 Acbillius
910 4398 1277 4467 appellatur;
1310 4399 1386 4452 ad
1426 4398 1551 4452 haec
1582 4413 1884 4468 praecones
1940 4400 2089 4455 mitti
2120 4416 2225 4471 per

2332 4398 2505 4452 λευσεν
2553 4403 2578 4453 6
2630 4402 2970 4461 Καλϐισιανός
3020 4405 3076 4453 τό
3117 4401 3450 4475 τριϐωναλιόν
3503 4401 3662 4453 αὐτοῦ
3717 4402 3922 4459 τεθῆναι

572 4489 805 4557 plateas
836 4483 1103 4551 civitatis,
1135 4500 1258 4556 quo
1288 4486 1544 4541 universi
1575 4488 1971 4543 convenirent.

2330 4486 2377 4539 ἕν
2430 4498 2500 4559 τῷ
2556 4508 2699 4561 τοπῳ
2750 4498 2819 4560 τῷ
2868 4490 3116 4562 λεγομένῳ
3171 4489 3446 4561 Ἀχιλλίῳ.
3517 4494 3617 4542 Καὶ
3662 4487 3922 4541 ἐκέλευσεν

2327 4582 2559 4649 κήρυγας
2606 4577 2960 4637 ἀποσταλῆναι
3005 4580 3141 4631 κατὰ
3173 4581 3265 4641 τὰς
3296 4578 3536 4639 πλατείας
3565 4585 3656 4638 τῆς
3701 4576 3920 4645 πόλεως,

2253 4656 2292 4713 C
2325 4666 2459 4717 ὥστε
2487 4668 2677 4727 πάντας
2710 4668 3171 4739 συναθροισθῆναι.

644 4747 703 4802 Il.
737 4748 913 4817 igitur
937 4763 1073 4803 cum
1106 4748 1478 4815 Pentagurus
1515 4749 1575 4804 in
1605 4748 1899 4805 diabolico
1930 4768 2039 4807 suo
2068 4752 2215 4809 solio

2397 4754 2464 4807 B'.
2513 4760 2639 4807 Τότε
2668 4756 2693 4806 6
2739 4757 3088 4830 Πεντάγουρος
3125 4756 3396 4815 καθεσθεὶς
3445 4754 3495 4806 ἐν
3525 4762 3596 4825 τῷ
3630 4750 3919 4824 δισϐολικῷ

567 4836 796 4890 sederet
826 4852 946 4891 una
992 4851 1128 4891 cum
1185 4831 1536 4901 Calvisiano,
1590 4839 1899 4894 universus
1956 4841 2213 4911 populus

2327 4840 2481 4894 αὑτοῦ
2530 4844 2692 4915 θρόνῳ
2742 4847 2835 4895 σὺν
2874 4852 2945 4914 τῷ
2996 4843 3346 4914 Καλϐισιανῷ,
3407 4844 3765 4916 συνηθροίσθη
3824 4850 3922 4903 πᾶς

566 4930 963 4993 congregatus
989 4931 1077 4980 est
1107 4928 1241 4979 ante
1272 4924 1530 4980 tribunal
1568 4942 1791 4981 eorum.
1822 4930 1979 4983 Tunc
2011 4932 2209 4986 Penta~

2327 4932 2345 4981 ό
2394 4930 2509 4991 λαός
2558 4934 2843 5005 ἔμπροσθεν
2889 4940 2979 4985 τοῦ
3029 4932 3263 5005 βήματος
3289 4932 3476 4986 αὐτῶν.
3509 4936 3637 4984 Τότε
3661 4929 3924 4984 ἐκέλευσεν

567 5024 749 5077 gurus
776 5012 1114 5082 postulavit,
1148 5013 1239 5067 his
1265 5012 1343 5068 ad
1381 5012 1777 5069 Calvisianum
1806 5016 1996 5071 verbis
2024 5034 2163 5071 usus
2194 5035 2205 5073 :

2327 5020 2344 5069 5
2428 5022 2799 5094 Πεντάγουρος,
2880 5021 3038 5093 λέγων
3099 5025 3230 5095 πρὸς
3308 5020 3673 5074 Καλϐισιανόν·
3756 5020 3923 5073 Οὗτοι

568 5099 737 5153 lstine
763 5116 973 5154 omnes
1000 5101 1248 5157 deorum
1267 5109 1606 5157 nostrorum
1635 5103 1978 5171 religionem
2010 5106 2187 5161 obser

2327 5109 2496 5167 πάντες
2552 5113 2645 5167 τὴν
2708 5119 2807 5161 τῶν
2868 5111 2988 5161 θεῶν
3047 5112 3191 5181 ἡμῶν
3248 5109 3487 5183 λατρείαν
3547 5108 3916 5175 ἑπιτελοῦσινς

566 5188 709 5237 vant
733 5183 761 5237 ?
790 5188 1111 5257 Respondit
1140 5189 1504 5247 Calvisianus
1544 5191 1627 5246 sic
1658 5210 1670 5250 :
1704 5192 1907 5247 Cuncti
1939 5194 1998 5248 hi
2055 5210 2206 5266 quos

2327 5199 2637 5269 Ἀποκριθεὶς
2691 5195 2749 5250 δε
2799 5200 2824 5249 6
2878 5198 3224 5260 Καλϐισιανὸς
3281 5195 3434 5251 εἶπεν·
3513 5200 3740 5259 Τούτους
3793 5198 3922 5247 ποίν-

564 5269 756 5358 pietas
815 5276 911 5324 tua
960 5277 1268 5345 conspicit,
1320 5278 1567 5335 deorum
1636 5286 1975 5335 nostrorum
2022 5282 2204 5337 cultui

2327 5304 2405 5344 ra;
2435 5284 2518 5344 οὓς
2546 5288 2745 5358 καθορᾷ
2773 5288 2799 5344 ὃ
2854 5291 2918 5344 σὴ
2961 5285 3195 5338 εὐσέϐεια
3222 5291 3313 5344 τὴν
3343 5295 3442 5337 τῶν
3476 5289 3600 5339 θεῶν
3630 5287 3777 5356 ἡμῶν
3826 5284 3916 5337 λα-

562 5355 745 5444 dediti
776 5360 1101 5444 sunt-AOua?
1154 5370 1475 5436 postquam
1522 5367 1743 5423 audivit
1788 5384 1823 5423 a
1852 5368 2206 5437 Calvisiano,

2327 5376 2482 5444 rptiav
2512 5372 2857 5429 ἐπιτελοῦσιν.
2914 5380 3092 5426 Ταῦτα
3118 5370 3177 5426 δε
3217 5373 3448 5434 ἀκούσας
3493 5376 3594 5426 ὑπὸ
3628 5371 3915 5426 Καλϐισια-

560 5441 768 5500 turbas
792 5442 969 5513 jussit
998 5444 1228 5502 dimitti.
1270 5451 1491 5511 Deinde
1549 5457 1915 5527 Pentagurus
1944 5456 2201 5514 edictum

2327 5441 2418 5527 νοῦ,
2468 5458 2696 5514 ἐκελευσε
2748 5465 2864 5523 τοὺς
2914 5462 3101 5533 ὀχλοὺς
3140 5461 3481 5521 ἀπολύθῆναι.
3530 5466 3656 5516 Τότε
3704 5462 3730 5513 6
3782 5466 3915 5513 Πεν-
