4144 6258
192 378 299 432 525

1394 392 1399 398 ·
1465 377 1904 434 MARTYRIUM
1948 380 2009 438 S.
2051 382 2279 439 EUPLI.

3453 392 3556 444 526

196 505 456 577 τάγουρος
508 499 793 572 ἐνεφάνισεν
848 499 1178 574 Καλϐισιανῳ
1229 507 1287 555 τό
1337 509 1653 577 πρόσταγμα
1695 511 1794 555 τῶν

1920 505 2336 578 imperatorum
2368 510 2639 582 patefecit
2670 510 3020 578 Calvisiano,
3051 528 3304 584 cumque
3355 511 3554 584 praesi-

196 591 490 665 βασιλέων·
543 595 631 641 καὶ
685 589 938 649 ζώννυσιν
1006 590 1160 642 αὑτὸν
1235 594 1465 664 ἔπαρχον
1539 601 1628 651 τῆς
1702 610 1798 642 πο-

194 682 314 741 λιως
345 683 441 750 (1),
475 684 564 731 καὶ
596 675 926 731 ἀποδίδωσιν
958 679 1098 749 αύτῷ
1130 683 1188 730 τὸ
1236 686 1550 752 πρόσταγμα
1595 684 1651 730 τό
1699 677 1798 750 βα-

200 771 416 837 σιλικὸν,
474 770 608 820 ὥστε
658 769 909 840 πειράσαι
962 773 1080 830 τούς
1135 773 1502 841 Χριστιανούς.
1561 769 1797 841 Παρευθὺ

199 856 285 911 οὑν
337 861 362 910 ό
418 860 767 927 Πεντάγουρος
816 852 1119 929 ὁδοιπορίαν
1171 856 1387 910 ἐποιεῖτο
1436 856 1518 910 ἐπὶ
1558 861 1650 918 τὰς
1698 855 1798 908 ἐτέ-

198 967 289 1024 ρας
343 947 544 1008 πόλεις⁶
602 941 841 1002 σπουδὴν
909 942 967 997 δε
1019 943 1235 998 ἐποιεῖτο
1289 947 1458 1006 ζητῶν
1513 950 1606 1004 τὴν
1657 953 1792 996 τῶν·

199 1039 613 1110 Ἀκραγαντίνων
666 1033 833 1086 πόλιν.
893 1038 1018 1086 Τότε
1083 1034 1303 1104 ὑψωθεὶς
1360 1037 1384 1086 6
1453 1033 1797 1095 Καλϐισιανός

199 1128 298 1179 ὑπὸ
340 1132 432 1177 τοῦ
477 1122 746 1187 διαϐόλου,
780 1119 1126 1195 ἐνδυσάμενός
1169 1143 1220 1175 τε
1252 1127 1308 1176 τό
1353 1130 1671 1195 πρόσταγμα
1698 1131 1797 1174 τῶν

203 1213 559 1267 ἁσεϐεστάτων
635 1210 912 1284 βασιλέων,
999 1214 1164 1283 θυμοῦ
1241 1212 1487 1272 πλησθεὶς
1573 1210 1799 1262 ἐκελευσε

202 1311 307 1363 τοῖς
358 1303 640 1373 ὑπηρέταις
696 1299 855 1351 αὑτοῦ
906 1299 1063 1371 λέγων
1125 1317 1137 1330 ’
1199 1299 1453 1374 Ἀκριϐῶς
1507 1297 1800 1373 ἐρευνῶντες

203 1390 424 1454 ἕξέλθετε
482 1388 564 1440 ἐπὶ
617 1391 709 1448 τὰς
760 1387 1003 1449 πλατείας
1055 1391 1150 1450 τὰς
1198 1387 1409 1452 πόλεως,
1452 1393 1540 1440 καὶ
1589 1385 1636 1437 ἐν
1694 1391 1800 1446 τοῖς

201 1485 524 1554 περιχώροις
577 1485 686 1539 τοῖς
742 1475 1078 1548 ἐπικειμένοις
1129 1479 1274 1549 ἡμῖν,
1333 1483 1420 1529 καὶ
1477 1476 1559 1528 ἐὰν
1621 1473 1802 1546 εὑρητέ

1906 593 2042 648 dem
2079 595 2238 650 urbis
2269 597 2608 663 declaravit,
2638 615 2866 655 necnon
2899 600 3133 655 tradidit
3161 600 3212 655 ei
3245 600 3556 672 imperiale

1909 681 2186 752 edictum,
2229 692 2293 740 ut
2332 687 2692 743 Christianos
2730 688 3063 759 inquireret.
3107 687 3422 744 Confestim
3455 688 3559 742 ita-

1907 784 2022 840 que
2048 770 2411 842 Pentagurus
2437 775 2509 830 ad
2545 775 2690 831 alias
2718 776 2892 830 urbes
2923 775 3029 830 iter
3046 791 3216 830 suum
3245 774 3556 844 dirigebat;

1909 856 2224 916 festinabat
2258 878 2431 933 porro
2467 869 2526 917 ut
2565 863 3084 934 Agrigentinorum
3134 863 3433 918 civitatem
3463 879 3562 934 pe-

1908 949 2069 1001 teret.
2103 950 2262 1002 Tunc
2310 949 2680 1006 Calvisianus
2735 951 2924 1008 elatus
2967 968 3002 1008 a
3049 951 3311 1017 diabolo,
3366 956 3421 1007 et
3451 951 3560 1006 im-

1907 1033 2315 1104 piissimorum
2347 1039 2775 1110 imperatorum
2809 1041 3000 1096 edicto
3029 1041 3310 1105 munitus,
3347 1039 3560 1112 plenus

1907 1119 2143 1188 furoris,
2175 1124 2354 1180 edixit
2399 1126 2682 1183 ministris
2735 1129 2854 1182 suis
2885 1127 2947 1184 in
2989 1128 3114 1183 haec
3165 1128 3364 1183 verba:
3400 1127 3560 1182 Exite

1908 1209 1986 1264 ad
2021 1210 2180 1266 urbis
2211 1213 2432 1284 plateas
2457 1221 2511 1270 et
2536 1216 2820 1271 ﬁnitimas
2852 1222 3066 1272 nostrae
3095 1217 3363 1288 regiones
3389 1215 3563 1272 inda-

1909 1302 2063 1366 gate,
2112 1315 2181 1353 ac
2227 1301 2274 1354 si
2307 1317 2488 1373 quem
2539 1304 2874 1359 inveneritis
2914 1305 3017 1376 qui
3049 1305 3346 1361 Christum
3378 1303 3564 1360 conﬁ-

1911 1389 2098 1440 teatur
2136 1387 2396 1444 vinctum
2429 1390 2505 1445 ad
2539 1407 2630 1445 me
2681 1392 2975 1458 adducite,
3021 1398 3084 1447 ut
3111 1392 3423 1448 adductori
3453 1407 3565 1448 an-

1911 1487 2134 1528 nonam
2169 1475 2468 1546 adjiciam,
2499 1479 2870 1551 doneturque
2904 1479 3115 1550 majori
3138 1479 3382 1536 honore.

202 1587 318 1620 τινα
362 1570 448 1619 τόν
494 1569 720 1640 Χριστόν
764 1564 1131 1637 ὁμολογοῦντα,
1186 1562 1402 1638 δέσμιον
1450 1564 1823 1639 προσενέγκατέ
1869 1579 1958 1628 μοι
2010 1561 2185 1630 αὐτόν,
2244 1566 2382 1626 ὅπως
2435 1567 2657 1630 ἁννὼνας
2711 1570 3000 1640 προσθήσω
3053 1568 3210 1639 αύτῷ,
3271 1573 3359 1620 καὶ
3408 1573 3562 1641 τιμὴν

203 1661 410 1710 πλείονα
439 1655 558 1718 ἔξει.

278 1751 323 1796 Γ
336 1784 349 1796 .
431 1747 570 1803 Τινες

207 1838 460 1900 Δέσποτα,
515 1833 655 1883 ἔστιν
728 1826 911 1882 ἐνθάδε
977 1851 1053 1892 τις
1133 1830 1263 1893 ξένος
1339 1829 1552 1902 ὀνόματι
1609 1823 1805 1887 Εὖπλος

207 1922 343 1992 ἔχων
395 1916 648 1994 βιϐλαρίδ
657 1938 728 1971 ιον
760 1919 870 1990 μεθ’
903 1919 1108 1984 ἐαυτοῦ,
1141 1923 1230 1970 καὶ
1274 1917 1320 1969 ἐν
1351 1920 1517 1988 τούτῳ
1547 1915 1722 1986 ἁπατᾴ
1747 1917 1803 1966 τό

206 2008 404 2068 πλῆθος
476 2015 566 2060 τού
639 2007 784 2073 λαοῦ,
845 2007 1000 2079 λέγων
1056 2009 1137 2059 ὅτι
1210 2011 1368 2079 μέγας
1426 2008 1451 2057 6
1510 2008 1636 2064 Θεὸς
1707 2011 1804 2055 τῶν

209 2102 539 2170 Χριστιανῶν
596 2096 757 2150 ἐστιν.
807 2101 934 2148 Τότε
977 2095 1202 2155 ἀκούσας
1253 2097 1278 2146 ό
1326 2093 1668 2153 Καλϐισιανός
1718 2096 1806 2144 καὶ

210 2187 498 2259 ταραχθεὶς
567 2181 737 2236 εἶπεν·
800 2181 1101 2243 Σπουδαίως
1167 2181 1382 2255 δέσμιον
1449 2182 1807 2257 προσαγάγετέ

209 2292 298 2344 μοι
352 2271 525 2324 αὐτόν.
562 2272 890 2334 Ἀπελθόντες
939 2268 998 2324 δὲ
1045 2273 1092 2324 οἱ
1141 2273 1410 2345 ὑπηρέται,
1447 2274 1534 2322 καὶ
1581 2265 1810 2343 διαδρα-

208 2365 384 2435 μόντες
442 2363 536 2422 τὰς
608 2360 848 2422 πλατείας
915 2371 1008 2420 τῆς
1080 2361 1287 2424 πόλεως,
1345 2360 1488 2432 εὗρον
1547 2359 1698 2410 αὐτόν
1761 2357 1808 2409 ἐν

208 2450 390 2521 κελλίῳ
422 2445 674 2520 διάγοντα
704 2455 792 2500 καὶ
842 2445 1170 2501 διδάσκοντα
1200 2452 1320 2510 τούς
1359 2448 1513 2508 λαούς
1543 2451 1600 2500 τό
1635 2447 1808 2516 Εὐαγ-

209 2538 376 2612 γε’λιον
424 2545 515 2590 τού
568 2545 720 2592 Θεοῦ.
786 2540 882 2590 Kui
958 2537 1284 2604 εἰσελθόντες,
1341 2532 1630 2608 ἐπέδραμον
1683 2537 1809 2605 πρός

213 2628 401 2680 αὑτόν·
461 2632 549 2679 καὶ
598 2623 853 2688 δήσαντες
904 2626 1077 2692 αὑτόν,
1115 2629 1330 2696 ἣνεγκαν
1379 2624 1666 2699 ἔμπροσθεν
1716 2629 1808 2674 τοῦ

211 2716 473 2790 βήματος.
534 2715 882 2768 Καλϐισιανού
928 2723 1019 2767 τοῦ
1071 2714 1328 2790 ἐπάρχου.
1374 2721 1501 2765 Τότε
1552 2714 1577 2764 6
1631 2709 1808 2764 ἀσεϐέ-

213 2825 402 2866 στατος
461 2810 551 2857 καὶ
623 2801 865 2866 διάϐολος
939 2803 1278 2862 Καλϐισιανός
1353 2801 1618 2863 ἐπιπλέξας
1690 2805 1806 2861 τούς

211 2891 403 2961 πόδας,
456 2898 545 2944 xui
619 2896 710 2953 τὰς
781 2899 967 2963 χεῖρας
1026 2891 1184 2942 αὑτοῦ
1236 2887 1558 2959 ἑνδεσμὴσας
1611 2888 1695 2938 ἐπὶ
1748 2889 1811 2938 τὰ

212 2987 425 3053 γόνατα,
462 2977 631 3031 εἶπεν*
666 2984 731 3030 Σύ
776 2977 872 3030 εἶό
921 2978 1204 3040 ἀπατηλὸς,
1251 2985 1347 3028 τῶν
1403 2977 1524 3027 θεῶν
1573 2980 1662 3024 xui
1711 2983 1809 3024 τῶν

650 1738 738 1794 οὖν
817 1751 918 1794 τῶν
997 1747 1339 1813 παρεστώτων
1411 1739 1549 1792 εἶπον
1622 1738 1798 1808 αύτῷ·
1840 1736 1884 1790 Β

1985 1740 2053 1793 llI
2080 1740 2336 1804 Quidam
2367 1758 2508 1812 ergo
2567 1759 2640 1799 ex
2711 1743 3083 1800 adstantibus
3122 1743 3397 1800 dixerunt
3437 1744 3562 1800 illi:

1914 1827 2181 1894 Domine,
2210 1836 2299 1886 est
2324 1831 2417 1885 hic
2446 1831 2660 1904 aliquis
2686 1834 3051 1903 peregrinus,
3069 1833 3304 1888 nomine
3322 1833 3556 1904 Euplus,

1912 1917 2013 1988 qui
2046 1933 2247 1973 secum
2279 1919 2547 1975 libellum
2603 1921 2798 1984 habet,
2835 1920 2896 1976 in
2927 1937 3044 1993 quo
3074 1921 3265 1993 plebis
3299 1921 3561 1977 multitu-

1913 2005 2114 2061 dinem
2140 2007 2594 2078 decipit,dicens
2624 2009 2788 2081 quod
2821 2025 3076 2080 magnus
3118 2010 3190 2066 sit
3218 2013 3368 2065 Deus
3405 2010 3562 2066 Chri-

1914 2095 2400 2162 stianorum.Quo
2427 2098 2630 2152 audito
2653 2096 3026 2152 Calvisianus
3049 2098 3428 2168 perturbatus
3444 2100 3558 2153 ait:

1915 2183 2140 2238 Festine
2163 2184 2427 2239 vinctum
2453 2185 2529 2240 ad
2545 2201 2638 2240 me
2661 2184 2936 2240 adducite
2956 2185 3284 2240 hominem.
3309 2186 3560 2241 Proinde

1917 2271 2192 2326 abierunt
2217 2271 2536 2328 satellites:
2571 2279 2627 2328 et
2657 2275 2953 2345 percursis
2988 2272 3150 2327 urbis
3209 2273 3438 2344 plateis,
3473 2272 3562 2328 in-

1916 2365 2207 2415 venerunt
2234 2377 2366 2414 eum
2399 2361 2456 2414 in
2490 2359 2701 2416 cellula
2730 2365 3087 2424 morantem,
3127 2359 3343 2432 Deique
3374 2362 3561 2416 Evan-

1917 2448 2137 2519 gelium
2164 2449 2387 2521 populo
2409 2452 2827 2520 exponentem.
2867 2448 3028 2504 Unde
3060 2448 3336 2518 ingressi,
3376 2449 3560 2520 impe-

1918 2540 2044 2590 tum
2075 2537 2360 2592 adversus
2381 2537 2546 2593 illum
2568 2537 2851 2604 fecerunt,
2874 2537 3247 2610 ligatumque
3267 2537 3562 2592 duxerunt

1918 2623 1994 2678 ad
2027 2624 2288 2679 tribunal
2318 2625 2627 2680 Calvisiani
2663 2625 2954 2696 praesidis.
2985 2626 3148 2679 Tunc
3177 2624 3561 2696 impiissimus

1916 2728 1988 2767 ac
2013 2711 2288 2768 diabolus
2313 2713 2708 2780 Calvisianus,
2735 2730 2872 2768 cum
2908 2713 3084 2783 pedes
3106 2729 3246 2769 suos
3268 2713 3562 2768 innexuis-

1917 2806 2025 2866 set,
2085 2816 2419 2872 manusque
2468 2800 2545 2856 ad
2603 2817 2798 2872 genua
2847 2800 3223 2871 colligasset:
3264 2804 3444 2865 Tunc,
3477 2802 3554 2856 in-

1917 2888 2065 2958 quit.
2131 2904 2190 2942 es
2246 2889 2543 2954 seductor,
2586 2889 2835 2944 deorum
2898 2892 3076 2960 atque
3134 2890 3559 2960 imperatorum

1919 2981 2284 3045 contemptor
2314 2975 2426 3030 ?At
2447 2983 2685 3032 sanctus
2707 2977 2928 3048 Euplus
2955 2977 3129 3031 dixit:
3157 2977 3411 3042 Quinam
3426 2982 3562 3033 sunt

217 3071 610 3144 αὐτοκρατόρων
668 3072 1100 3141 καταφρονητής;
1157 3065 1215 3117 Ὀ
1298 3062 1355 3116 δὲ
1413 3065 1560 3134 ἅγιος
1616 3060 1807 3124 Εύπλος

1920 3061 2003 3116 dii
2029 3062 2218 3126 vestri,
2255 3069 2316 3117 ut
2357 3063 2602 3120 adorem
2656 3081 2752 3120 eos
2780 3065 2808 3120 ?
2839 3065 3073 3136 Excepit
3133 3063 3509 3121 Calvisianus
3541 3081 3555 3121 :

216 3155 392 3212 εἶπεν³
452 3162 594 3219 Τίνες
647 3157 776 3208 εἰσὶν
829 3158 877 3208 οἱ
927 3157 1031 3208 θεοὶ
1095 3157 1256 3226 ὑμῶν,
1313 3155 1394 3204 ἵνα
1457 3155 1810 3226 προσκυνήσω

215 3250 439 3313 αύτούςς
473 3245 531 3299 Ὀ
586 3242 644 3298 δε
701 3243 1046 3305 Καλϐισιανός
1094 3241 1228 3295 εἶπεν
1259 3263 1270 3273 ·
1327 3245 1406 3295 Διὶ
1453 3245 1541 3292 xui
1590 3239 1811 3296 Ἀσκλη-

215 3345 317 3406 πιῷ
375 3340 464 3387 xui
541 3330 812 3408 Ἀρτέμιδι
881 3338 970 3385 xui
1036 3331 1266 3402 Γαληνῷ.
1323 3330 1380 3382 Ὀ
1436 3326 1494 3382 δὲ
1557 3331 1808 3401 μακάριος

219 3422 421 3485 Εὖπλος
468 3422 602 3476 εἶπεν
631 3440 642 3451 ·
679 3421 760 3474 Ἐν
807 3424 1003 3481 τούτοις
1051 3419 1097 3473 εἶ
1133 3419 1335 3492 τυφλός,
1367 3421 1443 3471 ὅτι
1483 3421 1569 3470 τόν
1621 3420 1808 3489 Κύριον

216 3515 362 3585 ἡμῶν
415 3511 620 3570 Ἰησοῦν
673 3509 766 3561 ούκ
823 3507 1180 3579 ἔπιγνώσκεις,
1239 3512 1324 3560 τόν
1375 3512 1671 3563 ποιήσαντα
1723 3508 1808 3555 τόν

217 3602 430 3674 οὐρανὸν
475 3604 562 3652 xui
611 3602 702 3656 τὴν
731 3605 852 3669 γῆν,
885 3603 974 3650 xui
1021 3601 1105 3649 τόν
1139 3598 1406 3669 ἄνθρωπον
1451 3594 1505 3646 ἐκ
1546 3602 1646 3665 γῆς
1694 3590 1810 3645 δια-

215 3690 509 3754 πλάσαντα,
545 3691 628 3739 τόν
681 3685 972 3740 ἓνδύσαντα
1014 3689 1152 3757 ἡμᾶς
1195 3690 1312 3745 τούς
1352 3687 1695 3759 Χριστιανούς
1740 3686 1812 3734 ἒν-

221 3776 369 3850 δυμα
399 3778 712 3850 ἀφθαρσίας,
746 3779 803 3827 τό
848 3780 1017 3846 τίμιον
1048 3780 1136 3826 xui
1186 3771 1520 3847 ὑπερίνδοξον
1563 3779 1650 3824 xui
1682 3792 1812 3824 παν-

218 3869 390 3938 άγιον,
423 3863 632 3938 φοϐερόν
664 3867 753 3914 xui
800 3867 1112 3934 φωταγωγόν
1152 3861 1450 3934 βάπτισμα.
1489 3865 1617 3935 Πρός
1646 3869 1812 3914 ταῦτα

222 3954 564 4012 Καλϐισιανὸς
613 3949 946 4024 ὑπομειδιῶν,
982 3955 1072 4024 ἔφη
1100 3973 1111 3985 ·
1144 3953 1226 4012 Εἰς
1269 3951 1536 4024 βασάνους
1579 3956 1650 4024 μὴ
1701 3951 1812 4004 εἰσ·-

219 4044 396 4107 ελθὼν,
429 4049 738 4116 τυραννικῶς
780 4048 945 4092 ταῦτα
991 4040 1167 4112 λέγεις.
1197 4041 1256 4094 Ὀ
1306 4038 1364 4093 δὲ
1416 4043 1562 4111 άγιος
1611 4037 1811 4101 Εὖπλος

220 4128 394 4186 εἶπεν·
439 4131 504 4182 0i
548 4127 776 4201 βάσανοί
821 4148 905 4182 σοι
949 4127 1061 4202 ἐμοὶ
1110 4133 1358 4201 στέφανός
1399 4129 1566 4181 εἰσιν·
1622 4133 1705 4180 σοὶ
1753 4123 1812 4178 δέ

220 4221 352 4275 εἰσιν
385 4223 588 4278 σκότος.

293 4307 363 4362 Δ’.
401 4311 527 4360 Τότε
557 4308 582 4358 6
615 4304 952 4366 ἀσεϐέστατος
1004 4305 1345 4365 Καλϐισιανός
1390 4305 1620 4365 ἀκούσας
1649 4313 1816 4356 ταῦτα

1919 3149 2224 3205 Adoraudi
2275 3151 2356 3204 dii
2423 3155 2560 3205 sunt
2610 3153 2852 3222 Jupiter,
2908 3152 3299 3223 Esculapius,
3357 3155 3557 3218 Diana,

1920 3238 2192 3294 Galenus.
2223 3242 2291 3294 At
2342 3239 2551 3294 beatus
2600 3240 2813 3310 Euplus
2841 3240 2922 3294 ait
2955 3259 2966 3294 ε
3000 3241 3064 3294 In
3095 3240 3190 3294 his
3237 3256 3426 3296 caecus
3476 3257 3558 3306 es,

1916 3327 2083 3400 quod
2112 3327 2428 3383 Dominum
2477 3333 2745 3382 nostrum
2803 3329 3004 3382 Jesum
3059 3343 3178 3383 non
3225 3329 3561 3397 cognoscis,

1917 3415 2286 3471 conditorem
2314 3415 2442 3471 caeli
2482 3421 2538 3470 et
2566 3419 2756 3480 terrae,
2785 3415 3316 3487 quiquehominem
3351 3422 3560 3474 eterra

1918 3505 2209 3568 formavit,
2245 3521 2313 3559 ac
2344 3520 2453 3558 nos
2483 3503 2848 3560 Christianos
2884 3504 3075 3558 induit
3105 3509 3261 3558 veste
3321 3505 3560 3560 immor-

1921 3591 2179 3657 talitatis,
2221 3591 2480 3662 pretioso
2511 3593 2798 3658 videlicet,
2828 3591 3281 3661 gloriosissimo,
3315 3594 3558 3650 sanctis-

1920 3680 2091 3743 simo,
2117 3680 2354 3736 terribili
2384 3684 2564 3752 atque
2596 3679 3015 3736 illuminatorio
3062 3680 3443 3752 baptismate.
3474 3683 3561 3738 Ad

1918 3767 2046 3822 haec
2077 3767 2444 3823 Calvisianus
2504 3768 2821 3824 subridens
2877 3768 3222 3834 intit:Quia
3269 3774 3560 3826 tormenta

1920 3857 2190 3911 nondum
2217 3856 2470 3921 subiisti,
2503 3855 2977 3928 adeotyrannice
3005 3873 3075 3912 ac
3090 3858 3344 3930 superbe
3362 3859 3562 3931 loque-

1917 3945 2017 4000 ris.
2051 3947 2424 4016 Responsum
2456 3944 2619 4000 dedit
2672 3949 2914 4000 sanctus
2959 3945 3179 4017 Euplus
3205 3963 3216 4000 :
3247 3948 3564 4005 Tormenta

1918 4032 2019 4092 illa
2067 4039 2189 4101 tua,
2241 4033 2389 4088 mihi
2436 4048 2658 4089 corona
2710 4038 2867 4104 sunt,
2894 4033 2997 4088 tibi
3040 4049 3180 4088 vero
3230 4042 3364 4088 sunt
3406 4040 3564 4092 tene-

1920 4123 2063 4177 bras.

1994 4299 2079 4352 ιν.
2113 4298 2254 4362 Quae
2305 4300 2624 4368 postquam
2672 4295 2894 4351 audivit
2940 4295 3329 4368 impiissimus
3379 4299 3565 4356 Calvi-

220 4397 491 4471 ἐταράχθη
545 4397 644 4446 ὑπὸ
691 4402 784 4446 τοῦ
831 4397 1023 4465 πατρὸς
1073 4395 1231 4446 αὑτοῦ
1276 4401 1367 4444 τοῦ
1414 4390 1692 4444 διαϐόλου·
1728 4397 1807 4444 καῖ

1925 4386 2153 4453 sianus,
2187 4402 2220 4440 a
2253 4388 2416 4455 patre
2463 4399 2571 4439 suo
2617 4383 2853 4439 diabolo
2891 4385 3278 4441 conturbatus
3325 4392 3451 4452 est;
3494 4405 3564 4445 ac

223 4485 482 4539 ὶκὲλευσεν
539 4490 769 4553 παγῆναι
819 4481 986 4545 ξύλον,
1039 4487 1127 4532 xui
1183 4482 1541 4552 κρεμασθῆναι
1595 4479 1679 4532 ἐπὶ
1727 4489 1816 4533 τοῦ

226 4572 402 4639 ξύλου,
435 4575 524 4622 xui
572 4577 756 4642 χεῖρας
803 4565 1028 4641 σιδηρᾶς
1071 4570 1328 4640 γενέσθαι,
1361 4573 1449 4620 xui
1479 4568 1818 4630 καταξέεσθαι

226 4663 321 4722 τὰς
371 4660 568 4732 σάρκας
611 4657 770 4708 αὑτοῦ
822 4655 1084 4728 ἐπιμελῶς.
1116 4655 1174 4708 Ὀ
1223 4653 1281 4709 δὲ
1324 4658 1580 4732 μακάριος
1622 4655 1820 4720 Εὖπλος

229 4743 406 4800 εἶπεν·
471 4746 625 4816 Κύριε
678 4743 853 4801 Ἰησοῦ
910 4746 1125 4816 Χριστὲ,
1185 4743 1228 4796 εἰ
1279 4739 1418 4796 οὖτοι
1477 4747 1569 4806 τὰς
1624 4747 1814 4818 σάρκα,

291 4930 370 5003 (1)
429 4935 686 5004 Ζῶννυσιν
738 4928 895 5004 αὐτόν
963 4931 1193 5004 ἔπαρχον
1248 4939 1336 4991 τῆς
1391 4930 1602 4992 πόλεως.
1664 4933 1804 4988 Mar-

221 5000 444 5077 tyrium}
483 5002 555 5077 _S.
617 5000 920 5077 Eustathii,
981 5000 1244 5077 {diruunt
1269 5004 1403 5054 κατὰ
1457 5007 1514 5055 τό
1563 5008 1808 5077 πρότερον

221 5071 604 5147 στρατηλάτης.
639 5071 749 5127 Ubi
780 5087 816 5126 a
845 5072 1043 5127 Niceta
1074 5073 1464 5147 Paphlagone,
1495 5071 1806 5146 περιζώννυ-

220 5141 306 5200 ταὶ
347 5141 504 5204 αὖθις
534 5144 699 5203 ζώνην
751 5149 1126 5216 στρατηγικὴν.
1155 5141 1317 5200 Hinc
1333 5144 1531 5208 cincti,
1557 5141 1811 5212 ρνίεσὶηο

220 5218 318 5284 cli,
342 5217 572 5273 honore
591 5221 691 5285 aut
714 5213 943 5282 Cinguli
967 5214 1184 5270 honore
1208 5216 1513 5285 przcingi,
1534 5225 1635 5270 etc.
1665 5220 1811 5270 Con-

221 5295 308 5344 tra
330 5288 389 5343 in
433 5284 725 5356 Chronico
759 5286 1190 5356 Alexandrino,
1223 5301 1278 5356 p.
1308 5284 1812 5348 744,”Ano’;maeat;

214 5367 274 5418 τῆ
287 5380 308 5421 ς
324 5358 482 5421 ἀξίας
499 5357 682 5426 αὐτῶν.
702 5355 726 5408 ,Ι
739 5355 856 5410 uris
878 5355 1358 5411 Graeco-Romani
1385 5359 1439 5410 P.
1455 5375 1491 5420 1,
1511 5374 1566 5426 p.
1589 5363 1652 5413 73
1673 5374 1683 5410 :
1707 5363 1812 5416 Τὴν

221 5431 386 5491 ζώνην
425 5435 520 5488 τῆς
551 5424 693 5488 ἰδίας
739 5425 910 5500 ἀρχῆς
957 5425 1359 5500 ἀφαιρούμενος.
1383 5424 1565 5500 Latini
1611 5429 1816 5500 dicunt

224 5479 552 5572 ὄὲέιῇαιάὴι
573 5479 1130 5572 αιηὶάρνΪέζὲίηραὶο
1153 5479 1566 5572 dumetae};
1588 5479 1816 5572 σῖὴξιῖἇέ

225 5569 520 5644 αἰαῆἱιαιε
533 5569 771 5644 n_udart'.
782 5571 924 5644 Nam
934 5570 955 5639 j
967 5575 1104 5625 uxta
1118 5571 1360 5644 Suidam
1376 5573 1508 5633 ζώνη
1525 5570 1817 5644 signiﬁcat

228 5640 534 5714 rb'a’ditwpu.
554 5641 621 5696 Et
635 5640 801 5712 quod
814 5640 1067 5711 legimus
1087 5641 1251 5713 apud
1273 5643 1686 5706 Sozomenum,
1711 5641 1813 5696 lib.

1922 4474 2097 4547 jussit
2127 4473 2359 4544 lignum
2399 4473 2458 4527 in
2478 4476 2633 4528 terra
2661 4472 2862 4541 deﬁgi,
2896 4472 3185 4545 illumque
3214 4474 3274 4530 in
3305 4491 3374 4530 eo
3431 4493 3562 4532 sus-

1930 4562 2128 4635 pendi,
2156 4577 2387 4616 necnon
2439 4576 2654 4616 manus
2706 4561 2923 4616 ferreas
2979 4560 3213 4628 conﬁci,
3246 4570 3301 4618 et
3357 4580 3565 4621 carnes

1930 4653 2058 4724 ejus
2087 4649 2414 4706 dilacerari.
2446 4650 2622 4704 Porro
2673 4649 2880 4704 beatus
2925 4650 3144 4720 Euplus
3203 4651 3330 4705 haec
3388 4651 3568 4708 verba

1933 4739 2205 4813 protulit:
2234 4738 2479 4794 Domine
2503 4739 2645 4794 Jesu
2677 4737 2917 4808 Christe,
2947 4738 2993 4791 si
3032 4737 3126 4792 isti
3152 4753 3357 4794 carnes
3401 4754 3567 4794 meas

1914 4945 1958 4985 1ο
1987 4941 2117 4998 cap.
2154 4930 2184 4980 6
2210 4942 2229 4998 7:
2265 4927 2380 4978 Ἐπὶ
2405 4934 2494 4984 τῆς
2525 4924 2686 4998 αὑτῆς
2716 4929 2878 4996 μένειν
2921 4921 3068 4998 ἀξίας
3095 4939 3108 4988 ;
3141 4921 3243 4998 lib.
3285 4937 3362 4976 Vll
3393 4938 3558 4998 _c_ap_.

1916 4999 2026 5054 13:
2065 4989 2435 5068 ⁸ιἸρούτρὲπιετο
2486 4989 2725 5067 μείζονος
2780 5003 2937 5065 τιμῆς
2964 4992 3329 5068 ’ἐπαγγελίαις
3381 4989 3554 5068 δελεά-

1919 5073 2087 5133 ζουσα
2112 5063 2345 5123 vertitur
2370 5069 2428 5122 in
2455 5063 2695 5122 historia
2731 5063 3076 5135 Tripartita:
3106 5066 3188 5135 In,
3221 5080 3327 5119 suo
3357 5063 3566 5133 cingu-

1922 5147 1976 5220 ιο
1984 5144 2410 5220 permquerent.
2421 5138 2645 5220 M‘ajorlf
2647 5137 2747 5192 bus
2761 5134 2886 5219 eain
2899 5135 3156 5220 cixg‘utils
3171 5134 3499 5220 ἱηυξιιιιζιιιλ
3498 5137 3564 5190 Ut

1923 5203 2258 5273 in'Novellis
2282 5203 2579 5279 cingulum
2602 5208 2797 5279 Graece
2826 5203 3102 5279 ἁρχήξΑιὶ
3131 5207 3256 5260 [ιωο
3273 5203 3562 5279 ἀποθέσθαι

1921 5292 2007 5345 τὴν
2036 5288 2199 5348 ζώνην
2228 5282 2315 5337 vel
2335 5277 2554 5362 ῥίπτειν,
2589 5277 2895 5362 cingulum
2930 5277 3247 5346 deponere,
3296 5277 3558 5362 balteum

1926 5373 2163 5429 ponere,
2191 5348 2503 5429 projicere,
2535 5357 2620 5404 est
2647 5348 2919 5429 abdicare
2950 5364 3009 5401 se
3059 5348 3565 5429 potestate._Deni-

1924 5417 2040 5500 que
2061 5443 2134 5484 ex
2163 5417 2412 5480 H'omilia
2432 5417 3356 5500 deﬁunolegislatoreutriusque.’
3375 5419 3568 5500 Testa-

1928 5487 2130 5561 menti,
2183 5503 2326 5551 tom.
2388 5509 2439 5547 v1
2495 5493 2549 5544 S.
2611 5487 3266 5562 CbrysostomiLf'Eo'rij:
3336 5491 3365 5547 ἡ
3429 5490 3565 5562 ζώνη

1930 5560 2198 5648 βασιλέως.
2241 5571 2514 5648 γνωρισμα
2559 5567 2648 5615 καὶ
2700 5560 2899 5635 κριτοῦ.
2958 5561 3110 5627 Quid
3158 5560 3318 5616 enim
3386 5561 3574 5616 multa

1929 5636 2004 5699 de
2039 5656 2102 5697 re
2137 5636 2402 5694 triviali?
