4144 6258
633 332 737 387 527

1958 319 2217 379 MENSIS
2256 314 2655 374 AUGUSTUS.

3902 315 4030 370 528

635 455 1314 527 dilaniant,nudumque
1340 469 1435 511 me
1461 453 1670 509 volunt
1692 454 1887 509 astare
1918 454 2053 505 ante
2084 445 2255 500 diabo

2391 459 2491 512 μου
2557 439 2915 502 καταξέουσιν,
2969 442 3058 489 καὶ
3124 441 3320 509 γυμνόν
3396 457 3459 509 με
3543 436 3825 511 βούλονται
3903 460 4030 492 πα-

637 546 815 601 licum
857 560 1028 599 suum
1082 543 1367 608 tribunal,
1407 542 1584 598 indue
1640 556 1733 595 me
1790 553 1968 594 carne
2024 537 2279 591 incorru-

636 632 1089 705 ptionis,neque
1115 634 1359 687 istorum
1378 635 1669 686 tormenta
1692 628 1768 686 ad
1780 642 1985 682 versus
2016 639 2111 679 me
2134 636 2282 694 prae-

634 720 888 776 valeant.
918 721 1063 774 Tum
1088 735 1201 775 vox
1227 737 1256 773 e
1286 718 1434 775 caelo
1459 719 1663 773 audita
1691 722 1802 781 est,
1826 711 2171 785 hujusmodi
2204 708 2278 763 ad

634 824 767 863 eum
799 831 809 862 :
846 807 1115 876 Confide,
1142 807 1324 879 Euple
1358 823 1372 873 ;
1405 807 1534 862 forti
1569 807 1649 860 sis
1691 806 1911 861 animo.
1948 801 2093 857 Nam
2140 814 2279 853 vera

634 896 811 951 vestis
850 895 950 951 tibi
1007 901 1346 967 praeparata
1401 900 1507 950 est.
1540 894 1673 949 Post
1702 891 1865 965 quod
1907 888 2279 945 Calvisianus

634 1000 857 1055 prmses
889 984 1028 1038 dixit
1059 1000 1072 1038 :
1106 982 1203 1038 Vel
1230 998 1390 1038 nunc
1439 998 1557 1037 non
1589 980 1861 1037 destitisti
1894 979 1971 1033 ab
1997 976 2123 1031 istis
2162 974 2277 1028 tuis

632 1072 853 1138 nugis?
880 1072 1205 1141 Ingredere,
1233 1072 1345 1125 diis
1377 1069 1665 1136 sacriﬁca,
1701 1074 1763 1123 ut
1791 1066 1979 1123 multa
2007 1066 2169 1120 bona
2199 1064 2276 1117 ab

634 1161 863 1216 invictis
890 1159 1347 1231 imperatoribus
1396 1159 1678 1229 accipias,
1711 1161 2025 1226 nosterque
2055 1152 2275 1207 evades

634 1248 885 1313 amicus,
913 1247 1253 1317 etingentia
1292 1247 1540 1318 prmmia
1563 1260 1666 1320 per
1715 1260 1823 1299 nos
1868 1238 2270 1311 consequeris.

631 1338 881 1392 Sanctus
912 1334 1130 1407 Euplus
1156 1336 1237 1391 ita
1285 1335 1519 1389 locutus
1546 1338 1663 1388 est:
1694 1332 1756 1385 In
1814 1332 1925 1385 hoc
1956 1342 2270 1396 cognosce,

632 1425 977 1497 perditionis
1008 1423 1108 1488 ﬁli,
1140 1422 1408 1493 operarie
1436 1420 1682 1485 diaboli,
1709 1417 1874 1491 quod
1894 1432 2040 1472 auro
2066 1429 2273 1483 argen-

634 1519 810 1584 toque
830 1512 941 1567 hos
957 1527 1165 1566 omnes
1194 1510 1461 1565 adducas
1489 1508 1565 1563 ad
1589 1508 1813 1563 cultum
1840 1505 2156 1561 idolorum.
2185 1503 2269 1558 Ad

629 1601 759 1655 haec
783 1602 869 1655 ira
902 1614 1195 1655 accensus
1223 1604 1514 1669 tyrannus
1547 1596 1932 1662 Calvisianus,
1957 1593 2273 1663 imperavit

628 1688 872 1745 malleos
890 1687 1190 1753 fabricari,
1213 1692 1269 1741 et
1286 1685 1582 1741 verberari
1607 1700 1782 1739 crura
1797 1682 1972 1737 illius.
2001 1681 2113 1737 Sed
2136 1680 2271 1735 bea-

2389 537 2654 601 ραστῆσαι
2706 530 2789 578 ἰπὶ
2847 530 2905 577 τὸ
2964 523 3263 578 διαϐολικόν
3321 526 3489 578 αὑτῶν
3550 525 3722 599 βῆμα,
3773 523 4022 581 ἔνδυσόν

2388 636 2451 688 με
2496 618 2668 688 σάρκα
2707 614 3019 689 ἀφθαρσίας,
3052 620 3142 666 καὶ
3188 620 3258 686 μή
3309 618 3375 667 τὰ
3417 619 3613 668 τούτων
3660 615 3887 688 βάσανα
3938 616 4019 668 ἔνο

2392 708 2693 777 ισχύσωσιν
2724 703 2799 755 ἐπ’
2829 702 2933 775 ἐμέ.
2970 708 3069 756 Καὶ
3100 709 3236 775 φωνή
3289 705 3343 768 ἐξ
3372 706 3589 777 ούρανοῦ
3632 706 3883 763 ἠκούσθη
3920 706 4019 758 λέ-

2386 813 2561 865 γουσα
2586 797 2713 867 πρὸς
2745 792 2899 844 αὑτόν
2925 810 2935 821 ⁸
2973 795 3193 866 Θάρσει,
3230 789 3413 858 Εὑπλε,
3445 799 3536 846 καὶ
3567 797 3729 865 ἶσχυε
3754 812 3769 826 ο
3800 799 3863 847 τὸ
3898 798 4015 869 γὰρ

2387 882 2585 955 ἔνδυμα
2631 887 2690 935 τό
2741 881 2979 940 ἀληθινόν
3029 884 3326 954 ἡτοιμάσθη
3380 902 3483 937 σοι.
3524 889 3651 935 Τότε
3702 882 4016 936 Καλϐισια-

2385 976 2469 1033 νὸς
2518 974 2543 1023 6
2591 974 2822 1045 ἔπαρχος
2866 968 2999 1022 εἶπεν
3033 989 3045 1001 ·
3084 968 3189 1023 Κᾶν
3235 978 3322 1021 νῦν
3372 971 3466 1022 οὑκ
3519 969 3742 1031 ἀπέστης
3792 971 3853 1023 ἐκ
3909 981 4013 1034 τῆς

2386 1061 2637 1132 φλυαρίας
2696 1077 2829 1126 σου;
2864 1057 3094 1125 Εἵσελθε,
3144 1062 3234 1110 καὶ
3286 1061 3444 1111 θύσον
3488 1067 3591 1119 τοῖς
3640 1061 3815 1121 θεοῖς·
3857 1062 4009 1123 ὅπως

2380 1148 2541 1200 πολ.λά
2592 1147 2765 1218 ἀγαθὰ
2815 1150 2957 1219 παρὰ
3007 1155 3107 1198 τῶν
3180 1146 3449 1205 ἀηττήτων
3526 1146 3787 1219 βασιλέων
3867 1151 4003 1202 ἀπο·

2382 1236 2547 1309 λήψῃ,
2610 1241 2698 1288 καὶ
2754 1237 2900 1307 ἡμῶν
2958 1235 3096 1306 φίλος
3148 1238 3262 1309 ἔσῃ,
3312 1241 3402 1287 καὶ
3449 1235 3639 1298 πολλὰς
3684 1235 4005 1308 ἀντιλήψεις

2381 1326 2501 1397 παρ’
2571 1326 2713 1396 ἡμῶν
2771 1323 3048 1395 ἀποτεύεῃ.
3106 1324 3162 1376 Ὀ
3217 1324 3367 1395 ἅγιος
3415 1321 3611 1386 Εὑπλος
3669 1321 3805 1377 εἶπεν
3838 1346 3851 1358 ·
3916 1326 4002 1378 Ἐν

2380 1415 2545 1483 τούτῳ
2574 1415 2753 1484 γνῶθι,
2786 1414 2863 1464 υἰέ
2914 1420 3003 1473 τῆς
3036 1411 3309 1478 ἀπωλείας,
3344 1412 3539 1486 ἕργάτα
3568 1420 3659 1465 τοὺ
3707 1410 3999 1479 διαϐόλου,

2380 1503 2461 1553 ὅτι
2509 1500 2555 1552 ἐν
2612 1509 2803 1573 χρυσῷ
2854 1506 2944 1552 καὶ
3014 1500 3223 1575 ἀργύρῳ
3276 1504 3492 1563 τούτους
3542 1504 3738 1562 πάντας
3792 1505 3999 1565 πείθεις

2380 1597 2687 1662 προσκυνεῖν
2739 1592 2802 1641 τὰ
2853 1585 3046 1641 εἴδωλα
3126 1594 3263 1661 Πρός
3313 1597 3477 1641 ταῦτα
3521 1591 3781 1661 θυμωθεὶς
3824 1593 3855 1642 6
3909 1595 4001 1642 τύ-

2383 1697 2559 1739 οαννος
2611 1676 2967 1740 Καλϐισιανός,
3029 1677 3259 1731 ἐκέλευσε
3315 1681 3513 1753 σφύρας
3567 1680 3836 1749 γενέσθαι,
3906 1686 3998 1732 καὶ

629 1780 727 1830 tus
759 1776 976 1846 Euplus
1001 1775 1179 1830 istum
1199 1773 1407 1829 habuit
1440 1787 1777 1828 sermonem
1809 1790 1821 1821 :
1858 1775 2089 1833 lnsane,
2122 1769 2255 1823 insi-

2381 1774 2491 1825 ταῖς
2532 1771 2755 1837 κνήμαις
2803 1769 3111 1823 τύπτεσθαι.
3154 1766 3211 1817 Ὀ
3257 1764 3316 1819 δὲ
3365 1770 3621 1839 μακάριος
3672 1764 3878 1828 Εὑπλ.ος
3930 1766 3998 1820 εἶ-

626 1863 823 1936 piens,
850 1863 1028 1919 corde
1053 1878 1226 1927 casce,
1261 1878 1365 1917 cur
1390 1860 1537 1917 mihi
1567 1860 1743 1916 infers
1774 1864 2068 1915 tormenta
2117 1863 2217 1913 tua
2245 1857 2271 1912 ?

627 1951 683 2005 Si
724 1957 913 2022 potes,
942 1952 1073 2007 aliis
1103 1950 1404 2022 suppliciis
1433 1964 1692 2022 propera
1712 1964 1806 2004 me
1838 1948 2091 2003 afficere.

696 2214 768 2274 V.
786 2217 947 2271 Tunc
968 2213 1046 2270 ad
1067 2215 1216 2269 iram
1240 2214 1567 2270 concitatus
1586 2218 1874 2284 tyrannus
1888 2210 2267 2278 Calvisianus,

624 2302 799 2374 jussit
834 2302 1079 2358 beatum
1130 2302 1379 2373 Euplum
1414 2302 1717 2364 devinciri,
1744 2305 1798 2355 et
1829 2314 2117 2368 magnum
2148 2299 2264 2353 im-

621 2390 1109 2461 maculatumque
1138 2389 1521 2460 Evangelium
1545 2389 1771 2459 alligari
1793 2388 1944 2443 collo
1975 2388 2125 2458 ejus,
2157 2386 2265 2441 sic-

618 2494 735 2551 que
786 2479 962 2550 quasi
1006 2493 1109 2548 per
1155 2476 1476 2532 ludibrium
1507 2476 1716 2532 abduci
1762 2476 1820 2530 in
1853 2490 2172 2531 carcerem.
2201 2475 2261 2529 In

616 2582 798 2637 quem
822 2567 1091 2636 ingresso
1121 2565 1297 2621 beato
1331 2565 1531 2636 Euplo,
1565 2564 1841 2636 praacepit
1865 2563 2257 2626 Calvisianus,

614 2654 772 2709 fores
826 2656 1076 2709 carceris
1107 2653 1326 2722 signari
1370 2652 1591 2708 annulo
1623 2652 1776 2722 ejus,
1812 2657 1991 2722 utque
2045 2650 2258 2705 milites

613 2741 893 2797 eumdem
914 2757 1210 2796 carcerem
1241 2740 1445 2795 sedulo
1467 2740 1852 2795 custodirent.
1880 2742 2026 2794 Cum
2056 2742 2256 2794 autem

612 2829 823 2885 beatus
846 2829 1064 2900 Euplus
1086 2829 1144 2883 in
1164 2844 1399 2884 carcere
1420 2833 1649 2899 septem
1675 2828 1797 2881 dies
1820 2842 1888 2882 ac
1908 2832 2134 2898 septem
2158 2842 2259 2881 no-

614 2923 735 2973 ctes
762 2917 1163 2986 transegisset,
1182 2917 1274 2970 siti
1305 2916 1480 2987 coepit
1508 2915 1803 2971 laborare.
1822 2915 2141 2978 Quorcirca
2167 2931 2258 2969 ex-

616 3005 797 3060 tensis
826 3004 1102 3060 manibus
1145 3005 1334 3059 oravit
1360 3022 1371 3059 :
1404 3004 1547 3058 Here
1579 3003 1822 3059 Domine
1850 3005 1985 3057 Jesu
2013 3002 2253 3068 Christe,

614 3109 786 3149 verus
815 3094 968 3149 Deus
1000 3093 1331 3163 noster,qui
1361 3092 1469 3148 das
1495 3108 1696 3148 escam
1724 3094 1886 3147 omni
1917 3092 2081 3148 carni
2105 3092 2254 3164 ‘,qui

616 3197 717 3252 per
733 3182 999 3254 Moysem
1026 3198 1258 3237 servum
1283 3188 1447 3237 tuum
1468 3181 1602 3236 ﬁliis
1625 3181 1854 3235 Israelis
1872 3196 2046 3253 aqua;
2063 3181 2257 3236 abun-

610 3271 872 3325 dantiam
887 3271 1127 3339 largitus
1145 3287 1208 3325 es
1226 3272 1268 3335 ³,
1290 3270 1391 3342 qui
1410 3271 1804 3342 Sampsonem
1825 3286 1929 3341 per
1945 3285 2166 3341 aquam
2186 3286 2253 3325 ex

614 3358 917 3413 maxillam
936 3359 1212 3414 eductam
1226 3359 1487 3413 irrorasti
1503 3362 1543 3421 ³,
1560 3357 1663 3430 qui
1684 3358 1988 3413 ltetiﬁcasti
2002 3373 2112 3411 nos
2130 3373 2255 3429 pre-

609 3449 759 3501 tioso
812 3446 1195 3518 maximeque
1253 3446 1505 3518 glorioso
1563 3447 1942 3516 baptismate,
1975 3445 2076 3516 qui
2135 3445 2255 3499 Jor-

607 3535 820 3590 danico
840 3536 1063 3591 ﬂuento
1090 3541 1146 3589 et
1168 3534 1406 3590 lavacro
1431 3535 1563 3589 vitae
1583 3533 1933 3589 immortalis
1960 3532 2137 3589 etiam
2161 3550 2254 3588 su-

606 3638 715 3694 per
770 3626 984 3678 terram
1034 3623 1356 3678 contrivisti
1400 3622 1838 3688 inimicum;tu
1897 3622 2019 3692 ipse
2070 3638 2248 3687 nunc,

608 3709 857 3764 Domine
885 3710 1018 3764 Jesu
1044 3711 1289 3773 Christe,
1322 3710 1553 3781 impera
1609 3710 1832 3764 fontem
1890 3726 2063 3781 aquae
2106 3711 2252 3766 vivae

611 3796 898 3852 scaturire
955 3813 1025 3852 ex
1084 3813 1317 3851 carcere
1371 3797 1505 3867 hoc,
1547 3798 1620 3851 de
1678 3814 1797 3867 qua
1862 3800 2110 3853 exsatier
2143 3816 2155 3863 ;
2192 3806 2253 3853 ut

611 3890 947 3954 agnoscant
972 3886 1185 3951 cuncti,
1218 3901 1338 3940 non
1372 3902 1501 3939 esse
1527 3885 1711 3940 Deum
1738 3885 1919 3941 alium
1944 3892 2154 3956 praeter
2175 3893 2248 3951 te,

612 3974 881 4029 Domine.
912 3976 1069 4028 Hanc
1121 3988 1357 4045 precem
1389 3990 1523 4028 cum
1557 3974 1652 4030 ille
1699 3973 2135 4045 complevisset,
2169 3992 2252 4030 re-

611 4068 787 4135 pente
813 4079 985 4135 aquae
1014 4064 1188 4134 copia
1215 4064 1368 4118 intra
1396 4079 1693 4119 carcerem
1744 4064 2007 4117 manavit
2042 4086 2052 4125 ;
2081 4063 2250 4134 isque

608 4152 810 4221 gratiis
868 4152 1032 4207 actiis
1080 4151 1250 4215 bibit,
1278 4158 1332 4206 et
1388 4152 1726 4219 gloriﬁcans
1773 4156 2064 4217 sanctam,
2112 4167 2250 4206 con-

606 4240 1078 4305 substantialem,
1111 4240 1405 4295 viviﬁcam
1461 4240 1817 4306 Trinitatem,
1851 4240 2026 4311 cmpit
2092 4240 2244 4311 psal-

600 4329 738 4394 lere,
790 4344 860 4384 ac
912 4329 1273 4384 ineffabilem
1335 4327 1429 4383 Dei
1487 4344 1629 4398 erga
1679 4329 1948 4384 homines
1979 4345 2244 4385 amorem

597 4416 869 4472 laudibus
899 4416 1217 4471 celebrare.

666 4611 753 4664 VI.
817 4608 1098 4663 Caeterum
1168 4612 1305 4679 post
1351 4611 1575 4678 septem
1642 4608 1770 4663 illos
1821 4608 1965 4672 dies,
2024 4611 2233 4665 iterum

592 4698 905 4755 mandavit
922 4696 1307 4768 impiissimus
1330 4695 1965 4762 Calvisianus,beatum
1980 4699 2228 4769 Euplum

590 4788 852 4842 vinctum
885 4786 1020 4840 duci
1069 4785 1145 4839 ad
1178 4783 1455 4839 tribunal.
1491 4786 1755 4855 Cumque
1820 4786 2061 4856 profecti
2096 4788 2232 4842 fuis-

592 4882 725 4930 sent
752 4876 1006 4937 lictores,
1044 4879 1098 4927 et
1150 4872 1524 4943 aperuissent
1568 4888 1885 4938 carcerem,
1916 4875 2225 4929 confestim

590 4964 865 5018 viderunt
889 4977 1183 5031 aquarum
1217 4959 1605 5015 afﬂuentiam.
1640 4961 1855 5016 Verum
1880 4962 2093 5018 beatus
2125 4963 2231 5017 Eu-

588 5050 721 5119 plus
743 5065 965 5119 aquam
988 5048 1272 5118 increpuit
1294 5064 1497 5109 manu,
1523 5047 1737 5118 illaque
1758 5049 2016 5103 evanuit.
2038 5052 2227 5114 Quam

585 5150 708 5189 rem
760 5136 817 5189 in
852 5151 1082 5191 carcere
1138 5141 1369 5204 gestam
1417 5134 1608 5189 intuiti
1637 5135 1928 5200 satellites,
1956 5138 2231 5192 dixerunt

585 5220 736 5275 inter
768 5238 829 5275 se
859 5238 873 5277 :
907 5225 1152 5291 Magnus
1183 5228 1266 5277 est
1298 5223 1451 5277 Deus
1487 5222 1746 5277 hominis
1779 5224 1966 5281 istius.
1996 5228 2057 5279 Et
2092 5226 2229 5279 edu-

586 5313 746 5361 ctum
778 5310 1019 5363 Beatum
1045 5326 1075 5365 e
1101 5327 1352 5375 carcere,
1390 5312 1764 5366 adduxerunt
1790 5312 1866 5367 ad
1913 5313 2225 5369 Calvisiani

579 5391 863 5448 tribunal.
894 5395 1003 5457 Qui
1027 5397 1085 5450 in
1136 5399 1349 5455 faciem
1378 5399 1537 5454 beati
1578 5399 1745 5471 Eupli
1802 5400 2004 5455 oculos
2044 5402 2225 5471 conji-

686 5550 701 5584 ¹
731 5547 882 5604 Psal.
914 5564 1115 5617 cxxxv,
1147 5560 1234 5608 25.

2380 1872 2503 1907 πεν’
2578 1854 2786 1929 Ἀφρων
2860 1859 2948 1907 καὶ
3028 1854 3239 1908 ἀσύνετε
3312 1862 3400 1925 καὶ
3490 1856 3640 1928 τυφλε
3713 1864 3778 1928 τῇ
3864 1877 3993 1928 καρα

2382 1939 2493 2016 δίᾳ,
2540 1947 2592 1995 τί
2647 1962 2737 2015 μοι
2788 1942 3036 2016 ἐπιφέρεις
3086 1946 3180 2005 τὰς
3230 1941 3491 2015 βασάνους
3546 1963 3638 1996 σου
3667 1962 3678 2008 ς
3710 1945 3774 1997 Εἰ
3822 1941 3993 1996 δυνα-

2380 2036 2466 2084 τόν
2553 2037 2637 2084 σοί
2716 2031 2876 2098 ἐστιν,
2954 2033 3121 2107 ἐτέρας
3198 2030 3459 2104 βασάνους
3543 2032 3815 2103 ἕπενέγκαι
3903 2054 3992 2104 μοι

2382 2139 2626 2175 σπευσον.

2450 2209 2521 2264 Ε’.
2574 2213 2699 2262 Τότε
2751 2210 3001 2280 θυμωθεὶς
3053 2211 3078 2261 6
3125 2212 3370 2282 τύραννος
3446 2208 3821 2275 Καλϐισιανὸς,
3880 2210 3988 2263 ἐκέ-

2375 2296 2549 2350 λευσεν
2599 2294 2813 2355 δεθῆναι
2864 2301 2950 2349 τόν
3003 2300 3258 2370 μακάριον
3318 2294 3536 2362 Εὖπλεν,
3590 2303 3679 2351 καὶ
3734 2303 3796 2351 τό
3848 2305 3987 2371 μέγα

2374 2387 2637 2459 ἄρχαντον
2680 2385 2983 2457 Εὑαγγελιον
3016 2382 3230 2444 δεθῆναι
3259 2384 3341 2439 ἐπὶ
3374 2391 3459 2438 τόν
3492 2387 3759 2461 τράχηλον
3794 2388 3981 2453 αὑτοῦ,

2373 2480 2460 2526 καὶ
2489 2476 2557 2535 ὡς
2606 2474 2689 2525 ἐπὶ
2734 2473 3089 2545 ἐμπαίγματος
3138 2473 3435 2545 ἀπάγεσθαι
3484 2476 3636 2527 αὑτὸν
3686 2476 3737 2528 ἐν
3770 2485 3847 2547 τῷ
3897 2474 3981 2529 δε-

2375 2567 2680 2633 σμωτηρίῳ.
2713 2562 3038 2623 Εἰσελθόντος
3070 2559 3128 2615 δὲ
3165 2571 3256 2615 τοῦ
3300 2569 3561 2638 μακαρίου
3594 2564 3801 2617 Εὔπλου
3834 2568 3885 2618 ἓν
3918 2575 3978 2639 τῇ

2372 2650 2595 2723 φυλακῇ,
2654 2650 2911 2703 ἐκέλευσεν
2961 2653 2986 2702 6
3042 2651 3382 2712 Καλϐισιανός
3433 2656 3830 2727 σφραγισθῆναι
3888 2661 3981 2712 τήν

2372 2740 2530 2811 θύραν
2585 2746 2676 2790 τοῦ
2733 2736 3097 2812 δεσμωτηρίου
3150 2748 3222 2810 τῷ
3283 2738 3608 2812 δακτυλιδίῳ
3660 2743 3844 2807 αὑτοῦ,
3894 2748 3979 2795 καὶ

2372 2834 2693 2901 στρατιώτας
2750 2827 2988 2899 ἀσφαλῶς
3063 2828 3328 2900 φυλάττειν
3388 2834 3480 2888 τήν
3552 2831 3812 2901 φυλακήν.
3876 2839 3976 2886 Καὶ

2367 2922 2589 2974 ποιήσας
2624 2918 2648 2968 ὁ
2679 2919 2935 2988 μακάριος
2969 2914 3168 2980 Εὑπλ.ος
3214 2916 3262 2969 ἓν
3310 2926 3369 2990 τῇ
3422 2919 3621 2991 φυλακῇ
3671 2920 3807 2972 ἔπτὰ
3848 2924 3971 2993 ἡμέ-

2365 3022 2455 3075 ρας
2481 3009 2569 3056 καὶ
2600 3004 2729 3056 ἐπτὰ
2775 3008 2983 3069 νύκτας,
3019 3002 3290 3076 ἐδίψησεν.
3326 3008 3586 3068 Ἐκτείνας
3632 3004 3693 3060 δὲ
3724 3013 3820 3071 τὰς
3846 3018 3966 3081 χεῖ-

2292 3123 2332 3180 C
2369 3111 2459 3153 οας
2514 3092 2674 3145 αὑτοῦ
2708 3094 2733 3145 6
2779 3095 3041 3167 μακάριος
3084 3090 3277 3155 Εὑπλος
3326 3092 3493 3147 εἶπεν·
3530 3100 3764 3149 Δέσποτα
3816 3102 3969 3169 Κύριε

2364 3181 2541 3238 Ἰησοῦ
2585 3185 2801 3255 Χριστὶ,
2836 3184 2860 3234 6
2893 3181 3134 3243 ἀληθινός
3164 3187 3295 3245 Θεὸς
3339 3186 3507 3255 ἡμῶν,
3544 3187 3570 3236 6
3621 3182 3798 3245 διδούς
3844 3207 3961 3261 τρο-

2364 3273 2463 3340 φήν
2491 3272 2634 3341 πάσῃ
2671 3274 2848 3343 σαρκὶ,
2883 3272 2908 3322 6
2954 3268 3047 3322 διὰ
3076 3276 3336 3334 Μωὺσέως
3387 3280 3480 3325 τοῦ
3528 3275 3821 3345 θεράποντός
3854 3295 3959 3327 σου

2365 3354 2542 3417 δώσας
2580 3358 2882 3429 πλησμονήν
2913 3356 3120 3411 ὑδάτων
3150 3368 3259 3421 τοῖς
3290 3363 3426 3422 υἱοῖς
3456 3362 3689 3435 Ἰσραήλ,
3721 3364 3743 3414 6
3774 3360 3955 3437 δροσί-

2366 3464 2457 3504 σας
2487 3449 2572 3496 τὸν
2609 3445 2833 3516 Σαμψὼν
2862 3444 3023 3500 ὑδατι
3066 3446 3121 3499 ἐκ
3167 3454 3422 3519 σιαγόνος,
3456 3451 3483 3501 6
3533 3450 3781 3521 εὐφράνας
3824 3454 3960 3523 ἡμᾶς

2362 3540 2432 3601 τῷ
2456 3538 2611 3604 τιμίῳ
2642 3539 2731 3585 καὶ
2758 3533 3079 3608 ὑπερενδόξῳ
3110 3534 3465 3609 βαπτίσματι,
3499 3541 3525 3590 6
3567 3547 3639 3608 τῷ
3669 3537 3957 3613 Ἰορδανείῳ

2358 3620 2545 3693 ῥείθρῳ
2593 3627 2682 3674 καὶ
2727 3622 2925 3697 λουτρῷ
2974 3633 3067 3686 τῆς
3115 3622 3371 3677 ἀθανάτου
3420 3629 3555 3688 ζωῆς
3600 3633 3691 3680 καὶ
3742 3628 3824 3681 ἐπὶ
3866 3639 3955 3701 γῆς

2360 3711 2448 3769 τὸς
2498 3708 2764 3781 ἀλλότριον
2835 3712 3152 3785 συντρίψας
3225 3719 3315 3766 καὶ
3396 3722 3483 3766 νῦν
3560 3716 3741 3783 αὑτός,
3806 3722 3949 3791 Κύριε

2362 3798 2535 3854 Ἰησοῦ
2566 3803 2783 3873 Χριστε,
2809 3801 3047 3853 κελευσον
3096 3800 3150 3852 ἐκ
3194 3810 3284 3854 τοῦ
3330 3798 3698 3877 δεσμωτηρίου
3750 3810 3943 3874 τούτου,

2356 3883 2545 3947 ὓδατος
2599 3894 2770 3959 πηγήν
2828 3893 3015 3951 ζῶντος
3071 3888 3338 3956 ἐκϐλύσαι,
3398 3896 3487 3942 καὶ
3543 3891 3597 3955 ἐξ
3656 3894 3821 3946 αὑτοῦ
3873 3899 3949 3967 ἑμ-

2358 3973 2655 4032 πλησθῆναί
2698 3996 2779 4046 με,
2828 3978 2910 4029 ἶνα
2958 3986 3123 4047 γνῶσι
3166 3982 3350 4040 πάντες
3393 3981 3473 4031 ὅτι
3522 3981 3617 4032 οὑκ
3666 3984 3784 4033 ἔστι
3828 3988 3950 4044 Θεὸς

2356 4060 2506 4123 ἄλλος
2551 4062 2682 4121 πλὴν
2729 4073 2841 4129 σου,
2880 4069 3052 4138 Κύριε.
3092 4072 3188 4120 Καὶ
3236 4067 3608 4140 πληρώσαντος
3659 4070 3823 4122 αὑτοῦ
3862 4078 3945 4129 τήν

2355 4149 2518 4221 εὐχήν
2570 4155 2781 4219 ταύτην,
2833 4156 2973 4223 ἄφνω
3028 4153 3239 4213 ἀνῆλθεν
3290 4156 3562 4228 πλησμονή
3622 4155 3816 4219 ὑδατος
3874 4165 3946 4213 ἔν-

2354 4235 2501 4291 δοθεν
2548 4247 2642 4301 τῆς
2697 4241 2945 4312 φυλακῆς.
3007 4249 3104 4295 Καὶ
3181 4244 3576 4315 εὐχαριστήσας
3627 4249 3797 4299 ἔπιεν
3858 4254 3943 4301 καὶ

2354 4324 2579 4391 δοξάσας
2605 4334 2698 4387 τήν
2729 4330 2877 4401 ἁγίαν
2903 4336 2991 4383 καὶ
3022 4334 3294 4402 όμοούσιον
3324 4339 3413 4386 καὶ
3443 4334 3683 4396 ξωοποιόν
3709 4335 3932 4405 Τριάδα,

2348 4416 2539 4488 ἤρξατο
2590 4418 2797 4488 ψάλλειν
2855 4425 2944 4471 καὶ
2990 4420 3143 4472 αἰνεῖν
3192 4426 3286 4479 τήν
3317 4424 3515 4495 ἄφατον
3565 4422 3710 4474 αὑτοῦ
3752 4423 3930 4493 φιλαν-

2349 4507 2599 4577 θρωπίαν.

2433 4605 2523 4677 ς’.
2564 4617 2661 4665 Καὶ
2705 4615 2834 4683 μετά
2872 4615 2965 4673 τὰς
3013 4614 3139 4666 ἔπτά
3186 4618 3401 4686 ἡμέρας,
3438 4617 3667 4671 ἐκέλευσε
3712 4618 3865 4671 πάλιν
3911 4621 3935 4671 6

2344 4697 2682 4760 ἀσεϐέστατος
2766 4700 3129 4765 Καλϐισιανός,
3217 4700 3435 4775 δέσμιον
3521 4711 3606 4757 τὸν
3683 4712 3939 4781 μακάριον

2340 4784 2534 4841 Εὑπλον
2614 4788 2845 4859 ἀχθῆναι
2902 4793 3183 4863 ἔμπροσθεν
3266 4801 3357 4844 τοῦ
3439 4792 3686 4866 βήματος
3759 4798 3935 4850 αὑτοῦ.

2340 4874 2682 4929 Ἀπελθόντων
2738 4874 2797 4929 δε
2844 4886 2942 4928 τῶν
2999 4880 3284 4952 ὑπηρετῶν,
3336 4886 3425 4933 καὶ
3484 4880 3798 4945 ἀνοιξάντων
3851 4890 3937 4943 τήν

2340 4964 2588 5034 φυλακὴν,
2648 4967 2787 5037 ἄφνω
2844 4962 2980 5018 εἶδον
3054 4972 3141 5025 τήν
3206 4971 3516 5040 πλησμονήν
3571 4980 3666 5024 τοῦ
3725 4970 3932 5034 ὕδατος.

2336 5053 2677 5125 Ἐπιτιμήσας
2707 5051 2764 5105 δὲ
2812 5059 2869 5105 τό
2902 5051 3045 5127 ὕδωρ
3095 5057 3120 5105 6
3149 5059 3403 5131 μακάριος
3450 5055 3647 5121 Εὑπλος
3705 5070 3765 5132 τῇ
3801 5069 3941 5137 χειρὶ

2338 5140 2517 5206 αὑτοῦ,
2564 5140 2747 5212 ἀφανὲς
2790 5141 2998 5211 ἐγένετο.
3047 5140 3267 5205 Ἰδόντες
3312 5142 3372 5198 δε
3416 5152 3474 5198 τό
3522 5153 3735 5219 γεγονὸς
3780 5150 3831 5201 ἓν
3880 5160 3937 5223 τῇ

2338 5226 2534 5298 φυλακῇ
2596 5232 2644 5279 οἱ
2713 5230 2985 5301 ὑπηρέται,
3048 5231 3113 5290 εἰς
3189 5232 3439 5296 ἀλλήλους
3496 5236 3706 5307 ἔλεγον·
3768 5244 3941 5307 Μέγας

2336 5314 2478 5366 ἐστὶν
2518 5318 2542 5367 6
2589 5320 2718 5375 Θεὸς
2760 5325 2851 5369 τού
2894 5316 3163 5388 ἀνθρώπου
3210 5324 3417 5375 τούτου.
3470 5330 3570 5376 Καὶ
3615 5326 3941 5400 παραλαϐόν-

2336 5421 2419 5464 τες
2455 5407 2539 5455 τὸν
2570 5406 2823 5477 μακάριον
2855 5403 2909 5456 ἐκ
2951 5414 3042 5458 τοῦ
3090 5404 3483 5481 δεσμωτηρίου,
3511 5416 3738 5485 ἤνεγκαν
3787 5416 3941 5470 αὑτὸν

1344 5558 1365 5590 ³
1398 5557 1580 5610 Exod.
1616 5573 1748 5621 xvn,
1779 5559 1833 5612 6.
1867 5563 1887 5593 ³
1913 5559 2104 5613 Judic.
2136 5575 2230 5625 xv,
2264 5563 2345 5615 l9.
