4144 6258
244 306 350 363 529

1423 310 1682 369 ORATIO
1723 311 1813 368 DE
1853 310 2133 370 SANCTA
2171 316 2421 375 MARlA.

3495 321 3602 376 530

241 433 532 504 ἔμπροσθεν
615 439 706 484 τοῦ
775 430 1018 504 βήματος
1074 432 1445 490 Καλϐισιανοῦ.
1504 442 1604 490 Καὶ
1669 435 1820 508 ίμϐλέη

1953 436 2162 497 ciens:
2234 441 2450 497 Saltem
2506 457 2685 513 nunc,
2741 442 2949 515 inquit,
3011 443 3282 501 sacriﬁca
3341 444 3455 500 diis
3490 461 3605 501 no-

240 519 347 591 φας
414 521 481 581 εἰς
536 524 593 572 τὸ
646 526 924 595 πρόσωπον
963 529 1055 573 τοῦ
1101 528 1362 596 μακαρίου
1426 524 1625 577 Εῦπλου
1672 523 1830 577 εἶπεν·

244 611 351 662 Κοίν
390 617 477 660 νῦν
528 611 685 661 θῦσον
732 616 839 671 τοῖς
895 612 1027 671 θεοῖς
1075 611 1239 681 ἡμῶν,
1298 615 1396 683 πρὸ
1449 621 1539 664 τοῦ
1588 621 1659 682 τῷ
1710 612 1842 684 ξίφει

243 716 300 749 σε
332 696 678 755 ἀναλωθῆναι.
710 696 768 749 Ὀ
817 694 876 749 δε
929 698 1079 769 ἅγιος
1132 695 1325 759 Εὗπλος
1372 696 1525 754 εἶπεν.
1572 703 1841 772 Παράνομε

238 790 327 837 καὶ
358 785 511 857 τυφλε
550 793 610 857 τῇ
662 783 879 859 καρδία,
927 786 1117 858 ἕργάτα
1164 795 1254 839 τοῦ
1286 784 1554 857 διαϐόλου,
1598 793 1687 841 καὶ
1721 793 1840 841 σύν-

242 876 386 948 θρονε
437 874 618 939 αὐτοῦ,
686 880 765 936 τίς
822 881 989 949 παρεᾴ
1040 879 1098 926 τὸ
1157 885 1260 947 φῶς
1325 885 1414 937 τῆς
1467 880 1683 951 ἡμέρας,
1747 884 1836 929 καὶ

238 967 511 1037 πορεύεται
558 961 606 1014 ἓν
663 971 718 1035 τῇ
764 968 949 1035 σκοτίᾳ
982 980 996 1028 ;
1028 970 1207 1016 Ταῦτα
1248 961 1335 1016 οὖν
1392 966 1615 1027 ἀκούσας
1650 966 1835 1019 Καλϐι·

241 1057 419 1113 σιανός
478 1054 503 1103 ὁ
558 1055 822 1127 τύραννος,
895 1051 1188 1125 ἐταράχθη,
1248 1060 1336 1105 καὶ
1418 1054 1646 1107 ἐκέλευσε
1726 1064 1833 1117 τοῖς

238 1141 523 1214 ὑπηρέταις
606 1141 766 1191 αὑτοῦ
820 1137 1035 1199 δεθῆναι
1101 1148 1186 1193 τὸν
1270 1145 1526 1214 μακάριον
1612 1140 1828 1209 Εὖπλον,

236 1233 325 1280 καὶ
385 1226 633 1301 σιδηραῖς
696 1228 917 1299 ὀγκίνοις
965 1232 1056 1291 τὰς
1124 1227 1285 1290 ἀκοὰς
1352 1231 1644 1290 πιέζεσθαι.
1730 1237 1830 1284 Καὶ

232 1317 453 1387 ἄγουσιν
528 1317 683 1369 αὐτὸν
741 1315 822 1369 ἐπὶ
865 1321 921 1368 τὸ
985 1316 1154 1389 βῆμα·
1214 1323 1304 1369 καὶ
1362 1321 1606 1389 συνήχθη
1656 1325 1753 1378 πᾶς
1805 1321 1831 1369 ὁ

230 1404 354 1467 λαός
402 1414 501 1455 τῶν
553 1424 607 1456 τε
657 1413 857 1457 πιστῶν
909 1425 999 1457 και
1046 1404 1301 1465 ἀπίστων,
1360 1406 1429 1466 ὡς
1485 1406 1567 1458 ἐπὶ
1597 1412 1830 1478 μεγίστῳ

233 1495 471 1565 θεάματι.
548 1492 608 1546 Ὀ
685 1493 744 1546 δι
808 1492 1146 1554 ἀσεϐέστατος
1202 1493 1544 1555 Καλϐισιανός
1600 1494 1829 1547 ἐκέλευσε

230 1584 442 1640 τεθῆναι
486 1586 572 1634 τὸν
614 1584 788 1655 θρόνον
833 1583 989 1635 αὐτοῦ
1039 1581 1261 1638 πλησίον
1310 1590 1403 1643 τῆς
1458 1582 1689 1654 φυλακῆς
1734 1586 1828 1653 ἔμ-

229 1674 449 1744 προσθεν
507 1679 599 1723 τοῦ
653 1670 870 1742 λουτροῦ
916 1679 1006 1723 τοῦ
1053 1674 1191 1730 ὄντος
1237 1669 1459 1728 πλησίον
1490 1671 1653 1731 αὐτῆς
1690 1673 1825 1722 κατὰ

1953 526 2106 593 stris,
2122 535 2438 600 antequam
2453 531 2651 600 gladio
2664 531 2999 602 perimaris.
3020 533 3343 603 Respondit
3356 540 3597 589 sanctus

1951 614 2169 686 Euplus
2190 634 2203 671 :
2224 618 2519 690 Improbe,
2538 635 2693 674 caece
2710 618 3183 684 corde,minister
3204 620 3423 675 diaboli
3439 622 3594 691 ejus-

1948 718 2063 771 que
2086 705 2241 759 socie
2270 706 2326 760 in
2362 706 2527 773 solio,
2564 707 2693 777 quis
2720 706 2841 761 diei
2868 707 3068 761 lumen
3100 706 3402 779 relinquit,
3439 713 3503 763 ut
3533 709 3592 765 in

1948 792 2205 846 tenebris
2220 794 2521 851 ambulet?
2541 794 2632 849 His
2652 795 2869 849 auditis
2898 794 3262 849 Calvisianus
3281 802 3589 866 tyrannus,

1945 888 2280 937 commotus
2332 889 2437 950 est,
2472 899 2539 937 ac
2571 882 2780 938 indixit
2836 882 3121 937 ministris
3168 884 3312 947 suis,
3346 883 3588 940 beatum

1944 968 2198 1040 Euplum
2238 970 2427 1038 ligari,
2461 977 2637 1042 atque
2690 970 2890 1026 ferreis
2948 971 3178 1025 uncinis
3234 987 3408 1027 aures
3460 972 3586 1043 ejus

1942 1058 2245 1112 contundi.
2274 1060 2502 1113 Ducunt
2528 1075 2666 1128 ergo
2696 1059 2861 1113 illum
2884 1059 2961 1114 ad
2990 1059 3276 1114 tribunal:
3312 1062 3589 1116 convenit

1942 1158 2081 1199 vero
2114 1146 2421 1201 universus
2448 1148 2705 1219 populus
2728 1152 2851 1202 tam
2880 1147 3147 1201 fidelium
3169 1163 3353 1218 quam
3379 1148 3584 1204 inﬁde-

1940 1232 2104 1297 lium,
2132 1236 2305 1304 quasi
2328 1235 2405 1288 ad
2438 1236 2767 1289 maximum
2799 1234 3226 1305 spectaculum.
3254 1240 3323 1290 At
3362 1236 3584 1306 impiis-

1940 1320 2125 1375 simus
2156 1321 2524 1377 Calvisianus
2555 1323 2736 1377 voluit
2778 1322 2991 1377 solium
3039 1338 3217 1377 suum
3250 1323 3389 1393 poni
3414 1324 3585 1393 juxta

1940 1425 2257 1474 carcerem,
2313 1427 2516 1465 coram
2562 1410 2798 1467 lavacro
2857 1411 3021 1482 quod
3077 1411 3295 1466 carceri
3351 1412 3584 1482 adjacet

1939 1513 2141 1551 versus
2174 1499 2501 1554 meridiem.
2536 1500 2805 1571 Cumque
2831 1499 3077 1555 sedisset
3117 1516 3297 1570 super
3325 1499 3579 1571 impium

1936 1585 2148 1640 solium
2174 1603 2371 1652 suum,
2395 1588 2572 1657 jussit
2600 1588 2843 1644 beatum
2876 1588 3125 1658 Euplum
3158 1589 3350 1659 capite
3414 1594 3581 1642 trun-

1934 1674 2074 1729 cari.
2113 1673 2211 1729 Hic
2235 1691 2373 1730 vero
2409 1678 2660 1748 impium
2699 1677 2953 1732 maxime
2984 1677 3293 1747 praesidem
3323 1675 3572 1745 rogavit,

226 1762 579 1833 μεσημϐρίαν.
630 1764 728 1813 Καὶ
758 1762 1093 1821 καθεσθέντος
1135 1760 1295 1811 αὐτοῦ
1335 1758 1411 1811 ἰπὶ
1460 1768 1551 1812 τοῦ
1605 1759 1820 1821 ἀσεϐοῦς

1934 1767 1996 1815 ut
2025 1763 2311 1832 temporis
2338 1764 2713 1818 intervallum
2742 1764 2855 1834 ipsi
2877 1764 2951 1818 ad
2981 1763 3345 1834 precandum
3370 1778 3576 1818 conce-

230 1848 390 1901 αὖτοῦ
442 1851 642 1921 θρόνου,
697 1848 952 1901 ἐκέλευσεν
1004 1848 1482 1920 ἀποκεφαλισθῆναι
1511 1852 1596 1900 τὸν
1644 1851 1820 1920 μακά-

224 1956 335 2012 ριον
396 1938 611 1993 Εὖπλον.
667 1937 728 1990 Ὀ
785 1934 844 1989 δέ
897 1940 1152 2009 μακάριος
1234 1932 1428 1997 Εὖπλος
1505 1937 1821 2012 παρεκάλεσε

225 2029 312 2078 τὸν
370 2025 715 2079 ἀσεϐέστατον
774 2024 1141 2089 Καλϐισιανόν,
1194 2024 1365 2077 λαϐεῖν
1420 2026 1572 2078 αὐτὸν
1616 2022 1819 2098 διορίαν

222 2122 314 2166 τοῦ
353 2116 764 2188 προσεύξασθαι.
830 2120 927 2168 Καὶ
984 2114 1194 2176 ἀνοίξας
1222 2118 1281 2166 τὸ
1316 2115 1463 2186 ἅγιον
1510 2114 1818 2186 Εὐαγγίλιωι

220 2209 312 2254 τοῦ
366 2210 520 2267 Θεοῦ,
578 2202 771 2277 ἤρξατο
852 2202 1173 2274 ἁναγγέλλειν
1246 2204 1338 2264 τὰς
1396 2204 1818 2276 θαυματουργίας

214 2298 308 2342 τοῦ
359 2295 553 2364 Κυρίου
631 2293 775 2363 ἡμῶν
836 2292 1013 2348 Ἰησοῦ
1066 2298 1315 2364 Χριστοῦ.
1376 2297 1475 2343 Καὶ
1537 2291 1714 2343 πολλοὶ
1765 2290 1819 2342 ἔκ

216 2386 308 2432 τοῦ
362 2379 524 2449 ὄχλου
573 2377 937 2450 ἔφωτίσθησαν
988 2376 1061 2430 δι’
1114 2379 1298 2432 αὐτοῦ.
1357 2385 1457 2431 Καὶ
1493 2383 1623 2451 μετά
1656 2387 1819 2431 ταῦτα

217 2468 643 2542 προσευξάμενος,
699 2471 892 2526 ἤκουσε
937 2474 1107 2539 φωνῆς
1167 2466 1220 2529 ἐξ
1268 2466 1485 2539 οὐρανοῦ
1542 2466 1812 2537 λεγούσης-

1930 1848 2185 1904 deretur.
2216 1851 2431 1916 Quare,
2463 1857 2661 1922 aperto
2688 1858 2889 1907 sancto
2920 1852 3021 1905 Dei
3054 1851 3393 1920 Evangelio,
3420 1866 3575 1921 prae-

1928 1938 2128 1993 dicare
2156 1939 2335 2009 cmpit
2374 1939 2601 1995 Domini
2632 1941 2814 1995 nostri
2843 1941 2977 1994 Jesu
3005 1938 3214 1994 Christi
3260 1939 3568 2004 miracula,

1928 2026 2075 2081 adeo
2098 2033 2159 2081 ut
2188 2044 2219 2082 e
2242 2027 2412 2098 plebe
2466 2028 2635 2083 multi
2667 2043 2769 2098 per
2794 2043 2931 2082 eum
2978 2026 3290 2081 illuminati
3332 2026 3567 2081 fuerint.

1926 2113 2135 2170 Postea
2151 2130 2288 2170 cum
2310 2126 2559 2180 orasset,
2579 2115 2801 2170 audivit
2824 2130 3022 2170 vocem
3040 2130 3071 2168 e
3088 2114 3233 2170 coelo
3257 2114 3525 2169 dicenten
3552 2132 3565 2169 :

1931 2203 2090 2257 Bono
2152 2203 2235 2258 sis
2268 2205 2488 2268 animo,
2524 2204 2699 2275 Euple
2730 2226 2742 2269 ;
2772 2204 2981 2258 beatus
3033 2219 3095 2257 es
3154 2208 3214 2256 tu
3246 2218 3260 2267 ;
3293 2202 3445 2267 veni,
3479 2218 3569 2257 re-

1926 2291 2163 2362 quiesce
2194 2307 2331 2345 cum
2370 2291 2440 2346 iis
2470 2293 2572 2363 qui
2597 2291 2673 2347 ab
2713 2290 2880 2347 initio
2905 2292 3213 2362 hucusque
3259 2289 3401 2345 mihi
3450 2288 3573 2360 pla-

1927 2384 2194 2435 cuerunt.
2236 2379 2499 2435 Tandem
2550 2386 2791 2451 accepta
2831 2378 3140 2442 sententia,
3172 2394 3277 2450 per
3308 2377 3572 2447 gladium

1927 2468 2214 2539 martyrio
2242 2474 2699 2523 consummatus
2733 2472 2843 2523 est.

216 2559 438 2628 Θάρσει,
472 2556 653 2610 Εὗπλε·
698 2562 785 2609 καὶ
831 2558 1082 2629 μακάριος
1114 2553 1160 2609 εἶ
1190 2559 1275 2607 σύ·
1312 2551 1487 2630 δεῦρό,
1518 2555 1850 2607 ἑπαναπαύου
1881 2556 2013 2626 μετὰ
2038 2564 2135 2606 τῶν
2176 2554 2267 2607 ἀπ’
2302 2556 2480 2617 αἰῶνος
2511 2557 2957 2627 εὐαρεστητάντων
3005 2574 3114 2628 μοι.
3146 2556 3251 2610 Καὶ
3278 2553 3446 2607 λαϐὼν
3479 2559 3570 2613 τὴν

216 2643 499 2717 ἀπόφασιν,
528 2644 788 2702 ἐτελειώθη
824 2642 917 2697 διὰ
944 2653 1035 2697 τοῦ
1067 2644 1262 2717 ξίφους.

283 2733 359 2785 Ζ’.
408 2738 552 2796 Τινες
609 2731 667 2787 δε
715 2743 815 2785 τῶν
868 2733 1225 2806 φιλοχρίστων
1275 2742 1520 2804 μοναχῶν
1568 2731 1807 2791 λαϐόντες

1991 2731 2102 2786 VII.
2124 2733 2379 2797 Quidam
2401 2748 2539 2787 vero
2561 2748 2591 2788 e
2612 2732 2821 2788 Christi
2843 2731 3212 2789 amatoribus
3232 2731 3567 2803 monachis,

211 2825 271 2875 τὸ
324 2828 494 2895 τίμιον
557 2823 716 2874 αὐτοῦ
764 2821 1024 2892 λείψανον,
1084 2823 1354 2873 κατέθεντο
1406 2821 1531 2872 αὐτὸ
1589 2820 1636 2870 ἓν
1703 2820 1810 2871 ἐπι-

1931 2822 2211 2890 pretiosas
2244 2824 2373 2891 cjus
2404 2820 2685 2892 reliquias
2727 2821 3019 2886 collectas,
3054 2820 3460 2891 deposuerunt
3507 2820 3567 2874 in

213 2916 369 2982 σὴμῳ
433 2915 597 2981 τόπῳ,
658 2909 705 2961 ἐν
862 2909 1057 2979 ἰάματα
1110 2907 1478 2960 ἔπιτελοῦνται.
1508 2908 1807 2964 Ἐτελειώθη

214 2994 275 3051 δε
329 2998 488 3050 αὐτοῦ
536 3000 565 3056 ἡ
622 3002 883 3071 μαρτυρία
932 2996 980 3048 ἐν
1038 2996 1168 3068 καλῇ
1226 2995 1476 3067 ὁμολογίᾳ
1527 3000 1653 3066 μηνὶ
1714 2995 1812 3047 Αὐ-

208 3090 424 3159 γούστῳ
464 3082 735 3159 δωδεκάτη
788 3084 836 3137 ἕν
889 3093 961 3155 τῷ
1022 3085 1236 3156 ὀνόματι
1291 3092 1380 3137 τοῦ
1433 3089 1625 3158 Κυρίου
1667 3085 1812 3155 ἡμῶν

208 3175 391 3233 Ἰησοῦ
443 3183 696 3247 Χριστοῦ,
808 3177 837 3233 ἠ
891 3171 1023 3236 δόξα
1079 3179 1168 3225 καὶ
1221 3177 1279 3225 τὸ
1327 3175 1537 3245 κράτος,
1601 3177 1694 3224 σὺν
1741 3182 1813 3243 τῷ

207 3270 381 3336 Πατρὶ
410 3269 499 3316 καὶ
524 3271 596 3333 τῷ
629 3262 760 3335 ἁγίῳ
790 3265 1071 3334 Πνεῦματι,
1103 3270 1189 3313 νῦν
1241 3266 1329 3314 καὶ
1362 3261 1438 3315 ἀεὶ
1473 3267 1562 3314 καὶ
1594 3262 1665 3323 εὶς
1698 3267 1814 3324 τοὺς

208 3354 402 3416 αἰῶνας
428 3360 526 3405 τῶν
563 3352 780 3405 αἰώνων.
805 3352 989 3423 ’Δμήν.

1920 2906 2051 2962 loco
2067 2909 2283 2975 insigni
2302 2909 2433 2969 :fubi
2450 2910 2796 2964 morborum
2826 2908 3159 2965 curationes
3176 2914 3564 2980 peraguntur.

1923 2996 2099 3049 Porro
2121 2997 2169 3064 ej
2182 3012 2250 3049 us
2268 2996 2618 3067 martyrium
2640 2997 2698 3051 in
2713 2996 3001 3067 praeclara
3013 2995 3387 3051 confessione
3404 3012 3565 3052 com-

1924 3083 2146 3154 pletum
2174 3083 2282 3138 fuit
2306 3084 2659 3139 duodecimo
2684 3085 2778 3140 die
2812 3086 3030 3140 mensis
3052 3085 3297 3154 Augusti
3332 3107 3343 3150 ;
3377 3087 3437 3139 in
3464 3100 3567 3140 no-

1927 3171 2085 3226 mine
2110 3171 2341 3225 Domini
2359 3171 2543 3225 nostri
2563 3173 2707 3226 Jesu
2719 3174 2949 3241 Christi,
2972 3174 3064 3228 cui
3083 3173 3268 3242 gloria
3289 3188 3358 3229 ac
3385 3173 3569 3244 impe-

1924 3259 2102 3323 rium,
2136 3274 2274 3313 cum
2302 3258 2465 3314 Patre
2493 3267 2770 3315 etsancto
2792 3260 3028 3329 Spiritu,
3064 3276 3220 3315 nunc
3246 3266 3299 3315 et
3331 3275 3566 3331 semper

1924 3356 1981 3405 et
2005 3350 2065 3405 in
2090 3347 2312 3404 saecula
2339 3349 2721 3404 saeculorum.
2754 3351 2966 3405 Amen.

1688 3693 2101 3780 ORATIO

394 3929 555 3999 Quae
586 3924 1272 3987 tractatavenerando
1299 3926 1471 3999 ortu_
1480 3928 1542 3999 et
1573 3924 1957 3999 educatione
1985 3926 2419 3999 sanctissimae
2452 3925 2746 3983 Dominae
2780 3926 3039 3985 Nostris
3072 3926 3390 3998 Deiparae,

1427 3996 1505 4054 Et
1538 3999 1685 4054 ortu
1718 3996 1957 4055 Christi
1990 3997 2104 4055 Dei
2138 3997 2365 4061 nostri,

892 4067 969 4125 Et
1001 4079 1405 4138 quaecunque
1435 4068 1853 4140 contigerunt
1889 4069 1969 4126 ad
2000 4068 2330 4140 viviﬂcum
2357 4067 2506 4140 ejus
2527 4068 2888 4140 decessum.

713 4140 793 4198 Et
826 4137 1146 4209 praeterea
1176 4140 1496 4208 quomodo
1526 4139 1590 4195 in
1623 4137 1920 4208 apertum
1949 4139 2200 4209 prolata
2231 4138 2315 4209 sit
2350 4137 2635 4209 pretiosa
2666 4137 2807 4208 ejus
2846 4137 3071 4209 vestis.

750 4207 843 4270 Εἴ
864 4207 1403 4283 quemadmodum
1434 4210 1535 4267 hae
1561 4207 1821 4280 magnae
1851 4222 2005 4277 Opes
2036 4208 2216 4264 fuere
2242 4207 2630 4264 Christianis
2661 4207 3039 4266 reconditae.

374 4336 685 4395 Auctore
713 4334 1054 4405 Symeone
1088 4330 1589 4401 Metaphraste,
1624 4332 1736 4402 qut
1763 4330 2352 4403 gravissimorum
2384 4328 2693 4386 Patrum
2716 4328 2954 4388 utitur
2987 4330 3404 4392 testimoniis

216 4510 391 4576 (Apud
412 4510 626 4561 Surium
655 4508 726 4560 ad
747 4508 887 4557 diem
902 4509 974 4576 _15
1002 4506 1252 4576 Augusti.
1290 4531 1349 4541 -
1370 4504 1690 4576 Fragmenta
1717 4506 1898 4576 Graeca
1912 4505 2172 4576 nonnulla
2207 4506 2532 4576 subjecimus
2566 4520 2687 4576 qum
2720 4510 2930 4576 exstant
2959 4509 3012 4557 in
3057 4509 3255 4560 Catena
3288 4512 3356 4561 ad
3412 4510 3568 4563 Lucas

898 4568 1247 4632 Evangelium
1276 4580 1439 4631 quam
1470 4566 1634 4616 edidit
1663 4569 1805 4618 card.
1837 4569 1977 4631 Aug.
2019 4568 2129 4619 Mai
2157 4568 2212 4618 in
2244 4566 2373 4622 Vri'r.
2409 4566 2601 4623 Scanrr'.
2636 4572 2765 4619 tom.
2794 4570 2880 4619 IX.
2906 4572 2920 4632 )

282 4919 325 4975 Ι.
369 4915 692 4990 Oportebat
730 4928 937 4970 revera
976 4910 1294 4981 Virginem,
1348 4909 1499 4966 sicut
1551 4909 1682 4982 ipsa
1714 4910 1812 4966 Dei
1845 4910 1890 4965 D
1918 4925 2055 4982 que,
2092 4909 2210 4965 Filii
2237 4911 2453 4966 cedens
2491 4909 2737 4981 legibus,
2767 4914 3004 4980 gratum
3034 4911 3248 4968 habere
3280 4913 3359 4980 id,
3392 4918 3557 4989 quod

210 5005 580 5073 ad'homines
599 5001 828 5058 venturi
848 5001 1084 5056 inventa
1103 5004 1193 5055 est
1212 4999 1461 5069 dignum
1475 5005 1528 5054 et
1548 5001 1663 5054 Deo
1675 5014 1811 5054 con-

216 5096 463 5153 veniens
504 5090 937 5155 habitaculum,
967 5089 1049 5145 ita
1073 5104 1232 5142 nunc
1260 5087 1425 5143 illam
1448 5086 1526 5142 ad
1553 5087 1810 5142 encomii

213 5185 641 5255 argumentum
673 5179 845 5236 nobis
876 5177 1263 5249 propositum,
1279 5175 1523 5247 dignam
1542 5176 1807 5245 linguam

210 5291 340 5331 esse
365 5276 776 5333 consecutam,
794 5282 930 5338 quae
949 5281 1038 5321 res
1057 5267 1185 5335 ejus
1209 5264 1507 5333 eleganter
1524 5269 1808 5331 narraret,

212 5368 268 5419 et
299 5359 763 5418 convenientem
787 5354 1090 5411 eilaudem
1124 5352 1373 5408 afferret.
1391 5353 1501 5407 Sed
1524 5352 1809 5424 quoniam

215 5466 335 5524 quo
364 5450 483 5505 hoc
514 5452 601 5502 est
622 5445 840 5515 majus,
864 5458 935 5499 eo
966 5440 1261 5497 difﬁcilius
1287 5440 1569 5512 explicari
1598 5446 1806 5511 potest,

218 5555 327 5612 pro
348 5536 577 5594 viribus
600 5534 810 5590 saltem
839 5529 1019 5588 alacri
1039 5530 1241 5586 animo
1263 5527 1466 5584 danda
1494 5534 1584 5585 est
1604 5545 1807 5601 opera,

224 5632 287 5685 ut
303 5632 577 5685 texamus
598 5622 727 5694 ejus
753 5619 1181 5677 laudationem.
1202 5617 1319 5674 Scit
1338 5617 1495 5673 enim
1510 5618 1642 5689 ipsa
1664 5633 1808 5690 quo—

1918 4998 1983 5054 fit
2025 5013 2133 5069 pro
2181 4998 2424 5054 viribus.
2461 4998 2784 5055 Dicendum
2831 5004 2919 5054 est
2959 5014 3120 5068 ergo,
3155 5004 3212 5055 et
3249 5002 3561 5074 diligenter

1918 5086 2302 5152 narrandum,
2322 5092 2379 5142 et
2410 5087 2567 5143 unde
2588 5092 2715 5143 orta
2737 5087 2827 5153 sit,
2859 5103 3013 5160 quos
3038 5097 3311 5158 parentes
3335 5092 3561 5153 habue-

1918 5175 2008 5240 rit,
2064 5175 2257 5247 deque
2309 5175 2660 5232 educatione
2705 5176 2852 5246 ejus,
2902 5180 2957 5231 et
3016 5176 3135 5232 ﬁne
3193 5180 3373 5236 vitae:
3416 5185 3562 5256 quin

1892 5264 2096 5319 etiam
2127 5280 2497 5336 quaecunque
2523 5264 2600 5319 illi
2630 5264 3005 5333 contigerunt
3035 5280 3105 5320 ex
3136 5266 3338 5325 divina
3369 5270 3563 5331 Provi-

1916 5352 2118 5408 dentia
2142 5358 2199 5407 et
2250 5354 2482 5408 arcanis
2529 5352 2871 5408 rationibus.
2898 5353 3067 5418 Quod
3124 5354 3173 5409 si
3218 5358 3409 5415 oratio
3440 5362 3559 5420 alia

1915 5456 2156 5515 quoque
2193 5440 2659 5511 comprehendit,
2688 5445 2745 5495 et
2782 5442 3114 5498 necessario
3160 5449 3554 5519 persequitur,

1915 5545 2035 5586 non
2090 5535 2176 5584 est
2226 5545 2262 5583 a
2306 5529 2532 5584 ratione
2592 5528 2872 5596 alienum,
2927 5530 3092 5602 quod
3149 5530 3374 5590 factum
3423 5547 3506 5597 est
3535 5566 3548 5616 ς

1915 5618 2115 5674 omnia
2134 5619 2294 5674 enim
2311 5616 2389 5675 ad
2414 5632 2549 5674 eam
2567 5616 2918 5685 referuntur,
2936 5619 3183 5693 ejusque
3207 5628 3345 5678 sunt
3359 5623 3547 5695 gloria
