4144 6258
512 277 609 331 531

1862 253 2119 313 MENSIS
2158 252 2441 309 AUGUST
2451 254 2555 310 US.

3851 248 3972 303 532

516 404 572 454 et
601 395 895 453 encomia.
931 394 1196 459 Quorum
1230 388 1491 445 narratio
1520 401 1639 440 non
1675 382 1975 439 eritnobis
2031 381 2157 434 abs-
2191 383 2228 432 Α
2265 379 2402 445 Ave,
2456 383 2649 453 gratia
2698 381 2893 449 plena,
2928 378 3141 451 inquit,
3181 378 3461 433 Dominus
3514 382 3735 431 (ecum.
3793 375 3969 429 Con-

518 503 634 558 que
665 484 779 539 ﬁde
808 482 1005 552 dignis
1035 480 1297 542 testibus,
1333 493 1440 531 nec
1474 481 1739 529 sumetur
1776 488 1847 527 ex
1886 469 2157 542 personis

520 573 924 647 quibuslibet:
956 569 1055 623 sed
1105 583 1288 638 quam
1320 565 1442 629 viri,
1478 563 1698 634 quibus
1731 562 1861 631 jure
1911 559 2157 614 creden-

522 664 665 717 dum
687 664 839 715 estet
863 657 966 729 qui
982 654 1155 710 simul
1170 671 1306 709 cum
1321 652 1589 707 doctrina
1602 650 1900 720 egregiam
1919 661 2159 719 quoque

526 752 701 805 vitam
726 746 1064 807 attulerunt,
1084 744 1394 811 diligenter
1415 742 1876 810 composuerunt
1906 753 1923 805 ;
1951 737 2160 803 Grego-

524 840 668 902 rius,
693 836 961 906 inquam,
986 835 1310 902 Nyssenus,
1331 828 1687 884 Athanasius
1703 824 2159 883 Alexandrinus,

527 924 836 995 Dionysius
868 919 1242 991 Areopagita,
1278 923 1330 972 et
1360 916 1527 971 multi
1576 915 1693 980 alii,
1727 912 1831 985 qui
1862 928 1969 967 nec
2028 915 2165 965 sunt

525 1013 811 1082 vulgaris,
844 1016 906 1065 ut
932 1009 1211 1072 diximus,
1240 1004 1608 1069 eruditionis,
1640 1008 1695 1058 et
1725 1007 1861 1056 sunt
1910 1000 2031 1055 vita
2061 999 2165 1054 ad-

527 1099 827 1157 mirabiles
856 1095 1137 1168 :et,quod
1163 1094 1359 1165 majus
1373 1096 1476 1155 est,
1503 1108 1688 1163 quam
1708 1092 1904 1161 ipsum
1927 1102 2166 1160 quoque

529 1189 797 1243 divinum
824 1185 995 1239 refert
1030 1181 1430 1252 Evangelium.

602 1276 667 1331 ΙΙ.
696 1278 823 1331 Jam
846 1273 1005 1328 enim
1032 1271 1269 1326 divinus
1304 1268 1609 1339 Gregorius
1640 1267 1696 1321 in
1730 1265 1995 1320 oratione
2034 1278 2168 1335 quae

531 1367 605 1421 de
631 1369 764 1420 ortu
794 1360 1003 1418 Christi
1033 1360 1110 1415 ab
1145 1359 1274 1431 ipso
1305 1361 1390 1412 est
1419 1354 1751 1426 composita
1781 1354 1882 1424 (α),
1917 1354 2044 1407 haec
2096 1350 2169 1405 de

535 1470 606 1509 ea
635 1456 839 1508 tractat
870 1468 883 1501 :
916 1447 1147 1513 Audivi,
1189 1446 1411 1510 dicens,
1442 1458 1724 1499 arcanam
1754 1440 2085 1513 quamdam
2117 1442 2173 1493 et

535 1540 827 1597 occultam
860 1536 1189 1599 historiam,
1210 1533 1283 1588 de
1305 1549 1375 1589 ea
1401 1533 1531 1587 haec
1545 1537 1915 1586 narrantem:
1943 1527 2173 1583 Eratin-

538 1630 719 1699 signis
750 1628 809 1681 in
834 1628 1113 1681 accurata
1139 1624 1291 1683 vitae,
1311 1637 1445 1693 quas
1474 1626 1561 1675 est
1594 1637 1661 1675 ex
1701 1619 1848 1689 lege,
1868 1616 2177 1672 institutio-

2269 470 2544 525 trariailli
2577 470 2781 542 primas
2807 468 2955 533 voci,
2989 483 3126 537 quae
3158 466 3310 521 facta
3346 470 3435 520 est
3478 463 3737 527 mulieri,
3777 478 3959 517 nunc

2270 558 2445 612 verba
2463 558 2614 613 ﬁunt
2636 556 2875 626 Virgini.
2909 555 3011 610 llla
3032 554 3343 610 doloribus
3366 555 3427 609 in
3450 558 3626 625 partu
3644 552 3955 607 condem-

2268 650 2407 700 nata
2428 644 2533 700 fuit
2567 650 2804 717 propter
2832 650 3141 716 peccatum
3171 660 3183 697 :
3219 644 3279 698 in
3312 643 3424 699 hac
3442 649 3649 698 autem
3669 658 3779 712 per
3802 639 3944 696 leti-

2271 734 2411 789 tiam
2435 731 3003 806 expelliturtristitia.
3032 733 3092 786 ln
3118 731 3217 787 illa
3240 737 3477 803 partum
3494 736 3945 803 prmeesserunt

2272 822 2508 877 dolores
2539 842 2550 878 :
2590 824 2685 878 hic
2738 838 2880 877 vero
2926 820 3126 876 laetitia
3156 826 3244 876 est
3269 820 3543 875 obstetrix
3586 824 3822 891 partus.
3857 819 3944 875 Ne

2274 912 2494 979 timeas,
2527 911 3046 984 inquit.Quoniam
3064 911 3223 965 enim
3242 910 3407 965 omni
3436 908 3673 964 mulieri
3699 914 3935 963 metum

2274 1000 2653 1071 affertpartus
2670 999 3055 1070 exspectatio,
3075 1004 3300 1054 metum
3318 997 3558 1071 expellit
3583 996 3785 1052 dulcis
3803 1013 3935 1068 par-

2276 1094 2369 1143 tus
2390 1088 2708 1160 promissio
2734 1105 2745 1143 :
2782 1089 2848 1142 In
2880 1095 3048 1143 utero
3076 1088 3371 1157 concipias,
3402 1094 3456 1143 et
3484 1087 3682 1157 paries
3706 1086 3929 1155 ﬁlium,

2276 1182 2329 1231 et
2361 1177 2593 1232 vocabis
2619 1191 2829 1230 nomen
2855 1178 2981 1244 ejus
3002 1175 3244 1231 Jesum'.

2350 1266 2437 1323 lV.
2466 1265 2617 1332 Quid
2657 1270 2855 1321 autem
2886 1266 3064 1322 Maria
3085 1267 3112 1320 ‘I
3142 1265 3293 1321 Audi
3323 1280 3536 1337 puram
3573 1280 3787 1321 vocem
3814 1264 3931 1318 Vir-

2279 1354 2451 1423 ginis.
2481 1354 2737 1425 Angelus
2769 1361 3008 1426 partum
3067 1355 3397 1419 annuntiat,
3430 1360 3487 1409 et
3514 1354 3612 1408 illa
3664 1353 3931 1409 adhaeret

2281 1443 2621 1512 virginitati,
2654 1459 2774 1497 non
2816 1443 3140 1514 corrumpi,
3167 1442 3450 1513 judicans
3480 1458 3610 1498 esse
3655 1446 3931 1514 praestan—

2281 1532 2415 1595 tius,
2448 1547 2633 1599 quam
2687 1530 3126 1603 apparitionem
3160 1530 3375 1601 angeli.
3411 1534 3475 1586 Et
3504 1547 3700 1603 neque
3743 1536 3932 1603 potest

2284 1621 2500 1689 angelo
2551 1636 2671 1675 non
2729 1621 2989 1685 credere,
3016 1636 3208 1692 neque
3266 1620 3517 1676 discedit
3548 1620 3624 1675 ab
3672 1620 3744 1675 iis
3805 1636 3929 1691 qua;

538 1735 632 1781 ne,
661 1724 715 1771 et
763 1715 911 1770 inter
936 1713 1193 1783 optimos
1223 1712 1493 1781 apprime
1546 1714 1741 1772 notus,
1786 1713 1953 1779 pater
1995 1703 2177 1773 Virgi—
2208 1715 2252 1771 Β
2289 1713 2590 1764 statuerat.
2625 1711 2737 1773 Est,
2804 1709 3013 1780 inquit,
3073 1708 3213 1763 mihi
3272 1709 3565 1781 prohibita
3616 1724 3758 1764 cum
3820 1710 3931 1763 viro

538 1807 651 1863 nis.
703 1806 1104 1860 Consenuerat
1139 1804 1337 1853 autem
1392 1799 1517 1852 sine
1569 1797 1789 1862 liberis,
1846 1795 2011 1866 quod
2056 1809 2176 1847 non

542 1902 665 1950 erat
690 1893 817 1962 ejus
847 1890 1063 1959 conjux
1096 1893 1236 1959 apta
1280 1887 1357 1942 ad
1388 1884 1790 1958 procreandos
1833 1884 2008 1939 ﬁlios.
2045 1884 2177 1936 Erat

541 2000 677 2039 vero
716 1997 786 2036 ex
820 1979 947 2047 lege
977 1975 1226 2049 quidam
1277 1976 1466 2030 honor
1497 1973 1802 2040 matribus,
1843 1988 2023 2044 quem
2057 1985 2175 2025 non

542 2068 1045 2143 adipiscebantur,
1080 2081 1214 2137 quae
1246 2063 1527 2118 carebant
1556 2062 1709 2117 ﬁliis.
1746 2062 2010 2116 Imitatur
2039 2074 2179 2128 ergo

542 2178 613 2217 ea
636 2173 877 2231 quoque
907 2155 1024 2218 illa,
1053 2170 1187 2226 quae
1215 2160 1483 2208 narratur
1512 2152 1586 2206 de
1614 2158 1799 2205 matre
1829 2149 2177 2206 Samuelis’.

546 2251 608 2303 Et
637 2262 773 2302 cum
803 2244 1007 2299 fuisset
1028 2244 1179 2297 intra
1209 2241 1426 2311 templa
1448 2245 1812 2303 sanctorum,
1845 2238 1911 2293 ﬁt
1932 2237 2183 2309 supplex

550 2338 685 2403 Deo,
717 2348 937 2401 rogans
963 2346 1036 2385 ne
1066 2329 1356 2385 excideret
1382 2329 1458 2383 ab
1490 2344 1579 2396 ea,
1610 2344 1744 2399 quae
1775 2332 1865 2382 est
1918 2343 1989 2381 ex
2032 2326 2180 2395 lege,

549 2422 971 2485 benedictione,
1002 2436 1135 2474 cum
1170 2419 1228 2473 in
1259 2418 1451 2486 legem
1480 2416 1625 2471 nihil
1685 2421 1956 2489 peccaret
1986 2432 1998 2470 :
2024 2416 2186 2470 ﬁeret

548 2517 747 2569 autem
775 2514 976 2574 mater,
1006 2512 1063 2561 et
1090 2508 1211 2562 Deo
1232 2510 1604 2562 consecraret
1655 2505 1713 2559 id
1746 2505 1901 2576 quod
1936 2510 2184 2577 pareret.

550 2604 695 2657 Cum
724 2604 869 2653 nutu
899 2602 1099 2652 autem
1120 2595 1320 2651 divino
1349 2594 1701 2649 conﬁrmata
1727 2598 1882 2648 esset
1932 2593 2009 2647 ad
2062 2608 2190 2664 gra-

549 2689 713 2753 tiam,
742 2701 927 2758 quam
958 2685 1223 2756 petierat,
1258 2687 1579 2753 postquam
1626 2682 1848 2752 peperit
1905 2681 2187 2751 puellam,

552 2792 687 2832 eam
717 2774 958 2848 quidem
990 2772 1316 2828 nominavit
1345 2770 1587 2827 Mariam
1623 2787 1635 2825 :
1662 2775 1724 2825 ut
1757 2769 2062 2841 velipsum
2090 2785 2192 2824 no-

556 2879 690 2919 men
724 2861 1099 2931 signiﬁcaret,
1134 2876 1169 2915 a
1200 2860 1319 2915 Deo
1359 2859 1562 2915 datam
1588 2874 1719 2913 esse
1746 2858 2018 2928 gratiam.
2044 2859 2189 2912 Cum

554 2952 844 3023 verojam
876 2950 1150 3005 crevisset
1212 2947 1429 3020 puella,
1459 2952 1514 3002 ut
1567 2962 1687 3002 non
1728 2946 1985 3019 amplius
2042 2962 2192 3018 opus

2288 1798 2673 1853 consuetudo.
2716 1798 3031 1863 Quomodo
3090 1799 3197 1853 erit
3250 1798 3391 1853 mihi
3458 1797 3590 1863 hoc,
3644 1798 3930 1871 quoniam

2291 1887 2477 1942 virum
2503 1902 2623 1941 non
2652 1902 2946 1956 cognosco
2975 1888 3001 1941 ?
3035 1889 3164 1942 Haec
3186 1903 3303 1942 vox
3332 1887 3538 1953 Mariae,
3571 1894 3659 1942 est
3688 1886 3931 1941 demon-

2290 1974 2496 2030 stratio
2521 1991 2726 2030 eorum
2759 1991 2893 2047 quas
2924 1991 3141 2031 arcane
3166 1980 3222 2030 et
3248 1975 3478 2031 occulte
3501 1980 3842 2031 narrantur.
3882 1976 3930 2031 Si

2291 2063 2449 2119 enim
2502 2080 2635 2119 eam
2700 2065 2920 2135 Joseph
2977 2069 3289 2136 acceperat
3344 2064 3405 2119 in
3459 2065 3927 2128 matrimonium,

2291 2152 2801 2224 quemadmodum
2819 2154 2869 2207 ei
2896 2154 3092 2207 visum
3120 2158 3207 2208 est
3228 2152 3679 2226 alienam,quod
3704 2159 3929 2225 partum

2293 2248 2427 2296 ante
2442 2240 2821 2312 signiﬁcaret,
2838 2245 2883 2295 si
2903 2242 3033 2313 ipsa
3054 2244 3302 2298 omnino
3326 2238 3711 2315 exspectabat
3753 2243 3874 2297 ﬁeri
3886 2243 3937 2296 ei

2298 2337 2483 2385 mater
2513 2330 2640 2402 lege
2660 2330 2931 2385 naturai?
2964 2331 3215 2396 Quando
3254 2332 3495 2403 quidem
3522 2347 3783 2396 carnem,
3808 2347 3936 2402 qua:

2301 2423 2415 2473 Deo
2459 2418 2649 2473 fuerat
2678 2426 3043 2486 consecrata,
3076 2420 3254 2475 veluti
3302 2420 3613 2492 quoddam
3671 2426 3943 2476 sanctum

2298 2507 2635 2572 donarium,
2692 2509 2978 2563 intactum
3027 2510 3365 2564 conservari
3426 2511 3775 2581 oportebat;
3819 2526 3951 2581 pro-

2301 2600 2532 2666 pterea:
2560 2596 2677 2650 Etsi
2698 2597 2776 2650 sis
2796 2598 3064 2665 angelus,
3081 2598 3354 2669 inquit,et
3373 2599 3420 2653 si
3446 2598 3519 2654 de
3543 2599 3689 2654 coelo
3715 2600 3949 2667 venias,

2302 2684 2531 2739 etiamsi
2561 2685 2633 2739 sit
2685 2700 2863 2756 super
2894 2685 3203 2741 hominem
3236 2686 3295 2741 id
3325 2687 3488 2758 quod
3522 2692 3783 2759 apparet,
3818 2704 3952 2743 non

2301 2777 2494 2844 potest
2525 2778 2723 2828 tamen
2749 2772 2889 2839 ﬁeri,
2923 2779 2985 2829 ut
3011 2775 3201 2829 virum
3224 2790 3596 2844 cognoscam.
3618 2776 3949 2840 Quomodo

2303 2877 2444 2930 ergo
2471 2877 2571 2915 ero
2604 2866 2791 2917 mater
2818 2862 3043 2935 absque
3074 2864 3198 2919 viro
3226 2864 3253 2919 ?
3286 2867 3430 2919 Nam
3462 2865 3669 2935 Ioseph
3688 2864 3939 2936 quidem

2304 2950 2440 3005 novi
2461 2966 2767 3020 sponsum,
2798 2951 2990 3007 virum
3018 2957 3218 3007 autem
3264 2969 3384 3009 non
3443 2968 3759 3023 cognosco.
3783 2954 3944 3018 Quid

556 3041 796 3096 haberet
844 3052 1053 3107 sugere
1113 3035 1466 3100 mamillam,
1501 3052 1628 3091 eam
1678 3039 1792 3091 Deo
1846 3035 2105 3099 tradidit,
2139 3039 2195 3091 et
2231 3063 2270 3118 ρ
2303 3055 2445 3108 ergo
2501 3040 2957 3111 paranymphus
3006 3041 3262 3107 Gabriel,
3323 3042 3566 3114 qualem
3612 3040 3943 3097 thalamum

556 3128 921 3200 promissum
978 3125 1264 3196 implevit,
1322 3129 1378 3179 et
1439 3124 1516 3179 ad
1574 3124 1861 3195 templum
1924 3124 2190 3179 adduxit.

556 3215 901 3271 Sacerdotes
913 3220 1107 3269 autem
1125 3212 1357 3268 interim
1370 3211 1631 3283 quidem,
1651 3212 1726 3266 ad
1748 3212 2191 3267 similitudinem

560 3303 869 3367 Samuelis,
894 3303 1043 3358 inter
1068 3306 1301 3356 sanctos
1328 3299 1663 3356 educabant
1700 3301 1980 3372 puellam.

629 3392 720 3446 III.
779 3392 921 3445 Cum
961 3405 1102 3444 vero
1158 3389 1457 3452 crevisset,
1520 3388 1835 3442 consilium
1894 3394 2194 3460 ceperunt,

558 3480 850 3551 quidnam
881 3494 1052 3533 sacro
1084 3477 1162 3531 illi
1188 3477 1423 3548 corpori
1446 3477 1745 3541 facientes,
1774 3476 1834 3531 in
1862 3479 2046 3531 Deum
2078 3493 2196 3532 non

562 3572 891 3640 peccarent.
953 3569 1094 3621 Eam
1141 3566 1296 3620 enim
1354 3564 1466 3634 legi
1498 3571 1719 3620 naturae
1746 3565 2106 3636 subjungere
2146 3570 2201 3621 et

560 3672 696 3711 eam
748 3656 888 3710 dare
949 3654 1008 3709 in
1062 3654 1401 3709 servitutem
1458 3655 1506 3709 ei
1556 3654 1657 3725 qui
1720 3654 1879 3709 illam
1935 3655 2196 3721 duceret,

563 3743 872 3798 videbatur
901 3742 1423 3797 absurdissimum.
1460 3742 1867 3796 Existimatum
1901 3751 1989 3798 est
2032 3744 2202 3815 plane

562 3831 960 3900 sacrilegium,
990 3830 1035 3883 si
1062 3828 1247 3883 divini
1261 3829 1495 3883 donarii
1514 3829 1693 3883 homo
1710 3830 1874 3885 ﬁeret
1887 3832 2090 3886 domin
2103 3850 2200 3887 us:

561 3917 1053 3992 quandoquidem
1079 3932 1116 3971 a
1139 3915 1267 3985 lege
1299 3922 1385 3971 est
1414 3916 1818 3982 constitutum,
1858 3925 1918 3974 ut
1958 3920 2205 3975 maritus

564 4012 717 4065 esset
738 4006 1020 4061 dominus
1044 4005 1313 4075 conjugis
1339 4006 1379 4059 ³.
1414 4007 1483 4061 Ut
1504 4012 1700 4061 autem
1724 4007 1779 4061 in
1808 4008 2045 4079 templis
2079 4024 2202 4064 ver-

562 4099 834 4153 sarentur
861 4094 1135 4150 mulieres
1166 4110 1303 4149 eum
1334 4094 1759 4163 sacerdotibus,
1794 4101 1849 4151 et
1883 4096 2034 4152 inter
2066 4112 2203 4153 san-

563 4189 687 4241 ctos
720 4184 1072 4251 viderentur,
1109 4198 1301 4255 neque
1320 4183 1448 4251 lege
1476 4185 1946 4256 permittebatur,
1979 4203 2086 4241 nec
2112 4204 2205 4242 res

562 4278 689 4329 erat
708 4273 975 4329 honesta.
1007 4272 1098 4327 Eis
1122 4288 1261 4327 vero
1283 4272 1356 4328 de
1382 4272 1472 4327 his
1503 4274 1997 4343 consultantibus,
2021 4294 2057 4332 a
2088 4280 2204 4333 Deo

2306 3135 2471 3200 parat
2497 3144 2649 3199 puro
2678 3130 3064 3200 etimpolluto
3099 3130 3479 3187 matrimonio
3510 3130 3537 3186 ?
3559 3131 3825 3201 Spiritus,
3858 3133 3943 3186 in-

2305 3218 2456 3288 quit,
2485 3224 2725 3273 sanctus
2754 3223 3121 3286 superveniet
3160 3222 3221 3274 in
3250 3227 3323 3286 te,
3351 3228 3405 3276 et
3434 3220 3623 3275 virtus
3665 3220 3947 3275 Attissim:

2308 3305 2682 3360 obumbrabit
2735 3305 2837 3361 tibi
2882 3308 2924 3360 ⁴.
2959 3309 3002 3363 Ο
3035 3308 3277 3364 beatam
3330 3309 3490 3365 illam
3526 3326 3783 3378 carnem,
3811 3325 3943 3381 quae

2310 3401 2543 3465 propter
2585 3395 2884 3464 insignem
2938 3396 3279 3467 puritatem,
3312 3400 3527 3454 animai
3556 3399 3719 3455 bona
3769 3399 3842 3455 ad
3885 3414 3949 3453 se

2309 3483 2559 3537 attraxit.
2586 3484 2649 3538 In
2692 3483 2823 3539 aliis
2853 3486 3012 3541 enim
3065 3487 3349 3542 omnibus
3401 3489 3501 3544 vix
3557 3490 3762 3544 anima
3807 3503 3953 3559 pura

2313 3570 2503 3626 sancti
2540 3573 2784 3643 Spiritus
2817 3572 3143 3630 adventum
3175 3576 3467 3647 acceperit
3503 3593 3517 3643 ;
3548 3577 3645 3633 hic
3676 3583 3866 3632 autem
3890 3576 3955 3633 ﬁt

2316 3674 2455 3715 caro
2504 3661 2752 3732 Spiritus
2809 3663 3272 3733 receptaculum.
3337 3665 3489 3729 Quin
3539 3666 3721 3721 etiam
3779 3666 3946 3720 virtus

2318 3750 2546 3804 Domini
2572 3749 2962 3807 obumbrabit
2984 3752 3105 3807 tibi.
3128 3752 3279 3817 Quid
3301 3754 3427 3809 haec
3447 3754 3950 3826 perarcanasigni-

2316 3838 2449 3892 ficat
2478 3840 2665 3893 oratio
2687 3837 2715 3892 7
2748 3839 3020 3896 Christus
3048 3842 3155 3897 Dei
3195 3842 3403 3907 virtus,
3436 3850 3490 3900 et
3518 3844 3624 3899 Dei
3652 3845 3950 3914 sapientia.

2316 3926 2507 3997 inquit
2532 3927 2846 3997 Apostolus
2874 3930 2915 3983 ⁸.
2950 3929 3235 3986 Altissimi
3266 3946 3408 4001 ergo
3438 3932 3538 3988 Dei
3578 3934 3785 3999 virtus,
3827 3950 3953 4007 quae

2315 4019 2399 4067 est
2432 4013 2690 4070 Christus
2714 4032 2818 4087 per
2847 4018 3169 4075 adventum
3192 4024 3379 4076 sancti
3404 4023 3651 4093 Spiritus
3675 4022 3955 4079 formatur

2317 4101 2375 4155 in
2428 4101 2776 4171 virginitate.
2812 4107 3124 4171 Quomodo
3155 4109 3315 4163 enim
3365 4110 3581 4166 umbra
3640 4127 3953 4184 corporum

2316 4190 2722 4247 conformatur
2774 4194 2977 4264 figurae
3024 4211 3233 4253 eorum
3290 4214 3429 4270 quae
3481 4202 3835 4272 prmcedunt,
3870 4201 3954 4255 ita

2315 4280 2492 4335 etiam
2528 4281 2834 4338 character
2860 4290 2914 4339 et
2937 4285 3127 4354 signa,
3162 4287 3384 4358 quibus
3437 4288 3557 4344 Filii
3592 4290 3681 4345 Dei
3730 4304 3954 4358 cogno-

563 4363 737 4417 datur
767 4361 1102 4429 consilium,
1137 4364 1200 4415 ut
1216 4376 1346 4416 eam
1369 4361 1613 4432 quidem
1644 4362 1784 4418 dent
1810 4365 1937 4418 viro
1963 4366 2203 4421 nomine
2243 4409 2281 4460 υ
2318 4368 2497 4423 scitur
2522 4369 2823 4439 divinitas,
2858 4374 3237 4444 apparebunt
3265 4374 3325 4430 in
3367 4376 3521 4447 ejus,
3555 4376 3653 4449 qui
3701 4376 3950 4448 paritur.

564 4450 1050 4521 desponsationis
1084 4465 1096 4505 ;
1128 4449 1175 4502 is
1206 4455 1405 4503 autem
1434 4450 1564 4503 talis
1597 4456 1767 4515 esset,
1796 4453 1897 4523 qui
1926 4453 2002 4507 ad
2035 4456 2204 4527 virgi-

566 4539 762 4593 nitatis
788 4541 967 4607 aptus
986 4542 1158 4598 esset,
1189 4537 1543 4592 custodiam.
1582 4537 1862 4595 Inventus
1890 4547 1980 4597 est
2007 4543 2204 4614 itaque

562 4626 797 4698 Joseph,
818 4624 1055 4695 qualem
1075 4624 1382 4695 quaerebat
1395 4626 1561 4690 ratio,
1591 4643 1659 4681 ex
1687 4630 1896 4685 eadem
1917 4631 2072 4686 tribu
2086 4648 2205 4703 qua

564 4722 685 4771 erat
702 4715 863 4786 virgo
886 4733 898 4766 :
928 4719 982 4767 et
1002 4730 1073 4768 ex
1096 4713 1345 4768 consilio
1364 4715 1737 4770 sacerdotum
1752 4718 1859 4771 sibi
1877 4718 2203 4789 despondet

567 4805 883 4875 Virginem.
921 4802 1267 4873 Conjunctio
1299 4806 1500 4858 autem
1534 4811 2101 4879 processeratusque
2127 4811 2202 4866 ad

565 4892 1115 4963 desponsationem.
1155 4894 1316 4947 Tunc
1352 4891 1565 4961 virgini
1594 4909 1629 4949 a
1652 4894 1920 4949 Gabriele
1945 4899 2205 4967 aperitur

567 4980 929 5052 mysterium.
957 4982 1129 5035 Erant
1150 4985 1346 5035 autem
1371 4980 1549 5035 verba
1567 4984 1825 5052 mysterii
1846 4983 2199 5043 benedictio.

633 5157 650 5192 ¹
680 5156 701 5211 1
726 5158 862 5225 Reg.
884 5172 922 5224 ι,
952 5159 981 5212 1
1016 5172 1181 5227 seqq.
1303 5158 1324 5192 ³
1356 5156 1501 5211 Gen.
1532 5172 1612 5223 lu,
1646 5159 1733 5213 16.

638 5330 711 5399 (1)
791 5338 891 5382 Τοῦ
946 5335 1339 5405 Μεταφραστοῦ.
1406 5334 1493 5397 Ὠς
1548 5338 1648 5409 γὰρ
1725 5338 1916 5395 ἢκουσε

567 5418 715 5478 εὐθὺς
770 5419 868 5468 ὑπὸ
943 5427 1030 5469 τοῦ

2002 5344 2211 5407 τούτων,

1104 5426 1418 5484 ἐνοικοῦντος
1484 5426 1613 5497 αὐτῇ
1696 5430 1985 5498 Πνιύματος
2066 5427 2213 5481 διαυ-

1852 5164 1871 5195 ³
1899 5164 2031 5219 Luc.
2064 5180 2104 5229 ι,
2129 5168 2309 5222 28-31.

2316 4459 2544 4523 virtute,
2576 4464 2638 4513 ut
2662 4460 2764 4531 qui
2784 4461 2985 4530 imago
2999 4469 3053 4516 et
3078 4462 3458 4532 signaculum
3481 4471 3536 4521 et
3560 4465 3958 4532 adumbratio,

2317 4551 2370 4600 et
2422 4546 2699 4616 splendor
2760 4550 2929 4619 primi
2986 4551 3366 4623 exemplaris,
3422 4570 3528 4627 per
3582 4555 3964 4611 admirabiles

2315 4635 2659 4690 ostendatur
2687 4638 3085 4707 operationes.
3126 4642 3190 4696 Et
3244 4641 3373 4697 haec
3431 4643 3675 4715 quidem
3732 4644 3963 4699 divinus

2314 4722 2650 4792 Gregorius.
2686 4725 2809 4780 Alia
2844 4733 3041 4781 autem
3071 4734 3126 4783 et
3174 4745 3415 4786 sacrum
3474 4734 3887 4803 Evangelium,
3914 4740 3965 4789 et

2315 4812 2409 4867 alii
2447 4812 2549 4867 viri
2580 4813 2677 4884 pii,
2703 4829 2773 4868 ac
2803 4815 2899 4869 Dei
2922 4822 3213 4883 amantes,
3241 4835 3391 4891 quos
3417 4822 3893 4890 nominavimus,
3915 4828 3965 4878 et

2314 4918 2568 4973 quorum
2599 4905 2952 4960 nominatim
2985 4922 3104 4961 non
3132 4910 3536 4976 meminimus,
3567 4927 3700 4969 vere
3732 4913 3966 4971 docent.

2386 4991 2447 5044 V.
2481 4992 2557 5061 (1)
2589 4995 2719 5048 Haec
2757 5009 2898 5066 ergo
2926 5002 3247 5067 postquam
3279 4998 3457 5068 Virgo
3478 5000 3731 5068 audivit,
3766 5006 3968 5060 statim

2424 5170 2444 5204 ⁴
2474 5168 2621 5225 ibid.
2655 5172 2744 5225 35.
2861 5170 3081 5229 ‘ICor.
3117 5189 3155 5238 ι,
3189 5177 3278 5230 24.

2322 5345 2581 5413 γασθείσα
2629 5350 2715 5397 τὸν
2744 5354 2881 5408 νοῦν,
2929 5347 3165 5419 ἀσμένως
3207 5368 3261 5401 τε
3307 5346 3510 5410 disi-591:
3584 5362 3657 5424 τῷ
3708 5354 3968 5429 ἐπαγγέλ-

2322 5451 2466 5503 ματι·
2529 5439 2617 5486 καὶ
2676 5432 2816 5487 Ἰδοὺ
2879 5437 2907 5492 ἡ
2970 5432 3130 5495 δούλη
3193 5442 3405 5512 Κυρίου,
3485 5448 3615 5512 φησί
3672 5448 3805 5516 πρὸς
3892 5450 3974 5498 τὸν

638 5540 714 5611 (α)
743 5542 892 5611 Opp.
926 5541 1181 5607 Gregorii
1218 5546 1487 5615 Nysseni,
1519 5550 1889 5622 Patrotogice
1920 5558 2061 5609 tom.
2099 5552 2278 5620 XLVI,
2314 5555 2423 5610 col.
2462 5556 2597 5613 H38
2626 5560 2689 5624 D,
2726 5558 2875 5615 inter
2904 5560 3083 5617 dubia
3116 5563 3269 5617 EDIT.
