4144 6258
198 291 311 349 533

1404 292 1671 359 ORATIO
1713 292 1803 348 DE
1840 291 2114 350 SANCTA
2157 296 2403 356 MARIA.

3508 304 3614 361 534

197 419 403 473 mente
456 413 745 471 illustrata
817 429 855 470 a
910 414 1152 486 Spiritu,
1205 416 1310 488 qui
1373 416 1427 473 ei
1465 416 1860 483 inhabitabat,
1894 417 1940 473 A
1973 419 2131 478 tione
2160 422 2516 482 admirabili.
2543 427 2786 500 Virginis
2814 429 2974 487 enim
2996 429 3321 487 adventum
3349 429 3610 487 admira-

195 505 457 562 libenter
482 504 711 576 accepit
739 503 1104 574 promissum
1137 509 1228 561 :et
1257 507 1412 564 Ecce
1464 507 1694 563 ancilla
1755 508 1862 563 Do-

199 593 709 663 mini,aitjangelo,
727 593 862 649 Fiat
877 593 1028 650 mihi
1036 595 1363 652 secundum
1376 597 1613 652 verbum
1625 600 1791 651 tuum
1809 597 1831 631 ⁸
1847 615 1860 664 ;

206 683 389 740 simul
433 688 491 738 et
536 681 613 738 ad
640 681 837 751 angeli
869 697 1069 738 vocem
1099 698 1173 739 ea
1220 689 1409 750 utens,
1441 700 1559 756 qua
1588 700 1699 757 par
1753 689 1861 750 est,

204 773 499 841 cautione,
531 775 588 827 et
628 775 950 843 postquam
977 770 1096 828 ﬁde
1125 771 1310 841 digna
1359 773 1484 829 visa
1543 777 1743 830 essent
1793 788 1864 828 ea

204 877 338 935 quas
367 861 524 917 dicta
552 859 807 926 fuerant,
843 860 1032 918 noluit
1061 860 1321 934 amplius
1351 877 1480 918 esse
1510 861 1818 918 incredula
1846 876 1859 917 :

206 951 314 1007 sed
344 949 444 1006 illo
471 949 716 1023 quidem
740 950 932 1006 evasit
961 949 1171 1021 primas
1195 951 1400 1008 matris
1422 951 1859 1024 deceptiouem,

205 1041 324 1096 hoc
371 1043 570 1096 autem
621 1038 827 1094 vitavit
857 1037 1152 1095 Zacharias
1207 1039 1701 1107 incredulitatem,
1727 1056 1864 1114 qua:

209 1129 384 1195 ultra,
415 1142 604 1200 quam
629 1126 883 1192 deceret,
913 1128 1224 1199 processit.

282 1216 370 1272 VI.
401 1216 478 1287 (2)
527 1219 715 1288 Atque
771 1215 1026 1288 angelus
1057 1215 1305 1288 quidem
1345 1218 1422 1273 ab
1476 1233 1548 1274 ea
1601 1218 1862 1274 recessit.

206 1308 538 1362 Consecuta
557 1309 648 1360 est
676 1311 875 1360 autem
897 1304 1083 1376 paulo
1109 1310 1244 1377 post
1269 1311 1324 1360 et
1354 1306 1555 1363 Maria
1579 1321 1719 1362 cum
1745 1311 1863 1362 stu-

204 1393 307 1450 dio
335 1393 414 1450 ad
446 1396 734 1450 montana
763 1393 1077 1461 adventus,
1105 1399 1163 1450 et
1189 1393 1323 1467 ejus
1379 1395 1436 1450 in
1484 1395 1736 1452 domum
1769 1399 1865 1452 Za-

201 1481 420 1539 chariae
468 1482 790 1551 ingressus.
842 1484 1053 1552 Magno
1099 1484 1262 1539 enim
1315 1484 1510 1540 studio
1561 1483 1864 1540 contendit

204 1569 495 1642 gratulari
528 1569 894 1636 Elisabethas,
931 1575 992 1627 ut
1017 1587 1148 1643 qum
1181 1571 1260 1627 ab
1304 1572 1518 1641 angelo
1562 1572 1864 1628 didicisset

201 1676 427 1717 novam
457 1660 586 1731 ejus
619 1659 1092 1732 conceptionem.
1123 1659 1362 1716 Accedit
1412 1675 1577 1730 ergo,
1609 1666 1667 1716 et
1706 1660 1866 1715 beni-

1971 512 2086 578 tur,
2117 513 2326 584 quippe
2353 513 2456 586 qui
2479 516 2607 586 ejus
2655 524 2964 588 superaret
2993 517 3416 584 conditionem,
3445 517 3609 575 Unde

1972 597 2076 654 hoc
2097 599 2260 668 mihi,
2289 601 2526 659 dicens:
2560 605 2712 661 sicut
2736 607 2914 663 etiam
2948 606 3102 662 illius
3124 607 3281 662 ﬁlius
3307 607 3381 663 de
3416 606 3611 662 Domi-

1971 687 2030 741 ni
2051 687 2312 746 adventu
2342 691 2402 747 in
2442 697 2707 764 tempore
2755 695 3052 767 baptismi.
3083 698 3212 752 .Iam
3266 711 3405 751 vero
3452 696 3609 753 hanc

1971 789 2211 848 quoque
2243 784 2493 836 matrem
2518 786 2575 836 et
2598 781 2910 839 dominam
2956 799 3128 838 suam
3177 784 3440 839 nominat
3472 783 3610 839 :sed

1970 864 2151 920 etiam
2177 865 2547 925 benedictam
2580 870 2720 926 dicit
2749 872 2808 926 in
2841 871 3208 939 mulieribus,
3237 875 3295 927 et
3321 888 3480 938 eum,
3509 872 3614 944 qui

1970 952 2030 1008 in
2056 959 2222 1012 utero
2251 958 2885 1026 gestabatur,fructum
2899 961 3126 1016 ventris
3148 965 3322 1017 vocat
3339 960 3602 1016 admira-

1969 1041 2173 1114 biliter,
2236 1049 2297 1101 ut
2337 1047 2439 1118 qui
2483 1062 2621 1104 cum
2687 1049 2794 1104 viri
2848 1048 3076 1104 semine
3113 1048 3260 1104 nihil
3306 1048 3614 1106 habuisset

1971 1147 2314 1190 commune.

2044 1221 2510 1292 VII.Cujusmodi
2529 1240 2670 1281 vero
2685 1229 2772 1282 est
2783 1225 2880 1282 illa
2892 1241 3133 1298 quoque
3145 1241 3348 1282 rursus
3365 1225 3615 1282 admira-

1972 1308 2111 1366 bilis
2128 1311 2318 1366 Maria:
2343 1312 2661 1382 praedictio,
2688 1313 2812 1370 fore
2833 1319 2896 1369 ut
2915 1314 3308 1371 celebraretur
3328 1316 3404 1370 ab
3424 1313 3614 1369 omni-

1973 1397 2089 1452 bus
2106 1398 2740 1467 generationibus.Non
2760 1402 3068 1474 enim(3)se
3083 1402 3314 1459 beatam
3330 1401 3614 1474 praedicat

1978 1499 2130 1540 vana
2157 1489 2321 1542 mota
2339 1489 3124 1560 arrogantia,nequelingua
3150 1491 3453 1546 communi
3482 1489 3609 1546 hinc

1969 1573 2232 1645 loquitur
2262 1590 2276 1627 :
2303 1575 2408 1632 sed
2428 1576 2628 1632 divino
2655 1578 2873 1649 Spiritu
2895 1579 3236 1645 serviens,et
3263 1579 3325 1635 id
3349 1578 3511 1650 quod
3546 1577 3612 1632 ﬁt

1971 1662 2029 1718 in
2059 1666 2370 1727 aeternum,
2392 1663 2689 1722 divinans.
2720 1665 3052 1738 Magniﬁcat
3071 1673 3268 1724 autem
3295 1670 3476 1722 Deum
3501 1669 3614 1724 Ma-

203 1764 324 1819 gne
355 1749 588 1805 salutat.
624 1748 706 1804 Fit
733 1755 931 1804 autem
987 1747 1264 1805 salutatio
1315 1748 1507 1804 dulcis
1556 1748 1863 1806 exsultatio
1894 1763 1936 1819 Β
1971 1750 2076 1816 ria,
2103 1767 2165 1806 se
2194 1756 2249 1808 et
2273 1751 2512 1808 credere
2541 1754 2864 1810 ostendens
2895 1759 3138 1826 propter
3183 1771 3387 1811 vocem
3438 1755 3608 1810 Elisa-

201 1837 468 1904 infantis,
490 1837 594 1910 qui
624 1843 748 1894 erat
773 1839 832 1893 in
864 1842 1029 1894 utero
1059 1837 1427 1894 Elisabethm.
1451 1838 1587 1894 Jam
1608 1838 1768 1894 enim
1790 1853 1864 1894 ex

203 1932 413 1983 ventre
442 1926 672 1983 sciebat
701 1941 912 1982 servus
931 1925 1277 1990 Dominum,
1304 1926 1402 1999 qui
1419 1931 1545 1983 erat
1571 1925 1629 1982 in
1651 1931 1818 1983 utero
1847 1943 1860 1978 :

204 2021 267 2071 et
298 2031 435 2071 cum
469 2015 754 2072 sensisset
777 2015 908 2086 ejus
941 2015 1000 2070 in
1048 2015 1339 2071 mendum
1373 2014 1721 2084 adventum,
1753 2015 1863 2072 mi-

204 2103 475 2160 randum
508 2105 567 2160 in
626 2103 878 2160 modum
929 2102 1262 2160 laetabatur.
1292 2106 1410 2160 Hoc
1460 2103 1619 2160 enim
1666 2114 1866 2176 aperte

205 2190 592 2261 signiﬁcabat
647 2190 746 2248 illa
803 2191 1143 2248 exsultatio.
1171 2195 1298 2247 Non
1350 2196 1402 2247 te
1451 2197 1653 2248 autem
1691 2193 1869 2248 lateat

198 2278 556 2336 Elisabethte
612 2282 941 2336 reverentia
978 2286 1036 2336 et
1091 2279 1438 2350 submissio,
1478 2296 1615 2337 cum
1657 2280 1867 2352 pradi-

277 2459 299 2493 ⁸
337 2458 470 2513 Luc.
500 2473 539 2522 ι,
577 2459 663 2514 38.
780 2458 820 2492 ⁸⁸
847 2455 997 2514 ibid.
1027 2457 1118 2512 45.
1231 2458 1250 2490 ⁷
1277 2455 1423 2512 ibid.
1451 2459 1540 2511 56.

225 2633 464 2706 ἄγγελον.
521 2638 724 2688 Γένοιτο
778 2655 867 2708 μοι
927 2637 1061 2687 κατὰ
1105 2636 1164 2686 τὸ
1216 2634 1361 2708 ῥῆμά
1411 2647 1526 2685 σου⁹
1578 2631 1689 2704 ἅμα
1731 2635 1827 2690 τήν

222 2742 278 2777 τε
310 2722 575 2796 ἀκρίϐειαν
623 2723 694 2786 εἰς
721 2725 842 2776 ὅσον
870 2719 979 2775 ἔδει
1012 2725 1139 2796 πρὸς
1165 2725 1259 2780 τήν
1288 2728 1380 2774 τοῦ
1410 2719 1627 2792 ἀγγελου
1658 2724 1826 2792 φωνην

225 2811 524 2884 φυλάξασα,
573 2817 664 2865 καὶ
692 2817 764 2883 μὴ
800 2811 948 2864 πλέον
980 2813 1109 2882 μετά
1143 2815 1238 2868 τὴν
1270 2809 1598 2871 ἀξιοπιστίαν
1627 2817 1727 2860 τῶν
1757 2808 1830 2860 εἰ-

223 2905 460 2977 ρημένων
492 2901 699 2972 ἑλομένη
737 2897 1055 2952 διαπιστεῖν·
1099 2897 1226 2949 ἀλλὰ
1279 2917 1351 2967 τῳ
1402 2900 1513 2966 μεν,
1563 2902 1658 2956 τῆς
1705 2913 1830 2968 προ·

227 2993 459 3060 μήτορος
491 2993 584 3046 τὴν
616 2987 819 3044 ἀπάτην
851 2983 1208 3058 διαφυγοῦσα·
1255 2992 1324 3054 τῷ
1374 2979 1432 3036 δὲ
1461 2986 1519 3034 τὸ
1552 2979 1831 3044 δυσπειθὲς

227 3075 515 3129 έκκλίνασα
536 3081 809 3148 Ζαχαρίου
839 3079 930 3128 καὶ
958 3077 1092 3149 πέρα
1118 3080 1209 3126 τοῦ
1238 3071 1401 3133 καλῶς
1431 3073 1666 3144 ἔχοντος.

303 3166 384 3238 (2)
445 3165 520 3218 Ού
575 3167 753 3238 φθάνει
800 3172 926 3236 γοῦν
955 3165 1302 3235 ἀσπασαμένη
1350 3166 1444 3220 τὴν
1477 3158 1744 3212 Ἐλισάϐετ
1796 3159 1825 3217 ἡ

225 3254 590 3326 πολυύμνητος
662 3258 932 3306 Δέσποινα’
974 3256 1064 3304 καὶ
1112 3253 1138 3303 6
1204 3249 1507 3321 ἀσπασμὸς,
1567 3252 1830 3322 σκίρτημα

226 3352 321 3398 τοῦ
378 3343 426 3396 έν
473 3348 668 3416 γαστρὶ
713 3342 879 3404 αὐτῆς
909 3341 1136 3415 βρέφους
1182 3337 1288 3399 ἡδύ
1316 3343 1538 3411 γίνεται.
1602 3341 1700 3390 Καὶ
1729 3339 1827 3408 γὰρ

229 3433 334 3487 ἀπὸ
364 3435 595 3507 γαστρός
639 3431 924 3505 έμάνθασεν
956 3427 1064 3489 ἤδη
1096 3434 1182 3483 τὸν
1213 3427 1261 3480 έν
1291 3433 1483 3503 γαστρὶ
1511 3430 1776 3484 Δεσπότην
1801 3427 1827 3478 6

230 3519 439 3590 δοῦλος,
469 3525 560 3574 καὶ
600 3526 691 3578 τὴν
737 3521 809 3582 εἰς
838 3524 925 3574 τόν
974 3523 1168 3592 κόσμον
1199 3517 1358 3571 αὐτοῦ
1383 3513 1612 3590 πάροδον
1653 3517 1828 3589 ᾐσθη-

225 3617 401 3688 μένος,
429 3611 698 3684 ὑπερφυῶς
727 3607 908 3668 ἥδετο.
960 3616 1124 3662 Τοῦτο
1172 3609 1274 3680 γὰρ
1323 3610 1380 3658 τό
1435 3604 1484 3658 ἐν
1527 3604 1828 3676 ἀγαλλιάσει

229 3707 500 3777 σκίρτημα
527 3707 756 3774 φανερῶς
801 3696 1012 3758 έδάλου.
1059 3701 1144 3756 Μὴ
1195 3696 1343 3748 λάθοι
1391 3691 1450 3748 δέ
1498 3714 1555 3748 σε
1583 3690 1722 3767 μηδί
1769 3697 1827 3746 τὸ

225 3791 344 3844 λίαν
399 3792 608 3862 μέτριόν
673 3806 728 3840 τε
783 3791 874 3840 καὶ
927 3787 1326 3860 ύποχωρητικὸν
1375 3782 1641 3838 Ἐλισάϐετ
1700 3785 1829 3854 μετά

228 3884 320 3932 καὶ
372 3879 679 3950 θαυμαστῆς
730 3883 825 3938 τῆς
863 3874 1218 3950 προρρήσεως·
1280 3869 1456 3946 ᾐδεῖτο
1486 3875 1584 3946 γὰρ
1614 3876 1708 3931 τὴν
1739 3879 1830 3933 τῆς

230 3969 497 4041 Παρθένου
545 3963 876 4030 έπιστασίαν,
928 3967 997 4026 ὡς
1043 3966 1168 4036 ὑπὲρ
1229 3961 1373 4026 ἀξίαν
1430 3958 1590 4015 οὖσαν
1644 3960 1826 4022 αὐτῆςο

229 4063 321 4111 καὶ
355 4053 449 4109 διὰ
499 4062 666 4108 ταῦτα
718 4052 1072 4129 διαποροῦσα,
1129 4053 1284 4106 Πόθεν
1315 4071 1404 4124 μοι
1442 4058 1612 4121 τοῦτο,
1641 4049 1778 4122 λέγει
1810 4067 1823 4118 ;

228 4148 464 4222 καθάπερ
520 4149 609 4198 καὶ
663 4146 688 4198 ὁ
744 4151 866 4206 παῖς
915 4145 1112 4203 ἐκείνης
1159 4145 1283 4216 πρὸς
1311 4145 1429 4199 ετην
1507 4143 1828 4198 Δεσποτικην

229 4241 392 4292 ἐποίει
447 4234 805 4310 προσελευσιν,
868 4236 968 4285 Καὶ
1017 4235 1082 4284 σύ
1139 4233 1272 4304 ἔρχῃ
1327 4233 1459 4301 πρὸς
1513 4247 1597 4298 με,
1646 4228 1826 4297 λέγων,

229 4329 366 4380 κατὰ
395 4329 482 4378 τόν
512 4327 694 4397 καιρόν
727 4329 818 4374 τοῦ
873 4319 1262 4393 βαπτίσματος.
1301 4317 1441 4389 Ὀρα
1489 4313 1548 4368 δε
1601 4323 1710 4376 πῶς
1741 4317 1831 4366 καὶ

229 4417 590 4488 προαγορεύει,
673 4415 764 4463 καὶ
822 4411 1023 4482 μητέρα
1078 4408 1272 4462 ταύτην
1327 4401 1434 4462 ἤδη
1489 4408 1578 4455 καὶ
1646 4406 1830 4473 κυρίαν

232 4505 418 4562 ἑαυτῆς
467 4501 730 4572 ὀνομάζω
794 4496 921 4548 ἀλλὰ
975 4499 1059 4546 καὶ
1122 4493 1466 4564 εύλογημένην
1523 4490 1572 4542 έν
1621 4490 1831 4562 γυναιξὶ

231 4595 387 4665 λέγει·
418 4594 622 4644 καὶτὸν
661 4587 1067 4659 κυοφορούμενον
1116 4581 1164 4634 έν
1214 4582 1343 4654 αύτῇ
1395 4585 1590 4654 καρπὸν
1638 4580 1832 4641 κοιλίας

232 4678 545 4757 παραδόξως
576 4674 843 4730 ἀποκαλεῖ.
876 4677 937 4726 Τί
965 4679 1116 4724 τοῦτο
1150 4675 1484 4743 σημαίνουσα
1515 4687 1528 4736 ;
1557 4674 1638 4722 ὅτι
1679 4672 1833 4742 σπέρο

234 4790 394 4846 ματος
421 4765 612 4842 ἀνδρὸς
642 4761 889 4836 οὐδαμῶς
914 4761 1188 4815 ἐκοινώνει.

307 4862 384 4934 (3)
431 4865 536 4913 Τοῦ
578 4858 979 4927 Μεταφραστοῦ.
1041 4849 1115 4901 Ού
1176 4847 1458 4922 μακαρίζει
1517 4843 1576 4900 δε
1623 4847 1828 4912 ἑαυτὴν,

231 4953 374 5023 τύφῳ
427 4953 557 5016 κενῷ
599 4944 890 5005 κινηθεῖσα,
937 4935 1060 4992 ούδε
1105 4937 1320 5010 γλώσσῃ
1366 4944 1508 5008 κοινῇ
1558 4938 1835 5009 φθέγγεται

231 5047 415 5105 ταῦτα,
446 5035 582 5090 ἀλλά
614 5035 730 5104 θείῳ
762 5027 1419 5101 Πνεύματιλειτουργοῦσα,
1464 5027 1591 5078 αὐτὸ
1635 5029 1692 5078 τὸ
1722 5025 1832 5078 εἰσ-

227 5135 306 5183 αεὶ
345 5127 654 5196 τελούμενον
704 5121 1060 5193 προθεσπίζει,
1116 5121 1207 5168 καὶ
1260 5115 1318 5168 ού
1376 5118 1441 5168 τὰ
1483 5111 1601 5168 ῖδια
1659 5119 1832 5187 μόνον,

234 5217 360 5271 ἀλλά
409 5220 501 5269 καὶ
557 5215 626 5265 τά
677 5211 843 5262 κοινά.
893 5213 1000 5260 Ποῦ
1029 5209 1129 5279 γὰρ
1171 5208 1228 5257 τὸ
1266 5203 1667 5265 ἀλαζονεύεσθαι
1713 5204 1836 5276 παρ’

241 5307 393 5380 αὐτῇ,
427 5308 543 5366 ἣτις
583 5304 674 5352 καὶ
722 5294 912 5354 δούλην
962 5294 1148 5353 ἑαυτὴν
1195 5292 1358 5358 καλεῖ,
1408 5298 1498 5345 καὶ
1544 5296 1630 5351 τὴν
1660 5296 1838 5345 ταπεί-

243 5415 398 5449 νωσιν
446 5395 708 5466 ὁμολογεῖ,
763 5391 851 5439 καὶ
904 5383 1087 5459 ἀπορεῖ
1130 5387 1221 5441 τὴν
1265 5381 1342 5435 ἄπ’
1391 5381 1520 5454 αὐτῇ
1565 5382 1702 5434 θείαν
1736 5380 1842 5434 ἐπί-

248 5483 422 5556 ϐλεψιν
451 5501 464 5551 ;
496 5481 760 5550 Πνεύματι
807 5477 974 5527 τοίνυν
1005 5474 1122 5543 θείῳ
1168 5473 1461 5542 κινουμένη,
1495 5469 1553 5522 ού
1583 5474 1702 5523 κενά
1730 5490 1847 5524 τινα

257 5578 348 5626 καὶ
397 5573 728 5647 ὑπέρκομποι,
783 5561 888 5616 ἀλλ’
947 5561 1084 5615 αύτά
1133 5567 1299 5613 ταῦτα
1350 5563 1728 5635 προσαγορεύει
1781 5565 1848 5614 τὰ

1970 1838 2201 1896 bethaa:
2236 1841 2420 1897 Beata
2451 1843 2630 1907 enim,
2663 1843 2876 1914 inquit,
2905 1858 3034 1914 quae
3082 1844 3330 1900 credidit
3354 1844 3506 1913 fore,
3548 1848 3614 1898 ut

1970 1943 2039 1984 ea
2063 1930 2476 1998 perﬁciantur,
2502 1944 2637 2001 qua:
2650 1931 2701 1986 si
2716 1930 2878 1988 dicta
2893 1938 3032 1988 sunt
3054 1947 3091 1988 a
3111 1933 3359 1988 Domino
3383 1933 3426 1968 "
3443 1948 3458 1998 ;
3477 1937 3530 1988 et
3547 1945 3612 1986 se

1969 2017 2022 2073 ei
2045 2020 2168 2073 tam
2191 2033 2423 2088 magna
2445 2018 2525 2074 rei
2548 2019 2844 2076 inservire.
2869 2021 2983 2076 Sed
3009 2021 3137 2076 haec
3151 2020 3388 2091 quidem
3403 2021 3486 2076 sic
3512 2021 3614 2076 ha-

1971 2106 2205 2162 bent.ln
2218 2105 2402 2162 domo
2432 2111 2631 2162 autem
2660 2108 3000 2165 Elisabethas
3023 2108 3274 2180 (“circa
3301 2113 3418 2164 tres
3451 2124 3613 2165 men-

1973 2209 2065 2248 ses
2085 2194 2378 2251 habitavit
2401 2196 2820 2253 Maria.Deinde
2847 2197 3410 2270 sic,inquit,reversa
3438 2204 3520 2254 est
3546 2197 3612 2253 in

1973 2281 2210 2338 domum
2221 2283 2510 2340 suamSic
2529 2285 2690 2341 enim
2710 2299 2808 2340 me
2822 2284 2997 2341 docet
3016 2284 3609 2355 Evangelium7.Quid

1966 2631 2200 2704 έσόμενα.
2261 2635 2543 2706 Μεγαλύνει
2603 2633 2661 2688 δε
2711 2639 2798 2688 τόν
2849 2639 2970 2688 Θεὸν
3024 2637 3053 2692 ἡ
3127 2637 3324 2710 Μάρια,
3407 2637 3484 2688 ὅτι
3553 2655 3607 2689 τε

1913 2724 2197 2790 ,πιστεύει
2279 2719 2531 2776 δεικνῦσα
2589 2720 2684 2776 διὰ
2757 2728 2852 2783 τὴν
2916 2732 3011 2786 τῆς
3062 2723 3331 2778 Ἐλισάϐετ
3410 2729 3602 2796 φωνήν·

1873 4377 1917 4433 D

1964 2815 2214 2882 Μακαρία
2258 2815 2381 2885 γὰρ,
2423 2817 2573 2884 φησὶ,
2633 2815 2663 2870 ἡ
2703 2816 3040 2866 πιστεύσασα
3094 2821 3199 2873 τοίς
3252 2812 3607 2884 λελαλημένοις

1966 2897 2094 2969 αὐτῇ
2144 2902 2285 2969 παρὰ
2335 2904 2546 2972 Κυρίου’
2606 2905 2696 2953 καὶ
2729 2903 2798 2963 ὡς
2844 2901 3050 2973 μεγάλῳ
3093 2904 3312 2972 τοιούτῳ
3359 2903 3604 2973 ὑπηρετεῖ

1964 2987 2252 3056 πράγματι·
2307 2987 2434 3040 ἀλλά
2506 2993 2606 3042 Καὶ
2663 2989 2944 3060 ἡγαλλίασε
3001 2993 3058 3042 :6
3112 2991 3312 3061 πνεῦμά
3366 3009 3466 3060 μου
3520 2988 3603 3042 ἐπὶ

1966 3080 2037 3142 τῷ
2069 3081 2202 3144 Θεῷ·

2035 3160 2111 3225 (4)
2165 3169 2267 3214 Τοῦ
2337 3171 2736 3236 Μεταφραστοῦ.
2817 3163 2944 3236 Εἶχε
3009 3169 3098 3237 μὶν
3164 3167 3194 3224 ἠ
3253 3174 3346 3228 τῆς
3393 3164 3601 3218 Ἐλισά-

1966 3250 2050 3302 ϐετ
2101 3250 2242 3303 οἰκία
2291 3255 2382 3309 τὴν
2450 3254 2706 3324 Παρθένον
2780 3256 2969 3305 ἓνοικον
3039 3259 3152 3325 περὶ
3225 3261 3396 3326 μῆνας
3449 3261 3600 3328 τρεῖςο

1965 3337 2196 3391 ἐϐούλετο
2262 3336 2321 3392 δε
2377 3339 2506 3413 αύτῇ
2564 3341 2594 3398 ἡ
2649 3345 2945 3415 παραμονὴ,
3005 3345 3166 3412 τυχόν
3219 3346 3309 3414 μὲν
3361 3347 3451 3394 καὶ
3507 3349 3599 3394 τοῦ

1963 3425 2266 3502 παραδόξου
2340 3437 2664 3488 κατανοῆσαι
2740 3435 2834 3489 τὴν
2889 3429 3119 3483 ἔκϐασιν
3180 3432 3422 3503 ἠπορεῖτο
3471 3433 3594 3504 γὰρ,

1963 3519 2028 3578 ὡς
2069 3517 2221 3583 εἰκὸς,
2276 3525 2382 3580 τοῖς
2447 3519 2562 3572 καθ’
2613 3519 2816 3578 ἑαυτήν·
2877 3524 2967 3572 καὶ
3021 3518 3260 3582 ἔκπληξις
3308 3520 3421 3591 εἶχε
3474 3521 3601 3571 ταύ-

1963 3625 2056 3664 την
2105 3607 2232 3679 οὐχὶ
2273 3611 2477 3680 μετρία·
2526 3611 2692 3680 τυχόν
2742 3605 2801 3662 δε
2847 3614 2937 3662 καὶ
2983 3610 3310 3668 συνησθῆναι
3357 3616 3418 3680 τῇ
3468 3608 3602 3662 Ἐλι-

1967 3694 2122 3748 σάϐετ
2175 3698 2239 3748 τὰ
2289 3704 2507 3749 τοιαῦτα
2580 3697 2824 3769 μεγαλεῖα
2885 3703 2975 3751 καὶ
3025 3698 3314 3769 εὐαγγέλια·
3372 3699 3493 3750 ὅτου
3542 3693 3602 3750 δε

1963 3785 2125 3857 χάριν
2175 3783 2259 3837 έπὶ
2315 3792 2452 3857 τρεῖς
2501 3792 2664 3857 μῆνας
2715 3791 2803 3838 καὶ
2857 3791 2927 3858 μὴ
2978 3786 3125 3840 πλέον
3170 3788 3199 3844 ἡ
3258 3789 3518 3854 συνοικία,
3567 3788 3598 3844 ἦ

1964 3874 2169 3936 πάντως
2235 3876 2300 3934 ὡς
2363 3878 2553 3926 τίκτειν
2618 3874 2906 3947 μελλούσης
2959 3879 3076 3927 τότε
3129 3883 3224 3934 τῆς
3275 3872 3594 3940 Ἐλισάϐετς

1964 3960 2024 4014 Εἰ
2067 3964 2167 4037 γὰρ
2198 3967 2315 4037 περὶ
2365 3965 2451 4015 τὸν
2494 3965 2636 4016 ἕκτον
2685 3971 2824 4035 μῆνα
2851 3970 2943 4017 τοῦ
2990 3966 3181 4022 ταύτην
3231 3960 3298 4022 δὴ
3334 3960 3604 4014 συλλαϐεῖν

1963 4053 1993 4108 ἡ
2049 4058 2140 4102 τοῦ
2193 4049 2408 4122 ἀγγέλου
2463 4055 2640 4122 γέγονε
2684 4055 2810 4125 πρὸς
2867 4055 2960 4110 την
3019 4053 3270 4124 Παρθένον
3311 4049 3596 4117 ἀποστολὴ,

1963 4137 2094 4195 αὕτη
2156 4134 2214 4188 δε
2269 4143 2509 4208 γενομένη
2560 4141 2684 4211 πρὸς
2743 4136 3008 4191 Ἐλισάϐετ
3059 4145 3227 4208 μῆνας
3277 4145 3416 4208 τρεῖς
3470 4135 3598 4210 παρ’

1965 4223 2094 4295 αὐτῇ
2132 4219 2374 4295 διαμένῃ,
2412 4222 2628 4280 εὔδηλον
2659 4229 2738 4277 ὅτι
2781 4233 2872 4276 τοῦ
2913 4229 3108 4296 χρόνου
3151 4233 3242 4284 τῆς
3273 4223 3595 4294 συλλήψεως.

1966 4313 2020 4363 ὃν
2071 4311 2097 4362 ό
2153 4313 2324 4372 ἔνατος
2397 4313 2697 4386 περιγράφει
2743 4317 2860 4383 μὴν,
2915 4317 3069 4380 πέρας
3115 4315 3345 4384 ἔχοντος,
3396 4313 3463 4374 εἰς
3513 4315 3601 4365 τὸν

1967 4401 2122 4462 αὐτῆς
2165 4397 2302 4453 οἷκον
2341 4398 2597 4452 ἐπάνεισιν
2639 4403 2669 4458 ἠ
2726 4402 3000 4475 Παρθένος·
3052 4407 3142 4453 καὶ
3179 4403 3363 4453 τούτου
3416 4403 3603 4474 τυχὸν,

1969 4489 2063 4545 διὰ
2108 4494 2164 4542 τὸ
2220 4488 2396 4560 μέλλον
2445 4489 2673 4559 ἀπαντᾷν
2724 4489 2920 4551 πλῆθος
2956 4489 3030 4550 εἰς
3075 4493 3159 4542 τόν
3203 4494 3476 4566 Ζαχαρίου
3532 4487 3606 4544 οἶ-

1966 4601 2074 4651 κον,
2122 4583 2276 4631 τόκου
2323 4581 2412 4649 μεν
2460 4579 2594 4652 ὥραν
2650 4586 2740 4639 τῆς
2784 4577 3054 4631 Ἐλισάϐετ
3101 4579 3351 4651 ἐχούσηςο
3403 4587 3493 4640 τῆς
3543 4576 3603 4633 δε

1967 4671 2278 4744 παρθενικῆς
2323 4673 2487 4719 ταῦτα
2539 4661 2720 4726 αἰδοῦς
2772 4666 2865 4718 οὐκ
2913 4665 3253 4739 ἀνεχομένης·
3305 4669 3480 4739 ἔθιμον
3531 4663 3598 4726 δὴ

1967 4761 2022 4812 ὃν
2076 4760 2369 4832 ὑποχωρεῖν
2424 4759 2516 4816 τὰς
2585 4758 2886 4828 παρθένους,
2942 4753 3150 4808 ἐπειδὰν
3202 4756 3357 4828 μέλλῃ
3409 4760 3600 4808 τίκτειν

1967 4848 2016 4900 έν
2065 4851 2259 4921 γαστρὶ
2307 4848 2529 4917 ἔχουσα·
2584 4841 2667 4897 δεῖ
2717 4847 2817 4920 γὰρ
2873 4850 2962 4898 καὶ
3012 4852 3166 4898 τοῦτο
3214 4852 3440 4898 σκοπεῖν·
3490 4841 3598 4904 ἠδη

1968 4943 2058 4991 καὶ
2097 4945 2193 4998 τῆς
2221 4934 2491 4988 Ἐλισάϐετ
2520 4940 2674 4987 τόκου
2705 4936 2840 5008 ὦραν
2888 4936 3141 5006 ἐχούσης,
3192 4936 3221 4992 ἡ
3274 4938 3456 5007 Μαρία
3488 4938 3605 4986 καί·

1970 5047 2052 5080 τοι
2094 5025 2324 5097 ἀτεχνῶς
2374 5020 2508 5077 οὖσα
2552 5026 2755 5094 ἔγκυος,
2801 5023 2906 5074 ἀλλ’
2955 5019 3064 5090 οὖν,
3111 5025 3181 5084 ὡς
3230 5024 3481 5096 παρθένος
3527 5022 3610 5086 3’5-

1975 5122 2204 5170 ίσταται.
2263 5115 2402 5167 Ἐπεὶ
2453 5109 2511 5166 δε
2555 5117 2646 5166 καὶ
2690 5112 2760 5174 εἰς
2811 5115 2895 5164 τὸν
2951 5110 3088 5164 οἷκον
3143 5115 3227 5164 τόν
3281 5111 3467 5172 ἑαυτῆς
3525 5110 3612 5164 ἐπ-

1975 5205 2205 5268 ανῆλθεν,
2257 5201 2487 5274 ἀλλαχοῦ
2529 5204 2638 5273 μεν,
2685 5196 2938 5272 οὐδαμοῦ·
2979 5196 3086 5252 ἐκεῖ
3112 5196 3170 5252 δέ
3211 5203 3270 5252 τό
3300 5202 3428 5271 μετά
3455 5207 3609 5253 τοῦτο

1978 5292 2244 5366 διάγουσα
2286 5293 2368 5358 ἧν,
2424 5292 2516 5351 ἓως
2585 5290 2804 5360 έγγίζειν
2877 5285 2984 5347 ἤδη
3037 5291 3125 5341 τὸν
3179 5297 3275 5351 τῆς
3324 5293 3608 5362 κυοφορίας

1977 5387 2157 5456 καιρὸν
2233 5383 2467 5452 ἔγνωκεν.
2521 5377 2682 5431 Ἀλλά
2733 5384 2805 5447 τῷ
2871 5377 3064 5450 Ἰωσὴφ
3107 5379 3137 5436 ἡ
3197 5385 3288 5438 τῆς
3346 5380 3606 5450 Παρθένου

1978 5474 2182 5544 γαστὴρ
2236 5469 2307 5530 εἰς
2363 5471 2514 5538 ὄγκον
2565 5464 2785 5537 ἀρθεῖσα
2837 5465 3032 5536 (ἠγνόει
3083 5467 3182 5538 γὰρ
3241 5467 3322 5518 ὅτι
3380 5469 3616 5536 Πνεύμα-

1981 5581 2068 5624 τος
2147 5556 2208 5618 ἦν
2289 5557 2463 5629 ἀγίου)
2549 5556 2830 5628 λογισμοὺς
2906 5553 3076 5614 ἐνῆκεν
3150 5555 3244 5608 οὐκ
3349 5555 3618 5628 εὐπρεπεῖς
