4144 6258
544 297 654 352 535

1915 281 2175 339 MENSlS
2215 278 2621 340 AUGUSTUS.

3892 280 4014 348 536

548 427 751 477 autem
782 416 893 474 sibi
916 415 1099 473 voluit
1115 414 1306 471 Mariae
1334 413 1463 469 haec
1484 413 1713 469 mensio
1739 414 1767 470 ?
1785 405 2191 479 Fortassequi-
2236 406 2279 461 A
2324 404 2466 459 lium
2496 404 3118 465 Davidillumvocans,
3140 398 3431 472 quidnam
3453 402 3577 457 vult
3596 402 3787 470 aliud,
3810 419 4013 475 quam

547 508 774 572 dem,ut
802 508 928 578 ejus
945 505 1024 559 rei
1047 501 1411 558 admirabilis
1433 500 1650 557 videret
1686 499 2015 566 exitum,de
2046 511 2192 568 qua-

547 611 671 652 non
696 594 986 651 mediocri
1008 591 1305 647 tenebatur
1342 590 1862 645 admiratione.Est
1895 593 2091 643 autem
2128 586 2188 638 in

546 699 711 739 more
734 682 1017 754 positum,
1042 686 1103 734 ut
1130 678 1387 747 virgines
1409 678 1707 744 secedant,
1736 695 1895 744 cum,
1920 691 2056 747 quea
2086 672 2190 729 fert

548 778 803 837 uterum,
836 774 928 825 est
977 768 1262 839 paritura.
1296 767 1537 837 Oportet
1565 767 1721 821 enim
1773 767 1887 821 hoc
1945 777 2186 835 quoque

549 858 951 915 considerare.
978 859 1054 911 Ea
1077 855 1148 910 de
1174 870 1359 910 causa
1374 871 1507 909 cum
1530 855 1656 925 jam
1675 855 1920 909 instaret
1950 857 2186 922 tempus

545 952 612 1002 ut
632 952 862 1019 pareret
879 944 1198 1009 Elisabeth,
1218 949 1274 997 et
1296 943 1343 997 si
1369 958 1571 998 revera
1591 946 1741 997 esset
1764 953 2187 1013 prmgnans,re-

547 1034 944 1100 cedit,tamen,
976 1039 1265 1103 tanquam
1318 1030 1506 1101 virgo,
1531 1036 1586 1085 et
1638 1031 1698 1085 in
1730 1030 1981 1084 domum
2015 1042 2186 1081 suam

545 1122 867 1178 revertitur.
903 1124 1226 1193 Postquam
1259 1125 1458 1175 autem
1484 1134 1720 1174 reversa
1750 1124 1858 1182 est,
1892 1131 2187 1186 nusquam

544 1211 783 1282 quidem
814 1209 1085 1275 alibi,sed
1114 1207 1281 1263 domi
1302 1208 1580 1277 deinceps
1605 1205 2075 1275 degebat,donec
2092 1218 2188 1257 co-

546 1298 748 1369 gnovit
770 1299 894 1368 jam
930 1304 1163 1368 tempus
1201 1296 1413 1351 adesse
1438 1299 1665 1367 partus.

616 1387 763 1441 Ylll.
801 1387 1084 1440 Caeterum
1111 1383 1680 1455 Josephumtumens
1712 1380 1959 1453 Virginis
1985 1384 2187 1435 uterus

547 1474 873 1547 (nesciebat
900 1473 1058 1529 enim
1089 1473 1148 1528 id
1198 1487 1328 1528 esse
1371 1487 1525 1542 opus
1583 1471 1769 1526 sancti
1820 1469 2093 1541 Spiritus)
2125 1470 2186 1523 in

548 1563 758 1621 dubias
785 1563 1016 1617 induxit
1035 1562 1441 1632 cogitationes,
1462 1565 1517 1615 et
1536 1559 1669 1615 ideo
1690 1574 1823 1615 eam
1846 1557 2185 1613 clanculum

547 1650 839 1705 dimittere
864 1648 1130 1703 habebat
1153 1649 1211 1702 in
1245 1647 1449 1703 animo
1478 1647 1567 1703 :Ut
1595 1646 1850 1718 quiesset
1871 1644 2189 1717 justus,in-

546 1740 690 1808 quit,
722 1745 776 1795 et
797 1753 923 1794 eam
950 1738 1131 1792 nollet
1150 1736 1530 1802 traducere”;
1554 1736 1705 1790 adeo
1729 1736 1946 1805 justus,
1978 1740 2041 1788 ut
2064 1749 2183 1789 non

549 1826 744 1881 solum
770 1825 1198 1897 nolletpunire,
1226 1825 1403 1880 etiam
1434 1826 1481 1878 si
1501 1824 1614 1879 hoc
1642 1823 1731 1878 lex
1754 1823 2054 1893 juberet':
2081 1823 2184 1876 sed

546 1930 742 1988 neque
771 1930 897 1970 rem
929 1913 1101 1969 vellet
1132 1913 1465 1985 propalare,
1498 1917 1554 1967 et
1591 1911 1652 1966 in
1697 1911 2004 1982 publicum
2053 1926 2186 1983 pro-

548 2009 718 2059 terre.
770 2006 887 2059 Hoc
924 2003 1081 2058 enim
1126 2002 1235 2057 sibi
1283 2001 1408 2056 vult
1437 2000 1602 2065 illud,
1653 2000 2005 2056 Traducere.
2041 2001 2185 2055 Cum

546 2091 675 2147 haec
735 2098 953 2155 autem,
1014 2091 1226 2161 inquit,
1285 2090 1619 2158 cogitasset,
1682 2088 1839 2144 venit
1913 2087 2183 2158 angelus,

546 2183 822 2250 prompte
863 2179 1100 2233 solvens
1137 2177 1590 2232 dubitationem.
1624 2175 1770 2232 Nihil
1794 2176 1951 2230 enim
1984 2174 2185 2246 probri

546 2282 656 2322 nec
675 2268 1049 2322 contumelia:
1066 2282 1199 2321 eam
1215 2265 1412 2321 subire
1429 2268 1758 2336 oportebat,
1776 2280 1912 2336 quas
1932 2264 2008 2318 ab
2020 2265 2184 2319 omni

547 2354 768 2427 probro
820 2361 878 2409 et
923 2355 1212 2410 dedecore
1243 2359 1365 2409 erat
1411 2353 1585 2422 longe
1611 2352 1953 2423 purissima.
1985 2353 2184 2417 Qualis

546 2446 745 2499 autem
769 2444 875 2499 fuit
896 2458 1011 2499 vox
1029 2442 1222 2513 angeli
1241 2442 1313 2497 ad
1331 2441 1655 2513 Josephum
1669 2441 1697 2495 ‘I
1712 2441 1923 2510 Ioseph
1937 2441 2049 2499 ﬁlii
2070 2443 2184 2495 Da-

549 2532 668 2596 vid,
684 2547 756 2588 ne
782 2532 986 2587 timeas
1007 2533 1272 2600 accipere
1295 2530 1551 2586 Mariam
1568 2545 1804 2585 uxorem
1825 2535 1988 2585 tuam
2011 2532 2073 2583 ὀ.
2096 2530 2183 2585 Fi-

628 2706 648 2739 ⁸
684 2705 886 2762 Matth.
928 2721 966 2771 ι,
996 2706 1083 2761 19.
1197 2705 1217 2739 ⁹
1246 2704 1422 2759 Levit.
1459 2720 1548 2765 xx,
1584 2704 1671 2757 iO.

562 2902 738 2971 Ταύτῃ
788 2918 868 2951 τοι
919 2904 1007 2951 καὶ
1062 2900 1309 2973 )αθραίαν
1365 2902 1495 2969 αὐτῇ
1552 2903 1645 2956 τὴν
1711 2897 1963 2950 ἀπόλυσιν
2014 2897 2196 2967 ᾠκονό-

559 3004 662 3058 μει·
700 2987 789 3040 οἷτε
831 2988 964 3039 οὕτω
1015 2983 1215 3047 δίκαιος
1269 2991 1356 3052 ὤν,
1411 2990 1479 3047 ὡς
1530 2993 1600 3058 μὴ
1660 2991 1811 3059 μόνον
1859 2991 1926 3058 μὴ
1979 2986 2200 3037 κολάσαι

561 3076 867 3148 βούλεσθαι,
942 3080 1111 3128 καίτοι
1186 3095 1245 3147 γε
1297 3082 1389 3127 τοῦ
1468 3080 1626 3147 νόμου
1681 3084 1833 3127 τοῦτο
1887 3075 2196 3135 κελεύοντος,
2249 3057 2289 3113 C

561 3164 689 3217 ἀλλὰ
767 3161 904 3235 μηδὲ
982 3161 1486 3239 παραδειγματίσαι,
1564 3168 1806 3216 τουτέστι
1878 3168 2087 3238 φανερὸν
2143 3167 2200 3215 τὸ

558 3258 779 3326 πρᾶγμα
828 3254 1008 3305 θέσθαι
1078 3258 1166 3304 καὶ
1243 3252 1619 3324 ἐκπομπεῦσαι.
1679 3258 1856 3305 Ταῦτα
1913 3250 1971 3304 δε
2043 3252 2200 3303 αὐτοῦ

563 3340 754 3413 ἓνθυμη
765 3343 952 3408 θέντος,

562 3435 657 3489 τὴν
717 3430 953 3503 ἀπορίαν·
1020 3426 1124 3483 ἔδει
1179 3434 1279 3503 γὰρ
1337 3426 1503 3502 μηδὲν
1561 3429 1682 3489 ὅλως
1740 3429 2040 3501 ὑϐριστικὸν
2094 3427 2201 3479 ἐπί-

562 3537 739 3591 μωμον
795 3519 1110 3584 ὑποστῆναι,
1182 3522 1273 3576 τὴν
1330 3521 1516 3580 παντὸς
1569 3524 1751 3590 μώμου
1806 3518 2200 3590 καθαρωτάτην

1034 3340 1323 3413 ἀφικνεῖται
1384 3342 1409 3392 ὁ
1478 3340 1713 3411 ἄγγελος,
1788 3344 1916 3392 λύων
1992 3339 2203 3409 ἑτοίμως

563 3606 621 3659 ού
672 3608 770 3677 γὰρ
825 3610 975 3677 μόνον
1049 3611 1205 3676 φησὶν
1285 3608 1501 3667 ἄθικτος
1555 3612 1855 3681 παρανόμου
1932 3605 2115 3677 μίξεως
2170 3607 2200 3663 ἡ

565 3695 843 3766 Παρθένος,
902 3693 1027 3744 ἀλλὰ
1081 3700 1169 3747 καὶ
1228 3698 1423 3764 φύσεως
1476 3701 1740 3768 κρείττων,
1799 3700 1888 3746 καὶ
1941 3696 2067 3767 ὑπὲρ
2123 3693 2205 3745 ἁν-

567 3784 768 3855 θρωπον
824 3784 853 3839 ἡ
905 3785 1178 3851 κυοφορία,
1233 3784 1366 3833 ὥστε
1440 3783 1498 3832 ού
1555 3782 1711 3852 φόϐου
1768 3788 1920 3853 μόνον
1977 3782 2204 3839 ἀπηλλά-

563 3871 698 3941 χθαι
771 3866 870 3935 δεῖ,
946 3868 1074 3920 ἀλλὰ
1130 3873 1218 3921 καὶ
1266 3869 1582 3939 εὐφροσύνης
1659 3869 2077 3927 ύποπεπλῆσθαι.
2139 3873 2209 3921 Σὰ

564 3964 725 4009 ταῦτα
768 3956 1032 4028 μεγαλεῖα,
1078 3958 1317 4029 Παρθένε’
1371 3962 1458 4008 καὶ
1507 3960 1564 4009 σε
1610 3954 1845 4020 δόξαζων
1898 3958 1923 4008 ὁ
1963 3960 2203 4018 Δυνατὸς,

565 4045 833 4116 ὑπερφυῶν
861 4045 1178 4117 πραγμάτων
1202 4044 1494 4116 οἰκονομίας
1520 4050 1813 4104 πεποίηκεν.

639 4133 712 4203 (5)
813 4140 915 4185 Τοῦ
1018 4139 1394 4205 Μεταφραστοῦ
1473 4139 1559 4186 καὶ
1634 4131 1973 4206 Ἀλεξάνδρου
2045 4154 2206 4206 μονα-

564 4227 695 4293 χοῦ.
762 4223 1017 4274 Ἐνταῦθα
1066 4224 1091 4273 ὁ
1137 4221 1289 4293 λόγος
1341 4220 1615 4295 διασαφεῖν
1663 4227 1901 4296 ὥρμηται
1954 4229 2071 4299 περὶ
2117 4232 2207 4285 τῆς

566 4315 896 4382 προφητείας,
979 4313 1111 4371 ὅπως
1182 4312 1351 4385 εἴληφε
1417 4317 1591 4384 πέρας,
1664 4322 1753 4374 τῆς
1808 4318 1879 4385 μὴ
1961 4313 2206 4384 ἐκλείψειν

567 4400 804 4472 ἄρχοντα
855 4398 906 4461 ἐξ
958 4395 1139 4453 ’ἰούδα
1192 4401 1563 4463 θεσπιζούσης,
1622 4400 1760 4472 μηδὲ
1811 4404 2094 4472 ἡγούμενον
2153 4402 2206 4453 ἐκ

569 4495 667 4538 τῶν
720 4495 898 4560 μηρῶν
952 4486 1163 4550 ἐκείνου,
1217 4488 1309 4548 ἕως
1351 4488 1410 4538 ἂν
1462 4488 1580 4560 ἔλθη
1710 4488 1999 4555 ἀπόκειται,
2055 4492 2205 4542 αὐτόν

570 4571 629 4627 δὲ
662 4570 790 4627 εἶναι
837 4570 1160 4648 προσδοκίαν
1204 4572 1372 4626 ἐθνῶν·
1420 4580 1537 4647 περὶ
1583 4585 1674 4628 τοῦ
1714 4583 1947 4649 Χριστοῦ
1994 4574 2202 4637 δηλαδὴ

569 4667 659 4715 καὶ
717 4669 865 4715 τοῦτο
921 4662 1193 4733 λεγούσης.
1246 4668 1372 4715 Τότε
1418 4667 1517 4735 γὰρ
1572 4664 1757 4726 ἐκεῖνος
1814 4666 2070 4737 ἐπιφοιτᾷ,
2127 4669 2206 4719 ὅτε

571 4751 748 4804 λοιπόν
831 4750 1202 4813 ἐπιλελοιποτες
1252 4750 1384 4811 ἦσαν
1472 4754 1520 4805 οὶ
1601 4750 1884 4806 Ἰουδαῑκοί
1950 4757 2204 4827 ἄρχοντες

567 4846 652 4893 καὶ
724 4842 824 4893 ὑπὸ
881 4844 947 4892 τὰ
1018 4848 1260 4915 σκῆπτρα
1326 4838 1433 4899 ἤδη
1512 4844 1578 4895 τὰ
1651 4850 1749 4894 τῶν
1806 4842 2069 4916 Ῥωμαίων
2116 4854 2205 4898 τοῦ

566 4949 667 4985 νοι.
738 4930 898 5001 Ὁμοῦ
944 4949 998 4982 τε
1040 4933 1139 5003 γὰρ
1193 4932 1218 4982 ό
1271 4935 1498 5004 Χριστός
1540 4935 1753 5002 γίνεται,
1797 4938 1885 4986 καὶ
1933 4934 2204 5007 ἀπογραφὴ

567 5019 744 5091 πρώτη
801 5018 961 5076 ἐκείνη
1010 5024 1228 5089 γίνεται,
1273 5022 1642 5093 κρατησάντων
1684 5019 1946 5092 Ῥωμαίων
1996 5030 2203 5097 γενόμε-

571 5103 842 5158 Ἰουδαίων
894 5109 1085 5177 ἔθνους,
1136 5112 1225 5159 καὶ
1268 5108 1366 5160 ὑπὸ
1422 5108 1580 5179 ζυγόν
1638 5116 1732 5170 τῆς
1784 5110 1970 5172 οἰκείας
2048 5112 2201 5184 βασι·

565 5191 700 5252 λείας
751 5194 935 5255 αύτούς
982 5197 1301 5266 ἐνεγκόντων
1358 5198 1697 5268 Ἀντίπατρος
1738 5200 1837 5270 γὰρ
1888 5202 1912 5251 ό
1966 5200 2201 5275 Ἡρώδου

563 5284 752 5353 πατὴρ,
838 5290 927 5333 τοῦ
1007 5281 1274 5337 Ἰουδαίων
1348 5285 1594 5359 ἄρξαντος
1654 5287 1889 5353 ὕστερον,
1941 5287 1994 5352 ἐξ
2052 5290 2203 5363 Ἀρα-

565 5365 682 5427 ϐίας
763 5369 943 5437 ἄγεται
1009 5380 1249 5439 γυναῖκα,
1312 5377 1509 5449 Κύπριν
1558 5379 1734 5446 ὄνομα,
1817 5380 1932 5437 ἣτις
1995 5376 2199 5431 παίδων

566 5456 720 5508 αὐτόν
769 5458 1035 5529 τεσσάρων
1074 5465 1270 5529 πατέρα
1326 5470 1480 5525 ποιεῖ,
1538 5460 1605 5515 ὧν
1660 5466 1724 5525 εἰς
1778 5466 1925 5528 οὗτος
1970 5469 1995 5519 ό
2042 5468 2203 5542 Ἠρώ·

567 5541 666 5605 δης
718 5541 797 5602 ἦν.
854 5542 1056 5597 Μᾶλλον
1110 5542 1167 5597 δὲ
1220 5554 1538 5623 τρανότερον,
1598 5555 1665 5614 ὡς
1722 5550 1826 5606 οἷόν
1873 5573 1945 5624 τε,
2000 5558 2066 5608 τὰ
2106 5541 2204 5609 τοῦ

2237 1748 2275 1801 Β

1786 2704 1833 2739 ¹⁶
1864 2703 2064 2762 Matth.
2096 2719 2136 2771 1,
2168 2707 2260 2761 20.

2325 494 2375 548 ei
2414 509 2693 549 revocare
2742 494 2800 547 in
2844 489 3219 560 memoriam,
3249 489 3554 546 undenam
3589 493 3662 548 sit
3718 493 4011 549 Christus

2322 598 2706 654 processurus
2731 582 2758 636 ?
2785 580 3044 636 Dicendo
3066 583 3289 642 autem,
3337 581 3426 636 Ne
3458 580 3688 651 timeas,
3723 584 4007 639 ostendit

2322 686 2461 725 eum
2491 671 2762 726 timuisse
2812 685 2886 724 ne
2945 671 3127 723 Deum
3181 666 3527 734 offenderet,
3561 671 3609 725 si
3639 670 4001 727 adulteram

2322 758 2478 815 domi
2500 775 2621 814 suae
2641 758 2905 814 haberet.
2932 759 3011 812 Ea
3027 756 3101 811 de
3119 771 3320 821 causa,
3352 757 3609 815 Uxorem
3632 766 4001 832 tuam,pure

2323 848 2613 913 nominat,
2637 846 2845 903 tollens
2898 844 3318 916 suspicionem.
3357 848 3556 919 Neque
3609 849 3777 904 enim
3834 851 3888 904 si
3946 852 3999 905 ei

2321 938 2567 994 omnino
2584 937 2788 992 fuisset
2808 935 3050 990 allatum
3068 935 3296 999 vitium,
3320 951 3468 991 uxor
3484 936 3640 992 illius
3656 939 3993 995 diceretur.

2323 1025 2491 1090 Quod
2517 1030 2719 1080 autem
2750 1039 2994 1079 uxorem
3038 1024 3134 1078 hic
3178 1022 3338 1079 dicat
3382 1040 3694 1097 sponsam,
3720 1027 3833 1082 tibi
3869 1045 3994 1099 per-

2324 1114 2575 1169 suadeat
2588 1112 2912 1183 Scriptura,
2932 1128 3069 1185 quaa
3082 1118 3217 1167 ante
3232 1113 3681 1170 matrimonium
3726 1131 3990 1185 generos

2323 1206 2491 1257 vocat
2536 1217 2811 1271 sponsos.
2860 1200 3177 1269 Quomodo
3218 1217 3357 1256 vero
3388 1204 3656 1276 praecipit
3705 1206 3989 1277 accipere

2321 1306 2619 1362 eam,quae
2636 1291 2762 1360 jam
2785 1296 2909 1345 erat
2926 1296 3255 1362 accepta,et
3278 1307 3415 1362 quae
3446 1291 3605 1347 intus
3638 1296 3989 1353 manebat?

2322 1378 2559 1435 Clarum
2583 1385 2689 1444 est,
2706 1378 2871 1451 quod
2888 1379 2948 1433 in
2980 1379 3183 1434 animo
3210 1395 3319 1435 suo
3341 1381 3474 1451 jam
3491 1381 3747 1439 dimissa
3778 1384 3981 1443 fuerat

2320 1472 2379 1522 et
2406 1475 2531 1523 erat
2560 1474 2723 1523 extra
2750 1468 2927 1524 fores.
2964 1468 3136 1523 Visus
3163 1473 3249 1523 est
3278 1484 3417 1538 ergo
3450 1469 3543 1526 ille
3594 1487 3732 1528 eam
3780 1475 3984 1543 angeli

2322 1571 2465 1611 voce
2495 1555 2754 1629 Jesepho
2784 1556 2963 1612 modo
2990 1556 3239 1621 tradere,
3272 1558 3375 1628 qui
3398 1559 3576 1614 etiam
3603 1576 3738 1616 eam
3768 1570 3983 1633 postea

2320 1644 2379 1698 in
2409 1660 2579 1700 cruce
2616 1645 3184 1716 tradiditdiscipulo.
3222 1646 3390 1713 Quod
3418 1650 3593 1713 enim,
3629 1649 3782 1721 (ait),
3815 1652 3883 1705 in
3921 1669 3981 1708 ea

2317 1739 2401 1789 est
2440 1735 2702 1804 genitum
2733 1750 2803 1791 ea:
2859 1735 3085 1805 Spiritu
3114 1741 3320 1790 sancto
3370 1742 3473 1792 est.
3502 1740 3575 1791 Ex
3610 1740 3979 1797 redundanti

2318 1823 2585 1894 quadam
2642 1823 2818 1895 copia
2856 1823 3028 1878 solvit
3084 1822 3213 1893 ejus
3255 1839 3561 1893 angorem.
3599 1830 3726 1882 Non
3780 1831 3977 1886 solum

2317 1910 2529 1983 inquit,
2546 1911 2714 1981 virgo
2727 1918 2812 1967 est
2832 1913 3051 1967 intacta
3067 1928 3103 1967 a
3123 1912 3279 1968 coitu
3305 1914 3634 1983 illegitimo,
3661 1919 3770 1973 sed
3795 1920 3975 1976 etiam

2320 2005 2532 2055 natura
2554 2006 2640 2055 est
2665 2001 3058 2072 praastantior,
3088 2007 3143 2056 et
3164 2002 3471 2058 hominem
3499 2011 3744 2075 superat
3765 2024 3974 2064 conce-

2319 2088 2874 2159 ptio.Quamobrem
2902 2104 3021 2145 non
3052 2094 3144 2145 est
3169 2091 3364 2146 solum
3392 2092 3717 2149 solvendus
3754 2104 3973 2158 metus.

2320 2177 2425 2232 sed
2450 2178 2632 2234 etiam
2686 2184 2919 2249 oportet
2946 2195 3078 2235 esse
3108 2180 3372 2252 pltenum
3405 2181 3624 2239 laetitia.
3653 2187 3779 2241 Tua
3839 2195 3975 2243 sunt

2309 2265 2448 2321 haec
2471 2267 2788 2339 magnalia,
2815 2270 3029 2337 ovirgo
3064 2275 3151 2335 ;et
3173 2269 3596 2340 tegloriﬁcans,
3624 2274 3729 2344 qui
3762 2281 3973 2346 potens

2319 2360 2423 2419 est,
2456 2355 2588 2411 fecit
2639 2357 3153 2428 dispensationem
3192 2375 3391 2414 rerum
3421 2361 3861 2419 admirabilium
3920 2373 3972 2421 et

2317 2446 2871 2513 supernaturalium.

2388 2532 2472 2588 IX.
2512 2535 2722 2589 Verum
2742 2534 3045 2591 enimvero
3076 2535 3154 2607 (5)
3185 2539 3489 2608 quomodo
3503 2538 3727 2596 exitum
3753 2541 3971 2599 habuit

2339 2901 2643 2972 πράγματος
2725 2904 2913 2955 ἄνωθεν
2996 2901 3267 2962 δηλωτέον.

2339 2984 2562 3059 ἀδελφοῦ
2636 2990 2688 3043 Ἀ
2697 2992 3034 3062 ριστοϐούλου

3350 2906 3586 2981 Ὑρκανοῦ
3632 2911 3753 2981 γὰρ,
3836 2920 3936 2962 τοῦ

3132 3002 3222 3046 τοῦ
3312 2994 3616 3068 ἀρχιερέως,
3704 2999 3759 3058 ὃς
3847 3005 3944 3052 καὶ

2339 3073 2586 3149 διάδημα
2632 3082 2722 3151 μὲν
2772 3080 3048 3153 βασιλικόν
3101 3087 3383 3155 περιέθετο,
3439 3082 3655 3158 δέσμιος
3724 3083 3783 3140 δὲ
3838 3091 3939 3140 ὑπὸ

2341 3170 2617 3236 Πομπηίου
2673 3179 2970 3241 στρατηγοῦ
3030 3180 3128 3222 τῶν
3180 3172 3441 3245 Ῥωμαίων
3497 3180 3589 3226 σύν
3658 3175 3767 3247 ἅμα
3821 3198 3939 3229 παεο

2342 3258 2423 3304 σὶν
2484 3254 2554 3315 εἰς
2622 3256 2819 3327 Ῥώμην
2879 3258 3119 3332 αἰσχρῶς
3180 3265 3547 3335 παρεπέμφθη,
3633 3265 3789 3321 ἡνίκα
3847 3271 3936 3318 καὶ

2338 3341 2494 3392 τελεῖν
2544 3347 2725 3416 φόρους
2774 3344 2975 3417 ἐτάχθη
3022 3355 3130 3411 τοῖς
3179 3347 3475 3412 Ἰουδαίοις.
3521 3354 3722 3405 Τούτου
3752 3350 3817 3412 δὴ
3852 3364 3939 3407 τοῦ

2336 3428 2584 3501 Ὑρκανοῦ
2636 3436 2919 3506 ἀρχιερέως
2983 3438 3082 3488 ὑπό
3160 3442 3436 3509 Πομπηίου
3518 3439 3937 3514 ἀναδειχθέντος,

2341 3520 2516 3571 ἔπειτὰ
2573 3516 2631 3573 δὲ
2678 3528 2763 3575 καὶ
2823 3525 2921 3576 ὑπὸ
2976 3527 3193 3597 Πάρθων
3233 3528 3538 3593 ἑαλωκότος,
3598 3530 3939 3606 Ἀντιπάτρου

2341 3625 2394 3659 τε
2445 3612 2570 3682 πρὸς
2627 3607 2790 3662 δόλων
2834 3611 3201 3685 ἀναιρεθέντςο,
3236 3618 3288 3668 ὃν
3333 3618 3609 3691 ἐπίτροπον
3655 3621 3811 3682 αὐτὸς
3852 3630 3939 3684 τῆς

2340 3701 2519 3767 χώρας
2561 3703 2891 3767 κατέστησεν,
2949 3704 3005 3764 ὃς
3052 3710 3140 3755 καὶ
3179 3702 3417 3777 Ἡρώδου
3462 3715 3555 3759 τοῦ
3598 3713 3731 3781 μετὰ
3780 3720 3940 3763 ταῦτα

2345 3783 2775 3856 βεϐασιλευκότος
2820 3800 2913 3853 τῆς
2944 3789 3209 3854 Ἰουδαίας
3240 3799 3408 3867 πατὴρ
3449 3793 3526 3859 ἧν,
3582 3803 3673 3850 καὶ
3716 3798 3940 3871 μηδενός

2344 3875 2487 3934 ὄντος
2532 3882 2621 3925 τοῦ
2666 3885 2764 3927 τῶν
2824 3878 2871 3929 ἐν
2919 3877 3157 3953 Ἰουδαίᾳ
3203 3885 3520 3955 πραγμάτων
3571 3884 3937 3960 ἀντεχομένου,

2340 3958 2578 4031 Ἡρώδης
2668 3966 2812 4027 οὗτος
2880 3969 2905 4018 ὁ
2982 3977 3071 4021 τοῦ
3147 3971 3499 4044 Ἀντιπάτρου
3578 3978 3688 4036 υἱός
3756 3982 3941 4049 πέμπει

2344 4048 2502 4100 πολλά
2552 4071 2664 4103 τινα
2710 4060 2968 4127 χρήματα
3024 4055 3150 4120 δοὺς
3192 4064 3301 4121 τόῖς
3346 4060 3632 4133 Ῥωμαίοις,
3683 4070 3774 4118 καὶ
3824 4068 3940 4118 ύπόο

2346 4136 2568 4227 σπονδος
2620 4142 2795 4204 αὐτοῖς
2849 4151 3087 4216 γεγονὼς,
3142 4148 3396 4222 ἐγκρατὴς
3453 4157 3652 4221 γίνεται
3695 4162 3793 4215 τῆς
3848 4155 3937 4227 ἀρ-

2342 4234 2469 4297 χῆς.
2503 4226 2656 4281 ’Ὁθεν
2709 4228 2769 4283 δὲ
2814 4240 2905 4284 τοῦ
2961 4237 3267 4305 πράγματος
3301 4240 3431 4307 ἔσχε
3462 4241 3557 4301 τὰς
3606 4239 3855 4311 ἀφορμὰς,
3880 4226 3887 4227 7
3911 4244 3936 4293 ὀ

2342 4315 2490 4387 λόγος
2537 4320 2601 4378 ὡς
2645 4320 2748 4372 οἷόν
2798 4340 2851 4372 τε
2896 4320 2988 4373 διὰ
3027 4322 3274 4395 βραχέων
3327 4325 3446 4397 ἐρεῖ.
3500 4330 3792 4399 Αὐγούστου
3830 4332 3927 4401 γὰρ

2346 4410 2608 4481 Καίσαρος
2658 4409 2728 4470 εἰς
2767 4409 2837 4472 εἰς
2885 4413 3141 4482 Αἴγυπτον
3193 4412 3434 4476 ἀπιόντος
3483 4421 3611 4487 μετά
3647 4421 3821 4491 χειρὸς
3869 4421 3935 4480 ὡς

2342 4494 2571 4564 μάλιστα
2636 4496 2901 4564 πλείστης,
2962 4504 3089 4574 πρός
3139 4521 3191 4553 τε
3264 4506 3350 4554 τόν
3415 4504 3747 4580 Κλεοπάτρας
3805 4513 3936 4579 φημὶ

2341 4582 2579 4654 πόλεμον,
2622 4585 2690 4646 εἰς
2732 4588 2791 4643 ἣν
2824 4592 3065 4657 περιέστη
3119 4593 3184 4641 τὰ
3228 4600 3322 4651 τῆς
3355 4592 3531 4666 ἀρχῆς
3564 4594 3853 4665 Αἰγύπτου,
3885 4596 3937 4649 ἐκ

2341 4679 2439 4721 τῶν
2494 4673 2818 4744 Πτολεμαίων
2867 4675 3113 4730 ἕλκουσαν
3158 4684 3214 4731 τό
3267 4684 3430 4751 γένος,
3486 4684 3661 4757 ὥσπερ
3709 4685 3815 4757 ἄρα
3851 4692 3938 4739 καί

2340 4759 2579 4832 Ἰωσήπῳ
2630 4758 2792 4827 δοκεῖ,
2838 4770 3111 4838 πρόσεισιν
3141 4767 3279 4838 αὐτῷ
3319 4768 3562 4843 Ἡρώδης
3593 4771 3758 4839 οὗτος,
3808 4774 3935 4827 λειτ-

2340 4854 2554 4921 ουργίαν
2611 4854 2724 4902 οὔτι
2774 4858 2982 4926 μετρίαν
3039 4854 3086 4907 ἐν
3144 4861 3501 4930 στρατεύμασί
3554 4879 3608 4912 τε
3666 4867 3756 4914 καὶ
3814 4863 3940 4916 ἀνα-

2340 4935 2543 5009 λώμασι
2581 4950 2845 5013 χορηγῶν.
2892 4945 3034 4995 Ἐπεὶ
3094 4941 3153 4997 δὲ
3204 4951 3292 4998 καὶ
3349 4948 3652 5022 Κλεοπάτρα
3708 4956 3798 5004 καὶ
3856 4957 3941 5007 Αἶ-

2339 5046 2535 5096 γυπτος
2565 5028 2611 5079 ἐν
2664 5035 2850 5103 χερσὶν
2899 5028 2958 5089 ἦν
3004 5033 3310 5105 Αὐγούστῳ,
3350 5033 3651 5091 δωδέκατον
3686 5042 3798 5102 ἔτος
3827 5040 3940 5101 ἤδη

2338 5121 2430 5206 τῆς
2475 5116 2650 5188 ἀρχης
2691 5121 2888 5189 ἔχοντι,
2939 5123 3156 5173 ἐπανιὼν
3196 5124 3352 5186 αὐτὸς
3400 5126 3470 5188 εἰς
3509 5127 3730 5200 Ῥώμην,
3782 5130 3948 5206 Ἡρώ-

2341 5200 2435 5255 δου
2506 5213 2599 5267 τῆς
2680 5208 2951 5278 θεραπείας
3026 5213 3198 5283 ὥσπερ
3268 5213 3405 5275 εἰκός
3480 5200 3946 5289 ἀπομνημονεύων,

2340 5291 2501 5365 βουλῇ
2548 5303 2641 5355 τῆς
2685 5295 2945 5367 Ῥωμαίων
2995 5299 3313 5369 συγκλήτου,
3347 5301 3570 5374 βασιλέα
3620 5315 3805 5359 τοῦτον
3856 5320 3949 5371 τῆς

2339 5378 2600 5443 Ἰουδαίας
2650 5393 2953 5457 χειροτονεῖ,
3011 5390 3234 5460 περιθεὶς
3275 5388 3540 5462 διάδημα.
3582 5392 3787 5466 Ὀσπερ
3836 5399 3946 5451 ἐπι-

2342 5468 2431 5528 ϐὰς
2480 5470 2858 5542 Ἰεροσολύμων,
2939 5474 3045 5529 ἐπεὶ
3114 5481 3234 5539 τοὺς
3315 5477 3607 5544 Ἰουδαίους
3681 5486 3814 5554 ἔγνω
3871 5493 3945 5559 μη

2340 5560 2474 5610 κατὰ
2498 5564 2708 5631 γνώμην
2757 5563 2895 5635 αύτῷ
2939 5561 3314 5638 δίακειμένους,
3367 5567 3495 5622 ἀλλὰ
3537 5579 3609 5642 τῷ
3658 5572 3946 5646 ἀλλόφυλον
