4144 6258
218 301 339 357 537

1429 306 1694 364 ORATIO
1735 308 1825 364 DE
1866 309 2139 366 SANCTA
2181 313 2434 369 MARIA.

3547 318 3652 373 538

221 427 565 500 prophetia,
589 442 724 499 quae
745 443 865 484 non
886 429 1258 488 defecturum
1281 433 1610 505 principem
1641 448 1710 488 ex
1732 433 1888 489 Juda
1921 435 1964 488 A
1995 435 2275 509 Josepho)
2304 439 2532 495 accedit
2557 440 2634 495 ad
2664 457 2800 496 eum
2831 440 2926 496 hic
2958 441 3243 507 Herodes,
3279 447 3333 498 et
3359 442 3649 498 exercitus

223 533 427 590 neque
465 517 679 572 ducem
719 534 791 572 ex
823 517 1152 576 femoribus
1184 522 1362 588 illius,
1389 523 1580 578 donec
1639 524 1882 587 venerit,

225 609 324 661 cui
340 611 426 662 est
439 606 993 678 repositum:ipsum
1013 614 1213 665 autem
1241 626 1370 666 esse
1383 611 1886 682 exspectationem

228 695 500 763 gentium
520 696 563 730 ¹¹
579 695 676 766 (de
705 695 936 752 Christo
954 697 1218 754 videlicet
1241 699 1356 755 hoc
1372 699 1557 771 dicit),
1591 699 1886 770 explicare

229 783 800 855 aggredimur.Tunc
814 784 970 841 enim
986 785 1078 841 ille
1090 787 1602 860 advenit,quando
1619 788 1886 860 deinceps

230 873 569 930 defecerant
622 873 856 929 Iudaici
897 875 1220 947 principes,
1279 882 1334 932 et
1379 877 1663 934 Romanis
1720 883 1888 934 erant

227 963 474 1035 sceptris
505 963 772 1032 subjecti.
807 963 996 1019 Simul
1019 967 1180 1020 enim
1212 971 1268 1022 et
1297 966 1560 1021 Christus
1599 965 1882 1031 nascitur,

229 1057 287 1107 et
314 1050 486 1106 ﬁtilla
527 1068 542 1118 ι
567 1049 724 1106 rima
753 1050 1070 1123 descriptio
1097 1069 1266 1109 :cum
1284 1053 1534 1109 Romani
1549 1054 1886 1110 scilicetdO'

232 1140 529 1194 minatum
560 1137 896 1194 obtinerent
945 1141 1006 1195 in
1037 1147 1272 1212 gentem
1301 1142 1665 1206 Iudaeorum,
1695 1147 1752 1197 et
1780 1158 1882 1197 eos

231 1243 344 1282 suo
361 1227 494 1298 subj
506 1227 1089 1300 unxissentimperio.
1112 1230 1420 1303 Antipater
1430 1231 1589 1286 enim
1604 1236 1770 1302 pater
1785 1233 1887 1285 He-

230 1313 415 1380 rodis,
456 1315 558 1387 qui
599 1321 808 1386 postea
845 1317 1123 1389 princeps
1154 1317 1260 1374 fuit
1286 1319 1346 1373 in
1375 1318 1605 1382 Judtea,
1639 1333 1884 1373 uxorem

229 1403 400 1458 duxit
417 1418 486 1457 ex
503 1403 739 1469 Arabia,
761 1406 1002 1476 Cyprim
1020 1407 1264 1462 nomine
1293 1425 1305 1465 :
1340 1423 1472 1479 qua)
1493 1423 1627 1462 eum
1653 1411 1881 1478 patrem

228 1490 424 1547 effecit
450 1497 709 1564 quatuor
725 1492 1003 1557 ﬁliorum,
1031 1509 1288 1566 quorum
1321 1501 1447 1551 erat
1476 1495 1570 1550 hic
1597 1510 1752 1549 unus
1774 1494 1882 1549 He-

229 1580 428 1635 rodes.
461 1581 653 1636 Satius
678 1585 765 1636 est
792 1587 1009 1652 autem,
1037 1588 1100 1637 ut
1127 1599 1311 1655 quam
1340 1583 1714 1654 apertissime
1742 1598 1880 1654 pos-

226 1685 458 1735 sumus,
485 1685 610 1724 rem
623 1670 1016 1726 declaremus.
1039 1675 1184 1728 Cum
1204 1673 1361 1727 enim
1380 1674 1683 1743 Hyrcanus
1701 1671 1878 1726 frater

1997 528 2053 578 et
2070 525 2374 597 impensas
2387 529 2437 583 ei
2461 528 2926 600 suppeditando,
2942 547 3058 585 non
3080 531 3362 587 mediocri
3392 531 3649 600 fungens

1997 611 2160 681 apud
2208 629 2346 668 eum
2397 631 2660 670 munere.
2708 614 2855 670 Cum
2897 623 3097 671 autem
3149 623 3202 672 et
3244 617 3551 689 CleOpatra
3597 621 3654 673 et

1999 700 2281 772 Egyptus
2303 710 2502 758 essent
2526 704 2584 758 in
2611 703 2891 758 manibus
2920 706 3186 774 Augusti,
3216 706 3317 777 qui
3341 706 3473 778 jam
3505 706 3652 761 duo-

1996 788 2189 844 decim
2220 806 2411 847 annos
2439 793 2856 863 imperaverat,
2893 793 3018 864 ipse
3041 796 3292 849 Romam
3326 801 3645 860 revertens,

1998 892 2247 943 memor,
2291 886 2352 935 ut
2376 885 2460 935 est
2488 885 2979 948 consentaneum,
3021 881 3219 947 ofﬁcii,
3255 897 3378 953 quo
3422 882 3482 936 in
3514 897 3651 938 eum

1999 979 2140 1019 usus
2171 966 2357 1022 fuerat
2389 969 2663 1033 Herodes,
2697 969 3216 1025 senatusconsulto
3244 968 3465 1024 Judaei
3511 985 3651 1024 eum

1996 1068 2197 1121 regem
2227 1055 2416 1125 elegit,
2445 1059 2496 1111 ei
2526 1074 2768 1129 quoque
2799 1058 3079 1129 imposito
3119 1057 3479 1112 diademate.
3539 1057 3649 1122 Qui

1999 1157 2128 1196 cum
2149 1145 3180 1217 venissetHierosolymam,quoniam
3203 1145 3422 1201 sciebat
3437 1145 3652 1200 Judasos

1997 1245 2118 1285 non
2147 1247 2274 1286 esse
2290 1232 2442 1286 bene
2469 1234 2527 1287 in
2555 1250 2692 1288 eum
2719 1233 2984 1300 affectos,
3022 1234 3125 1288 sed
3144 1233 3307 1304 quod
3332 1238 3491 1289 esset
3516 1233 3653 1288 alie-

1995 1319 2232 1388 nigena,
2266 1325 2319 1375 et
2357 1320 2581 1393 alioqui
2647 1338 2820 1393 asper
2871 1328 2926 1376 et
2977 1321 3251 1386 difﬁcilis,
3310 1323 3436 1392 ejus
3491 1336 3648 1390 aegre

1998 1408 2147 1462 ferre
2209 1407 2537 1480 imperium,
2598 1425 2804 1464 eorum
2853 1409 3097 1481 quidem
3159 1409 3480 1464 nonnullos
3551 1425 3655 1464 oc-

1991 1496 2150 1562 cidit,
2169 1497 2440 1567 plurimis
2462 1503 2658 1552 autem
2684 1496 2995 1561 malefecit,
3017 1498 3434 1568 civitatemque
3465 1505 3521 1552 et
3546 1496 3649 1551 Dei

1989 1583 2278 1655 templum
2310 1585 2517 1640 stolide
2544 1592 2598 1640 et
2620 1587 2890 1656 improbe
2925 1601 2985 1640 re
2999 1585 3152 1654 jegit
3181 1586 3241 1640 in
3273 1587 3645 1640 servitutem.

1987 1669 2082 1725 Ille
2111 1687 2252 1740 ergo
2281 1673 2434 1728 male
2465 1681 2634 1728 utens
2662 1678 2973 1744 potestate,
3008 1673 3295 1745 quiddam
3338 1673 3651 1743 insigniter

226 1759 564 1826 Aristobuli,
593 1764 729 1831 post
757 1760 1177 1833 interemptum
1209 1761 1608 1817 Aristobulum
1635 1760 1877 1832 pontiﬁ-
1905 1770 1950 1824 Β
1985 1759 2336 1816 sceleratum
2382 1761 2598 1832 adjicit,
2633 1771 2688 1815 et
2716 1761 2881 1833 quod
2910 1767 3032 1817 erat
3062 1761 3155 1816 sui
3203 1760 3325 1816 vitii
3371 1767 3640 1831 apertum

225 1864 377 1912 cem,
410 1848 515 1920 qui
554 1849 735 1904 etiam
767 1849 1048 1906 diadema
1085 1849 1313 1920 regium
1347 1850 1458 1906 sibi
1484 1850 1871 1922 imposuerat,

227 1936 460 1993 vinctus
490 1953 525 1991 a
564 1937 848 2008 Pompeio
899 1938 1051 1993 duce
1101 1941 1503 1994 Romanorum
1561 1954 1698 1994 cum
1744 1937 1876 1992 ﬁliis

227 2025 482 2080 Romam
514 2026 761 2097 turpiter
789 2032 940 2082 esset
977 2027 1365 2083 transmissus
1406 2029 1554 2098 (quo
1607 2035 1875 2097 tempore

226 2115 612 2171 constitutum
631 2131 875 2188 quoque
889 2122 974 2172 est
1001 2116 1098 2172 utJ
1109 2117 1261 2172 udaei
1279 2117 1497 2173 tributa
1526 2116 1876 2187 penderent)

223 2214 484 2274 cumque
517 2210 724 2274 postea
750 2205 1056 2275 Hyrcanus
1083 2205 1210 2277 ipse
1239 2211 1473 2260 creatus
1499 2204 1763 2276 pontifex
1801 2203 1879 2260 ab

220 2289 434 2346 eodem
469 2292 769 2363 Pompeio,
793 2309 826 2347 a
844 2292 1074 2348 Parthis
1097 2293 1305 2349 fuisset
1325 2299 1628 2364 postremo
1640 2298 1874 2364 captus,

221 2385 278 2433 et
312 2380 1406 2453 Antipaterdolofuissetinteremptus,
1439 2382 1542 2454 qui
1563 2387 1691 2437 erat
1712 2387 1883 2453 pater

230 2468 494 2532 Herodis,
522 2469 624 2539 qui
652 2468 760 2523 fuit
803 2473 1009 2540 postea
1032 2485 1133 2524 rex
1157 2469 1398 2537 Judeem,
1423 2476 1479 2525 et
1500 2484 1678 2525 nemo
1699 2475 1876 2536 esset,

223 2556 330 2628 qui
361 2573 455 2612 res
487 2557 828 2612 Judaaorum
845 2557 1157 2622 obtineret,
1186 2558 1282 2613 hic
1315 2558 1569 2613 Herodes
1589 2542 1882 2629 Antipatri

221 2645 402 2711 ﬁlius,
425 2661 562 2702 cum
586 2647 840 2703 dedisset
858 2647 1151 2718 plurimas
1180 2647 1463 2704 Romanis
1491 2647 1797 2720 pecunias,
1821 2655 1878 2702 et

221 2734 420 2792 fmdus
450 2751 588 2791 cum
629 2736 714 2791 eis
744 2737 1023 2803 inivisset,
1057 2736 1286 2792 obtinet
1331 2736 1668 2806 imperium.
1713 2736 1878 2800 Qum-

221 2839 362 2880 nam
396 2829 596 2879 autem
626 2824 807 2894 hujus
833 2824 914 2878 rei
940 2824 1083 2878 data
1112 2823 1188 2878 sit
1229 2824 1280 2877 ei
1320 2823 1576 2892 occasio,
1608 2823 1878 2877 dicemus

218 2927 409 2983 quam
430 2911 558 2966 ﬁeri
596 2916 789 2982 potest
817 2910 1184 2966 brevissime.

293 3003 353 3056 X.
391 2999 537 3054 Cum
575 3000 874 3068 Augustus
908 3001 1105 3056 Caesar
1135 2998 1194 3052 in
1242 2996 1557 3068 Egyptum
1591 3012 1729 3052 cum
1757 3011 1881 3050 ma-

1997 1846 2304 1905 indicium.
2328 1849 2614 1905 Tribuum
2639 1850 2802 1905 enim
2832 1855 2886 1905 et
2911 1849 3294 1917 familiarum,
3321 1865 3455 1921 quae
3485 1855 3656 1904 erant

1995 1938 2054 1993 iu
2105 1937 2329 2003 Judeea,
2365 1938 2630 2009 publicas
2684 1939 3002 2010 scripturas
3040 1953 3076 1992 a
3117 1943 3377 2009 tempore
3433 1937 3651 2002 Esdree,

1991 2041 2117 2082 rem
2145 2026 2366 2082 faciens
2402 2025 2627 2082 invidia
2652 2027 2887 2098 plenam
2929 2031 2984 2081 et
3008 2024 3262 2091 insania,
3296 2024 3418 2094 igni
3452 2025 3650 2081 tradit.

1991 2117 2216 2187 Scopus
2255 2120 2454 2171 autem
2513 2120 2641 2170 erat
2692 2115 3157 2187 inprobissimus
3206 2129 3218 2168 :
3275 2128 3513 2184 nempe,
3573 2128 3649 2168 ne

1991 2210 2198 2259 notum
2231 2209 2383 2259 esset
2418 2203 2658 2271 Judaeis,
2689 2220 2761 2259 ex
2809 2219 3077 2275 quanam
3129 2202 3166 2257 ii
3207 2207 3345 2257 sunt
3387 2201 3556 2267 tribu,
3589 2205 3646 2256 et

1992 2293 2239 2364 quinam
2261 2308 2328 2348 ex
2357 2292 2442 2346 eis
2467 2292 3008 2363 suntindigenaa,et
3031 2293 3280 2362 quinam
3307 2305 3380 2345 ex
3401 2290 3472 2344 iis
3500 2305 3656 2360 quos

2001 2384 2129 2453 ipse
2181 2381 2411 2436 solebat
2453 2380 2755 2453 appellare
2806 2386 3042 2453 γειώρας,
3085 2379 3146 2434 id
3198 2383 3305 2444 est,
3363 2377 3650 2434 advenas.

1995 2469 2205 2524 Praeter
2229 2470 2345 2525 alia
2376 2475 2595 2533 autem,
2630 2485 2767 2524 cum
2831 2466 3264 2523 sacerdotalem
3307 2472 3536 2520 vestem
3590 2464 3652 2520 in

1989 2557 2256 2628 quodam
2297 2573 2435 2613 vase
2466 2558 2847 2628 reposuisset,
2893 2557 3032 2611 viris
3076 2554 3351 2624 indignis,
3385 2554 3650 2624 pecuniis

1987 2644 2162 2721 (proh
2225 2645 2394 2700 dolor
2417 2645 2454 2717 Ι)
2509 2649 2777 2716 emptum
2832 2643 3163 2699 mandabat
3220 2641 3650 2713 pontiﬁcatum.

1987 2733 2056 2788 Et
2082 2732 2210 2788 hec
2230 2733 2473 2804 quidem
2500 2733 2628 2788 iste.

2057 2822 2158 2876 XI.
2184 2821 2330 2876 Cum
2348 2827 2548 2878 autem
2572 2821 3080 2889 CaesarAugustus
3113 2819 3649 2891 quadragesimum

1990 2909 2323 2964 secundum
2362 2911 2452 2964 sui
2478 2910 2709 2980 imperii
2736 2913 2939 2978 ageret
2967 2923 3215 2972 annum,
3259 2907 3378 2962 exit
3443 2907 3521 2962 ab
3580 2923 3651 2962 eo

1989 2997 2270 3060 edictum,
2306 3003 2366 3052 ut
2396 2997 2496 3052 ﬁat
2521 2997 2838 3068 descriptio
2873 2995 3131 3051 universi
3160 2995 3323 3050 orbis
3357 3000 3524 3051 terra:
3572 2997 3644 3047 η.

223 3087 404 3144 ximis
434 3088 618 3158 copiis
644 3087 768 3152 iret,
793 3086 869 3142 ad
917 3086 1167 3151 bellum,
1227 3088 1500 3157 inquam,
1556 3085 1880 3156 Cleopatrae
1919 3111 1960 3168 ρ
1990 3084 2144 3140 Abiit
2171 3085 2365 3155 itaque
2391 3085 2805 3156 unusquisque
2833 3085 2894 3139 in
2922 3100 3094 3139 suam
3127 3083 3442 3150 civitatem,
3475 3088 3538 3137 ut
3563 3081 3644 3136 ibi

227 3175 423 3248 (erant
451 3176 611 3230 enim
642 3175 698 3230 in
731 3175 862 3246 ejus
893 3179 1186 3245 potestate
1216 3189 1310 3229 res
1341 3172 1600 3246 Egypti,
1645 3179 1707 3228 ut
1742 3187 1880 3243 qum

229 3279 420 3335 genus
448 3263 699 3338 traheret
745 3278 820 3318 ex
867 3261 1217 3328 Ptolemaeis,
1257 3262 1408 3318 sicut
1436 3262 1618 3319 etiam
1651 3261 1884 3318 videtur

303 3443 346 3479 ¹¹
389 3442 532 3498 Gen.
564 3456 628 3508 ιι,
673 3444 758 3496 10.
838 3442 883 3476 ¹²
927 3442 1064 3495 Luc.
1106 3455 1166 3504 ιι,
1202 3443 1248 3493 1.

261 3619 390 3674 εἶναι
437 3624 527 3672 καὶ
559 3618 724 3681 ἄλλως
769 3615 1139 3692 δύσχρηστον,
1173 3615 1556 3688 βαρυνομένους
1587 3613 1746 3666 αὐτοῦ
1775 3617 1868 3670 τὴν

263 3708 460 3784 ἀρχὴν,
511 3707 675 3769 ἐνίους
732 3711 821 3778 μὲν
877 3707 1046 3758 αὐτῶν
1098 3711 1188 3757 καὶ
1237 3703 1519 3771 ἀπέκτεινε,
1567 3707 1686 3764 τοὺς
1731 3701 1871 3754 πλεί-

267 3818 424 3859 στους
455 3794 515 3850 δι
563 3804 734 3857 κακῶς
765 3792 982 3868 ἔδρασεν
1011 3812 1022 3823 ·
1057 3789 1492 3864 ἠνδραποδίσατό
1539 3811 1592 3844 τε
1635 3796 1726 3849 τὴν
1775 3794 1866 3842 πό-

265 3886 366 3949 λιν,
413 3891 502 3937 καὶ
545 3888 603 3937 τὸ
654 3891 744 3936 τοῦ
795 3891 929 3936 Θεοῦ
979 3885 1110 3953 ἱερόν
1162 3880 1386 3943 ἀνοήτως
1434 3886 1523 3933 καὶ
1564 3881 1864 3953 μοχθηρῶς.

271 3981 454 4035 Κακῶς
512 3969 599 4026 οὖν
649 3971 836 4032 ἐκεῖνος
888 3979 950 4044 τῇ
1004 3970 1216 4040 ἐξουσίᾳ
1267 3975 1558 4043 χρώμενος,
1617 3964 1726 4020 εἶτα
1778 3971 1867 4019 καὶ

267 4065 586 4136 παράσημον
643 4081 692 4113 τι
758 4062 1105 4136 προστίθησι,
1158 4065 1247 4112 καὶ
1306 4055 1498 4131 δεῖγμα
1556 4061 1707 4130 σαφὲς
1778 4064 1869 4116 τῆς

274 4157 520 4227 σφετέρας
576 4154 782 4213 κακίας.
842 4151 1024 4211 Πάσας
1071 4151 1172 4220 γὰρ
1227 4151 1313 4208 τὰς
1373 4157 1472 4199 τῶν
1531 4145 1578 4198 ἓν
1636 4142 1871 4214 Ἰουδαίᾳ

272 4241 438 4314 φυλῶν
486 4245 575 4292 καὶ
621 4247 777 4309 γενῶν
833 4235 1128 4309 δημοσίους
1171 4235 1487 4310 ἀναγραφὰς,
1534 4238 1587 4285 αἱ
1631 4234 1731 4285 ἀπὸ
1779 4239 1869 4282 τοῦ

272 4327 480 4404 Ἐσδρα
532 4330 818 4400 ἐτύγχανον
872 4323 1049 4390 οὖσαι,
1105 4327 1291 4396 φθόνου
1349 4329 1436 4374 καὶ
1485 4326 1667 4394 μανίας
1725 4323 1870 4394 ἔργον

273 4427 453 4486 ποιῶν,
503 4423 632 4489 πυρὶ
682 4413 900 4469 δίδωσι.
954 4419 1054 4466 Καὶ
1098 4415 1123 4464 ὁ
1174 4414 1383 4477 σκοπός,
1430 4413 1499 4470 ὡς
1541 4405 1735 4479 κομιδῆ
1783 4427 1872 4460 πο-

1990 3173 2438 3228 describeretur.
2488 3173 2811 3242 Oportebat
2839 3173 2993 3227 enim
3041 3173 3102 3227 in
3155 3171 3446 3226 descensu
3495 3171 3647 3240 ejus,

1991 3263 2095 3335 qui
2139 3265 2348 3331 regnat
2381 3260 2438 3314 in
2473 3259 2654 3325 caelis,
2688 3265 2855 3315 terres
2889 3275 3130 3330 quoque
3161 3259 3460 3330 principes
3500 3272 3656 3314 con-

2004 3617 2119 3685 ρίας
2199 3615 2312 3670 ἤτοι
2383 3618 2478 3672 τῆς
2530 3606 2817 3670 Ἰουδαίας.
2877 3608 3060 3681 Ἀπῄει
3113 3614 3383 3680 τοιγαροῦν
3439 3606 3656 3667 ἕκαστος

2006 3701 2075 3762 εἰς
2130 3704 2223 3758 τὴν
2287 3695 2426 3751 ἰδίαν
2484 3697 2899 3772 ἀπογράψασθαι
2972 3698 3145 3752 πόλιν,
3220 3693 3368 3746 Ἐδει
3413 3696 3514 3768 γὰρ
3584 3701 3648 3766 τῇ

2003 3792 2134 3862 πρὸς
2184 3795 2283 3858 γῆν
2335 3783 2545 3858 καθόδῳ
2592 3793 2685 3838 τοῦ
2749 3788 2798 3837 ἓν
2847 3785 3086 3856 οὐρανοῖς
3145 3782 3509 3856 βασιλεύοντος
3556 3786 3647 3834 καὶ

2003 3880 2126 3939 τοὺς
2176 3884 2274 3938 τῆς
2326 3884 2423 3947 γῆς
2473 3876 2739 3949 ἄρχοντας
2801 3873 3125 3945 λειτουργίας
3182 3871 3501 3941 εἰσενεγκεῖν.
3553 3877 3654 3927 Καὶ

2003 3964 2113 4018 ἕπεὶ
2187 3968 2245 4017 τὸ
2327 3961 2502 4035 δόγμα
2568 3959 2776 4021 δηλαδὴ
2855 3969 2950 4022 τῆς
3016 3960 3317 4034 ἀπογραφῆς
3374 3962 3498 4033 πρός
3560 3963 3654 4016 τὴν

2006 4058 2247 4126 σφετέραν
2296 4054 2512 4105 ἕκαστον
2560 4053 2780 4103 συνώθει
2833 4046 3071 4121 πατρίδα
3126 4069 3137 4080 ·
3191 4051 3357 4118 τούτῳ
3418 4050 3502 4098 καὶ
3547 4046 3654 4100 Ἰωο

2007 4146 2112 4210 σήφ
2168 4142 2484 4208 πειθόμενος,
2553 4137 2607 4189 ἐκ
2659 4147 2752 4196 τῆς
2809 4137 3100 4200 Γαλιλαίας,
3165 4133 3220 4185 ἐκ
3271 4134 3462 4196 πόλεώς
3523 4153 3656 4205 φημι

2003 4227 2262 4299 Ναζαρὲτ,
2317 4226 2384 4285 εἰς
2440 4231 2533 4283 τήν
2586 4223 2844 4277 Ἰουδαίαν
2898 4224 3188 4296 ἀφικνεῖται
3249 4226 3374 4295 πρὸς
3431 4222 3656 4287 Βηθλεὲμ

2004 4314 2171 4378 πόλιν,
2202 4313 2232 4371 ἢ
2264 4312 2408 4374 πόλις
2460 4311 2572 4364 ἕστὶ
2605 4308 2788 4365 Δαϐίδ.
2847 4317 2946 4364 Καὶ
2993 4312 3019 4369 ἦ
3064 4311 3225 4375 αἰτία,
3280 4313 3338 4361 τὸ
3385 4305 3514 4361 εἶναι
3557 4309 3655 4360 αύ-

2003 4407 2091 4456 τὸν
2132 4402 2185 4465 ἐξ
2240 4405 2382 4454 οἴκου
2440 4406 2569 4472 φησί
2621 4404 2712 4451 καὶ
2785 4405 3026 4471 πατριᾶς,
3087 4399 3112 4450 ὃ
3181 4399 3293 4450 ἐστι
3363 4401 3656 4468 συγγενείας

275 4511 473 4581 νηρόςο
533 4485 614 4557 ἶνα
668 4508 856 4576 μηκέτι
913 4509 1021 4561 τοῖς
1080 4495 1359 4560 Ἰουδαίοις
1415 4503 1672 4572 γνώριμον
1817 4494 1872 4547 ἐκ
1930 4524 1974 4579 D
2007 4487 2191 4545 Δαϐίδ.
2226 4491 2545 4562 Ἀφικνεῖται
2595 4485 2653 4540 δὲ
2706 4491 2834 4561 πρὸς
2883 4486 3211 4559 ἀπογραφὴν,
3269 4489 3360 4538 σύν
3416 4493 3478 4558 τῇ
3529 4487 3658 4536 θαυ-

277 4601 430 4656 ποίας
473 4593 618 4647 οὗτοι
664 4593 998 4663 τυγχάνουσι
1043 4595 1286 4663 πατριᾶς,
1335 4592 1423 4639 καὶ
1471 4591 1600 4648 τίνες
1648 4587 1737 4657 μεν
1783 4585 1866 4636 αύ-

279 4692 376 4737 τῶν
407 4685 455 4736 οἱ
502 4678 768 4754 ἡμεδαποὶ
809 4684 899 4732 καὶ
948 4679 1282 4750 αὐτόχθονες,
1313 4681 1442 4737 τίνες
1492 4671 1549 4728 δὲ
1593 4674 1678 4735 ούς
1725 4679 1873 4746 γειὼ-

277 4790 371 4847 ρας
422 4772 618 4824 εἴθιστο
659 4769 848 4823 καλεῖν.
905 4771 1034 4841 Πρὸς
1081 4774 1186 4828 τοῖς
1226 4765 1416 4833 ἄλλοις,
1459 4769 1548 4817 καὶ
1592 4769 1686 4823 τὴν
1734 4766 1870 4837 ἱερα-

278 4865 422 4918 τικὴν
453 4859 640 4918 στολὴν
686 4857 734 4910 ἂν
783 4859 952 4910 σκεύει
984 4853 1052 4915 δή
1098 4875 1200 4908 τινι
1231 4854 1554 4925 ἀποθέμενος,
1588 4857 1676 4905 καὶ
1708 4871 1872 4926 σφρα-

275 4948 436 5023 γῖδας
491 4947 764 5012 ἐπιϐαλὼν,
827 4945 1052 5017 ἀσήμοις
1129 4941 1359 5018 ἀνδράσι
1430 4950 1520 5014 φεύ
1581 4944 1871 5014 χρημάτων

277 5045 424 5093 ὤνιον
472 5044 565 5097 τὴν
618 5037 1015 5111 ἀρχιερωσύνην
1059 5033 1231 5086 ἐτίθει.
1286 5037 1386 5086 Καὶ
1443 5039 1604 5083 ταῦτα
1653 5033 1742 5101 μὲν
1791 5029 1874 5081 ού-

277 5149 392 5190 τως.
453 5124 595 5186 ’Ἤδη
648 5123 707 5179 δὲ
767 5129 1032 5196 Καίσαρος
1088 5122 1414 5192 Αὐγούστου,
1474 5116 1710 5193 δεύτερον
1768 5121 1872 5178 ἔτος

277 5224 366 5272 καὶ
419 5218 841 5288 τεσσαρακοστὸν
900 5211 1286 5285 βασιλεύοντος,
1340 5209 1498 5271 ἔξεισι
1539 5208 1662 5279 παρ’
1711 5207 1871 5258 αὐτοῦ

279 5305 475 5380 δόγμα.
509 5305 818 5378 ἀπογραφὴν
846 5303 989 5373 πάσῃ
1040 5307 1103 5372 τῇ
1151 5299 1420 5369 οἰκουμένη
1467 5294 1868 5367 ἐγκελευόμενον,

278 5400 438 5468 ἤγουν
484 5394 781 5468 φοριλογίαν
807 5409 819 5422 ’
853 5395 943 5442 καὶ
987 5391 1180 5446 ταύτην
1232 5389 1468 5459 Κυρηνίῳ
1516 5388 1639 5451 τινὶ,
1686 5385 1750 5442 ὡς
1793 5381 1872 5434 εύο

277 5487 546 5556 νουστάτῳ
587 5488 677 5535 καὶ
727 5486 913 5555 πρώτῳ
953 5486 1042 5538 τῆς
1089 5475 1380 5547 συγκλήτου
1433 5472 1643 5545 βουλῆς,
1677 5473 1702 5522 ὁ
1749 5477 1872 5524 Καῖ-

281 5593 380 5647 σαρ
439 5573 769 5646 ἐνεχείρισεν,
824 5569 878 5622 ὃν
929 5573 1018 5620 καὶ
1068 5569 1386 5622 κατέστησεν
1435 5563 1719 5634 ἡγούμενον
1778 5567 1869 5614 Συ-

2006 4582 2307 4654 μασιωτάτῃ
2364 4585 2620 4649 γυναικῶν
2673 4581 2872 4651 Μαρίᾳ,
2931 4579 3060 4649 οὕση
3131 4575 3323 4646 ἐγκύῳ.
3395 4579 3496 4626 Καὶ
3553 4575 3654 4646 γάρ

2006 4673 2036 4730 ἠ
2090 4672 2178 4741 μὲν
2224 4667 2489 4727 Γαλιλαία,
2536 4672 2694 4739 χώρα
2745 4670 2819 4725 τίς
2885 4663 2999 4716 ἐστι
3058 4663 3407 4722 Παλαιστίνης
3468 4679 3480 4692 ⁸
3529 4662 3558 4718 ἠ
3598 4657 3657 4712 δὲ

2006 4759 2246 4830 Ναζαρετ
2323 4756 2467 4815 πόλις
2540 4762 2630 4814 τῆς
2699 4752 2994 4814 Γαλιλαίας.
3084 4751 3242 4804 Πάλιν
3307 4752 3337 4807 ἡ
3399 4745 3652 4808 Ἰουδαία,

2006 4852 2159 4920 χώρα
2211 4853 2291 4907 τῖς
2346 4845 2480 4896 ούτω
2535 4845 3020 4914 προσαγορευομένη
3081 4856 3094 4870 ⁸
3124 4839 3352 4910 Βηθλεὲμ
3405 4833 3464 4889 δὲ
3506 4835 3653 4896 πόλις

2007 4944 2102 4996 τῆς
2149 4931 2433 4994 Ἰουδαίας.
2507 4935 2605 4984 Τὸν
2662 4934 2752 5003 μέν
2821 4949 2901 4982 τοι
2973 4931 3196 5001 Χριστὸν
3265 4928 3313 4978 οἱ
3391 4932 3658 4996 προφῆται

2004 5025 2189 5086 πάντες
2241 5023 2335 5075 ούκ
2377 5021 2478 5073 ἀπὸ
2530 5027 2624 5082 τῆς
2671 5019 2932 5091 Ναζαρὲτ,
2990 5016 3097 5067 ἀλλ’
3153 5014 3252 5067 ἀπὸ
3300 5021 3394 5075 τῆς
3431 5012 3657 5085 Βηθλεὲμ

2007 5115 2228 5185 ἔφασκον
2293 5109 2453 5174 ἥξειν,
2510 5107 2658 5161 κάκεῖ
2711 5107 3086 5178 τεχθήσεσθαι.
3156 5105 3294 5156 Ἐπεὶ
3367 5099 3453 5153 οὖν
3505 5120 3654 5173 φανε-

2006 5205 2095 5274 ρόν
2147 5199 2341 5253 ἅπασιν
2387 5195 2466 5260 ἦν,
2512 5197 2614 5249 ἀπὸ
2643 5205 2738 5256 τῆς
2775 5195 2996 5266 Βηθλεὲμ
3028 5197 3114 5245 τόν
3145 5195 3330 5265 Κύριον
3377 5191 3655 5263 ἔρχεσθαι,

2007 5295 2296 5363 γέγραπται
2340 5290 2463 5361 γὰρ,
2499 5287 2566 5347 ὡς
2597 5287 2801 5356 ἔφημεν.
2861 5287 2961 5335 Καὶ
3010 5285 3095 5346 σύ,
3147 5280 3373 5350 Βηθλεὲμ
3402 5277 3543 5341 οἶκος
3567 5286 3656 5331 τοῦ

2008 5379 2256 5452 Ἐφραθά,
2311 5376 2578 5446 ὀλιγοστὸς
2627 5369 2674 5425 εἶ
2722 5379 2813 5423 τοῦ
2877 5367 3006 5424 εἶναι
3063 5367 3110 5420 ἒν
3165 5368 3404 5441 χίλιάσιν
3455 5363 3654 5432 Ἰούδα,

2010 5467 2064 5520 ἐκ
2123 5473 2217 5519 σοῦ
2274 5484 2363 5537 μοι
2409 5462 2723 5526 ἐξελεύσεται
2769 5467 2861 5513 τοῦ
2913 5455 3041 5512 εἶναι
3091 5458 3163 5521 εἰς
3209 5458 3447 5532 ἄρχοντα
3491 5455 3539 5507 ἓν
3581 5462 3654 5525 τῷ

2011 5555 2246 5630 Ἰσραήλ.
