4144 6258
494 293 602 347 543

1854 288 2115 347 MENSIS
2152 286 2552 347 AUGUSTUS.

3812 286 3933 341 544

498 431 642 472 nam
671 432 810 488 ergo
840 419 1178 476 existimare
1203 427 1429 493 oportet
1464 423 1625 477 hunc
1667 436 1795 476 esse
1827 416 2088 487 gladium
2115 413 2143 466 ‘?
2175 412 2220 466 Α
2260 414 2458 470 statim
2514 418 2718 469 testem
2795 411 3176 467 adduxerunt
3239 411 3626 482 prophetam,
3689 410 3792 483 qui
3866 417 3932 466 et

498 506 652 561 Num
669 506 1117 573 dubitationem,
1136 512 1558 576 ostensionem,
1578 510 1983 569 tentationem,
2008 518 2142 574 quae

500 592 559 647 in
618 601 881 664 tempore
935 598 1126 652 crucis
1195 603 1379 666 tuam,
1438 616 1474 655 o
1533 602 1726 668 Virgo,
1759 594 2147 669 pervaserunt

500 680 759 735 animam
790 682 919 738 ?Te
944 699 1084 755 ergo
1136 685 1331 756 ipsam
1385 703 1626 759 quoque
1676 683 1904 741 etiamsi
1967 681 2146 734 desu-

498 783 597 837 per
622 769 854 823 Domini
887 771 1128 841 pulchre
1158 790 1253 828 res
1284 776 1557 839 didicisti,
1595 779 1839 844 attinget
1872 768 2087 840 aliquid
2117 767 2146 821 ?

502 856 957 913 Convenientius
1014 867 1100 916 est
1172 869 1393 928 autem,
1484 864 1651 935 quod
1714 862 1981 917 dolorem
2060 857 2144 926 ip-

501 960 634 999 sum
713 945 893 1013 gladii
946 963 1185 1005 nomine
1240 952 1678 1021 signiﬁcaverit,
1739 951 1844 1021 qui
1899 946 2144 1018 quidem

500 1035 763 1103 tempore
814 1036 1110 1091 Passionis
1184 1055 1316 1094 eam
1369 1041 1599 1095 invasit.
1684 1038 1831 1094 Nam
1880 1035 1939 1090 id
1983 1035 2145 1106 quod

501 1121 754 1176 dicitur:
794 1124 864 1180 Ut
896 1128 1235 1182 revelentur
1272 1144 1346 1185 ex
1393 1130 1596 1185 multis
1647 1127 1922 1184 cordibus
1989 1125 2147 1192 cogi-

503 1209 768 1274 tationes,
799 1212 874 1266 ad
898 1214 1213 1285 discipulos
1247 1220 1458 1285 magis,
1499 1233 1684 1288 quam
1734 1216 1811 1269 ad
1842 1230 1977 1268 eam
2018 1227 2145 1281 per-

501 1296 687 1352 tinere
729 1299 1004 1355 videtur:
1055 1319 1269 1375 nempe
1318 1304 1482 1376 quod
1536 1311 1669 1375 post
1699 1302 2052 1358 tentationes
2090 1303 2147 1353 et

503 1384 929 1452 dubitationes,
965 1406 1100 1460 quae
1141 1408 1239 1447 cor
1292 1409 1496 1448 eorum
1521 1395 1969 1453 concusserunt,
2025 1402 2145 1442 non

504 1474 759 1530 multum
815 1480 1095 1549 temporis
1139 1481 1481 1545 intercessit,
1541 1487 1595 1536 et
1649 1480 1816 1535 velox
1865 1477 2147 1551 quaedam

504 1561 697 1618 illuxit
749 1582 784 1620 a
836 1566 956 1621 Deo
1008 1574 1253 1635 curatio,
1305 1588 1507 1626 eorum
1592 1572 1824 1625 animos
1914 1567 2147 1638 replens

506 1653 1007 1724 tranquillitate,et
1034 1659 1109 1712 ad
1134 1658 1310 1715 ﬁdem
1334 1676 1508 1715 suam
1536 1658 1899 1715 conﬁrmans
1922 1655 2146 1726 magni-

503 1740 704 1794 tudine
742 1747 1198 1800 resurrectionis.

578 1828 686 1881 XV.
726 1831 835 1884 Sed
887 1831 945 1884 id
1008 1833 1171 1904 quod
1227 1835 1423 1906 capit,
1484 1840 1879 1906 persequatur
1934 1833 2145 1896 oratio,

505 1919 559 1969 et
584 1931 789 1971 rursus
821 1919 1073 1991 accipiat
1109 1939 1178 1978 ea
1216 1940 1351 1995 quae
1382 1924 1766 1995 prastermisit.
1800 1922 1938 1978 Cum
1966 1921 2146 1987 enim,

505 2002 714 2074 inquit,
739 2013 914 2063 natus
936 2013 1255 2068 essetJesus
1267 2014 1329 2068 in
1346 2013 1635 2071 Bethleem
1656 2012 1846 2076 Judw,
1866 2012 1930 2066 in
1946 2011 2150 2066 diebus

503 2092 758 2149 Herodis
780 2097 925 2167 regis
947 2101 1031 2152 ²⁵’.
1066 2101 1229 2155 Vides
1258 2102 1286 2155 ?
1346 2105 1408 2157 Et
1474 2109 1708 2173 tempus
1766 2101 1934 2156 nobis
1972 2115 2152 2155 evan-

506 2181 731 2248 gelista,
767 2188 823 2238 et
841 2185 1061 2253 locum,
1094 2193 1151 2243 et
1181 2192 1592 2246 auctoritatem
1651 2190 1918 2244 similiter
1972 2188 2152 2256 signi-

504 2267 645 2323 ﬁcat
702 2286 715 2323 :
756 2275 1167 2332 auctoritatem
1215 2279 1481 2349 quidem,
1544 2284 1603 2334 ut
1636 2295 1772 2333 eum
1840 2277 1916 2333 ab
1967 2277 2150 2332 altero

506 2357 729 2413 Herode
780 2360 1076 2419 discernat
1137 2382 1207 2421 ac
1276 2367 1620 2437 distinguat,
1696 2368 1796 2439 qui
1858 2367 2151 2421 Joannem

502 2444 868 2504 interfecerat
896 2451 942 2485 ³⁸
967 2467 979 2515 ;
1009 2451 1104 2506 ille
1122 2454 1284 2510 enim
1313 2463 1437 2510 erat
1480 2456 1792 2520 tetrarcha,
1825 2454 1921 2509 hic
1950 2462 2151 2510 autem

503 2545 643 2599 rex;
695 2533 891 2591 locum
948 2554 1085 2595 vero
1133 2548 1188 2595 et
1266 2546 1517 2613 tempus,
1574 2559 1684 2598 nos
1743 2544 2149 2598 transmittens

503 2619 580 2673 ad
612 2623 971 2693 prophetias.
997 2629 1256 2692 Quarum
1320 2631 1565 2685 alteram
1610 2631 1854 2703 quidem
1888 2630 2154 2700 praedixit

504 2706 930 2768 Michaaas:Et
996 2721 1059 2770 tu
1115 2717 1426 2784 Bethleem,
1486 2719 1710 2783 dicens,
1778 2724 1941 2774 terra
1981 2719 2150 2783 Iuda,

504 2812 871 2869 nequaquam
911 2818 967 2859 es
1006 2805 1251 2862 minima
1308 2808 1370 2863 in
1433 2809 1804 2877 principibus
1866 2807 2025 2863 Iuda
2082 2808 2150 2869 ’⁷,

504 2885 758 2941 Alteram
796 2905 933 2944 vero
961 2893 1146 2948 Iacob
1179 2896 1512 2965 patriarcha
1537 2913 1549 2951 :
1573 2897 1702 2951 Non
1723 2896 1943 2964 deﬁciet
1973 2896 2152 2959 enim,

504 2972 715 3044 inquit,
774 2979 1050 3048 princeps
1090 2998 1164 3039 ea:
1213 2984 1384 3048 Iuda,
1454 2992 1508 3041 et
1566 2986 1689 3041 dux
1726 2986 1797 3040 de
1828 2985 2153 3053 femoribus

502 3064 628 3129 ejus
650 3065 717 3117 ³⁸.
752 3067 1065 3130 Quomodo
1104 3082 1301 3128 autem
1333 3075 1516 3142 Magis
1548 3075 1704 3129 venit
1743 3074 1800 3128 in
1868 3081 2149 3138 mentem,
2191 3100 2232 3157 ρ

504 3155 815 3208 uttautum
854 3156 962 3210 iter
999 3159 1374 3225 conﬁcerent,
1450 3167 1507 3217 et
1562 3162 1827 3216 venirent
1875 3161 1953 3217 ad
2010 3161 2151 3216 ado-

499 3238 756 3295 randum
813 3242 1119 3311 infantem,
1186 3250 1288 3320 qui
1344 3255 1468 3305 erat
1534 3250 1732 3306 adhuc
1784 3251 1840 3305 in
1903 3249 2149 3314 fasciis;

504 3326 683 3398 idque
737 3345 875 3385 cum
914 3338 1066 3389 esset
1115 3336 1243 3406 ejus
1296 3343 1483 3394 mater
1542 3354 1766 3409 pauper
1823 3345 1878 3393 et
1934 3337 2152 3391 nullius

503 3416 782 3482 nominis,
828 3425 884 3474 et
938 3437 1073 3493 quze
1153 3424 1299 3479 nihil
1396 3425 1656 3481 habebat
1712 3431 1925 3497 praeter
1955 3425 2151 3481 solum

504 3505 807 3571 tugurium
836 3507 864 3561 ‘I
890 3511 1192 3583 Numquid
1220 3512 1468 3584 planum
1530 3518 1638 3580 est,
1701 3517 1887 3570 Deum
1944 3530 2151 3570 eorum

502 3589 739 3647 animos
771 3595 847 3649 ad
871 3595 985 3651 hoc
1017 3600 1275 3655 movisse
1297 3600 1325 3655 ?
1348 3601 1491 3657 Vide
1516 3603 1674 3658 enim
1687 3619 1892 3659 eorum
1912 3620 2153 3675 quoque

503 3678 727 3734 claram
758 3680 933 3737 fuisse
972 3687 1265 3756 virtutem,
1298 3705 1417 3744 non
1452 3691 1646 3746 solum
1679 3707 1749 3746 eo
1778 3692 1944 3763 quod
1979 3708 2151 3748 vene-

502 3766 636 3829 rint,
667 3769 771 3823 sed
809 3771 983 3826 etiam
1012 3774 1177 3844 quod
1210 3777 1489 3832 audacter
1518 3778 1773 3834 etlibere
1811 3780 2151 3851 loquantur.

504 3856 583 3908 Ne
610 3855 767 3911 enim
826 3858 1299 3917 existimarentur
1350 3864 1529 3920 fuisse
1582 3867 1890 3937 suppositi,
1931 3874 1986 3923 et
2042 3868 2155 3923 vim

502 3941 718 3999 ducem
756 3949 1079 4005 ostendunt
1111 3967 1123 4005 ;
1165 3953 1418 4009 Vidimus
1449 3956 1630 4021 enim,
1699 3956 1981 4021 dicentes,
2029 3958 2155 4026 ejus

502 4032 733 4088 stellam
757 4052 774 4104 ;
804 4041 860 4090 et
880 4038 989 4092 viae
1007 4041 1473 4109 magnitudinem
1500 4060 1512 4097 :
1542 4046 1605 4100 in
1625 4045 1879 4113 Oriente,
1912 4046 2152 4103 scilicet.

504 4118 723 4177 Deinde
754 4122 925 4179 etiam
952 4126 1184 4185 addunt
1221 4129 1514 4200 insignem
1552 4133 1851 4199 ﬁduciam,
1908 4150 2044 4190 cum
2067 4134 2153 4189 di-

503 4213 684 4269 cunt:
752 4213 828 4267 Et
892 4216 1155 4273 venimus
1210 4220 1287 4275 ad
1340 4236 1466 4277 eum
1526 4223 1920 4279 adorandum.
1960 4227 2158 4295 Neque

503 4296 608 4353 ira-
640 4300 862 4371 populi,
906 4318 1099 4377 neque
1130 4308 1283 4379 regis
1325 4311 1656 4381 tyrannidis
1689 4312 1872 4367 ullam
1928 4313 2156 4369 ducunt

504 4387 815 4443 rationem.
837 4392 976 4455 Quae
995 4410 1130 4448 cum
1154 4397 1442 4451 audiisset
1465 4399 1742 4463 Herodes,
1768 4403 2157 4458 conturbatus

504 4480 604 4538 est,
636 4474 843 4544 inquit.
877 4477 952 4532 De
985 4480 1235 4551 imperio
1275 4484 1431 4538 enim
1474 4502 1611 4541 eum
1644 4493 1835 4542 metus
1892 4494 2154 4559 ceperat.

507 4562 573 4616 Et
624 4561 759 4618 ideo
823 4565 897 4620 ad
941 4582 1003 4621 se
1050 4584 1291 4641 quoque
1364 4580 1689 4645 congregat
1742 4576 2053 4646 pontiﬁces
2096 4571 2157 4633 et

506 4650 734 4707 scribas
760 4654 983 4725 populi,
1017 4661 1071 4712 et
1119 4673 1219 4714 eos
1270 4660 1580 4731 diligenter
1636 4665 1974 4735 interrogat,
2034 4665 2156 4721 ubi-

504 4754 647 4795 nam
674 4740 937 4798 Christus
976 4753 1333 4804 nasceretur.

575 4828 706 4884 XVI.
734 4831 1057 4890 Considera
1087 4842 1286 4893 autem
1326 4838 1734 4897 admirabilem
1777 4857 1972 4897 rerum
2041 4842 2162 4898 dis-

504 4920 937 4992 pensationem,
971 4930 1025 4978 et
1044 4926 1561 4997 quemadmodum
1589 4930 1805 4987 veritas
1824 4932 2000 4987 etiam
2022 4948 2161 4988 suo-

504 5020 636 5059 rum
668 5007 1043 5066 inimicorum
1088 5014 1264 5069 utitur
1292 5016 1533 5071 auxilio.
1577 5020 1722 5073 Cum
1767 5020 1927 5074 enim
1985 5020 2156 5075 inter-

504 5101 854 5161 rogarentur
877 5099 1082 5166 Judaei,
1119 5102 1361 5158 ubinam
1395 5104 1658 5161 Christus
1693 5113 2051 5173 nasceretur,
2094 5108 2154 5174 ii,

507 5179 573 5233 In
600 5181 903 5242 Bethleem
932 5189 1122 5255 Judar,
1156 5196 1217 5246 ut
1248 5208 1338 5246 res
1360 5209 1420 5247 se
1450 5193 1727 5261 habebat,
1762 5195 2068 5252 dixerunt:
2102 5202 2158 5253 et

575 5303 646 5337 ³⁸·
679 5305 877 5363 Matth.
901 5326 958 5374 ll,
986 5320 1030 5366 ι.
1131 5317 1178 5351 ³⁸
1209 5316 1408 5372 Matth.
1437 5334 1558 5384 x1v,
1583 5334 1750 5392 seqq.

1855 5322 1897 5355 ³⁷
1933 5320 2102 5375 Mich.
2139 5337 2193 5386 v,
2236 5325 2288 5374 2.

2258 502 2554 558 Bethleem
2611 500 2976 570 magnifacit,
3022 506 3079 554 et
3117 515 3187 554 ex
3236 516 3305 555 ea
3336 501 3553 555 ducem
3587 501 3929 565 exiturum,

2255 597 2311 645 et
2342 592 2631 662 populum
2672 590 3057 645 lsraeliticum
3092 588 3170 643 ab
3222 604 3293 643 eo
3352 605 3479 644 esse
3538 589 3929 660 pascendum

2256 679 2538 749 praedicit.
2595 679 2686 735 Sic
2726 678 2762 733 ii
2795 680 2895 750 qui
2927 682 3098 732 erant
3136 693 3340 732 revera
3385 676 3634 746 inimici,
3668 694 3931 732 necesse

2255 768 2561 823 habebant
2590 768 2677 822 vel
2702 769 2867 823 inviti
2917 765 3145 837 aperire
3198 766 3599 838 prophetiam,
3652 766 3762 821 etsi
3804 782 3933 821 non

2254 872 2517 911 onmem.
2548 857 2718 923 Quod
2741 860 2899 911 enim
2929 855 3208 926 deinceps
3223 856 3502 927 sequitur,
3531 858 3928 921 reticuerunt,

2254 947 2418 1016 quod
2450 952 2536 1001 cst
2564 964 2576 1001 :
2604 947 2887 1016 Egressus
2914 948 3038 1015 ejus
3059 946 3134 1001 ab
3155 945 3346 1010 initio,
3377 960 3413 1001 a
3457 945 3663 1001 diebus
3686 946 3932 1001 «τίει-ηἰ-

2257 1039 2413 1089 tatis.
2448 1034 2562 1090 Cur
2593 1036 2675 1090 sic
2728 1035 2992 1089 fecerunt
3036 1034 3065 1089 Ἰ
3117 1034 3289 1099 Quod
3344 1034 3466 1103 regi
3538 1035 3929 1105 loquerentur

2256 1124 2336 1177 ad
2399 1124 2681 1192 gratiam.
2732 1123 2828 1178 Ille
2890 1128 3087 1178 autem
3144 1123 3287 1193 quid
3336 1122 3528 1178 facit?
3567 1122 3929 1178 Clanculum

2258 1217 2429 1265 vocat
2468 1211 2689 1281 Magos,
2732 1211 3042 1280 diligenter
3092 1216 3499 1282 perscrutatur
3529 1211 3747 1267 stultus
3776 1216 3929 1266 tem-

2257 1315 2369 1370 pus
2417 1300 2617 1371 stellae,
2670 1317 2805 1372 quae
2867 1301 3144 1371 apparuit
3193 1302 3298 1366 eis,
3373 1300 3501 1371 jam
3560 1300 3931 1372 aggrediens
3990 1332 4001 1339 κ

2256 1388 2331 1442 de
2396 1388 2593 1444 medio
2646 1389 2847 1444 tollere
2913 1389 2973 1443 id
3025 1405 3141 1460 quo
3210 1394 3417 1443 natum
3478 1389 3688 1444 fuerat.
3751 1389 3928 1454 Quod

2256 1468 2501 1539 quidem
2523 1485 2645 1523 non
2686 1468 2881 1524 solum
2915 1475 3038 1523 erat
3085 1470 3383 1535 amentiae,
3438 1469 3542 1523 sed
3602 1469 3789 1524 etiam
3844 1470 3931 1523 in-

2258 1558 2457 1612 sanim.
2492 1558 2673 1626 Cujus
2702 1557 2863 1611 modi
2896 1557 3054 1611 enim
3085 1562 3253 1611 erant
3293 1574 3364 1612 ea
3401 1573 3538 1629 quae
3606 1558 3764 1612 clam
3812 1560 3933 1611 Ma-

2259 1646 2351 1714 gis
2377 1644 2602 1700 vocatis
2642 1645 2948 1717 loquitur?
2980 1645 3081 1711 Ite,
3118 1651 3171 1700 et
3202 1646 3826 1716 diligenterinquirite
3861 1646 3932 1701 de

2186 1755 2229 1809 Β
2256 1748 2442 1802 puero
2492 1741 2841 1804 :poslquam
2907 1740 3102 1789 autem
3161 1734 3519 1802 inveneritis,
3586 1736 3933 1790 renuntiate

2258 1822 2426 1887 mihi,
2456 1827 2521 1876 ut
2552 1837 2649 1892 ego
2669 1837 2895 1893 quoque
2914 1822 3166 1887 veniens,
3195 1838 3325 1877 eum
3372 1824 3631 1878 adorem.
3664 1823 3928 1878 Evidens

2260 1917 2314 1965 et
2341 1918 2548 1981 aperta
2606 1912 2860 1966 insania.
2928 1912 2985 1967 Si
3074 1912 3232 1965 enim
3290 1927 3428 1966 vera
3492 1912 3739 1984 quidem
3790 1917 3929 1968 sunt

2260 2000 2464 2063 verba,
2533 2006 2587 2054 et
2645 2016 2765 2055 non
2822 2000 3130 2065 insidiosa,
3191 2016 3297 2055 cur
3357 2017 3493 2055 cum
3549 2002 3632 2055 eis
3676 2002 3929 2057 latenter

2260 2089 2640 2157 congrederis
2697 2089 2725 2145 ?
2776 2089 2874 2144 Sin
2935 2095 3133 2144 autem
3188 2088 3277 2143 vis
3334 2089 3556 2160 aliquid
3612 2089 3925 2144 sinistrum

2258 2176 2450 2232 celare
2476 2183 2531 2233 et
2554 2177 2844 2243 dolosum,
2877 2178 3185 2250 quomodo
3216 2194 3290 2233 ne
3348 2179 3461 2234 hoc
3512 2179 3759 2250 quidem
3822 2196 3926 2252 po-

2264 2264 2418 2319 tuisti
2463 2266 2816 2337 perspicere,
2851 2266 3015 2338 quod
3056 2266 3137 2321 sic
3176 2282 3212 2321 a
3241 2269 3419 2336 Magis
3458 2267 3925 2340 deprehenderis

2264 2354 2522 2423 maligne
2553 2362 2609 2409 et
2646 2354 2923 2410 scelerate
2952 2370 3174 2426 gerere,
3208 2355 3372 2427 quod
3401 2372 3637 2428 quaaras
3687 2357 3872 2413 latere
3899 2357 3926 2411 7

2265 2444 2405 2498 Hinc
2434 2459 2571 2498 cum
2629 2443 2796 2499 stella
2853 2445 2936 2498 eis
2983 2459 3191 2499 rursus
3232 2444 3624 2516 apparuisset,
3688 2446 3775 2501 eis
3799 2447 3925 2501 dux

2262 2530 2533 2599 efﬁcitur,
2596 2533 2746 2587 sicut
2818 2532 2891 2587 ab
2941 2532 3124 2587 initio.
3193 2534 3501 2590 Absconsa
3557 2536 3714 2590 enim
3774 2542 3921 2602 erat,

2265 2625 2585 2690 postquam
2610 2626 2967 2691 apparuerat
3014 2622 3092 2676 ad
3158 2622 3472 2688 Orientem,
3536 2629 3597 2679 ut
3650 2641 3783 2679 cum
3836 2625 3923 2680 illi

2262 2707 2478 2763 ducem
2511 2709 2931 2780 perdidissent,
2986 2712 3320 2767 necessario
3370 2710 3606 2767 Iudaeos
3669 2712 3927 2770 interro-

2264 2802 2488 2865 garent,
2542 2802 2600 2852 et
2642 2797 2726 2852 sic
2777 2814 2871 2853 res
2925 2799 3205 2855 evaderet
3258 2800 3565 2855 manifesta
3608 2801 3915 2857 omnibus.

2263 2883 2578 2955 Postquam
2609 2901 2750 2941 vero
2779 2886 2867 2942 vel
2893 2887 3056 2958 ipsos
3108 2887 3378 2944 inimicos
3414 2888 3668 2944 habuere
3715 2890 3919 2959 magi-

2263 2980 2433 3038 stros,
2463 2975 2547 3028 eis
2580 2990 2783 3030 rursus
2815 2981 3082 3047 apparet.

2334 3063 2494 3118 XVII.
2520 3062 2666 3119 Vide
2693 3070 2914 3129 autem,
2942 3081 3177 3136 aquam
3199 3066 3402 3122 multis
3422 3065 3488 3121 ﬁt
3508 3066 3637 3138 ejus
3653 3066 3917 3124 reiﬁdes.

2264 3154 2407 3207 Nam
2441 3168 2601 3207 nunc
2621 3152 2866 3222 quidem
2890 3153 3078 3221 stella,
3098 3170 3258 3209 nunc
3280 3154 3918 3226 populusJudaaorum,

2262 3239 2477 3295 deinde
2504 3241 2678 3295 etiam
2710 3241 2960 3311 insidias,
3017 3250 3072 3299 et
3124 3250 3419 3314 prmterea,
3452 3245 3761 3315 prophetia
3811 3244 3920 3301 do-

2263 3332 2395 3382 cent
2424 3328 2484 3382 id
2531 3328 2697 3399 quod
2743 3330 3137 3401 quaerebatur.
3164 3332 3383 3388 Deinde
3405 3348 3545 3389 cum
3584 3349 3688 3389 eos
3715 3349 3917 3389 rursus

2263 3415 2430 3471 stella
2455 3416 2778 3487 accepisset
2803 3433 2875 3473 ex
2902 3419 3341 3492 Hierosolymis,
3393 3426 3720 3494 postquam
3782 3438 3920 3477 cum

2262 3518 2399 3574 rege
2429 3504 2702 3560 collocuti
2750 3513 2965 3574 essent,
3014 3509 3249 3564 deducit
3300 3509 3361 3564 in
3418 3508 3743 3576 Bethleem,
3800 3526 3923 3567 non

2262 3592 2604 3664 simpliciter
2644 3594 2894 3662 vadens,
2954 3597 3062 3651 sed
3116 3613 3213 3652 eos
3261 3597 3522 3665 trahens,
3583 3604 3640 3655 et
3696 3599 3923 3655 ducens

2265 3682 2508 3738 meridie
2540 3700 2553 3737 :
2590 3688 2651 3739 ut
2680 3683 2766 3739 vel
2796 3701 2868 3740 ex
2893 3700 2964 3741 eo
2992 3691 3200 3742 notum
3226 3694 3383 3743 esset
3421 3687 3727 3753 omnibus,
3788 3705 3921 3746 eam

2263 3788 2383 3827 non
2414 3788 2544 3829 esse
2588 3773 2822 3829 stellam
2854 3790 3039 3830 unam
3093 3791 3123 3830 e
3178 3775 3397 3846 multis,
3449 3793 3645 3849 neque
3672 3778 3919 3834 omnino

2264 3861 2471 3915 similis
2527 3878 2663 3917 cum
2704 3863 2836 3918 aliis
2889 3863 3132 3919 ordinis.
3192 3864 3328 3921 Ideo
3385 3866 3542 3921 enim
3587 3867 3820 3923 vadens
3857 3882 3923 3923 ex

2263 3949 2610 4016 Jerusalem,
2640 3967 2761 4007 non
2791 3952 2956 4023 prius
3018 3952 3305 4019 consistit,
3361 3955 3551 4009 donec
3618 3955 3699 4011 ad
3726 3957 3921 4027 ipsum

2267 4038 2489 4093 venerit
2541 4055 2824 4111 praesepe.
2888 4041 3208 4113 Postquam
3264 4049 3464 4098 autem
3554 4046 3709 4100 stetit
3741 4061 3924 4116 supra

2266 4142 2539 4198 puerum,
2567 4129 2763 4183 statim
2795 4130 3078 4185 constitit.
3110 4131 3173 4186 Et
3202 4136 3513 4201 propterea
3542 4133 3708 4205 quod
3763 4149 3923 4189 nunc

2265 4215 2509 4287 quidem
2561 4217 3043 4284 absconderetur,
3094 4235 3253 4274 nunc
3276 4228 3477 4276 autem
3508 4227 3843 4294 appareret,
3867 4228 3925 4277 et

2266 4304 2483 4361 deinde
2504 4321 2643 4361 cum
2669 4309 3061 4378 apparuisset,
3094 4323 3298 4363 rursus
3320 4315 3519 4374 staret,
3563 4310 3923 4367 ostendebat

2267 4410 2328 4448 se
2375 4410 2501 4451 esse
2554 4396 2796 4466 majoris
2849 4397 3097 4462 virtutis,
3151 4414 3337 4469 quam
3391 4415 3528 4471 quin
3580 4401 3631 4455 in
3681 4398 3916 4456 stellam

2267 4482 2522 4551 caderet,
2553 4490 2608 4539 et
2633 4486 2716 4540 eis
2767 4484 3021 4541 faciebat
3075 4488 3481 4544 accessionem
3540 4488 3694 4543 ﬁdei.
3755 4490 3923 4545 Certe

2270 4576 2446 4643 longe
2474 4574 2728 4628 maxima
2758 4572 3088 4629 afﬁcientur
3113 4574 3334 4640 laetitia,
3383 4576 3547 4647 quod
3569 4584 3625 4633 et
3670 4578 3923 4633 invenis-

2271 4662 2479 4718 sentid
2509 4662 2674 4734 quod
2694 4663 3091 4734 quaerebatur,
3134 4669 3189 4720 et
3214 4664 3323 4721 iter
3360 4681 3483 4721 non
3514 4665 3731 4721 frustra
3787 4681 3922 4722 con-

2268 4751 2561 4816 fecissent,
2615 4750 2666 4805 ei
2716 4751 2881 4823 quod
2925 4751 3077 4808 fetus
3134 4756 3290 4809 esset
3336 4752 3596 4819 divinus,
3654 4759 3711 4810 et
3766 4754 3921 4825 quod

2269 4840 3206 4907 fuissentnuntiiveritatis.Quae
3236 4841 3481 4914 quidem
3535 4844 3740 4899 omnia
3791 4850 3924 4899 sunt

2268 4930 2424 4984 illius
2455 4929 2821 4985 admirabilis
2852 4930 3062 5001 puellae
3093 4932 3365 4987 encomia
3419 4938 3662 5004 propter
3717 4935 3920 5001 Deum,

2267 5020 2371 5089 qui
2421 5034 2489 5073 ex
2535 5019 2662 5089 ipsa
2706 5024 2883 5074 natus
2938 5025 3025 5074 est
3077 5035 3089 5072 :
3141 5024 3196 5075 et
3234 5036 3445 5076 eorum
3513 5021 3923 5091 magnitudine

2267 5106 2451 5173 illam,
2477 5115 2535 5161 ut
2567 5108 2949 5179 praecipuam,
2982 5109 3250 5164 eximunt
3273 5124 3309 5164 a
3340 5109 3708 5166 mulieribus.
3765 5111 3926 5167 Post-

2268 5211 2452 5267 quam
2496 5202 2697 5250 autem
2751 5195 2987 5252 fuerunt
3041 5195 3194 5252 intra
3275 5197 3547 5264 domum,
3622 5199 3921 5267 viderunt,

2394 5320 2441 5354 ²⁸
2477 5319 2620 5375 Gen.
2651 5336 2807 5383 xux,
2844 5324 2924 5376 10.

508 5454 640 5500 Θεοῦ
701 5449 961 5517 θεραπεία,
1010 5455 1101 5512 τὰς
1158 5454 1337 5526 ψυχὰς
1388 5459 1555 5511 αὐτῶν
1601 5460 1828 5531 γαλήνης
1871 5461 2162 5535 πληροῦσα,
2220 5467 2309 5514 καὶ
2380 5464 2508 5535 πρὸς
2564 5466 2657 5520 τὴν
2714 5462 2871 5515 αὐτοῦ
2938 5461 3229 5532 βεϐαιοῦσα
3293 5470 3474 5517 πίστιν
3531 5475 3605 5538 τῷ
3670 5467 3928 5540 tirynthius

505 5543 599 5595 ri);
626 5532 981 5595 ἀναστάσεως.
