4144 6258
222 275 325 332 545

1430 271 1688 328 ORATIO
1732 271 1819 325 DE
1849 268 2118 327 SANCTA
2150 275 2405 333 MARIA.

3517 300 3621 353 546

225 402 434 476 inquit.
462 401 755 464 infantem
793 415 929 456 cum
981 399 1178 456 Maria
1225 404 1417 456 matre
1445 402 1570 468 ejus
1588 400 1654 452 ³³.
1713 397 1864 461 Quid
1896 397 1941 449 Α
1978 398 2346 466 teutationes,
2370 409 2425 458 et
2450 405 2529 458 sis
2550 411 2786 477 paratus
2812 410 3101 470 adversus
3147 416 3416 476 insidias.
3441 422 3623 478 lube-

224 496 427 548 autem
460 506 749 560 magnum
787 489 1082 555 viderunt,
1115 488 1275 561 quod
1328 503 1469 542 eum
1521 486 1867 551 adorarunt,

227 597 364 636 cum
394 579 600 635 omnia
628 584 826 634 essent
855 576 1171 649 ejusmodi,
1208 582 1269 631 ut
1317 575 1462 632 nihil
1494 580 1698 646 posset
1736 589 1870 627 esse

229 668 400 724 vilius
423 667 452 723 ‘t
481 667 934 740 Speluncamne,
994 681 1281 737 praisepe,
1330 664 1544 718 fascias
1573 679 1586 717 :
1622 677 1697 716 an
1740 676 1872 715 ma-

230 764 397 823 trem,
460 772 597 829 quaa
658 760 820 811 tanta
885 760 1009 810 erat
1065 750 1672 825 simplicitate?Quid
1732 764 1874 818 ergo

232 863 333 903 eos
382 851 546 901 tanta
614 844 808 900 affecit
864 842 1277 907 admiratione,
1331 846 1392 896 ut
1472 855 1593 895 non
1680 837 1871 893 solum

230 937 569 1000 adorarent,
601 933 702 988 sed
736 934 912 988 etiam
939 932 1103 986 dona
1126 929 1421 994 offerrent,
1447 944 1634 1000 eaque
1667 927 1875 997 hujus-

231 1023 414 1089 modi,
446 1037 581 1093 quas
610 1023 807 1092 ipsum
838 1036 965 1076 esse
992 1020 1177 1075 Deum
1208 1025 1265 1073 et
1295 1021 1508 1089 Regem
1572 1015 1874 1085 signiﬁca-

232 1116 362 1166 rent
416 1110 442 1165 ?
510 1112 627 1165 Hoc
692 1108 852 1163 enim
924 1107 1037 1163 sibi
1087 1106 1311 1167 volunt,
1376 1120 1589 1176 nempe
1652 1106 1870 1171 Regem

229 1200 474 1272 quidem
525 1213 761 1261 aurum,
805 1196 937 1251 thus
967 1212 1104 1250 vero
1147 1197 1353 1264 Deum,
1387 1193 1632 1264 myrrha
1671 1196 1869 1246 autem

235 1284 733 1360 praesigniﬁcabat
767 1292 1039 1351 mortem,
1069 1300 1253 1356 quam
1285 1298 1393 1354 pro
1426 1298 1519 1336 me
1545 1284 1670 1335 erat
1716 1277 1874 1333 subi-

234 1383 419 1443 turus,
489 1374 785 1440 Ouidnam
841 1389 981 1444 ergo
1034 1389 1133 1428 eos
1193 1372 1427 1427 movit?
1485 1369 1651 1435 illud,
1710 1366 1874 1439 quod

229 1465 408 1521 etiam
436 1462 647 1530 effecit,
678 1469 740 1518 ut
764 1463 946 1518 domo
976 1462 1385 1525 excitarentur,
1413 1465 1469 1514 et
1499 1464 1731 1513 tantum
1770 1456 1876 1510 iter

232 1553 589 1609 conficerent
620 1572 633 1611 :
664 1551 834 1607 stella
859 1550 1129 1614 omnino,
1161 1555 1217 1604 et
1243 1564 1378 1620 quas
1418 1563 1625 1602 eorum
1655 1544 1872 1599 animis

231 1644 419 1698 inerat
444 1658 480 1698 a
520 1640 639 1695 Deo
669 1638 1039 1695 iliuminatio.

1976 489 2069 581 tur
2099 492 2296 581 autem
2333 507 2637 550 assumere
2680 514 2931 567 puerum
2989 508 3041 558 et
3076 510 3326 562 matrem
3386 510 3516 581 ejus
3566 515 3623 567 et

1978 570 2179 671 fugere
2207 575 2646 671 inn/Egyptum,
2680 602 2799 642 non
2856 590 3005 646 sicut
3052 593 3240 663 prius.
3275 570 3435 652 Nam'
3480 604 3621 655 tunc

1978 662 2222 731 quidem
2249 665 2407 734 dicit,
2442 669 2692 728 Uxorem
2723 681 2886 732 tuam
2913 699 2923 742 ;
2943 694 3102 736 nunc
3122 698 3257 738 vero
3278 685 3432 741 hanc
3449 693 3624 743 vocat

1980 756 2382 845 112atrem,cum
2395 764 2546 813 esset
2563 776 2841 832 egressus
2860 775 3149 837 partus,et
3173 779 3324 829 mota
3340 775 3619 845 suspicio,

1984 839 2152 908 Fuga:
2183 847 2381 898 autem
2399 856 2697 913 causa,est
2724 859 2915 908 metus
2932 839 3461 918 insidiarumNide
3475 879 3618 933 ergo

1980 941 2187 1028 rnrsus
2200 946 2327 1028 cum
2344 936 2567 1028 magnis
2584 943 2639 992 et
2652 942 3042 1011 suspiciendis
3065 947 3347 1019 conjungi
3360 950 3618 1018 humilia,

1980 1018 2034 1069 et
2063 1032 2200 1071 cum
2224 1018 2509 1087 jucundis
2531 1040 2601 1079 ea
2620 1043 2755 1098 quas
2788 1037 2926 1086 sunt
2973 1035 3237 1090 molesta.
3272 1018 3401 1093 Post
3461 1040 3621 1096 illam

1984 1368 2209 1457 mortis,
2236 1372 2443 1442 etfuga
2464 1380 2711 1435 occulta.
2737 1384 2883 1438 Etde
2897 1400 3018 1454 quo
3038 1387 3198 1457 prius
3216 1392 3618 1449 renuntiatum

1984 1456 2174 1553 fuerat
2204 1459 2325 1553 fore
2346 1470 2405 1516 ut
2433 1464 2663 1523 salvum
2691 1469 2906 1526 faceret
2928 1456 3238 1544 populum,
3271 1495 3343 1535 ne
3376 1496 3439 1535 se
3498 1483 3626 1553 qui-

1982 1543 2119 1600 dem
2169 1548 2397 1640 videtur
2452 1569 2630 1623 posse
2679 1543 2942 1615 salvum,
2971 1543 3180 1619 facere.
3212 1568 3353 1631 Quae
3385 1543 3624 1640 quidem

1982 1635 2290 1703 quomodo
2322 1653 2522 1695 rursus
2548 1643 2817 1700 animum
2855 1648 3102 1718 Virginis
3155 1635 3479 1710 affecerunt
3509 1659 3535 1713 ?
3564 1660 3629 1713 Et

307 1732 484 1786 XVIII.
516 1729 626 1786 Sed
657 1729 759 1801 qui
815 1732 1286 1783 consentaneum
1339 1729 1464 1780 erat
1501 1722 1705 1779 animo
1752 1736 1876 1775 ver-
1908 1744 1948 1798 Β
1984 1722 2127 1793 quid
2155 1731 2626 1785 consentaneum
2658 1740 2743 1788 est
2763 1751 2894 1790 eam
2923 1736 3147 1796 interea
3173 1743 3512 1811 cogitasse?
3536 1748 3627 1802 Sic

234 1837 365 1877 sare
392 1826 665 1883 matrem,
684 1819 809 1873 haec
830 1822 1167 1872 cernentem
1192 1815 1219 1868 Ἰ
1246 1815 1569 1884 Cujusnam
1594 1811 1689 1866 filii
1719 1813 1878 1865 esset

236 1914 445 1973 mater,
478 1907 553 1963 ad
586 1922 767 1979 quem
798 1905 901 1961 viri
932 1909 1055 1961 tam
1081 1904 1350 1973 insignes
1373 1903 1456 1958 sic
1482 1905 1874 1966 accesserant,

236 1997 400 2053 stella
425 1997 575 2051 duce
604 2000 831 2051 utentes
866 2011 879 2048 :
913 1994 1009 2063 qui
1046 2009 1184 2049 eum
1216 1992 1552 2048 adorabant
1581 1991 1640 2045 in
1681 1988 1877 2044 fasciis

235 2092 291 2139 et
304 2087 466 2140 dona
479 2083 831 2147 offerebant,
852 2088 1141 2153 tanquam
1155 2081 1207 2136 ei
1232 2096 1296 2135 se
1308 2079 1619 2135 conciliare
1641 2077 1877 2133 studen-

234 2180 339 2239 tes,
368 2178 423 2226 et
452 2172 563 2225 sibi
594 2169 818 2242 aliquid
854 2167 1319 2240 magnumquod
1346 2168 1485 2223 hinc
1507 2172 1634 2222 erat
1654 2170 1879 2221 secutu-

235 2276 389 2323 rum,
425 2265 811 2329 procurantes
841 2258 870 2313 ?
898 2257 995 2311 Vel
1026 2262 1320 2328 quantum
1339 2272 1472 2311 eam
1496 2255 1756 2327 gaudere
1778 2268 1885 2325 par

233 2354 359 2405 erat
379 2363 448 2402 ac
470 2352 764 2418 quantum
790 2346 1090 2409 illustrari,
1111 2351 1471 2415 quantasque
1486 2344 1609 2414 spei
1632 2344 1886 2397 fructum

231 2437 361 2508 jam
392 2436 691 2507 percipere
718 2449 837 2490 non
869 2449 941 2489 ex
970 2433 1057 2488 his
1091 2433 1410 2496 solum,sed
1442 2447 1515 2486 ex
1556 2431 1665 2485 illis
1688 2430 1887 2494 etiam,

239 2541 369 2597 qum
383 2521 1219 2596 prmcesserant,admirabilia
1233 2520 1542 2591 colligente
1562 2518 1726 2572 ?Haec
1748 2533 1891 2587 puer

244 2614 338 2669 ille
371 2615 474 2669 dat
501 2613 551 2667 ei
584 2612 866 2683 praemia:
898 2611 983 2665 sic
1007 2610 1257 2680 opponit
1282 2608 1605 2663 humilibus
1631 2622 1701 2661 ea
1760 2621 1890 2677 quae

247 2707 391 2758 sunt
407 2701 656 2758 illustria
683 2717 696 2766 ;
722 2717 795 2755 ne
812 2700 997 2755 solam
1013 2698 1225 2755 videns
1247 2697 1618 2766 speluncam,
1639 2702 1692 2752 et
1715 2700 1891 2765 tugu-

248 2793 424 2856 rium,
455 2796 511 2844 et
531 2804 817 2861 praesepe,
846 2794 902 2842 et
923 2787 1067 2842 viles
1097 2786 1339 2849 fascias,
1364 2801 1570 2855 parva,
1603 2791 1667 2839 ut
1691 2799 1893 2838 conse-

248 2895 442 2950 quens
463 2877 799 2939 videbatur,
823 2875 1186 2943 opinaretur,
1209 2878 1266 2926 et
1293 2871 1715 2925 distraheretur
1740 2872 1896 2939 cogi-

248 2966 575 3023 tationibus
606 2983 616 3022 :
645 2963 749 3017 sed
784 2967 845 3016 ut
874 2962 1000 3015 hrec
1033 2975 1256 3029 magna
1275 2958 1895 3027 considerans,rursus

1984 1810 2162 1865 etiam
2190 1812 2247 1866 in
2305 1817 2587 1873 omnibus
2620 1824 2835 1877 sanctis
2866 1810 3295 1898 consequenter
3342 1831 3621 1899 invenies,

1986 1913 2122 1994 cum
2138 1901 2205 1953 iis
2222 1918 2357 1994 quae
2370 1912 2504 1960 sunt
2521 1910 2787 1965 exanimi
2801 1915 3107 1981 sententia,
3125 1917 3355 1974 misceri
3387 1935 3628 1994 quoque

1989 1987 2259 2044 molesta.
2296 1989 2513 2049 Verum
2566 1996 2862 2054 enimvero
2912 2003 2994 2057 sic
3060 2006 3303 2076 quidem
3364 1987 3628 2065 Christus

1988 2076 2146 2132 venit
2180 2076 2239 2131 in
2270 2082 2611 2151 Egyptum.

2068 2166 2173 2222 XX.
2206 2169 2461 2225 Herodes
2492 2177 2690 2229 autem
2721 2191 2857 2231 cum
2903 2194 2937 2234 a
2970 2195 3154 2251 scapo
3192 2183 3548 2252 aberrasset,
3585 2188 3643 2243 in

1998 2254 2394 2327 infantes,qui
2452 2260 2677 2316 nullam
2730 2263 2985 2322 fecerant
3040 2268 3343 2339 injuriam,
3379 2278 3496 2329 tota
3556 2276 3645 2330 ira

2001 2345 2278 2415 erumpit,
2307 2361 2377 2400 eo
2405 2348 2587 2403 modo
2620 2365 2721 2405 eos
2750 2352 3059 2421 ulciscens,
3093 2360 3196 2429 qui
3254 2358 3419 2416 illum
3453 2361 3645 2418 illuse-

2000 2439 2134 2488 rant
2163 2449 2176 2487 :
2206 2433 2297 2487 vel
2330 2435 2520 2503 potius
2552 2442 2790 2509 propter
2827 2458 2996 2497 suam
3038 2444 3097 2498 in
3155 2446 3446 2502 Christum
3494 2448 3646 2505 insa-

2000 2523 2186 2585 niam,
2213 2537 2398 2592 quam
2432 2527 2703 2597 concepit
2716 2528 2794 2582 ob
2806 2536 3027 2585 metum
3044 2532 3230 2601 regni,
3250 2539 3646 2593 communiter

2002 2608 2073 2662 ad
2084 2624 2318 2663 versum
2334 2626 2575 2665 omnem
2591 2613 2755 2668 irruit
2768 2622 3127 2684 naturam,et
3147 2621 3418 2678 interficit
3435 2640 3644 2681 omnes

2001 2696 2260 2751 infantes
2290 2698 2391 2768 qui
2424 2706 2592 2755 erant
2621 2700 2679 2756 in
2742 2704 3053 2771 Bethleem,
3084 2708 3144 2763 in
3194 2710 3307 2765 hac
3363 2714 3640 2770 universa

2003 2784 2493 2841 casdeinfantium
2522 2788 2872 2847 existimans
2898 2810 2958 2848 sc
2976 2800 3032 2849 et
3051 2812 3237 2852 unum
3262 2798 3430 2855 illum
3459 2802 3646 2856 omni-

2005 2888 2082 2943 no
2114 2878 2547 2939 assecuturum,
2572 2882 2629 2932 et
2679 2884 2739 2933 ut
2770 2880 2865 2935 ille
2896 2882 3122 2938 solutus
3168 2892 3327 2941 esset
3372 2904 3407 2942 a
3465 2896 3646 2958 metu,

2007 2974 2217 3047 omnes
2246 2959 2445 3030 lugere
2500 2978 2825 3032 procurans
2858 2969 3403 3029 immisericorditer
3438 2993 3449 3030 :
3483 2978 3647 3047 quod

249 3056 310 3110 in
363 3053 548 3109 altum
602 3050 994 3113 extolleretur,
1029 3054 1083 3103 et
1148 3051 1387 3119 propter
1449 3046 1609 3100 hunc
1675 3059 1897 3099 novum
1934 3072 1973 3127 ρ
2010 3044 2102 3099 vel
2121 3046 2180 3100 in
2200 3048 2382 3102 rebus
2412 3050 2754 3108 inanimatis
2776 3056 3159 3114 abstinuisset
3178 3060 3367 3118 facere
3394 3044 3564 3131 aliu's,
3592 3071 3648 3121 et

254 3146 490 3215 partum
547 3157 608 3195 se
656 3144 857 3211 posset
900 3138 1135 3192 beatam
1164 3136 1398 3191 ducere.
1430 3134 1602 3200 Quod
1633 3149 1790 3187 enim
1823 3132 1899 3187 ab

252 3230 419 3286 initio
445 3227 753 3284 consuevit
780 3226 1067 3281 Dominus
1097 3225 1311 3288 facere,
1345 3229 1408 3277 ut
1433 3238 1565 3293 quae
1593 3226 1728 3276 sunt
1760 3219 1899 3275 vilia

253 3324 314 3374 et
342 3317 617 3379 humilia,
647 3315 889 3369 extollat
916 3318 1128 3385 praeter
1150 3312 1513 3382 opinionem,
1548 3311 1699 3364 sicut
1727 3324 1901 3363 econ-

255 3413 367 3473 tra,
396 3411 685 3477 uteaqute
712 3407 849 3457 sunt
874 3400 1481 3473 superba,deprimat:
1517 3398 1626 3453 hoc
1656 3396 1899 3469 quidem

257 3504 412 3551 certe
442 3493 666 3549 videret
695 3494 872 3547 etiam
906 3490 1096 3545 facere
1121 3488 1182 3543 in
1214 3489 1431 3559 seipso.

331 3602 461 3657 XIX.
503 3599 619 3655 Sed
660 3614 764 3653 cur
808 3596 995 3665 Magis
1044 3601 1131 3650 est
1162 3595 1536 3665 imperatum,
1572 3609 1646 3648 ne
1696 3608 1903 3646 rursus

254 3692 515 3748 redirent
554 3688 630 3744 ad
667 3682 1004 3742 Herodem?
1034 3688 1097 3739 Et
1120 3699 1402 3754 quorsum
1441 3681 1542 3737 illa
1594 3680 1823 3751 abjecta
1851 3685 1907 3734 et

214 3852 217 3853 ν
259 3782 463 3835 minus
493 3778 710 3832 decora
752 3775 811 3829 in
862 3777 1183 3845 Egyptum
1214 3771 1357 3840 fuga
1408 3768 1905 3841 Christi,perinde

258 3885 334 3925 ac
385 3868 433 3921 si
463 3881 583 3921 non
614 3869 811 3936 posset
845 3862 1011 3917 aliter
1035 3876 1161 3915 esse
1222 3859 1423 3915 salvus
1449 3860 1476 3914 ?
1500 3859 1793 3914 Futurum
1823 3862 1907 3913 est

258 3956 441 4021 enim,
476 3954 684 4025 inquit,
718 3959 783 4006 ut
835 3950 1081 4005 Herodes
1130 3955 1361 4018 quaerat
1387 3963 1639 4016 puerum
1667 3946 1748 4002 ad
1774 3961 1908 4015 per-

257 4046 523 4103 dendum
554 4057 684 4098 eum
709 4043 774 4095 ⁸ο.
798 4043 947 4095 Num
977 4043 1038 4093 ut
1058 4054 1158 4109 per
1182 4038 1309 4093 haec
1332 4053 1516 4109 parva
1546 4037 1903 4099 ethumana,

258 4142 318 4191 et
346 4137 679 4189 cerneretur
710 4131 836 4200 ipse
866 4144 1107 4184 carnem
1154 4127 1504 4197 sumpsisse,
1535 4125 1909 4195 etdispensa-

260 4222 444 4278 tionis
476 4220 631 4275 illius
660 4216 996 4273 crederetur
1032 4214 1384 4283 magnitudo
1410 4214 1438 4268 ?
1459 4214 1710 4267 Maxime
1738 4229 1748 4266 :
1775 4226 1913 4280 pro-

260 4316 472 4384 pterea
484 4324 593 4363 nec
608 4307 799 4378 primo
814 4305 1014 4359 statuit
1028 4304 1087 4357 in
1105 4301 1386 4357 omnibus
1400 4301 1590 4354 facere
1605 4296 1910 4353 miracula.

2012 3139 2245 3188 teneras
2272 3136 2504 3205 plantas
2534 3140 2843 3209 aspiciens,
2879 3148 3286 3205 misericordia
3306 3152 3649 3217 ductus,eas

2012 3220 2293 3277 noluisset
2308 3223 2665 3279 exscindere.
2685 3227 2797 3282 Sed
2820 3232 3009 3286 videte
3038 3251 3168 3297 vos,
3192 3239 3295 3307 qui
3329 3239 3645 3308 imperium

2011 3310 2246 3377 amatis,
2278 3316 2334 3365 et
2363 3312 2497 3366 estis
2529 3330 2563 3368 a
2595 3330 2750 3369 vana
2764 3321 3020 3388 superati
3051 3322 3252 3389 gloria,
3286 3325 3344 3378 in
3363 3332 3651 3396 quantam

2012 3412 2083 3452 ea
2112 3397 2406 3453 insaniam
2438 3400 2643 3470 adigat
2671 3411 2987 3470 amatores,
3015 3413 3069 3462 et
3087 3425 3351 3479 quonam
3384 3428 3486 3467 eos
3520 3414 3653 3471 ferri

2014 3486 2355 3557 persuadet,
2371 3494 2426 3542 et
2447 3504 2658 3559 quaene
2673 3508 2727 3545 ιιι
2745 3506 2844 3545 eos
2862 3494 3019 3563 cogit
3043 3496 3253 3553 facere.
3279 3499 3439 3555 Hanc
3455 3508 3651 3557 autem

2013 3574 2330 3631 infantium
2346 3578 2857 3636 cmdemJeremias
2875 3599 3035 3655 quoq
3046 3602 3116 3640 ue
3131 3587 3321 3643 multis
3334 3595 3470 3644 ante
3482 3592 3654 3646 annis

2016 3665 2396 3733 praenuntiat,
2429 3672 2484 3721 et
2523 3669 2784 3738 praedicit
2834 3673 3202 3741 tragoediam.
3237 3680 3295 3731 et
3338 3677 3655 3734 introducit

2017 3752 2329 3807 Rachelem
2359 3754 2593 3811 ﬂentem
2623 3773 2763 3812 suos
2784 3758 2958 3824 filios,
2979 3765 3037 3815 et
3059 3764 3526 3821 consolationem
3550 3768 3657 3822 mi-

2016 3842 2174 3895 nime
2193 3841 2600 3899 admittentem
2620 3848 3008 3911 “.Quorcirca
3031 3867 3150 3906 non
3174 3850 3483 3921 ignorante
3509 3855 3658 3911 scili-

2015 3934 2103 3983 cet
2153 3929 2272 3984 Deo
2324 3932 2452 3987 haec
2500 3933 2739 4000 ﬁebant,
2769 3937 2876 3991 sed
2929 3943 2985 3992 et
3040 3940 3278 4007 sciente,
3325 3948 3380 3997 et
3428 3943 3658 4000 volente

2014 4017 2258 4086 quidem
2289 4035 2508 4085 arcere,
2538 4024 2971 4093 permittentem
3017 4034 3215 4082 autem
3269 4032 3503 4085 arcanis
3533 4034 3662 4104 qui-

2016 4107 2273 4161 busdam
2293 4111 2645 4164 rationibus.
2664 4112 2777 4166 Sed
2791 4114 3047 4168 Herodes
3066 4116 3310 4185 quidem
3328 4120 3659 4190 percipiens

2019 4208 2247 4256 eorum,
2275 4208 2410 4263 qum
2460 4194 2609 4265 fecit,
2640 4196 2861 4252 fructus
2914 4202 3352 4271 convenientes,
3376 4204 3661 4259 divinitus

2020 4280 2291 4335 immissa
2340 4280 2539 4350 plaga,
2583 4287 2705 4337 toto
2763 4300 3007 4355 corpore
3065 4289 3384 4359 sauciatur,
3411 4298 3467 4347 et
3524 4309 3659 4347 vere

268 4367 417 4466 bum
444 4367 874 4452 enimabinitio
902 4392 1058 4446 facta
1087 4396 1244 4455 sunt,
1264 4395 1502 4459 propter
1533 4390 1771 4442 Matrem
1789 4402 1912 4442 om-
1945 4410 1991 4465 Ι)
2025 4368 2217 4466 Ψδξυε
2270 4367 2425 4466 ΨᾶῙῗ
2470 4371 2639 4466 Perit:
2672 4371 2799 4466 Pilis
2854 4389 3034 4445 τεεηο
3081 4376 3140 4430 in
3197 4384 3413 4448 quator
3467 4386 3663 4451 partes

268 4489 419 4542 nino
450 4484 604 4541 facta
633 4489 790 4544 sunt,
825 4485 1065 4550 pr0pter
1092 4477 1334 4547 Joseph,
1363 4480 1604 4546 propter
1625 4482 1913 4546 pastores,

274 4579 517 4648 propter
548 4575 762 4640 Magos.
794 4569 915 4633 Qua
938 4565 1012 4619 de
1039 4581 1221 4621 causa
1248 4563 1423 4635 Magis
1440 4580 1681 4635 quoque
1713 4564 1916 4620 datum

274 4667 372 4719 est
399 4674 751 4730 responsum
776 4673 849 4711 ne
879 4660 1304 4711 reverterentur
1331 4653 1404 4709 ad
1437 4654 1744 4719 Herodem,
1765 4660 1827 4709 ut
1864 4658 1922 4709 et

274 4753 553 4809 doctores
585 4749 699 4803 cito
731 4747 1092 4800 mitterentur
1118 4746 1176 4800 in
1197 4748 1502 4799 Persarum
1534 4743 1923 4813 regionem,et

273 4839 511 4915 tyranni
532 4837 688 4891 furor
704 4836 1210 4905 interrumperetur
1223 4834 1510 4904 sciretque
1526 4848 1586 4886 se
1598 4847 1668 4887 ea
1680 4833 1922 4902 aggredi

271 4944 419 5003 quae
432 4924 583 4982 efﬁci
599 4939 716 4979 non
734 4923 1166 4994 possent.Quod
1181 4924 1229 4976 si
1242 4937 1356 4977 non
1373 4920 1560 4976 evasit
1574 4920 1921 4985 melior,non

270 5022 336 5077 in
352 5031 517 5078 eum,
537 5014 640 5086 qui
665 5012 788 5067 haec
806 5012 1074 5083 providit,
1096 5012 1261 5083 etqui
1275 5011 1401 5066 hinc
1415 5026 1485 5065 eo
1498 5010 1634 5064 fecit
1650 5010 1918 5073 consilio,

272 5106 391 5165 sed
408 5104 469 5159 in
485 5118 755 5157 summam
770 5100 1169 5155 illiusinsania
1181 5100 1358 5170 culpa
1371 5102 1456 5153 est
1469 5098 1880 5154 conferendam
1904 5117 1917 5167 ;

270 5198 570 5271 praeterea
591 5194 654 5245 ut
684 5195 744 5244 tu
764 5203 1029 5261 quoque,
1051 5188 1153 5259 qui
1181 5205 1249 5242 ex
1285 5188 1516 5243 Christo
1567 5189 1761 5243 vivere
1808 5188 1921 5243 ele-

268 5281 435 5356 gisti,
466 5295 583 5336 non
612 5293 823 5349 parvas
855 5276 933 5332 ad
959 5275 1397 5347 philosophiam
1430 5292 1500 5331 ex
1533 5292 1603 5331 eo
1651 5276 1919 5333 invenias

266 5367 628 5432 occasiones
652 5384 664 5422 :
686 5381 901 5438 nempe
925 5370 984 5420 ut
1014 5370 1071 5420 et
1094 5364 1289 5420 statim
1317 5364 1394 5420 ab
1426 5364 1588 5421 initio
1619 5370 1919 5437 exspectes

350 5546 404 5582 3'
434 5542 629 5600 Matth.
663 5557 722 5611 ιι,
755 5546 833 5596 II.
947 5542 994 5576 ³ο
1014 5539 1210 5597 Matth.
1254 5555 1313 5604 ιι,
1346 5541 1428 5596 13.

1543 5542 1586 5577 ⁸¹
1620 5543 1834 5597 Jerem.
1868 5556 1928 5610 ιι,
1965 5541 2050 5597 15.

2026 4457 2216 4512 diviso
2246 4474 2259 4511 :
2293 4457 2579 4513 Archelao
2609 4461 2850 4531 quidem
2900 4464 3216 4533 imperium
3273 4467 3574 4524 obtinente
3604 4470 3665 4525 in

2029 4546 2498 4611 Judasa,Herode
2524 4553 2807 4616 autem,et
2835 4550 3119 4623 Philippo,
3154 4560 3209 4608 et
3262 4556 3533 4626 Lysania,
3566 4558 3667 4614 illo

2029 4634 2271 4706 quidem
2300 4634 2565 4699 Galilaete,
2595 4636 2707 4691 hoc
2728 4639 3103 4695 verolturaeaa
3138 4649 3193 4697 et
3214 4644 3664 4716 Trachonitidis,

2032 4730 2329 4794 postremo
2348 4730 2565 4787 autem,
2588 4726 3006 4782 tetrarchatum
3028 4732 3232 4784 sortito
3254 4732 3500 4788 Abilinaa
3524 4736 3666 4790 ".33.

2103 4831 2232 4885 XXI.
2265 4830 2581 4901 Postquam
2629 4837 2826 4887 autem
2857 4835 3100 4888 excessit
3154 4836 3413 4892 Herodes
3459 4854 3531 4894 ex
3560 4839 3669 4895 hu-

2034 4919 2246 4983 manis,
2271 4917 2518 4986 angelus
2539 4934 2741 4974 rursus
2766 4921 2827 4975 in
2854 4922 3080 4976 somnis
3120 4924 3375 4995 Josepho
3424 4933 3674 4998 apparet

2031 5009 2090 5063 in
2117 5008 2389 5077 lEgypto,
2417 5011 2472 5060 et
2495 5006 2959 5076 julietinfantem
2993 5011 3350 5081 accipere,et
3375 5016 3670 5085 proﬁcisci

2030 5096 2091 5153 in
2125 5101 2337 5151 terram
2394 5094 2590 5150 Israel.
2626 5097 2816 5161 Quam
2871 5098 3093 5161 multae,
3124 5116 3158 5153 ο
3209 5100 3413 5157 Christi
3474 5106 3670 5171 Mater,

2031 5186 2269 5240 fuerunt
2292 5182 2397 5239 tibi
2424 5198 2676 5238 casuum
2736 5184 3170 5256 inaequalitates
3192 5188 3219 5242 ?
3244 5204 3424 5259 quam
3471 5193 3673 5249 multas

2030 5290 2228 5331 rerum
2263 5273 2658 5328 mutationes?
2682 5272 2824 5328 Ecce
2841 5275 3000 5328 enim
3026 5291 3232 5331 rursus
3246 5278 3492 5350 quidem
3515 5280 3673 5337 fuisti

2035 5368 2234 5421 soluta
2262 5362 2339 5417 ab
2368 5359 2593 5428 exsilio,
2617 5365 2673 5416 et
2705 5362 2782 5416 ad
2804 5363 3110 5434 propriam
3139 5369 3447 5424 reverteris
3478 5370 3673 5439 regio-

2165 5540 2434 5594 ".“Luc.
2468 5552 2546 5603 ιιι,
2577 5538 2601 5590 1
2636 5553 2649 5603 ;
2682 5538 2881 5596 Matth.
2910 5542 3101 5609 20,21.
