4144 6258
495 288 599 342 547

1847 261 2101 321 MENSIS
2131 260 2526 319 AUGUSTUS.

3811 255 3919 310 548

502 425 663 474 nem,
685 418 743 463 et
765 403 1029 475 eum,qui
1057 400 1162 457 tibi
1188 398 1342 455 male
1370 396 1560 453 facere
1586 407 1905 464 aggressus
1931 388 2140 453 fuerat,
2179 386 2219 440 A
2254 385 2597 459 Egyptum,
2630 401 2882 442 narrans
2929 386 3343 455 Lucastneque
3374 382 3532 438 enim
3566 386 3705 437 ante
3753 381 3918 453 puri-

502 502 629 572 ipsa
658 496 854 571 potius
883 508 1021 549 eum
1054 489 1247 545 vidisti
1274 485 1429 542 male
1450 484 1711 556 periisse.
1738 483 1881 536 Cum
1899 478 2143 572 domum

504 566 703 645 autem
733 582 1014 645 venisses,
1035 594 1235 634 rursus
1256 575 1485 630 invenis
1506 572 1793 627 malorum
1822 566 2141 622 successio-

504 691 641 731 nem
673 677 730 727 et
756 670 920 725 vides
954 668 1139 721 ﬁlium
1176 662 1433 735 tyranni,
1470 660 1571 733 qui
1605 659 1709 714 fuit
1754 656 1835 712 tui
1867 653 1985 710 Filii
2014 652 2145 725 (pro

505 763 674 819 dolor
703 760 741 831 Ξ)
770 757 1098 817 insidiator,
1118 769 1226 825 pro
1244 768 1313 807 eo
1331 754 1699 819 regnantem.
1722 745 1834 803 Sed
1850 740 2145 831 rogaverit

504 829 810 926 quispiam
840 863 908 901 ex
938 842 1241 907 studiosis,
1260 838 1566 912 quomodo
1586 834 1905 926 Archelaus
1928 829 2145 926 Iudaeae

504 920 851 1011 imperabat,
889 933 1086 989 Pontio
1134 931 1317 984 Pilato
1371 933 1509 983 tunc
1560 920 1966 1011 praesidente?
1995 922 2144 1011 Num

506 1006 671 1100 quod
685 1039 869 1094 nuper
880 1020 1232 1076 decessisset
1249 1016 1589 1083 Herodes,et
1605 1010 1866 1066 nondum
1886 1009 1943 1063 in
1962 1024 2017 1061 m
2028 1006 2146 1100 ulta

505 1095 758 1183 regnum
787 1115 939 1167 esset
966 1107 1243 1166 divisum.
1275 1104 1429 1159 illius
1451 1102 1606 1157 ﬁlius
1636 1100 1855 1153 interea
1886 1095 2146 1151 habebat

506 1203 826 1275 imperium
858 1201 887 1256 ?
918 1202 1039 1254 Non
1073 1201 1159 1251 est
1179 1199 1375 1249 autem
1395 1187 1766 1258 evangelista;
1799 1200 2146 1257 supervaca-

506 1273 620 1349 nea
649 1290 833 1361 patris
871 1300 1113 1359 quoque
1143 1282 1412 1353 adjectio.
1446 1282 1560 1333 Pro
1594 1275 1821 1332 Herode
1850 1274 2029 1341 enim,
2063 1273 2149 1327 in-

509 1380 650 1453 quit,
679 1384 852 1446 patre
880 1378 1006 1445 ejus
1026 1375 1094 1436 3‘,
1119 1377 1181 1427 ut
1194 1370 1411 1426 scilicet
1430 1383 1567 1423 eum
1582 1382 1616 1421 a
1641 1364 1815 1419 fratre
1829 1362 2146 1453 distingue-

507 1449 615 1532 ret,
644 1471 707 1521 ut
731 1465 970 1537 quiipsc
988 1475 1229 1534 quoque
1263 1456 1517 1513 Herodes
1536 1458 1849 1509 vocaretur
1862 1449 2144 1505 similiter.

584 1556 740 1611 XXII.
784 1552 949 1607 Venit
1010 1565 1149 1620 ergo
1205 1546 1427 1618 Joseph
1481 1540 1783 1609 Nazareth,
1843 1545 1907 1595 ut
1947 1539 2048 1611 qui
2088 1538 2145 1593 in

509 1645 739 1702 somnis
758 1656 1112 1711 responsum
1146 1636 1466 1707 accepisset
1496 1633 1599 1703 (ita
1628 1630 1786 1686 enim
1818 1628 2052 1683 divinus
2071 1627 2149 1682 ait

2252 476 2591 531 ﬁcationem
2623 491 2723 530 eos
2742 474 2879 529 illuc
2902 472 3190 537 duxisset,
3221 477 3285 527 ut
3306 470 3451 526 nihil
3471 471 3725 527 omnino
3748 470 3920 525 ﬁeret

2253 570 2459 618 contra
2488 562 2703 633 legem)
2734 562 2862 617 haec
2892 560 3205 616 dicit.Erat
3235 559 3392 615 enim
3418 560 3670 614 omnino
3705 558 3917 630 puriﬁ-

2255 651 2501 719 candus,
2525 651 2743 706 deinde
2773 655 3057 706 venturus
3090 648 3394 712 Nazareth,
3420 652 3634 703 ettunc
3660 646 3917 701 descen-

2254 756 2429 795 surus
2483 741 2540 795 in
2593 740 2934 812 lEgyptum.
2968 737 3189 793 Deinde
3219 753 3355 792 cum
3383 739 3468 792 sic
3525 752 3599 791 ex
3650 736 3914 805 zEgypto

2254 828 2590 893 rediissent,
2603 829 2845 899 jubetur
2872 843 3078 883 rursus
3110 826 3168 881 in
3192 826 3475 882 Nazareth
3490 826 3917 880 venire.Antea

2254 918 2435 979 enim,
2458 918 2622 974 nullo
2653 921 2896 987 accepto
2919 930 3228 987 responso,
3255 921 3317 970 ut
3338 914 3476 970 illuc
3506 913 3914 979 venirent,sed

2254 1022 2390 1061 cum
2417 1006 2665 1062 libenter
2693 1006 3050 1069 habitarent,
3088 1008 3151 1060 ut
3176 1003 3456 1069 diximus,
3482 1002 3541 1058 in
3563 1002 3757 1074 patria
3776 1018 3911 1069 sua,

2256 1102 2467 1165 sponte
2524 1095 2637 1150 hoc
2689 1093 3008 1149 faciebant.
3042 1094 3188 1148 Cum
3228 1091 3386 1148 enim
3439 1107 3727 1146 ascensus
3786 1106 3911 1146 non

2255 1182 2456 1238 fuisset
2482 1183 2912 1254 propteraliam
2944 1197 3421 1254 causam,quam
3481 1186 3724 1253 propter
3780 1180 3915 1235 des-

2255 1270 2624 1341 criptionem,
2654 1274 2710 1326 et
2738 1286 3041 1343 nusquam
3068 1276 3220 1326 stare
3247 1274 3512 1341 possent,
3537 1284 3606 1324 eo
3638 1267 3914 1339 impleto,

2256 1363 2498 1431 prOpter
2522 1360 2679 1431 quod
2714 1366 3016 1425 venerant,
3048 1358 3483 1415 descenderunt
3512 1358 3573 1413 in
3598 1357 3911 1413 Nazareth.

2253 1448 2513 1520 Angelus
2566 1454 2741 1515 certe,
2782 1448 2883 1521 qui
2945 1453 3153 1520 postea
3217 1463 3318 1503 eos
3368 1446 3658 1502 reddebat
3705 1445 3913 1517 quieti,

2255 1537 2418 1592 domi
2450 1538 2717 1593 restituit.
2748 1540 2860 1593 Nec
2892 1537 3004 1593 hoc
3046 1537 3122 1593 ab
3165 1552 3246 1602 re,
3273 1535 3375 1591 sed
3402 1552 3539 1591 cum
3594 1534 3916 1607 prOphetia

2255 1626 2368 1681 hoc
2395 1625 2594 1697 ipsum
2624 1625 2824 1681 multis
2846 1632 2980 1681 ante
3010 1626 3183 1682 annis
3210 1624 3703 1694 signiﬁcasset.Ut
3725 1624 3915 1687 enim,

509 1732 836 1798 Matthaaus)
871 1727 1049 1784 simul
1075 1732 1130 1781 et
1169 1723 1495 1797 periculum
1551 1720 1805 1788 fugiens,
1839 1723 1895 1772 et
1942 1715 2147 1769 volens
2184 1716 2225 1770 Β
2256 1714 3015 1786 inquit,impleretur,quod
3037 1715 3255 1769 dictum
3287 1714 3492 1783 fuerat
3524 1712 3913 1781 aprophetis,

507 1821 777 1877 habitare
806 1818 866 1873 in
890 1814 1101 1888 patria.
1136 1816 1203 1869 Ut
1233 1817 1431 1868 autem
1471 1813 1671 1881 posset
1727 1805 1919 1875 magis
1966 1804 2147 1859 conﬁ-

508 1909 665 1972 dere,
698 1920 1054 1976 responsum
1088 1899 1397 1972 accipitab
1416 1896 1644 1966 angelo.
1672 1894 1846 1966 Atqui
1866 1908 1986 1948 non
2010 1890 2151 1946 dicit

511 1999 699 2052 Lucas
730 1994 894 2050 illum
924 1990 1158 2047 venisse
1176 2006 1247 2045 ex
1267 2002 1552 2059 responso
1579 2002 1591 2039 :
1614 1983 1713 2039 sed
1746 1998 1883 2038 cum
1905 1996 2148 2036 omnem

506 2083 855 2155 implessent
881 2079 1382 2152 puriﬁcationem,
1411 2074 1688 2131 statuisse
1718 2087 1923 2126 rursus
1939 2068 2151 2124 reverti

507 2171 808 2229 Nazareth.
844 2167 1158 2234 Quomodo
1184 2182 1325 2235 ergo
1348 2169 1437 2219 est
1454 2179 1489 2219 a
1518 2160 1691 2217 nobis
1709 2157 1992 2214 solvenda
2015 2172 2152 2212 con-

507 2257 995 2325 troversia?Quod
1011 2252 1436 2327 tempus,quod
1451 2251 1703 2306 fuitante
1722 2248 2077 2302 descensum
2090 2244 2151 2299 in

582 2391 629 2425 “
657 2390 852 2446 Matth.
874 2405 936 2457 ιι,
970 2392 1058 2443 22.
1171 2388 1217 2421 ³⁵
1250 2386 1389 2441 Luc.
1422 2401 1485 2453 ιι,
1516 2387 1605 2439 23.
1718 2383 1766 2415 ³⁸
1794 2378 1942 2436 ibid.
1972 2380 2062 2434 40.

636 2524 750 2593 (Η)
832 2529 935 2575 Τοῦ
1016 2524 1397 2594 Μεταφραστοῦ
1477 2520 1567 2569 καὶ
1662 2521 1752 2567 τοῦ
1837 2513 2155 2581 Γεωμέτρου·

562 2609 761 2681 ⁸Ομως,
796 2612 877 2662 ὅτε
909 2606 1116 2661 δώδεκα
1146 2608 1267 2659 ἐτῶν
1319 2610 1538 2677 γεγονὼς
1590 2601 1672 2670 ἦν,
1724 2601 1889 2653 ἃνεισι
1932 2601 2020 2670 μὲν
2050 2597 2160 2667 ἅμα

563 2706 674 2759 τοῖς
726 2706 982 2769 γονεῦσιν,
1075 2697 1141 2757 εἰς
1207 2694 1563 2767 Ἰερουσαλὴμ,
1651 2695 1743 2748 τὴν
1819 2687 1996 2762 ἑορτὴν
2066 2691 2157 2736 τοῦ

568 2789 768 2857 Πάσχα
819 2786 1163 2857 τελεσόμενος·
1239 2786 1308 2845 ὡς
1364 2779 1424 2835 δε
1484 2780 1646 2837 ἐκείνη
1705 2782 1864 2850 πέρας
1917 2782 2055 2845 εῖχεν
2110 2771 2157 2823 ἐν

563 2876 778 2945 ἡμέραις
858 2874 985 2926 ἑπτὰ
1041 2873 1337 2944 τελουμένη,
1420 2869 1568 2921 αὐτοὶ
1649 2871 1736 2939 μεν
1818 2867 2156 2935 ὑπέστρεφον,

564 2963 771 3022 Ἰησους
822 2959 881 3015 δὲ
942 2963 1201 3033 ὑπομένει,
1250 2963 1472 3019 τούτους
1538 2956 1725 3009 λαθών.
1794 2955 1899 3008 Καὶ
1946 2954 1995 3005 οἱ
2067 2954 2155 3023 μὲν

564 3050 798 3121 ἐζητοῦν,
862 3070 887 3101 ο
937 3047 996 3102 δὲ
1040 3058 1194 3124 τριῶν
1242 3050 1443 3123 ἡμερῶν
1495 3043 1689 3106 ἄδηλος
1719 3040 1798 3101 ἧν.
1842 3038 1969 3095 Εἶτα
2012 3058 2154 3112 φανε-

560 3143 652 3212 ρός
686 3139 863 3200 αὐτοῖς
890 3144 1088 3209 γίνεται
1140 3137 1187 3189 ἐν
1235 3145 1307 3207 τῷ
1359 3139 1475 3209 ἱερῷ
1509 3137 1598 3206 μεν
1637 3133 1995 3203 καθεζόμενος,
2027 3130 2155 3201 ὁμοῦ

560 3247 616 3280 τε
663 3228 864 3280 ἀκούων
895 3236 994 3279 τῶν
1024 3223 1385 3289 διδασκάλων,
1438 3229 1527 3275 καὶ
1556 3226 1686 3297 πρὸς
1716 3220 1934 3279 ἐκείνους
1987 3215 2020 3270 δ
2028 3217 2155 3269 ιαλε-

559 3322 796 3389 γόμενος,
852 3314 1153 3373 ἐκπλήπτων
1200 3334 1255 3367 τε
1301 3318 1423 3375 τοὺς
1475 3312 1728 3386 ἀκροατὰς
1774 3308 1820 3360 ἐν
1867 3315 1980 3368 ταῖς
2026 3308 2157 3357 ἀπο-

560 3411 787 3479 κρίσεσι·
834 3407 969 3457 κατά
1010 3412 1160 3456 τοῦτο
1199 3406 1299 3477 γὰρ
1343 3406 1433 3454 καὶ
1474 3404 1530 3452 τό
1575 3398 1961 3472 κραταιοῦσθαν
2000 3394 2154 3447 αύτόν

561 3496 834 3566 πνεύματι,
886 3498 974 3545 καὶ
1009 3498 1165 3564 σοφίᾳ
1193 3496 1503 3564 προκόπτειν
1546 3494 1635 3540 καὶ
1688 3488 1895 3559 χάριτι,
1929 3488 1992 3544 ὡς
2034 3482 2153 3535 πολ·

562 3583 664 3641 λοῖς
708 3590 938 3633 τοιοῦτον
970 3580 1383 3652 ἀναφαινόμενον.
1432 3580 1683 3633 Λανθάνει
1735 3573 1793 3628 δε
1841 3579 1955 3634 τοὺς
1985 3580 2156 3645 γυνείς

564 3673 698 3721 ὥστε
728 3674 798 3740 μὴ
830 3672 951 3741 παρ’
998 3670 1165 3720 αύτῶν
1195 3669 1491 3726 κωλυθῆναι
1536 3672 1627 3724 τὴν
1672 3671 1795 3736 πρὸς
1846 3668 1963 3724 τοὺς
2002 3682 2157 3733 νομο-

562 3760 739 3829 μαθεῖς
795 3757 1017 3816 ἐκείνους
1074 3753 1318 3816 διάλεξιν·
1377 3753 1589 3806 εἰδότων
1638 3756 1810 3823 ὥσπερ
1865 3752 2023 3803 αὐτοῦ
2096 3754 2153 3801 τό

564 3844 921 3917 ἀγράμματον,
969 3848 1058 3895 καὶ
1107 3850 1197 3894 τοῦ
1228 3848 1298 3914 μὴ
1348 3847 1689 3916 προσπταίειν
1720 3848 1825 3901 τοῖς
1854 3839 2020 3908 λόγοις
2069 3838 2155 3889 εύ-

562 3932 905 4004 λαϐουμένων·
962 3936 991 3990 ἦ
1044 3940 1210 3983 ταῦτα
1239 3934 1385 4001 τάχα
1419 3935 1507 3982 καὶ
1548 3927 1861 4001 διαφεύγων,
1918 3932 1988 3999 μὴ
2024 3924 2150 3998 δόξῃ

561 4025 677 4081 τούς
722 4028 888 4092 γονεῖς
934 4018 1221 4092 ἀτιμάζειν,
1270 4028 1340 4091 τῷ
1390 4018 1615 4071 ἀπειθεῖν
1646 4016 2046 4089 ἐγκελευομένοις
2089 4017 2157 4067 τὰ

564 4108 856 4182 ἀνθρώποις
906 4108 1179 4161 ἀκόλουθα.
1217 4111 1311 4161 Διά
1348 4116 1515 4160 ταῦτα
1562 4109 1801 4178 ὑπομένει
1846 4104 2033 4176 λάθρα,
2064 4108 2154 4156 καὶ

561 4195 685 4250 οὐδε
738 4206 843 4258 τοῖς
880 4205 1113 4268 γονεῦσιν
1158 4197 1333 4260 αύτοῖς
1360 4203 1686 4269 γινώσκεται·
1728 4198 1809 4248 ἶνα
1848 4191 2149 4267 μηδέτερον,

560 4291 591 4345 ἦ
644 4290 856 4359 φανερός
905 4292 1166 4359 γενόμενος
1218 4288 1447 4359 κωλυθῇ,
1496 4287 1524 4345 ἡ
1576 4292 1665 4338 καὶ
1721 4284 1905 4356 ἀπειθῇ
1957 4283 2150 4335 κωλυό-

2190 3010 2231 3066 C

2257 1803 2606 1859 Nazarenus
2635 1803 2941 1858 vocabitur
2971 1803 3039 1856 ³⁸.
3074 1803 3234 1858 Puer
3262 1807 3459 1857 autem
3492 1805 3555 1855 ut
3586 1802 3667 1856 ait
3702 1801 3916 1868 Lucas,

2260 1889 2554 1946 crescebat
2572 1896 2625 1945 et
2643 1890 3285 1959 invalescebat,spiritu
3304 1890 3561 1958 repletus
3581 1891 3916 1958 sapientia,

2260 1985 2313 2035 et
2344 1978 2539 2047 gratia
2595 1979 2701 2034 Dei
2744 1980 2807 2033 in
2872 1978 2999 2048 ipso
3049 1980 3115 2032 ³⁸.
3168 1980 3297 2033 Haac
3353 1976 3705 2050 accipienda
3757 1983 3917 2045 sunt,

2260 2069 2323 2122 ut
2349 2065 2505 2121 dicta
2536 2066 2669 2131 sint,
2701 2067 2865 2138 quod
2899 2067 3105 2122 attinet
3134 2067 3211 2122 ad
3248 2066 3705 2122 humanitatem.

2332 2153 2660 2211 XXlIl.Cum
2692 2160 2891 2210 autem
2919 2156 3030 2226 (11)
3061 2162 3216 2211 esset
3246 2160 3423 2211 natus
3449 2170 3642 2210 annos
3692 2155 3922 2211 duode-

2260 2244 2397 2308 cim,
2432 2243 2703 2299 ascendit
2726 2244 2966 2316 quidem
3000 2244 3177 2300 simul
3206 2260 3345 2301 cum
3373 2244 3725 2315 parentibus
3756 2245 3923 2300 Jeru-

2270 2506 2514 2572 ζήτησιν,
2547 2511 2635 2559 καὶ
2660 2509 2830 2560 πάντα
2858 2510 2987 2580 ὁμοῦ
3019 2528 3083 2569 ως
3111 2513 3309 2581 μήτηρ,
3341 2514 3431 2561 καὶ
3475 2508 3865 2583 παῤῥησιαστι-

2267 2600 2504 2668 κώτερον,
2558 2601 2647 2648 καὶ
2718 2595 3184 2670 ἀνθρωπινώτερον,
3257 2603 3346 2650 καὶ
3398 2600 3859 2673 περιπαθέστερον,

2269 2680 2584 2755 διαλέγεται·
2664 2690 2729 2739 Τί
2778 2694 2944 2750 τοῦτο,
2994 2691 3185 2752 τέκνον,
3240 2686 3489 2748 έποιήσας
3535 2690 3699 2759 ﬁgis;
3760 2691 3855 2738 καὶ

2268 2774 2347 2824 ὅτι
2400 2771 2541 2826 Ἰδού
2594 2772 2692 2845 ἐγὼ
2749 2780 2837 2828 καὶ
2890 2778 2915 2826 ὁ
2968 2782 3137 2851 πατήρ
3200 2796 3293 2828 σου
3347 2773 3667 2848 ὀδυνώμενοι,
3720 2774 3844 2835 ἔζη-

2266 2867 2450 2935 τοῦμέν
2505 2882 2580 2919 σε.
2617 2864 2775 2925 Αύτός
2825 2862 2883 2917 δὲ
2924 2865 3030 2917 λύει
3082 2868 3251 2918 πάντα
3298 2862 3392 2918 διὰ
3421 2873 3588 2931 τοῦτο,
3617 2870 3848 2937 καὶπερὶ

2264 2955 2456 3026 πατρὸς
2505 2951 2699 3014 ἐκείνης
2746 2960 2838 3005 τοῦ
2891 2950 3168 3014 δοκοῦντος
3215 2955 3483 3020 εἰπούσης,
3544 2956 3569 3005 ό
3626 2956 3855 3027 Χριστός

2266 3042 2437 3113 ὥσπερ
2487 3044 2543 3093 τό
2593 3043 2746 3116 ῥηθὲν
2791 3038 3174 3115 διορθούμενος,
3226 3049 3341 3115 περὶ
3384 3051 3475 3095 τοῦ
3522 3047 3677 3104 ὅντως
3723 3041 3858 3113 λέγει

2266 3134 2490 3203 Πατρός,
2543 3131 2614 3193 εἰς
2666 3134 2857 3183 ἔννοιαν
2910 3132 3071 3190 αὐτὴν
3124 3131 3383 3204 ἐμϐάλλων
3435 3142 3527 3192 τῆς
3592 3132 3851 3194 ἀληθείας·

2264 3223 2354 3269 καὶ
2408 3223 2479 3290 μὴ
2530 3225 2707 3291 χαμαὶ
2757 3218 2978 3292 βαίνειν,
3038 3220 3143 3272 ἀλλ’
3189 3221 3255 3282 εἰς
3304 3221 3431 3291 ὕψος
3488 3224 3731 3295 αἴρεσθαι
3758 3240 3858 3273 πα-

2263 3307 2620 3380 ρασκευάζων·
2697 3309 2807 3361 Ούκ
2881 3306 3075 3382 ᾔδειτε,
3134 3310 3313 3381 λέγων,
3367 3312 3447 3362 ὅτι
3504 3310 3552 3362 έν
3605 3318 3714 3373 τοῖς
3766 3317 3857 3362 τοῦ

2267 3402 2469 3470 Πατρος
2524 3416 2624 3469 μου
2674 3393 2756 3449 δεῖ
2810 3394 2938 3450 εἷναί
2991 3415 3102 3470 με;
3158 3400 3308 3450 Ούτω
3361 3395 3626 3452 δείκνυσιν
3678 3399 3860 3452 ἑαυτὸν

2266 3487 2387 3536 ὄντα
2438 3488 2589 3557 φύσει
2637 3490 2784 3550 Θεὸν,
2842 3490 2944 3557 εἴγε
3006 3495 3102 3548 τῆς
3151 3488 3316 3549 αὐτῆς
3370 3490 3563 3559 φύσεως
3628 3490 3653 3540 ό
3734 3496 3859 3550 παῖς

2263 3581 2335 3642 τῷ
2365 3578 2579 3627 τεκόντι.
2615 3574 2757 3627 Ἐπεὶ
2811 3571 2869 3627 δε
2898 3583 2991 3627 τοῦ
3022 3579 3225 3649 Πατρός
3255 3577 3281 3627 ό
3334 3596 3477 3645 ναος,
3524 3575 3573 3627 ἰν
3615 3585 3722 3638 τοῖς
3768 3585 3859 3629 τοῦ

2267 3666 2472 3729 Πατρός
2510 3659 2570 3720 ἧν
2603 3662 2803 3728 ἐκεῖνος,
2841 3665 2934 3714 κᾶν
2985 3663 3160 3724 αὐτοῖς
3191 3667 3248 3716 τὸ
3296 3664 3441 3738 ῥῆμα
3473 3669 3680 3718 συνετὸν
3714 3669 3859 3717 οὔπω

2262 3755 2483 3822 γέγονεν.
2543 3752 2797 3805 Ἐνταῦθα
2851 3757 3063 3827 πρώτως
3118 3749 3493 3827 ἀνδρικώτερον
3552 3754 3581 3812 ἦ
3666 3754 3859 3827 μᾶλλον

2266 3840 2422 3892 εἰπεῖν
2478 3843 2745 3915 θειότερον,
2800 3845 2928 3917 πρὸς
2975 3845 3092 3903 τούς
3131 3842 3345 3902 οἰκείους
3398 3840 3712 3914 διαλέγεται,
3768 3849 3859 3895 καὶ

2266 3924 2530 3980 δείκνυσιν
2572 3932 2653 3981 ὅτι
2694 3935 2784 3982 καὶ
2830 3932 3000 4005 ἔτερος
3048 3932 3073 3982 ὁ
3106 3935 3286 4004 Πατὴρ
3319 3930 3477 4001 αύτῷ,
3506 3936 3598 3983 καὶ
3628 3934 3706 3984 ὅτι
3732 3932 3856 4003 οὐχ’

2264 4018 2328 4076 ὡς
2376 4016 2625 4090 ἀνθρώπῳ
2654 4018 2810 4090 ψιλῷ,
2853 4018 2979 4072 ἀλλά
3028 4024 3113 4072 καὶ
3144 4022 3213 4080 ὡς
3252 4028 3385 4091 Θεῷ,
3418 4024 3506 4072 καί
3536 4026 3624 4079 τὴν
3653 4026 3860 4094 μητέρα

2264 4107 2404 4177 αύτῷ
2487 4112 2812 4179 προσεκτέον,
2867 4114 2956 4161 καὶ
3032 4108 3110 4160 ὃτι
3162 4111 3187 4161 ὁ
3252 4118 3343 4161 τοῦ
3425 4116 3624 4183 Πατρός
3694 4109 3852 4174 οἶκος,

2263 4197 2289 4247 ό
2318 4199 2439 4257 ναός
2469 4193 2698 4263 δηλαδὴ,
2746 4203 2834 4250 καὶ
2866 4198 3023 4250 αύτοῦ
3072 4198 3211 4259 οἶκός
3242 4196 3375 4267 ἔστι,
3408 4201 3640 4274 καθάπερ
3672 4207 3759 4252 καὶ
3787 4203 3855 4252 τὰ

2264 4284 2393 4336 ἄλλα
2438 4286 2608 4337 πάντα
2656 4289 2720 4338 τὰ
2762 4294 2853 4338 τοῦ
2905 4290 3123 4359 Πατρός·
3174 4291 3264 4337 καὶ
3312 4287 3391 4338 ὅτι
3440 4287 3624 4347 αύτούς
3666 4288 3849 4357 ἐγκλη-

561 4394 729 4448 μενος.
780 4374 916 4445 Ὀρα
966 4372 1023 4426 δε
1071 4377 1203 4434 ὅπως
1247 4381 1336 4426 καὶ
1384 4376 1417 4425 οἱ
1465 4379 1717 4445 προσήκει
1751 4370 1949 4440 παιδίῳ
1995 4380 2149 4426 ποιεῖ.
2185 4352 2232 4407 D
2264 4377 2373 4425 τέον
2428 4374 2615 4446 μᾶλλον
2674 4373 2921 4445 ἀγνοουσι
2967 4382 3150 4439 ταῦτα,
3210 4378 3296 4426 καὶ
3345 4371 3511 4441 μηδὲν
3583 4352 3703 4447 μήτέ
3754 4374 3844 4426 λα·-

562 4463 638 4515 Ού
679 4466 779 4535 γὰρ
813 4469 1075 4535 προπετῶς
1108 4459 1356 4513 διδάσκει
1386 4465 1501 4521 τούς
1542 4464 1851 4533 νομομαθεῖς
1884 4457 2154 4512 διδασκά-

560 4552 685 4612 λους
729 4554 815 4601 καὶ
874 4552 1038 4621 ἱερεῖς,
1092 4553 1263 4600 καίτοι
1309 4553 1458 4621 μόνος
1502 4549 1655 4611 αύτός
1706 4550 2021 4621 αὐτόχρημα
2068 4569 2154 4601 σο-

564 4644 655 4711 φία
697 4643 786 4690 καὶ
828 4637 981 4708 λόγος
1029 4642 1096 4688 ὧν
1144 4644 1233 4689 καὶ
1272 4641 1505 4710 χορηγός
1551 4647 1648 4699 τῆς
1681 4643 1881 4711 σοφίας·
1923 4637 2047 4689 ἀλλά
2078 4635 2150 4689 δι’

562 4728 689 4780 αύτό
744 4730 835 4799 μεν
886 4723 972 4779 οὖν
1024 4734 1199 4791 τοῦτο,
1257 4732 1419 4799 μέτρα
1471 4732 1560 4779 καὶ
1617 4730 1821 4788 ἡλικίας
1871 4732 1959 4779 καὶ
2008 4725 2151 4789 ἀξίας

561 4817 717 4878 αὐτὸς
764 4835 818 4869 τε
870 4816 1034 4875 καλῶς
1082 4812 1229 4875 εἰδὼς
1279 4821 1368 4867 καὶ
1414 4823 1524 4878 τοῖς
1569 4816 1738 4876 ἄλλοις
1790 4818 1996 4888 ὁρίζων,
2042 4823 2150 4877 τοῖς

564 4907 754 4977 ἱερεῦσι
802 4909 892 4956 καὶ
948 4900 1298 4965 διδασκάλοις
1348 4912 1439 4956 τοῦ
1491 4902 1768 4957 διδάσκειν
1819 4913 2144 4980 παραχωρεῖ.

561 4994 723 5054 Αύτός
753 4990 811 5045 δε
844 4992 1019 5045 ἀκούει
1062 5012 1114 5044 τε
1160 4997 1247 5044 καὶ
1294 4995 1525 5067 ἐπερωτᾷ
1570 4997 1701 5065 μετά
1750 4994 1940 5056 πολλῆς
1988 4994 2147 5066 ἀμφό-

560 5098 701 5155 τερον
748 5090 844 5143 τῆς
903 5086 1174 5142 συνέσεως·
1242 5080 1456 5152 λογικῶς
1521 5101 1575 5134 τε
1637 5085 1738 5155 γὰρ
1815 5083 1996 5155 ἐρωτᾷ·
2057 5089 2146 5135 καὶ

562 5166 812 5241 ἀκροᾶται
857 5178 1095 5233 συνετῶς,
1139 5174 1227 5221 καὶ
1257 5168 1582 5243 ἀποκρίνεται
1616 5176 1973 5247 συνετώτερον,
2004 5176 2029 5225 ό
2057 5178 2145 5226 καὶ

562 5259 619 5305 τό
648 5258 821 5326 θαῦμα
850 5257 1017 5327 πολλῷ
1047 5262 1223 5328 μεῖζον
1254 5258 1413 5311 ἐποίει
1443 5268 1536 5321 τῆς
1567 5258 1882 5329 ἀκροάσεως.

631 5350 733 5394 Τοῦ
782 5342 959 5393 αύτοῦ.
1012 5344 1075 5397 Ἡ
1123 5349 1210 5411 μεν
1260 5350 1528 5419 θαυμασία
1582 5354 1776 5421 μήτηρ,
1831 5349 2145 5421 σπλάγχνων

561 5438 826 5502 μητρικῶν
879 5432 1164 5500 ἡττωμένη,
1231 5440 1318 5486 καὶ
1388 5440 1557 5487 τέκνον
1617 5437 1769 5489 αὐτόν
1851 5442 2145 5511 περιπαθῶς

561 5518 723 5587 καλεῖ,
778 5520 867 5567 καὶ
901 5518 969 5577 ὡς
1015 5518 1321 5592 ἐγκαλοῦσα,
1377 5529 1630 5596 προτείνει
1676 5532 1769 5584 τὴν
1799 5548 1892 5599 μετ
1940 5524 2147 5591 ’ὀδύνης

2262 4461 2411 4514 λοῦσι
2468 4467 2598 4534 μήτε
2648 4472 2893 4535 φρονοῦσι
2960 4472 3059 4514 τῶν
3112 4466 3239 4535 πρὸς
3284 4462 3547 4520 ἀληθειαν.
3597 4465 3853 4516 Ἐνταῦθα

2261 4557 2458 4623 πρώτος
2513 4547 2603 4603 τοῦ
2653 4550 2854 4613 ἀληθῶς
2896 4554 3094 4625 Πατρός
3140 4556 3480 4625 φανερώτερον
3523 4555 3849 4624 μνημονεύει,

2261 4644 2350 4691 καὶ
2403 4647 2734 4713 παραγυμνοῖ
2798 4642 2959 4691 αὑτοῦ
3011 4644 3102 4698 τὴν
3157 4642 3393 4697 θεότητα.
3458 4644 3671 4693 Κάτεισι
3721 4646 3856 4713 μετὰ

2258 4737 2358 4779 τῶν
2414 4734 2597 4799 γονέων
2650 4728 2703 4791 ἐξ
2745 4728 3082 4802 Ἰερουσαλὴμ
3138 4728 3210 4789 εἰς
3260 4729 3501 4801 Ναζαρὲτ
3553 4731 3579 4781 ὁ
3637 4733 3850 4804 Κύριος·

2258 4822 2348 4868 καὶ
2406 4814 2633 4870 διατελεῖ
2698 4820 2901 4878 τούτοις
2979 4819 3404 4889 ύποταττόμενος,
3475 4825 3641 4889 γονεῖς
3694 4826 3854 4891 τιμᾷν

2258 4902 2519 4958 παιδεύων
2570 4906 2624 4958 ἐκ
2672 4915 2762 4959 τοῦ
2806 4908 3015 4959 οἰκείου·
3069 4911 3159 4958 καὶ
3201 4909 3320 4980 ὅπερ
3372 4907 3527 4968 αὐτὸς
3564 4907 3853 4979 ἐντειλάμε-

2257 5014 2336 5055 νος
2410 4996 2492 5059 ἧν,
2562 5003 2714 5047 τοῦτο
2770 5004 2968 5070 πρῶτος
3036 4994 3264 5067 πληρῶν,
3331 5001 3419 5048 καὶ
3484 5002 3641 5069 τιμᾷν
3717 4999 3855 5049 οὕτω

2259 5081 2530 5136 διδάσκων
2568 5092 2751 5155 γονεῖς,
2806 5090 2957 5155 τιμᾷν
3001 5081 3059 5136 δὲ
3086 5086 3290 5146 πάντως
3336 5087 3467 5156 μετά
3516 5091 3674 5137 Θεὸν·
3728 5085 3856 5138 έκει-

2255 5193 2349 5224 νων
2405 5176 2506 5246 γὰρ
2566 5178 2940 5247 προτιμοτέραν
3008 5170 3135 5225 εἶναι
3203 5176 3296 5231 τὴν
3372 5172 3678 5229 θεοσέϐειαν.
3760 5178 3860 5227 Διὰ

2255 5279 2407 5313 τουτο
2457 5264 2546 5311 καί
2592 5263 2894 5334 παραλιπὼν
2945 5260 3145 5322 αύτούς,
3179 5279 3248 5330 τῳ
3276 5268 3380 5331 ναῷ
3428 5265 3725 5333 προσμένει,
3762 5268 3857 5314 καὶ

2253 5353 2339 5402 τόν
2371 5348 2528 5401 αὐτοῦ
2560 5352 2733 5413 πόθον,
2792 5350 3131 5423 ἰσχυρότερον
3176 5344 3302 5401 εἶναι
3358 5346 3465 5403 δεῖν
3497 5358 3590 5404 τοῦ
3621 5359 3856 5423 φυσικοῦ

2254 5438 2441 5490 κελεύει
2469 5442 2558 5489 καὶ
2586 5446 2861 5511 πατρικοῦ.
