4144 6258
180 246 286 301 549

1384 251 1649 307 ORATIO
1692 253 1780 307 DE
1820 254 2096 311 SANCTA
2129 258 2378 315 MARIA.

3481 267 3588 322 550

180 370 389 436 salem,
414 370 630 425 festum
656 369 901 461 Paschae
913 370 1335 461 celebraturus.
1360 374 1507 431 Cum
1533 378 1827 433 veroillud
1860 380 1908 433 A
1940 382 2225 437 tissimam
2240 384 2757 449 Mariam,Matrem
2770 385 3172 456 ejus,quivere
3189 392 3274 443 est
3292 390 3584 461 sapientia

176 459 361 515 ﬁnem
394 461 742 530 accepisset,
778 458 890 531 ipsi
924 460 1171 531 quidem
1202 465 1413 519 reversi
1448 472 1585 520 sunt
1617 482 1629 520 :
1660 469 1829 522 Jesus

174 554 383 604 autem
412 553 613 604 manet
637 562 737 603 eos
767 547 974 603 latens.
1004 551 1071 604 Et
1092 549 1170 604 illi
1193 551 1438 622 quidem
1468 554 1828 624 quaerebant,

172 638 275 693 hic
301 652 440 693 vero
466 641 584 692 tres
615 637 741 691 dies
772 636 959 692 latuit.
993 638 1215 693 Deinde
1242 640 1328 694 eis
1360 641 1424 695 ﬁt
1457 642 1825 706 manifestus,

174 726 239 780 in
295 724 510 797 templo
549 725 792 797 quidem
855 725 1083 792 sedens,
1125 728 1303 783 simul
1340 736 1538 786 autem
1579 731 1828 786 audiens

175 815 477 879 doctores,
511 821 567 869 et
613 830 751 868 cum
803 814 917 869 illis
963 815 1287 881 disserens,
1314 823 1372 874 et
1425 818 1486 873 in
1526 820 1827 891 responsis

176 902 481 958 auditores
502 901 763 958 afﬁciens
789 903 1199 960 admiratione.
1225 908 1284 961 In
1304 906 1415 962 hoc
1440 909 1597 962 enim
1621 907 1825 979 imple-

178 990 369 1061 batur,
396 992 557 1064 quod
576 992 644 1048 de
666 991 764 1047 illo
792 992 1077 1064 scriptum
1100 999 1207 1057 est,
1229 995 1391 1066 quod
1420 1012 1566 1067 puer
1595 998 1826 1067 confor-

178 1081 725 1148 tabaturspiritu,et
743 1083 1083 1151 proﬁciebat
1100 1084 1388 1152 sapientia
1401 1092 1454 1141 et
1471 1088 1664 1155 gratia
1676 1088 1827 1155 apud

184 1171 358 1226 Deum
391 1177 445 1227 et
478 1172 761 1237 homines,
795 1187 866 1227 eo
895 1172 1058 1244 quod
1086 1172 1287 1228 multis
1318 1173 1450 1230 talis
1481 1191 1608 1229 esse
1639 1175 1829 1230 decla-

177 1262 358 1314 retur.
385 1261 544 1314 Latet
570 1265 768 1315 autem
790 1265 1087 1331 parentes,
1107 1276 1181 1317 ne
1208 1262 1285 1317 ab
1312 1262 1395 1317 eis
1422 1263 1831 1335 prohiberetur

175 1346 467 1403 disserere
498 1363 635 1403 cum
662 1347 1038 1419 jurisperitis,
1075 1353 1138 1403 ut
1160 1350 1263 1420 qui
1294 1353 1508 1406 scirent
1539 1367 1676 1406 eum
1708 1368 1828 1408 non

176 1435 457 1492 didicisse
487 1436 731 1502 litteras,
779 1442 835 1492 et
874 1443 1172 1503 caverent,
1204 1454 1277 1493 ne
1303 1438 1602 1495 laberetur
1625 1441 1681 1494 in
1711 1457 1829 1495 ser-

174 1539 365 1580 mone
405 1543 416 1580 :
451 1532 552 1580 aut
575 1525 824 1581 fortasse
855 1541 1091 1591 cavens,
1123 1543 1191 1582 ne
1222 1527 1516 1583 videretur
1555 1533 1829 1599 parentes

180 1613 403 1670 habere
423 1615 802 1685 contemptui,
824 1631 894 1670 eo
910 1616 1070 1687 quod
1093 1631 1212 1671 non
1240 1617 1582 1686 parentibus
1602 1625 1831 1688 pareret

1938 473 2223 525 etarcana
2248 473 2525 540 cognitio.
2555 474 2954 529 Conserrabat
2973 473 3366 546 enim,inquit,
3383 482 3583 536 omnia

1938 557 2115 613 verba
2147 558 2271 616 haec
2298 562 2360 616 in
2387 563 2562 618 corde
2592 578 2694 617 suo
2722 564 2767 597 ³9
2796 582 2808 620 :
2836 563 2986 618 sicut
3015 565 3194 620 etiam
3218 566 3457 635 priusin
3481 568 3582 623 ad-

1938 654 2115 702 ventu
2172 655 2502 720 pastorum,
2558 658 2611 705 et
2671 651 2741 705 iis
2795 667 2929 722 qua:
2978 651 3056 705 illi
3111 652 3237 708 visa
3294 660 3347 708 et
3379 657 3585 712 audita

1939 736 2272 792 narrabant.
2303 739 2370 793 Et
2398 744 2538 794 tunc
2565 739 2752 794 Lucas
2781 738 3046 793 similiter
3061 741 3189 795 haec
3216 742 3421 797 omnia
3442 743 3585 799 dixit

1937 821 2185 879 Mariam
2227 843 2599 884 conservare.
2635 830 2760 882 Non
2793 829 2950 882 enim
2973 826 3047 892 ei,
3082 833 3373 900 tanquam
3405 830 3582 887 alicui

1935 910 2143 968 infanti
2182 915 2550 979 attendebat,
2594 916 2696 970 sed
2737 932 2872 987 quae
2912 914 3283 983 dicebantur,
3344 918 3580 989 plurimi

1934 999 2191 1057 faciebat
2223 1024 2234 1058 :
2264 1010 2320 1057 et
2342 1003 2485 1059 nihil
2516 1008 2640 1059 erat
2656 1020 2728 1059 ex
2750 1004 2965 1075 iisquae
2988 1003 3063 1058 ab
3080 1004 3211 1073 ipso
3234 1005 3583 1063 dicebantur

1935 1094 1990 1142 et
2047 1089 2291 1161 ﬁebant,
2324 1091 2489 1162 quod
2553 1107 2672 1147 non
2704 1108 2776 1148 ea
2817 1107 3037 1159 magno
3078 1092 3276 1148 studio
3329 1094 3580 1165 dignum

1936 1176 2198 1240 duceret,
2222 1179 2466 1234 etcorde
2482 1180 2792 1249 diligenter
2811 1180 3047 1244 celaret,
3076 1180 3414 1238 divinarum
3431 1200 3582 1255 qua-

1936 1265 2217 1320 rumdam
2278 1282 2476 1321 rerum
2533 1273 2589 1323 et
2635 1283 2990 1323 arcanarum
3040 1284 3108 1323 ea
3157 1284 3282 1324 esse
3324 1273 3580 1339 semina,

1936 1369 2157 1424 easque
2195 1353 2308 1409 illis
2340 1358 2779 1426 praemonstrari
2817 1362 2970 1412 recte
2994 1356 3293 1426 judicans.

2012 1443 2186 1496 XXVI.
2217 1442 2356 1497 Post
2393 1444 2519 1499 haec
2560 1445 2881 1515 baptisma,
2919 1451 3050 1515 post
3086 1445 3250 1517 quod
3291 1447 3579 1505 miracula

1935 1545 2198 1601 quoque;
2235 1532 2339 1585 sed
2380 1533 2469 1603 (ut
2498 1532 2735 1587 divinus
2764 1533 2904 1588 dicit
2927 1536 3184 1589 Joannes
3210 1534 3279 1605 ‘°)
3312 1533 3369 1591 id
3411 1536 3578 1607 quod

1936 1617 2197 1688 primum
2231 1620 2364 1674 fecit
2393 1621 2477 1690 (in
2507 1622 2744 1691 nuptiis,
2778 1622 3045 1693 inquam,
3071 1638 3243 1691 aquae
3272 1622 3332 1677 in
3370 1624 3578 1679 vinum

174 1702 528 1773 jubentibus
557 1719 628 1759 ea
656 1719 788 1774 quae
819 1709 953 1758 sunt
993 1703 1338 1760 hominibus
1376 1706 1823 1777 consequentia.
1862 1697 1907 1753 Β
1938 1707 2502 1772 mutationem)fecit
2519 1711 2694 1765 Matre
2710 1709 3137 1765 PraesenteJlla
3159 1711 3401 1781 quidem
3421 1716 3577 1767 certe

178 1790 320 1846 Vide
354 1796 577 1855 autem,
618 1790 1134 1862 quemadmodum
1168 1808 1239 1847 ea
1276 1791 1433 1859 facit,
1475 1809 1610 1865 quae
1641 1809 1827 1864 puero

182 1880 569 1937 conveniunt.
610 1880 741 1935 Non
772 1880 931 1935 enim
957 1880 1131 1936 docet
1160 1880 1548 1953 legisperitos,
1595 1882 1826 1938 etiamsi

173 1974 330 2025 esset
372 1969 783 2040 suppeditator
813 1969 1140 2041 sapientiai,
1168 1970 1274 2025 sed
1312 1970 1474 2027 audit
1505 1976 1561 2027 et
1589 1972 1824 2028 interro-

169 2062 272 2129 gat
297 2080 309 2111 :
341 2062 666 2128 utrumque
687 2073 825 2113 cum
850 2073 1076 2128 magna
1094 2059 1409 2131 sapientia.
1442 2060 1555 2115 Sed
1580 2077 1685 2115 cur
1704 2076 1824 2116 non

166 2147 389 2219 primo,
443 2160 554 2201 nec
614 2146 901 2213 secundo,
957 2147 1062 2203 sed
1120 2148 1291 2204 tertio
1344 2148 1656 2214 invenitur,
1723 2150 1825 2221 qui

166 2233 459 2305 quaeritur
488 2248 525 2288 a
554 2233 948 2303 parentibus?
978 2235 1124 2291 Hinc
1153 2236 1405 2293 fortasse
1434 2237 1824 2309 sepulturam,

169 2328 227 2377 et
260 2337 398 2393 qum
429 2324 565 2393 post
602 2326 718 2377 tres
746 2322 873 2378 dies
911 2322 1111 2380 futura
1153 2330 1297 2393 erat,
1333 2326 1825 2383 resurrectionem

167 2409 661 2481 praesignificans,
684 2411 844 2465 Tunc
869 2410 1049 2476 enim,
1065 2427 1204 2467 cum
1225 2412 1496 2483 sepulcro
1517 2418 1823 2469 contectus

167 2502 340 2563 esset,
366 2505 629 2568 apparet.

238 2588 428 2642 XXIV.
461 2586 575 2642 Sed
619 2587 925 2659 quomodo
970 2603 1180 2644 rursus
1209 2591 1385 2645 Mater
1423 2589 1816 2655 admirabilis,

163 2692 200 2733 a
218 2676 504 2732 maternis
528 2676 685 2733 victa
710 2676 1056 2743 visceribus,
1079 2682 1136 2733 et
1156 2694 1293 2733 cum
1315 2694 1537 2747 magna
1558 2677 1819 2734 affectio-

162 2780 238 2820 ne
269 2768 448 2821 vocat
463 2764 699 2829 Filium,
713 2768 768 2819 et
791 2770 1085 2836 tanquam
1096 2766 1556 2836 reprehendens.
1573 2765 1818 2822 adducit

169 2868 325 2918 eam,
356 2868 493 2923 quas
522 2868 660 2907 cum
681 2851 886 2906 dolore
916 2851 1116 2915 ﬁebat,
1144 2852 1621 2922 inquisitionem?
1650 2854 1813 2914 Ecce,

166 2941 395 3005 dicens,
454 2946 633 3010 pater
686 2944 821 2994 tuus
861 2946 913 2995 et
968 2954 1065 3010 ego
1121 2940 1379 2996 dolentes
1417 2939 1819 3011 quaerebamus

1936 1793 2129 1865 prima
2150 1796 2435 1852 admonet
2461 1796 2665 1853 vinum
2691 1798 2921 1863 deesse,
2956 1797 3091 1852 Filio
3116 1798 3388 1868 praebens
3412 1815 3576 1856 occa-

1938 1882 2167 1939 sionem
2190 1892 2244 1939 et
2276 1885 2584 1941 materiam
2613 1885 2862 1941 faciendi
2882 1885 3260 1941 miraculum.
3297 1890 3346 1941 ls
3377 1893 3578 1944 autem

1935 1972 2214 2043 quamvis
2252 1988 2408 2043 aegre
2447 1973 2595 2029 ferre
2633 1973 2969 2039 videbatur,
2995 1979 3050 2029 et
3090 1975 3225 2029 ideo
3261 1990 3575 2031 recusare:

1935 2058 2071 2115 facit
2101 2064 2299 2115 tamen
2330 2077 2400 2116 ea
2424 2078 2560 2133 quae
2599 2079 2635 2118 a
2667 2065 2839 2118 Matre
2867 2062 3361 2132 suggerebantur,
3391 2064 3578 2121 hono-

1933 2163 2076 2203 rans
2108 2150 2355 2205 omnino
2388 2156 2448 2205 ut
2477 2153 2737 2217 Matrem,
2768 2154 2825 2205 et
2853 2151 3027 2206 veluti
3061 2150 3111 2206 ei
3141 2150 3397 2207 reddens
3424 2168 3577 2208 mer-

1936 2236 2164 2306 cedem,
2186 2238 2350 2309 quod
2376 2240 2575 2309 ipsum
2597 2240 2655 2294 in
2682 2238 2817 2294 alvo
2843 2239 3176 2308 gestaverit.
3204 2239 3343 2294 Vide
3374 2247 3578 2295 autem

1933 2323 2030 2380 hic
2057 2341 2294 2397 quoque
2324 2326 2423 2381 Dei
2458 2326 2655 2381 Matris
2686 2326 2980 2395 insignem
3012 2325 3487 2382 moderationem
3522 2331 3580 2383 et

1933 2412 2334 2483 prudentiam.
2378 2416 2492 2470 Nec
2533 2415 2694 2470 enim
2730 2414 2900 2485 jubet
2938 2413 3241 2480 audacter,
3284 2418 3575 2487 tanquam

1931 2502 2110 2555 Mater
2140 2501 2297 2565 Filio,
2330 2506 2394 2556 ut
2419 2502 2596 2558 faciat
2627 2503 3004 2570 miraculum,
3039 2501 3143 2558 sed
3182 2518 3319 2558 eum
3353 2502 3577 2558 solum-

1927 2590 2112 2643 modo
2124 2588 2426 2653 admonet,
2444 2589 2623 2662 idque
2637 2606 2775 2645 cum
2789 2590 3054 2661 quadam
3072 2605 3292 2660 magna
3305 2606 3575 2646 reveren-

1928 2675 2008 2732 tia
2036 2679 2094 2731 et
2114 2677 2537 2743 submissione,
2570 2685 2624 2733 et
2654 2683 2947 2750 quantum
2976 2676 3274 2733 sufﬁceret
3298 2678 3377 2733 ad
3401 2694 3574 2734 suam

1926 2762 2353 2821 declarandam
2372 2766 2753 2822 voluntatem.
2772 2766 2921 2831 Quid
2944 2766 3103 2822 enim
3127 2772 3231 2834 est,
3255 2768 3415 2837 quod
3438 2767 3579 2823 dicit

1926 2850 2069 2904 Filio
2090 2851 2117 2905 ?
2154 2851 2364 2908 Vinum
2402 2869 2520 2908 non
2562 2855 2801 2909 habent.
2829 2856 2982 2909 Nam
3002 2854 3110 2908 etsi
3153 2869 3222 2909 ea
3249 2854 3416 2908 illum
3448 2870 3576 2910 esse

1929 2953 2105 2992 suum
2161 2941 2568 3009 cognoscebat
2599 2942 2827 3008 Filium,
2858 2958 2979 2998 non
3028 2943 3341 3011 ignorabat
3373 2947 3575 2998 tamen

169 3036 226 3085 te
255 3030 323 3083 ⁸⁷.
370 3030 435 3083 Ει
464 3027 597 3083 ideo
631 3042 766 3082 cum
797 3026 895 3082 illa
925 3026 1169 3082 dixisset
1204 3027 1279 3082 de
1310 3033 1497 3099 patre,
1528 3033 1819 3099 tanquam
1857 3036 1899 3093 c
1928 3040 2067 3080 eum
2092 3042 2221 3081 esse
2250 3044 2423 3083 suum
2456 3046 2697 3101 quoque
2736 3030 3092 3085 effectorem.
3138 3032 3206 3087 Et
3237 3030 3372 3085 ideo
3400 3030 3578 3086 simul

168 3116 244 3173 de
274 3133 345 3172 eo
400 3117 506 3189 qui
530 3116 866 3186 videbatur,
901 3114 1164 3172 Christus
1209 3115 1386 3171 veluti
1434 3116 1727 3185 corrigens
1760 3116 1819 3171 id

167 3204 332 3278 quod
362 3206 589 3261 dictum
617 3204 828 3270 fuerat,
855 3204 995 3260 dicit
1015 3203 1090 3259 de
1113 3220 1202 3269 eo,
1236 3203 1341 3276 qui
1363 3210 1451 3260 est
1473 3220 1607 3259 vere
1630 3210 1814 3275 pater,

168 3294 220 3350 ei
252 3294 557 3349 veritatem
587 3308 876 3348 revocans
906 3293 965 3348 in
995 3293 1369 3358 memoriam,
1399 3297 1454 3348 et
1479 3292 1812 3364 providens,

171 3390 366 3437 utnon
381 3382 550 3437 humi
576 3387 786 3448 serpat,
819 3381 917 3436 sed
941 3382 1001 3436 in
1023 3381 1210 3437 altum
1240 3381 1553 3438 extollatur
1586 3381 1814 3437 :Nesci-

171 3470 266 3537 tis,
318 3470 545 3535 dicens,
575 3470 733 3541 quod
760 3485 851 3525 me
880 3475 1108 3538 oportet
1138 3485 1258 3526 esse
1300 3472 1366 3525 in
1397 3470 1466 3525 iis
1515 3485 1640 3540 qua:
1677 3477 1814 3526 sunt

167 3558 365 3613 Patris
414 3560 530 3614 mei
560 3558 639 3611 '3?
681 3558 771 3613 Sic
819 3573 880 3612 se
905 3557 1157 3615 ostendit
1184 3561 1366 3613 Deum
1411 3573 1539 3613 esse
1582 3564 1812 3623 natura,

170 3645 468 3717 siquidem
484 3645 662 3700 Filius
675 3647 946 3716 ejusdem
964 3650 1055 3701 est
1070 3652 1295 3702 naturae
1313 3663 1450 3701 cum
1468 3646 1815 3712 Patre.Quo-

165 3735 328 3789 niam
356 3741 560 3789 autem
608 3733 750 3788 illud
780 3734 1066 3806 templum
1112 3735 1302 3791 Patris
1333 3742 1477 3799 erat,
1501 3733 1559 3789 in
1593 3734 1661 3789 iis
1687 3749 1814 3805 quas

164 3830 305 3877 sunt
333 3824 517 3878 Patris
544 3822 640 3879 ille
672 3822 1038 3880 versabatur.
1075 3823 1245 3889 Quod
1268 3822 1517 3879 verbum
1545 3824 1812 3879 nondum

164 3911 553 3967 manifestum
587 3911 701 3967 illis
756 3915 902 3967 erat.
958 3911 1056 3966 llle
1104 3918 1305 3968 autem
1346 3912 1651 3967 descendit
1675 3928 1811 3966 cum

163 4000 247 4055 eis
276 4000 339 4055 in
372 4002 676 4068 Nazareth,
706 4007 758 4055 et
792 4001 1013 4056 mansit
1042 4001 1128 4056 eis
1154 4001 1479 4071 subjectus,
1520 4016 1592 4055 ex
1623 4015 1687 4055 se
1711 4000 1806 4055 do-

162 4103 303 4143 cens
344 4088 641 4145 honorare
667 4095 962 4160 parentes,
995 4094 1051 4144 et
1073 4089 1238 4160 quod
1262 4088 1685 4160 ipsejusserat,
1702 4087 1812 4141 hoc

163 4177 394 4246 primus
463 4177 754 4248 impleas;
798 4176 1093 4232 honorare
1151 4181 1351 4232 autem
1390 4176 1637 4231 omnino
1682 4180 1816 4244 post

166 4265 372 4328 Deum,
453 4265 655 4337 illique
735 4281 867 4320 esse
928 4265 1363 4336 praeferendum
1413 4264 1512 4318 Dei
1565 4263 1810 4329 cultum,

1928 3113 2170 3185 quidem
2209 3115 2414 3170 volens
2453 3119 2784 3182 ostendere,
2818 3120 3136 3189 cujusnam
3177 3124 3333 3174 esset
3372 3119 3574 3185 Mater,

1927 3208 1983 3257 et
2012 3202 2187 3257 simul
2203 3205 2381 3259 etiam
2405 3204 2620 3259 referre
2652 3207 2906 3274 gratiam
2931 3206 3001 3260 iis
3025 3208 3126 3276 qui
3159 3207 3574 3273 invitaverant,

1924 3291 2245 3363 prudenter
2273 3292 2321 3346 ei
2348 3293 2609 3364 suggerit
2637 3293 2902 3347 miraculi
2934 3293 3322 3348 affectionem.
3353 3293 3577 3350 Deinde

1924 3380 2102 3434 etiam
2136 3379 2419 3435 ministris
2452 3381 2901 3452 :Quodcumque
2920 3381 3162 3445 dixerit,
3191 3382 3399 3453 inquit,
3426 3381 3578 3437 vobis

1917 3469 2123 3537 facite,
2157 3468 2271 3523 hoc
2299 3470 2500 3524 dicens
2541 3469 2614 3524 de
2643 3469 2806 3533 Filio;
2830 3469 2959 3540 jam
2983 3469 3144 3525 enim
3185 3470 3460 3525 veniebat
3498 3470 3577 3526 ad

1922 3557 2190 3611 notitiam
2210 3557 2439 3612 virtutis
2458 3557 2601 3621 Filii,
2630 3564 2689 3612 ut
2705 3574 2840 3630 quae
2854 3558 3098 3613 vidisset
3113 3558 3297 3613 multa
3316 3559 3579 3615 admira-

1922 3643 2083 3708 bilia,
2116 3661 2247 3715 quae
2278 3646 2454 3700 etiam
2482 3645 2773 3717 paulatim
2804 3648 2863 3701 in
2892 3646 3071 3701 corde
3111 3646 3476 3714 conferebat,
3512 3653 3570 3703 ut

1922 3738 2076 3788 recte
2106 3735 2499 3801 cognovimus
2529 3751 2599 3789 ex
2630 3734 2699 3788 iis
2729 3750 2864 3805 quas
2904 3740 3358 3805 praecesserunt.

1993 3822 2191 3877 XXVII.
2251 3823 2538 3887 Quoniam
2570 3828 2762 3877 autem
2792 3838 2913 3877 non
2945 3822 3061 3878 alio
3116 3830 3344 3894 spectat
3396 3839 3578 3894 argu-

1920 3918 2190 3965 mentum
2227 3912 2614 3982 propositum,
2659 3927 2842 3981 quam
2870 3911 3062 3966 solum
3094 3911 3171 3967 ad
3197 3912 3575 3969 ostendenda

1920 3997 2176 4067 Virginis
2206 3999 2532 4068 magnalia,
2580 3998 2684 4053 erit
2711 3998 2825 4054 hoc
2869 4015 3110 4070 quoque
3152 4016 3338 4054 unum
3379 4016 3445 4057 ex
3501 4001 3573 4056 iis

1920 4100 2055 4156 quas
2086 4086 2240 4139 illius
2266 4094 2402 4139 sunt
2430 4088 2592 4141 bona
2621 4093 2676 4141 et
2714 4086 3019 4156 praeclara,
3054 4088 3100 4140 si
3140 4087 3572 4143 ostenderimus

1922 4187 2054 4226 eam
2085 4172 2262 4225 fuisse
2281 4177 2568 4243 perpetuo
2589 4180 2882 4227 versatam
2915 4190 3052 4228 cum
3078 4174 3244 4239 Filio,
3277 4175 3396 4229 etei
3421 4190 3576 4231 sem-

1922 4274 2026 4329 per
2051 4257 2362 4324 assedisse,
2404 4264 2462 4313 et
2520 4275 2627 4314 nec
2656 4260 2716 4314 in
2768 4266 3033 4332 tempore
3089 4262 3332 4331 quidem
3375 4278 3573 4319 rerum

165 4350 302 4406 ldeo
332 4353 493 4407 enim
514 4352 596 4407 eis
623 4352 852 4417 relictis,
875 4353 936 4406 in
966 4353 1180 4423 templo
1201 4355 1594 4412 remanserat,
1621 4357 1815 4405 osten-
1846 4374 1890 4426 D
1923 4346 2335 4413 adversarum,
2368 4362 2474 4401 nec
2504 4346 2564 4401 in
2597 4348 2873 4403 Passione
2906 4348 3083 4403 fuisse
3113 4348 3189 4403 ab
3222 4365 3292 4404 eo
3333 4365 3570 4421 separa-

165 4437 315 4492 dens
362 4440 460 4493 Dei
492 4456 762 4495 amorem
793 4440 1051 4496 naturali
1077 4445 1133 4494 et
1180 4446 1421 4510 paterno
1467 4436 1813 4493 validiorem

164 4541 296 4580 esse
338 4526 575 4582 debere.

239 4613 398 4668 XXV.
421 4615 535 4670 Sed
558 4616 704 4671 mihi
728 4631 934 4671 rursus
958 4616 1069 4687 (l2)
1093 4616 1216 4671 vide
1238 4615 1553 4672 mulierum
1580 4615 1813 4687 sapien-

234 4737 282 4771 ³⁷
322 4736 445 4794 Luc
470 4754 539 4803 ll,
562 4743 650 4795 48.
766 4742 812 4776 ³⁸
841 4741 985 4797 ibid.
1007 4744 1095 4796 49.
1210 4743 1255 4777 ³ο
1283 4740 1429 4797 ibid.
1457 4746 1543 4796 5t.

232 4861 346 4931 (12)
389 4869 493 4915 Τοῦ
571 4871 968 4937 Μιταφραστοϋ.
1026 4864 1162 4938 Ὀρα
1226 4885 1315 4937 μοι
1365 4869 1450 4917 καὶ
1507 4863 1653 4925 αὖθις
1718 4869 1811 4923 τὴν

163 4954 462 5021 σοφωτάτην
508 4963 766 5023 γυναικῶν
818 4959 1018 5027 Μαρίαν
1059 4970 1069 4980 ·
1124 4958 1217 5012 τὴν
1269 4957 1469 5028 μητέρα
1520 4963 1611 5015 τῆς
1659 4958 1813 5014 ὅντως

161 5043 347 5109 σοφίας
385 5046 475 5092 καὶ
534 5040 833 5116 ἀπορρήτου
889 5047 1140 5112 γνώσεως.
1200 5048 1426 5117 Διιτήρει
1481 5045 1605 5115 γὰρ,
1658 5047 1810 5113 φησὶ,

157 5128 323 5178 πάντα
398 5131 465 5181 τὰ
535 5131 753 5204 ῥήματα
835 5138 1001 5182 ταῦτα
1085 5129 1133 5181 ἐν
1211 5138 1271 5202 τῇ
1354 5128 1552 5203 καρδίᾳ
1631 5130 1809 5197 αὐτῆς,

158 5213 328 5288 ὥσπερ
379 5214 447 5275 δὴ
489 5224 574 5271 καὶ
630 5225 877 5294 πρότερον
916 5217 998 5270 ἐπὶ
1042 5226 1103 5291 τῇ
1150 5226 1248 5270 τῶν
1300 5223 1549 5291 ποιμένων
1599 5218 1805 5272 ἐπιστα-

158 5305 265 5371 σίᾳ,
342 5311 432 5356 καὶ
489 5308 562 5367 οἷς
618 5307 801 5361 ἐκεῖνοι
878 5306 1155 5380 ἑωρακότες
1197 5311 1286 5359 καὶ
1365 5306 1678 5368 ἀκούσαντες
1727 5306 1808 5369 ἐξα

155 5394 418 5462 ηγόρευον.
473 5401 573 5448 Καὶ
622 5402 734 5450 τότε
785 5398 885 5468 γὰρ
924 5402 1091 5447 ταῦτα
1150 5397 1318 5448 πάντα
1366 5397 1395 5454 ἡ
1453 5402 1634 5468 Μαρία
1680 5414 1810 5447 συν-

1922 4438 2069 4499 tam,
2100 4435 2346 4506 quando
2373 4441 2428 4489 et
2456 4435 2752 4506 discipuli,
2787 4442 2843 4491 et
2868 4437 3068 4502 amici,
3101 4443 3157 4491 et
3180 4453 3387 4492 omnes
3422 4438 3569 4509 noti,

1922 4524 2019 4580 alii
2049 4522 2287 4595 quidem
2314 4523 2447 4595 ipso
2469 4526 2716 4579 omnino
2739 4524 2958 4589 relicto,
2990 4542 3051 4579 se
3078 4525 3137 4580 in
3162 4527 3342 4597 pedes
3375 4527 3573 4597 conje-

1923 4611 2251 4670 ceruntzalii
2273 4629 2574 4677 vero,cum
2595 4613 2908 4685 paululum
2923 4618 3571 4685 exspectassent,nega-

1663 4741 1711 4776 ⁴⁰
1738 4742 1905 4796 Joan.
1939 4739 1996 4809 1i,
2029 4740 2055 4793 1
2092 4752 2257 4809 seqq.

1924 4868 2092 4936 ετήρει
2128 4878 2140 4891 ·
2184 4861 2241 4913 οὐ
2284 4862 2386 4933 γὰρ
2430 4862 2495 4919 ὡς
2538 4855 2736 4930 παιδίῳ
2784 4864 2885 4911 τινί
2932 4866 3211 4934 προσεῖχεν
3241 4878 3253 4890 ·
3290 4858 3416 4911 ἀλλὰ
3452 4866 3568 4935 περὶ

1920 4953 2166 5005 πλείστου
2219 4952 2282 5001 τὰ
2333 4951 2582 5020 λεγόμενα
2633 4948 2871 5014 ἐποιεῖτο,
2908 4954 2997 5000 καὶ
3036 4945 3184 5000 οὐδὲν
3217 4945 3276 5005 ἦν
3306 4958 3405 5001 τῶν
3441 4950 3563 5023 παρ’

1920 5042 2076 5093 αὐτοῦ
2102 5041 2399 5111 λεγομένων,
2433 5038 2457 5090 ὃ
2483 5043 2553 5109 μὴ
2589 5038 2731 5100 ἄξιον
2770 5038 2899 5095 αὐτὴ
2937 5034 3178 5097 σπουδῆς
3205 5036 3447 5105 ἐποιεῖτο,
3477 5044 3567 5091 καὶ

1921 5131 1993 5191 εἰς
2016 5125 2240 5202 καρδίαν
2268 5130 2517 5201 ἔκρυππεν
2558 5126 2798 5198 ἐμμελῶς,
2838 5130 3110 5197 σπέρματα
3136 5122 3264 5176 εἶναι
3294 5132 3445 5178 ταυτὶ
3472 5132 3563 5179 καὶ

1919 5221 2199 5291 μηνύματα
2230 5218 2374 5269 θείων
2405 5223 2552 5267 τινῶν
2583 5219 2671 5265 καὶ
2702 5213 3003 5286 ἀπορρήτων
3024 5216 3365 5286 πραγμάτων,
3394 5213 3563 5278 καλῶς

1918 5313 2172 5381 κρίνουσα
2203 5309 2221 5328 ”
2236 5349 2248 5361 .

213 5494 244 5525 ⁸⁵
268 5495 380 5547 Huc
411 5512 580 5565 usque
607 5502 997 5568 Metaphrastes
1026 5503 1081 5552 in
1102 5503 1298 5553 Catena
1317 5501 1494 5552 Graeca
1508 5505 1711 5553 textum
1734 5502 1986 5553 Latinum
2006 5503 2201 5567 partim
2222 5500 2576 5565 repraesentat
2599 5512 2611 5555 ;
2636 5497 2691 5547 in
2723 5497 3066 5562 sequentibus
3092 5498 3312 5548 omnino
3334 5496 3559 5555 abludit,
