4144 6258
542 205 636 259 εδί
1888 183 2147 239 MENSIS
2183 181 2585 238 AUGUSTUS.

541 329 769 381 verunt.
798 327 1001 395 Itaque
1025 319 1310 392 quoniam
1362 317 1490 371 haec
1534 315 1610 368 ita
1653 327 1713 367 se
1743 309 1984 374 habent,
2055 307 2183 363 aliis
2218 309 2265 362 A
2295 306 2477 361 modo
2494 322 2614 361 non
2646 305 2702 360 in
2733 308 2862 395 ejus
2879 304 3078 377 potius
3093 305 3290 360 carnis
3314 302 3986 395 telaimmittehantur?

542 414 773 483 relictis,
809 392 921 465 nos
944 426 1014 465 ea
1052 408 1341 462 dicamus.
1388 404 1531 458 Cum
1582 400 1740 455 enim
1800 405 2031 468 tempus
2059 396 2186 466 jam
2297 397 2549 451 utetiam
2569 393 3669 467 hincﬁnemaccipcret,quoddixerat
3687 392 3977 447 admira-

544 503 780 558 adesset
810 497 1120 561 Passionis,
1153 494 1312 549 etille
1334 492 1595 562 seipsum
1627 488 1901 550 traderet,
1931 491 1985 541 et
2013 490 2188 539 staret
2296 485 2429 539 bilis
2447 485 2712 539 Simeon:
2738 484 2920 539 Tuam
2939 484 3624 554 quoqueipsiusanimam
3646 488 3977 551 pertrans-

3888 180 3989 232 552

544 591 603 645 in
638 590 833 644 medio
864 602 1067 641 eorum
1101 584 1203 656 qui
1256 582 1313 636 in
1345 596 1482 635 eum
1514 578 1736 633 caedem
1772 574 2100 647 spirabant,
2134 577 2191 626 et

539 679 668 749 jam
699 676 1092 732 abduceretur
1110 672 1184 726 ad
1208 670 1476 735 Pilatum,
1509 672 1565 722 et
1582 671 1716 721 ante
1732 664 2010 735 Caipham
2028 663 2187 715 siste-

545 772 721 830 retur,
756 770 809 820 et
837 763 913 819 ad
956 761 1240 817 Herodem
1284 757 1607 812 mitteretur
1640 750 2101 814 examinandus,
2134 753 2189 802 et

546 854 787 910 tandem
810 854 867 907 in
891 867 1027 906 eum
1053 849 1294 903 ferretur
1308 844 1615 903 sententia,
1638 848 1695 897 et
1712 856 1883 896 cruce
1911 838 2191 894 condem-

549 948 807 1009 naretur,
839 943 1032 1001 Mater,
1064 939 1213 992 sicut
1252 937 1310 990 in
1340 935 1469 989 aliis
1511 931 1832 1004 superabat
1862 928 2189 992 mulierem,

548 1032 630 1087 ita
661 1030 837 1086 etiam
888 1028 981 1082 hic
1034 1040 1274 1097 quoque
1324 1023 1554 1077 videtur
1593 1021 1914 1093 plusquam
1962 1015 2188 1078 mulier,

548 1136 683 1191 quae
712 1118 788 1173 ab
828 1116 927 1170 illo
959 1115 1200 1168 minime
1239 1111 1477 1174 recedit,
1504 1109 1609 1164 sed
1635 1108 1876 1178 propius
1906 1104 2193 1176 sequeba-

550 1190 662 1270 tur,
696 1204 839 1260 nihil
866 1204 1081 1258 timens
1100 1201 1259 1273 quod
1280 1205 1432 1253 esset
1454 1194 1831 1252 formidabile
1856 1212 1867 1249 :
1896 1210 2015 1248 non
2030 1190 2191 1263 quod

551 1300 778 1350 tantum
814 1284 1787 1346 maternisvincereturvisceribus,
1812 1297 1997 1353 quam
2031 1280 2193 1350 quod

553 1382 750 1453 potius
771 1380 972 1435 divino
1003 1378 1378 1432 induceretur
1430 1372 1679 1442 judicio,
1740 1370 1886 1425 adeo
1928 1376 1989 1423 ut
2043 1366 2193 1421 alias

553 1486 795 1542 quoque
835 1470 985 1522 duas
1028 1465 1326 1525 mulieres,
1360 1464 1534 1525 duas,
1568 1461 1838 1532 inquam,
1871 1457 2100 1524 Marias,
2136 1460 2199 1509 ut

555 1559 724 1613 docet
762 1554 1148 1625 Evangelium
1182 1554 1249 1615 “,
1284 1551 1358 1606 ad
1392 1551 1503 1604 hoc
1546 1549 1859 1603 adhortata
1906 1548 1998 1609 sit,
2040 1551 2095 1599 et
2136 1548 2198 1597 ut

2295 572 2399 627 ibit
2418 572 2653 642 gladius
2674 572 2742 624 ⁴².
2777 572 3093 637 Quomodo
3108 572 3420 642 sanguinis
3443 572 3629 641 guttis
3662 568 3971 626 efﬂuenti-

2297 662 2412 717 bus
2440 677 2559 717 non
2590 661 2925 717 acerbiores
2955 660 3357 733 lacrymarum
3389 660 3804 733 aquaaductus
3828 659 3969 716 ﬂue—
4020 688 4021 725 ι

2300 753 2445 807 bant
2473 767 2541 806 ex
2565 750 2721 806 illius
2743 750 2967 805 oculis?
2994 751 3307 815 Quomodo
3326 750 3489 805 illum
3518 749 3651 807 tulit
3677 750 3892 805 videre
3916 752 3964 806 in
4022 812 4023 823 χ

2301 856 2473 895 cruce
2485 839 2826 900 distentum.
2844 840 3236 910 ipsam,eteos
3254 839 3359 912 qui
3381 838 3965 908 aderangaspicien-

2304 937 2418 985 tem
2479 935 2717 999 aspectu
2756 927 3221 997 benignissimo?
3258 928 3410 993 Quid
3449 943 3592 982 vero
3624 927 3959 987 irrisiones.
4024 916 4025 923 ‘

2302 1018 2447 1091 quid
2473 1017 2660 1088 impia
2699 1016 3132 1072 transeuntium
3186 1021 3539 1081 scommata,
3575 1015 3960 1085 ingratorum

2306 1105 3057 1174 subsannationes,probra
3072 1121 3278 1160 eorum
3297 1106 3440 1177 quid
3460 1104 3961 1161 circumstabant?

2306 1198 2445 1261 Quae
2462 1195 2706 1266 quidem
2733 1194 2939 1249 omnia
2959 1210 3093 1249 eam
3128 1193 3697 1249 transverberabant
3722 1195 3959 1266 profun-

2304 1285 2459 1353 dius,
2494 1300 2677 1355 quam
2711 1282 2811 1337 ulli
2842 1282 3013 1337 clavi.
3047 1285 3110 1338 Et
3139 1282 3683 1338 innumerabilibus
3711 1284 3955 1354 quidem

2305 1373 2495 1445 plagis
2522 1372 2904 1426 sauciabatur
2934 1387 2947 1423 ε
2982 1371 3235 1427 stimulis
3264 1377 3464 1426 autem
3496 1371 3955 1427 confodiebatur

2306 1461 2862 1516 innumerabilibus.
2908 1464 3023 1516 Hoc
3055 1477 3192 1515 vero
3227 1466 3353 1516 erat
3383 1461 3436 1515 ei
3475 1461 3759 1516 omnium
3789 1462 3955 1517 mole-

2304 1551 2653 1616 stissimum,
2682 1551 2839 1622 quod
2860 1551 2935 1605 ad
2958 1551 3122 1605 illum
3151 1550 3393 1622 quidem
3424 1551 3954 1616 accedere,eteum

556 1665 757 1703 secum
790 1650 1143 1707 versaretur,
1172 1640 1560 1713 persuaserit:
1592 1644 1655 1691 ut
1685 1653 1820 1708 qua?
1849 1640 2046 1691 essent
2068 1632 2197 1688 fOI‘li
2232 1661 2275 1716 Β
2307 1641 2521 1712 alloqui
2549 1640 2800 1705 sitiebat,
2842 1639 3236 1711 repellebatur
3274 1645 3474 1694 autem
3502 1656 3539 1695 a
3576 1639 3953 1697 multitudine

556 1743 609 1791 et
638 1749 923 1804 generoso
939 1732 1162 1794 animo,
1185 1735 1238 1783 et
1254 1727 1769 1782 vellentadhaerere
1791 1725 1927 1779 huic
1950 1738 2195 1793 sponso,

555 1825 657 1896 qui
687 1839 805 1878 non
821 1821 1068 1885 videtur,
1085 1823 1351 1872 ettamen
1370 1832 1499 1871 cum
1530 1830 1649 1869 non
1674 1819 1969 1876 cernatur,
1987 1826 2199 1882 appro-

556 1913 827 1985 pinquat.
854 1912 1028 1963 Erant
1052 1906 1233 1969 enim,
1260 1904 1470 1976 inquit,
1498 1902 1772 1957 mulieres
1785 1916 2047 1972 quoque,
2066 1915 2201 1970 qua:

556 1997 1067 2069 consequebantur
1106 2011 1142 2049 a
1172 1994 1424 2059 Galilaaa,
1460 1997 1514 2046 et
1553 1990 1968 2045 ministrabant
2006 1989 2078 2042 ei.
2125 1989 2204 2041 Ea

555 2090 785 2145 ratione
824 2086 1097 2141 videntur
1134 2099 1205 2137 ne
1246 2081 1508 2135 abfuisse
1561 2078 1804 2150 quidem
1846 2094 1881 2132 a
1936 2082 2203 2147 tempore

560 2175 1003 2246 mysteriorum,
1038 2170 1141 2225 sed
1168 2186 1304 2224 cum
1335 2167 1655 2222 duodecim
1687 2165 1932 2238 quidem
1963 2164 2203 2218 minime

558 2262 929 2324 accubuisse,
957 2259 1348 2313 fuissetamen
1375 2257 1503 2325 ejus
1525 2255 1743 2310 domus
1773 2256 2204 2324 consequenter

558 2351 897 2425 participes.
944 2351 1085 2402 Nam
1118 2344 1409 2415 dicipulos
1442 2344 1710 2415 quidem,
1746 2359 1881 2397 cum
1922 2341 2205 2413 mysteria

559 2449 615 2497 et
639 2436 989 2495 humilitatis
1018 2450 1271 2489 summae
1294 2433 1547 2487 traderet
1570 2432 1925 2495 doctrinam,
1964 2446 2081 2483 una
2103 2431 2207 2483 ha-

561 2530 691 2585 buit
740 2525 1180 2588 accumbentes;
1236 2523 1482 2576 Matrem
1542 2526 1739 2574 autem
1776 2520 1954 2588 jussit
2001 2534 2207 2571 curam

562 2632 764 2687 gerere
791 2616 1123 2676 mulierum,
1153 2627 1282 2682 quae
1325 2608 1760 2670 ministrabant,
1792 2611 2080 2677 tanquam
2108 2620 2210 2676 per

562 2722 695 2761 eam
729 2705 923 2774 ipsam
962 2703 1126 2772 ipsas
1160 2698 1411 2766 benigne
1438 2696 1756 2767 accipiens,
1789 2699 1846 2750 et
1876 2694 2211 2764 adimplens

561 2791 825 2848 otﬁcium
857 2787 1263 2850 humanitatis,
1293 2791 1349 2840 et
1375 2785 1553 2840 simul
1582 2800 1717 2838 cum
1746 2785 1829 2837 eis
1856 2798 2116 2847 vescens,
2160 2787 2214 2837 et

564 2881 648 2935 sic
680 2895 787 2950 pro
820 2876 1144 2931 ministerio
1176 2875 1259 2928 eis
1284 2874 1543 2929 referens
1583 2874 1854 2942 gratiam.

640 2966 879 3022 XXVIII.
904 2965 995 3019 Sic
1049 2967 1248 3018 autem
1280 2979 1398 3017 una
1436 2978 1677 3033 quoque
1718 2961 1985 3031 ingressa
2024 2966 2114 3013 est
2152 2959 2210 3013 in

564 3056 782 3111 atrium
815 3058 995 3107 Annae
1026 3057 1081 3106 et
1119 3051 1378 3121 Caiphae,
1434 3065 1679 3104 cernens
1740 3050 2213 3119 unumquodque

564 3134 774 3199 eorum
806 3157 941 3213 quae
973 3139 1348 3209 gerebantur,
1369 3143 1425 3192 et
1456 3136 1614 3208 apud
1642 3153 1777 3191 eum
1808 3136 2050 3208 quidem
2087 3151 2215 3190 ma-

564 3248 733 3297 nens,
755 3228 1268 3298 dumjudicaretur
1288 3244 1299 3281 :
1320 3243 1439 3281 una
1469 3231 1667 3281 autem
1696 3226 2035 3297 proﬁciens,
2069 3224 2213 3277 dum

566 3321 959 3377 adduceretur
1012 3318 1085 3371 ad
1152 3322 1425 3379 mortem,
1493 3330 1818 3384 eorumque
1871 3312 1969 3383 qui
2035 3312 2214 3378 ibant,

564 3424 839 3479 egressus
875 3412 930 3461 et
969 3405 1270 3473 ingressus
1294 3403 1700 3466 considerans,
1735 3401 2082 3455 etomnium
2112 3415 2217 3454 ora

566 3496 896 3561 attendens,
941 3499 1000 3547 ut
1031 3494 1220 3556 sciret,
1253 3507 1533 3564 quaenam
1567 3489 1627 3544 in
1660 3505 1794 3544 eum
1826 3488 2067 3543 ferretur
2090 3504 2217 3542 sen-

567 3584 779 3640 tentia:
813 3582 1063 3653 quinam
1087 3597 1226 3635 vero
1251 3586 1418 3635 erant
1441 3579 1475 3633 ii
1505 3578 1606 3649 qui
1629 3578 1681 3631 ei
1720 3576 2215 3641 assentiebantur,

570 3678 673 3727 aut
703 3671 805 3741 qui
832 3668 1366 3739 reprehendebant.
1393 3666 1540 3720 Nulli
1570 3665 1727 3718 enim
1750 3665 2074 3719 obscurum
2105 3671 2211 3726 est,

570 3775 705 3814 eam
724 3760 843 3812 haec
856 3756 1064 3810 vidisse
1077 3752 1787 3824 omnia,quandoquidem
1805 3752 1861 3805 in
1885 3768 2056 3806 cruce
2073 3768 2221 3823 quo-

572 3862 689 3918 que
723 3862 841 3900 una
871 3844 1095 3906 aderat,
1120 3842 1364 3913 quando
1384 3840 1459 3895 ab
1484 3840 1618 3910 ipso
1643 3839 1927 3894 cruciﬁxo
1952 3840 2090 3893 Filio
2117 3840 2222 3893 fuit

574 3932 1001 3991 commendata
1040 3928 1353 4001 discipulo.
1388 3928 1451 3981 Et
1482 3928 1612 3983 ideo
1652 3927 1782 3981 licet
1822 3927 2221 3991 considerare,

576 4020 917 4093 cuiusmodi
956 4019 1053 4074 illa
1075 4023 1245 4081 esset,
1275 4033 1410 4088 quae
1434 4017 1559 4071 hinc
1586 4015 1849 4070 difﬁcilia
1871 4016 2151 4071 cernebat
2172 4024 2227 4071 et

576 4111 847 4173 molesta,
881 4108 1205 4171 illusiones,
1232 4105 1488 4175 ﬂagella,
1520 4105 1746 4176 alapas,
1771 4120 2053 4176 purpurae
2078 4104 2225 4160 ami-

576 4204 758 4262 ctum,
779 4213 1014 4251 coronm
1030 4195 1492 4267 impositionem,
1513 4194 2010 4249 contumeliosam
2032 4193 2230 4248 tradu-

577 4286 1095 4356 ctionem.0portet
1112 4299 1351 4355 quoque
1369 4282 2103 4352 considerare,quemnam
2123 4282 2232 4335 ha-

578 4378 743 4431 beret
761 4372 1177 4435 animum,sive
1200 4388 1268 4425 ex
1290 4371 1431 4424 Filio
1456 4386 1584 4423 eam
1610 4368 2225 4440 simpliciterjudices,

581 4460 917 4519 naturalem
948 4459 1230 4512 ferentem
1254 4457 1374 4510 vim
1396 4456 1691 4527 passionis
1716 4472 1729 4511 :
1758 4456 1881 4509 sive
1902 4457 2064 4527 quod
2089 4473 2223 4512 eum

581 4550 967 4618 cognosceret
982 4544 1216 4598 homine
1233 4543 1928 4614 superiorem,admirans
1943 4560 2222 4599 summam
2262 4568 2305 4623 ι)

582 4639 712 4710 ejus
732 4634 1107 4691 tolerantiam
1138 4650 1149 4686 :
1193 4633 1508 4703 autpotius
1550 4639 1892 4702 utrumque,
1914 4632 2063 4687 adeo
2090 4640 2226 4689 utet

581 4724 837 4783 naturali
856 4723 1182 4778 ﬂecteretur
1199 4720 1591 4781 aﬁ'ectione.et
1606 4720 1883 4775 miraculo
1898 4720 2228 4777 afﬁceretur

653 4814 1151 4882 XXIX.Postquam
1169 4815 1363 4864 autem
1384 4808 1647 4864 scelerati
1661 4815 1943 4863 venerunt
1957 4810 2012 4863 in
2028 4810 2225 4865 locum

585 4902 882 4965 Calvariae,
916 4905 971 4955 et
1009 4899 1129 4954 ﬁxa
1184 4897 1419 4969 quidem
1478 4898 1583 4952 fuit
1635 4913 1800 4962 crux,
1864 4896 1922 4951 in
1954 4913 2024 4953 ea
2089 4914 2226 4953 vero

584 4991 878 5063 pendebat
900 4989 1026 5059 ejus
1050 4988 1249 5051 Filius,
1278 4986 1581 5057 quomodo
1609 4993 1731 5041 erat
1760 4987 1960 5041 animo
1992 4987 2223 5053 affecta,

587 5094 722 5133 eum
754 5078 957 5131 videns
990 5076 1074 5131 sic
1101 5074 1463 5146 patientem?
1484 5075 1797 5140 Quomodo
1828 5075 2069 5129 videbat
2089 5093 2227 5132 eum

588 5166 880 5219 nudatum
905 5164 1178 5229 vestibus,
1214 5164 1311 5233 qui
1343 5162 1559 5218 cmlum
1588 5162 1730 5232 tegit
1756 5162 2051 5217 nubibus?
2079 5166 2227 5229 Quo-

592 5251 772 5304 modo
793 5250 1112 5306 habentem
1132 5268 1313 5322 puras
1340 5268 1546 5307 carnes
1563 5251 1744 5306 clavis
1769 5252 2032 5307 conﬁxas
2053 5250 2081 5305 ‘i’
2102 5254 2226 5316 Quo

663 5372 706 5405 “
739 5371 913 5423 Marc.
951 5388 1045 5435 xv,
1087 5374 1177 5431 40.
1254 5377 1301 5410 ⁴²
1334 5378 1469 5430 Luc.
1499 5392 1559 5443 ll,
1588 5380 1676 5432 35.

592 5454 672 5506 1x,
704 5444 791 5495 26.

1754 5376 1801 5411 ⁴³
1832 5375 1987 5431 Psal.
2018 5391 2137 5440 xxx,
2178 5377 2267 5432 17.

2308 1746 2526 1785 canum
2549 1746 2681 1783 eam
2713 1728 3244 1783 circumstantium.
3280 1729 3371 1783 Sic
3396 1729 3558 1784 enim
3586 1728 3837 1784 divinus
3874 1731 3954 1785 ille

2310 1821 2477 1874 Pater
2514 1834 2615 1873 eos
2646 1818 2811 1888 prius
2842 1818 3244 1873 nominavit".

2384 1940 2532 1993 XXX.
2564 1938 2886 2008 Postquam
2900 1941 3098 1992 autem
3121 1952 3498 2008 quascunque
3526 1936 3839 2003 volebant,
3866 1939 3955 1993 im-

2312 2026 2470 2098 pleta
2524 2025 2761 2080 fuerunt
2798 2040 2834 2079 a
2868 2024 2971 2079 Dei
3024 2023 3356 2095 parricidis,
3408 2030 3464 2079 et
3522 2041 3643 2080 non
3700 2034 3956 2097 expecta-

2315 2114 2459 2169 bant
2488 2113 2768 2184 amplius,
2804 2112 2925 2168 fore
2955 2118 3016 2167 ut
3042 2112 3120 2167 ab
3146 2114 3229 2168 eis
3258 2114 3536 2169 evaderet
3568 2132 3581 2169 :
3608 2130 3748 2168 cum
3776 2116 3957 2186 proxi-

2315 2205 2391 2259 mi
2432 2204 2677 2275 quidem
2705 2202 2880 2257 amici
2908 2200 3275 2270 eﬂ'ugissent,
3304 2207 3408 2257 aut
3438 2204 3635 2274 potius
3656 2204 3747 2274 (ut
3769 2204 3954 2259 dicam

2313 2309 2449 2347 cum
2474 2292 2763 2364 propheta
2790 2292 2858 2361 “)
2890 2307 2925 2346 a
2954 2290 3130 2360 longe
3162 2294 3405 2355 starent,
3431 2292 3549 2363 ipse
3582 2299 3785 2347 autem
3815 2300 3961 2349 esset

2314 2380 2492 2436 clavis
2514 2380 2799 2443 conﬁxus,
2833 2380 3107 2434 custodia
3132 2378 3209 2433 ab
3234 2382 3318 2433 eis
3348 2382 3591 2435 omnino
3621 2382 3961 2454 negligeba-

2316 2473 2431 2531 tur,
2466 2473 2603 2522 tunc
2636 2467 2953 2522 verisimile
3017 2473 3125 2532 est,
3166 2467 3498 2538 Deiparam,
3535 2469 3645 2523 sibi
3676 2469 3810 2525 data
3881 2471 3959 2525 fa-

2318 2556 2553 2622 cultate,
2613 2557 2687 2610 ad
2738 2572 2875 2610 eum
2925 2556 3270 2623 accessisse,
3302 2562 3359 2611 et
3419 2558 3797 2613 intemeratas
3840 2561 3961 2631 qui-

2320 2645 2456 2700 dem
2484 2645 2613 2715 ejus
2664 2644 2871 2716 pedes,
2904 2649 2961 2699 et
3001 2644 3329 2716 impressas
3370 2646 3447 2699 eis
3474 2645 3671 2716 plagas
3700 2648 3965 2703 libenter

2321 2750 2451 2789 esse
2465 2733 2956 2797 deosculatam,et
2970 2733 3267 2803 sanguine
3287 2734 3607 2789 miscentem
3621 2734 3956 2804 lacrymas,

2322 2823 2527 2878 oculos
2559 2827 2616 2877 et
2668 2838 2854 2891 genas
2908 2824 3225 2886 attrivisse,
3272 2839 3401 2877 cum
3456 2822 3701 2877 maximo
3741 2829 3949 2878 autem

2322 2912 2507 2967 animi
2524 2917 2688 2967 motu
2702 2927 2841 2966 eum
2858 2911 3241 2982 aspicientem
3258 2911 3638 2975 dixissezQuid
3650 2912 3780 2965 haec
3791 2919 3957 2975 sunt,

2253 3006 2294 3061 C
2324 3017 2359 3055 ο
2390 3002 2636 3055 Domine
2665 3000 2929 3055 etDeus?
2957 3006 3173 3054 suntne
3205 3000 3295 3054 hae
3319 3001 3818 3055 remunerationes
3845 3008 3955 3055 tuae

2325 3089 2755 3162 inexplicabilis
2786 3090 2843 3143 in
2902 3088 3175 3143 homines
3211 3088 3567 3145 clementiae?
3609 3088 3777 3143 Estne
3834 3090 3956 3144 haec

2326 3177 2630 3233 retributio
2676 3182 2792 3230 tuaa
2824 3176 3201 3246 benignitatis
3222 3178 3249 3232 ‘l
3275 3178 3416 3241 line,
3444 3194 3597 3249 quos
3628 3185 3689 3231 tu
3719 3176 3950 3232 aﬁecisti

2324 3264 2633 3329 beneﬁcio,
2679 3264 2821 3319 tales
2852 3264 2954 3319 tibi
2995 3266 3215 3333 gratias
3268 3266 3546 3320 retulere?
3575 3269 3649 3321 Te
3706 3282 3956 3338 purpura

2327 3352 2578 3407 induunt
2616 3353 2919 3422 irrisionis,
2980 3369 3134 3425 quos
3168 3358 3458 3426 tanquam
3496 3354 3648 3409 ﬁlios
3690 3358 3849 3409 Pater
3878 3370 3965 3409 or-

2328 3441 2482 3497 nasti
2510 3441 2658 3497 stola
2687 3441 2909 3512 gloriae,
2936 3448 2992 3498 et
3044 3448 3327 3514 tanquam
3380 3443 3584 3514 aquila
3631 3444 3840 3499 nidum
3889 3460 3968 3500 re-

2328 3548 2492 3603 gens,
2527 3532 2635 3586 alis
2682 3533 2962 3602 expansis
3002 3533 3386 3603 suscepisti“,
3443 3540 3496 3587 et
3541 3533 3599 3587 in
3650 3534 3833 3589 dorso
3870 3541 3969 3590 tuo

2327 3620 2595 3692 portasti.
2638 3620 3018 3675 Contumeliaa
3048 3636 3331 3676 coronam
3387 3622 3490 3677 tibi
3530 3623 3966 3694 imposuerunt,

2328 3726 2481 3781 quos
2511 3710 2683 3765 bonae
2724 3709 3044 3764 voluntatis
3084 3710 3267 3765 armis
3296 3710 3421 3782 ipse
3452 3714 3778 3781 coronasti,
3808 3718 3864 3768 et
3914 3719 3969 3767 ut

2331 3798 2906 3853 adversusinimicos
2931 3806 3110 3870 caput
3130 3799 3413 3865 tollerent,
3438 3800 3835 3857 conﬁrmasti.
3860 3804 3970 3857 Cla-

2336 3890 2420 3942 vis
2453 3888 2555 3942 tibi
2577 3887 2812 3942 dolores
2843 3886 3117 3952 afferunt,
3150 3887 3253 3957 qui
3282 3904 3316 3943 a
3348 3888 3654 3944 laboribus
3677 3891 3972 3963 Egyptia-

2335 3994 2417 4032 ca:
2448 3977 2765 4041 servitutis,
2798 3976 2955 4030 etab
2985 3977 3519 4033 innumerabilibus
3552 3977 3976 4037 afflictionibus

2337 4070 2475 4121 sunt
2503 4064 2752 4119 liberati.
2773 4064 3076 4120 Arundine
3099 4070 3267 4120 tuum
3294 4073 3473 4137 caput
3498 4066 3739 4131 feriunt,
3762 4070 3977 4141 quibus

2340 4169 2501 4208 mare
2516 4153 2677 4221 virga
2690 4168 3038 4223 percussum
3051 4154 3219 4209 cessit
3238 4152 3621 4223 fugientibus.
3646 4156 3764 4212 Sed
3788 4160 3980 4229 loque—

2338 4259 2399 4299 re
2430 4241 2653 4312 aliquid
2699 4242 2999 4297 modicum
3022 4242 3096 4297 ad
3125 4247 3286 4298 tuam
3310 4246 3545 4299 Matrem
3568 4249 3977 4301 recreandam:

2339 4347 2460 4387 non
2492 4331 2612 4386 fero
2637 4331 2796 4385 enim
2826 4331 3085 4398 dolores,
3116 4347 3251 4402 quae
3277 4337 3333 4387 te
3359 4334 3561 4403 peperi
3593 4334 3722 4388 sine
3754 4335 3978 4391 dolore.

2341 4420 2448 4477 Ubi
2481 4426 2533 4475 te
2572 4418 2784 4475 videbo
2815 4424 3015 4489 postea
3045 4418 3072 4473 ?
3103 4422 3271 4485 Quod
3300 4421 3403 4477 erit
3469 4422 3610 4477 mihi
3670 4424 3982 4479 solatium?

2338 4510 2477 4574 Quis
2506 4510 2617 4563 mei
2650 4524 2855 4563 curam
2887 4514 3044 4578 geret
3070 4525 3140 4564 ac
3179 4508 3486 4566 defendet?

2410 4634 2578 4688 XXXI.
2610 4636 2751 4688 Cum
2781 4650 2911 4689 eam
2936 4633 3183 4689 vidisset
3209 4640 3331 4689 tam
3361 4633 3567 4689 acerbe
3606 4634 3907 4702 affectam,
3934 4642 3986 4692 et

2336 4727 2587 4778 stantem
2615 4738 2799 4793 prope
2818 4721 3089 4777 dilectum
3113 4723 3640 4792 discipulum,illud
3663 4724 3831 4793 (sicut
3860 4730 3983 4780 erat

2335 4812 2825 4880 consentaneum)
2848 4810 3193 4866 estomnino
3215 4811 3502 4876 elocutus,
3524 4814 3688 4884 quod
3710 4813 3985 4867 divinum

2337 4906 2536 4955 narrat
2561 4900 2959 4968 Evangelium.
2994 4902 3134 4954 Eam
3176 4902 3333 4955 enim
3373 4900 3634 4956 Primum
3669 4902 3991 4973 aspiciens:

2335 4988 2573 5053 Mulier,
2599 4988 2808 5059 inquit,
2829 5004 2957 5044 ecce
2974 4988 3127 5058 ﬁlius
3150 4995 3284 5043 tuus
3307 4989 3706 5056 ‘ﬁostendens
3732 4990 4002 5061 discipu-

2335 5077 2481 5131 lum.
2513 5078 2602 5132 Sic
2635 5077 2724 5130 vel
2747 5077 2903 5131 cruci
2923 5075 3157 5141 afﬁxus,
3192 5093 3394 5132 curam
3413 5079 3661 5145 gerebat
3681 5080 3927 5146 matris,
3954 5086 4002 5134 et

2337 5180 2471 5219 eam
2490 5164 3158 5220 commendavitdilecto
3178 5164 3613 5235 discipulo,nos
3629 5166 3869 5223 docens
3889 5182 4006 5223 non

2338 5252 2635 5323 negligere
2663 5260 2935 5324 parentes
2969 5270 3153 5325 usque
3194 5255 3269 5308 ad
3315 5260 3649 5309 extremum
3694 5257 4007 5339 spiritum,

2347 5376 2396 5409 “
2437 5375 2591 5433 Psal.
2619 5392 2835 5444 xxxvu,
2872 5380 2959 5432 3t.
3039 5377 3086 5412 ὀδ
3120 5378 3285 5440 Deut,
3316 5391 3502 5432 xuii.
3540 5379 3630 5432 11.

3752 5381 3804 5415 ⁸⁸
3834 5382 4010 5438 Joan-
