4144 6258
151 226 261 283 553

1355 225 1622 283 ORATIO
1663 227 1752 283 DE
1792 226 2068 286 SANCTA
2106 229 2357 289 MARIA.

3446 245 3550 302 554

144 365 504 422 quanquam
523 349 687 419 prius
716 348 1034 405 videbatur
1052 348 1229 405 etiam
1262 351 1564 422 repellere,
1584 358 1647 408 ut
1664 368 1800 424 quas
1834 356 1876 408 A
1911 356 2161 421 minum,
2194 358 2299 413 sed
2337 358 2515 415 etiam
2572 360 2955 433 discipulum,
2988 379 3195 421 verum
3244 367 3548 426 occultum

144 454 273 494 non
303 440 363 494 in
397 446 664 509 tempore
692 439 741 493 ei
776 444 932 493 esset
957 437 1230 493 molesta.
1266 440 1418 506 Quid
1447 442 1601 496 enim
1654 442 1803 497 mihi

144 533 205 585 et
267 528 373 583 tibi
429 528 510 596 (in
550 526 775 598 nuptiis
828 525 1063 598 inquit),
1095 527 1502 584 mulier"?et
1555 536 1798 600 postea:

147 616 296 684 Ome
316 623 398 671 est
424 621 617 672 mater
645 630 769 671 mea
799 614 828 668 7
860 615 958 670 Hic
1019 620 1217 671 autem
1272 622 1542 687 apertam
1611 623 1805 673 osten-

145 705 241 761 dit
271 703 671 771 dilectionem,
698 708 755 759 et
806 703 1108 775 discipulo
1157 704 1395 776 quidem
1454 720 1588 761 eam
1644 721 1805 762 com-

149 794 421 858 mendat,
454 793 535 848 sic
563 792 906 861 consolans,
938 792 1106 847 illum
1138 798 1352 849 autem
1382 795 1579 865 magis
1608 794 1806 851 hono-

153 899 296 940 rans
322 880 862 949 commendatione,
893 888 949 936 et
973 881 1138 953 quod
1165 881 1333 937 valde
1351 899 1488 938 eum
1514 884 1802 954 diligeret,

153 970 271 1026 hoc
290 975 457 1026 utens
491 969 828 1025 testimonio
858 968 1027 1041 (quid
1057 969 1216 1025 enim
1244 969 1405 1025 aliud
1437 971 1680 1036 faciens,
1706 974 1807 1025 aut

157 1059 381 1127 dicens,
434 1058 604 1113 illum
663 1058 762 1113 tali
807 1057 1033 1113 honore
1080 1063 1166 1113 est
1223 1058 1502 1127 dignatus
1524 1061 1592 1128 ?),
1627 1059 1806 1117 simul

158 1163 401 1219 quoque
452 1146 617 1219 quod
653 1146 1105 1218 permansisset,
1137 1146 1189 1201 ei
1250 1146 1507 1203 referens
1562 1148 1802 1217 gratias.

163 1238 381 1292 Deinde
410 1252 548 1292 cum
564 1238 744 1291 etiam
775 1236 1113 1307 aspexisset
1131 1234 1517 1306 discipulum,
1541 1238 1696 1293 Ecce
1722 1236 1808 1292 in-

158 1326 306 1397 quit,
338 1331 526 1381 mater
552 1330 657 1380 tua
674 1325 742 1379 ⁴⁹.
769 1327 887 1380 Hoc
909 1330 1105 1380 autem
1131 1329 1258 1380 erat
1279 1325 1700 1396 conjungentis
1730 1325 1805 1380 ad

161 1413 554 1480 dilectionem,
583 1418 638 1468 et
670 1412 851 1468 simul
879 1413 1056 1468 etiam
1084 1415 1456 1469 ostendentis
1489 1415 1803 1469 amborum

158 1501 590 1558 auctoritatem.
605 1501 698 1556 Ab
719 1516 782 1557 eo
807 1516 947 1572 ergo
963 1507 1236 1570 tempore,
1252 1501 1461 1574 inquit,
1486 1502 1810 1573 discipulus

161 1606 287 1648 eam
314 1592 539 1659 accepit
552 1591 616 1645 in
641 1592 889 1659 propria
915 1591 982 1655 ⁸ο,
1003 1589 1333 1660 intelligens
1364 1606 1654 1661 quorsum
1686 1596 1810 1646 ten-

1910 442 2046 511 (hoc
2069 445 2228 501 enim
2256 446 2430 502 docet
2460 449 2842 518 Evangelium
2871 452 2962 521 κ),
2996 454 3170 524 utqui
3194 456 3289 509 Dei
3320 456 3553 512 timeret

1914 532 2258 602 parricidas,
2286 535 2444 589 venit
2472 535 2550 591 ad
2570 552 2707 592 eum
2737 537 2927 607 Virgo,
2959 547 3015 595 et
3039 541 3232 595 verbis
3263 544 3314 597 ei
3339 543 3553 600 suadet

1912 622 2402 688 accommodatis,
2438 629 2500 680 ut
2529 626 2590 679 in
2614 642 2723 681 suo
2753 634 3472 702 monumento,tanquam
3493 634 3553 687 in

1914 708 2111 780 aliquo
2143 711 2422 775 armario.
2460 729 2745 785 magnam
2793 715 2913 770 vim
2961 731 3145 785 apum
3199 726 3466 788 reponat,
3500 724 3556 774 et

1915 797 2000 852 sic
2021 800 2270 854 domum
2292 800 2723 857 custodientem
2740 803 2904 874 apud
2934 820 2998 859 se
3016 804 3197 859 vitam
3226 805 3551 862 babeat.Fi-

1913 901 2049 941 nem
2077 887 2255 951 enim,
2279 887 2499 959 inquit,
2536 896 2891 961 acceperunt
2919 906 3013 945 res
3043 892 3556 961 adversariorum,

1912 978 1969 1027 et
1995 973 2254 1028 maxime
2299 976 2650 1044 probrosam
2682 977 2740 1031 hi
2801 985 3051 1033 mortem
3085 981 3357 1048 Magistro
3406 987 3557 1036 attu-

1914 1060 2127 1125 lerunt,
2184 1061 2348 1117 nulla
2423 1064 2808 1131 quantumvis
2879 1081 3120 1136 magna,
3210 1068 3425 1140 injuria
3506 1073 3564 1124 et

1914 1148 2245 1217 ignominia
2294 1150 2353 1203 in
2395 1165 2528 1204 eum
2579 1152 2742 1220 prius
2799 1154 3220 1223 prmtermissa.
3271 1158 3561 1211 Caeterum

1915 1250 2076 1289 nunc
2109 1251 2350 1307 quoque
2402 1236 2465 1292 in
2507 1237 2671 1306 ligno
2722 1240 2881 1310 jacet
2932 1247 3203 1297 mortuus
3234 1247 3291 1298 et
3341 1243 3562 1308 nudus,

1912 1322 2059 1379 mihi
2088 1328 2144 1379 et
2171 1328 2381 1380 creata
2423 1329 2647 1382 naturas
2694 1328 3059 1385 horrendum
3136 1331 3566 1402 spectaculum,

1919 1417 1979 1465 ut
2002 1428 2183 1483 quem
2215 1414 2409 1483 potius
2429 1413 2727 1480 irrideant,
2753 1431 2943 1487 quam
2984 1417 3035 1488 ej
3049 1434 3113 1472 us
3145 1419 3562 1475 misereantur.

1920 1502 2003 1555 Da
2028 1516 2169 1571 ergo
2199 1501 2343 1556 mihi
2374 1502 2645 1570 gratiam,
2679 1509 2737 1557 et
2777 1506 3101 1575 communi,
3136 1507 3402 1578 inquam,
3426 1506 3564 1563 huic

1920 1590 2211 1657 Magistro.
2238 1590 2534 1645 Audacter
2558 1596 2690 1662 pete
2743 1592 2893 1647 illius
2924 1609 3161 1665 corpus,
3186 1599 3253 1650 ut
3299 1594 3568 1668 depona-

161 1681 325 1736 deret
353 1680 564 1745 oratio,
598 1688 653 1735 et
702 1678 934 1735 Domini
996 1678 1283 1735 voluntati
1338 1680 1568 1735 sincere
1629 1680 1808 1735 inser-
1844 1696 1890 1752 Β
1922 1683 2032 1743 tur,
2065 1682 2122 1733 et
2171 1679 2487 1734 mandetur
2542 1679 2884 1750 sepulturae,
2916 1683 2965 1737 si
3023 1698 3144 1738 non
3198 1683 3377 1739 etiam
3432 1687 3571 1754 post

164 1786 352 1825 V1888.

234 1858 430 1916 XXXII.
466 1859 791 1929 Postquam
822 1860 1017 1913 autem
1070 1856 1253 1913 ﬁnem
1297 1862 1653 1929 acceperunt
1681 1873 1811 1913 om-

165 1949 284 2013 nia,
318 1947 495 2015 Sitio,
527 1948 720 2018 inquit
751 1944 1017 2002 Salvator
1037 1946 1106 2000 δί.
1141 1946 1251 2012 Qui
1283 1961 1423 2001 vero
1454 1952 1622 2002 erant
1650 1946 1816 2001 velo-

164 2052 262 2092 ces
288 2036 372 2091 ad
404 2036 652 2100 malum,
681 2039 740 2089 et
764 2035 1133 2104 ingratorum
1165 2034 1571 2104 ingratissimi,
1601 2033 1656 2089 ei
1689 2050 1816 2090 ace—

167 2130 293 2180 tum
326 2121 461 2178 felle
492 2123 897 2187 commistum,
926 2122 1032 2194 qui
1082 2138 1241 2194 aqua
1270 2122 1449 2194 (proh
1500 2122 1672 2178 dolor
1696 2122 1734 2194 l)
1756 2122 1818 2177 in

168 2214 291 2267 sitis
323 2216 472 2267 metu
501 2211 561 2265 in
603 2216 755 2266 terra
798 2211 967 2267 arida
993 2217 1129 2267 sunt
1159 2213 1340 2282 potati
1374 2218 1468 2277 ;et
1513 2212 1609 2282 qui
1646 2211 1820 2268 melle

171 2304 416 2357 saturati
466 2299 703 2355 fuerunt
729 2301 797 2364 5’,
862 2299 938 2357 fel
988 2299 1621 2371 porrigunt;quorum
1687 2315 1818 2364 uva,

175 2406 292 2445 uva
344 2387 513 2452 fellis,
542 2394 597 2443 et
627 2388 733 2454 ira,
766 2391 1093 2441 draconum
1136 2387 1354 2442 domus
1407 2388 1477 2444 ⁸³.
1509 2389 1623 2443 Sed
1676 2403 1825 2459 quo-

175 2477 357 2533 modo
383 2492 586 2531 rursus
614 2475 771 2531 illam
808 2474 936 2530 haec
966 2473 1289 2541 videntem,
1322 2476 1636 2547 oportebat
1687 2491 1824 2531 cru-

174 2565 313 2621 ciari
328 2563 571 2621 animo?
589 2565 841 2629 Quando
865 2568 1064 2619 autem
1079 2569 1383 2619 mortuum
1396 2579 1640 2635 quoque
1653 2564 1818 2635 vidit,

172 2653 476 2726 quomodo
502 2652 677 2708 tulit?
708 2651 1016 2723 quomodo
1047 2667 1167 2706 non
1216 2651 1395 2707 etiam
1448 2651 1642 2721 ipsam
1706 2668 1824 2708 una

171 2742 416 2814 abrupit
445 2742 707 2797 animam
729 2740 756 2794 ?
786 2740 1096 2804 Quomodo
1149 2738 1434 2794 sustinuit
1477 2740 1689 2794 videns
1722 2740 1826 2794 ini-

173 2830 379 2895 micos,
414 2830 519 2901 qui
541 2844 615 2883 ne
640 2832 777 2898 post
808 2831 1062 2881 mortem
1112 2825 1363 2895 quidem
1417 2825 1611 2879 adhuc
1659 2832 1828 2881 erant

173 2916 533 2973 reconciliati
562 2915 724 2977 Filio,
754 2913 859 2968 sed
889 2912 1115 2967 caedem
1146 2912 1345 2967 adhuc
1389 2912 1449 2965 in
1482 2928 1618 2967 eum
1647 2915 1830 2981 spira-

180 3010 345 3070 bant,
377 3009 436 3059 et
464 3002 667 3072 gladio
699 3000 826 3071 ejus
854 2999 1012 3054 latus
1041 2998 1466 3089 coinfodiebant
1490 2999 1516 3053 ?
1539 3000 1647 3089 sed
1707 3002 1832 3056 haec
1862 3032 1904 3089 ο

179 3093 427 3167 quidem
489 3088 757 3144 divinum
815 3092 1020 3143 narrat
1088 3086 1490 3154 Evangelium.
1552 3088 1832 3142 Dicuntur

182 3189 383 3239 autem
414 3180 542 3234 haec
566 3192 809 3248 quoque
838 3192 876 3230 a
899 3174 1140 3244 linguis,
1171 3189 1307 3245 quae
1344 3173 1582 3245 plurimi
1609 3174 1833 3230 faciunt

181 3270 505 3333 veritatem,
531 3264 696 3337 quod
727 3280 865 3319 cum
891 3262 1020 3318 haec
1050 3278 1208 3317 nova
1230 3268 1285 3316 et
1306 3263 1683 3318 admirabilia
1706 3279 1833 3333 per-

181 3364 350 3431 cepta
374 3360 575 3413 essent
603 3352 791 3408 oculis
823 3351 1109 3423 Deiparae,
1140 3357 1196 3406 et
1225 3356 1360 3421 post
1386 3356 1638 3407 mortem
1687 3352 1829 3418 Filii,

182 3446 427 3521 perinde
459 3459 530 3500 ac
554 3443 601 3497 si
625 3440 861 3504 viveret,
890 3456 962 3495 ex
988 3440 1116 3511 ejus
1146 3440 1324 3494 latere
1372 3455 1533 3510 aqua
1590 3447 1647 3496 et
1698 3456 1835 3496 san-

181 3537 317 3607 guis
347 3532 679 3595 scaturiret,
709 3529 808 3585 illa
839 3533 961 3584 tum
993 3528 1238 3600 quidem
1281 3527 1478 3583 haurit
1502 3534 1835 3585 reverenter

181 3630 236 3683 et
261 3624 600 3692 diligenter.

253 3712 491 3770 XXXIII.
521 3706 737 3763 Deinde
763 3721 831 3761 ea
861 3704 945 3759 sic
995 3722 1058 3759 se
1115 3710 1299 3760 totam
1356 3704 1519 3760 dedit
1548 3704 1835 3775 parandas

183 3801 529 3874 sepulturas,
562 3802 617 3851 et
656 3793 1165 3866 quemadmodum
1219 3793 1486 3848 divinum
1538 3792 1682 3848 illud
1712 3809 1835 3849 cor-

187 3909 301 3964 pus
329 3907 361 3945 e
392 3888 559 3958 ligno
588 3884 1004 3955 deponeretur,
1039 3887 1090 3936 et
1135 3887 1341 3952 aptum
1375 3888 1833 3937 monumentum

187 3980 679 4049 consequeretur.
708 3973 849 4027 Cum
882 3975 1085 4026 autem
1110 3986 1228 4026 non
1263 3977 1461 4041 posset
1487 3970 1615 4026 hazc
1646 3986 1750 4042 per
1773 3987 1834 4025 se

187 4068 440 4131 efﬁcere,
464 4064 597 4134 ejus
620 4067 880 4116 mentem
908 4063 1096 4114 movet
1124 4059 1371 4115 omnino
1398 4059 1526 4129 ejus
1561 4059 1753 4123 Filius,
1774 4065 1837 4113 ut

190 4158 556 4214 scrutaretur
604 4148 822 4205 inloco
862 4147 1161 4203 Calvariaa.
1191 4147 1361 4212 Quod
1414 4164 1551 4201 cum
1612 4146 1834 4201 factum

189 4251 371 4304 esset.
394 4239 671 4299 concedit
717 4242 779 4292 ut
806 4236 935 4306 ejus
979 4250 1197 4305 scopus
1253 4234 1421 4290 facile
1476 4233 1835 4287 succederet.

194 4327 497 4385 Invenitur
552 4322 712 4377 enim
742 4318 1048 4389 quoddam
1079 4323 1530 4371 monumentum
1565 4314 1835 4369 recentis-

193 4420 416 4472 simum
443 4416 504 4467 et
534 4407 1014 4481 pulcherrimum,
1046 4410 1102 4459 et
1153 4404 1394 4472 elegans
1418 4403 1586 4458 locus
1615 4403 1674 4458 in
1723 4418 1839 4473 quo

197 4506 325 4559 erat
349 4500 520 4561 situs,
550 4495 651 4550 illo
677 4493 922 4565 quidem
978 4507 1360 4562 nequaquam
1393 4490 1611 4559 dignus
1647 4507 1659 4545 :
1689 4489 1841 4556 Quid

196 4592 359 4647 enim
386 4583 638 4642 omnino
664 4597 735 4636 ex
762 4579 941 4634 rebus
963 4579 1209 4635 terrenis
1228 4579 1256 4634 ?
1286 4580 1385 4634 sed
1410 4594 1528 4633 non
1560 4578 1843 4646 indignus

198 4680 329 4750 ejus
354 4688 491 4747 quae
520 4668 844 4743 quaerebat,
873 4666 1189 4723 desiderio.
1224 4673 1412 4739 Atque
1445 4672 1568 4722 erat
1597 4667 1842 4738 quidem

200 4762 550 4838 sepulcrum
583 4758 779 4830 plane,
809 4762 869 4811 ut
897 4755 1034 4822 dixi,
1068 4772 1291 4811 novum
1321 4762 1375 4812 et
1419 4756 1664 4812 omnino
1699 4755 1847 4812 inta-

201 4860 389 4917 ctum,
416 4849 552 4905 utin
577 4860 699 4917 quo
733 4843 960 4899 nullum
991 4844 1186 4899 adhuc
1208 4850 1361 4899 esset
1381 4843 1679 4915 sepultum
1707 4860 1719 4899 :
1750 4858 1844 4906 ne,

202 4946 249 5001 si
272 4942 390 5000 alia
438 4936 640 5010 posita
669 4933 914 4989 fuissent
947 4948 1217 5003 corpora,
1245 4932 1616 4988 dubitaretur
1665 4931 1849 5003 quod-

205 5048 345 5091 nam
368 5023 818 5085 resurrexisset:
848 5021 1084 5076 etlocus
1104 5021 1162 5076 in
1190 5022 1416 5093 optimo
1437 5037 1571 5077 aere
1601 5022 1844 5091 positus,

207 5129 263 5180 et
286 5122 346 5176 in
377 5115 535 5174 horti
562 5110 823 5184 speciem
853 5114 1118 5166 ornatus.
1161 5112 1466 5181 Postquam
1498 5115 1698 5165 autem
1747 5109 1853 5163 sci-

208 5212 419 5268 scitata
436 5198 743 5266 intellexit,
771 5214 892 5254 non
923 5199 1117 5253 solum
1147 5214 1271 5254 esse
1301 5198 1561 5254 amicum
1580 5197 1729 5253 horti
1749 5197 1851 5252 do-

284 5406 329 5442 ‘7
358 5402 668 5466 Joan.n,4.
784 5394 1031 5452 “Matth.
1068 5410 1165 5463 xu,
1192 5397 1278 5451 48.

215 5510 393 5566 xxxu,
427 5492 518 5561 32,
552 5492 645 5547 33.
723 5485 772 5522 “
803 5486 978 5542 Joan.
1013 5499 1132 5551 xix,
1171 5484 1357 5542 38-42.

587 5585 833 5646 PATROL.
876 5582 976 5641 Ca.
1018 5581 1182 5643 CXV.

1390 5394 1439 5431 ‘9
1465 5393 1859 5458 Joan.x1x,27.

1472 5483 1518 5520 ⁸⁵
1550 5482 1708 5540 Psal.
1752 5494 1970 5547 xxxvn,
1999 5480 2086 5545 l2,
2117 5479 2206 5534 I3.

1925 1771 2174 1821 mortem
2199 1766 2272 1821 sit
2297 1766 2409 1821 illis
2436 1769 2605 1821 Iesus
2636 1767 2884 1823 invisus.
2919 1769 3014 1826 Sic
3056 1771 3230 1826 nobis
3286 1770 3571 1827 omnibus

1929 1870 2212 1921 magnam
2265 1853 2476 1910 afferes
2528 1854 3017 1924 consolationem,
3050 1858 3152 1930 qui
3205 1859 3265 1914 in
3325 1874 3568 1914 omnem

1923 1942 2147 1998 redacti
2177 1959 2384 1998 sumus
2408 1949 2750 2013 egestatem,
2782 1950 2839 2000 et
2860 1962 3120 2017 quorum
3160 1962 3336 2003 nemo
3369 1961 3572 2002 move-

1925 2035 2019 2087 tur
2042 2031 2443 2086 misericordia
2468 2048 2480 2082 :
2507 2033 2550 2086 A
2566 2033 2702 2088 mici
2720 2033 2879 2088 enim
2908 2036 3022 2091 mei
3037 2040 3090 2090 et
3114 2036 3440 2107 propinqui
3455 2049 3570 2090 me:

1926 2134 2002 2176 es:
2011 2121 2257 2176 adverso
2270 2120 2901 2191 appropinquaverunt
2912 2130 2965 2178 et
2982 2129 3293 2189 steterunt,
3302 2130 3355 2180 et
3365 2123 3575 2193 proxi-

1930 2208 2010 2263 mi
2038 2208 2209 2264 meia
2260 2209 2435 2276 longe
2470 2214 2756 2265 steterunt
2779 2211 2848 2263 ⁵⁸.
2884 2213 2958 2266 Ex
3011 2227 3104 2266 me
3153 2228 3273 2267 non
3322 2230 3570 2285 possum

1933 2296 2262 2367 quidquam
2294 2295 2506 2361 facere,
2541 2302 2603 2351 ut
2634 2297 2816 2362 vides,
2850 2314 2985 2352 cum
3020 2298 3130 2354 sim
3174 2300 3302 2356 sola
3359 2307 3416 2357 et
3470 2303 3575 2360 ho-

1934 2385 2107 2455 spita,
2137 2390 2353 2439 etcum
2385 2399 2506 2439 uno
2549 2384 2675 2440 solo
2727 2400 2798 2439 ex
2845 2385 3154 2456 discipulis
3184 2392 3408 2444 attenta
3462 2392 3572 2448 sim

1932 2472 2235 2527 cruciﬁxo.
2293 2474 2385 2528 Sic
2443 2473 2588 2528 mihi
2661 2474 2832 2528 sistes
2917 2473 3205 2542 dolorem,
3254 2478 3334 2532 sic
3400 2481 3579 2550 repri-

1933 2568 2060 2616 mes
2086 2559 2407 2631 lacrymas.

2005 2649 2228 2704 XXXIV.
2261 2650 2409 2703 Cum
2436 2648 2765 2720 Josephum
2817 2649 3068 2722 Deipara
3122 2652 3327 2708 talibus
3375 2656 3575 2712 verbis

1934 2737 2258 2793 inﬂexisset
2303 2740 2362 2790 et
2414 2735 2735 2801 incitasset,
2776 2739 2984 2794 emittit
3028 2739 3105 2794 ad
3146 2741 3418 2798 Pilatum.
3479 2745 3577 2800 Ille

1937 2832 2159 2887 autem,
2212 2822 2461 2892 expulsa
2512 2824 2675 2878 omni
2734 2825 3062 2891 timiditate,
3096 2832 3151 2882 et
3198 2830 3271 2883 ab
3322 2830 3438 2895 illo,
3472 2833 3577 2903 qui

1940 2912 2187 2966 mortuis
2235 2910 2419 2966 vitam
2457 2911 2723 2983 inspirat.
2759 2919 2994 2968 mortua
3036 2915 3287 2971 audacia
3325 2917 3580 2991 inspira-

1943 3005 2055 3062 tus,
2087 2997 2367 3052 audacter
2392 2996 2604 3069 (inquit
2655 3002 2878 3055 Marcus
2899 3002 2968 3069 ⁵⁸)
2990 3000 3317 3070 ingreditur
3364 3005 3444 3061 ad
3492 3007 3580 3062 Pi-

1942 3086 2148 3149 latum,
2177 3084 2323 3138 etiis
2347 3100 2508 3143 usus.
2538 3086 2757 3156 quibus
2804 3105 2949 3157 opus
3001 3094 3145 3157 erat,
3180 3092 3375 3148 verbis
3432 3096 3581 3165 peti-

1944 3180 2063 3229 tum
2096 3171 2595 3243 accipitdivinum
2625 3172 2767 3227 illud
2800 3191 3040 3245 corpus,
3069 3182 3126 3233 et
3158 3179 3251 3232 cui
3293 3181 3437 3235 nihil
3468 3198 3579 3252 po-

1943 3266 2056 3316 test
2082 3261 2405 3331 exasquari,
2427 3260 2741 3314 ostendens
2767 3262 3059 3328 animum,
3085 3264 3246 3319 Judm
3297 3271 3580 3340 tanquam

1942 3366 2013 3405 ex
2042 3350 2326 3403 diametro
2371 3348 2756 3403 contrarium.
2785 3352 2932 3404 Nam
2996 3350 3090 3405 ille
3144 3354 3387 3422 quidem
3446 3373 3581 3413 cum

1941 3438 2207 3501 haberet,
2238 3435 2476 3492 tradidit
2504 3436 2576 3490 iis
2603 3436 2701 3507 qui
2724 3442 2890 3492 erant
2920 3438 3280 3497 interfecturi
3314 3458 3328 3507 ;
3354 3443 3451 3499 hic
3480 3460 3585 3501 au-

1944 3533 2061 3581 tem
2118 3524 2195 3580 ab
2252 3524 2320 3578 iis
2370 3524 2473 3596 qui
2526 3523 2957 3591 interfecerant,
3016 3528 3179 3598 petiit
3231 3536 3287 3585 et
3333 3534 3581 3605 accepit.

1944 3614 2166 3669 Verum
2209 3611 2365 3667 enim
2417 3627 2558 3668 vero
2641 3628 2843 3668 rursus
2927 3622 3317 3687 persequatur
3371 3622 3581 3686 oratio,

1945 3701 2249 3774 quomodo
2278 3702 2449 3756 Mater
2475 3717 2536 3754 se
2560 3700 2827 3757 haberet.
2864 3702 3071 3759 Dicunt
3099 3705 3258 3760 enim
3290 3706 3325 3761 ii
3353 3709 3459 3779 qui
3508 3709 3584 3767 de

1946 3791 2037 3845 his
2064 3791 2242 3845 rebus
2269 3794 2609 3854 tractarunt,
2641 3805 2773 3845 eam
2824 3790 2903 3846 ab
2945 3790 3106 3847 initio
3167 3809 3353 3865 usque
3404 3796 3480 3850 ad
3518 3797 3587 3852 ﬁ-

1945 3893 2084 3934 nem
2138 3894 2202 3932 se
2247 3875 2469 3931 fortiter
2498 3885 2553 3930 et
2607 3885 2946 3934 constanter
2995 3881 3269 3949 gessisse,
3339 3883 3585 3941 honeste

1944 3966 2214 4039 quidem,
2243 3971 2299 4020 et
2342 3980 2461 4019 non
2505 3965 2777 4021 indecore
2835 3972 3095 4023 utentem
3140 3976 3306 4024 motu
3353 3971 3582 4026 animi:

1946 4055 2113 4109 factis
2126 4060 2324 4106 tamen
2337 4051 2741 4106 ostendentem
2754 4069 2816 4107 se
2828 4062 2955 4109 esse
2967 4056 3326 4120 Matrem,sed
3338 4060 3586 4113 omnino

1947 4144 2186 4196 Matrem
2211 4138 2365 4190 illius
2394 4138 2494 4206 qui
2522 4139 2716 4193 amico
2749 4145 2983 4195 mortuo
3015 4145 3071 4195 et
3114 4142 3373 4198 ostendit
3427 4159 3590 4202 amo-

1948 4243 2094 4291 rem,
2152 4231 2209 4279 et
2267 4230 2493 4279 motum
2546 4225 2728 4279 animi
2778 4228 2947 4281 certis
3002 4228 3222 4283 finibus
3274 4232 3585 4288 continuit.

1949 4318 2238 4372 Mortuum
2269 4312 2465 4384 itaque
2497 4311 2703 4367 videns
2735 4313 3039 4380 Filium,ca
3069 4321 3233 4372 motu
3258 4319 3444 4376 animi
3474 4337 3586 4378 usa

1948 4408 2038 4461 est
2064 4408 2128 4458 ut
2146 4402 2425 4472 oportuit.
2449 4399 2600 4465 Quin
2639 4401 2819 4457 etiam
2874 4402 2933 4458 in
2979 4420 3050 4459 eo
3091 4420 3127 4460 a
3168 4422 3343 4463 cruce
3408 4409 3590 4480 depo-

1950 4491 2144 4549 nendo
2174 4488 2451 4543 maternis
2506 4489 2781 4543 manibus
2831 4490 3113 4558 inserviit,
3148 4499 3205 4548 et
3238 4493 3465 4560 clavos,
3486 4498 3590 4569 qui

1951 4578 2433 4641 extrahebantur,
2462 4592 2571 4631 suo
2592 4576 2724 4632 sinu
2770 4581 3011 4648 accepit,
3044 4587 3099 4635 et
3130 4583 3403 4639 membra
3433 4584 3591 4639 illius

1954 4666 2231 4737 amplexa
2254 4671 2359 4729 est,
2391 4664 2611 4734 partim
2636 4664 2880 4735 quidem
2923 4666 3074 4721 ulnis
3113 4670 3434 4738 stringens,
3458 4686 3594 4743 par-

1955 4756 2059 4811 tim
2089 4758 2288 4810 antem
2320 4752 2443 4806 suis
2467 4768 2707 4824 quoque
2722 4752 3003 4826 lacrymis
3029 4756 3236 4826 plagas
3258 4760 3597 4814 emundans

1956 4842 2169 4899 deinde
2211 4840 2388 4896 etiam
2440 4845 2557 4895 tota
2604 4840 2710 4895 toti
2759 4843 2991 4912 corpori
3033 4843 3417 4900 circumfusa.
3454 4846 3598 4903 Ecce

1958 4932 2061 4988 tibi
2091 4931 2168 4985 ab
2197 4929 2361 4986 omni
2389 4928 2608 4984 saeculo
2632 4930 3003 5000 prteﬁnitium
3040 4934 3383 5001 mysterium
3414 4935 3489 4989 ad
3538 4935 3603 4990 ﬁ-

1960 5037 2099 5077 nem
2146 5034 2333 5090 usque
2376 5018 2608 5082 venit,o
2652 5019 2915 5083 Domine,
2953 5018 3183 5087 placida
3246 5036 3388 5075 voce
3442 5022 3600 5078 dicit.

1962 5112 2027 5164 Et
2048 5107 2307 5178 Josepho
2336 5106 2394 5160 in
2419 5120 2603 5160 manu
2644 5105 2881 5160 tradens
2920 5105 3232 5163 sindonem
3268 5126 3279 5163 :
3311 5107 3437 5163 Tibi
3500 5126 3607 5166 au-

1962 5203 2103 5262 tem,
2135 5195 2345 5267 inquit,
2373 5192 2653 5264 deinceps
2707 5193 2813 5248 erit
2864 5208 3042 5261 curas,
3077 5201 3138 5249 ut
3174 5195 3235 5251 in
3292 5195 3406 5252 hac
3441 5212 3603 5266 eum,

1972 5392 2019 5427 ⁵ο
2047 5390 2188 5445 Ibid.
2329 5385 2517 5440 “Ibid.
2549 5388 2634 5439 ‘28.
2777 5385 3010 5442 "Exod.
3044 5392 3222 5453 xvi,3t

2318 5477 2365 5511 ⁸9
2398 5473 2575 5530 Marc.
2609 5488 2687 5528 xv
2723 5462 2812 5530 43.

3342 5390 3389 5425 ⁵³
3458 5394 3612 5450 Deut

3265 5552 3353 5631 is‘
