4144 6258
606 231 710 284 555

1981 208 2027 260 Μ
2039 201 2234 260 ENSIS
2275 202 2317 255 A
2329 200 2654 260 UGUSTUS

604 353 853 408 honeste
883 359 1224 416 componas,
1269 340 1621 412 myrrhaque
1676 334 1921 408 pulchre
1971 329 2238 391 condias,
2273 332 2317 381 Α
2353 344 2413 382 re
2463 331 2669 400 spiritu
2718 328 2993 398 vigilans,
3052 324 3259 416 omnia
3315 323 3576 416 perfecte
3632 323 3800 416 vidit
3867 329 3976 416 an
4053 341 4057 374 ε

605 447 662 496 et
695 439 748 494 ei
783 439 943 507 justa
984 434 1181 489 facias.

680 506 868 582 XXXV.
909 525 1054 578 Cum
1086 522 1168 574 sic
1233 533 1373 587 ergo
1439 532 1597 571 novo
1664 515 2048 569 monumento
2100 506 2242 561 divi-

607 632 750 670 num
792 627 1008 682 corpus
1039 606 1440 674 tradidissent,
1497 603 1736 674 .loseph,
1770 607 1826 655 et
1877 598 1977 670 qui
2009 611 2146 651 cum
2173 609 2242 648 eo

604 709 725 758 erat
781 698 1156 759 Nicodemus,
1209 699 1266 748 et
1313 693 1408 748 alii
1457 693 1559 764 qui
1628 707 1762 744 cum
1819 687 1902 742 eis
1972 684 2241 744 aderant,

604 793 712 862 ipsi
765 786 1008 860 quidem
1059 783 1256 838 statim
1316 783 1661 836 receduuta
1714 776 2007 847 sepulcro;
2065 773 2241 862 mater

605 859 802 936 autem
833 875 960 930 sola
989 872 1276 928 remansit
1334 870 1604 940 sepulcro
1658 859 2241 927 adhaerens,minime

604 963 1034 1023 dormientibus
1057 960 1245 1015 oculis
1278 959 1834 1029 perseverans.Nam
1865 953 1968 1007 etsi
1995 948 2240 1003 Mariam

608 1053 1020 1124 Magdalenam
1040 1047 1346 1104 Matthaaus
1359 1063 1426 1101 ex
1446 1045 1696 1100 adverso
1713 1029 1846 1097 cum
1868 1040 2050 1094 altera
2064 1036 2242 1105 signi-

604 1143 801 1198 ﬁcavit
830 1138 1149 1203 assedisse,
1197 1138 1388 1191 solum
1413 1141 1611 1188 tamen
1664 1131 1738 1186 ad
1768 1129 2090 1183 videndum
2149 1140 2242 1179 ve-

604 1232 758 1286 nisse
798 1227 1007 1292 innuit,
1042 1239 1234 1296 neque
1277 1238 1454 1277 ausas
1486 1237 1617 1276 esse
1673 1216 1951 1274 accedere
1979 1230 2048 1268 eo
2099 1218 2239 1267 tem-

603 1335 768 1391 pore,
800 1333 922 1388 quo
963 1314 1364 1370 mandabatur
1390 1309 1724 1381 sepulturae.
1766 1309 1928 1361 Certe
1980 1317 2242 1373 namque

603 1409 686 1464 eis
716 1403 989 1468 succurit,
1021 1409 1081 1456 ut
1105 1400 1446 1456 recederent
1472 1403 1711 1468 propter
1741 1401 1962 1449 metum
2015 1391 2241 1447 Judaeo-

600 1510 757 1561 rum,
808 1499 862 1547 et
909 1491 1226 1545 adventum
1279 1486 1636 1542 custodiae“.
1694 1482 1889 1554 lnquit
1926 1481 2085 1535 enim
2117 1480 2242 1551 ipse

601 1582 903 1638 Matthaeus
928 1599 939 1636 :
977 1580 1222 1647 Vespere
1249 1583 1442 1632 antem
1475 1573 1740 1636 Sabbati,
1769 1587 1896 1642 quae
1926 1571 2150 1625 lucescit
2181 1570 2242 1624 in

2353 417 2675 483 habebant,
2709 417 2873 489 quod
2901 432 2974 471 ne
3006 414 3306 470 tantillum
3335 414 3604 484 quidem,
3638 419 3703 468 ut
3731 412 4057 467 diximu:

2352 520 2386 559 a
2414 506 2687 575 sepulcro
2740 505 3064 568 recesserit,
3119 502 3312 558 donec
3342 503 3534 573 ipsam
3569 502 3932 558 viviﬁcam
4015 518 4051 548 τ

2352 593 2441 647 dit
2468 595 2979 649 resurrectionem.
3013 596 3159 648 Nam
3206 591 3362 661 lapis
3394 592 3645 663 quidem
3682 591 4057 646 revolutus

2351 687 2407 737 et
2435 683 2685 752 angelus
2712 684 2763 738 ei
2789 682 3080 746 insidens,
3131 680 3208 735 ab
3238 680 3369 735 aliis
3399 697 3643 753 quoque
3705 681 3914 734 visus
3994 699 4057 733 es

2355 772 2723 827 mulieribus.
2744 771 2994 836 Quando
3017 775 3242 833 autem,
3267 769 3757 841 etqnemadmod
3775 786 3902 823 um
3930 769 4057 824 hae:

2353 861 2507 916 facta
2537 869 2694 928 sunt,
2725 862 2837 916 illie
2865 859 3112 932 quidem
3139 860 3388 915 omnino
3421 859 3790 914 nesciebant
3823 876 3838 912 :
3919 860 4057 928 ipsa

2351 965 2492 1004 vero
2519 950 2664 1010 sola,
2701 958 2759 1004 ut
2789 965 2924 1021 qum
2969 948 3275 1011 assideret,
3312 949 3515 1002 omnia
3556 954 3870 1003 accurate
3925 964 4057 1018 per-

2352 1038 2558 1108 spexit.
2596 1039 2872 1093 Videntur
2897 1053 3038 1106 ergo
3069 1038 3119 1091 ei
3149 1037 3354 1108 primae
3386 1052 3512 1091 esse
3533 1037 3657 1091 dati
3689 1036 3854 1092 boni
3895 1052 4026 1091 nun

2353 1127 2414 1181 tii
2477 1127 2944 1192 resurrectionis,
2999 1132 3052 1182 et
3079 1127 3282 1198 quoad
3341 1125 3467 1196 ejus
3498 1126 3624 1181 ﬁeri
3685 1127 3936 1197 potuit,
3977 1128 4044 1182 ab

2352 1231 2421 1271 ea
2447 1224 2802 1287 conspectus
2832 1215 3015 1271 fuisse
3077 1216 3361 1287 splendor
3394 1215 3533 1270 Filii.
3585 1215 3707 1270 Sed
3774 1215 3876 1270 sic
3909 1218 4036 1285 qui-

2352 1303 2488 1358 dem
2516 1305 2616 1360 Dei
2649 1307 2825 1361 Mater
2854 1309 2910 1358 et
2939 1305 3066 1376 ipsa
3119 1305 3336 1359 clarius
3382 1304 3598 1374 aspicit
3662 1303 3800 1358 Filii
3835 1321 4037 1358 resur-

2352 1394 2696 1459 rectionem,
2730 1400 2784 1449 et
2808 1395 2936 1463 ejus
2969 1393 3386 1465 praedicatores
3417 1393 3490 1447 de
3525 1409 3598 1448 ea
3639 1395 3847 1462 magis
3893 1411 4020 1448 con-

2351 1484 2571 1546 ﬁrmat,
2590 1499 2776 1554 quam
2791 1500 2872 1538 eae
2897 1499 3032 1554 quae
3050 1489 3352 1553 unguenta
3381 1481 3746 1536 attulerunt:
3769 1483 4020 1540 etiamsi.

2352 1572 2497 1626 dum
2530 1573 2911 1642 loquerentur
2935 1572 3008 1626 de
3041 1572 3270 1626 Domini
3301 1572 3768 1639 resurrectione,
3788 1573 4004 1627 nullam

599 1671 793 1740 prima
831 1667 1092 1731 Sabbati,
1128 1665 1280 1721 venit
1319 1665 1519 1718 Maria
1547 1661 1899 1730 Magdalene
1946 1665 1998 1713 et
2049 1658 2242 1713 altera
2274 1671 2318 1724 Β
2352 1662 2478 1730 ejus
2524 1663 2884 1716 mentionem
2917 1661 3174 1724 fecerint,
3206 1667 3481 1715 caventes
3508 1660 3774 1715 fortasse
3798 1669 3992 1715 mater-

598 1760 795 1815 Maria
847 1756 1045 1811 videre
1089 1753 1496 1822 sepulcrum".
1557 1754 1681 1805 Non
1740 1749 1981 1803 dixisset
2039 1751 2238 1801 autem

599 1846 855 1908 venisse,
896 1860 1032 1915 quae
1063 1843 1511 1904 remansissent,
1542 1839 1656 1894 nisi
1687 1853 1771 1892 ea;
1802 1851 2039 1906 quoque
2079 1834 2236 1889 simi-

597 1937 725 1991 liter
757 1939 818 1989 ut
856 1933 1070 1999 caeteri,
1104 1931 1504 1993 recessissent,
1535 1943 1567 1982 a
1597 1931 2005 1981 monumento.
2048 1930 2237 1994 Atque

597 2024 693 2080 alii
724 2022 966 2094 quidem
998 2020 1265 2082 alteram,
1295 2033 1429 2090 quae
1451 2016 1684 2080 dicitur,
1732 2014 1999 2081 Mariam,
2047 2029 2234 2084 quam

595 2113 720 2183 ipse
741 2109 907 2173 dixit,
941 2109 1042 2179 qui
1098 2107 1418 2179 praecessit,
1478 2109 1532 2160 et
1565 2107 1791 2158 Marcus
1817 2102 1972 2158 clare
2025 2102 2230 2171 aperit,

594 2201 796 2254 dicens
822 2214 834 2251 :
869 2198 1066 2251 Maria
1095 2202 1283 2251 autem
1310 2194 1679 2263 Magdalene,
1709 2197 1760 2246 et
1792 2191 1990 2245 Maria
2003 2190 2230 2257 Joseph,

592 2285 1076 2357 aspiciebantubi
1104 2284 1463 2351 ponerent";
1492 2281 1588 2335 alii
1612 2295 1745 2334 vero
1802 2279 2044 2333 Mariam
2103 2293 2233 2348 quae

591 2373 890 2447 appellata
921 2376 1011 2427 est
1041 2372 1264 2435 Jacobi,
1297 2371 1710 2425 existimarunt
1740 2383 1867 2422 esse
1897 2368 2228 2436 Deiparam,

591 2479 710 2521 non
740 2467 914 2524 recte,
961 2476 1151 2531 neque
1203 2464 1477 2515 accurate
1529 2459 1828 2512 veritatem
1888 2455 2230 2524 conjectan-

588 2560 691 2616 tes,
724 2550 949 2619 Ubique
983 2550 1137 2603 enim
1163 2549 1222 2602 in
1256 2545 1587 2614 Evangeliis
1620 2547 1753 2615 ipsa
1783 2549 1916 2612 post
1941 2559 2229 2598 arcanum

588 2642 758 2698 illum
797 2644 994 2692 ortum
1034 2640 1235 2706 aperte
1275 2640 1330 2689 et
1367 2635 1599 2705 proprie
1639 2633 1981 2686 nominatur
2034 2634 2226 2699 Mater,

589 2736 645 2786 et
657 2730 811 2783 hanc
825 2724 1071 2778 omnino
1086 2723 1334 2778 maxime
1349 2726 1546 2776 notam
1560 2719 1741 2775 habet
1754 2719 2224 2789 appellationem.

585 2823 836 2889 Accepit,
883 2814 1094 2886 inquit,
1136 2812 1449 2880 infantem,
1510 2815 1560 2864 et
1622 2808 1876 2863 Matrem
1929 2809 2118 2876 ejus”.
2165 2809 2228 2861 Et

585 2924 830 2964 rursus:
883 2907 1028 2961 Erat
1077 2901 1274 2956 Mater
1318 2900 1456 2954 Jesu
1485 2898 1616 2952 illic
1646 2895 1708 2950 °'.
1749 2899 1812 2950 Et
1840 2896 1990 2950 Dicit
2029 2896 2228 2951 Mater

2351 1765 2495 1804 num
2515 1749 2720 1804 afferre
2747 1750 3173 1818 testimonium,
3201 1765 3270 1802 ne
3298 1749 3596 1804 videretur
3626 1759 3985 1820 suspectam,

2351 1843 2407 1894 et
2441 1845 2680 1909 prepter
2717 1838 3197 1908 conjunctionem
3240 1837 3384 1892 ﬁdes
3425 1837 3476 1892 ei
3509 1838 3722 1892 minus
3777 1839 4000 1892 habere

2349 1934 2462 1984 tur.
2508 1928 2620 1983 Sed
2683 1928 2956 1998 Deipara,
3022 1943 3159 1982 cum
3195 1926 3317 1981 Filii
3385 1927 3899 1982 resurrectionem
3960 1937 4002 1984 et

2345 2019 2496 2082 visu,
2539 2024 2594 2072 et
2629 2018 2872 2072 internis
2905 2017 3097 2072 oculis
3139 2017 3224 2071 sic
3263 2017 3607 2089 accepisset,
3652 2024 3882 2089 postea
3921 2020 4005 2072 ha-

2346 2107 2553 2162 bitavit
2583 2123 2720 2162 cum
2751 2107 2967 2162 dilecto
3005 2106 3320 2178 discipulo,
3361 2111 3721 2178 exspectans
3782 2115 4002 2178 tempus

2345 2196 2555 2252 Christi
2581 2197 3032 2269 assumptionis.

2417 2287 2664 2341 XXXVII.
2698 2287 3024 2356 Postquam
3063 2291 3261 2340 autem
3293 2285 3474 2340 ﬁnem
3507 2284 3795 2356 accipere
3845 2303 4002 2357 opor-

2343 2374 2522 2439 tebat,
2550 2391 2942 2446 quaecumque
2961 2375 3034 2429 ad
3065 2375 3262 2429 carnis
3295 2380 3585 2445 susceptae
3618 2376 4002 2445 pertinebant

2344 2463 2764 2528 (economiam,
2821 2469 2876 2517 et
2905 2463 2985 2517 ita
3040 2463 3098 2517 in
3159 2462 3368 2517 caelum
3405 2462 3622 2532 extolli,
3682 2464 3868 2535 quod
3921 2481 3999 2519 as-

2342 2558 2650 2622 sumptum
2682 2551 2890 2615 fuerat,
2932 2551 3144 2606 amicis
3192 2567 3490 2623 apparens
3546 2551 3842 2607 Salvator
3871 2555 3995 2624 (non

2341 2641 2500 2694 enim
2541 2655 2697 2711 saepe
2758 2644 2891 2710 post
2937 2641 3428 2696 resurrectionem
3489 2641 3896 2711 spectabilem
3947 2660 3996 2696 se

2338 2728 2451 2783 illis
2480 2728 2821 2798 praebebat),
2853 2733 2910 2783 et
2946 2728 3132 2783 multa
3183 2728 3300 2783 alia
3323 2744 3458 2783 cum
3493 2729 3577 2783 eis
3626 2729 3901 2794 disserit,
3948 2738 3990 2784 et

2337 2816 2478 2872 boni
2515 2815 2763 2886 Spiritus
2804 2816 3125 2871 adventum
3167 2819 3500 2872 annuntiat.
3557 2818 3791 2874 Deinde
3823 2821 3986 2874 etiam

2337 2922 2474 2960 cum
2502 2904 2799 2959 eduxisset
2830 2921 3042 2976 parum
3068 2911 3229 2960 extra
3261 2906 3575 2972 civitatem,
3609 2912 3669 2961 et
3713 2907 3880 2972 illos,
3937 2917 3984 2961 ut

584 3013 710 3065 ejus
732 2993 1019 3052 ministris
1039 2992 1209 3044 “.Et:
1237 2986 1620 3043 Descendilin
1637 2985 2061 3053 ΘαρΙιίινήαιιτη
2081 2985 2220 3053 ipse,
2259 3019 2298 3073 ρ
2335 3009 2472 3047 eum
2503 2993 2768 3055 decebat,
2795 2992 3174 3064 impertiisset
3201 2993 3629 3058 benedictione,
3657 2996 3983 3050 videntibus

584 3092 640 3142 et
661 3087 854 3141 Mater
879 3085 1004 3152 ejus
1030 3081 1098 3132 ⁸³.
1136 3078 1201 3132 Et
1232 3093 1244 3131 :
1279 3079 1459 3132 Mater
1482 3081 1586 3130 tua
1610 3081 1666 3130 et
1693 3074 1919 3142 fratres
1949 3074 2034 3127 tui
2061 3080 2222 3129 stete-

582 3182 724 3230 runt
742 3173 965 3242 foris“.
993 3167 1146 3234 Quin
1170 3167 1344 3221 etiam
1371 3163 1702 3218 :Steterunt
1735 3162 1815 3217 ad
1829 3177 2057 3217 crucem
2083 3164 2222 3217 Jesu

582 3264 771 3318 Mater
797 3264 922 3331 ejus
948 3266 1001 3314 et
1025 3271 1196 3312 soror
1254 3253 1467 3308 Matris
1527 3251 1725 3318 eius“.
1772 3250 1975 3312 Labes,
2018 3251 2065 3303 si
2113 3249 2220 3315 vis,

583 3351 761 3406 etiam
798 3352 1014 3403 Lucam
1045 3346 1103 3398 in
1125 3341 1367 3397 Actibus
1397 3339 1821 3406 suﬁragantem
1845 3337 1910 3390 iis
1930 3353 2065 3408 quae
2089 3341 2226 3391 sunt

585 3437 911 3511 proposita;
946 3434 1027 3488 Hi
1056 3446 1252 3487 omnes
1305 3432 1472 3485 erant
1513 3433 1949 3494 perseverantes
2007 3430 2067 3480 in
2099 3441 2224 3480 ora-

583 3527 740 3582 tione
767 3541 898 3581 cum
956 3519 1311 3583 mulieribus,
1345 3526 1396 3572 et
1453 3517 1650 3570 Maria
1679 3516 1866 3570 Matre
1905 3514 2114 3570 Jesu“.
2159 3517 2225 3569 Et

581 3616 641 3670 in
677 3629 916 3667 summa
977 3607 1315 3663 difﬁcillime
1345 3605 1596 3660 inveniri
1646 3610 1854 3674 potest,
1907 3621 2039 3659 eam
2094 3621 2222 3660 esse

586 3702 750 3758 aliter
775 3697 1169 3756 nominatam,
1205 3699 1309 3748 aut
1339 3709 1410 3746 ex
1442 3698 1628 3761 patre,
1652 3696 1752 3745 aut
1781 3706 1852 3745 ex
1877 3692 2079 3762 aliqua
2106 3693 2223 3748 alia

585 3785 957 3856 cognationis
1019 3779 1380 3840 habitudine,
1445 3783 1506 3831 ut
1571 3776 1851 3831 diximus.
1938 3780 2222 3842 Quocirca

583 3876 749 3932 nulla
773 3890 844 3928 ex
869 3872 962 3926 his
988 3869 1089 3924 illa
1119 3873 1228 3922 est.

655 3962 882 4018 XXXVI.
915 3959 1061 4014 Nam
1091 3957 1217 4013 alite
1246 3954 1491 4027 quidem
1521 3958 1638 4009 tota
1691 3957 1863 4009 nocte
1899 3954 1978 4008 ad
2029 3955 2222 4025 sepul-

582 4068 748 4108 crum
770 4051 1058 4118 ingressaa
1095 4049 1230 4099 sunt
1251 4049 1307 4098 et
1335 4057 1607 4112 egressae,
1640 4046 1693 4096 et
1721 4056 1792 4096 ea
1816 4057 1951 4112 quas
1977 4042 2216 4108 ﬁebant,

579 4140 858 4214 apostolis
885 4135 1246 4191 nuntiarunt.
1279 4131 1676 4197 Quamobrem
1718 4146 1827 4185 nec
1855 4131 1938 4185 eis
1977 4132 2220 4203 contigit

578 4231 772 4286 videre
825 4225 999 4298 plura
1030 4221 1315 4278 miracula
1370 4220 1832 4275 resurrectionis.
1874 4220 1975 4274 Illa
2016 4227 2214 4277 autem

2336 3081 2564 3152 ipsisin
2623 3081 2836 3135 caelum
2888 3081 3258 3136 extollitur".
3315 3082 3424 3138 Sed
3457 3099 3531 3137 ne
3590 3099 3663 3138 ea
3695 3100 3794 3138 res
3854 3086 3977 3156 ipsis

2335 3169 2569 3224 afferret
2609 3169 2963 3239 molestiam,
2992 3177 3044 3225 et
3075 3170 3343 3225 dolorem
3373 3171 3456 3225 eis
3496 3181 3843 3243 procrearet
3871 3176 3974 3229 Ma-

2335 3257 2498 3323 gistri
2548 3257 2819 3327 privatio,
2854 3259 2982 3328 ejus
3037 3275 3279 3330 quoque
3309 3276 3516 3314 curam
3583 3261 3768 3329 gessit
3800 3263 3969 3317 bonus

2335 3349 2560 3414 pastor.
2589 3345 2677 3399 Ad
2705 3361 2806 3400 eos
2839 3346 3010 3402 mittit
3043 3347 3305 3417 angelos,
3345 3348 3450 3418 qui
3481 3353 3537 3400 et
3565 3348 3732 3403 illius
3789 3367 3972 3406 ascen-

2335 3449 2467 3487 sum
2516 3433 2897 3504 explicarent,
2927 3439 2984 3490 et
3039 3452 3139 3489 eos
3202 3435 3484 3491 inetfabili
3539 3443 3596 3491 et
3638 3438 3967 3494 admirabili

2333 3521 2647 3593 implerent
2676 3523 3154 3579 consolatione“.
3186 3528 3331 3579 Cum
3372 3531 3571 3580 autem
3605 3525 3965 3588 adorassent,

2332 3627 2534 3665 rursus
2586 3611 2837 3666 domum
2885 3611 3001 3666 laeti
3045 3619 3180 3667 sunt
3223 3613 3460 3678 reversi,
3508 3614 3685 3669 simul
3739 3617 3958 3688 quidem

2333 3707 2576 3768 agentes
2605 3700 2662 3754 in
2696 3701 2997 3771 superiore
3051 3702 3372 3769 caenaculo,
3407 3703 3560 3758 sicut
3590 3707 3952 3760 constitutum

2333 3787 2541 3854 fuerat,
2575 3794 2629 3842 et
2669 3788 2947 3843 Paracleti
2969 3795 3379 3860 exspectantes
3416 3790 3764 3847 adventum.
3799 3797 3950 3848 Erant

2332 3883 2527 3930 autem
2570 3876 2627 3929 in
2658 3878 2922 3931 oratione
2951 3878 3308 3934 unanimiter
3359 3889 3820 3950 perseverantes,
3878 3882 3944 3934 si-

2330 3969 2427 4018 cut
2451 3964 2620 4018 etiam
2653 3965 2838 4019 Lucas
2871 3966 3476 4034 Evangelistanarrat.
3497 3971 3644 4024 Cum
3670 3972 3812 4024 enim
3844 3985 3936 4023 ao-

2328 4052 2600 4107 minatim
2632 4051 2840 4107 Christi
2900 4062 3305 4110 enumerasset
3360 4056 3694 4127 discipulos,
3738 4056 3918 4111 deinde

2327 4140 2671 4209 subjungit:
2708 4142 2783 4195 Et
2838 4141 2901 4196 hi
2937 4157 3134 4199 omnes
3173 4146 3623 4211 perseverabant
3657 4143 3911 4198 unanimi-

2325 4235 2417 4283 ter
2444 4229 2506 4283 in
2537 4232 2799 4286 oratione
2825 4238 2876 4286 et
2921 4233 3279 4298 precatione,
3337 4249 3464 4289 cum
3513 4233 3827 4290 mulieribus
3869 4239 3914 4286 et

578 4334 712 4390 quae
750 4313 1047 4370 indiVulsa
1105 4309 1410 4364 aSSidebat
1439 4308 1742 4414 fePUICI‘O,
1801 4309 2007 4414 omnia
2075 4311 2214 4366 vidit
2245 4361 2287 4414 D
2321 4319 2519 4373 Maria
2547 4320 2914 4382 matreJesu,
2939 4327 2992 4375 et
3019 4337 3149 4376 cum
3165 4322 3466 4388 fratribus
3488 4324 3684 4391 ejus“.
3710 4321 3924 4391 Semper

577 4411 799 4476 aperte,
853 4405 909 4455 et
938 4413 1059 4452 non
1093 4398 1306 4458 statim,
1361 4395 1462 4448 sed
1518 4401 1724 4463 postea
1772 4395 2011 4464 protulit
2034 4397 2093 4450 in
2124 4396 2205 4451 lu-

573 4508 724 4554 cem,
764 4495 819 4543 et
867 4483 1243 4542 renuntiavit.
1278 4484 1422 4535 Nam
1469 4481 1777 4551 quomodo
1808 4481 1988 4537 simul
2020 4489 2202 4539 terrae.

570 4586 825 4644 motum,
857 4579 913 4631 et
943 4571 1137 4641 angeli
1167 4572 1227 4626 in
1281 4577 1584 4625 momento
1628 4571 1906 4640 temporis
1963 4572 2206 4628 descen-

566 4686 723 4734 sum,
774 4672 830 4721 et
876 4662 1090 4734 lapidis
1146 4659 1594 4723 revolutionem,
1628 4663 1685 4713 et
1719 4659 2032 4715 custodum
2071 4679 2202 4732 pro-

563 4759 820 4815 fundum
865 4767 1162 4823 scporem,
1197 4755 1251 4803 et
1303 4748 1897 4816 expergefactionem,
1955 4755 2010 4805 et
2055 4767 2201 4822 quo-

561 4845 842 4903 rumdam
871 4841 930 4896 in
963 4835 1606 4900 urbemreversionem,
1628 4836 1960 4906 potuissent
1985 4838 2200 4894 abeun-

561 4943 645 4992 tes
671 4933 968 4995 mulieres,
1029 4933 1084 4982 et
1129 4941 1338 4981 rursus
1371 4932 1746 4990 revertentes,
1788 4925 2012 4995 integre
2068 4946 2199 4999 per-

557 5019 813 5094 spicere?
847 5019 956 5076 Sed
988 5016 1213 5071 clarum
1247 5018 1351 5076 est,
1379 5011 1506 5067 haec
1537 5012 1716 5067 fuisse
1748 5016 1997 5070 materni
2029 5025 2083 5071 et
2110 5035 2198 5072 ar-

554 5110 748 5165 dentis
774 5108 1018 5172 amoris,
1049 5119 1184 5174 quae
1243 5107 1527 5173 perpetuo
1579 5102 1853 5157 assidens
1900 5111 1958 5160 et
2008 5108 2193 5162 acrio-

557 5335 574 5382 I
624 5327 667 5360 ⁵⁷
702 5323 900 5377 Matth.
951 5327 1318 5386 xxvn,65,66.
1434 5323 1479 5357 ⁵⁸
1514 5324 1980 5391 Mattb.xxv1u,l.

550 5416 605 5468 5.
648 5413 695 5445 ⁹³
727 5407 870 5462 Ibid.
902 5423 998 5470 xu,
1111 5410 1155 5442 ⁶⁴
1189 5411 1590 5475 Matth.xu,4'l.

556 5507 574 5557 1
624 5499 671 5535 ⁶⁹
696 5496 942 5551 lbiddlr.

2095 5329 2141 5363 ⁸⁸
2176 5333 2348 5386 Marc.
2389 5347 2484 5396 xv,
2526 5336 2571 5385 I.
2607 5334 2654 5367 ⁸ο
2681 5332 2876 5388 Matth.
2919 5339 3071 5399 ιι,14.

1706 5415 1751 5448 ⁸⁵
1784 5415 1952 5469 Joan.
1987 5432 2104 5481 xnt,
2167 5423 2252 5473 25.

2319 4408 2478 4461 enim
2510 4407 2639 4478 ipsa
2667 4424 2909 4480 quoque
2926 4426 3062 4463 cum
3090 4411 3173 4465 eis
3198 4412 3688 4475 conversabatur,
3717 4428 3752 4467 a
3779 4411 3927 4466 rebus

2317 4493 2727 4565 pulcherrimis
2767 4501 2825 4550 et
2861 4496 3293 4552 honestissimis
3349 4513 3662 4569 nunquam
3716 4499 3931 4553 omnino

2314 4581 2621 4636 desistens.

2383 4671 2668 4725 XXXVIII.
2716 4671 3037 4743 Postquam
3084 4679 3282 4729 autem
3333 4676 3394 4729 in
3435 4681 3702 4746 tempore
3759 4676 3934 4730 Pente-

2311 4767 2501 4814 costes
2533 4760 2763 4830 apstoli,
2815 4761 3038 4832 impleti
3070 4763 3272 4818 divina
3297 4765 3486 4833 gratia
3535 4764 3844 4828 Paracleti,
3874 4763 3933 4817 ad

2310 4848 2607 4916 Evangelii
2640 4849 2970 4904 doctrinam
2995 4850 3144 4905 alius
3167 4852 3282 4906 alio
3314 4853 3718 4919 mittebantur,
3747 4861 3808 4909 et
3828 4854 3935 4922 jam

2307 4936 2650 5005 praedicatio
2690 4938 2826 4992 ﬁdei
2854 4939 3336 5006 annuntiabatur,
3370 4941 3691 5010 Virginem,
3754 4946 3936 5013 utpote

2305 5022 2518 5078 dilecto
2564 5026 2854 5096 discipulo
2911 5033 2968 5081 et
2999 5028 3207 5096 virgini
3254 5031 3772 5098 commendatam,
3822 5043 3937 5101 qua:

2305 5117 2432 5166 erat
2462 5111 2520 5166 in
2549 5113 2681 5168 Sion
2713 5115 2838 5184 ejus
2867 5115 3102 5183 domus,
3133 5133 3262 5172 eam
3289 5117 3551 5173 habebat
3583 5117 3702 5173 illic
3730 5119 3936 5188 degen-

3189 5339 3232 5373 ⁶¹
3267 5338 3576 5401 Joan.n,I.
3701 5343 3750 5376 ⁸³
3798 5337 3934 5394 Ibid.

2369 5421 2415 5454 “
2468 5422 2595 5476 Act.
2655 5423 2806 5488 1,14.
2919 5424 2961 5457 ⁸⁷
3002 5427 3133 5479 Luc.
3201 5441 3353 5490 xxw,
3391 5431 3474 5479 SI.
3531 5427 3578 5462 ⁸⁸
3637 5433 3814 5497 ΛΟΜ,
3861 5430 3934 5489 10,
