4144 6258
121 253 228 307 557

1347 256 1611 313 ORATIO
1639 253 1729 310 DE
1760 254 2040 310 SANCTA
2084 258 2313 315 MARIA

3430 268 3534 325 558

120 376 404 435 temzcui
434 381 725 448 tanquam
750 376 908 432 Matri
940 379 1061 433 Deo
1116 379 1309 436 honor
1365 384 1443 437 ab
1493 382 1779 438 omnibus
1818 379 1865 434 Α
1897 397 2031 436 mea
2060 384 2355 440 voluntas.
2408 386 2663 442 Accersit
2743 391 2940 442 autem
3011 390 3267 457 Petrum,
3316 392 3534 448 deinde

64 464 67 471 λ
115 466 540 523 exhibebatur.
569 467 716 521 Cum
748 481 883 520 vero
912 472 969 521 et
1010 469 1216 523 mortis
1246 486 1382 525 eam
1432 470 1778 541 participem

64 556 67 559 ’
116 553 250 609 ﬁeri
296 569 539 610 necesse
596 554 762 618 foret,
822 554 952 625 (cur
1001 558 1162 612 enim
1216 557 1331 613 hoc
1357 574 1607 629 passura
1656 573 1774 612 non

117 649 298 708 esset,
358 644 636 715 quamvis
677 644 772 698 Dei
800 643 980 699 Filius
1032 662 1103 700 ex
1155 662 1228 702 ea
1288 647 1521 715 genitus
1574 661 1777 701 revera

118 739 281 789 esset
326 735 510 789 homo
554 732 604 803 ‘?)
647 748 806 801 cum,
854 732 1125 805 inquam,
1190 742 1359 791 atate
1397 741 1673 806 provecta
1700 735 1776 790 ad

120 822 375 878 multam
419 825 789 877 senectutem
828 824 1209 892 pervenisset,
1252 832 1307 880 et
1352 825 1773 897 peregrinatio-

120 911 216 966 nis
245 919 478 982 tempus
494 926 759 980 praseus
781 915 951 979 esset,
977 928 1078 981 per
1091 914 1391 981 angelum,
1418 931 1476 968 se
1495 914 1774 983 migratu-

117 1017 253 1055 ram
283 1016 432 1063 esse,
468 1017 503 1055 a
564 999 704 1054 Filio
739 1000 945 1055 edocta
977 1006 1086 1065 est,
1116 1003 1267 1057 sicut
1314 1008 1369 1057 et
1408 1009 1600 1063 antea,
1655 1018 1777 1074 quo

122 1092 395 1158 tempore
420 1090 480 1142 in
525 1087 653 1158 ejus
708 1095 967 1142 ventrem
1024 1089 1401 1157 ingressurus
1432 1094 1575 1154 erat,
1620 1106 1775 1144 nun-

125 1178 337 1232 tiatum
372 1176 450 1231 illi
472 1175 680 1231 fuerat.
719 1177 864 1231 Cum
896 1176 1077 1247 igitur
1128 1194 1410 1233 excessus
1444 1178 1532 1232 sui
1564 1182 1781 1249 myste-

128 1266 288 1321 rium
331 1264 652 1329 didicisset,
698 1280 832 1320 eam
895 1281 1019 1322 rem
1062 1267 1274 1322 latitia
1307 1270 1505 1331 tanta,
1554 1273 1783 1335 quanta

125 1354 326 1409 verbis
384 1352 666 1424 explicari
711 1369 831 1409 non
887 1361 1098 1425 potest,
1130 1355 1440 1410 materiam
1492 1353 1779 1425 judicans

125 1442 302 1514 (quid
360 1444 520 1496 enim
574 1440 655 1495 illi
716 1443 962 1498 suavius
1018 1442 1254 1499 evenire
1311 1447 1562 1514 poterat,
1590 1458 1775 1514 quam

124 1546 263 1587 cum
297 1529 436 1586 Filio
468 1546 581 1585 suo
610 1545 741 1585 esse
769 1535 822 1585 et
847 1546 966 1585 una
989 1532 1323 1600 regnare?)
1369 1532 1568 1586 statim
1600 1531 1780 1601 jussit

122 1619 384 1691 plurima
408 1619 638 1675 lumina
657 1616 902 1673 domum
935 1619 1127 1674 afferri
1165 1636 1179 1685 ;
1210 1620 1391 1691 idque
1418 1619 1641 1674 factum
1664 1623 1773 1672 est.

1895 470 2078 525 alios:
2109 480 2164 527 et
2189 475 2623 531 cumlucernas
2667 476 2783 546 ipsi
2832 477 3268 545 accendissent,
3323 480 3421 535 illa
3474 481 3532 536 in

1895 560 2097 629 spiritu
2138 561 2459 628 exsultans,
2491 564 2748 618 diductis
2799 564 3003 630 labris,
3060 567 3347 623 Benedico
3406 568 3533 634 tibi,

1892 646 2103 719 inquit,
2129 649 2322 705 datori
2348 652 2544 706 omnis
2578 651 3015 719 benedictionis,
3048 669 3244 710 causa
3271 655 3531 723 luminis;

1892 738 1994 807 qui
2053 754 2253 793 meum
2308 746 2568 795 ventrem
2653 741 3021 796 inhabitasti.
3085 742 3534 800 Benedicotua

1891 824 2180 894 charitati,
2213 844 2335 898 qua
2361 844 2469 883 nos
2501 827 2776 883 dilexisti.
2796 830 3040 884 Domine
3070 847 3081 884 :
3124 837 3180 885 et
3212 832 3534 900 magniﬁco

1892 914 2072 969 verba
2102 921 2222 979 tua,
2289 932 2423 987 qua
2454 916 2626 971 nobis
2665 917 2806 972 data
2865 923 3001 973 sunt
3057 917 3116 973 in
3186 921 3427 976 veritate
3478 926 3537 977 et

1892 1002 2067 1056 credo
2097 1004 2239 1058 mihi
2261 1004 2538 1069 atfutura,
2563 1022 2699 1075 qua
2730 1006 2950 1060 dixisti.
2977 1009 3122 1062 Cum
3152 1008 3235 1062 sic
3265 1007 3532 1075 dixisset,

1892 1106 1953 1144 se
1976 1091 2221 1145 reclinat
2246 1093 2300 1146 in
2328 1092 2499 1157 lecto,
2532 1098 2587 1148 et
2615 1093 2893 1147 manibus
2938 1094 2997 1149 in
3044 1094 3227 1150 alium
3259 1096 3531 1161 sublatis,

1892 1192 2029 1232 cum
2066 1178 2203 1232 nulli
2258 1179 2700 1251 reprehensioni
2747 1180 2925 1235 affine
2984 1198 3158 1237 suum
3206 1199 3422 1253 corpus
3476 1184 3533 1238 in

1891 1265 2204 1321 honestam
2221 1270 2280 1322 et
2302 1267 2581 1322 decoram
2602 1268 2856 1337 ﬁguram
2877 1271 3333 1340 composuisset,
3358 1278 3414 1327 et
3434 1288 3535 1329 eos

1893 1355 2299 1410 venerandum
2329 1355 2697 1425 apperuisset
2721 1357 2961 1427 (etenim
2996 1358 3229 1414 videbat
3266 1360 3393 1428 jam
3426 1361 3535 1416 Do-

1892 1442 2124 1498 minum
2178 1444 2255 1499 ad
2316 1444 2508 1513 ipsam
2563 1446 2896 1500 venientem
2949 1462 3087 1501 cum
3155 1447 3533 1504 multitudine

1888 1530 2284 1598 angelorum),
2319 1537 2441 1587 tota
2472 1532 2750 1603 impletur
2775 1534 2988 1603 gaudio
3012 1540 3067 1590 et
3124 1534 3445 1606 voluptate,
3480 1542 3535 1592 et

1889 1634 2027 1674 cum
2064 1635 2267 1674 rursus
2295 1620 2541 1676 dixisset
2570 1638 2582 1674 :
2616 1622 2753 1676 Fiat
2783 1622 2950 1686 mihi,
3002 1624 3271 1693 Domine,
3335 1639 3534 1680 secun-

124 1710 269 1764 Tota
303 1724 445 1763 vero
495 1709 708 1763 domus
770 1707 1061 1764 mundata
1109 1714 1216 1763 est.
1266 1710 1471 1763 Lectus
1516 1708 1681 1775 item,
1722 1712 1778 1762 et
1815 1722 1857 1777 Β
1887 1709 2030 1764 dum
2082 1710 2323 1765 verbum
2379 1716 2564 1773 tuum,
2616 1711 2829 1765 emittit
2860 1717 3147 1782 tanquam
3191 1713 3252 1767 in
3316 1729 3533 1769 somno

124 1797 428 1853 thalamus
453 1795 780 1851 ornabatur
810 1818 823 1849 :
858 1801 914 1851 et
950 1797 1433 1852 convocabantur
1479 1801 1776 1868 quotquot

124 1891 297 1942 erant
325 1886 559 1955 cognati
587 1890 641 1939 et
684 1884 881 1950 vicini,
918 1890 979 1940 ut
1006 1902 1143 1940 cum
1196 1901 1267 1940 ea
1323 1885 1536 1941 latitia
1567 1886 1775 1941 tierent

130 1975 466 2045 participes.
496 1973 714 2029 Deinde
729 1978 936 2044 parata
950 1982 1117 2029 erant
1130 1975 1333 2029 omnia
1348 1975 1421 2028 ad
1442 1990 1771 2029 excessum.

128 2062 431 2130 Signiﬁcat
462 2063 661 2133 itaque
691 2061 761 2116 iis
788 2062 891 2133 qui
930 2067 1355 2126 convenerant,
1397 2062 1455 2116 id
1510 2064 1671 2134 quod
1724 2064 1775 2118 ei

134 2150 309 2206 Filius
338 2165 441 2220 per
470 2149 749 2218 angelum
798 2151 1189 2207 nuntiaverat.
1248 2151 1516 2207 Ostendit
1578 2157 1775 2207 autem

126 2238 420 2304 bravium,
448 2238 613 2309 quod
635 2238 747 2293 sibi
778 2239 856 2294 ab
884 2255 953 2294 eo
980 2240 1190 2295 datum
1244 2240 1453 2295 fuerat.
1518 2239 1582 2295 Id
1639 2256 1777 2295 vero

124 2332 251 2381 erat
273 2342 476 2381 ramus
507 2325 745 2397 palma,
780 2332 843 2381 ut
888 2328 1110 2396 lingua
1135 2327 1481 2383 assuefacta
1510 2344 1647 2384 vcra
1694 2329 1776 2384 lo-

124 2416 225 2486 qui
249 2415 324 2471 de
350 2431 421 2469 eo
445 2414 759 2470 dixerant:
820 2416 1060 2484 signum
1118 2415 1378 2471 victoria
1430 2417 1657 2479 mortis,
1719 2421 1776 2470 et

122 2503 473 2575 vitaimago
508 2503 857 2558 immortalis
905 2519 916 2557 :
953 2504 1105 2559 sicut
1163 2504 1344 2559 etiam
1380 2503 1768 2559 Hebraorum

122 2592 289 2663 pueri
321 2592 380 2646 id
411 2592 538 2662 ejus
567 2590 867 2647 faciebant
920 2591 1081 2657 Filio,
1139 2592 1413 2663 inspirati
1463 2592 1766 2648 divinitus.

123 2680 206 2735 Illi
236 2680 397 2736 enim
420 2680 928 2751 appropinquanti
957 2681 1031 2735 ad
1062 2682 1423 2746 passionem,
1474 2682 1512 2735 ii
1565 2698 1767 2737 ramos

123 2769 460 2839 palmarum
474 2768 823 2831 oﬂerebant,
838 2785 974 2823 eum
988 2769 1251 2823 futurum
1268 2769 1551 2822 victorem
1568 2771 1773 2823 mortis

120 2859 261 2913 ante
278 2855 756 2925 signiﬁcantes".
775 2858 921 2910 Cum
940 2855 1274 2923 autemjam
1290 2854 1527 2909 adesset
1540 2859 1774 2924 tempus

124 2961 428 3008 excessus,
452 2943 554 2997 illa
582 2942 826 3012 quidem
857 2957 1013 2996 vera
1043 2944 1173 2995 vita
1216 2945 1403 2995 mater
1445 2941 1682 3010 jacebat
1716 2943 1774 2996 in

126 3032 379 3102 grabato
410 3047 423 3085 :
449 3031 653 3085 aderat
685 3045 819 3085 vero
842 3028 911 3093 is,
943 3030 1044 3100 qui
1068 3045 1200 3083 eam
1235 3029 1419 3084 domo
1441 3036 1768 3099 exceperat,
1814 3057 1855 3114 ο

126 3123 409 3175 Joannes.
450 3118 709 3173 Aderant
762 3117 963 3183 etiam,
997 3117 1342 3189 quicunque
1392 3122 1564 3172 erant
1606 3117 1775 3173 electi

129 3206 900 3278 inJerusalem,amicaque
914 3212 1250 3275 etcognata
1275 3205 1452 3260 simul
1472 3207 1770 3262 astabant.

128 3298 302 3368 Virgo
325 3311 465 3367 ergo
492 3295 569 3350 ad
596 3297 888 3350 Joannem
940 3294 1233 3365 aspiciens
1289 3294 1601 3364 virginem,
1638 3311 1773 3350 cum

127 3402 320 3457 pauca
349 3402 487 3440 cum
517 3400 588 3439 eo
638 3389 790 3440 esset
814 3384 1033 3449 locuta,
1081 3382 1300 3438 deinde
1329 3398 1342 3437 :
1370 3383 1771 3454 Duas,inquit,

128 3475 363 3530 tunicas
389 3489 542 3545 quas
576 3479 692 3529 toto
710 3472 841 3527 vita
868 3480 1133 3542 tempore
1162 3472 1774 3541 habuitegumentum

129 3563 247 3617 mei
276 3565 560 3633 corporis,
585 3577 685 3616 eas
725 3561 850 3616 dari
874 3561 1053 3630 jubeo
1103 3559 1265 3616 hisce
1297 3560 1535 3617 duabus
1570 3560 1775 3616 mulie-

131 3651 319 3706 ribus.
350 3652 482 3705 Hac
512 3649 615 3706 illa
638 3648 880 3720 quidem
936 3649 1102 3703 dixit.
1161 3649 1269 3713 Qui
1319 3650 1567 3704 aderant
1617 3664 1774 3713 vero,

135 3739 401 3793 videntes
433 3738 606 3807 signa
629 3738 935 3802 decessus,
960 3752 1032 3791 ex
1062 3737 1248 3791 oculis
1311 3736 1524 3792 multas
1574 3736 1780 3792 funde-

137 3827 283 3882 bant
323 3830 641 3897 lacrymas.
687 3826 827 3890 Quis
851 3827 1010 3880 enim
1036 3826 1131 3881 tali
1164 3823 1384 3895 privari
1420 3824 1663 3881 muliere
1692 3831 1780 3881 tu-

134 3915 297 3970 lisset
328 3914 457 3969 sine
477 3914 680 3969 dolore
711 3915 739 3969 ?
771 3914 1450 3985 Deindeecaloquidem
1468 3913 1782 3969 descendit

136 4004 264 4074 ejus
280 4003 473 4069 Filius,
489 4002 643 4057 illius
654 4003 919 4058 divinam
940 4008 1355 4074 assumpturus
1372 4004 1658 4069 animam,
1677 4019 1783 4075 per

135 4091 360 4147 nubem
388 4098 586 4147 autem
611 4108 750 4146 suos
780 4097 1104 4160 congregat
1151 4090 1494 4163 discipulos,
1518 4098 1578 4146 ut
1604 4106 1780 4145 vene-

136 4180 392 4235 randum
420 4181 550 4252 ejus
576 4196 792 4252 corpus
824 4180 1177 4236 mandarent
1237 4180 1572 4250 sepultura.

212 4268 435 4323 XXXIX.
470 4270 789 4339 Postquam
822 4283 960 4322 vero
1014 4267 1160 4322 vidit
1216 4282 1317 4321 eos
1366 4265 1640 4334 Deipara,
1688 4279 1782 4319 co-

1888 1798 2184 1869 spiritum,
2214 1804 2270 1852 et
2297 1813 2435 1853 eum
2468 1799 2528 1853 in
2560 1799 2767 1853 amicis
2800 1799 3047 1870 deponit
3071 1800 3196 1855 Filii
3229 1801 3531 1857 manibus.

1888 1888 1966 1941 Ne
2001 1890 2199 1940 autem
2238 1884 2499 1939 videatur
2541 1902 2669 1941 esse
2718 1886 2913 1950 inane,
2972 1887 3133 1958 quod
3178 1887 3403 1944 dictum
3446 1893 3535 1944 est

1886 1973 1961 2028 de
1992 1974 2448 2044 congregatione
2479 1974 2909 2044 apostolorum,
2942 1990 3078 2047 qua
3114 1975 3274 2032 facta
3328 1982 3415 2032 est
3473 1977 3531 2032 in

1888 2063 2244 2118 dormitione
2279 2062 2569 2131 Virginis;
2616 2063 2799 2118 satius
2843 2062 3016 2118 fuerit
3062 2079 3134 2119 ea
3187 2067 3531 2121 summatim

1890 2150 2129 2213 addere,
2163 2166 2296 2222 qua
2337 2166 2373 2205 a
2424 2150 2706 2221 Dionysio
2736 2152 3085 2222 Areopagita
3137 2153 3414 2207 dicuntur
3471 2153 3529 2208 in

1892 2239 2057 2294 tertio
2077 2238 2230 2293 libro
2282 2238 2379 2309 (l),
2430 2244 2486 2293 et
2551 2239 2758 2309 capitis
2818 2239 3081 2309 quidem.
3125 2240 3260 2305 Quae
3314 2243 3389 2295 sit
3446 2242 3532 2297 vis

1889 2325 2174 2382 orationis
2204 2332 2259 2382 et
2275 2327 2346 2382 de
2360 2326 2523 2381 beato
2546 2326 3197 2395 Hierotheo,depietate
3217 2333 3268 2383 et
3283 2329 3355 2383 de
3371 2328 3530 2384 theo-

1890 2416 2084 2485 logica
2106 2414 2456 2485 inscriptum
2489 2421 2577 2470 est
2604 2415 3053 2482 conscriptione.
3112 2415 3394 2470 Dicuntur
3422 2432 3533 2471 au-

1885 2508 2005 2558 tem
2055 2517 2127 2555 ea
2186 2502 2428 2572 quidem
2485 2504 2792 2557 Timotheo
2846 2502 3057 2573 Ephesi
3104 2504 3407 2574 episcopo.
3455 2504 3534 2560 Ea

1884 2606 2022 2647 vero
2050 2596 2188 2645 sunt
2226 2590 2285 2643 in
2319 2590 2430 2644 hoc
2453 2590 2644 2661 capite
2668 2590 2751 2643 sic
2781 2590 2857 2644 ad
2892 2591 3129 2646 verbum
3170 2592 3360 2662 posita
3387 2608 3398 2647 :

1951 2678 2057 2735 XL.
2095 2698 2121 2730 «
2145 2678 2639 2751 Quandoquidem
2664 2677 2828 2750 apud
2851 2677 3018 2750 ipsos
3039 2694 3281 2751 quoque
3297 2684 3532 2736 nostros

1886 2770 2001 2820 Deo
2033 2765 2266 2820 afﬂatos
2297 2782 2594 2820 sacrorum
2624 2767 2943 2836 principes,
2975 2768 3221 2837 quando
3242 2784 3352 2822 nos
3381 2784 3531 2839 quo-

1886 2868 2024 2921 que,
2062 2857 2120 2905 ut
2180 2852 2309 2921 ipse
2336 2854 2506 2916 nosti,
2538 2858 2594 2907 et
2635 2853 2823 2916 multi,
2855 2868 2927 2908 ex
2963 2855 3181 2908 nostris
3202 2854 3384 2909 sacris
3423 2855 3533 2911 fra-

1888 2938 2077 2993 tribus
2104 2939 2177 2994 ad
2201 2939 2522 2994 videndum
2552 2956 2788 3010 corpus,
2824 2941 2982 3012 quod
3008 2942 3137 2997 vita
3168 2943 3530 3014 principium

1887 3026 2071 3092 dedit,
2097 3032 2151 3080 et
2175 3028 2357 3081 Deum
2380 3028 2661 3098 suscepit,
2678 3028 3068 3084 convenimus
3096 3031 3527 3100 (aderatautem

1888 3115 1987 3170 Dei
2016 3128 2257 3185 quoque
2279 3113 2455 3167 frater
2483 3114 2761 3176 Jacobus,
2799 3119 3196 3188 etPetrus,qui
3221 3125 3345 3173 erat
3368 3119 3528 3175 theo-

1882 3203 2156 3272 logorum
2214 3216 2497 3272 suprema
2524 3207 2580 3255 et
2610 3202 3026 3272 antiquissima
3056 3207 3409 3273 summitas),
3448 3206 3527 3261 vi-

1884 3305 2139 3361 sumque
2164 3295 2271 3355 est,
2308 3294 2369 3344 ut
2395 3294 2527 3359 post
2558 3288 2702 3343 illud
2726 3290 3146 3361 spectaculum,
3181 3308 3390 3348 omnes
3433 3310 3525 3350 sa-

1883 3395 2119 3435 crorum
2150 3377 2451 3451 principes
2485 3378 3087 3450 hymnumcanerent,
3119 3380 3526 3448 etlaudarent,

1885 3475 2061 3540 prout
2080 3472 2309 3538 poterat
2334 3467 2761 3538 unusquisque,
2787 3466 3077 3523 inﬁnitam
3100 3470 3426 3525 bonitatem
3443 3471 3533 3526 di-

1886 3557 2163 3612 vinarum
2195 3554 2409 3610 virium
2445 3571 2457 3610 :
2493 3563 2624 3626 post
2648 3555 2958 3625 theologus
2994 3556 3109 3619 ille.
3145 3562 3207 3613 ut
3230 3559 3360 3629 scis,
3393 3560 3533 3617 vicit

1886 3660 2095 3701 omnes
2125 3643 2274 3698 alios
2302 3650 2527 3714 mystas
2559 3659 2887 3708 sacrorum,
2931 3650 2994 3701 ut
3029 3646 3131 3717 qui
3153 3646 3326 3717 plane
3366 3663 3509 3704 exce

1886 3734 2066 3799 deret,
2101 3738 2157 3787 et
2184 3748 2220 3787 a
2246 3747 2309 3786 se
2339 3733 2586 3787 omnino
2617 3732 3028 3797 abduceretur,
3048 3740 3105 3789 et
3143 3734 3201 3789 in
3232 3751 3301 3791 ea
3323 3752 3533 3809 quam—

1888 3823 2129 3894 hymnis
2146 3820 2833 3890 celebrabat,atﬁceretur
2844 3822 3121 3878 societate
3136 3814 3190 3878 et
3202 3840 3332 3879 com
3344 3825 3534 3882 muni-

1888 3911 2142 3976 catione,
2175 3914 2229 3964 et
2258 3908 2335 3964 ab
2367 3910 2671 3972 omnibus,
2731 3926 2768 3964 a
2813 3910 3032 3981 quibus
3086 3911 3442 3969 audiebatur
3477 3918 3536 3972 et

1889 4000 2218 4062 videbatur,
2240 4002 2297 4051 et
2317 3998 2808 4066 cognoscebatur,
2828 4003 3015 4052 etnon
3036 4002 3531 4069 cognoscebatur,

1886 4088 2253 4159 judicaretur
2291 4100 2421 4137 esse
2452 4101 2487 4137 a
2521 4088 2635 4138 Deo
2668 4083 2901 4138 afﬂatus
2943 4090 2995 4138 et
3025 4085 3258 4139 divinus
3286 4089 3536 4160 scriptor

1892 4176 2277 4245 hymnorum.
2308 4172 2371 4223 Et
2401 4169 2542 4240 quid
2581 4170 2680 4223 tibi
2735 4170 2994 4240 amplius
3042 4172 3293 4229 dixerim
3346 4176 3421 4231 de
3459 4176 3534 4233 iis

1894 4276 2028 4333 qua
2059 4259 2173 4314 illic
2204 4258 2275 4312 de
2306 4258 2423 4313 Deo
2449 4257 2649 4311 divine
2680 4256 2838 4312 dicta
2895 4264 3031 4313 sunt
3054 4261 3081 4315 ?
3134 4262 3364 4317 Etenim
3418 4264 3531 4320 nisi

143 4356 344 4426 gnovit
369 4360 569 4411 autem
594 4370 862 4419 causam,
887 4359 1129 4424 propter
1151 4369 1335 4423 quam
1357 4368 1564 4406 omnes
1588 4352 1784 4406 statim
1820 4393 1863 4446 Β
1895 4365 2027 4404 sum
2063 4346 2176 4401 mei
2205 4344 2708 4417 quoqueoblitus,
2740 4345 2862 4399 scio
2891 4345 3107 4402 multos
3138 4365 3171 4402 a
3210 4354 3263 4405 te
3295 4352 3536 4408 audisse

144 4442 403 4500 accersiti
433 4443 681 4505 fuerant,
718 4448 772 4496 et
823 4440 1293 4510 uniuscujusque
1351 4440 1536 4495 audiit
1565 4440 1783 4510 petitio-

146 4547 274 4595 nes,
299 4545 399 4584 eos
428 4530 692 4601 quidem,
728 4534 786 4585 ut
818 4545 923 4600 par
952 4534 1096 4596 erat,
1129 4528 1413 4599 impertiit
1430 4528 1790 4583 benedictio-

146 4618 346 4675 nibus.
374 4620 514 4673 Cum
547 4634 684 4673 vero
714 4619 993 4674 omnibus
1027 4618 1270 4673 dixisset
1333 4619 1509 4672 verba
1560 4634 1696 4689 qua
1728 4617 1787 4672 in

145 4708 393 4763 decessu
410 4706 523 4760 dici
540 4706 727 4761 solent
758 4725 771 4759 :
797 4707 927 4772 Vos,
950 4706 1161 4778 inquit,
1196 4705 1403 4767 valete,
1424 4705 1556 4771 ﬁlii;
1590 4722 1787 4760 meum

147 4801 347 4854 autem
374 4796 509 4851 hinc
533 4795 846 4851 decessum
878 4812 951 4851 ne
979 4796 1159 4860 luctu,
1218 4797 1319 4850 sed
1368 4794 1569 4851 latitia
1598 4795 1790 4865 potius

148 4886 594 4958 prosequamini
627 4886 1160 4958 ;quandoquidem
1190 4886 1361 4941 vobis
1412 4890 1499 4940 est
1548 4900 1794 4956 persua-

151 4991 308 5042 sum,
336 4990 447 5029 nos
482 4974 729 5030 transire
758 4976 834 5031 ad
867 4975 1152 5044 gaudium
1188 4979 1280 5029 :et
1313 4974 1523 5037 videte,
1556 4979 1617 5028 ut
1668 4989 1793 5027 cor-

152 5081 260 5135 pus
294 5079 493 5119 meum
528 5064 823 5119 mandetis
869 5064 1186 5135 sepultura
1217 5063 1278 5119 in
1329 5063 1442 5119 hac
1475 5063 1686 5131 ﬁgura,
1730 5062 1789 5116 in

153 5168 273 5224 qua
295 5168 436 5223 ergo
459 5168 552 5208 me
571 5168 983 5225 composuero.
1036 5154 1167 5208 Hac
1206 5157 1294 5207 est
1344 5152 1524 5215 enim,
1580 5150 1789 5223 inquit,

226 5360 307 5433 (1)
330 5364 400 5419 De
428 5363 646 5420 divinis
675 5365 1022 5431 nominibus,
1059 5381 1191 5437 cap.
1220 5365 1275 5419 3.

227 5537 276 5573 ⁷ο
304 5539 475 5597 Joan.
498 5556 598 5606 xii,
637 5542 724 5599 13.

1895 4437 2190 4510 quasdam
2206 4441 2400 4505 partes
2414 4433 2641 4489 illorum
2656 4434 2775 4488 Deo
2788 4433 3110 4490 aﬂlantium
3128 4437 3535 4509 hymnorum.»

1900 4528 2010 4583 Sed
2037 4526 2162 4580 hac
2192 4527 2250 4577 et
2275 4522 2521 4594 quidem
2548 4538 2715 4577 sacer
2748 4522 3081 4593 Dionysius.
3121 4527 3303 4581 Nobis
3335 4535 3537 4585 autem

1898 4620 2104 4686 pergat
2130 4611 2318 4667 oratio
2348 4610 2423 4664 ad
2456 4625 2526 4665 ea
2550 4625 2683 4681 qua
2735 4610 3018 4681 deinceps
3052 4620 3405 4683 sequuntur.

1974 4706 2098 4758 XLI.
2133 4704 2278 4756 Cum
2325 4704 2522 4754 autem
2577 4698 2637 4753 in
2694 4698 2899 4753 orbem
2953 4705 3227 4754 sanctum
3289 4703 3543 4771 Virginis

1898 4806 2116 4862 corpus
2148 4786 2676 4843 circumdedissent
2722 4785 3133 4857 apostolorum
3187 4788 3430 4853 chorus,
3488 4796 3545 4848 et

1899 4877 2193 4953 quidquid
2235 4882 2359 4931 erat
2390 4880 2641 4930 electum
2674 4891 2745 4930 ex
2807 4875 2942 4929 viris
2969 4879 3027 4931 et
3090 4878 3466 4946 mulieribus,
3490 4883 3547 4936 et

1898 4968 2139 5041 hymnis
2154 4964 2529 5021 honorabant
2549 4964 2652 5036 qui
2669 4964 2810 5019 illud
2832 4963 3229 5030 deducebant,
3254 4972 3310 5020 et
3340 4968 3545 5026 omnia

1903 5056 2166 5113 membra
2196 5059 2521 5108 reverenter
2538 5051 2717 5107 simul
2738 5056 3075 5108 etamanter
3104 5053 3550 5123 amplecteban-

1904 5153 2144 5212 tur,non
2158 5143 2350 5198 solum
2366 5138 2539 5195 suum
2556 5140 2935 5197 ostendentes
2949 5141 3446 5209 desiderium,sed
3457 5146 3544 5203 vel
