4144 6258
621 248 728 302 559

1981 228 2236 286 MENSIS
2267 227 2664 284 AUGUSTUS.

3995 232 4067 285 δή

615 387 686 425 ex
747 374 900 424 tactu
978 366 1280 421 credentes
1340 362 1635 433 percipere
1691 358 2016 414 utilitatem.
2053 355 2251 409 Fidem
2287 356 2329 406 A
2365 353 2556 408 fuerat
2576 355 2917 417 sectionem,
2946 357 3000 407 et
3029 368 3162 423 qua:
3200 355 3526 424 amputatae
3559 353 3833 419 fuerant,
3873 365 4067 428 part

619 463 814 514 autem
839 461 1158 510 consecuta
1179 467 1420 523 quoque
1440 455 1783 521 estopet‘um
1798 445 2252 502 demonstratio-

619 546 798 602 Caecis
827 542 983 598 oculi
1011 540 1515 604 illuminabantur,
1571 538 1766 592 surdis
1818 552 1991 592 aures
2033 533 2250 603 aperie-

616 635 855 696 bantur,
891 631 1118 685 claudis
1149 630 1323 683 bases
1362 627 1580 698 pedum
1634 624 2166 685 conﬁrmabantur,
2201 625 2254 673 et

613 720 918 793 quodlibet
940 718 1282 773 morborum
1311 721 1366 770 et
1390 716 1804 784 aegritudinum
1860 728 2045 781 genus
2088 709 2254 764 facile

617 807 1071 863 dissolvebatur.
1092 808 1205 859 Cur
1235 821 1354 859 non
1387 805 1520 859 dico
1550 820 1684 875 quae
1705 808 1843 857 sunt
1870 797 2256 871 perfectiora?

617 900 728 952 Aer
755 896 998 962 quidem
1036 901 1090 948 et
1113 894 1329 949 coelum
1378 908 1630 947 ascensu
1675 891 1882 962 spiritu
1922 887 2254 942 sanctiﬁca-

619 988 788 1040 batur
851 1001 862 1038 :
917 989 1065 1037 terra
1109 989 1305 1037 autem
1366 981 1630 1036 similiter
1678 978 2045 1050 depositione
2104 974 2253 1028 sacri

614 1075 900 1141 corporis.
931 1073 1216 1126 Caaterum
1274 1085 1382 1123 nec
1414 1085 1588 1140 aqua:
1621 1068 1866 1140 quidem
1899 1071 2111 1120 natura
2131 1067 2256 1117 erat

614 1177 824 1232 expers
857 1158 1331 1214 benedictionis:
1393 1157 1494 1210 sed
1545 1158 1674 1227 ipsa
1725 1169 1965 1226 quoque
2019 1152 2254 1249 lavacro

613 1250 908 1322 purissimi
957 1248 1216 1318 corporis
1270 1246 1375 1300 fuit
1432 1244 1727 1316 particeps
1749 1242 2250 1297 sanctiﬁcationis.

615 1342 807 1409 Neque
865 1338 1020 1392 enim
1082 1337 1218 1390 illud
1276 1334 1537 1389 habebat
1573 1349 1725 1403 opus
1805 1329 2254 1402 purgationibus

612 1428 769 1498 (quis
826 1427 982 1480 enim
1069 1426 1180 1480 hoc
1238 1425 1476 1490 dicerct,
1546 1423 1660 1477 nisi
1721 1426 1933 1475 emotae
1991 1418 2253 1485 mentis)

611 1515 713 1568 sed
746 1530 852 1569 suo
906 1518 1178 1568 contactu
1240 1513 1436 1582 potius
1499 1509 1905 1564 sanctiﬁcabat
1970 1507 2028 1561 id
2091 1505 2255 1578 quod

611 1601 1022 1669 attingebatur,
1047 1599 1260 1654 Deinde
1279 1599 1418 1670 quid
1441 1600 1468 1654 ἳ
1485 1597 1707 1653 Mundis
1723 1595 2072 1650 sindonibus
2088 1610 2256 1648 mun-

2360 441 2474 496 bus
2534 441 2685 496 ulnis
2717 440 3031 511 applicatis
3064 441 3200 510 (hoc
3231 448 3430 497 autem
3453 443 3726 513 jusserat
3783 445 4067 512 Petrus}

2362 529 2561 583 statim
2588 534 2910 584 consecuta
2948 534 3036 584 est
3064 545 3245 584 manu
3287 533 3642 587 uincuratio.

2434 617 2606 672 XLIII.
2654 619 2794 672 Hinc
2821 618 2898 672 ad
2930 618 3396 674 sacratissimam
3439 621 3776 677 abducitur
3806 625 4067 679 Gethse

2366 722 2561 769 mane,
2597 713 2653 762 et
2689 706 2800 760 illic
2829 708 3276 762 sanctissimum
3307 709 3552 781 quidem
3609 727 3858 783 corpus
3885 730 4067 767 manu

2364 794 2540 850 datur
2566 794 2900 866 sepulturae.
2937 795 3149 860 Quidni
3183 797 3363 861 enim,
3389 814 3526 854 cum
3559 800 3752 856 etiam
3789 802 4067 871 quierat

2367 885 2536 946 Deus,
2571 883 2697 953 ejus
2738 883 2930 950 Filius,
2986 900 3150 939 more
3213 884 3526 942 hominum
3555 889 3861 960 sepelitur
3894 889 3931 942 ‘P
3971 895 4067 945 Per

2364 972 2563 1041 ipsum
2596 977 2793 1026 autem
2821 974 2897 1026 ad
2945 972 3209 1029 caelestia
3238 981 3293 1028 et
3339 975 3544 1033 divina
3604 981 4054 1035 transmittitur

2365 1059 2768 1114 tabernacula.
2810 1061 2978 1123 Quod
3037 1061 3292 1117 dicimus
3361 1066 3681 1122 conﬁrmat
3727 1070 4054 1124 Juvenaiis

2364 1147 2598 1202 divinus
2660 1150 3206 1221 Hierosolymarum
3239 1154 3580 1226 episcopus.
3634 1157 3777 1211 Fuit
3837 1163 4044 1215 autem

2363 1236 2458 1291 hic
2499 1237 2582 1291 vir
2613 1244 2871 1302 sanctus,
2917 1241 3173 1296 etaDeo
3196 1241 3536 1312 inspiratus,
3585 1246 3693 1316 qui
3753 1246 3839 1301 ab
3905 1253 4044 1302 ana.

2364 1341 2486 1396 qua
2511 1330 2565 1380 et
2589 1342 2729 1382 vera
2769 1329 3077 1384 traditione
3131 1331 3535 1388 narrationem
3583 1335 3806 1390 dicens
3880 1349 3962 1392 ad
3991 1357 4040 1393 se

2365 1413 2445 1468 sic
2472 1414 2650 1468 fuisse
2681 1416 3021 1481 deductam,
3055 1419 3134 1473 ait
3169 1436 3181 1472 :
3216 1421 3384 1485 Quod
3421 1429 3533 1476 tres
3582 1429 3750 1479 totos
3811 1426 3948 1481 dies
3977 1431 4036 1482 ad

2365 1502 2700 1573 sepulcrum
2732 1506 2916 1559 sancti
2953 1515 3410 1577 permanserunt
3461 1513 3745 1582 apostoli,
3806 1515 4033 1571 divinas

2366 1592 2726 1662 hymnodias
2757 1610 2826 1648 ex
2858 1594 2975 1649 alto
3008 1597 3337 1652 audientes.
3371 1600 3586 1655 Deinde
3622 1609 3772 1673 post
3795 1607 4025 1660 tertium

611 1691 754 1744 dum
813 1705 1026 1759 corpus
1080 1687 1433 1751 involutum,
1463 1703 1666 1740 rursus
1698 1686 1755 1739 in
1798 1685 1948 1739 lecto
1996 1684 2251 1754 ponitur.
2289 1700 2328 1752 Β
2365 1681 2705 1746 diem,cum
2735 1699 2889 1738 unus
2914 1700 2985 1739 ex
3016 1688 3297 1757 apostolis
3356 1689 3579 1744 tardius
3639 1693 3918 1748 venisset
3964 1698 4022 1749 ad

611 1779 831 1833 Deinde
863 1793 999 1831 cum
1033 1776 1284 1830 lucernis
1319 1781 1371 1829 et
1404 1774 1742 1842 unguentis,
1796 1772 2257 1841 intelligentibus

609 1864 852 1938 quidem
879 1864 1135 1934 desuper
1157 1862 1540 1917 laudantibus
1569 1860 1897 1924 virtutibus,
1920 1858 2258 1931 apostolicis

608 1959 808 2009 autem
839 1961 892 2007 et
923 1952 1139 2006 divinis
1172 1950 1445 2005 Patribus
1481 1953 1594 2005 Deo
1649 1949 1834 2018 digna
1896 1950 2131 2004 cantica
2161 1965 2259 2004 ca-

609 2042 890 2097 nentibus
942 2040 1146 2094 divina
1197 2055 1337 2094 arca
1394 2054 1461 2092 ex
1518 2039 1654 2094 Sion
1702 2043 1871 2093 vecta
1920 2037 2260 2108 apostolicis

619 2129 902 2185 manibus
930 2135 985 2183 et
1015 2128 1294 2192 humeris,
1321 2126 1395 2182 ad
1429 2127 1817 2181 Gethsemane
1851 2142 2086 2180 sacrum
2115 2142 2258 2197 pra:-

608 2219 776 2273 dium
810 2221 1177 2288 exportatur,
1211 2215 1457 2284 angelis,
1505 2220 1568 2269 ut
1619 2220 1709 2269 est
1766 2220 2258 2279 consentaneum,

607 2306 1125 2376 praacurrentibus,
1183 2304 1812 2367 circumcursantibus,
1849 2305 2258 2375 sequentibUs,

609 2394 894 2462 angelicis
937 2393 1147 2463 pennis
1191 2391 1716 2456 adumbrantibus,
1749 2391 1956 2461 longe,
1989 2391 2261 2464 inquam,

607 2481 1014 2552 splendidiore
1070 2484 1127 2534 et
1191 2478 1612 2533 venerabiliore
1667 2479 1820 2534 facta
1886 2480 2260 2550 deductione,

609 2585 797 2640 quam
855 2574 1091 2637 propter
1146 2565 1597 2620 translationem
1651 2567 1861 2620 veteris
1900 2566 2053 2620 illius
2112 2584 2263 2624 arcae

610 2658 948 2713 testamenti
1010 2657 1257 2719 Domini,
1304 2659 1365 2709 ut
1393 2671 1563 2709 sacra
1603 2660 1849 2709 narrant
1900 2656 2145 2727 Eloquia
2192 2659 2260 2710 τι.

687 2745 838 2800 XLII.
883 2743 1108 2798 Accidit
1139 2742 1272 2797 huic
1297 2742 1561 2812 pulchrae
1601 2747 1655 2796 et
1707 2742 1922 2797 divinae
1951 2745 2030 2798 rei
2085 2761 2264 2814 grave

614 2832 860 2904 quidem
900 2831 1045 2902 quid
1080 2837 1134 2884 et
1164 2829 1464 2895 odiosum,
1497 2846 1617 2885 non
1649 2836 1836 2885 tamen
1881 2831 2128 2902 silentio,
2161 2834 2262 2889 sed

612 2921 918 2976 memoriae
962 2919 1314 2974 mandatum
1344 2924 1397 2973 et
1464 2919 1537 2973 ad
1595 2919 1844 2988 gloriam
1903 2921 2146 2991 quidem
2205 2931 2263 2980 et

2368 1771 2698 1842 exsequias,
2733 1772 2821 1826 vel
2851 1773 3015 1845 quod
3047 1775 3127 1830 ita
3178 1776 3537 1849 contigisset,
3598 1780 3695 1835 vel
3735 1783 3900 1853 quod
3935 1785 4018 1838 di-

2368 1859 2569 1914 vinum
2615 1861 2694 1915 ita
2741 1861 3095 1932 providisset
3146 1865 3482 1933 consilium,
3538 1874 3601 1923 ut
3674 1877 3834 1926 nota
3875 1881 4012 1927 esset

2369 1949 2650 2003 omnibus
2678 1950 2988 2006 translatio
3041 1953 3425 2020 admirabilis,
3471 1962 3612 2012 tunc
3641 1963 3700 2013 et
3736 1960 3874 2031 ipse
3904 1963 4016 2031 qui.

2370 2037 2507 2091 dem
2539 2040 2802 2102 accessit,
2837 2047 2912 2104 et,
2960 2047 3018 2095 ut
3061 2047 3147 2097 est
3196 2051 3688 2113 consentaneum,
3732 2065 4016 2119 magnum

2370 2146 2440 2183 ex
2481 2145 2550 2184 eo
2595 2131 2740 2201 cepit
2769 2131 3245 2206 dolorem,quod
3294 2137 3441 2191 tanti
3499 2137 3639 2192 boni
3711 2145 4014 2197 mansisset

2370 2233 2600 2288 expers,
2633 2219 2811 2290 idque
2851 2223 3098 2277 omnino
3137 2223 3382 2279 tolerare
3410 2241 3528 2280 non
3559 2235 3828 2298 poterat.
3870 2233 4018 2287 Sacer

2371 2307 2567 2378 itaque
2590 2310 2738 2362 ordo
2766 2310 3171 2380 apostolorum
3199 2329 3317 2366 non
3338 2314 3564 2383 justum
3598 2319 4014 2389 essejudicans

2373 2396 2574 2465 utipse
2600 2413 2842 2467 quoque
2865 2398 3163 2454 Viviﬁcum
3193 2400 3336 2455 illud
3368 2418 3585 2474 corpus
3625 2421 3749 2461 non
3809 2411 4019 2465 videret

2373 2488 2430 2536 et
2462 2485 2934 2554 amplecteretur,
2961 2488 3129 2558 jubet
3160 2490 3361 2545 statim
3393 2494 3607 2562 aperiri
3655 2498 4013 2568 sepulcrum.

2374 2571 2439 2626 Et
2478 2572 2620 2626 illud
2646 2574 2889 2644 quidem
2919 2577 3024 2630 fuit
3073 2586 3342 2649 apertum
3382 2596 3394 2643 ;
3447 2581 3771 2639 thesaurus
3830 2593 4014 2642 autem

2375 2675 2760 2732 nequaquam
2788 2664 3001 2719 eratin
3049 2681 3160 2721 eo:
3217 2669 3316 2722 sed
3378 2670 3521 2725 solae
3580 2678 3750 2728 erant
3817 2683 4008 2738 vestes,

2371 2750 2430 2802 in
2455 2750 2670 2819 quibus
2710 2751 2896 2808 fuerat
2917 2755 3532 2828 conditus,quomodo
3576 2765 3755 2818 etiam
3784 2764 3849 2818 in
3899 2766 4013 2836 ejus

2373 2837 2496 2892 Filii
2538 2841 2984 2898 resurrectione.
3043 2846 3202 2909 Quas
3243 2863 3378 2900 cum
3417 2848 3545 2920 ipse
3600 2859 3752 2907 esset
3801 2854 4012 2924 ample-

2371 2942 2502 2991 xus,
2561 2933 2615 2981 et
2665 2930 2764 2999 qui
2821 2946 2958 2986 cum
3013 2947 3083 2987 eo
3143 2935 3407 3001 aderant,
3486 2945 3540 2991 et
3571 2940 3766 3010 repleti
3828 2948 4010 2997 essent

611 3009 849 3064 laudem
887 3009 1144 3078 piorum,
1172 3008 1432 3062 dedecus
1464 3013 1662 3062 autem
1694 3009 2129 3079 improborum,
2158 3011 2260 3084 qui
2299 3022 2339 3079 (1
2373 3015 2772 3086 inexplicabili
2794 3019 2976 3074 odore
3001 3027 3055 3076 et
3077 3025 3286 3090 gratia,
3314 3040 3519 3080 rursus
3590 3008 3825 3099 quidem
3861 3032 4010 3086 clau-

611 3096 976 3152 inﬁdelitatis
1008 3098 1232 3151 malum
1283 3111 1511 3167 semper
1567 3101 1884 3152 sectantur.
1943 3101 2086 3154 Cum
2149 3101 2263 3156 hoc

613 3200 846 3239 sacrum
908 3191 962 3238 et
1010 3185 1388 3254 impollutum
1469 3199 1684 3254 corpus
1749 3186 1810 3240 in
1871 3187 2262 3244 Gethsemane

611 3272 902 3338 eﬂeretur,
942 3274 1033 3328 ubi
1067 3274 1338 3344 sepulcro
1370 3273 1518 3328 tradi
1583 3275 1833 3345 Deipara
1888 3277 2018 3344 ipsa
2048 3293 2264 3347 prince-

611 3367 798 3433 perat,
826 3363 1063 3426 Iudaeis,
1097 3363 1197 3433 qui
1233 3378 1462 3431 semper
1503 3362 1738 3416 fuerunt
1768 3363 1968 3434 repleti
2018 3365 2259 3430 invidia,

615 3466 686 3504 ne
718 3449 775 3503 in
813 3450 924 3504 hoc
956 3449 1199 3520 quidem
1236 3449 1521 3504 succurrit
1569 3454 1780 3515 tacere,
1832 3451 1931 3505 sed
1983 3453 2056 3506 ad
2110 3454 2257 3522 ejus,

610 3537 774 3608 quod
803 3537 1002 3596 ﬁebat.
1027 3538 1407 3607 splendorem
1426 3536 1703 3592 claudere
1727 3538 1952 3607 oculos,
1977 3546 2031 3595 et
2071 3543 2144 3597 ad
2178 3543 2260 3597 eis

609 3624 886 3678 innatum
927 3630 1149 3678 motum
1183 3626 1363 3679 animi
1396 3641 1702 3694 erumpere
1752 3627 1875 3696 qui,
1936 3635 2061 3683 erat
2118 3647 2259 3700 ergo

610 3711 739 3767 aliis
770 3710 1036 3764 insanior
1074 3718 1127 3765 et
1157 3711 1572 3779 impudentior,
1602 3711 1652 3764 is
1680 3728 1816 3766 cum
1848 3719 2256 3775 venerandum

611 3804 946 3871 portaretur
974 3798 1311 3869 grabatum,
1345 3799 1404 3852 in
1456 3799 1517 3853 id
1561 3800 1728 3855 irruit
1766 3800 1978 3872 plenus
2005 3804 2257 3860 inconsi-

609 3887 816 3941 derato
849 3887 1075 3956 impetu
1104 3891 1159 3940 ct
1191 3885 1409 3942 furore.
1456 3887 1591 3957 Ejus
1623 3894 1822 3943 autem
1858 3907 2076 3962 scopus
2109 3900 2254 3960 erat,

607 3977 767 4031 hunc
800 3991 1036 4029 sacrum
1090 3975 1308 4030 lectum
1339 3977 1397 4030 in
1458 3981 1677 4032 terram
1734 3978 1993 4045 allidere,
2057 3988 2112 4037 et
2159 3984 2256 4039 tali

607 4064 841 4121 afﬁcere
872 4063 1110 4133 injuria,
1144 4063 1327 4134 utqui
1359 4070 1516 4119 esset
1566 4066 1649 4119 vir
1700 4066 1917 4136 insigni
1980 4070 2252 4128 audacia.

605 4156 730 4209 Non
754 4151 1010 4219 neglexit
1037 4157 1235 4207 autem
1267 4152 1466 4207 divina
1527 4153 1752 4222 justitia
1809 4171 1820 4208 :
1881 4157 1984 4212 sed
2039 4176 2256 4215 manus

604 4256 738 4311 quae
762 4239 1099 4309 grabatum,
1129 4241 1673 4310 apprehenderant,
1703 4260 1774 4299 ex
1807 4245 1960 4300 ulnis
1989 4245 2264 4318 protinus

2373 3103 2522 3160 dunt
2553 3106 2910 3177 sepulcrum,
2945 3112 3287 3166 Miraculum
3331 3120 3525 3170 autem
3575 3119 3818 3186 posteris
3851 3119 4010 3174 ﬁlius

2374 3209 2408 3247 a
2434 3198 2600 3263 patre
2631 3196 2932 3266 accipiens
2963 3199 3244 3272 deinceps
3295 3204 3470 3259 tradit
3518 3220 3530 3268 ;
3572 3210 3742 3275 atque
3783 3207 4009 3261 viviﬁci

2372 3281 2614 3351 quidem
2657 3287 2923 3356 corporis
2976 3288 3187 3345 divinae
3236 3293 3547 3363 sepulturae
3599 3294 3675 3349 ita
3721 3310 3781 3350 se
3817 3295 4011 3352 habet

2371 3371 2650 3426 narratio.
2687 3374 2990 3444 Siquidem
3014 3379 3174 3448 quod
3201 3395 3272 3433 ex
3300 3397 3372 3435 ea
3401 3389 3609 3437 natum
3655 3388 3791 3448 erat,
3825 3389 4004 3438 totam

2369 3475 2502 3513 eam
2557 3460 2810 3516 Verbum
2843 3465 2919 3519 ad
2954 3482 3016 3519 se
3055 3468 3368 3534 transtulit,
3397 3476 3453 3525 et
3487 3471 3671 3526 voluit
3702 3487 3830 3527 eam
3857 3475 4002 3542 apud

2371 3565 2435 3603 se
2463 3555 2516 3603 et
2543 3565 2692 3616 esse,
2718 3557 2773 3607 et
2802 3559 3094 3624 perpetuo
3127 3557 3304 3612 simul
3356 3559 3570 3615 vivere.
3618 3563 3828 3617 Verum
3855 3562 3998 3617 enim

2369 3653 2509 3693 vero
2539 3655 2645 3710 pro
2669 3641 2797 3710 ejus
2854 3642 3164 3714 impolluto
3221 3663 3471 3719 corpore
3545 3666 3721 3705 suam
3766 3657 3992 3716 vestem,

2371 3725 2513 3780 boni
2553 3729 2733 3784 nostri
2794 3747 3085 3802 magnam
3137 3751 3372 3808 semper
3428 3737 3655 3793 ducens
3705 3740 3989 3801 rationem,

2368 3813 2540 3868 veluti
2600 3820 2928 3888 quamdam
2989 3822 3092 3878 dat
3121 3823 3258 3879 huic
3327 3825 3546 3881 civitati
3585 3827 3984 3883 haereditatem.

2370 3902 2883 3965 Quemadmodum
2937 3916 3134 3966 autem
3190 3913 3304 3969 hoc
3363 3914 3586 3970 factum
3636 3917 3730 3984 sit,
3767 3922 3820 3971 et
3863 3931 3984 3987 quo-

2372 3991 2550 4046 modo
2603 3993 2848 4051 beatum
2898 3998 3042 4053 illud
3091 4001 3314 4056 donum
3368 4003 3445 4058 ad
3500 4020 3610 4060 nos
3689 4006 3904 4067 venerit,
3933 4009 3976 4057 et

2370 4089 2753 4139 sacrosancto
2791 4086 2906 4141 hoc
2937 4087 3217 4146 thesauro
3248 4092 3432 4148 ditata
3482 4094 3556 4148 sit
3603 4093 3966 4150 Constantino-

2367 4167 2535 4238 polis,
2542 4170 2666 4239 jam
2697 4173 3018 4231 declarabit
3042 4179 3248 4235 oratio.

2439 4258 2614 4314 XLIV.
2645 4260 2758 4316 Leo
2789 4263 2882 4318 ille
2927 4281 3204 4335 magnus,
3262 4270 3365 4340 qui
3417 4269 3519 4326 illo
3563 4276 3814 4344 tempore
3846 4269 3972 4340 opti-

604 4331 842 4383 fuerunt
897 4329 1198 4382 abscissae.
1257 4331 1468 4383 Verum
1510 4346 1656 4431 ‘quae
1706 4332 1762 4385 in
1816 4342 1986 4403 partu
2034 4340 2253 4406 gaudio
2287 4369 2333 4423 D
2366 4361 2460 4400 me
2487 4329 3974 4431 Romanorumadministratiatimperium:duossub

607 4421 795 4470 totum
832 4415 1035 4469 orbem
1084 4422 1372 4469 terrarum
1404 4416 1748 4485 repleverat,
1813 4437 1932 4475 non
1963 4431 2087 4480 erat
2152 4429 2252 4483 ulli

603 4503 850 4559 omnino
886 4503 944 4555 in
978 4507 1164 4555 morte
1191 4502 1388 4557 futura
1419 4519 1600 4560 causa
1652 4507 1953 4565 molestiae.
1987 4515 2250 4587 Cumque

605 4592 709 4664 qui
743 4606 956 4661 passus
1013 4591 1218 4653 fuerat,
1255 4595 1409 4645 esset
1461 4593 1704 4663 quidem
1756 4595 2086 4667 improbus,
2129 4620 2250 4662 non

591 4695 783 4735 amen
818 4678 1070 4733 omnino
1097 4679 1227 4745 ejus
1256 4677 1610 4748 improbitas
1661 4683 1956 4740 videretur
2010 4689 2246 4749 insana-

595 4768 758 4837 bilis,
787 4784 854 4822 ex
898 4767 991 4821 his
1015 4783 1146 4837 quae
1179 4773 1302 4821 erat
1324 4782 1558 4837 passus,
1601 4771 1829 4840 justam
1855 4790 2060 4832 eorum
2115 4797 2248 4852 quas

599 4857 755 4912 male
812 4861 1097 4920 senserat,
1157 4855 1320 4925 petiit
1348 4858 1775 4926 paenitentiam.
1841 4862 1902 4917 Et
1958 4870 2247 4935 quoniam

605 4946 842 5000 carebat
872 4943 1171 5007 manibus,
1203 4958 1309 4997 nec
1335 4960 1434 4997 eas
1489 4952 1718 5015 poterat
1769 4949 1844 5004 ad
1905 4968 2106 5023 preces
2152 4974 2247 5013 ex-

607 5032 866 5096 tendere,
901 5032 1107 5086 emittit
1138 5031 1436 5102 lacrymas
1467 5048 1537 5087 ex
1594 5035 1797 5101 oculis,
1861 5045 1915 5094 et
1977 5043 2061 5097 sic
2103 5048 2243 5115 petit

602 5121 989 5172 curationem.
1047 5120 1430 5189 Disciplinam
1489 5127 1707 5187 autem,
1789 5126 1929 5193 vide,
1965 5130 2141 5187 simul
2189 5142 2242 5189 et

599 5204 1077 5260 medicationem.
1115 5209 1318 5262 Statim
1349 5211 1505 5264 enim
1531 5210 1566 5264 ii
1619 5211 1992 5287 quidem,qui
2024 5218 2238 5278 lectum

601 5292 884 5352 ferebant,
918 5295 1341 5351 constituerunt
1373 5341 1388 5366 ,
1424 5299 1651 5355 accedit
1671 5316 1806 5357 vero
1827 5303 1874 5357 is
1899 5306 2001 5376 qui
2025 5324 2238 5378 passus

664 5481 707 5515 η
740 5481 785 5533 ll
812 5480 953 5547 Reg.
984 5494 1056 5543 v1,
1092 5481 1117 5534 1
1150 5497 1296 5556 seqq
1325 5503 1341 5551 ;
1375 5488 1444 5541 III
1468 5490 1589 5560 Reg
1617 5507 1737 5561 vui,
1761 5495 1790 5549 4
1813 5512 1978 5570 seqq.

2366 4450 2428 4488 se
2449 4435 2722 4506 habebat,
2756 4444 2858 4512 qui
2885 4459 3087 4500 curam
3130 4447 3417 4517 gerebant
3460 4452 3755 4506 exercitus
3793 4467 3809 4505 .'
3857 4461 3978 4520 quo-

2363 4539 2494 4579 rum
2530 4527 2630 4581 uni
2662 4530 2905 4599 quidem
2929 4541 3052 4589 erat
3081 4550 3304 4591 nomen
3336 4536 3596 4603 Galbius,
3622 4539 3793 4594 alteri
3813 4544 3976 4594 autem

2363 4613 2686 4683 Candidus,
2748 4618 2958 4675 fratres
3007 4638 3242 4692 genere,
3294 4624 3502 4680 fratres
3544 4626 3791 4693 virtute,
3843 4629 3891 4680 et
3935 4629 3980 4675 ut

2362 4702 2544 4756 semel
2584 4703 2802 4771 dicam,
2843 4708 2901 4762 in
2942 4713 3168 4766 caeteris
3220 4713 3465 4784 quidem
3520 4715 3694 4770 valde
3757 4715 3979 4782 insignes

2361 4795 2415 4842 et
2443 4792 2650 4861 paucis
2678 4795 2940 4852 similes:
2989 4800 3093 4854 sed
3145 4817 3328 4855 unum
3383 4805 3466 4857 eis
3532 4804 3761 4869 deerat,
3832 4802 3979 4871 idque

2359 4879 2702 4935 maximum.
2737 4884 3040 4955 Siquidem
3098 4904 3217 4943 non
3277 4895 3501 4946 rectam
3547 4891 3780 4947 habere
3805 4890 3978 4948 ﬁdem,

2358 4970 2449 5019 est
2520 4968 2792 5026 laborare
2845 4973 2902 5026 in
2952 4975 3130 5030 rebus
3189 4980 3468 5034 maximis
3534 4986 3588 5035 et
3645 4977 3978 5051 praecipuis;

2355 5056 2584 5111 Arianae
2611 5059 2771 5114 enim
2804 5063 2982 5132 pestis
3014 5071 3179 5121 erant
3209 5070 3543 5140 participes,
3577 5085 3721 5125 cum
3790 5084 3858 5123 ex
3899 5080 3984 5136 pa-

2355 5148 2522 5199 terna
2553 5146 2698 5202 forte
2731 5151 3040 5208 traditione
3074 5155 3304 5210 malum
3328 5156 3460 5224 hoc,
3514 5163 3810 5229 tanquam
3839 5169 3979 5228 qutB'

2352 5229 2492 5285 dam
2522 5234 2838 5293 haereditas
2868 5239 2945 5294 ad
2970 5257 3072 5296 eos
3123 5245 3394 5300 venisset.
3451 5246 3815 5302 Dicebantur
3844 5243 3980 5299 enim

2349 5318 2530 5376 fuisse
2577 5326 2829 5394 proximi
2876 5343 3091 5397 genere
3139 5333 3476 5390 Ardaburio
3525 5341 3580 5390 et
3632 5333 3868 5407 Aspari,
3897 5328 3980 5400 qui
