  <div class='ocr_page' id='page_1' title='image "/cluster/home/n/w/nwhite01/storage/ocr_20150623/115/mdp.39015028574336/286.png"; bbox 0 0 4144 6258; ppageno 0'>
   <div class='ocr_carea' id='block_1_1' title="bbox 162 269 305 328">
    <p class='ocr_par' dir='ltr' id='par_1_1' title="bbox 162 269 305 328">
     <span class='ocr_line' id='line_1_1' title="bbox 162 269 305 328; baseline 0 -2"><span class='ocrx_word' id='word_1_1' title='bbox 162 269 305 328; x_wconf 71' lang='lat'><strong>561</strong></span> 
     </span>
    </p>
   </div>
   <div class='ocr_carea' id='block_1_2' title="bbox 1427 274 3632 353">
    <p class='ocr_par' dir='ltr' id='par_1_2' title="bbox 1427 274 3632 353">
     <span class='ocr_line' id='line_1_2' title="bbox 1427 274 3632 353; baseline 0.009 -20"><span class='ocrx_word' id='word_1_2' title='bbox 1427 277 1693 334; x_wconf 80' lang='lat' dir='ltr'><strong>ORATIO</strong></span> <span class='ocrx_word' id='word_1_3' title='bbox 1735 276 1825 332; x_wconf 86' lang='lat' dir='ltr'><strong>DE</strong></span> <span class='ocrx_word' id='word_1_4' title='bbox 1856 274 2136 335; x_wconf 79' lang='lat' dir='ltr'><strong>SANCTA</strong></span> <span class='ocrx_word' id='word_1_5' title='bbox 2169 282 2423 341; x_wconf 81' lang='lat' dir='ltr'><strong>MARIA.</strong></span> <span class='ocrx_word' id='word_1_6' title='bbox 3530 297 3632 353; x_wconf 76' lang='lat'><strong>562</strong></span> 
     </span>
    </p>
   </div>
   <div class='ocr_carea' id='block_1_3' title="bbox 165 390 3637 484">
    <p class='ocr_par' dir='ltr' id='par_1_3' title="bbox 165 390 3637 484">
     <span class='ocr_line' id='line_1_3' title="bbox 165 390 3637 484; baseline 0.008 -36"><span class='ocrx_word' id='word_1_7' title='bbox 165 392 319 449; x_wconf 82' lang='lat' dir='ltr'>illis</span> <span class='ocrx_word' id='word_1_8' title='bbox 354 390 734 484; x_wconf 81' lang='lat' dir='ltr'><strong>temporibus</strong></span> <span class='ocrx_word' id='word_1_9' title='bbox 788 393 848 447; x_wconf 91' lang='lat' dir='ltr'><strong>in</strong></span> <span class='ocrx_word' id='word_1_10' title='bbox 884 395 1050 464; x_wconf 90' lang='lat' dir='ltr'><strong>regia</strong></span> <span class='ocrx_word' id='word_1_11' title='bbox 1104 398 1415 458; x_wconf 78' lang='lat' dir='ltr'><strong>obtinuere</strong></span> <span class='ocrx_word' id='word_1_12' title='bbox 1464 401 1866 475; x_wconf 78' lang='lat' dir='ltr'><strong>tyrannidem:</strong></span> <span class='ocrx_word' id='word_1_13' title='bbox 1901 400 1947 455; x_wconf 85' lang='grc' dir='ltr'><strong>Α</strong></span> <span class='ocrx_word' id='word_1_14' title='bbox 1985 410 2226 475; x_wconf 83' lang='lat' dir='ltr'><strong>propter</strong></span> <span class='ocrx_word' id='word_1_15' title='bbox 2250 408 2309 463; x_wconf 90' lang='lat' dir='ltr'>id</span> <span class='ocrx_word' id='word_1_16' title='bbox 2339 410 2552 476; x_wconf 88' lang='lat' dir='ltr'><strong>solum,</strong></span> <span class='ocrx_word' id='word_1_17' title='bbox 2580 412 2744 484; x_wconf 91' lang='lat' dir='ltr'><strong>quod</strong></span> <span class='ocrx_word' id='word_1_18' title='bbox 2778 413 2837 468; x_wconf 92' lang='lat' dir='ltr'><strong>in</strong></span> <span class='ocrx_word' id='word_1_19' title='bbox 2877 428 2949 470; x_wconf 91' lang='lat' dir='ltr'><strong>ea</strong></span> <span class='ocrx_word' id='word_1_20' title='bbox 2976 414 3211 483; x_wconf 91' lang='lat' dir='ltr'><strong>latebat,</strong></span> <span class='ocrx_word' id='word_1_21' title='bbox 3269 419 3487 476; x_wconf 91' lang='lat' dir='ltr'><strong>domus</strong></span> <span class='ocrx_word' id='word_1_22' title='bbox 3531 421 3637 477; x_wconf 52' lang='lat' dir='ltr'><strong>ads</strong></span> 
     </span>
    </p>
   </div>
   <div class='ocr_carea' id='block_1_4' title="bbox 165 481 1867 561">
    <p class='ocr_par' dir='ltr' id='par_1_4' title="bbox 165 481 1867 561">
     <span class='ocr_line' id='line_1_4' title="bbox 165 481 1867 561; baseline 0.005 -24"><span class='ocrx_word' id='word_1_23' title='bbox 165 497 369 555; x_wconf 84' lang='lat' dir='ltr'><strong>quos</strong></span> <span class='ocrx_word' id='word_1_24' title='bbox 424 496 566 537; x_wconf 92' lang='lat' dir='ltr'><strong>cum</strong></span> <span class='ocrx_word' id='word_1_25' title='bbox 618 481 753 537; x_wconf 77' lang='lat' dir='ltr'><strong>Ario</strong></span> <span class='ocrx_word' id='word_1_26' title='bbox 803 484 1081 551; x_wconf 85' lang='lat' dir='ltr'><strong>sensisse,</strong></span> <span class='ocrx_word' id='word_1_27' title='bbox 1136 495 1337 558; x_wconf 90' lang='lat' dir='ltr'><strong>aperte</strong></span> <span class='ocrx_word' id='word_1_28' title='bbox 1396 493 1590 561; x_wconf 78' lang='lat' dir='ltr'><strong>arguit</strong></span> <span class='ocrx_word' id='word_1_29' title='bbox 1633 491 1867 547; x_wconf 90' lang='lat' dir='ltr'><strong>veritas.</strong></span> 
     </span>
    </p>
   </div>
   <div class='ocr_carea' id='block_1_5' title="bbox 172 569 1873 651">
    <p class='ocr_par' dir='ltr' id='par_1_5' title="bbox 172 569 1873 651">
     <span class='ocr_line' id='line_1_5' title="bbox 172 569 1873 651; baseline 0.004 -26"><span class='ocrx_word' id='word_1_30' title='bbox 172 572 438 626; x_wconf 82' lang='lat' dir='ltr'><strong>Verum</strong></span> <span class='ocrx_word' id='word_1_31' title='bbox 484 569 645 625; x_wconf 89' lang='lat' dir='ltr'><strong>enim</strong></span> <span class='ocrx_word' id='word_1_32' title='bbox 694 584 836 625; x_wconf 89' lang='lat' dir='ltr'><strong>vero</strong></span> <span class='ocrx_word' id='word_1_33' title='bbox 898 571 1171 631; x_wconf 89' lang='lat' dir='ltr'><strong>Galbium</strong></span> <span class='ocrx_word' id='word_1_34' title='bbox 1230 582 1286 631; x_wconf 91' lang='lat' dir='ltr'><strong>et</strong></span> <span class='ocrx_word' id='word_1_35' title='bbox 1334 579 1689 644; x_wconf 86' lang='lat' dir='ltr'><strong>Candidum,</strong></span> <span class='ocrx_word' id='word_1_36' title='bbox 1766 578 1873 651; x_wconf 87' lang='lat' dir='ltr'><strong>qui</strong></span> 
     </span>
    </p>
   </div>
   <div class='ocr_carea' id='block_1_6' title="bbox 173 658 1871 737">
    <p class='ocr_par' dir='ltr' id='par_1_6' title="bbox 173 658 1871 737">
     <span class='ocr_line' id='line_1_6' title="bbox 173 658 1871 737; baseline 0.003 -21"><span class='ocrx_word' id='word_1_37' title='bbox 173 658 448 731; x_wconf 73' lang='lat' dir='ltr'><strong>alioqui</strong></span> <span class='ocrx_word' id='word_1_38' title='bbox 477 673 540 713; x_wconf 91' lang='lat' dir='ltr'><strong>se</strong></span> <span class='ocrx_word' id='word_1_39' title='bbox 569 662 723 713; x_wconf 90' lang='lat' dir='ltr'><strong>recte</strong></span> <span class='ocrx_word' id='word_1_40' title='bbox 762 659 1067 728; x_wconf 78' lang='lat' dir='ltr'><strong>gerebant,</strong></span> <span class='ocrx_word' id='word_1_41' title='bbox 1092 667 1150 718; x_wconf 91' lang='lat' dir='ltr'><strong>et</strong></span> <span class='ocrx_word' id='word_1_42' title='bbox 1203 665 1323 721; x_wconf 93' lang='lat' dir='ltr'><strong>Deo</strong></span> <span class='ocrx_word' id='word_1_43' title='bbox 1350 667 1687 737; x_wconf 88' lang='lat' dir='ltr'><strong>placebant,</strong></span> <span class='ocrx_word' id='word_1_44' title='bbox 1751 682 1871 722; x_wconf 92' lang='lat' dir='ltr'><strong>non</strong></span> 
     </span>
    </p>
   </div>
   <div class='ocr_carea' id='block_1_7' title="bbox 182 746 1872 816">
    <p class='ocr_par' dir='ltr' id='par_1_7' title="bbox 182 746 1872 816">
     <span class='ocr_line' id='line_1_7' title="bbox 182 746 1872 816; baseline 0.005 -14"><span class='ocrx_word' id='word_1_45' title='bbox 182 747 356 803; x_wconf 84' lang='lat' dir='ltr'><strong>sivit</strong></span> <span class='ocrx_word' id='word_1_46' title='bbox 411 746 617 803; x_wconf 90' lang='lat' dir='ltr'><strong>divina</strong></span> <span class='ocrx_word' id='word_1_47' title='bbox 660 748 852 816; x_wconf 91' lang='lat' dir='ltr'><strong>gratia</strong></span> <span class='ocrx_word' id='word_1_48' title='bbox 909 765 1031 805; x_wconf 92' lang='lat' dir='ltr'><strong>non</strong></span> <span class='ocrx_word' id='word_1_49' title='bbox 1074 767 1207 808; x_wconf 91' lang='lat' dir='ltr'><strong>esse</strong></span> <span class='ocrx_word' id='word_1_50' title='bbox 1263 754 1631 813; x_wconf 89' lang='lat' dir='ltr'><strong>illuminatos</strong></span> <span class='ocrx_word' id='word_1_51' title='bbox 1682 757 1742 812; x_wconf 94' lang='lat' dir='ltr'><strong>in</strong></span> <span class='ocrx_word' id='word_1_52' title='bbox 1801 771 1872 811; x_wconf 92' lang='lat' dir='ltr'><strong>eo</strong></span> 
     </span>
    </p>
   </div>
   <div class='ocr_carea' id='block_1_8' title="bbox 186 835 1870 908">
    <p class='ocr_par' dir='ltr' id='par_1_8' title="bbox 186 835 1870 908">
     <span class='ocr_line' id='line_1_8' title="bbox 186 835 1870 908; baseline 0.005 -18"><span class='ocrx_word' id='word_1_53' title='bbox 186 835 387 908; x_wconf 89' lang='lat' dir='ltr'><strong>quod</strong></span> <span class='ocrx_word' id='word_1_54' title='bbox 428 841 515 891; x_wconf 91' lang='lat' dir='ltr'><strong>est</strong></span> <span class='ocrx_word' id='word_1_55' title='bbox 547 836 920 907; x_wconf 86' lang='lat' dir='ltr'><strong>pracipuum</strong></span> <span class='ocrx_word' id='word_1_56' title='bbox 972 839 1181 894; x_wconf 88' lang='lat' dir='ltr'><strong>salutis</strong></span> <span class='ocrx_word' id='word_1_57' title='bbox 1217 857 1232 897; x_wconf 90' lang='lat'><strong>:</strong></span> <span class='ocrx_word' id='word_1_58' title='bbox 1293 842 1400 897; x_wconf 88' lang='lat' dir='ltr'><strong>sed</strong></span> <span class='ocrx_word' id='word_1_59' title='bbox 1432 860 1534 899; x_wconf 89' lang='lat' dir='ltr'><strong>eos</strong></span> <span class='ocrx_word' id='word_1_60' title='bbox 1566 845 1645 900; x_wconf 92' lang='lat' dir='ltr'><strong>ab</strong></span> <span class='ocrx_word' id='word_1_61' title='bbox 1676 860 1870 900; x_wconf 90' lang='lat' dir='ltr'><strong>errore</strong></span> 
     </span>
    </p>
   </div>
   <div class='ocr_carea' id='block_1_9' title="bbox 190 924 1865 1000">
    <p class='ocr_par' dir='ltr' id='par_1_9' title="bbox 190 924 1865 1000">
     <span class='ocr_line' id='line_1_9' title="bbox 190 924 1865 1000; baseline 0.004 -19"><span class='ocrx_word' id='word_1_62' title='bbox 190 924 568 981; x_wconf 81' lang='lat' dir='ltr'><strong>traducitad</strong></span> <span class='ocrx_word' id='word_1_63' title='bbox 597 925 923 992; x_wconf 85' lang='lat' dir='ltr'><strong>veritatem,</strong></span> <span class='ocrx_word' id='word_1_64' title='bbox 943 927 1095 983; x_wconf 92' lang='lat' dir='ltr'><strong>adeo</strong></span> <span class='ocrx_word' id='word_1_65' title='bbox 1122 936 1459 988; x_wconf 85' lang='lat' dir='ltr'><strong>constanter</strong></span> <span class='ocrx_word' id='word_1_66' title='bbox 1479 940 1535 988; x_wconf 92' lang='lat' dir='ltr'><strong>et</strong></span> <span class='ocrx_word' id='word_1_67' title='bbox 1563 933 1865 1000; x_wconf 87' lang='lat' dir='ltr'><strong>stabiliter,</strong></span> 
     </span>
    </p>
   </div>
   <div class='ocr_carea' id='block_1_10' title="bbox 194 1013 1866 1087">
    <p class='ocr_par' dir='ltr' id='par_1_10' title="bbox 194 1013 1866 1087">
     <span class='ocr_line' id='line_1_10' title="bbox 194 1013 1866 1087; baseline 0.003 -18"><span class='ocrx_word' id='word_1_68' title='bbox 194 1018 273 1069; x_wconf 89' lang='lat' dir='ltr'><strong>ut</strong></span> <span class='ocrx_word' id='word_1_69' title='bbox 303 1028 435 1070; x_wconf 91' lang='lat' dir='ltr'><strong>non</strong></span> <span class='ocrx_word' id='word_1_70' title='bbox 466 1013 661 1069; x_wconf 92' lang='lat' dir='ltr'><strong>solum</strong></span> <span class='ocrx_word' id='word_1_71' title='bbox 718 1019 868 1069; x_wconf 89' lang='lat' dir='ltr'><strong>recte</strong></span> <span class='ocrx_word' id='word_1_72' title='bbox 896 1030 959 1070; x_wconf 89' lang='lat' dir='ltr'><strong>se</strong></span> <span class='ocrx_word' id='word_1_73' title='bbox 1016 1015 1325 1086; x_wconf 91' lang='lat' dir='ltr'><strong>haberent,</strong></span> <span class='ocrx_word' id='word_1_74' title='bbox 1385 1026 1440 1077; x_wconf 90' lang='lat' dir='ltr'><strong>et</strong></span> <span class='ocrx_word' id='word_1_75' title='bbox 1496 1022 1603 1077; x_wconf 89' lang='lat' dir='ltr'><strong>tuti</strong></span> <span class='ocrx_word' id='word_1_76' title='bbox 1652 1028 1866 1087; x_wconf 90' lang='lat' dir='ltr'><strong>essent,</strong></span> 
     </span>
    </p>
   </div>
   <div class='ocr_carea' id='block_1_11' title="bbox 194 1101 1870 1183">
    <p class='ocr_par' dir='ltr' id='par_1_11' title="bbox 194 1101 1870 1183">
     <span class='ocr_line' id='line_1_11' title="bbox 194 1101 1870 1183; baseline 0.004 -25"><span class='ocrx_word' id='word_1_77' title='bbox 194 1102 389 1175; x_wconf 88' lang='lat' dir='ltr'><strong>quod</strong></span> <span class='ocrx_word' id='word_1_78' title='bbox 417 1102 624 1158; x_wconf 88' lang='lat' dir='ltr'><strong>attinet</strong></span> <span class='ocrx_word' id='word_1_79' title='bbox 652 1101 731 1157; x_wconf 93' lang='lat' dir='ltr'><strong>ad</strong></span> <span class='ocrx_word' id='word_1_80' title='bbox 770 1102 1049 1173; x_wconf 88' lang='lat' dir='ltr'><strong>pietatem</strong></span> <span class='ocrx_word' id='word_1_81' title='bbox 1082 1122 1094 1159; x_wconf 89' lang='lat'><em>:</em></span> <span class='ocrx_word' id='word_1_82' title='bbox 1128 1108 1229 1162; x_wconf 87' lang='lat' dir='ltr'><strong>sed</strong></span> <span class='ocrx_word' id='word_1_83' title='bbox 1278 1109 1459 1165; x_wconf 90' lang='lat' dir='ltr'><strong>etiam</strong></span> <span class='ocrx_word' id='word_1_84' title='bbox 1491 1110 1661 1175; x_wconf 89' lang='lat' dir='ltr'><strong>alios,</strong></span> <span class='ocrx_word' id='word_1_85' title='bbox 1717 1126 1870 1183; x_wconf 91' lang='lat' dir='ltr'><strong>quos</strong></span> 
     </span>
    </p>
   </div>
   <div class='ocr_carea' id='block_1_12' title="bbox 197 1193 1872 1268">
    <p class='ocr_par' dir='ltr' id='par_1_12' title="bbox 197 1193 1872 1268">
     <span class='ocr_line' id='line_1_12' title="bbox 197 1193 1872 1268; baseline 0.004 -20"><span class='ocrx_word' id='word_1_86' title='bbox 197 1197 471 1249; x_wconf 87' lang='lat' dir='ltr'><strong>nossent</strong></span> <span class='ocrx_word' id='word_1_87' title='bbox 491 1207 613 1247; x_wconf 93' lang='lat' dir='ltr'><strong>non</strong></span> <span class='ocrx_word' id='word_1_88' title='bbox 642 1197 803 1248; x_wconf 91' lang='lat' dir='ltr'><strong>recto</strong></span> <span class='ocrx_word' id='word_1_89' title='bbox 828 1193 977 1263; x_wconf 91' lang='lat' dir='ltr'><strong>pede</strong></span> <span class='ocrx_word' id='word_1_90' title='bbox 1020 1196 1248 1268; x_wconf 81' lang='lat' dir='ltr'><strong>ingredi</strong></span> <span class='ocrx_word' id='word_1_91' title='bbox 1283 1198 1360 1254; x_wconf 91' lang='lat' dir='ltr'><strong>ad</strong></span> <span class='ocrx_word' id='word_1_92' title='bbox 1386 1199 1719 1264; x_wconf 87' lang='lat' dir='ltr'><strong>veritatem,</strong></span> <span class='ocrx_word' id='word_1_93' title='bbox 1755 1205 1872 1255; x_wconf 89' lang='lat' dir='ltr'><strong>stu-</strong></span> 
     </span>
    </p>
   </div>
   <div class='ocr_carea' id='block_1_13' title="bbox 198 1280 1875 1357">
    <p class='ocr_par' dir='ltr' id='par_1_13' title="bbox 198 1280 1875 1357">
     <span class='ocr_line' id='line_1_13' title="bbox 198 1280 1875 1357; baseline 0.005 -20"><span class='ocrx_word' id='word_1_94' title='bbox 198 1281 432 1337; x_wconf 88' lang='lat' dir='ltr'><strong>derent</strong></span> <span class='ocrx_word' id='word_1_95' title='bbox 472 1296 580 1353; x_wconf 91' lang='lat' dir='ltr'><strong>pro</strong></span> <span class='ocrx_word' id='word_1_96' title='bbox 613 1280 834 1337; x_wconf 90' lang='lat' dir='ltr'><strong>viribus</strong></span> <span class='ocrx_word' id='word_1_97' title='bbox 874 1281 1127 1351; x_wconf 77' lang='lat' dir='ltr'><strong>efﬁcere,</strong></span> <span class='ocrx_word' id='word_1_98' title='bbox 1156 1292 1220 1342; x_wconf 92' lang='lat' dir='ltr'><strong>ut</strong></span> <span class='ocrx_word' id='word_1_99' title='bbox 1256 1287 1528 1357; x_wconf 82' lang='lat' dir='ltr'><strong>ejusdem</strong></span> <span class='ocrx_word' id='word_1_100' title='bbox 1561 1293 1763 1345; x_wconf 86' lang='lat' dir='ltr'><strong>essent</strong></span> <span class='ocrx_word' id='word_1_101' title='bbox 1788 1306 1875 1345; x_wconf 90' lang='lat' dir='ltr'><strong>se-</strong></span> 
     </span>
    </p>
   </div>
   <div class='ocr_carea' id='block_1_14' title="bbox 200 1371 1872 1447">
    <p class='ocr_par' dir='ltr' id='par_1_14' title="bbox 200 1371 1872 1447">
     <span class='ocr_line' id='line_1_14' title="bbox 200 1371 1872 1447; baseline 0.005 -22"><span class='ocrx_word' id='word_1_102' title='bbox 200 1386 359 1426; x_wconf 86' lang='lat' dir='ltr'><strong>cum</strong></span> <span class='ocrx_word' id='word_1_103' title='bbox 389 1371 715 1426; x_wconf 90' lang='lat' dir='ltr'><strong>sententia.</strong></span> <span class='ocrx_word' id='word_1_104' title='bbox 744 1371 786 1425; x_wconf 91' lang='lat' dir='ltr'><strong>Ii</strong></span> <span class='ocrx_word' id='word_1_105' title='bbox 826 1387 965 1427; x_wconf 92' lang='lat' dir='ltr'><strong>cum</strong></span> <span class='ocrx_word' id='word_1_106' title='bbox 994 1374 1089 1445; x_wconf 90' lang='lat' dir='ltr'><strong>pie</strong></span> <span class='ocrx_word' id='word_1_107' title='bbox 1125 1381 1324 1432; x_wconf 89' lang='lat' dir='ltr'><strong>essent</strong></span> <span class='ocrx_word' id='word_1_108' title='bbox 1371 1376 1585 1442; x_wconf 76' lang='lat' dir='ltr'><strong>affecti,</strong></span> <span class='ocrx_word' id='word_1_109' title='bbox 1651 1392 1872 1447; x_wconf 87' lang='lat' dir='ltr'><strong>magno</strong></span> 
     </span>
    </p>
   </div>
   <div class='ocr_carea' id='block_1_15' title="bbox 196 1459 1871 1532">
    <p class='ocr_par' dir='ltr' id='par_1_15' title="bbox 196 1459 1871 1532">
     <span class='ocr_line' id='line_1_15' title="bbox 196 1459 1871 1532; baseline 0.004 -18"><span class='ocrx_word' id='word_1_110' title='bbox 196 1474 465 1532; x_wconf 87' lang='lat' dir='ltr'><strong>quoque</strong></span> <span class='ocrx_word' id='word_1_111' title='bbox 490 1464 546 1514; x_wconf 91' lang='lat' dir='ltr'><strong>et</strong></span> <span class='ocrx_word' id='word_1_112' title='bbox 569 1459 795 1515; x_wconf 90' lang='lat' dir='ltr'><strong>excelso</strong></span> <span class='ocrx_word' id='word_1_113' title='bbox 827 1462 1031 1518; x_wconf 90' lang='lat' dir='ltr'><strong>animo</strong></span> <span class='ocrx_word' id='word_1_114' title='bbox 1080 1480 1144 1519; x_wconf 90' lang='lat' dir='ltr'><strong>se</strong></span> <span class='ocrx_word' id='word_1_115' title='bbox 1179 1464 1403 1521; x_wconf 90' lang='lat' dir='ltr'><strong>dedunt</strong></span> <span class='ocrx_word' id='word_1_116' title='bbox 1449 1466 1871 1522; x_wconf 90' lang='lat' dir='ltr'><strong>misericordia</strong></span> 
     </span>
    </p>
   </div>
   <div class='ocr_carea' id='block_1_16' title="bbox 198 1548 1872 1623">
    <p class='ocr_par' dir='ltr' id='par_1_16' title="bbox 198 1548 1872 1623">
     <span class='ocr_line' id='line_1_16' title="bbox 198 1548 1872 1623; baseline 0.002 -18"><span class='ocrx_word' id='word_1_117' title='bbox 198 1548 570 1605; x_wconf 84' lang='lat' dir='ltr'><strong>exercenda</strong></span> <span class='ocrx_word' id='word_1_118' title='bbox 600 1548 659 1603; x_wconf 90' lang='lat' dir='ltr'><strong>in</strong></span> <span class='ocrx_word' id='word_1_119' title='bbox 684 1564 1005 1620; x_wconf 84' lang='lat' dir='ltr'><strong>pauperes,</strong></span> <span class='ocrx_word' id='word_1_120' title='bbox 1035 1554 1216 1623; x_wconf 88' lang='lat' dir='ltr'><strong>utqui</strong></span> <span class='ocrx_word' id='word_1_121' title='bbox 1249 1568 1352 1623; x_wconf 89' lang='lat' dir='ltr'><strong>pro</strong></span> <span class='ocrx_word' id='word_1_122' title='bbox 1391 1554 1695 1622; x_wconf 88' lang='lat' dir='ltr'><strong>agnitione</strong></span> <span class='ocrx_word' id='word_1_123' title='bbox 1726 1556 1872 1609; x_wconf 89' lang='lat' dir='ltr'><strong>veri-</strong></span> 
     </span>
    </p>
   </div>
   <div class='ocr_carea' id='block_1_17' title="bbox 199 1638 1870 1710">
    <p class='ocr_par' dir='ltr' id='par_1_17' title="bbox 199 1638 1870 1710">
     <span class='ocr_line' id='line_1_17' title="bbox 199 1638 1870 1710; baseline 0.002 -17"><span class='ocrx_word' id='word_1_124' title='bbox 199 1638 357 1694; x_wconf 83' lang='lat' dir='ltr'><strong>tatis</strong></span> <span class='ocrx_word' id='word_1_125' title='bbox 380 1644 721 1707; x_wconf 90' lang='lat' dir='ltr'><strong>satagerent</strong></span> <span class='ocrx_word' id='word_1_126' title='bbox 739 1638 963 1695; x_wconf 81' lang='lat' dir='ltr'><strong>Christo</strong></span> <span class='ocrx_word' id='word_1_127' title='bbox 984 1639 1231 1697; x_wconf 86' lang='lat' dir='ltr'><strong>reddere</strong></span> <span class='ocrx_word' id='word_1_128' title='bbox 1250 1642 1493 1710; x_wconf 90' lang='lat' dir='ltr'><strong>gratias.</strong></span> <span class='ocrx_word' id='word_1_129' title='bbox 1525 1644 1870 1699; x_wconf 90' lang='lat' dir='ltr'><strong>Castissima</strong></span> 
     </span>
    </p>
   </div>
   <div class='ocr_carea' id='block_1_18' title="bbox 195 1725 1867 1799">
    <p class='ocr_par' dir='ltr' id='par_1_18' title="bbox 195 1725 1867 1799">
     <span class='ocr_line' id='line_1_18' title="bbox 195 1725 1867 1799; baseline 0.002 -18"><span class='ocrx_word' id='word_1_130' title='bbox 195 1739 361 1796; x_wconf 89' lang='lat' dir='ltr'><strong>ergo</strong></span> <span class='ocrx_word' id='word_1_131' title='bbox 391 1728 565 1783; x_wconf 79' lang='lat' dir='ltr'><strong>Mater</strong></span> <span class='ocrx_word' id='word_1_132' title='bbox 602 1725 758 1781; x_wconf 89' lang='lat' dir='ltr'><strong>illius</strong></span> <span class='ocrx_word' id='word_1_133' title='bbox 810 1728 1011 1799; x_wconf 90' lang='lat' dir='ltr'><strong>magni</strong></span> <span class='ocrx_word' id='word_1_134' title='bbox 1046 1730 1143 1784; x_wconf 90' lang='lat' dir='ltr'><strong>Dei</strong></span> <span class='ocrx_word' id='word_1_135' title='bbox 1194 1736 1250 1785; x_wconf 93' lang='lat' dir='ltr'><strong>et</strong></span> <span class='ocrx_word' id='word_1_136' title='bbox 1280 1729 1608 1787; x_wconf 90' lang='lat' dir='ltr'><strong>Salvatoris</strong></span> <span class='ocrx_word' id='word_1_137' title='bbox 1660 1733 1867 1798; x_wconf 90' lang='lat' dir='ltr'><strong>nostri,</strong></span> 
     </span>
    </p>
   </div>
   <div class='ocr_carea' id='block_1_19' title="bbox 198 1815 1869 1890">
    <p class='ocr_par' dir='ltr' id='par_1_19' title="bbox 198 1815 1869 1890">
     <span class='ocr_line' id='line_1_19' title="bbox 198 1815 1869 1890; baseline 0.003 -20"><span class='ocrx_word' id='word_1_138' title='bbox 198 1818 674 1871; x_wconf 80' lang='lat' dir='ltr'><strong>sacrosanctum</strong></span> <span class='ocrx_word' id='word_1_139' title='bbox 718 1815 1084 1883; x_wconf 86' lang='lat' dir='ltr'><strong>thesaurum,</strong></span> <span class='ocrx_word' id='word_1_140' title='bbox 1139 1833 1356 1890; x_wconf 89' lang='lat' dir='ltr'><strong>nempe</strong></span> <span class='ocrx_word' id='word_1_141' title='bbox 1413 1836 1586 1875; x_wconf 91' lang='lat' dir='ltr'><strong>suam</strong></span> <span class='ocrx_word' id='word_1_142' title='bbox 1628 1825 1869 1887; x_wconf 86' lang='lat' dir='ltr'><strong>vestem,</strong></span> 
     </span>
    </p>
   </div>
   <div class='ocr_carea' id='block_1_20' title="bbox 194 1902 1868 1979">
    <p class='ocr_par' dir='ltr' id='par_1_20' title="bbox 194 1902 1868 1979">
     <span class='ocr_line' id='line_1_20' title="bbox 194 1902 1868 1979; baseline 0.002 -21"><span class='ocrx_word' id='word_1_143' title='bbox 194 1902 428 1959; x_wconf 79' lang='lat' dir='ltr'><strong>volens</strong></span> <span class='ocrx_word' id='word_1_144' title='bbox 469 1920 592 1959; x_wconf 89' lang='lat' dir='ltr'><strong>sua</strong></span> <span class='ocrx_word' id='word_1_145' title='bbox 621 1903 820 1973; x_wconf 89' lang='lat' dir='ltr'><strong>largiri</strong></span> <span class='ocrx_word' id='word_1_146' title='bbox 849 1905 1089 1975; x_wconf 82' lang='lat' dir='ltr'><strong>civitati,</strong></span> <span class='ocrx_word' id='word_1_147' title='bbox 1130 1911 1191 1963; x_wconf 93' lang='lat' dir='ltr'><strong>ut</strong></span> <span class='ocrx_word' id='word_1_148' title='bbox 1214 1907 1331 1963; x_wconf 91' lang='lat' dir='ltr'><strong>hoc</strong></span> <span class='ocrx_word' id='word_1_149' title='bbox 1354 1907 1479 1973; x_wconf 83' lang='lat' dir='ltr'><strong>ﬁat,</strong></span> <span class='ocrx_word' id='word_1_150' title='bbox 1508 1924 1610 1979; x_wconf 88' lang='lat' dir='ltr'><strong>per</strong></span> <span class='ocrx_word' id='word_1_151' title='bbox 1630 1907 1868 1963; x_wconf 90' lang='lat' dir='ltr'><strong>dilectos</strong></span> 
     </span>
    </p>
   </div>
   <div class='ocr_carea' id='block_1_21' title="bbox 198 1992 1870 2067">
    <p class='ocr_par' dir='ltr' id='par_1_21' title="bbox 198 1992 1870 2067">
     <span class='ocr_line' id='line_1_21' title="bbox 198 1992 1870 2067; baseline 0.002 -20"><span class='ocrx_word' id='word_1_152' title='bbox 198 1992 352 2048; x_wconf 91' lang='lat' dir='ltr'><strong>illos</strong></span> <span class='ocrx_word' id='word_1_153' title='bbox 382 1992 541 2048; x_wconf 91' lang='lat' dir='ltr'><strong>viros</strong></span> <span class='ocrx_word' id='word_1_154' title='bbox 580 1993 855 2065; x_wconf 90' lang='lat' dir='ltr'><strong>providet</strong></span> <span class='ocrx_word' id='word_1_155' title='bbox 882 1994 1150 2067; x_wconf 91' lang='lat' dir='ltr'><strong>quodam</strong></span> <span class='ocrx_word' id='word_1_156' title='bbox 1182 1996 1367 2052; x_wconf 92' lang='lat' dir='ltr'><strong>modo</strong></span> <span class='ocrx_word' id='word_1_157' title='bbox 1406 1996 1714 2053; x_wconf 90' lang='lat' dir='ltr'><strong>diviniore.</strong></span> <span class='ocrx_word' id='word_1_158' title='bbox 1758 1998 1870 2051; x_wconf 87' lang='lat' dir='ltr'><strong>Mo-</strong></span> 
     </span>
    </p>
   </div>
   <div class='ocr_carea' id='block_1_22' title="bbox 203 2080 939 2139">
    <p class='ocr_par' dir='ltr' id='par_1_22' title="bbox 203 2080 939 2139">
     <span class='ocr_line' id='line_1_22' title="bbox 203 2080 939 2139; baseline 0.003 -2"><span class='ocrx_word' id='word_1_159' title='bbox 203 2080 336 2137; x_wconf 88' lang='lat' dir='ltr'><strong>dus</strong></span> <span class='ocrx_word' id='word_1_160' title='bbox 368 2088 569 2137; x_wconf 91' lang='lat' dir='ltr'><strong>autem</strong></span> <span class='ocrx_word' id='word_1_161' title='bbox 598 2082 681 2137; x_wconf 89' lang='lat' dir='ltr'><strong>ita</strong></span> <span class='ocrx_word' id='word_1_162' title='bbox 712 2082 892 2139; x_wconf 90' lang='lat' dir='ltr'><strong>habet</strong></span> <span class='ocrx_word' id='word_1_163' title='bbox 925 2098 939 2138; x_wconf 88' lang='lat'><strong>:</strong></span> 
     </span>
    </p>
   </div>
   <div class='ocr_carea' id='block_1_23' title="bbox 298 2170 1874 2230">
    <p class='ocr_par' dir='ltr' id='par_1_23' title="bbox 298 2170 1874 2230">
     <span class='ocr_line' id='line_1_23' title="bbox 298 2170 1874 2230; baseline 0.004 -8"><span class='ocrx_word' id='word_1_164' title='bbox 298 2170 456 2224; x_wconf 83' lang='lat' dir='ltr'><strong>XLV.</strong></span> <span class='ocrx_word' id='word_1_165' title='bbox 490 2170 753 2225; x_wconf 88' lang='lat' dir='ltr'><strong>Immittit</strong></span> <span class='ocrx_word' id='word_1_166' title='bbox 781 2171 864 2226; x_wconf 90' lang='lat' dir='ltr'><strong>eis</strong></span> <span class='ocrx_word' id='word_1_167' title='bbox 896 2171 1264 2228; x_wconf 87' lang='lat' dir='ltr'><strong>desiderium</strong></span> <span class='ocrx_word' id='word_1_168' title='bbox 1318 2173 1612 2229; x_wconf 85' lang='lat' dir='ltr'><strong>odorandi</strong></span> <span class='ocrx_word' id='word_1_169' title='bbox 1669 2180 1874 2230; x_wconf 78' lang='lat' dir='ltr'><strong>sancta</strong></span> 
     </span>
    </p>
   </div>
   <div class='ocr_carea' id='block_1_24' title="bbox 201 2256 1875 2333">
    <p class='ocr_par' dir='ltr' id='par_1_24' title="bbox 201 2256 1875 2333">
     <span class='ocr_line' id='line_1_24' title="bbox 201 2256 1875 2333; baseline 0.004 -22"><span class='ocrx_word' id='word_1_170' title='bbox 201 2256 350 2313; x_wconf 88' lang='lat' dir='ltr'><strong>loca</strong></span> <span class='ocrx_word' id='word_1_171' title='bbox 378 2273 514 2329; x_wconf 89' lang='lat' dir='ltr'><strong>qua</strong></span> <span class='ocrx_word' id='word_1_172' title='bbox 550 2262 689 2312; x_wconf 90' lang='lat' dir='ltr'><strong>sunt</strong></span> <span class='ocrx_word' id='word_1_173' title='bbox 713 2259 1159 2332; x_wconf 79' lang='lat' dir='ltr'><strong>Hierosolymis.</strong></span> <span class='ocrx_word' id='word_1_174' title='bbox 1193 2261 1363 2327; x_wconf 89' lang='lat' dir='ltr'><strong>Quod</strong></span> <span class='ocrx_word' id='word_1_175' title='bbox 1381 2262 1558 2333; x_wconf 89' lang='lat' dir='ltr'><strong>plane</strong></span> <span class='ocrx_word' id='word_1_176' title='bbox 1579 2263 1731 2319; x_wconf 92' lang='lat' dir='ltr'><strong>etab</strong></span> <span class='ocrx_word' id='word_1_177' title='bbox 1763 2263 1875 2318; x_wconf 90' lang='lat' dir='ltr'><strong>illis</strong></span> 
     </span>
    </p>
   </div>
   <div class='ocr_carea' id='block_1_25' title="bbox 201 2345 1871 2422">
    <p class='ocr_par' dir='ltr' id='par_1_25' title="bbox 201 2345 1871 2422">
     <span class='ocr_line' id='line_1_25' title="bbox 201 2345 1871 2422; baseline 0.002 -21"><span class='ocrx_word' id='word_1_178' title='bbox 201 2345 443 2401; x_wconf 82' lang='lat' dir='ltr'><strong>factum</strong></span> <span class='ocrx_word' id='word_1_179' title='bbox 469 2349 577 2401; x_wconf 87' lang='lat' dir='ltr'><strong>est.</strong></span> <span class='ocrx_word' id='word_1_180' title='bbox 612 2348 877 2419; x_wconf 86' lang='lat' dir='ltr'><strong>Cumque</strong></span> <span class='ocrx_word' id='word_1_181' title='bbox 910 2349 1084 2403; x_wconf 88' lang='lat' dir='ltr'><strong>Leoni</strong></span> <span class='ocrx_word' id='word_1_182' title='bbox 1115 2355 1171 2404; x_wconf 89' lang='lat' dir='ltr'><strong>et</strong></span> <span class='ocrx_word' id='word_1_183' title='bbox 1204 2349 1430 2405; x_wconf 89' lang='lat' dir='ltr'><strong>Verina</strong></span> <span class='ocrx_word' id='word_1_184' title='bbox 1448 2366 1573 2406; x_wconf 91' lang='lat' dir='ltr'><strong>rem</strong></span> <span class='ocrx_word' id='word_1_185' title='bbox 1605 2352 1871 2422; x_wconf 88' lang='lat' dir='ltr'><strong>aperuis-</strong></span> 
     </span>
    </p>
   </div>
   <div class='ocr_carea' id='block_1_26' title="bbox 201 2434 1871 2506">
    <p class='ocr_par' dir='ltr' id='par_1_26' title="bbox 201 2434 1871 2506">
     <span class='ocr_line' id='line_1_26' title="bbox 201 2434 1871 2506; baseline 0.002 -17"><span class='ocrx_word' id='word_1_186' title='bbox 201 2439 371 2501; x_wconf 80' lang='lat' dir='ltr'><strong>sent,</strong></span> <span class='ocrx_word' id='word_1_187' title='bbox 404 2434 745 2490; x_wconf 88' lang='lat' dir='ltr'><strong>comitatum</strong></span> <span class='ocrx_word' id='word_1_188' title='bbox 773 2450 895 2491; x_wconf 93' lang='lat' dir='ltr'><strong>non</strong></span> <span class='ocrx_word' id='word_1_189' title='bbox 926 2438 1207 2506; x_wconf 86' lang='lat' dir='ltr'><strong>exiguum</strong></span> <span class='ocrx_word' id='word_1_190' title='bbox 1250 2453 1459 2493; x_wconf 92' lang='lat' dir='ltr'><strong>eorum</strong></span> <span class='ocrx_word' id='word_1_191' title='bbox 1489 2438 1871 2494; x_wconf 84' lang='lat' dir='ltr'><strong>familiarium</strong></span> 
     </span>
    </p>
   </div>
   <div class='ocr_carea' id='block_1_27' title="bbox 200 2524 1872 2583">
    <p class='ocr_par' dir='ltr' id='par_1_27' title="bbox 200 2524 1872 2583">
     <span class='ocr_line' id='line_1_27' title="bbox 200 2524 1872 2583; baseline 0.002 -5"><span class='ocrx_word' id='word_1_192' title='bbox 200 2528 273 2579; x_wconf 83' lang='lat' dir='ltr'><strong>et</strong></span> <span class='ocrx_word' id='word_1_193' title='bbox 305 2524 635 2579; x_wconf 88' lang='lat' dir='ltr'><strong>amicorum</strong></span> <span class='ocrx_word' id='word_1_194' title='bbox 659 2539 861 2579; x_wconf 89' lang='lat' dir='ltr'><strong>secum</strong></span> <span class='ocrx_word' id='word_1_195' title='bbox 902 2524 1297 2583; x_wconf 84' lang='lat' dir='ltr'><strong>adduxerunt.</strong></span> <span class='ocrx_word' id='word_1_196' title='bbox 1347 2526 1496 2582; x_wconf 92' lang='lat' dir='ltr'><strong>Cum</strong></span> <span class='ocrx_word' id='word_1_197' title='bbox 1540 2533 1739 2582; x_wconf 90' lang='lat' dir='ltr'><strong>autem</strong></span> <span class='ocrx_word' id='word_1_198' title='bbox 1767 2528 1872 2582; x_wconf 88' lang='lat' dir='ltr'><strong>iter</strong></span> 
     </span>
    </p>
   </div>
   <div class='ocr_carea' id='block_1_28' title="bbox 197 2612 1867 2685">
    <p class='ocr_par' dir='ltr' id='par_1_28' title="bbox 197 2612 1867 2685">
     <span class='ocr_line' id='line_1_28' title="bbox 197 2612 1867 2685; baseline 0.002 -18"><span class='ocrx_word' id='word_1_199' title='bbox 197 2612 470 2682; x_wconf 86' lang='lat' dir='ltr'><strong>ingressi</strong></span> <span class='ocrx_word' id='word_1_200' title='bbox 486 2616 699 2681; x_wconf 87' lang='lat' dir='ltr'><strong>essent,</strong></span> <span class='ocrx_word' id='word_1_201' title='bbox 729 2618 785 2667; x_wconf 93' lang='lat' dir='ltr'><strong>et</strong></span> <span class='ocrx_word' id='word_1_202' title='bbox 798 2613 932 2685; x_wconf 88' lang='lat' dir='ltr'><strong>jam</strong></span> <span class='ocrx_word' id='word_1_203' title='bbox 950 2615 1245 2670; x_wconf 88' lang='lat' dir='ltr'><strong>venissent</strong></span> <span class='ocrx_word' id='word_1_204' title='bbox 1269 2614 1662 2680; x_wconf 88' lang='lat' dir='ltr'><strong>Palastinam,</strong></span> <span class='ocrx_word' id='word_1_205' title='bbox 1687 2616 1867 2681; x_wconf 91' lang='lat' dir='ltr'><strong>viam,</strong></span> 
     </span>
    </p>
   </div>
   <div class='ocr_carea' id='block_1_29' title="bbox 198 2701 1872 2775">
    <p class='ocr_par' dir='ltr' id='par_1_29' title="bbox 198 2701 1872 2775">
     <span class='ocr_line' id='line_1_29' title="bbox 198 2701 1872 2775; baseline 0.002 -20"><span class='ocrx_word' id='word_1_206' title='bbox 198 2717 355 2774; x_wconf 87' lang='lat' dir='ltr'><strong>qua</strong></span> <span class='ocrx_word' id='word_1_207' title='bbox 381 2701 546 2756; x_wconf 88' lang='lat' dir='ltr'><strong>ducit</strong></span> <span class='ocrx_word' id='word_1_208' title='bbox 570 2701 631 2756; x_wconf 90' lang='lat' dir='ltr'><strong>in</strong></span> <span class='ocrx_word' id='word_1_209' title='bbox 669 2701 990 2768; x_wconf 83' lang='lat' dir='ltr'><strong>Galilaam,</strong></span> <span class='ocrx_word' id='word_1_210' title='bbox 1026 2704 1349 2773; x_wconf 83' lang='lat' dir='ltr'><strong>praferunt</strong></span> <span class='ocrx_word' id='word_1_211' title='bbox 1381 2704 1711 2772; x_wconf 85' lang='lat' dir='ltr'><strong>maritima,</strong></span> <span class='ocrx_word' id='word_1_212' title='bbox 1744 2704 1872 2775; x_wconf 88' lang='lat' dir='ltr'><strong>plu-</strong></span> 
     </span>
    </p>
   </div>
   <div class='ocr_carea' id='block_1_30' title="bbox 197 2787 1871 2861">
    <p class='ocr_par' dir='ltr' id='par_1_30' title="bbox 197 2787 1871 2861">
     <span class='ocr_line' id='line_1_30' title="bbox 197 2787 1871 2861; baseline 0.001 -16"><span class='ocrx_word' id='word_1_213' title='bbox 197 2790 294 2845; x_wconf 87' lang='lat' dir='ltr'><strong>ris</strong></span> <span class='ocrx_word' id='word_1_214' title='bbox 322 2787 606 2845; x_wconf 79' lang='lat' dir='ltr'><strong>iacientes</strong></span> <span class='ocrx_word' id='word_1_215' title='bbox 647 2791 1038 2861; x_wconf 88' lang='lat' dir='ltr'><strong>contemplari</strong></span> <span class='ocrx_word' id='word_1_216' title='bbox 1072 2792 1355 2845; x_wconf 85' lang='lat' dir='ltr'><strong>Nazareth</strong></span> <span class='ocrx_word' id='word_1_217' title='bbox 1382 2797 1439 2845; x_wconf 90' lang='lat' dir='ltr'><strong>et</strong></span> <span class='ocrx_word' id='word_1_218' title='bbox 1470 2791 1871 2861; x_wconf 89' lang='lat' dir='ltr'><strong>Capernaum,</strong></span> 
     </span>
    </p>
   </div>
   <div class='ocr_carea' id='block_1_31' title="bbox 198 2876 1877 2949">
    <p class='ocr_par' dir='ltr' id='par_1_31' title="bbox 198 2876 1877 2949">
     <span class='ocr_line' id='line_1_31' title="bbox 198 2876 1877 2949; baseline 0.001 -18"><span class='ocrx_word' id='word_1_219' title='bbox 198 2894 407 2949; x_wconf 88' lang='lat' dir='ltr'><strong>quam</strong></span> <span class='ocrx_word' id='word_1_220' title='bbox 464 2878 776 2932; x_wconf 88' lang='lat' dir='ltr'><strong>maritimis</strong></span> <span class='ocrx_word' id='word_1_221' title='bbox 814 2877 929 2931; x_wconf 84' lang='lat' dir='ltr'><strong>frui</strong></span> <span class='ocrx_word' id='word_1_222' title='bbox 983 2876 1503 2931; x_wconf 87' lang='lat' dir='ltr'><strong>delectationibus.</strong></span> <span class='ocrx_word' id='word_1_223' title='bbox 1552 2878 1630 2931; x_wconf 88' lang='lat' dir='ltr'><strong>Ex</strong></span> <span class='ocrx_word' id='word_1_224' title='bbox 1657 2878 1877 2948; x_wconf 90' lang='lat' dir='ltr'><strong>quibus</strong></span> 
     </span>
    </p>
   </div>
   <div class='ocr_carea' id='block_1_32' title="bbox 199 2964 1875 3037">
    <p class='ocr_par' dir='ltr' id='par_1_32' title="bbox 199 2964 1875 3037">
     <span class='ocr_line' id='line_1_32' title="bbox 199 2964 1875 3037; baseline -0.001 -16"><span class='ocrx_word' id='word_1_225' title='bbox 199 2966 325 3021; x_wconf 89' lang='lat' dir='ltr'><strong>illa</strong></span> <span class='ocrx_word' id='word_1_226' title='bbox 373 2966 614 3037; x_wconf 89' lang='lat' dir='ltr'><strong>quidem</strong></span> <span class='ocrx_word' id='word_1_227' title='bbox 669 2964 777 3019; x_wconf 85' lang='lat' dir='ltr'><strong>fuit</strong></span> <span class='ocrx_word' id='word_1_228' title='bbox 833 2980 1069 3019; x_wconf 90' lang='lat' dir='ltr'><strong>sacrum</strong></span> <span class='ocrx_word' id='word_1_229' title='bbox 1129 2964 1392 3034; x_wconf 87' lang='lat' dir='ltr'><strong>Deipara</strong></span> <span class='ocrx_word' id='word_1_230' title='bbox 1443 2964 1875 3030; x_wconf 88' lang='lat' dir='ltr'><strong>habitaculum,</strong></span> 
     </span>
    </p>
   </div>
   <div class='ocr_carea' id='block_1_33' title="bbox 202 3052 1879 3125">
    <p class='ocr_par' dir='ltr' id='par_1_33' title="bbox 202 3052 1879 3125">
     <span class='ocr_line' id='line_1_33' title="bbox 202 3052 1879 3125; baseline -0.001 -15"><span class='ocrx_word' id='word_1_231' title='bbox 202 3060 271 3111; x_wconf 87' lang='lat' dir='ltr'><strong>et</strong></span> <span class='ocrx_word' id='word_1_232' title='bbox 299 3054 368 3108; x_wconf 83' lang='lat' dir='ltr'><strong>in</strong></span> <span class='ocrx_word' id='word_1_233' title='bbox 395 3069 468 3108; x_wconf 90' lang='lat' dir='ltr'><strong>ea</strong></span> <span class='ocrx_word' id='word_1_234' title='bbox 497 3052 685 3108; x_wconf 91' lang='lat' dir='ltr'><strong>multo</strong></span> <span class='ocrx_word' id='word_1_235' title='bbox 718 3058 976 3125; x_wconf 90' lang='lat' dir='ltr'><strong>tempore</strong></span> <span class='ocrx_word' id='word_1_236' title='bbox 1004 3052 1143 3109; x_wconf 87' lang='lat' dir='ltr'><strong>vidit</strong></span> <span class='ocrx_word' id='word_1_237' title='bbox 1188 3053 1376 3108; x_wconf 91' lang='lat' dir='ltr'><strong>Deum</strong></span> <span class='ocrx_word' id='word_1_238' title='bbox 1408 3053 1672 3108; x_wconf 90' lang='lat' dir='ltr'><strong>Verbum</strong></span> <span class='ocrx_word' id='word_1_239' title='bbox 1715 3069 1788 3108; x_wconf 89' lang='lat' dir='ltr'><strong>ex</strong></span> <span class='ocrx_word' id='word_1_240' title='bbox 1818 3069 1879 3108; x_wconf 93' lang='lat' dir='ltr'><strong>se</strong></span> 
     </span>
    </p>
   </div>
   <div class='ocr_carea' id='block_1_34' title="bbox 1986 492 3631 577">
    <p class='ocr_par' dir='ltr' id='par_1_34' title="bbox 1986 492 3631 577">
     <span class='ocr_line' id='line_1_34' title="bbox 1986 492 3631 577; baseline 0.013 -32"><span class='ocrx_word' id='word_1_241' title='bbox 1986 492 2309 551; x_wconf 89' lang='lat' dir='ltr'><strong>mirabilis:</strong></span> <span class='ocrx_word' id='word_1_242' title='bbox 2343 498 2563 570; x_wconf 87' lang='lat' dir='ltr'><strong>alioqui</strong></span> <span class='ocrx_word' id='word_1_243' title='bbox 2590 505 2788 555; x_wconf 92' lang='lat' dir='ltr'><strong>autem</strong></span> <span class='ocrx_word' id='word_1_244' title='bbox 2807 501 2952 557; x_wconf 89' lang='lat' dir='ltr'><strong>nihil</strong></span> <span class='ocrx_word' id='word_1_245' title='bbox 2982 502 3244 561; x_wconf 90' lang='lat' dir='ltr'><strong>habebat</strong></span> <span class='ocrx_word' id='word_1_246' title='bbox 3278 508 3501 577; x_wconf 90' lang='lat' dir='ltr'><strong>magni,</strong></span> <span class='ocrx_word' id='word_1_247' title='bbox 3525 510 3631 565; x_wconf 92' lang='lat' dir='ltr'><strong>sed</strong></span> 
     </span>
    </p>
   </div>
   <div class='ocr_carea' id='block_1_35' title="bbox 1986 583 3631 667">
    <p class='ocr_par' dir='ltr' id='par_1_35' title="bbox 1986 583 3631 667">
     <span class='ocr_line' id='line_1_35' title="bbox 1986 583 3631 667; baseline 0.011 -33"><span class='ocrx_word' id='word_1_248' title='bbox 1986 587 2109 636; x_wconf 91' lang='lat' dir='ltr'><strong>erat</strong></span> <span class='ocrx_word' id='word_1_249' title='bbox 2139 583 2313 654; x_wconf 92' lang='lat' dir='ltr'><strong>plane</strong></span> <span class='ocrx_word' id='word_1_250' title='bbox 2341 586 2471 642; x_wconf 88' lang='lat' dir='ltr'><strong>vilis</strong></span> <span class='ocrx_word' id='word_1_251' title='bbox 2501 593 2557 643; x_wconf 93' lang='lat' dir='ltr'><strong>et</strong></span> <span class='ocrx_word' id='word_1_252' title='bbox 2586 587 2833 659; x_wconf 89' lang='lat' dir='ltr'><strong>abjecta.</strong></span> <span class='ocrx_word' id='word_1_253' title='bbox 2863 588 3009 645; x_wconf 91' lang='lat' dir='ltr'><strong>Cum</strong></span> <span class='ocrx_word' id='word_1_254' title='bbox 3031 606 3132 646; x_wconf 92' lang='lat' dir='ltr'><strong>eos</strong></span> <span class='ocrx_word' id='word_1_255' title='bbox 3162 599 3363 650; x_wconf 89' lang='lat' dir='ltr'><strong>autem</strong></span> <span class='ocrx_word' id='word_1_256' title='bbox 3397 599 3631 667; x_wconf 89' lang='lat' dir='ltr'><strong>tempus</strong></span> 
     </span>
    </p>
   </div>
   <div class='ocr_carea' id='block_1_36' title="bbox 1990 675 3632 743">
    <p class='ocr_par' dir='ltr' id='par_1_36' title="bbox 1990 675 3632 743">
     <span class='ocr_line' id='line_1_36' title="bbox 1990 675 3632 743; baseline 0.009 -16"><span class='ocrx_word' id='word_1_257' title='bbox 1990 678 2225 729; x_wconf 87' lang='lat' dir='ltr'><strong>vocaret</strong></span> <span class='ocrx_word' id='word_1_258' title='bbox 2248 675 2326 729; x_wconf 91' lang='lat' dir='ltr'><strong>ad</strong></span> <span class='ocrx_word' id='word_1_259' title='bbox 2352 692 2605 743; x_wconf 75' lang='lat' dir='ltr'><strong>canam,</strong></span> <span class='ocrx_word' id='word_1_260' title='bbox 2645 676 2746 732; x_wconf 93' lang='lat' dir='ltr'><strong>ubi</strong></span> <span class='ocrx_word' id='word_1_261' title='bbox 2766 678 3202 743; x_wconf 88' lang='lat' dir='ltr'><strong>accubuissent,</strong></span> <span class='ocrx_word' id='word_1_262' title='bbox 3236 682 3435 739; x_wconf 90' lang='lat' dir='ltr'><strong>vident</strong></span> <span class='ocrx_word' id='word_1_263' title='bbox 3485 685 3632 741; x_wconf 87' lang='lat' dir='ltr'><strong>inte-</strong></span> 
     </span>
    </p>
   </div>
   <div class='ocr_carea' id='block_1_37' title="bbox 1989 761 3634 841">
    <p class='ocr_par' dir='ltr' id='par_1_37' title="bbox 1989 761 3634 841">
     <span class='ocr_line' id='line_1_37' title="bbox 1989 761 3634 841; baseline 0.008 -26"><span class='ocrx_word' id='word_1_264' title='bbox 1989 761 2110 815; x_wconf 89' lang='lat' dir='ltr'><strong>rius</strong></span> <span class='ocrx_word' id='word_1_265' title='bbox 2135 761 2313 817; x_wconf 86' lang='lat' dir='ltr'><strong>aliam</strong></span> <span class='ocrx_word' id='word_1_266' title='bbox 2330 764 2759 821; x_wconf 89' lang='lat' dir='ltr'><strong>domunculam</strong></span> <span class='ocrx_word' id='word_1_267' title='bbox 2792 782 2950 837; x_wconf 85' lang='lat' dir='ltr'><strong>:qua</strong></span> <span class='ocrx_word' id='word_1_268' title='bbox 2965 767 3151 823; x_wconf 92' lang='lat' dir='ltr'><strong>multo</strong></span> <span class='ocrx_word' id='word_1_269' title='bbox 3175 770 3420 841; x_wconf 88' lang='lat' dir='ltr'><strong>quidem</strong></span> <span class='ocrx_word' id='word_1_270' title='bbox 3444 771 3634 827; x_wconf 88' lang='lat' dir='ltr'><strong>lucer-</strong></span> 
     </span>
    </p>
   </div>
   <div class='ocr_carea' id='block_1_38' title="bbox 1985 851 3631 919">
    <p class='ocr_par' dir='ltr' id='par_1_38' title="bbox 1985 851 3631 919">
     <span class='ocr_line' id='line_1_38' title="bbox 1985 851 3631 919; baseline 0.007 -15"><span class='ocrx_word' id='word_1_271' title='bbox 1985 864 2200 906; x_wconf 89' lang='lat' dir='ltr'><strong>narum</strong></span> <span class='ocrx_word' id='word_1_272' title='bbox 2217 851 2439 907; x_wconf 91' lang='lat' dir='ltr'><strong>lumine</strong></span> <span class='ocrx_word' id='word_1_273' title='bbox 2452 853 2875 919; x_wconf 87' lang='lat' dir='ltr'><strong>illustrabatur,</strong></span> <span class='ocrx_word' id='word_1_274' title='bbox 2892 854 3094 911; x_wconf 90' lang='lat' dir='ltr'><strong>multis</strong></span> <span class='ocrx_word' id='word_1_275' title='bbox 3111 872 3249 912; x_wconf 89' lang='lat' dir='ltr'><strong>vero</strong></span> <span class='ocrx_word' id='word_1_276' title='bbox 3266 858 3561 915; x_wconf 80' lang='lat' dir='ltr'><strong>suﬂitibus</strong></span> <span class='ocrx_word' id='word_1_277' title='bbox 3577 864 3631 916; x_wconf 87' lang='lat' dir='ltr'><strong>et</strong></span> 
     </span>
    </p>
   </div>
   <div class='ocr_carea' id='block_1_39' title="bbox 1986 942 3633 1014">
    <p class='ocr_par' dir='ltr' id='par_1_39' title="bbox 1986 942 3633 1014">
     <span class='ocr_line' id='line_1_39' title="bbox 1986 942 3633 1014; baseline 0.007 -21"><span class='ocrx_word' id='word_1_278' title='bbox 1986 942 2302 1008; x_wconf 87' lang='lat' dir='ltr'><strong>unguentis</strong></span> <span class='ocrx_word' id='word_1_279' title='bbox 2332 958 2514 997; x_wconf 89' lang='lat' dir='ltr'><strong>suave</strong></span> <span class='ocrx_word' id='word_1_280' title='bbox 2544 944 2808 1014; x_wconf 87' lang='lat' dir='ltr'><strong>spirabat</strong></span> <span class='ocrx_word' id='word_1_281' title='bbox 2850 959 2861 998; x_wconf 92' lang='lat'>:</span> <span class='ocrx_word' id='word_1_282' title='bbox 2893 943 2953 998; x_wconf 94' lang='lat' dir='ltr'><strong>in</strong></span> <span class='ocrx_word' id='word_1_283' title='bbox 2983 959 3053 999; x_wconf 91' lang='lat' dir='ltr'><strong>ea</strong></span> <span class='ocrx_word' id='word_1_284' title='bbox 3074 952 3273 1000; x_wconf 90' lang='lat' dir='ltr'><strong>autem</strong></span> <span class='ocrx_word' id='word_1_285' title='bbox 3306 947 3481 1003; x_wconf 89' lang='lat' dir='ltr'><strong>sitam</strong></span> <span class='ocrx_word' id='word_1_286' title='bbox 3507 964 3633 1005; x_wconf 91' lang='lat' dir='ltr'><strong>ma-</strong></span> 
     </span>
    </p>
   </div>
   <div class='ocr_carea' id='block_1_40' title="bbox 1986 1031 3630 1106">
    <p class='ocr_par' dir='ltr' id='par_1_40' title="bbox 1986 1031 3630 1106">
     <span class='ocr_line' id='line_1_40' title="bbox 1986 1031 3630 1106; baseline 0.006 -24"><span class='ocrx_word' id='word_1_287' title='bbox 1986 1042 2166 1098; x_wconf 89' lang='lat' dir='ltr'><strong>gnam</strong></span> <span class='ocrx_word' id='word_1_288' title='bbox 2197 1036 2554 1100; x_wconf 82' lang='lat' dir='ltr'><strong>aegrotorum</strong></span> <span class='ocrx_word' id='word_1_289' title='bbox 2595 1031 3057 1088; x_wconf 90' lang='lat' dir='ltr'><strong>multitudinem.</strong></span> <span class='ocrx_word' id='word_1_290' title='bbox 3094 1036 3169 1089; x_wconf 83' lang='lat' dir='ltr'><strong>Ex</strong></span> <span class='ocrx_word' id='word_1_291' title='bbox 3207 1049 3329 1106; x_wconf 92' lang='lat' dir='ltr'><strong>quo</strong></span> <span class='ocrx_word' id='word_1_292' title='bbox 3360 1035 3630 1092; x_wconf 91' lang='lat' dir='ltr'><strong>divinum</strong></span> 
     </span>
    </p>
   </div>
   <div class='ocr_carea' id='block_1_41' title="bbox 1984 1117 3624 1192">
    <p class='ocr_par' dir='ltr' id='par_1_41' title="bbox 1984 1117 3624 1192">
     <span class='ocr_line' id='line_1_41' title="bbox 1984 1117 3624 1192; baseline 0.007 -22"><span class='ocrx_word' id='word_1_293' title='bbox 1984 1117 2229 1188; x_wconf 88' lang='lat' dir='ltr'><strong>quidem</strong></span> <span class='ocrx_word' id='word_1_294' title='bbox 2249 1119 2557 1191; x_wconf 85' lang='lat' dir='ltr'><strong>quippiam</strong></span> <span class='ocrx_word' id='word_1_295' title='bbox 2571 1121 3031 1192; x_wconf 89' lang='lat' dir='ltr'><strong>suspicabantur</strong></span> <span class='ocrx_word' id='word_1_296' title='bbox 3052 1137 3183 1176; x_wconf 91' lang='lat' dir='ltr'><strong>esse</strong></span> <span class='ocrx_word' id='word_1_297' title='bbox 3200 1126 3255 1177; x_wconf 93' lang='lat' dir='ltr'><strong>et</strong></span> <span class='ocrx_word' id='word_1_298' title='bbox 3270 1124 3624 1191; x_wconf 88' lang='lat' dir='ltr'><strong>venerabile,</strong></span> 
     </span>
    </p>
   </div>
   <div class='ocr_carea' id='block_1_42' title="bbox 1986 1201 3630 1279">
    <p class='ocr_par' dir='ltr' id='par_1_42' title="bbox 1986 1201 3630 1279">
     <span class='ocr_line' id='line_1_42' title="bbox 1986 1201 3630 1279; baseline 0.007 -25"><span class='ocrx_word' id='word_1_299' title='bbox 1986 1201 2068 1254; x_wconf 89' lang='lat' dir='ltr'><strong>rei</strong></span> <span class='ocrx_word' id='word_1_300' title='bbox 2096 1206 2295 1256; x_wconf 90' lang='lat' dir='ltr'><strong>tamen</strong></span> <span class='ocrx_word' id='word_1_301' title='bbox 2318 1204 2623 1259; x_wconf 87' lang='lat' dir='ltr'><strong>veritatem</strong></span> <span class='ocrx_word' id='word_1_302' title='bbox 2665 1205 2913 1260; x_wconf 87' lang='lat' dir='ltr'><strong>omnino</strong></span> <span class='ocrx_word' id='word_1_303' title='bbox 2939 1206 3267 1276; x_wconf 84' lang='lat' dir='ltr'><strong>excogitare</strong></span> <span class='ocrx_word' id='word_1_304' title='bbox 3324 1224 3438 1263; x_wconf 93' lang='lat' dir='ltr'><strong>non</strong></span> <span class='ocrx_word' id='word_1_305' title='bbox 3469 1214 3630 1279; x_wconf 91' lang='lat' dir='ltr'><strong>pote-</strong></span> 
     </span>
    </p>
   </div>
   <div class='ocr_carea' id='block_1_43' title="bbox 1986 1290 3630 1365">
    <p class='ocr_par' dir='ltr' id='par_1_43' title="bbox 1986 1290 3630 1365">
     <span class='ocr_line' id='line_1_43' title="bbox 1986 1290 3630 1365; baseline 0.007 -23"><span class='ocrx_word' id='word_1_306' title='bbox 1986 1292 2137 1343; x_wconf 91' lang='lat' dir='ltr'><strong>rant.</strong></span> <span class='ocrx_word' id='word_1_307' title='bbox 2166 1290 2417 1345; x_wconf 88' lang='lat' dir='ltr'><strong>Invitant</strong></span> <span class='ocrx_word' id='word_1_308' title='bbox 2447 1291 2645 1362; x_wconf 90' lang='lat' dir='ltr'><strong>itaque</strong></span> <span class='ocrx_word' id='word_1_309' title='bbox 2670 1292 2739 1347; x_wconf 91' lang='lat' dir='ltr'><strong>ad</strong></span> <span class='ocrx_word' id='word_1_310' title='bbox 2772 1293 3109 1348; x_wconf 90' lang='lat' dir='ltr'><strong>convivium</strong></span> <span class='ocrx_word' id='word_1_311' title='bbox 3131 1296 3432 1365; x_wconf 86' lang='lat' dir='ltr'><strong>egregiam</strong></span> <span class='ocrx_word' id='word_1_312' title='bbox 3468 1296 3630 1353; x_wconf 86' lang='lat' dir='ltr'><strong>illam</strong></span> 
     </span>
    </p>
   </div>
   <div class='ocr_carea' id='block_1_44' title="bbox 1986 1377 3629 1456">
    <p class='ocr_par' dir='ltr' id='par_1_44' title="bbox 1986 1377 3629 1456">
     <span class='ocr_line' id='line_1_44' title="bbox 1986 1377 3629 1456; baseline 0.007 -26"><span class='ocrx_word' id='word_1_313' title='bbox 1986 1377 2307 1443; x_wconf 86' lang='lat' dir='ltr'><strong>aniculam,</strong></span> <span class='ocrx_word' id='word_1_314' title='bbox 2335 1378 2637 1449; x_wconf 89' lang='lat' dir='ltr'><strong>cupientes</strong></span> <span class='ocrx_word' id='word_1_315' title='bbox 2666 1395 2736 1436; x_wconf 91' lang='lat' dir='ltr'><strong>ex</strong></span> <span class='ocrx_word' id='word_1_316' title='bbox 2763 1396 2831 1435; x_wconf 90' lang='lat' dir='ltr'><strong>ea</strong></span> <span class='ocrx_word' id='word_1_317' title='bbox 2860 1380 3083 1452; x_wconf 92' lang='lat' dir='ltr'><strong>aliquid</strong></span> <span class='ocrx_word' id='word_1_318' title='bbox 3109 1382 3255 1437; x_wconf 83' lang='lat' dir='ltr'><strong>scire</strong></span> <span class='ocrx_word' id='word_1_319' title='bbox 3285 1384 3432 1453; x_wconf 90' lang='lat' dir='ltr'><strong>ejus,</strong></span> <span class='ocrx_word' id='word_1_320' title='bbox 3462 1384 3629 1456; x_wconf 92' lang='lat' dir='ltr'><strong>quod</strong></span> 
     </span>
    </p>
   </div>
   <div class='ocr_carea' id='block_1_45' title="bbox 1987 1466 3628 1534">
    <p class='ocr_par' dir='ltr' id='par_1_45' title="bbox 1987 1466 3628 1534">
     <span class='ocr_line' id='line_1_45' title="bbox 1987 1466 3628 1534; baseline 0.005 -16"><span class='ocrx_word' id='word_1_321' title='bbox 1987 1466 2445 1531; x_wconf 88' lang='lat' dir='ltr'><strong>desiderabant;</strong></span> <span class='ocrx_word' id='word_1_322' title='bbox 2473 1467 2572 1523; x_wconf 91' lang='lat' dir='ltr'><strong>illa</strong></span> <span class='ocrx_word' id='word_1_323' title='bbox 2603 1473 2801 1523; x_wconf 89' lang='lat' dir='ltr'><strong>antem</strong></span> <span class='ocrx_word' id='word_1_324' title='bbox 2832 1468 2945 1523; x_wconf 93' lang='lat' dir='ltr'><strong>hoc</strong></span> <span class='ocrx_word' id='word_1_325' title='bbox 2983 1472 3318 1534; x_wconf 84' lang='lat' dir='ltr'><strong>recusabat,</strong></span> <span class='ocrx_word' id='word_1_326' title='bbox 3365 1487 3628 1527; x_wconf 89' lang='lat' dir='ltr'><strong>causans</strong></span> 
     </span>
    </p>
   </div>
   <div class='ocr_carea' id='block_1_46' title="bbox 1986 1552 3626 1626">
    <p class='ocr_par' dir='ltr' id='par_1_46' title="bbox 1986 1552 3626 1626">
     <span class='ocr_line' id='line_1_46' title="bbox 1986 1552 3626 1626; baseline 0.005 -19"><span class='ocrx_word' id='word_1_327' title='bbox 1986 1552 2352 1622; x_wconf 88' lang='lat' dir='ltr'><strong>religionem,</strong></span> <span class='ocrx_word' id='word_1_328' title='bbox 2375 1562 2429 1611; x_wconf 92' lang='lat' dir='ltr'><strong>et</strong></span> <span class='ocrx_word' id='word_1_329' title='bbox 2455 1556 2612 1626; x_wconf 92' lang='lat' dir='ltr'><strong>quod</strong></span> <span class='ocrx_word' id='word_1_330' title='bbox 2643 1571 2761 1611; x_wconf 93' lang='lat' dir='ltr'><strong>non</strong></span> <span class='ocrx_word' id='word_1_331' title='bbox 2796 1556 2879 1611; x_wconf 89' lang='lat' dir='ltr'><strong>fas</strong></span> <span class='ocrx_word' id='word_1_332' title='bbox 2909 1558 2982 1612; x_wconf 91' lang='lat' dir='ltr'><strong>sit</strong></span> <span class='ocrx_word' id='word_1_333' title='bbox 3010 1559 3236 1622; x_wconf 90' lang='lat' dir='ltr'><strong>ei,cum</strong></span> <span class='ocrx_word' id='word_1_334' title='bbox 3267 1559 3626 1625; x_wconf 85' lang='lat' dir='ltr'><strong>sitHebraa,</strong></span> 
     </span>
    </p>
   </div>
   <div class='ocr_carea' id='block_1_47' title="bbox 1985 1643 3631 1719">
    <p class='ocr_par' dir='ltr' id='par_1_47' title="bbox 1985 1643 3631 1719">
     <span class='ocr_line' id='line_1_47' title="bbox 1985 1643 3631 1719; baseline 0.005 -24"><span class='ocrx_word' id='word_1_335' title='bbox 1985 1643 2143 1696; x_wconf 89' lang='lat' dir='ltr'><strong>vesci</strong></span> <span class='ocrx_word' id='word_1_336' title='bbox 2186 1659 2319 1697; x_wconf 90' lang='lat' dir='ltr'><strong>cum</strong></span> <span class='ocrx_word' id='word_1_337' title='bbox 2350 1644 2713 1699; x_wconf 89' lang='lat' dir='ltr'><strong>Christianis.</strong></span> <span class='ocrx_word' id='word_1_338' title='bbox 2772 1644 2851 1699; x_wconf 90' lang='lat' dir='ltr'><strong>Illi</strong></span> <span class='ocrx_word' id='word_1_339' title='bbox 2884 1661 3040 1707; x_wconf 88' lang='lat' dir='ltr'><strong>vero,</strong></span> <span class='ocrx_word' id='word_1_340' title='bbox 3075 1662 3209 1702; x_wconf 92' lang='lat' dir='ltr'><strong>cum</strong></span> <span class='ocrx_word' id='word_1_341' title='bbox 3243 1652 3470 1719; x_wconf 91' lang='lat' dir='ltr'><strong>propter</strong></span> <span class='ocrx_word' id='word_1_342' title='bbox 3508 1664 3631 1703; x_wconf 90' lang='lat' dir='ltr'><strong>ma-</strong></span> 
     </span>
    </p>
   </div>
   <div class='ocr_carea' id='block_1_48' title="bbox 1916 1731 3627 1815">
    <p class='ocr_par' dir='ltr' id='par_1_48' title="bbox 1916 1731 3627 1815">
     <span class='ocr_line' id='line_1_48' title="bbox 1916 1731 3627 1815; baseline 0.004 -32"><span class='ocrx_word' id='word_1_343' title='bbox 1916 1762 1955 1815; x_wconf 75' lang='lat' dir='ltr'><strong>B</strong></span> <span class='ocrx_word' id='word_1_344' title='bbox 1985 1744 2167 1799; x_wconf 88' lang='lat' dir='ltr'><strong>gnam</strong></span> <span class='ocrx_word' id='word_1_345' title='bbox 2186 1731 2345 1786; x_wconf 90' lang='lat' dir='ltr'><strong>sitim</strong></span> <span class='ocrx_word' id='word_1_346' title='bbox 2373 1732 2728 1801; x_wconf 88' lang='lat' dir='ltr'><strong>cognitionis</strong></span> <span class='ocrx_word' id='word_1_347' title='bbox 2741 1734 2888 1803; x_wconf 91' lang='lat' dir='ltr'><strong>ejus,</strong></span> <span class='ocrx_word' id='word_1_348' title='bbox 2914 1733 3079 1804; x_wconf 88' lang='lat' dir='ltr'><strong>quod</strong></span> <span class='ocrx_word' id='word_1_349' title='bbox 3096 1740 3219 1789; x_wconf 89' lang='lat' dir='ltr'><strong>erat</strong></span> <span class='ocrx_word' id='word_1_350' title='bbox 3233 1736 3627 1806; x_wconf 86' lang='lat' dir='ltr'><strong>propositum,</strong></span> 
     </span>
    </p>
   </div>
   <div class='ocr_carea' id='block_1_49' title="bbox 1984 1818 3627 1891">
    <p class='ocr_par' dir='ltr' id='par_1_49' title="bbox 1984 1818 3627 1891">
     <span class='ocr_line' id='line_1_49' title="bbox 1984 1818 3627 1891; baseline 0.004 -18"><span class='ocrx_word' id='word_1_351' title='bbox 1984 1818 2127 1874; x_wconf 88' lang='lat' dir='ltr'><strong>nihil</strong></span> <span class='ocrx_word' id='word_1_352' title='bbox 2178 1820 2251 1875; x_wconf 90' lang='lat' dir='ltr'><strong>de</strong></span> <span class='ocrx_word' id='word_1_353' title='bbox 2299 1836 2599 1891; x_wconf 89' lang='lat' dir='ltr'><strong>propenso</strong></span> <span class='ocrx_word' id='word_1_354' title='bbox 2653 1836 2762 1876; x_wconf 93' lang='lat' dir='ltr'><strong>suo</strong></span> <span class='ocrx_word' id='word_1_355' title='bbox 2821 1822 3017 1876; x_wconf 89' lang='lat' dir='ltr'><strong>studio</strong></span> <span class='ocrx_word' id='word_1_356' title='bbox 3063 1823 3443 1887; x_wconf 90' lang='lat' dir='ltr'><strong>remitterent,</strong></span> <span class='ocrx_word' id='word_1_357' title='bbox 3494 1839 3627 1879; x_wconf 91' lang='lat' dir='ltr'><strong>eam</strong></span> 
     </span>
    </p>
   </div>
   <div class='ocr_carea' id='block_1_50' title="bbox 1983 1907 3630 1985">
    <p class='ocr_par' dir='ltr' id='par_1_50' title="bbox 1983 1907 3630 1985">
     <span class='ocr_line' id='line_1_50' title="bbox 1983 1907 3630 1985; baseline 0.002 -21"><span class='ocrx_word' id='word_1_358' title='bbox 1983 1907 2181 1964; x_wconf 91' lang='lat' dir='ltr'><strong>adhuc</strong></span> <span class='ocrx_word' id='word_1_359' title='bbox 2237 1909 2479 1965; x_wconf 90' lang='lat' dir='ltr'><strong>invitant</strong></span> <span class='ocrx_word' id='word_1_360' title='bbox 2533 1909 2858 1985; x_wconf 87' lang='lat' dir='ltr'><strong>ardentius,</strong></span> <span class='ocrx_word' id='word_1_361' title='bbox 2903 1915 2960 1965; x_wconf 90' lang='lat' dir='ltr'><strong>et</strong></span> <span class='ocrx_word' id='word_1_362' title='bbox 3012 1910 3166 1965; x_wconf 91' lang='lat' dir='ltr'><strong>illius</strong></span> <span class='ocrx_word' id='word_1_363' title='bbox 3215 1926 3337 1967; x_wconf 90' lang='lat' dir='ltr'><strong>non</strong></span> <span class='ocrx_word' id='word_1_364' title='bbox 3380 1912 3630 1982; x_wconf 88' lang='lat' dir='ltr'><strong>parendi</strong></span> 
     </span>
    </p>
   </div>
   <div class='ocr_carea' id='block_1_51' title="bbox 1984 1997 3624 2068">
    <p class='ocr_par' dir='ltr' id='par_1_51' title="bbox 1984 1997 3624 2068">
     <span class='ocr_line' id='line_1_51' title="bbox 1984 1997 3624 2068; baseline 0.002 -17"><span class='ocrx_word' id='word_1_365' title='bbox 1984 1998 2321 2068; x_wconf 86' lang='lat' dir='ltr'><strong>pertinacia</strong></span> <span class='ocrx_word' id='word_1_366' title='bbox 2352 1998 2639 2068; x_wconf 89' lang='lat' dir='ltr'><strong>objiciunt</strong></span> <span class='ocrx_word' id='word_1_367' title='bbox 2654 1997 2817 2053; x_wconf 89' lang='lat' dir='ltr'><strong>aliud</strong></span> <span class='ocrx_word' id='word_1_368' title='bbox 2837 1997 3087 2054; x_wconf 89' lang='lat' dir='ltr'><strong>validius</strong></span> <span class='ocrx_word' id='word_1_369' title='bbox 3116 1999 3318 2065; x_wconf 91' lang='lat' dir='ltr'><strong>:Quid,</strong></span> <span class='ocrx_word' id='word_1_370' title='bbox 3343 2000 3624 2065; x_wconf 86' lang='lat' dir='ltr'><strong>dicentes,</strong></span> 
     </span>
    </p>
   </div>
   <div class='ocr_carea' id='block_1_52' title="bbox 1982 2084 3629 2158">
    <p class='ocr_par' dir='ltr' id='par_1_52' title="bbox 1982 2084 3629 2158">
     <span class='ocr_line' id='line_1_52' title="bbox 1982 2084 3629 2158; baseline 0.002 -18"><span class='ocrx_word' id='word_1_371' title='bbox 1982 2085 2200 2149; x_wconf 89' lang='lat' dir='ltr'><strong>obstat,</strong></span> <span class='ocrx_word' id='word_1_372' title='bbox 2256 2084 2305 2140; x_wconf 89' lang='lat' dir='ltr'><strong>si</strong></span> <span class='ocrx_word' id='word_1_373' title='bbox 2357 2100 2496 2141; x_wconf 92' lang='lat' dir='ltr'><strong>cum</strong></span> <span class='ocrx_word' id='word_1_374' title='bbox 2529 2091 2587 2140; x_wconf 94' lang='lat' dir='ltr'><strong>tu</strong></span> <span class='ocrx_word' id='word_1_375' title='bbox 2636 2086 2934 2157; x_wconf 91' lang='lat' dir='ltr'><strong>acceperis</strong></span> <span class='ocrx_word' id='word_1_376' title='bbox 2990 2086 3175 2151; x_wconf 85' lang='lat' dir='ltr'><strong>cibos,</strong></span> <span class='ocrx_word' id='word_1_377' title='bbox 3228 2087 3448 2158; x_wconf 91' lang='lat' dir='ltr'><strong>quibus</strong></span> <span class='ocrx_word' id='word_1_378' title='bbox 3520 2102 3629 2158; x_wconf 93' lang='lat' dir='ltr'><strong>pro</strong></span> 
     </span>
    </p>
   </div>
   <div class='ocr_carea' id='block_1_53' title="bbox 1986 2173 3629 2246">
    <p class='ocr_par' dir='ltr' id='par_1_53' title="bbox 1986 2173 3629 2246">
     <span class='ocr_line' id='line_1_53' title="bbox 1986 2173 3629 2246; baseline 0.001 -18"><span class='ocrx_word' id='word_1_379' title='bbox 1986 2190 2146 2229; x_wconf 89' lang='lat' dir='ltr'><strong>more</strong></span> <span class='ocrx_word' id='word_1_380' title='bbox 2172 2174 2443 2239; x_wconf 89' lang='lat' dir='ltr'><strong>vesceris,</strong></span> <span class='ocrx_word' id='word_1_381' title='bbox 2474 2173 2788 2229; x_wconf 91' lang='lat' dir='ltr'><strong>nobiscum</strong></span> <span class='ocrx_word' id='word_1_382' title='bbox 2811 2173 3057 2245; x_wconf 90' lang='lat' dir='ltr'><strong>quidem</strong></span> <span class='ocrx_word' id='word_1_383' title='bbox 3084 2173 3467 2246; x_wconf 89' lang='lat' dir='ltr'><strong>colloquaris,</strong></span> <span class='ocrx_word' id='word_1_384' title='bbox 3501 2174 3629 2231; x_wconf 91' lang='lat' dir='ltr'><strong>sola</strong></span> 
     </span>
    </p>
   </div>
   <div class='ocr_carea' id='block_1_54' title="bbox 1984 2262 3632 2335">
    <p class='ocr_par' dir='ltr' id='par_1_54' title="bbox 1984 2262 3632 2335">
     <span class='ocr_line' id='line_1_54' title="bbox 1984 2262 3632 2335; baseline 0 -18"><span class='ocrx_word' id='word_1_385' title='bbox 1984 2267 2179 2317; x_wconf 91' lang='lat' dir='ltr'><strong>autem</strong></span> <span class='ocrx_word' id='word_1_386' title='bbox 2209 2263 2320 2317; x_wconf 90' lang='lat' dir='ltr'><strong>tuis</strong></span> <span class='ocrx_word' id='word_1_387' title='bbox 2358 2262 2651 2317; x_wconf 88' lang='lat' dir='ltr'><strong>alimentis</strong></span> <span class='ocrx_word' id='word_1_388' title='bbox 2692 2263 2874 2317; x_wconf 91' lang='lat' dir='ltr'><strong>utaris</strong></span> <span class='ocrx_word' id='word_1_389' title='bbox 2898 2262 2925 2317; x_wconf 85' lang='lat'><strong>?</strong></span> <span class='ocrx_word' id='word_1_390' title='bbox 2954 2263 3047 2317; x_wconf 86' lang='lat' dir='ltr'><strong>His</strong></span> <span class='ocrx_word' id='word_1_391' title='bbox 3076 2263 3274 2335; x_wconf 89' lang='lat' dir='ltr'><strong>itaque</strong></span> <span class='ocrx_word' id='word_1_392' title='bbox 3314 2268 3475 2334; x_wconf 87' lang='lat' dir='ltr'><strong>paret</strong></span> <span class='ocrx_word' id='word_1_393' title='bbox 3507 2279 3632 2318; x_wconf 90' lang='lat' dir='ltr'><strong>mu-</strong></span> 
     </span>
    </p>
   </div>
   <div class='ocr_carea' id='block_1_55' title="bbox 1984 2348 2622 2419">
    <p class='ocr_par' dir='ltr' id='par_1_55' title="bbox 1984 2348 2622 2419">
     <span class='ocr_line' id='line_1_55' title="bbox 1984 2348 2622 2419; baseline -0.003 -15"><span class='ocrx_word' id='word_1_394' title='bbox 1984 2348 2109 2415; x_wconf 91' lang='lat' dir='ltr'><strong>lier,</strong></span> <span class='ocrx_word' id='word_1_395' title='bbox 2141 2354 2198 2404; x_wconf 90' lang='lat' dir='ltr'><strong>et</strong></span> <span class='ocrx_word' id='word_1_396' title='bbox 2222 2350 2622 2419; x_wconf 89' lang='lat' dir='ltr'><strong>congreditur.</strong></span> 
     </span>
    </p>
   </div>
   <div class='ocr_carea' id='block_1_56' title="bbox 2057 2436 3628 2509">
    <p class='ocr_par' dir='ltr' id='par_1_56' title="bbox 2057 2436 3628 2509">
     <span class='ocr_line' id='line_1_56' title="bbox 2057 2436 3628 2509; baseline 0.001 -18"><span class='ocrx_word' id='word_1_397' title='bbox 2057 2438 2270 2492; x_wconf 82' lang='lat' dir='ltr'><strong>XLVII.</strong></span> <span class='ocrx_word' id='word_1_398' title='bbox 2298 2441 2613 2509; x_wconf 87' lang='lat' dir='ltr'><strong>Postquam</strong></span> <span class='ocrx_word' id='word_1_399' title='bbox 2636 2441 2832 2492; x_wconf 89' lang='lat' dir='ltr'><strong>autem</strong></span> <span class='ocrx_word' id='word_1_400' title='bbox 2865 2436 3281 2501; x_wconf 87' lang='lat' dir='ltr'><strong>comedissent,</strong></span> <span class='ocrx_word' id='word_1_401' title='bbox 3307 2437 3470 2508; x_wconf 89' lang='lat' dir='ltr'><strong>apud</strong></span> <span class='ocrx_word' id='word_1_402' title='bbox 3496 2453 3628 2493; x_wconf 87' lang='lat' dir='ltr'><strong>eam</strong></span> 
     </span>
    </p>
   </div>
   <div class='ocr_carea' id='block_1_57' title="bbox 1986 2525 3631 2595">
    <p class='ocr_par' dir='ltr' id='par_1_57' title="bbox 1986 2525 3631 2595">
     <span class='ocr_line' id='line_1_57' title="bbox 1986 2525 3631 2595; baseline 0.001 -16"><span class='ocrx_word' id='word_1_403' title='bbox 1986 2526 2094 2579; x_wconf 86' lang='lat' dir='ltr'><strong>viri</strong></span> <span class='ocrx_word' id='word_1_404' title='bbox 2146 2526 2221 2580; x_wconf 90' lang='lat' dir='ltr'><strong>illi</strong></span> <span class='ocrx_word' id='word_1_405' title='bbox 2258 2527 2531 2595; x_wconf 90' lang='lat' dir='ltr'><strong>precibus</strong></span> <span class='ocrx_word' id='word_1_406' title='bbox 2554 2531 2822 2595; x_wconf 90' lang='lat' dir='ltr'><strong>egerunt,</strong></span> <span class='ocrx_word' id='word_1_407' title='bbox 2858 2532 2921 2580; x_wconf 92' lang='lat' dir='ltr'><strong>ut</strong></span> <span class='ocrx_word' id='word_1_408' title='bbox 2946 2526 3028 2581; x_wconf 91' lang='lat' dir='ltr'><strong>eis</strong></span> <span class='ocrx_word' id='word_1_409' title='bbox 3058 2525 3119 2581; x_wconf 90' lang='lat' dir='ltr'><strong>id</strong></span> <span class='ocrx_word' id='word_1_410' title='bbox 3147 2526 3480 2595; x_wconf 84' lang='lat' dir='ltr'><strong>signiﬁcare</strong></span> <span class='ocrx_word' id='word_1_411' title='bbox 3510 2541 3631 2581; x_wconf 92' lang='lat' dir='ltr'><strong>non</strong></span> 
     </span>
    </p>
   </div>
   <div class='ocr_carea' id='block_1_58' title="bbox 1985 2613 3634 2685">
    <p class='ocr_par' dir='ltr' id='par_1_58' title="bbox 1985 2613 3634 2685">
     <span class='ocr_line' id='line_1_58' title="bbox 1985 2613 3634 2685; baseline 0.002 -19"><span class='ocrx_word' id='word_1_412' title='bbox 1985 2619 2303 2676; x_wconf 86' lang='lat' dir='ltr'><strong>recusaret,</strong></span> <span class='ocrx_word' id='word_1_413' title='bbox 2334 2629 2614 2683; x_wconf 87' lang='lat' dir='ltr'><strong>quanam</strong></span> <span class='ocrx_word' id='word_1_414' title='bbox 2656 2619 2859 2668; x_wconf 88' lang='lat' dir='ltr'><strong>essent</strong></span> <span class='ocrx_word' id='word_1_415' title='bbox 2886 2629 2957 2668; x_wconf 91' lang='lat' dir='ltr'><strong>ea</strong></span> <span class='ocrx_word' id='word_1_416' title='bbox 3010 2630 3145 2685; x_wconf 87' lang='lat' dir='ltr'><strong>qua</strong></span> <span class='ocrx_word' id='word_1_417' title='bbox 3167 2613 3474 2669; x_wconf 87' lang='lat' dir='ltr'><strong>ﬁebantin</strong></span> <span class='ocrx_word' id='word_1_418' title='bbox 3530 2614 3634 2669; x_wconf 62' lang='lat' dir='ltr'><strong>doc</strong></span> 
     </span>
    </p>
   </div>
   <div class='ocr_carea' id='block_1_59' title="bbox 1983 2700 3632 2773">
    <p class='ocr_par' dir='ltr' id='par_1_59' title="bbox 1983 2700 3632 2773">
     <span class='ocr_line' id='line_1_59' title="bbox 1983 2700 3632 2773; baseline 0 -16"><span class='ocrx_word' id='word_1_419' title='bbox 1983 2716 2084 2757; x_wconf 92' lang='lat' dir='ltr'><strong>mo</strong></span> <span class='ocrx_word' id='word_1_420' title='bbox 2110 2701 2389 2757; x_wconf 88' lang='lat' dir='ltr'><strong>interiori.</strong></span> <span class='ocrx_word' id='word_1_421' title='bbox 2427 2700 2854 2756; x_wconf 78' lang='lat' dir='ltr'><strong>Existimabam</strong></span> <span class='ocrx_word' id='word_1_422' title='bbox 2873 2702 3032 2756; x_wconf 91' lang='lat' dir='ltr'><strong>enim</strong></span> <span class='ocrx_word' id='word_1_423' title='bbox 3058 2717 3186 2757; x_wconf 91' lang='lat' dir='ltr'><strong>esse</strong></span> <span class='ocrx_word' id='word_1_424' title='bbox 3217 2701 3440 2773; x_wconf 89' lang='lat' dir='ltr'><strong>aliquid</strong></span> <span class='ocrx_word' id='word_1_425' title='bbox 3470 2701 3632 2773; x_wconf 91' lang='lat' dir='ltr'><strong>lega-</strong></span> 
     </span>
    </p>
   </div>
   <div class='ocr_carea' id='block_1_60' title="bbox 1986 2787 3631 2853">
    <p class='ocr_par' dir='ltr' id='par_1_60' title="bbox 1986 2787 3631 2853">
     <span class='ocr_line' id='line_1_60' title="bbox 1986 2787 3631 2853; baseline 0.001 -10"><span class='ocrx_word' id='word_1_426' title='bbox 1986 2788 2056 2853; x_wconf 90' lang='lat' dir='ltr'><strong>le,</strong></span> <span class='ocrx_word' id='word_1_427' title='bbox 2081 2795 2134 2843; x_wconf 93' lang='lat' dir='ltr'><strong>et</strong></span> <span class='ocrx_word' id='word_1_428' title='bbox 2182 2804 2250 2843; x_wconf 83' lang='lat' dir='ltr'><strong>ex</strong></span> <span class='ocrx_word' id='word_1_429' title='bbox 2286 2789 2700 2844; x_wconf 89' lang='lat' dir='ltr'><strong>umbratilibus</strong></span> <span class='ocrx_word' id='word_1_430' title='bbox 2754 2787 2864 2843; x_wconf 89' lang='lat' dir='ltr'><strong>illis</strong></span> <span class='ocrx_word' id='word_1_431' title='bbox 2900 2796 2953 2844; x_wconf 91' lang='lat' dir='ltr'><strong>et</strong></span> <span class='ocrx_word' id='word_1_432' title='bbox 3001 2790 3315 2844; x_wconf 88' lang='lat' dir='ltr'><strong>veteribus.</strong></span> <span class='ocrx_word' id='word_1_433' title='bbox 3374 2789 3476 2844; x_wconf 90' lang='lat' dir='ltr'><strong>Illa</strong></span> <span class='ocrx_word' id='word_1_434' title='bbox 3531 2805 3631 2845; x_wconf 89' lang='lat' dir='ltr'><strong>au-</strong></span> 
     </span>
    </p>
   </div>
   <div class='ocr_carea' id='block_1_61' title="bbox 1987 2876 3632 2948">
    <p class='ocr_par' dir='ltr' id='par_1_61' title="bbox 1987 2876 3632 2948">
     <span class='ocr_line' id='line_1_61' title="bbox 1987 2876 3632 2948; baseline 0.002 -18"><span class='ocrx_word' id='word_1_435' title='bbox 1987 2882 2105 2930; x_wconf 86' lang='lat' dir='ltr'><strong>tem</strong></span> <span class='ocrx_word' id='word_1_436' title='bbox 2138 2892 2208 2931; x_wconf 93' lang='lat' dir='ltr'><strong>ea</strong></span> <span class='ocrx_word' id='word_1_437' title='bbox 2233 2877 2468 2946; x_wconf 90' lang='lat' dir='ltr'><strong>quidem</strong></span> <span class='ocrx_word' id='word_1_438' title='bbox 2508 2877 2669 2941; x_wconf 89' lang='lat' dir='ltr'><strong>dicit,</strong></span> <span class='ocrx_word' id='word_1_439' title='bbox 2703 2893 2858 2948; x_wconf 88' lang='lat' dir='ltr'><strong>qua,</strong></span> <span class='ocrx_word' id='word_1_440' title='bbox 2892 2876 3115 2933; x_wconf 84' lang='lat' dir='ltr'><strong>ﬁebant</strong></span> <span class='ocrx_word' id='word_1_441' title='bbox 3147 2895 3160 2933; x_wconf 92' lang='lat'>:</span> <span class='ocrx_word' id='word_1_442' title='bbox 3189 2894 3434 2932; x_wconf 89' lang='lat' dir='ltr'><strong>causam</strong></span> <span class='ocrx_word' id='word_1_443' title='bbox 3469 2892 3632 2944; x_wconf 91' lang='lat' dir='ltr'><strong>vero,</strong></span> 
     </span>
    </p>
   </div>
   <div class='ocr_carea' id='block_1_62' title="bbox 1987 2964 3635 3035">
    <p class='ocr_par' dir='ltr' id='par_1_62' title="bbox 1987 2964 3635 3035">
     <span class='ocr_line' id='line_1_62' title="bbox 1987 2964 3635 3035; baseline 0.002 -18"><span class='ocrx_word' id='word_1_444' title='bbox 1987 2964 2384 3033; x_wconf 87' lang='lat' dir='ltr'><strong>quamobrem</strong></span> <span class='ocrx_word' id='word_1_445' title='bbox 2440 2981 2511 3020; x_wconf 92' lang='lat' dir='ltr'><strong>ea</strong></span> <span class='ocrx_word' id='word_1_446' title='bbox 2554 2964 2776 3029; x_wconf 86' lang='lat' dir='ltr'><strong>ﬁerent,</strong></span> <span class='ocrx_word' id='word_1_447' title='bbox 2839 2966 3081 3020; x_wconf 90' lang='lat' dir='ltr'><strong>minime</strong></span> <span class='ocrx_word' id='word_1_448' title='bbox 3134 2965 3525 3035; x_wconf 89' lang='lat' dir='ltr'><strong>persuadetur</strong></span> <span class='ocrx_word' id='word_1_449' title='bbox 3575 2969 3635 3021; x_wconf 92' lang='lat' dir='ltr'><strong>ut</strong></span> 
     </span>
    </p>
   </div>
   <div class='ocr_carea' id='block_1_63' title="bbox 1990 3051 3635 3124">
    <p class='ocr_par' dir='ltr' id='par_1_63' title="bbox 1990 3051 3635 3124">
     <span class='ocr_line' id='line_1_63' title="bbox 1990 3051 3635 3124; baseline 0.002 -18"><span class='ocrx_word' id='word_1_450' title='bbox 1990 3051 2234 3122; x_wconf 85' lang='lat' dir='ltr'><strong>aperiat.</strong></span> <span class='ocrx_word' id='word_1_451' title='bbox 2311 3052 2523 3107; x_wconf 88' lang='lat' dir='ltr'><strong>Videtis</strong></span> <span class='ocrx_word' id='word_1_452' title='bbox 2581 3054 2763 3116; x_wconf 92' lang='lat' dir='ltr'><strong>enim,</strong></span> <span class='ocrx_word' id='word_1_453' title='bbox 2837 3053 3046 3124; x_wconf 87' lang='lat' dir='ltr'><strong>inquit,</strong></span> <span class='ocrx_word' id='word_1_454' title='bbox 3093 3068 3125 3106; x_wconf 92' lang='lat' dir='ltr'><strong>o</strong></span> <span class='ocrx_word' id='word_1_455' title='bbox 3177 3053 3285 3107; x_wconf 92' lang='lat' dir='ltr'><strong>viri</strong></span> <span class='ocrx_word' id='word_1_456' title='bbox 3362 3053 3635 3123; x_wconf 88' lang='lat' dir='ltr'><strong>dignissi-</strong></span> 
     </span>
    </p>
   </div>
   <div class='ocr_carea' id='block_1_64' title="bbox 210 3113 3635 3213">
    <p class='ocr_par' dir='ltr' id='par_1_64' title="bbox 210 3113 3635 3213">
     <span class='ocr_line' id='line_1_64' title="bbox 210 3113 3635 3213; baseline -0 -15"><span class='ocrx_word' id='word_1_457' title='bbox 210 3143 493 3213; x_wconf 86' lang='lat' dir='ltr'><strong>genitum</strong></span> <span class='ocrx_word' id='word_1_458' title='bbox 524 3158 540 3208; x_wconf 87' lang='lat'><strong>;</strong></span> <span class='ocrx_word' id='word_1_459' title='bbox 571 3142 694 3197; x_wconf 75' lang='lat' dir='ltr'><strong>haec</strong></span> <span class='ocrx_word' id='word_1_460' title='bbox 723 3148 922 3197; x_wconf 92' lang='lat' dir='ltr'><strong>autem</strong></span> <span class='ocrx_word' id='word_1_461' title='bbox 951 3142 1078 3212; x_wconf 92' lang='lat' dir='ltr'><strong>ejus</strong></span> <span class='ocrx_word' id='word_1_462' title='bbox 1108 3141 1210 3197; x_wconf 84' lang='lat' dir='ltr'><strong>ﬁlii</strong></span> <span class='ocrx_word' id='word_1_463' title='bbox 1251 3142 1498 3197; x_wconf 90' lang='lat' dir='ltr'><strong>charum</strong></span> <span class='ocrx_word' id='word_1_464' title='bbox 1532 3147 1587 3197; x_wconf 90' lang='lat' dir='ltr'><strong>et</strong></span> <span class='ocrx_word' id='word_1_465' title='bbox 1627 3156 1877 3197; x_wconf 80' lang='lat' dir='ltr'><strong>consue-</strong></span> <span class='ocrx_word' id='word_1_466' title='bbox 1909 3113 1950 3172; x_wconf 78' lang='lat' dir='ltr'>C</span> <span class='ocrx_word' id='word_1_467' title='bbox 1992 3138 2095 3205; x_wconf 93' lang='lat' dir='ltr'><strong>mi,</strong></span> <span class='ocrx_word' id='word_1_468' title='bbox 2125 3154 2411 3208; x_wconf 88' lang='lat' dir='ltr'><strong>agrorum</strong></span> <span class='ocrx_word' id='word_1_469' title='bbox 2442 3141 2902 3196; x_wconf 90' lang='lat' dir='ltr'><strong>multitudinem.</strong></span> <span class='ocrx_word' id='word_1_470' title='bbox 2945 3141 3170 3196; x_wconf 87' lang='lat' dir='ltr'><strong>Etenim</strong></span> <span class='ocrx_word' id='word_1_471' title='bbox 3201 3157 3338 3196; x_wconf 91' lang='lat' dir='ltr'><strong>cum</strong></span> <span class='ocrx_word' id='word_1_472' title='bbox 3392 3144 3508 3196; x_wconf 92' lang='lat' dir='ltr'><strong>Deo</strong></span> <span class='ocrx_word' id='word_1_473' title='bbox 3553 3141 3635 3197; x_wconf 92' lang='lat' dir='ltr'><strong>ita</strong></span> 
     </span>
    </p>
   </div>
   <div class='ocr_carea' id='block_1_65' title="bbox 212 3229 1880 3300">
    <p class='ocr_par' dir='ltr' id='par_1_65' title="bbox 212 3229 1880 3300">
     <span class='ocr_line' id='line_1_65' title="bbox 212 3229 1880 3300; baseline -0.002 -13"><span class='ocrx_word' id='word_1_474' title='bbox 212 3237 359 3287; x_wconf 84' lang='lat' dir='ltr'><strong>tum</strong></span> <span class='ocrx_word' id='word_1_475' title='bbox 406 3230 815 3286; x_wconf 89' lang='lat' dir='ltr'><strong>diversorium.</strong></span> <span class='ocrx_word' id='word_1_476' title='bbox 849 3232 993 3286; x_wconf 92' lang='lat' dir='ltr'><strong>Cum</strong></span> <span class='ocrx_word' id='word_1_477' title='bbox 1020 3230 1114 3285; x_wconf 85' lang='lat' dir='ltr'><strong>hic</strong></span> <span class='ocrx_word' id='word_1_478' title='bbox 1145 3245 1288 3300; x_wconf 89' lang='lat' dir='ltr'><strong>ergo</strong></span> <span class='ocrx_word' id='word_1_479' title='bbox 1331 3229 1598 3298; x_wconf 82' lang='lat' dir='ltr'><strong>fuissent,</strong></span> <span class='ocrx_word' id='word_1_480' title='bbox 1633 3234 1694 3285; x_wconf 89' lang='lat' dir='ltr'><strong>ut</strong></span> <span class='ocrx_word' id='word_1_481' title='bbox 1730 3229 1880 3285; x_wconf 86' lang='lat' dir='ltr'><strong>dixi-</strong></span> 
     </span>
    </p>
   </div>
   <div class='ocr_carea' id='block_1_66' title="bbox 217 3318 1877 3392">
    <p class='ocr_par' dir='ltr' id='par_1_66' title="bbox 217 3318 1877 3392">
     <span class='ocr_line' id='line_1_66' title="bbox 217 3318 1877 3392; baseline -0.003 -15"><span class='ocrx_word' id='word_1_482' title='bbox 217 3336 385 3384; x_wconf 88' lang='lat' dir='ltr'><strong>mus,</strong></span> <span class='ocrx_word' id='word_1_483' title='bbox 426 3320 715 3392; x_wconf 90' lang='lat' dir='ltr'><strong>quoniam</strong></span> <span class='ocrx_word' id='word_1_484' title='bbox 748 3335 869 3375; x_wconf 91' lang='lat' dir='ltr'><strong>non</strong></span> <span class='ocrx_word' id='word_1_485' title='bbox 888 3318 1267 3390; x_wconf 91' lang='lat' dir='ltr'><strong>permittebat</strong></span> <span class='ocrx_word' id='word_1_486' title='bbox 1296 3323 1533 3390; x_wconf 86' lang='lat' dir='ltr'><strong>tempus</strong></span> <span class='ocrx_word' id='word_1_487' title='bbox 1554 3324 1615 3374; x_wconf 92' lang='lat' dir='ltr'><strong>ut</strong></span> <span class='ocrx_word' id='word_1_488' title='bbox 1636 3318 1877 3374; x_wconf 89' lang='lat' dir='ltr'><strong>ulterius</strong></span> 
     </span>
    </p>
   </div>
   <div class='ocr_carea' id='block_1_67' title="bbox 217 3409 1880 3485">
    <p class='ocr_par' dir='ltr' id='par_1_67' title="bbox 217 3409 1880 3485">
     <span class='ocr_line' id='line_1_67' title="bbox 217 3409 1880 3485; baseline -0.001 -19"><span class='ocrx_word' id='word_1_489' title='bbox 217 3412 720 3485; x_wconf 82' lang='lat' dir='ltr'><strong>progrederemur</strong></span> <span class='ocrx_word' id='word_1_490' title='bbox 772 3409 916 3481; x_wconf 90' lang='lat' dir='ltr'><strong>(jam</strong></span> <span class='ocrx_word' id='word_1_491' title='bbox 949 3409 1110 3464; x_wconf 91' lang='lat' dir='ltr'><strong>enim</strong></span> <span class='ocrx_word' id='word_1_492' title='bbox 1169 3414 1297 3465; x_wconf 89' lang='lat' dir='ltr'><strong>erat</strong></span> <span class='ocrx_word' id='word_1_493' title='bbox 1360 3423 1620 3480; x_wconf 89' lang='lat' dir='ltr'><strong>vespera,</strong></span> <span class='ocrx_word' id='word_1_494' title='bbox 1678 3414 1734 3463; x_wconf 92' lang='lat' dir='ltr'><strong>et</strong></span> <span class='ocrx_word' id='word_1_495' title='bbox 1764 3424 1880 3464; x_wconf 89' lang='lat' dir='ltr'><strong>nox</strong></span> 
     </span>
    </p>
   </div>
   <div class='ocr_carea' id='block_1_68' title="bbox 219 3497 1878 3572">
    <p class='ocr_par' dir='ltr' id='par_1_68' title="bbox 219 3497 1878 3572">
     <span class='ocr_line' id='line_1_68' title="bbox 219 3497 1878 3572; baseline -0.003 -15"><span class='ocrx_word' id='word_1_496' title='bbox 219 3501 533 3566; x_wconf 88' lang='lat' dir='ltr'><strong>obscura;</strong></span> <span class='ocrx_word' id='word_1_497' title='bbox 580 3499 893 3572; x_wconf 90' lang='lat' dir='ltr'><strong>provisum</strong></span> <span class='ocrx_word' id='word_1_498' title='bbox 936 3505 1135 3554; x_wconf 88' lang='lat' dir='ltr'><strong>autem</strong></span> <span class='ocrx_word' id='word_1_499' title='bbox 1176 3497 1427 3554; x_wconf 88' lang='lat' dir='ltr'><strong>omnino</strong></span> <span class='ocrx_word' id='word_1_500' title='bbox 1470 3498 1579 3553; x_wconf 88' lang='lat' dir='ltr'><strong>hoc</strong></span> <span class='ocrx_word' id='word_1_501' title='bbox 1635 3513 1878 3570; x_wconf 84' lang='lat' dir='ltr'><strong>quoque</strong></span> 
     </span>
    </p>
   </div>
   <div class='ocr_carea' id='block_1_69' title="bbox 217 3586 1875 3659">
    <p class='ocr_par' dir='ltr' id='par_1_69' title="bbox 217 3586 1875 3659">
     <span class='ocr_line' id='line_1_69' title="bbox 217 3586 1875 3659; baseline -0.004 -13"><span class='ocrx_word' id='word_1_502' title='bbox 217 3589 422 3646; x_wconf 88' lang='lat' dir='ltr'><strong>fuerat</strong></span> <span class='ocrx_word' id='word_1_503' title='bbox 477 3588 807 3657; x_wconf 90' lang='lat' dir='ltr'><strong>divinitus),</strong></span> <span class='ocrx_word' id='word_1_504' title='bbox 853 3588 1016 3642; x_wconf 90' lang='lat' dir='ltr'><strong>vicus</strong></span> <span class='ocrx_word' id='word_1_505' title='bbox 1068 3587 1313 3659; x_wconf 91' lang='lat' dir='ltr'><strong>quidem</strong></span> <span class='ocrx_word' id='word_1_506' title='bbox 1366 3602 1469 3641; x_wconf 92' lang='lat' dir='ltr'><strong>eos</strong></span> <span class='ocrx_word' id='word_1_507' title='bbox 1527 3586 1875 3657; x_wconf 84' lang='lat' dir='ltr'><strong>excipiebat,</strong></span> 
     </span>
    </p>
   </div>
   <div class='ocr_carea' id='block_1_70' title="bbox 220 3674 1878 3752">
    <p class='ocr_par' dir='ltr' id='par_1_70' title="bbox 220 3674 1878 3752">
     <span class='ocr_line' id='line_1_70' title="bbox 220 3674 1878 3752; baseline -0.004 -16"><span class='ocrx_word' id='word_1_508' title='bbox 220 3681 401 3752; x_wconf 88' lang='lat' dir='ltr'><strong>isque</strong></span> <span class='ocrx_word' id='word_1_509' title='bbox 430 3694 668 3749; x_wconf 88' lang='lat' dir='ltr'><strong>parvus.</strong></span> <span class='ocrx_word' id='word_1_510' title='bbox 706 3677 770 3731; x_wconf 95' lang='lat' dir='ltr'><strong>In</strong></span> <span class='ocrx_word' id='word_1_511' title='bbox 796 3692 867 3732; x_wconf 91' lang='lat' dir='ltr'><strong>eo</strong></span> <span class='ocrx_word' id='word_1_512' title='bbox 907 3682 1107 3732; x_wconf 81' lang='lat' dir='ltr'><strong>autem</strong></span> <span class='ocrx_word' id='word_1_513' title='bbox 1135 3676 1488 3731; x_wconf 89' lang='lat' dir='ltr'><strong>habitabant</strong></span> <span class='ocrx_word' id='word_1_514' title='bbox 1519 3682 1574 3730; x_wconf 92' lang='lat' dir='ltr'><strong>et</strong></span> <span class='ocrx_word' id='word_1_515' title='bbox 1600 3674 1696 3729; x_wconf 91' lang='lat' dir='ltr'><strong>alii</strong></span> <span class='ocrx_word' id='word_1_516' title='bbox 1758 3690 1878 3730; x_wconf 90' lang='lat' dir='ltr'><strong>non</strong></span> 
     </span>
    </p>
   </div>
   <div class='ocr_carea' id='block_1_71' title="bbox 221 3763 1881 3841">
    <p class='ocr_par' dir='ltr' id='par_1_71' title="bbox 221 3763 1881 3841">
     <span class='ocr_line' id='line_1_71' title="bbox 221 3763 1881 3841; baseline -0.004 -17"><span class='ocrx_word' id='word_1_517' title='bbox 221 3767 430 3841; x_wconf 91' lang='lat' dir='ltr'><strong>pauci,</strong></span> <span class='ocrx_word' id='word_1_518' title='bbox 459 3773 516 3823; x_wconf 95' lang='lat' dir='ltr'><strong>et</strong></span> <span class='ocrx_word' id='word_1_519' title='bbox 545 3765 891 3822; x_wconf 89' lang='lat' dir='ltr'><strong>muliercula</strong></span> <span class='ocrx_word' id='word_1_520' title='bbox 918 3780 1153 3837; x_wconf 81' lang='lat' dir='ltr'><strong>quoque</strong></span> <span class='ocrx_word' id='word_1_521' title='bbox 1185 3764 1466 3836; x_wconf 87' lang='lat' dir='ltr'><strong>quadam</strong></span> <span class='ocrx_word' id='word_1_522' title='bbox 1499 3763 1748 3832; x_wconf 89' lang='lat' dir='ltr'><strong>insignis</strong></span> <span class='ocrx_word' id='word_1_523' title='bbox 1787 3778 1881 3818; x_wconf 88' lang='lat' dir='ltr'><strong>ca-</strong></span> 
     </span>
    </p>
   </div>
   <div class='ocr_carea' id='block_1_72' title="bbox 225 3851 1875 3926">
    <p class='ocr_par' dir='ltr' id='par_1_72' title="bbox 225 3851 1875 3926">
     <span class='ocr_line' id='line_1_72' title="bbox 225 3851 1875 3926; baseline -0.004 -14"><span class='ocrx_word' id='word_1_524' title='bbox 225 3857 448 3920; x_wconf 88' lang='lat' dir='ltr'><strong>stitate,</strong></span> <span class='ocrx_word' id='word_1_525' title='bbox 481 3860 538 3910; x_wconf 90' lang='lat' dir='ltr'><strong>et</strong></span> <span class='ocrx_word' id='word_1_526' title='bbox 564 3854 741 3926; x_wconf 91' lang='lat' dir='ltr'><strong>plane</strong></span> <span class='ocrx_word' id='word_1_527' title='bbox 786 3854 1204 3909; x_wconf 89' lang='lat' dir='ltr'><strong>honestissima</strong></span> <span class='ocrx_word' id='word_1_528' title='bbox 1246 3858 1303 3908; x_wconf 93' lang='lat' dir='ltr'><strong>et</strong></span> <span class='ocrx_word' id='word_1_529' title='bbox 1348 3851 1828 3907; x_wconf 89' lang='lat' dir='ltr'><strong>moderatissima</strong></span> <span class='ocrx_word' id='word_1_530' title='bbox 1862 3868 1875 3906; x_wconf 89' lang='lat'><strong>:</strong></span> 
     </span>
    </p>
   </div>
   <div class='ocr_carea' id='block_1_73' title="bbox 220 3941 1878 4019">
    <p class='ocr_par' dir='ltr' id='par_1_73' title="bbox 220 3941 1878 4019">
     <span class='ocr_line' id='line_1_73' title="bbox 220 3941 1878 4019; baseline -0.004 -20"><span class='ocrx_word' id='word_1_531' title='bbox 220 3960 366 4019; x_wconf 88' lang='lat' dir='ltr'><strong>qua</strong></span> <span class='ocrx_word' id='word_1_532' title='bbox 395 3948 635 4016; x_wconf 86' lang='lat' dir='ltr'><strong>propter</strong></span> <span class='ocrx_word' id='word_1_533' title='bbox 660 3942 1024 4015; x_wconf 86' lang='lat' dir='ltr'><strong>profundum</strong></span> <span class='ocrx_word' id='word_1_534' title='bbox 1055 3941 1291 4012; x_wconf 89' lang='lat' dir='ltr'><strong>quidem</strong></span> <span class='ocrx_word' id='word_1_535' title='bbox 1326 3941 1557 3996; x_wconf 90' lang='lat' dir='ltr'><strong>senium</strong></span> <span class='ocrx_word' id='word_1_536' title='bbox 1588 3947 1643 3996; x_wconf 91' lang='lat' dir='ltr'><strong>et</strong></span> <span class='ocrx_word' id='word_1_537' title='bbox 1696 3955 1878 3995; x_wconf 90' lang='lat' dir='ltr'><strong>cauos</strong></span> 
     </span>
    </p>
   </div>
   <div class='ocr_carea' id='block_1_74' title="bbox 222 4029 1878 4102">
    <p class='ocr_par' dir='ltr' id='par_1_74' title="bbox 222 4029 1878 4102">
     <span class='ocr_line' id='line_1_74' title="bbox 222 4029 1878 4102; baseline -0.005 -11"><span class='ocrx_word' id='word_1_538' title='bbox 222 4036 546 4101; x_wconf 91' lang='lat' dir='ltr'><strong>honorata,</strong></span> <span class='ocrx_word' id='word_1_539' title='bbox 578 4031 684 4088; x_wconf 89' lang='lat' dir='ltr'><strong>sed</strong></span> <span class='ocrx_word' id='word_1_540' title='bbox 736 4036 976 4102; x_wconf 89' lang='lat' dir='ltr'><strong>propter</strong></span> <span class='ocrx_word' id='word_1_541' title='bbox 1031 4045 1316 4099; x_wconf 88' lang='lat' dir='ltr'><strong>maguum</strong></span> <span class='ocrx_word' id='word_1_542' title='bbox 1367 4029 1646 4084; x_wconf 89' lang='lat' dir='ltr'><strong>virtutum</strong></span> <span class='ocrx_word' id='word_1_543' title='bbox 1704 4044 1878 4084; x_wconf 90' lang='lat' dir='ltr'><strong>orna-</strong></span> 
     </span>
    </p>
   </div>
   <div class='ocr_carea' id='block_1_75' title="bbox 226 4118 1875 4190">
    <p class='ocr_par' dir='ltr' id='par_1_75' title="bbox 226 4118 1875 4190">
     <span class='ocr_line' id='line_1_75' title="bbox 226 4118 1875 4190; baseline -0.006 -12"><span class='ocrx_word' id='word_1_544' title='bbox 226 4128 495 4178; x_wconf 89' lang='lat' dir='ltr'><strong>mentum</strong></span> <span class='ocrx_word' id='word_1_545' title='bbox 528 4122 706 4190; x_wconf 87' lang='lat' dir='ltr'><strong>longe</strong></span> <span class='ocrx_word' id='word_1_546' title='bbox 734 4119 1082 4175; x_wconf 83' lang='lat' dir='ltr'><strong>honoratior</strong></span> <span class='ocrx_word' id='word_1_547' title='bbox 1100 4125 1241 4173; x_wconf 91' lang='lat' dir='ltr'><strong>erat.</strong></span> <span class='ocrx_word' id='word_1_548' title='bbox 1268 4118 1438 4188; x_wconf 82' lang='lat' dir='ltr'><strong>Apud</strong></span> <span class='ocrx_word' id='word_1_549' title='bbox 1485 4134 1618 4173; x_wconf 90' lang='lat' dir='ltr'><strong>eam</strong></span> <span class='ocrx_word' id='word_1_550' title='bbox 1681 4124 1875 4172; x_wconf 86' lang='lat' dir='ltr'><strong>autem</strong></span> 
     </span>
    </p>
   </div>
   <div class='ocr_carea' id='block_1_76' title="bbox 223 4204 1876 4277">
    <p class='ocr_par' dir='ltr' id='par_1_76' title="bbox 223 4204 1876 4277">
     <span class='ocr_line' id='line_1_76' title="bbox 223 4204 1876 4277; baseline -0.007 -10"><span class='ocrx_word' id='word_1_551' title='bbox 223 4211 417 4277; x_wconf 86' lang='lat' dir='ltr'><strong>vestis,</strong></span> <span class='ocrx_word' id='word_1_552' title='bbox 465 4210 703 4266; x_wconf 90' lang='lat' dir='ltr'><strong>divinus</strong></span> <span class='ocrx_word' id='word_1_553' title='bbox 751 4209 943 4264; x_wconf 86' lang='lat' dir='ltr'><strong>fuerat</strong></span> <span class='ocrx_word' id='word_1_554' title='bbox 994 4208 1091 4262; x_wconf 88' lang='lat' dir='ltr'><strong>hic</strong></span> <span class='ocrx_word' id='word_1_555' title='bbox 1144 4207 1461 4262; x_wconf 88' lang='lat' dir='ltr'><strong>thesaurus</strong></span> <span class='ocrx_word' id='word_1_556' title='bbox 1514 4204 1876 4260; x_wconf 90' lang='lat' dir='ltr'><strong>reconditus.</strong></span> 
     </span>
    </p>
   </div>
   <div class='ocr_carea' id='block_1_77' title="bbox 225 4289 1879 4366">
    <p class='ocr_par' dir='ltr' id='par_1_77' title="bbox 225 4289 1879 4366">
     <span class='ocr_line' id='line_1_77' title="bbox 225 4289 1879 4366; baseline -0.008 -10"><span class='ocrx_word' id='word_1_557' title='bbox 225 4301 546 4366; x_wconf 88' lang='lat' dir='ltr'><strong>Quomodo</strong></span> <span class='ocrx_word' id='word_1_558' title='bbox 590 4312 727 4353; x_wconf 89' lang='lat' dir='ltr'><strong>vero</strong></span> <span class='ocrx_word' id='word_1_559' title='bbox 776 4296 983 4351; x_wconf 85' lang='lat' dir='ltr'><strong>fuisset</strong></span> <span class='ocrx_word' id='word_1_560' title='bbox 1008 4295 1107 4349; x_wconf 87' lang='lat' dir='ltr'><strong>illa</strong></span> <span class='ocrx_word' id='word_1_561' title='bbox 1162 4300 1343 4349; x_wconf 89' lang='lat' dir='ltr'><strong>tanta</strong></span> <span class='ocrx_word' id='word_1_562' title='bbox 1389 4292 1472 4348; x_wconf 91' lang='lat' dir='ltr'><strong>rei</strong></span> <span class='ocrx_word' id='word_1_563' title='bbox 1499 4298 1718 4356; x_wconf 90' lang='lat' dir='ltr'><strong>custos,</strong></span> <span class='ocrx_word' id='word_1_564' title='bbox 1769 4289 1879 4343; x_wconf 90' lang='lat' dir='ltr'><strong>nisi</strong></span> 
     </span>
    </p>
   </div>
   <div class='ocr_carea' id='block_1_78' title="bbox 225 4378 1880 4452">
    <p class='ocr_par' dir='ltr' id='par_1_78' title="bbox 225 4378 1880 4452">
     <span class='ocr_line' id='line_1_78' title="bbox 225 4378 1880 4452; baseline -0.009 -5"><span class='ocrx_word' id='word_1_565' title='bbox 225 4395 283 4447; x_wconf 89' lang='lat' dir='ltr'><strong>et</strong></span> <span class='ocrx_word' id='word_1_566' title='bbox 306 4388 589 4443; x_wconf 90' lang='lat' dir='ltr'><strong>virtutum</strong></span> <span class='ocrx_word' id='word_1_567' title='bbox 624 4386 833 4440; x_wconf 85' lang='lat' dir='ltr'><strong>fuisset</strong></span> <span class='ocrx_word' id='word_1_568' title='bbox 856 4389 1067 4439; x_wconf 89' lang='lat' dir='ltr'><strong>ornata</strong></span> <span class='ocrx_word' id='word_1_569' title='bbox 1108 4379 1564 4452; x_wconf 90' lang='lat' dir='ltr'><strong>pulchritudine,</strong></span> <span class='ocrx_word' id='word_1_570' title='bbox 1612 4384 1669 4433; x_wconf 92' lang='lat' dir='ltr'><strong>et</strong></span> <span class='ocrx_word' id='word_1_571' title='bbox 1693 4378 1880 4433; x_wconf 90' lang='lat' dir='ltr'><strong>animi</strong></span> 
     </span>
    </p>
   </div>
   <div class='ocr_carea' id='block_1_79' title="bbox 1991 3227 3637 3299">
    <p class='ocr_par' dir='ltr' id='par_1_79' title="bbox 1991 3227 3637 3299">
     <span class='ocr_line' id='line_1_79' title="bbox 1991 3227 3637 3299; baseline 0.002 -18"><span class='ocrx_word' id='word_1_572' title='bbox 1991 3227 2278 3290; x_wconf 89' lang='lat' dir='ltr'><strong>videatur,</strong></span> <span class='ocrx_word' id='word_1_573' title='bbox 2305 3228 2363 3282; x_wconf 90' lang='lat' dir='ltr'><strong>in</strong></span> <span class='ocrx_word' id='word_1_574' title='bbox 2390 3228 2503 3282; x_wconf 91' lang='lat' dir='ltr'><strong>hoc</strong></span> <span class='ocrx_word' id='word_1_575' title='bbox 2542 3229 2783 3299; x_wconf 88' lang='lat' dir='ltr'><strong>quidem</strong></span> <span class='ocrx_word' id='word_1_576' title='bbox 2816 3230 2945 3283; x_wconf 87' lang='lat' dir='ltr'><strong>loco</strong></span> <span class='ocrx_word' id='word_1_577' title='bbox 2989 3230 3295 3284; x_wconf 87' lang='lat' dir='ltr'><strong>damones</strong></span> <span class='ocrx_word' id='word_1_578' title='bbox 3328 3228 3637 3299; x_wconf 86' lang='lat' dir='ltr'><strong>expellun-</strong></span> 
     </span>
    </p>
   </div>
   <div class='ocr_carea' id='block_1_80' title="bbox 1991 3315 3632 3383">
    <p class='ocr_par' dir='ltr' id='par_1_80' title="bbox 1991 3315 3632 3383">
     <span class='ocr_line' id='line_1_80' title="bbox 1991 3315 3632 3383; baseline 0.001 -13"><span class='ocrx_word' id='word_1_579' title='bbox 1991 3321 2124 3371; x_wconf 91' lang='lat' dir='ltr'><strong>tur:</strong></span> <span class='ocrx_word' id='word_1_580' title='bbox 2158 3316 2327 3370; x_wconf 89' lang='lat' dir='ltr'><strong>cacis</strong></span> <span class='ocrx_word' id='word_1_581' title='bbox 2376 3321 2577 3371; x_wconf 90' lang='lat' dir='ltr'><strong>autem</strong></span> <span class='ocrx_word' id='word_1_582' title='bbox 2622 3320 2683 3370; x_wconf 92' lang='lat' dir='ltr'><strong>ut</strong></span> <span class='ocrx_word' id='word_1_583' title='bbox 2744 3315 2920 3369; x_wconf 91' lang='lat' dir='ltr'><strong>libere</strong></span> <span class='ocrx_word' id='word_1_584' title='bbox 2969 3315 3224 3383; x_wconf 89' lang='lat' dir='ltr'><strong>videant,</strong></span> <span class='ocrx_word' id='word_1_585' title='bbox 3283 3315 3511 3371; x_wconf 90' lang='lat' dir='ltr'><strong>claudis</strong></span> <span class='ocrx_word' id='word_1_586' title='bbox 3568 3321 3632 3371; x_wconf 94' lang='lat' dir='ltr'><strong>ut</strong></span> 
     </span>
    </p>
   </div>
   <div class='ocr_carea' id='block_1_81' title="bbox 1988 3402 3631 3476">
    <p class='ocr_par' dir='ltr' id='par_1_81' title="bbox 1988 3402 3631 3476">
     <span class='ocr_line' id='line_1_81' title="bbox 1988 3402 3631 3476; baseline 0.001 -17"><span class='ocrx_word' id='word_1_587' title='bbox 1988 3403 2316 3468; x_wconf 88' lang='lat' dir='ltr'><strong>ambulent,</strong></span> <span class='ocrx_word' id='word_1_588' title='bbox 2350 3404 2541 3459; x_wconf 88' lang='lat' dir='ltr'><strong>surdis</strong></span> <span class='ocrx_word' id='word_1_589' title='bbox 2572 3408 2635 3459; x_wconf 90' lang='lat' dir='ltr'><strong>ut</strong></span> <span class='ocrx_word' id='word_1_590' title='bbox 2661 3402 3002 3470; x_wconf 85' lang='lat' dir='ltr'><strong>audiant,et</strong></span> <span class='ocrx_word' id='word_1_591' title='bbox 3024 3404 3201 3458; x_wconf 90' lang='lat' dir='ltr'><strong>mutis</strong></span> <span class='ocrx_word' id='word_1_592' title='bbox 3221 3403 3631 3476; x_wconf 90' lang='lat' dir='ltr'><strong>utloquantur,</strong></span> 
     </span>
    </p>
   </div>
   <div class='ocr_carea' id='block_1_82' title="bbox 1988 3492 3633 3563">
    <p class='ocr_par' dir='ltr' id='par_1_82' title="bbox 1988 3492 3633 3563">
     <span class='ocr_line' id='line_1_82' title="bbox 1988 3492 3633 3563; baseline 0 -15"><span class='ocrx_word' id='word_1_593' title='bbox 1988 3492 2236 3548; x_wconf 77' lang='lat' dir='ltr'><strong>efﬁcitur</strong></span> <span class='ocrx_word' id='word_1_594' title='bbox 2277 3494 2661 3559; x_wconf 88' lang='lat' dir='ltr'><strong>mirabiliter;</strong></span> <span class='ocrx_word' id='word_1_595' title='bbox 2696 3499 2751 3548; x_wconf 91' lang='lat' dir='ltr'><strong>et</strong></span> <span class='ocrx_word' id='word_1_596' title='bbox 2803 3492 2899 3547; x_wconf 90' lang='lat' dir='ltr'><strong>alii</strong></span> <span class='ocrx_word' id='word_1_597' title='bbox 2952 3492 3167 3558; x_wconf 91' lang='lat' dir='ltr'><strong>morbi,</strong></span> <span class='ocrx_word' id='word_1_598' title='bbox 3212 3497 3267 3548; x_wconf 90' lang='lat' dir='ltr'><strong>et</strong></span> <span class='ocrx_word' id='word_1_599' title='bbox 3319 3508 3633 3563; x_wconf 88' lang='lat' dir='ltr'><strong>corporum</strong></span> 
     </span>
    </p>
   </div>
   <div class='ocr_carea' id='block_1_83' title="bbox 1990 3580 3635 3654">
    <p class='ocr_par' dir='ltr' id='par_1_83' title="bbox 1990 3580 3635 3654">
     <span class='ocr_line' id='line_1_83' title="bbox 1990 3580 3635 3654; baseline 0.001 -18"><span class='ocrx_word' id='word_1_600' title='bbox 1990 3581 2408 3649; x_wconf 88' lang='lat' dir='ltr'><strong>mutilationes,</strong></span> <span class='ocrx_word' id='word_1_601' title='bbox 2448 3598 2582 3654; x_wconf 88' lang='lat' dir='ltr'><strong>qua</strong></span> <span class='ocrx_word' id='word_1_602' title='bbox 2615 3582 2981 3637; x_wconf 89' lang='lat' dir='ltr'><strong>medicorum</strong></span> <span class='ocrx_word' id='word_1_603' title='bbox 3013 3580 3243 3636; x_wconf 89' lang='lat' dir='ltr'><strong>artibus</strong></span> <span class='ocrx_word' id='word_1_604' title='bbox 3293 3580 3457 3635; x_wconf 91' lang='lat' dir='ltr'><strong>nullo</strong></span> <span class='ocrx_word' id='word_1_605' title='bbox 3515 3580 3635 3637; x_wconf 89' lang='lat' dir='ltr'><strong>sint</strong></span> 
     </span>
    </p>
   </div>
   <div class='ocr_carea' id='block_1_84' title="bbox 1989 3668 3633 3741">
    <p class='ocr_par' dir='ltr' id='par_1_84' title="bbox 1989 3668 3633 3741">
     <span class='ocr_line' id='line_1_84' title="bbox 1989 3668 3633 3741; baseline 0.001 -17"><span class='ocrx_word' id='word_1_606' title='bbox 1989 3670 2171 3725; x_wconf 93' lang='lat' dir='ltr'><strong>modo</strong></span> <span class='ocrx_word' id='word_1_607' title='bbox 2202 3670 2605 3739; x_wconf 88' lang='lat' dir='ltr'><strong>medicabiles,</strong></span> <span class='ocrx_word' id='word_1_608' title='bbox 2638 3676 2922 3725; x_wconf 87' lang='lat' dir='ltr'><strong>curantur</strong></span> <span class='ocrx_word' id='word_1_609' title='bbox 2943 3669 3127 3725; x_wconf 87' lang='lat' dir='ltr'><strong>facile.</strong></span> <span class='ocrx_word' id='word_1_610' title='bbox 3152 3668 3235 3723; x_wconf 92' lang='lat' dir='ltr'><strong>Illi</strong></span> <span class='ocrx_word' id='word_1_611' title='bbox 3267 3674 3465 3724; x_wconf 91' lang='lat' dir='ltr'><strong>autem</strong></span> <span class='ocrx_word' id='word_1_612' title='bbox 3488 3669 3633 3741; x_wconf 92' lang='lat' dir='ltr'><strong>(non</strong></span> 
     </span>
    </p>
   </div>
   <div class='ocr_carea' id='block_1_85' title="bbox 1987 3756 3628 3829">
    <p class='ocr_par' dir='ltr' id='par_1_85' title="bbox 1987 3756 3628 3829">
     <span class='ocr_line' id='line_1_85' title="bbox 1987 3756 3628 3829; baseline -0.002 -16"><span class='ocrx_word' id='word_1_613' title='bbox 1987 3759 2145 3813; x_wconf 90' lang='lat' dir='ltr'><strong>enim</strong></span> <span class='ocrx_word' id='word_1_614' title='bbox 2202 3765 2371 3814; x_wconf 88' lang='lat' dir='ltr'><strong>erant</strong></span> <span class='ocrx_word' id='word_1_615' title='bbox 2420 3758 2893 3829; x_wconf 87' lang='lat' dir='ltr'><strong>imprudentibus</strong></span> <span class='ocrx_word' id='word_1_616' title='bbox 2950 3756 3294 3813; x_wconf 91' lang='lat' dir='ltr'><strong>hominibus</strong></span> <span class='ocrx_word' id='word_1_617' title='bbox 3381 3756 3628 3821; x_wconf 90' lang='lat' dir='ltr'><strong>similes,</strong></span> 
     </span>
    </p>
   </div>
   <div class='ocr_carea' id='block_1_86' title="bbox 1988 3845 3632 3920">
    <p class='ocr_par' dir='ltr' id='par_1_86' title="bbox 1988 3845 3632 3920">
     <span class='ocr_line' id='line_1_86' title="bbox 1988 3845 3632 3920; baseline -0.001 -17"><span class='ocrx_word' id='word_1_618' title='bbox 1988 3863 2178 3920; x_wconf 90' lang='lat' dir='ltr'><strong>neque</strong></span> <span class='ocrx_word' id='word_1_619' title='bbox 2199 3847 2361 3919; x_wconf 90' lang='lat' dir='ltr'><strong>quod</strong></span> <span class='ocrx_word' id='word_1_620' title='bbox 2386 3848 2745 3917; x_wconf 89' lang='lat' dir='ltr'><strong>interrogare</strong></span> <span class='ocrx_word' id='word_1_621' title='bbox 2774 3847 3106 3918; x_wconf 92' lang='lat' dir='ltr'><strong>oportebat,</strong></span> <span class='ocrx_word' id='word_1_622' title='bbox 3138 3846 3246 3917; x_wconf 86' lang='lat' dir='ltr'><strong>ipsi</strong></span> <span class='ocrx_word' id='word_1_623' title='bbox 3265 3861 3384 3916; x_wconf 90' lang='lat' dir='ltr'><strong>pra</strong></span> <span class='ocrx_word' id='word_1_624' title='bbox 3407 3845 3632 3917; x_wconf 91' lang='lat' dir='ltr'><strong>simpli-</strong></span> 
     </span>
    </p>
   </div>
   <div class='ocr_carea' id='block_1_87' title="bbox 1987 3934 3628 4008">
    <p class='ocr_par' dir='ltr' id='par_1_87' title="bbox 1987 3934 3628 4008">
     <span class='ocr_line' id='line_1_87' title="bbox 1987 3934 3628 4008; baseline -0.003 -15"><span class='ocrx_word' id='word_1_625' title='bbox 1987 3937 2159 3993; x_wconf 91' lang='lat' dir='ltr'><strong>citate</strong></span> <span class='ocrx_word' id='word_1_626' title='bbox 2188 3936 2761 4008; x_wconf 88' lang='lat' dir='ltr'><strong>pratermittebant).</strong></span> <span class='ocrx_word' id='word_1_627' title='bbox 2794 3936 3103 3991; x_wconf 88' lang='lat' dir='ltr'><strong>Undenam</strong></span> <span class='ocrx_word' id='word_1_628' title='bbox 3133 3950 3291 3999; x_wconf 91' lang='lat' dir='ltr'><strong>vero,</strong></span> <span class='ocrx_word' id='word_1_629' title='bbox 3320 3934 3628 4004; x_wconf 89' lang='lat' dir='ltr'><strong>rogabant,</strong></span> 
     </span>
    </p>
   </div>
   <div class='ocr_carea' id='block_1_88' title="bbox 1986 4021 3626 4098">
    <p class='ocr_par' dir='ltr' id='par_1_88' title="bbox 1986 4021 3626 4098">
     <span class='ocr_line' id='line_1_88' title="bbox 1986 4021 3626 4098; baseline -0.001 -19"><span class='ocrx_word' id='word_1_630' title='bbox 1986 4025 2344 4098; x_wconf 88' lang='lat' dir='ltr'><strong>principium</strong></span> <span class='ocrx_word' id='word_1_631' title='bbox 2370 4026 2525 4095; x_wconf 89' lang='lat' dir='ltr'><strong>cepit</strong></span> <span class='ocrx_word' id='word_1_632' title='bbox 2549 4024 2718 4079; x_wconf 91' lang='lat' dir='ltr'><strong>locus</strong></span> <span class='ocrx_word' id='word_1_633' title='bbox 2768 4026 2908 4080; x_wconf 89' lang='lat' dir='ltr'><strong>talia</strong></span> <span class='ocrx_word' id='word_1_634' title='bbox 2936 4021 3252 4094; x_wconf 78' lang='lat' dir='ltr'><strong>operandi?</strong></span> <span class='ocrx_word' id='word_1_635' title='bbox 3278 4022 3385 4078; x_wconf 89' lang='lat' dir='ltr'><strong>Illa</strong></span> <span class='ocrx_word' id='word_1_636' title='bbox 3437 4038 3579 4077; x_wconf 90' lang='lat' dir='ltr'><strong>vero</strong></span> <span class='ocrx_word' id='word_1_637' title='bbox 3612 4038 3626 4077; x_wconf 88' lang='lat'>:</span> 
     </span>
    </p>
   </div>
   <div class='ocr_carea' id='block_1_89' title="bbox 1986 4110 3630 4183">
    <p class='ocr_par' dir='ltr' id='par_1_89' title="bbox 1986 4110 3630 4183">
     <span class='ocr_line' id='line_1_89' title="bbox 1986 4110 3630 4183; baseline -0.001 -16"><span class='ocrx_word' id='word_1_638' title='bbox 1986 4114 2160 4182; x_wconf 85' lang='lat' dir='ltr'><strong>Apud</strong></span> <span class='ocrx_word' id='word_1_639' title='bbox 2187 4129 2314 4176; x_wconf 90' lang='lat' dir='ltr'><strong>nos,</strong></span> <span class='ocrx_word' id='word_1_640' title='bbox 2346 4113 2553 4183; x_wconf 85' lang='lat' dir='ltr'><strong>inquit,</strong></span> <span class='ocrx_word' id='word_1_641' title='bbox 2593 4114 2866 4166; x_wconf 85' lang='lat' dir='ltr'><strong>Hebraos</strong></span> <span class='ocrx_word' id='word_1_642' title='bbox 2896 4127 2933 4166; x_wconf 86' lang='lat' dir='ltr'><strong>a</strong></span> <span class='ocrx_word' id='word_1_643' title='bbox 2963 4112 3232 4179; x_wconf 89' lang='lat' dir='ltr'><strong>patribus</strong></span> <span class='ocrx_word' id='word_1_644' title='bbox 3260 4110 3481 4165; x_wconf 84' lang='lat' dir='ltr'><strong>tradita</strong></span> <span class='ocrx_word' id='word_1_645' title='bbox 3525 4110 3630 4166; x_wconf 91' lang='lat' dir='ltr'><strong>ha-</strong></span> 
     </span>
    </p>
   </div>
   <div class='ocr_carea' id='block_1_90' title="bbox 1987 4196 3633 4268">
    <p class='ocr_par' dir='ltr' id='par_1_90' title="bbox 1987 4196 3633 4268">
     <span class='ocr_line' id='line_1_90' title="bbox 1987 4196 3633 4268; baseline 0 -15"><span class='ocrx_word' id='word_1_646' title='bbox 1987 4199 2160 4253; x_wconf 89' lang='lat' dir='ltr'><strong>betur</strong></span> <span class='ocrx_word' id='word_1_647' title='bbox 2206 4199 2487 4261; x_wconf 88' lang='lat' dir='ltr'><strong>narratio,</strong></span> <span class='ocrx_word' id='word_1_648' title='bbox 2532 4198 2695 4268; x_wconf 92' lang='lat' dir='ltr'><strong>quod</strong></span> <span class='ocrx_word' id='word_1_649' title='bbox 2742 4201 2891 4252; x_wconf 90' lang='lat' dir='ltr'><strong>Deus</strong></span> <span class='ocrx_word' id='word_1_650' title='bbox 2934 4199 2994 4252; x_wconf 90' lang='lat' dir='ltr'><strong>in</strong></span> <span class='ocrx_word' id='word_1_651' title='bbox 3021 4198 3133 4252; x_wconf 91' lang='lat' dir='ltr'><strong>hoc</strong></span> <span class='ocrx_word' id='word_1_652' title='bbox 3164 4196 3292 4251; x_wconf 92' lang='lat' dir='ltr'><strong>loco</strong></span> <span class='ocrx_word' id='word_1_653' title='bbox 3349 4198 3513 4252; x_wconf 88' lang='lat' dir='ltr'><strong>visus</strong></span> <span class='ocrx_word' id='word_1_654' title='bbox 3561 4197 3633 4254; x_wconf 87' lang='lat' dir='ltr'><strong>sit</strong></span> 
     </span>
    </p>
   </div>
   <div class='ocr_carea' id='block_1_91' title="bbox 1988 4284 3623 4357">
    <p class='ocr_par' dir='ltr' id='par_1_91' title="bbox 1988 4284 3623 4357">
     <span class='ocr_line' id='line_1_91' title="bbox 1988 4284 3623 4357; baseline -0.001 -15"><span class='ocrx_word' id='word_1_655' title='bbox 1988 4286 2226 4342; x_wconf 88' lang='lat' dir='ltr'><strong>cuidam</strong></span> <span class='ocrx_word' id='word_1_656' title='bbox 2255 4301 2326 4340; x_wconf 92' lang='lat' dir='ltr'><strong>ex</strong></span> <span class='ocrx_word' id='word_1_657' title='bbox 2378 4285 2650 4357; x_wconf 88' lang='lat' dir='ltr'><strong>patribus</strong></span> <span class='ocrx_word' id='word_1_658' title='bbox 2681 4301 2693 4339; x_wconf 77' lang='grc' dir='ltr'>ε</span> <span class='ocrx_word' id='word_1_659' title='bbox 2728 4301 2797 4339; x_wconf 91' lang='lat' dir='ltr'><strong>ex</strong></span> <span class='ocrx_word' id='word_1_660' title='bbox 2823 4300 2945 4355; x_wconf 90' lang='lat' dir='ltr'><strong>quo</strong></span> <span class='ocrx_word' id='word_1_661' title='bbox 2984 4286 3207 4339; x_wconf 84' lang='lat' dir='ltr'><strong>factum</strong></span> <span class='ocrx_word' id='word_1_662' title='bbox 3248 4289 3354 4353; x_wconf 89' lang='lat' dir='ltr'><strong>est,</strong></span> <span class='ocrx_word' id='word_1_663' title='bbox 3382 4289 3447 4339; x_wconf 90' lang='lat' dir='ltr'><strong>ut</strong></span> <span class='ocrx_word' id='word_1_664' title='bbox 3490 4284 3623 4340; x_wconf 92' lang='lat' dir='ltr'><strong>loco</strong></span> 
     </span>
    </p>
   </div>
   <div class='ocr_carea' id='block_1_92' title="bbox 1986 4371 3630 4445">
    <p class='ocr_par' dir='ltr' id='par_1_92' title="bbox 1986 4371 3630 4445">
     <span class='ocr_line' id='line_1_92' title="bbox 1986 4371 3630 4445; baseline -0.002 -14"><span class='ocrx_word' id='word_1_665' title='bbox 1986 4376 2115 4431; x_wconf 88' lang='lat' dir='ltr'><strong>hac</strong></span> <span class='ocrx_word' id='word_1_666' title='bbox 2144 4381 2472 4430; x_wconf 88' lang='lat' dir='ltr'><strong>servaretur</strong></span> <span class='ocrx_word' id='word_1_667' title='bbox 2499 4372 2707 4445; x_wconf 89' lang='lat' dir='ltr'><strong>gratia.</strong></span> <span class='ocrx_word' id='word_1_668' title='bbox 2745 4373 2875 4427; x_wconf 85' lang='lat' dir='ltr'><strong>Hac</strong></span> <span class='ocrx_word' id='word_1_669' title='bbox 2906 4386 3041 4426; x_wconf 88' lang='lat' dir='ltr'><strong>cum</strong></span> <span class='ocrx_word' id='word_1_670' title='bbox 3074 4387 3145 4427; x_wconf 88' lang='lat' dir='ltr'><strong>ea</strong></span> <span class='ocrx_word' id='word_1_671' title='bbox 3167 4372 3405 4437; x_wconf 90' lang='lat' dir='ltr'><strong>diceret,</strong></span> <span class='ocrx_word' id='word_1_672' title='bbox 3466 4371 3547 4428; x_wconf 91' lang='lat' dir='ltr'><strong>illi</strong></span> <span class='ocrx_word' id='word_1_673' title='bbox 3576 4371 3630 4427; x_wconf 87' lang='lat' dir='ltr'><strong>ei</strong></span> 
     </span>
    </p>
   </div>
   <div class='ocr_carea' id='block_1_93' title="bbox 228 4454 3628 4551">
    <p class='ocr_par' dir='ltr' id='par_1_93' title="bbox 228 4454 3628 4551">
     <span class='ocr_line' id='line_1_93' title="bbox 228 4454 3628 4551; baseline -0.005 -18"><span class='ocrx_word' id='word_1_674' title='bbox 228 4476 515 4551; x_wconf 78' lang='lat' dir='ltr'><strong>puritate?</strong></span> <span class='ocrx_word' id='word_1_675' title='bbox 559 4476 912 4544; x_wconf 85' lang='lat' dir='ltr'><strong>Quanquam</strong></span> <span class='ocrx_word' id='word_1_676' title='bbox 952 4470 1113 4525; x_wconf 92' lang='lat' dir='ltr'><strong>enim</strong></span> <span class='ocrx_word' id='word_1_677' title='bbox 1164 4468 1405 4524; x_wconf 85' lang='lat' dir='ltr'><strong>Hebraa</strong></span> <span class='ocrx_word' id='word_1_678' title='bbox 1457 4466 1701 4539; x_wconf 90' lang='lat' dir='ltr'><strong>quidem</strong></span> <span class='ocrx_word' id='word_1_679' title='bbox 1754 4471 1881 4523; x_wconf 84' lang='lat' dir='ltr'><strong>erat</strong></span> <span class='ocrx_word' id='word_1_680' title='bbox 1912 4454 1958 4511; x_wconf 83' lang='lat' dir='ltr'><strong>D</strong></span> <span class='ocrx_word' id='word_1_681' title='bbox 1986 4463 2165 4520; x_wconf 89' lang='lat' dir='ltr'><strong>corde</strong></span> <span class='ocrx_word' id='word_1_682' title='bbox 2190 4462 2434 4519; x_wconf 91' lang='lat' dir='ltr'><strong>minime</strong></span> <span class='ocrx_word' id='word_1_683' title='bbox 2472 4460 2944 4517; x_wconf 89' lang='lat' dir='ltr'><strong>assentiebantur</strong></span> <span class='ocrx_word' id='word_1_684' title='bbox 2973 4476 2995 4551; x_wconf 26' lang='grc' dir='ltr'><strong>ε.</strong></span> <span class='ocrx_word' id='word_1_685' title='bbox 3038 4460 3161 4551; x_wconf 79' lang='lat' dir='ltr'><strong>sed</strong></span> <span class='ocrx_word' id='word_1_686' title='bbox 3189 4459 3494 4551; x_wconf 80' lang='lat' dir='ltr'><strong>videbatur</strong></span> <span class='ocrx_word' id='word_1_687' title='bbox 3543 4461 3628 4515; x_wconf 90' lang='lat' dir='ltr'><strong>eis</strong></span> 
     </span>
    </p>
   </div>
   <div class='ocr_carea' id='block_1_94' title="bbox 229 4555 1879 4632">
    <p class='ocr_par' dir='ltr' id='par_1_94' title="bbox 229 4555 1879 4632">
     <span class='ocr_line' id='line_1_94' title="bbox 229 4555 1879 4632; baseline -0.007 -10"><span class='ocrx_word' id='word_1_688' title='bbox 229 4567 332 4623; x_wconf 89' lang='lat' dir='ltr'><strong>illa</strong></span> <span class='ocrx_word' id='word_1_689' title='bbox 362 4563 572 4619; x_wconf 90' lang='lat' dir='ltr'><strong>mulier</strong></span> <span class='ocrx_word' id='word_1_690' title='bbox 597 4564 707 4632; x_wconf 87' lang='lat' dir='ltr'><strong>(est</strong></span> <span class='ocrx_word' id='word_1_691' title='bbox 740 4574 1001 4629; x_wconf 87' lang='lat' dir='ltr'><strong>namque</strong></span> <span class='ocrx_word' id='word_1_692' title='bbox 1051 4557 1246 4613; x_wconf 91' lang='lat' dir='ltr'><strong>amica</strong></span> <span class='ocrx_word' id='word_1_693' title='bbox 1273 4556 1534 4624; x_wconf 90' lang='lat' dir='ltr'><strong>veritas),</strong></span> <span class='ocrx_word' id='word_1_694' title='bbox 1589 4555 1744 4611; x_wconf 92' lang='lat' dir='ltr'><strong>illius</strong></span> <span class='ocrx_word' id='word_1_695' title='bbox 1797 4561 1879 4611; x_wconf 89' lang='lat' dir='ltr'><strong>ta-</strong></span> 
     </span>
    </p>
   </div>
   <div class='ocr_carea' id='block_1_95' title="bbox 232 4645 1878 4717">
    <p class='ocr_par' dir='ltr' id='par_1_95' title="bbox 232 4645 1878 4717">
     <span class='ocr_line' id='line_1_95' title="bbox 232 4645 1878 4717; baseline -0.006 -6"><span class='ocrx_word' id='word_1_696' title='bbox 232 4668 368 4712; x_wconf 86' lang='lat' dir='ltr'><strong>men</strong></span> <span class='ocrx_word' id='word_1_697' title='bbox 403 4652 669 4707; x_wconf 91' lang='lat' dir='ltr'><strong>animam</strong></span> <span class='ocrx_word' id='word_1_698' title='bbox 690 4649 889 4705; x_wconf 93' lang='lat' dir='ltr'><strong>locum</strong></span> <span class='ocrx_word' id='word_1_699' title='bbox 919 4647 1194 4712; x_wconf 83' lang='lat' dir='ltr'><strong>dixisses,</strong></span> <span class='ocrx_word' id='word_1_700' title='bbox 1222 4645 1325 4717; x_wconf 91' lang='lat' dir='ltr'><strong>qui</strong></span> <span class='ocrx_word' id='word_1_701' title='bbox 1355 4650 1443 4700; x_wconf 91' lang='lat' dir='ltr'><strong>est</strong></span> <span class='ocrx_word' id='word_1_702' title='bbox 1473 4645 1533 4700; x_wconf 91' lang='lat' dir='ltr'><strong>in</strong></span> <span class='ocrx_word' id='word_1_703' title='bbox 1564 4646 1878 4717; x_wconf 88' lang='lat' dir='ltr'><strong>prasentia</strong></span> 
     </span>
    </p>
   </div>
   <div class='ocr_carea' id='block_1_96' title="bbox 226 4733 1878 4817">
    <p class='ocr_par' dir='ltr' id='par_1_96' title="bbox 226 4733 1878 4817">
     <span class='ocr_line' id='line_1_96' title="bbox 226 4733 1878 4817; baseline -0.007 -17"><span class='ocrx_word' id='word_1_704' title='bbox 226 4742 475 4817; x_wconf 90' lang='lat' dir='ltr'><strong>quidem</strong></span> <span class='ocrx_word' id='word_1_705' title='bbox 499 4739 813 4808; x_wconf 89' lang='lat' dir='ltr'><strong>obscurus,</strong></span> <span class='ocrx_word' id='word_1_706' title='bbox 848 4742 1025 4808; x_wconf 90' lang='lat' dir='ltr'><strong>aptus</strong></span> <span class='ocrx_word' id='word_1_707' title='bbox 1056 4741 1142 4790; x_wconf 88' lang='lat' dir='ltr'><strong>est</strong></span> <span class='ocrx_word' id='word_1_708' title='bbox 1187 4738 1383 4789; x_wconf 91' lang='lat' dir='ltr'><strong>autem</strong></span> <span class='ocrx_word' id='word_1_709' title='bbox 1418 4733 1496 4789; x_wconf 91' lang='lat' dir='ltr'><strong>ad</strong></span> <span class='ocrx_word' id='word_1_710' title='bbox 1526 4733 1730 4789; x_wconf 94' lang='lat' dir='ltr'><strong>lumen</strong></span> <span class='ocrx_word' id='word_1_711' title='bbox 1780 4750 1878 4789; x_wconf 85' lang='lat' dir='ltr'><strong>ex-</strong></span> 
     </span>
    </p>
   </div>
   <div class='ocr_carea' id='block_1_97' title="bbox 229 4821 1875 4904">
    <p class='ocr_par' dir='ltr' id='par_1_97' title="bbox 229 4821 1875 4904">
     <span class='ocr_line' id='line_1_97' title="bbox 229 4821 1875 4904; baseline -0.006 -17"><span class='ocrx_word' id='word_1_712' title='bbox 229 4829 597 4904; x_wconf 89' lang='lat' dir='ltr'><strong>cipiendum,</strong></span> <span class='ocrx_word' id='word_1_713' title='bbox 630 4832 683 4883; x_wconf 93' lang='lat' dir='ltr'><strong>et</strong></span> <span class='ocrx_word' id='word_1_714' title='bbox 717 4825 888 4881; x_wconf 91' lang='lat' dir='ltr'><strong>valde</strong></span> <span class='ocrx_word' id='word_1_715' title='bbox 905 4823 1413 4881; x_wconf 90' lang='lat' dir='ltr'><strong>accommodatus.</strong></span> <span class='ocrx_word' id='word_1_716' title='bbox 1444 4821 1716 4876; x_wconf 88' lang='lat' dir='ltr'><strong>Divinum</strong></span> <span class='ocrx_word' id='word_1_717' title='bbox 1734 4838 1875 4877; x_wconf 91' lang='lat' dir='ltr'><strong>vero</strong></span> 
     </span>
    </p>
   </div>
   <div class='ocr_carea' id='block_1_98' title="bbox 228 4910 1876 4988">
    <p class='ocr_par' dir='ltr' id='par_1_98' title="bbox 228 4910 1876 4988">
     <span class='ocr_line' id='line_1_98' title="bbox 228 4910 1876 4988; baseline -0.008 -10"><span class='ocrx_word' id='word_1_718' title='bbox 228 4925 355 4977; x_wconf 87' lang='lat' dir='ltr'><strong>erat</strong></span> <span class='ocrx_word' id='word_1_719' title='bbox 379 4919 441 4974; x_wconf 92' lang='lat' dir='ltr'><strong>in</strong></span> <span class='ocrx_word' id='word_1_720' title='bbox 482 4917 593 4972; x_wconf 90' lang='lat' dir='ltr'><strong>hoc</strong></span> <span class='ocrx_word' id='word_1_721' title='bbox 630 4930 872 4988; x_wconf 91' lang='lat' dir='ltr'><strong>quoque</strong></span> <span class='ocrx_word' id='word_1_722' title='bbox 908 4919 1107 4986; x_wconf 90' lang='lat' dir='ltr'><strong>aperte</strong></span> <span class='ocrx_word' id='word_1_723' title='bbox 1137 4910 1475 4974; x_wconf 91' lang='lat' dir='ltr'><strong>consilium,</strong></span> <span class='ocrx_word' id='word_1_724' title='bbox 1502 4916 1562 4965; x_wconf 90' lang='lat' dir='ltr'><strong>ut</strong></span> <span class='ocrx_word' id='word_1_725' title='bbox 1591 4925 1683 4964; x_wconf 91' lang='lat' dir='ltr'><strong>res</strong></span> <span class='ocrx_word' id='word_1_726' title='bbox 1713 4910 1876 4981; x_wconf 90' lang='lat' dir='ltr'><strong>apud</strong></span> 
     </span>
    </p>
   </div>
   <div class='ocr_carea' id='block_1_99' title="bbox 228 4997 1878 5072">
    <p class='ocr_par' dir='ltr' id='par_1_99' title="bbox 228 4997 1878 5072">
     <span class='ocr_line' id='line_1_99' title="bbox 228 4997 1878 5072; baseline -0.008 -5"><span class='ocrx_word' id='word_1_727' title='bbox 228 5025 360 5067; x_wconf 89' lang='lat' dir='ltr'><strong>eam</strong></span> <span class='ocrx_word' id='word_1_728' title='bbox 395 5005 708 5061; x_wconf 86' lang='lat' dir='ltr'><strong>mulierem</strong></span> <span class='ocrx_word' id='word_1_729' title='bbox 740 5002 1064 5065; x_wconf 89' lang='lat' dir='ltr'><strong>recondita,</strong></span> <span class='ocrx_word' id='word_1_730' title='bbox 1094 5016 1226 5072; x_wconf 86' lang='lat' dir='ltr'><strong>qua</strong></span> <span class='ocrx_word' id='word_1_731' title='bbox 1260 5000 1345 5054; x_wconf 90' lang='lat' dir='ltr'><strong>sic</strong></span> <span class='ocrx_word' id='word_1_732' title='bbox 1376 4997 1588 5054; x_wconf 74' lang='lat' dir='ltr'><strong>affecta</strong></span> <span class='ocrx_word' id='word_1_733' title='bbox 1641 5002 1784 5061; x_wconf 88' lang='lat' dir='ltr'><strong>erat,</strong></span> <span class='ocrx_word' id='word_1_734' title='bbox 1815 5002 1878 5053; x_wconf 89' lang='lat' dir='ltr'><strong>ut</strong></span> 
     </span>
    </p>
   </div>
   <div class='ocr_carea' id='block_1_100' title="bbox 225 5086 1879 5155">
    <p class='ocr_par' dir='ltr' id='par_1_100' title="bbox 225 5086 1879 5155">
     <span class='ocr_line' id='line_1_100' title="bbox 225 5086 1879 5155; baseline -0.01 0"><span class='ocrx_word' id='word_1_735' title='bbox 225 5113 358 5155; x_wconf 91' lang='lat' dir='ltr'><strong>eam</strong></span> <span class='ocrx_word' id='word_1_736' title='bbox 384 5095 524 5152; x_wconf 85' lang='lat' dir='ltr'><strong>totis</strong></span> <span class='ocrx_word' id='word_1_737' title='bbox 583 5092 805 5149; x_wconf 88' lang='lat' dir='ltr'><strong>viribus</strong></span> <span class='ocrx_word' id='word_1_738' title='bbox 853 5089 1038 5146; x_wconf 90' lang='lat' dir='ltr'><strong>celare</strong></span> <span class='ocrx_word' id='word_1_739' title='bbox 1091 5088 1366 5155; x_wconf 87' lang='lat' dir='ltr'><strong>studeret,</strong></span> <span class='ocrx_word' id='word_1_740' title='bbox 1420 5091 1628 5153; x_wconf 88' lang='lat' dir='ltr'><strong>postea</strong></span> <span class='ocrx_word' id='word_1_741' title='bbox 1678 5086 1739 5141; x_wconf 89' lang='lat' dir='ltr'><strong>in</strong></span> <span class='ocrx_word' id='word_1_742' title='bbox 1787 5086 1879 5141; x_wconf 92' lang='lat' dir='ltr'><strong>lu-</strong></span> 
     </span>
    </p>
   </div>
   <div class='ocr_carea' id='block_1_101' title="bbox 231 5175 1487 5257">
    <p class='ocr_par' dir='ltr' id='par_1_101' title="bbox 231 5175 1487 5257">
     <span class='ocr_line' id='line_1_101' title="bbox 231 5175 1487 5257; baseline -0.01 -14"><span class='ocrx_word' id='word_1_743' title='bbox 231 5202 356 5243; x_wconf 88' lang='lat' dir='ltr'><strong>cem</strong></span> <span class='ocrx_word' id='word_1_744' title='bbox 386 5183 649 5257; x_wconf 88' lang='lat' dir='ltr'><strong>prolata,</strong></span> <span class='ocrx_word' id='word_1_745' title='bbox 684 5180 979 5251; x_wconf 88' lang='lat' dir='ltr'><strong>majorem</strong></span> <span class='ocrx_word' id='word_1_746' title='bbox 1006 5177 1187 5234; x_wconf 83' lang='lat' dir='ltr'><strong>ﬁdem</strong></span> <span class='ocrx_word' id='word_1_747' title='bbox 1219 5175 1487 5232; x_wconf 89' lang='lat' dir='ltr'><strong>haberet.</strong></span> 
     </span>
    </p>
   </div>
   <div class='ocr_carea' id='block_1_102' title="bbox 303 5262 1880 5341">
    <p class='ocr_par' dir='ltr' id='par_1_102' title="bbox 303 5262 1880 5341">
     <span class='ocr_line' id='line_1_102' title="bbox 303 5262 1880 5341; baseline -0.008 -10"><span class='ocrx_word' id='word_1_748' title='bbox 303 5276 477 5333; x_wconf 82' lang='lat' dir='ltr'><strong>XLVI.</strong></span> <span class='ocrx_word' id='word_1_749' title='bbox 509 5271 647 5327; x_wconf 90' lang='lat' dir='ltr'><strong>Vide</strong></span> <span class='ocrx_word' id='word_1_750' title='bbox 692 5284 853 5341; x_wconf 88' lang='lat' dir='ltr'><strong>ergo,</strong></span> <span class='ocrx_word' id='word_1_751' title='bbox 910 5282 1096 5339; x_wconf 87' lang='lat' dir='ltr'><strong>quam</strong></span> <span class='ocrx_word' id='word_1_752' title='bbox 1167 5264 1468 5337; x_wconf 87' lang='lat' dir='ltr'><strong>eleganter</strong></span> <span class='ocrx_word' id='word_1_753' title='bbox 1531 5262 1880 5335; x_wconf 87' lang='lat' dir='ltr'><strong>processerit</strong></span> 
     </span>
    </p>
   </div>
   <div class='ocr_carea' id='block_1_103' title="bbox 240 5351 1876 5425">
    <p class='ocr_par' dir='ltr' id='par_1_103' title="bbox 240 5351 1876 5425">
     <span class='ocr_line' id='line_1_103' title="bbox 240 5351 1876 5425; baseline -0.01 -4"><span class='ocrx_word' id='word_1_754' title='bbox 240 5364 507 5421; x_wconf 88' lang='lat' dir='ltr'><strong>divinum</strong></span> <span class='ocrx_word' id='word_1_755' title='bbox 554 5357 892 5415; x_wconf 90' lang='lat' dir='ltr'><strong>consilium.</strong></span> <span class='ocrx_word' id='word_1_756' title='bbox 946 5359 1091 5411; x_wconf 89' lang='lat' dir='ltr'><strong>Nam</strong></span> <span class='ocrx_word' id='word_1_757' title='bbox 1139 5354 1302 5425; x_wconf 92' lang='lat' dir='ltr'><strong>apud</strong></span> <span class='ocrx_word' id='word_1_758' title='bbox 1354 5367 1490 5408; x_wconf 89' lang='lat' dir='ltr'><strong>eam</strong></span> <span class='ocrx_word' id='word_1_759' title='bbox 1557 5351 1876 5416; x_wconf 88' lang='lat' dir='ltr'><strong>venientes,</strong></span> 
     </span>
    </p>
   </div>
   <div class='ocr_carea' id='block_1_104' title="bbox 242 5440 1878 5526">
    <p class='ocr_par' dir='ltr' id='par_1_104' title="bbox 242 5440 1878 5526">
     <span class='ocr_line' id='line_1_104' title="bbox 242 5440 1878 5526; baseline -0.009 -17"><span class='ocrx_word' id='word_1_760' title='bbox 242 5453 610 5526; x_wconf 81' lang='lat' dir='ltr'><strong>excipiuntur</strong></span> <span class='ocrx_word' id='word_1_761' title='bbox 629 5447 888 5519; x_wconf 90' lang='lat' dir='ltr'><strong>hospitio</strong></span> <span class='ocrx_word' id='word_1_762' title='bbox 914 5444 1159 5501; x_wconf 90' lang='lat' dir='ltr'><strong>Galbius</strong></span> <span class='ocrx_word' id='word_1_763' title='bbox 1183 5447 1241 5499; x_wconf 92' lang='lat' dir='ltr'><strong>et</strong></span> <span class='ocrx_word' id='word_1_764' title='bbox 1297 5441 1594 5497; x_wconf 88' lang='lat' dir='ltr'><strong>Candidus</strong></span> <span class='ocrx_word' id='word_1_765' title='bbox 1646 5440 1878 5511; x_wconf 89' lang='lat' dir='ltr'><strong>sapien-</strong></span> 
     </span>
    </p>
   </div>
   <div class='ocr_carea' id='block_1_105' title="bbox 246 5529 1879 5607">
    <p class='ocr_par' dir='ltr' id='par_1_105' title="bbox 246 5529 1879 5607">
     <span class='ocr_line' id='line_1_105' title="bbox 246 5529 1879 5607; baseline -0.009 -9"><span class='ocrx_word' id='word_1_766' title='bbox 246 5545 345 5607; x_wconf 86' lang='lat' dir='ltr'><strong>tes,</strong></span> <span class='ocrx_word' id='word_1_767' title='bbox 370 5556 473 5598; x_wconf 90' lang='lat' dir='ltr'><strong>eos</strong></span> <span class='ocrx_word' id='word_1_768' title='bbox 494 5538 579 5594; x_wconf 88' lang='lat' dir='ltr'><strong>sic</strong></span> <span class='ocrx_word' id='word_1_769' title='bbox 629 5536 833 5594; x_wconf 88' lang='lat' dir='ltr'><strong>divina</strong></span> <span class='ocrx_word' id='word_1_770' title='bbox 885 5533 1215 5590; x_wconf 88' lang='lat' dir='ltr'><strong>deducente</strong></span> <span class='ocrx_word' id='word_1_771' title='bbox 1275 5529 1483 5601; x_wconf 87' lang='lat' dir='ltr'><strong>gratia.</strong></span> <span class='ocrx_word' id='word_1_772' title='bbox 1544 5530 1679 5585; x_wconf 88' lang='lat' dir='ltr'><strong>Erat</strong></span> <span class='ocrx_word' id='word_1_773' title='bbox 1738 5542 1879 5584; x_wconf 90' lang='lat' dir='ltr'><strong>vero</strong></span> 
     </span>
    </p>
   </div>
   <div class='ocr_carea' id='block_1_106' title="bbox 1986 4548 3624 4620">
    <p class='ocr_par' dir='ltr' id='par_1_106' title="bbox 1986 4548 3624 4620">
     <span class='ocr_line' id='line_1_106' title="bbox 1986 4548 3624 4620; baseline -0.002 -12"><span class='ocrx_word' id='word_1_774' title='bbox 1986 4551 2352 4617; x_wconf 88' lang='lat' dir='ltr'><strong>muliercula,</strong></span> <span class='ocrx_word' id='word_1_775' title='bbox 2386 4551 2536 4606; x_wconf 93' lang='lat' dir='ltr'><strong>sicut</strong></span> <span class='ocrx_word' id='word_1_776' title='bbox 2563 4565 2659 4606; x_wconf 90' lang='lat' dir='ltr'><strong>res</strong></span> <span class='ocrx_word' id='word_1_777' title='bbox 2679 4554 2823 4615; x_wconf 91' lang='lat' dir='ltr'><strong>erat,</strong></span> <span class='ocrx_word' id='word_1_778' title='bbox 2871 4548 3275 4620; x_wconf 90' lang='lat' dir='ltr'><strong>probabilium</strong></span> <span class='ocrx_word' id='word_1_779' title='bbox 3302 4548 3624 4605; x_wconf 89' lang='lat' dir='ltr'><strong>verborum</strong></span> 
     </span>
    </p>
   </div>
   <div class='ocr_carea' id='block_1_107' title="bbox 1984 4637 3627 4714">
    <p class='ocr_par' dir='ltr' id='par_1_107' title="bbox 1984 4637 3627 4714">
     <span class='ocr_line' id='line_1_107' title="bbox 1984 4637 3627 4714; baseline -0.002 -18"><span class='ocrx_word' id='word_1_780' title='bbox 1984 4641 2234 4714; x_wconf 90' lang='lat' dir='ltr'><strong>pulchra</strong></span> <span class='ocrx_word' id='word_1_781' title='bbox 2279 4640 2475 4712; x_wconf 91' lang='lat' dir='ltr'><strong>specie</strong></span> <span class='ocrx_word' id='word_1_782' title='bbox 2521 4638 2710 4694; x_wconf 90' lang='lat' dir='ltr'><strong>celare</strong></span> <span class='ocrx_word' id='word_1_783' title='bbox 2764 4638 3089 4693; x_wconf 90' lang='lat' dir='ltr'><strong>veritatem.</strong></span> <span class='ocrx_word' id='word_1_784' title='bbox 3150 4637 3270 4708; x_wconf 90' lang='lat' dir='ltr'><strong>Ipsi</strong></span> <span class='ocrx_word' id='word_1_785' title='bbox 3301 4651 3444 4707; x_wconf 91' lang='lat' dir='ltr'><strong>ergo</strong></span> <span class='ocrx_word' id='word_1_786' title='bbox 3491 4651 3627 4693; x_wconf 89' lang='lat' dir='ltr'><strong>eam</strong></span> 
     </span>
    </p>
   </div>
   <div class='ocr_carea' id='block_1_108' title="bbox 1983 4722 3618 4801">
    <p class='ocr_par' dir='ltr' id='par_1_108' title="bbox 1983 4722 3618 4801">
     <span class='ocr_line' id='line_1_108' title="bbox 1983 4722 3618 4801; baseline -0.002 -19"><span class='ocrx_word' id='word_1_787' title='bbox 1983 4728 2227 4801; x_wconf 90' lang='lat' dir='ltr'><strong>quidem</strong></span> <span class='ocrx_word' id='word_1_788' title='bbox 2249 4727 2447 4784; x_wconf 93' lang='lat' dir='ltr'><strong>adhuc</strong></span> <span class='ocrx_word' id='word_1_789' title='bbox 2468 4728 2760 4796; x_wconf 90' lang='lat' dir='ltr'><strong>rogabant</strong></span> <span class='ocrx_word' id='word_1_790' title='bbox 2808 4723 3238 4788; x_wconf 85' lang='lat' dir='ltr'><strong>vehementius,</strong></span> <span class='ocrx_word' id='word_1_791' title='bbox 3270 4727 3333 4778; x_wconf 92' lang='lat' dir='ltr'><strong>ut</strong></span> <span class='ocrx_word' id='word_1_792' title='bbox 3362 4722 3445 4778; x_wconf 89' lang='lat' dir='ltr'><strong>eis</strong></span> <span class='ocrx_word' id='word_1_793' title='bbox 3471 4738 3618 4791; x_wconf 90' lang='lat' dir='ltr'><strong>rem,</strong></span> 
     </span>
    </p>
   </div>
   <div class='ocr_carea' id='block_1_109' title="bbox 1986 4810 3617 4887">
    <p class='ocr_par' dir='ltr' id='par_1_109' title="bbox 1986 4810 3617 4887">
     <span class='ocr_line' id='line_1_109' title="bbox 1986 4810 3617 4887; baseline -0.004 -14"><span class='ocrx_word' id='word_1_794' title='bbox 1986 4826 2051 4873; x_wconf 92' lang='lat' dir='ltr'><strong>ut</strong></span> <span class='ocrx_word' id='word_1_795' title='bbox 2080 4832 2143 4873; x_wconf 91' lang='lat' dir='ltr'><strong>se</strong></span> <span class='ocrx_word' id='word_1_796' title='bbox 2162 4818 2478 4879; x_wconf 87' lang='lat' dir='ltr'><strong>habebant,</strong></span> <span class='ocrx_word' id='word_1_797' title='bbox 2513 4814 2783 4887; x_wconf 88' lang='lat' dir='ltr'><strong>aperiret,</strong></span> <span class='ocrx_word' id='word_1_798' title='bbox 2809 4811 3153 4884; x_wconf 89' lang='lat' dir='ltr'><strong>respiciens,</strong></span> <span class='ocrx_word' id='word_1_799' title='bbox 3186 4811 3234 4865; x_wconf 92' lang='lat' dir='ltr'><strong>si</strong></span> <span class='ocrx_word' id='word_1_800' title='bbox 3260 4810 3399 4865; x_wconf 89' lang='lat' dir='ltr'><strong>nihil</strong></span> <span class='ocrx_word' id='word_1_801' title='bbox 3432 4810 3617 4877; x_wconf 91' lang='lat' dir='ltr'><strong>aliud,</strong></span> 
     </span>
    </p>
   </div>
   <div class='ocr_carea' id='block_1_110' title="bbox 1985 4898 3624 4971">
    <p class='ocr_par' dir='ltr' id='par_1_110' title="bbox 1985 4898 3624 4971">
     <span class='ocr_line' id='line_1_110' title="bbox 1985 4898 3624 4971; baseline -0.003 -11"><span class='ocrx_word' id='word_1_802' title='bbox 1985 4906 2247 4962; x_wconf 90' lang='lat' dir='ltr'><strong>laborem</strong></span> <span class='ocrx_word' id='word_1_803' title='bbox 2304 4905 2510 4960; x_wconf 89' lang='lat' dir='ltr'><strong>saltem</strong></span> <span class='ocrx_word' id='word_1_804' title='bbox 2566 4902 2707 4958; x_wconf 91' lang='lat' dir='ltr'><strong>tanti</strong></span> <span class='ocrx_word' id='word_1_805' title='bbox 2740 4901 2981 4966; x_wconf 91' lang='lat' dir='ltr'><strong>itineris,</strong></span> <span class='ocrx_word' id='word_1_806' title='bbox 3040 4900 3144 4971; x_wconf 87' lang='lat' dir='ltr'><strong>qui</strong></span> <span class='ocrx_word' id='word_1_807' title='bbox 3171 4898 3335 4954; x_wconf 92' lang='lat' dir='ltr'><strong>nulla</strong></span> <span class='ocrx_word' id='word_1_808' title='bbox 3390 4898 3508 4955; x_wconf 90' lang='lat' dir='ltr'><strong>alia</strong></span> <span class='ocrx_word' id='word_1_809' title='bbox 3549 4900 3624 4955; x_wconf 92' lang='lat' dir='ltr'><strong>de</strong></span> 
     </span>
    </p>
   </div>
   <div class='ocr_carea' id='block_1_111' title="bbox 1984 4987 3624 5064">
    <p class='ocr_par' dir='ltr' id='par_1_111' title="bbox 1984 4987 3624 5064">
     <span class='ocr_line' id='line_1_111' title="bbox 1984 4987 3624 5064; baseline -0.005 -13"><span class='ocrx_word' id='word_1_810' title='bbox 1984 5011 2170 5052; x_wconf 86' lang='lat' dir='ltr'><strong>causa</strong></span> <span class='ocrx_word' id='word_1_811' title='bbox 2196 4999 2321 5050; x_wconf 88' lang='lat' dir='ltr'><strong>erat</strong></span> <span class='ocrx_word' id='word_1_812' title='bbox 2350 4997 2682 5064; x_wconf 87' lang='lat' dir='ltr'><strong>susceptus.</strong></span> <span class='ocrx_word' id='word_1_813' title='bbox 2716 4990 2827 5045; x_wconf 90' lang='lat' dir='ltr'><strong>nisi</strong></span> <span class='ocrx_word' id='word_1_814' title='bbox 2855 4995 2918 5045; x_wconf 93' lang='lat' dir='ltr'><strong>ut</strong></span> <span class='ocrx_word' id='word_1_815' title='bbox 2946 4988 3206 5044; x_wconf 84' lang='lat' dir='ltr'><strong>viderent</strong></span> <span class='ocrx_word' id='word_1_816' title='bbox 3245 4992 3451 5043; x_wconf 90' lang='lat' dir='ltr'><strong>sancta</strong></span> <span class='ocrx_word' id='word_1_817' title='bbox 3468 4987 3624 5055; x_wconf 88' lang='lat' dir='ltr'><strong>loca,</strong></span> 
     </span>
    </p>
   </div>
   <div class='ocr_carea' id='block_1_112' title="bbox 1985 5076 3625 5154">
    <p class='ocr_par' dir='ltr' id='par_1_112' title="bbox 1985 5076 3625 5154">
     <span class='ocr_line' id='line_1_112' title="bbox 1985 5076 3625 5154; baseline -0.005 -15"><span class='ocrx_word' id='word_1_818' title='bbox 1985 5090 2042 5139; x_wconf 93' lang='lat' dir='ltr'><strong>et</strong></span> <span class='ocrx_word' id='word_1_819' title='bbox 2065 5083 2340 5139; x_wconf 89' lang='lat' dir='ltr'><strong>audirent</strong></span> <span class='ocrx_word' id='word_1_820' title='bbox 2361 5098 2432 5138; x_wconf 89' lang='lat' dir='ltr'><strong>ea</strong></span> <span class='ocrx_word' id='word_1_821' title='bbox 2451 5096 2587 5154; x_wconf 89' lang='lat' dir='ltr'><strong>qua</strong></span> <span class='ocrx_word' id='word_1_822' title='bbox 2616 5096 2652 5136; x_wconf 96' lang='lat' dir='ltr'><strong>a</strong></span> <span class='ocrx_word' id='word_1_823' title='bbox 2680 5079 2789 5151; x_wconf 86' lang='lat' dir='ltr'><strong>piis</strong></span> <span class='ocrx_word' id='word_1_824' title='bbox 2815 5083 2872 5134; x_wconf 92' lang='lat' dir='ltr'><strong>et</strong></span> <span class='ocrx_word' id='word_1_825' title='bbox 2900 5077 3117 5132; x_wconf 90' lang='lat' dir='ltr'><strong>sanctis</strong></span> <span class='ocrx_word' id='word_1_826' title='bbox 3132 5076 3411 5131; x_wconf 91' lang='lat' dir='ltr'><strong>dicuntur</strong></span> <span class='ocrx_word' id='word_1_827' title='bbox 3430 5076 3625 5131; x_wconf 91' lang='lat' dir='ltr'><strong>homi-</strong></span> 
     </span>
    </p>
   </div>
   <div class='ocr_carea' id='block_1_113' title="bbox 1987 5163 3628 5240">
    <p class='ocr_par' dir='ltr' id='par_1_113' title="bbox 1987 5163 3628 5240">
     <span class='ocr_line' id='line_1_113' title="bbox 1987 5163 3628 5240; baseline -0.005 -13"><span class='ocrx_word' id='word_1_828' title='bbox 1987 5173 2183 5227; x_wconf 89' lang='lat' dir='ltr'><strong>nibus.</strong></span> <span class='ocrx_word' id='word_1_829' title='bbox 2210 5170 2517 5226; x_wconf 88' lang='lat' dir='ltr'><strong>lllaautem</strong></span> <span class='ocrx_word' id='word_1_830' title='bbox 2533 5185 2603 5225; x_wconf 90' lang='lat' dir='ltr'><strong>ne</strong></span> <span class='ocrx_word' id='word_1_831' title='bbox 2630 5168 2716 5224; x_wconf 86' lang='lat' dir='ltr'><strong>sic</strong></span> <span class='ocrx_word' id='word_1_832' title='bbox 2744 5166 2987 5240; x_wconf 91' lang='lat' dir='ltr'><strong>quidem</strong></span> <span class='ocrx_word' id='word_1_833' title='bbox 3015 5163 3281 5229; x_wconf 90' lang='lat' dir='ltr'><strong>cedebat,</strong></span> <span class='ocrx_word' id='word_1_834' title='bbox 3298 5163 3402 5219; x_wconf 91' lang='lat' dir='ltr'><strong>sed</strong></span> <span class='ocrx_word' id='word_1_835' title='bbox 3419 5178 3628 5219; x_wconf 90' lang='lat' dir='ltr'><strong>mane-</strong></span> 
     </span>
    </p>
   </div>
   <div class='ocr_carea' id='block_1_114' title="bbox 1986 5251 3624 5326">
    <p class='ocr_par' dir='ltr' id='par_1_114' title="bbox 1986 5251 3624 5326">
     <span class='ocr_line' id='line_1_114' title="bbox 1986 5251 3624 5326; baseline -0.005 -10"><span class='ocrx_word' id='word_1_836' title='bbox 1986 5262 2103 5325; x_wconf 92' lang='lat' dir='ltr'><strong>bat,</strong></span> <span class='ocrx_word' id='word_1_837' title='bbox 2136 5264 2197 5315; x_wconf 91' lang='lat' dir='ltr'><strong>ut</strong></span> <span class='ocrx_word' id='word_1_838' title='bbox 2240 5262 2537 5323; x_wconf 89' lang='lat' dir='ltr'><strong>statuerat,</strong></span> <span class='ocrx_word' id='word_1_839' title='bbox 2592 5260 2867 5326; x_wconf 88' lang='lat' dir='ltr'><strong>apertum</strong></span> <span class='ocrx_word' id='word_1_840' title='bbox 2916 5251 3217 5322; x_wconf 90' lang='lat' dir='ltr'><strong>religionis</strong></span> <span class='ocrx_word' id='word_1_841' title='bbox 3275 5251 3624 5308; x_wconf 90' lang='lat' dir='ltr'><strong>existimans</strong></span> 
     </span>
    </p>
   </div>
   <div class='ocr_carea' id='block_1_115' title="bbox 1986 5340 3628 5415">
    <p class='ocr_par' dir='ltr' id='par_1_115' title="bbox 1986 5340 3628 5415">
     <span class='ocr_line' id='line_1_115' title="bbox 1986 5340 3628 5415; baseline -0.005 -10"><span class='ocrx_word' id='word_1_842' title='bbox 1986 5365 2117 5405; x_wconf 90' lang='lat' dir='ltr'><strong>esse</strong></span> <span class='ocrx_word' id='word_1_843' title='bbox 2158 5346 2437 5415; x_wconf 89' lang='lat' dir='ltr'><strong>dedecus,</strong></span> <span class='ocrx_word' id='word_1_844' title='bbox 2481 5344 2531 5399; x_wconf 88' lang='lat' dir='ltr'><strong>si</strong></span> <span class='ocrx_word' id='word_1_845' title='bbox 2556 5343 2880 5415; x_wconf 90' lang='lat' dir='ltr'><strong>aperiretur</strong></span> <span class='ocrx_word' id='word_1_846' title='bbox 2937 5342 3172 5407; x_wconf 88' lang='lat' dir='ltr'><strong>veritas,</strong></span> <span class='ocrx_word' id='word_1_847' title='bbox 3203 5345 3259 5396; x_wconf 89' lang='lat' dir='ltr'><strong>et</strong></span> <span class='ocrx_word' id='word_1_848' title='bbox 3304 5340 3506 5396; x_wconf 89' lang='lat' dir='ltr'><strong>dicens</strong></span> <span class='ocrx_word' id='word_1_849' title='bbox 3564 5354 3628 5396; x_wconf 89' lang='lat' dir='ltr'><strong>se</strong></span> 
     </span>
    </p>
   </div>
   <div class='ocr_carea' id='block_1_116' title="bbox 1986 5428 3627 5505">
    <p class='ocr_par' dir='ltr' id='par_1_116' title="bbox 1986 5428 3627 5505">
     <span class='ocr_line' id='line_1_116' title="bbox 1986 5428 3627 5505; baseline -0.007 -11"><span class='ocrx_word' id='word_1_850' title='bbox 1986 5437 2130 5494; x_wconf 89' lang='lat' dir='ltr'><strong>nihil</strong></span> <span class='ocrx_word' id='word_1_851' title='bbox 2156 5437 2304 5492; x_wconf 91' lang='lat' dir='ltr'><strong>scire</strong></span> <span class='ocrx_word' id='word_1_852' title='bbox 2356 5432 2616 5505; x_wconf 87' lang='lat' dir='ltr'><strong>amplius</strong></span> <span class='ocrx_word' id='word_1_853' title='bbox 2644 5446 2827 5503; x_wconf 91' lang='lat' dir='ltr'><strong>quam</strong></span> <span class='ocrx_word' id='word_1_854' title='bbox 2860 5430 3021 5504; x_wconf 92' lang='lat' dir='ltr'><strong>quod</strong></span> <span class='ocrx_word' id='word_1_855' title='bbox 3069 5429 3232 5487; x_wconf 89' lang='lat' dir='ltr'><strong>locus</strong></span> <span class='ocrx_word' id='word_1_856' title='bbox 3284 5429 3359 5485; x_wconf 90' lang='lat' dir='ltr'><strong>sit</strong></span> <span class='ocrx_word' id='word_1_857' title='bbox 3415 5428 3627 5501; x_wconf 83' lang='lat' dir='ltr'><strong>plenus</strong></span> 
     </span>
    </p>
   </div>
   <div class='ocr_carea' id='block_1_117' title="bbox 1986 5526 2426 5596">
    <p class='ocr_par' dir='ltr' id='par_1_117' title="bbox 1986 5526 2426 5596">
     <span class='ocr_line' id='line_1_117' title="bbox 1986 5526 2426 5596; baseline -0.018 -12"><span class='ocrx_word' id='word_1_858' title='bbox 1986 5526 2193 5583; x_wconf 88' lang='lat' dir='ltr'><strong>divina</strong></span> <span class='ocrx_word' id='word_1_859' title='bbox 2217 5526 2426 5596; x_wconf 82' lang='lat' dir='ltr'><strong>gratia.</strong></span> 
     </span>
    </p>
   </div>
  </div>
