4144 6258
481 220 588 275 563

1835 196 2092 256 MENSIS
2136 191 2528 249 AUGUSTUS.

3921 171 4057 227 5::

503 393 522 400 -
562 344 785 399 XLVIII.
817 343 960 397 Cum
987 343 1184 394 autem
1230 337 1314 393 illi
1348 335 1592 406 pulchre
1639 328 1968 386 sensissent
1993 335 2126 377 eam
2163 325 2204 378 A
2242 317 2410 371 nobis
2433 315 2806 406 rogantibus.
2827 316 3132 406 ltogamus
3156 323 3317 374 vero,
3348 305 3768 406 utdormiaq)
3795 315 3944 355 us
4005 299 4065 348 Π

489 434 711 504 optime
742 430 983 503 quidem
1036 428 1202 491 scire,
1257 428 1434 480 vitare
1467 427 1666 478 autem
1694 434 1766 472 ne
1793 430 1926 504 eam
1985 410 2130 465 scire

492 503 642 576 esset
674 527 967 590 apertum,
998 522 1053 570 et
1082 515 1216 570 ideo
1249 529 1370 584 prae
1405 529 1466 566 se
1495 512 1641 565 ferre
1674 503 2130 590 ignorationem,

492 587 746 664 evadunt
780 606 1075 662 avidiores
1102 601 1441 657 inveniendi
1460 600 1611 670 ejus,
1633 595 1797 668 quod
1829 587 2134 663 qmereba—

493 703 604 757 tur,
637 701 688 750 et
726 690 1181 761 sicutCleoplias
1211 690 1380 744 etille
1410 688 1562 743 alius
1578 681 1928 754 discipulus,
1959 674 2135 730 corde

493 789 795 853 coeperunt
825 780 1102 834 ardere".
1136 781 1243 833 Eos
1276 778 1433 832 enim
1458 777 1632 844 Virgo
1660 769 2008 828 beatissima
2039 763 2137 816 in-

493 873 734 934 citabat,
772 869 971 924 volens
1002 867 1341 938 Byzantinis
1373 866 1641 920 divinum
1667 861 1826 916 hunc
1855 862 1910 911 et
1950 867 2136 908 sacro-

496 965 765 1015 sanctum
816 957 1017 1025 largiri
1066 955 1430 1010 thesaurum.
1461 954 1711 1008 Omnem
1738 962 1879 1014 ergo
1938 942 2139 996 statim

496 1044 1115 1114 movebantlapidem,
1138 1049 1200 1097 ut
1217 1042 1445 1106 mulier,
1463 1029 2140 1095 remittensimmobilem

495 1139 650 1192 hanc
683 1134 1166 1195 occultationem,
1191 1132 1271 1185 eis
1299 1131 1357 1184 id
1389 1129 1550 1200 quod
1579 1131 1859 1188 tacuerat,
1892 1124 1948 1177 in
1977 1134 2146 1190 aper-

497 1231 619 1280 tum
655 1223 962 1295 proferret.
1022 1220 1173 1284 Quin
1226 1220 1402 1272 etiam
1445 1213 1839 1286 jurisjurandi
1895 1206 2150 1264 necessi-

498 1317 678 1368 tatem
712 1309 1101 1376 adhibebant,
1123 1307 1369 1377 ejusque
1388 1305 1539 1360 adeo
1558 1301 1759 1366 validi,
1784 1304 1846 1354 ut
1879 1299 2148 1354 animum

495 1400 778 1472 quamvis
827 1395 1357 1468 inexpugnabilem
1413 1409 1522 1448 suo
1573 1395 1815 1462 possent
1844 1389 1976 1443 loco
2028 1398 2150 1438 mo-

502 1505 659 1545 vere.
693 1491 838 1544 Cum
872 1486 957 1541 sic
981 1502 1112 1540 eam
1165 1483 1330 1539 omni
1381 1498 1451 1537 ex
1507 1487 1672 1552 parte
1725 1476 2153 1538 astrinxissent,

511 1582 563 1632 et
603 1583 888 1647 tanquam
942 1572 1304 1629 inevitabilia
1329 1572 1378 1626 ei
1433 1569 1665 1625 vincula
1708 1566 2156 1638 imposuissent,

512 1666 606 1719 vix
640 1663 875 1719 tandem
919 1661 1280 1733 persuadent
1321 1666 1383 1714 ut
1421 1660 1502 1714 eis
1542 1673 1664 1712 rem
1707 1655 1952 1727 aperiat.
2013 1655 2159 1708 Cum
2194 1679 2238 1735 Β

517 1752 713 1822 itaque
739 1767 809 1805 ex
840 1751 958 1804 alto
989 1754 1047 1804 et
1083 1766 1214 1803 cum
1265 1748 1541 1818 lacrymis
1601 1745 1973 1815 suspirasset,
2007 1745 2063 1796 et
2099 1741 2159 1794 in

516 1846 732 1895 terram
759 1839 984 1893 ﬁxisset
1009 1837 1233 1902 oculos,
1284 1835 1526 1906 perinde
1554 1850 1622 1890 ac
1650 1835 1700 1888 si
1732 1849 1862 1887 eam
1915 1829 2162 1901 puderet

519 1927 861 1982 enuntiare:
897 1927 940 1982 Ο
969 1925 1094 1992 viri,
1129 1925 1339 1995 inquit,
1367 1938 1675 1994 nunquam
1710 1921 1768 1976 in
1801 1918 2160 1974 hodiernum

522 2031 713 2088 usque
739 2015 919 2079 diem,
953 2014 1224 2067 divinum
1251 2013 1365 2067 hoc
1421 2010 1770 2082 mysterium
1803 2008 1928 2063 viro
1978 2005 2164 2061 evasit

523 2104 919 2159 manifestum.
947 2103 1087 2166 Quae
1114 2103 1268 2154 enim
1289 2101 1348 2154 in
1378 2115 1590 2167 genere
1625 2114 1754 2153 meo
1790 2114 1882 2152 me
1917 2111 2165 2168 praeces-

519 2190 1153 2261 serunt,jurejurando
1187 2188 1476 2251 adhibito,
1528 2188 1628 2242 uni
1681 2186 1935 2250 mulieri,
1993 2184 2164 2255 eique

524 2281 748 2352 virgini,
777 2281 851 2333 ita
882 2278 1264 2344 tradiderunt,
1301 2282 1363 2331 ut
1394 2276 1640 2346 singulis
1667 2275 1937 2331 tetatibus
1962 2289 2032 2328 ea
2071 2289 2164 2328 res

519 2368 601 2423 sic
633 2367 997 2431 traderetur;
1034 2365 1138 2419 sed
1175 2364 1463 2435 quoniam
1499 2365 1666 2419 video
1715 2379 1822 2418 vos
1853 2377 1981 2417 esse
2008 2361 2165 2416 viros

517 2454 874 2511 reverendos
904 2463 961 2509 et
991 2453 1120 2524 pios
1153 2471 1165 2507 :
1220 2457 1275 2507 et
1313 2451 1531 2522 alioqui
1587 2453 1748 2522 (nam
1783 2451 1894 2506 hoc
1924 2465 2164 2521 quoque

519 2544 690 2599 vobis
720 2541 1093 2614 significabo)
1126 2542 1201 2596 ad
1232 2557 1324 2596 me
1359 2557 1547 2612 usque
1588 2541 1839 2595 redactae
1872 2544 2008 2593 sunt
2053 2537 2163 2591 mei

519 2633 752 2702 generis
777 2631 1034 2695 feminas,
1065 2645 1174 2684 nec
1201 2629 1320 2684 ulla
1349 2635 1616 2700 superest
1638 2628 1750 2683 alia
1771 2632 1907 2697 post
1931 2642 2024 2680 me
2060 2627 2167 2680 vir-

520 2734 618 2788 go,
643 2719 813 2789 cujus
841 2718 977 2772 ﬁdei
1009 2733 1042 2772 a
1076 2734 1167 2772 me
1196 2717 1352 2772 credi
1382 2719 1566 2786 possit
1593 2715 1851 2783 cognitio
1887 2713 2166 2785 mysterii,

519 2823 644 2863 rem
672 2806 850 2862 modo
883 2806 1054 2861 vobis
1078 2806 1363 2876 aperiam.
1409 2805 1686 2859 Existimo
1713 2805 1868 2858 enim
1920 2804 2062 2867 fore.
2108 2806 2171 2858 ut

520 2895 682 2966 quod
711 2892 946 2949 anobis
1003 2892 1243 2961 dicetur,
1298 2893 1455 2963 apud
1480 2908 1586 2947 vos
1640 2893 2014 2947 conservetis.
2059 2894 2168 2947 Ma-

526 2982 628 3037 riae
660 2981 816 3036 illius
849 2981 1112 3052 Deiparaa
1146 2981 1282 3052 (hoc
1309 2981 1464 3036 enim
1497 2989 1582 3035 est
1609 2981 1772 3034 nobis
1802 2980 1878 3035 ab
1910 2980 2026 3035 alto
2054 2986 2172 3034 tra-

525 3070 742 3139 ditum)
770 3069 866 3124 hic
898 3069 1193 3125 custodita
1240 3068 1354 3124 sita
1381 3073 1469 3122 est
1506 3070 1694 3125 vestis.
1735 3068 2171 3139 Obstupuerunt

525 3158 628 3212 viri
675 3157 775 3220 illi,
825 3175 961 3212 cum
1032 3157 1226 3213 solum
1279 3159 1359 3212 rei
1402 3157 1725 3213 audiissent
1779 3158 2161 3228 principium.

526 3246 745 3301 Deinde
774 3246 1058 3316 adjiciens
1085 3247 1315 3312 mulier,
1366 3247 1587 3301 Etenim
1618 3246 1761 3311 haec,
1795 3246 2005 3315 inquit,
2050 3244 2172 3298 Dei-

525 3349 674 3405 para
698 3335 875 3389 vitam
908 3335 1144 3403 ﬁniens,
1186 3336 1425 3390 duabus
1463 3334 1806 3389 mulieribus
1851 3331 2172 3399 virginibus

524 3421 678 3476 duas
705 3438 844 3477 suas
874 3428 1062 3478 vestes
1115 3423 1356 3478 donavit
1407 3422 1539 3478 loco
1574 3421 2044 3485 benedictionis;
2100 3435 2168 3474 ex

525 3509 745 3582 quibus
779 3526 897 3565 una
917 3511 1022 3566 fuit
1045 3527 1113 3566 ex
1145 3511 1263 3566 mei
1292 3512 1524 3579 generis
1564 3510 1916 3581 majoribus,
1948 3525 2082 3580 quae
2112 3508 2170 3563 id

526 3598 773 3668 accepit,
802 3599 958 3669 quod
979 3600 1268 3654 donatum
1294 3600 1504 3665 fuerat,
1530 3605 1583 3654 et
1608 3600 1666 3653 in
1695 3615 1834 3655 arca
1850 3599 2125 3669 deposuit
2157 3616 2168 3654 :

527 3691 583 3742 et
613 3687 858 3740 omnino
909 3687 1080 3754 jussit
1107 3688 1175 3740 iis
1217 3689 1317 3758 qui
1366 3693 1533 3742 erant
1559 3689 1649 3742 sui
1704 3688 1954 3755 generis,
1990 3692 2050 3742 ut
2088 3704 2172 3741 es-

529 3780 617 3829 set
648 3775 813 3842 virgo
837 3789 1228 3845 unaquaeque,
1259 3790 1394 3844 quae
1416 3790 1549 3829 eam
1575 3775 1882 3846 acciperet.
1918 3779 2171 3844 Estergo

527 3877 670 3917 arca
695 3862 992 3916 recondita
1024 3861 1083 3916 in
1107 3861 1382 3916 interiore
1407 3862 1589 3917 domo
1614 3879 1798 3934 quam
1829 3878 1990 3918 nunc
2016 3864 2173 3919 vide-

528 3950 600 4006 tis
632 3966 642 4004 :
678 3954 732 4004 et
758 3965 891 4021 quas
938 3951 996 4004 in
1050 3965 1120 4004 ea
1145 3955 1232 4005 est
1277 3950 1470 4016 vestis,
1530 3956 1825 4007 estcausa
1877 3952 2169 4022 omnium,

528 4053 663 4109 quae
679 4037 848 4102 ﬁunt,
867 4037 1285 4093 miraculorum
1299 4041 1513 4107 .Ilaec,o
1530 4040 1652 4106 viri,
1669 4046 1754 4094 est
1767 4057 1900 4096 vera
1913 4043 2171 4098 narratio

528 4127 660 4195 ejus
684 4126 847 4198 quod
878 4143 914 4183 a
945 4127 1112 4182 vobis
1143 4128 1427 4199 quaeritur
1455 4149 1466 4184 :
1517 4136 1572 4184 et
1595 4130 1798 4197 videte,
1829 4135 1891 4184 ut
1940 4130 2016 4185 ad
2070 4147 2171 4186 vos

528 4231 718 4287 usque
747 4216 940 4271 solum
963 4216 1220 4272 deducta
1259 4218 1331 4274 sit
1382 4220 1654 4288 cognitio,
1692 4225 1746 4275 et
1795 4236 1971 4276 nemo
2026 4221 2169 4275 sciat

528 4319 598 4360 ex
628 4303 697 4358 iis
722 4304 1021 4368 omnibus,
1050 4305 1150 4375 qui
1183 4312 1316 4360 sunt
1345 4305 1776 4376 Hierosolymis.

601 4390 770 4445 XLIX.
809 4395 952 4446 Cum
996 4392 1116 4446 haec
1148 4393 1474 4455 audissent,
1509 4394 1706 4448 adhuc
1741 4394 1931 4462 major
1980 4400 2170 4450 metus

528 4478 688 4534 viros
738 4478 909 4531 subiit
967 4484 1024 4532 et
1079 4479 1294 4533 laetitia.
1362 4481 1540 4534 Metus
1597 4481 1860 4552 quidem,
1933 4489 2172 4554 propter

531 4566 1006 4635 magnitudinem
1031 4583 1236 4622 eorum
1261 4584 1395 4638 quae
1425 4568 1627 4623 audita
1667 4569 1900 4624 fuerant
1927 4588 1939 4626 :
1972 4573 2172 4628 laetitia

531 4660 752 4720 autem,
780 4655 941 4726 quod
961 4661 1159 4710 essent
1190 4658 1502 4726 participes
1537 4657 1736 4712 talium
1777 4669 2172 4718 sacramento-

528 4759 680 4798 rum.
713 4743 864 4807 Quid
887 4759 1028 4812 ergo
1045 4744 1325 4815 deinceps
1348 4748 1732 4817 consequitur
1750 4747 1779 4799 ‘?
1800 4749 1910 4803 Viri
1941 4750 2171 4822 seipsos

528 4833 697 4888 humi
745 4832 1043 4902 dejiciunt.
1095 4839 1150 4887 et
1201 4834 1382 4904 pedes
1438 4834 1593 4889 illius
1646 4836 2168 4907 deprehensantes,

529 4919 958 4991 Nulliquidem,
984 4921 1705 4994 inquiunt,exiisquisunt
1730 4925 2168 4998 Hierosolymis,

530 5014 733 5064 notum
762 5009 869 5064 erit
899 5010 957 5063 id
988 5010 1151 5079 quod
1183 5010 1357 5065 nobis
1389 5012 1607 5066 dictum
1639 5017 1746 5078 est,
1798 5031 1870 5069 ne
1914 5016 2167 5084 dubites,

530 5096 812 5165 domina;
841 5097 1148 5155 dominam
1177 5100 1333 5154 enim
1358 5099 1485 5171 jam
1511 5105 1562 5156 te
1600 5117 1901 5168 vocamus,
1932 5120 2064 5174 qum
2092 5106 2170 5161 sis

531 5184 740 5238 talibus
766 5184 1008 5252 dignata
1042 5189 1338 5259 mysteriis
1368 5206 1380 5255 ;
1423 5190 1614 5260 ipsam
1650 5191 1750 5246 tibi
1783 5192 1962 5264 hujus
1983 5195 2065 5248 rei
2091 5201 2168 5250 te-

531 5274 678 5325 stem
697 5271 950 5325 citamus
971 5271 1499 5342 Deiparam.Unum
1519 5285 1712 5335 autem
1733 5280 1893 5337 aliud
1907 5284 2165 5338 concede

599 5446 647 5481 "
677 5446 810 5501 Luc.
845 5459 1004 5508 xmv,
1035 5450 1121 5502 32.

2243 421 2312 460 eo
2335 407 2489 472 loco,
2517 407 2572 459 in
2606 421 2728 475 quo
2783 403 2876 457 hic
2905 401 3149 455 divinus
3179 397 3527 453 reconditus
3570 393 4046 449 estthesa';

2247 510 2367 547 rus.
2411 497 2557 547 Cum
2599 493 2710 546 hoc
2748 498 2947 545 autem
2990 488 3189 543 statim
3230 484 3636 541 concessisset
3682 477 4072 536 mulier.

2246 582 2523 649 stragula
2539 581 2782 652 quidem
2804 587 3000 635 vestes
3028 581 3275 649 portatae
3295 585 3432 629 sunt
3449 575 3506 628 in
3528 588 3679 628 eum
3696 571 4056 625 locum.

2247 671 2486 725 Illivero
2520 687 2638 725 non
2673 686 2735 724 se
2768 684 2983 723 somno
3009 666 3322 728 dederunt,
3360 663 3469 718 sed
3494 678 3644 718 cum
3687 663 4060 714 noctur-

2250 776 2394 814 num
2423 760 2790 831 accepissent
2819 757 3140 819 silentium,
3163 759 3345 809 totam
3373 758 3619 808 noctem
3642 762 3914 821 pet-se
3933 761 4046 799 r5-

2252 850 2462 904 rabant
2480 849 2538 902 in
2567 849 2849 910 oratione,
2876 851 2933 900 et
2949 861 3086 899 cum
3101 843 3380 913 lacrymis
3397 840 3678 910 agebant
3702 853 3878 908 gra
3891 837 4002 889 tia
4017 852 4042 886 ς

2256 939 2537 1008 Deiparaa,
2570 937 2732 1007 quod
2756 934 2973 988 talibus
3005 931 3406 988 auditionibus
3459 936 3518 985 et
3552 925 4036 1000 spectaculis

2255 1025 2628 1094 digniessent
2651 1023 2855 1077 habiti.
2887 1024 3029 1077 Cum
3047 1026 3243 1075 autem
3260 1036 3361 1074 eos
3390 1019 3494 1090 qui
3513 1016 4020 1086 aegrotabant.

2259 1113 2545 1168 vidissent
2559 1127 2773 1167 somno
2787 1110 3464 1181 oppressos,metiuntur
3478 1124 3552 1163 ex
3567 1107 3756 1162 omni
3785 1120 3912 1175 pa
3925 1109 4028 1156 rte

2261 1202 2554 1257 ambitum
2590 1217 2762 1266 arcae,
2791 1202 2845 1254 in
2877 1215 2999 1270 qua
3023 1204 3145 1253 erat
3170 1197 3438 1252 divinum
3460 1195 4016 1266 repositumini—

2263 1291 2616 1346 dumentum
2653 1313 2664 1344 :
2695 1291 3015 1362 ipsamque
3045 1287 3190 1357 ligni
3234 1286 3490 1354 speciem
3518 1293 3575 1340 et
3629 1284 4012 1339 habitudi-

2267 1396 2426 1445 nem,
2462 1396 2531 1434 ex
2554 1396 2676 1451 quo
2703 1385 2829 1434 erat
2854 1394 3013 1441 arca,
3047 1383 3318 1432 accurate
3351 1375 3695 1431 admodum
3724 1382 3798 1428 et
3844 1375 4004 1427 dila-

2270 1477 2472 1538 genter
2501 1469 2897 1524 considerant.
2937 1466 3154 1522 Deinde
3189 1481 3368 1520 mane
3396 1465 3652 1534 egressi,
3677 1471 3738 1517 et
3757 1464 4004 1517 hone-

2271 1563 2421 1612 stam
2447 1557 2781 1612 salutarunt
2832 1555 3162 1618 mulierem,
3213 1560 3438 1608 etcum
3489 1559 3850 1622 rogassent
3921 1557 3986 1604 ut

2272 1646 2822 1716 audacterjuberet,
2855 1644 2901 1698 si
2933 1643 3078 1715 quid
3099 1643 3210 1697 sibi
3232 1658 3383 1713 opus
3415 1640 3986 1710 essetHierosoly-

2274 1736 2406 1802 mis,
2427 1752 2489 1789 se
2503 1735 2661 1790 enim
2681 1750 2889 1789 rursus
2910 1733 2984 1788 ad
3008 1733 3202 1803 ipsam
3224 1737 3504 1786 venturos
3527 1746 3637 1800 per
3658 1730 3965 1784 eamdem

2273 1823 2827 1892 viam,inieruntiter
2844 1838 3048 1878 versus
3061 1821 3548 1884 Jerusalem,cum
3569 1818 3681 1873 illa
3694 1819 3957 1873 dixisset

2276 1930 2338 1969 se
2370 1913 2527 1968 nullo
2549 1912 2666 1968 alio
2692 1928 2883 1983 egere,
2917 1911 3030 1967 nisi
3069 1926 3277 1966 eorum
3301 1909 3608 1981 precibus,
3647 1914 3710 1962 et
3741 1913 3811 1962 ut.
3845 1923 3966 1961 eos

2273 2019 2476 2057 rursus
2499 2002 2664 2056 laetos
2700 2001 2917 2055 videret
2949 2004 3006 2054 et
3032 1998 3277 2056 alacres.

2345 2093 2401 2145 L.
2453 2093 2596 2146 Cum
2623 2089 2871 2145 fuissent
2898 2089 3100 2161 itaque
3131 2087 3549 2158 Hierosolymis
3597 2085 3874 2142 Galbius
3917 2091 3972 2137 et

2275 2179 2594 2244 Candidus,
2629 2185 2680 2234 et
2713 2179 2929 2250 partim
2957 2179 3200 2249 quidem
3231 2180 3346 2232 Deo
3376 2192 3589 2248 preces
3613 2175 3974 2237 fudissent,

2275 2270 2490 2341 partim
2522 2275 2720 2324 autem
2755 2267 3121 2340 pauperibus
3161 2271 3219 2322 et
3256 2266 3568 2336 egentibus
3611 2264 3974 2320 liberaliari

2275 2358 2510 2412 dextera
2541 2357 2985 2428 eleemosynam
3031 2365 3400 2426 erogassent,
3434 2360 3661 2409 secrete
3723 2361 3976 2408 vocant

2275 2446 2574 2517 quosdam
2613 2446 2819 2501 fabros
2869 2446 3176 2514 lignarios,
3219 2445 3434 2516 quibus
3469 2444 3710 2513 jubent,
3741 2450 3815 2497 ut
3883 2445 3972 2497 eis

2277 2540 2628 2590 construant
2657 2551 2858 2590 arcam
2880 2540 2936 2590 et
2967 2535 3185 2598 forma,
3210 2539 3268 2588 et
3297 2534 3510 2603 ﬁgura,
3541 2539 3599 2588 et
3632 2533 3966 2601 magnitu-

2278 2623 2412 2678 dine
2444 2623 2544 2690 illi,
2571 2639 2757 2695 quam
2783 2623 3075 2687 viderant,
3097 2623 3373 2691 similem,
3400 2623 3772 2677 mandantes
3801 2637 3972 2693 prae-

2281 2717 2454 2776 terea,
2500 2718 2560 2766 ut
2599 2711 2953 2767 formaretur
2991 2713 3168 2767 etiam
3210 2727 3281 2766 ex
3319 2711 3481 2780 ligno
3541 2712 3748 2774 veteri,
3825 2726 3965 2782 quo

2280 2799 2424 2854 nihil
2451 2801 2508 2855 in
2571 2818 2641 2855 ea
2674 2807 3026 2866 cerneretur,
3083 2801 3245 2873 quod
3276 2816 3397 2855 non
3441 2805 3598 2854 esset
3656 2800 3838 2855 omni
3887 2815 3963 2852 ex

2281 2895 2447 2959 parte
2479 2890 2669 2944 simile
2708 2889 3021 2961 praedictae.
3067 2891 3416 2957 Excogitant
3448 2889 3665 2944 deinde
3707 2889 3958 2960 aliquid

2281 2979 2441 3034 aliud
2461 2980 2742 3034 idoneum
2767 2979 2842 3035 ad
2875 2979 3190 3034 celandum
3219 2978 3279 3033 id
3309 2978 3470 3049 quod
3490 2985 3611 3033 erat
3637 2979 3954 3032 futurum.

2283 3071 2645 3140 Comparant
2677 3069 2787 3124 sibi
2827 3075 3103 3124 auratum
3146 3068 3509 3140 operculum,
3561 3075 3618 3120 ut
3657 3083 3729 3122 eo
3779 3083 3949 3123 arca

2283 3160 2591 3224 tegeretur.
2622 3158 2945 3228 Postquam
2977 3163 3171 3212 autem
3193 3163 3247 3213 et
3269 3157 3530 3228 precatio,
3561 3161 3614 3209 et
3639 3157 3937 3224 erogatio

2283 3245 2366 3299 eis
2393 3247 2532 3299 satis
2585 3245 2734 3299 bene
2773 3245 2994 3300 habere
3036 3245 3166 3300 visa
3191 3245 3320 3310 fuit,
3358 3261 3421 3300 eo
3457 3249 3709 3314 accepto,
3741 3242 3932 3314 quod

2285 3333 2471 3388 fuerat
2491 3331 2906 3403 fabrefactum,
2938 3333 3188 3389 redeunt
3235 3335 3295 3388 in
3329 3334 3519 3389 vicum
3540 3332 3670 3388 sani
3710 3340 3766 3387 et
3800 3333 3944 3387 ala-

2283 3435 2411 3475 cres
2443 3440 2454 3476 :
2489 3422 2979 3494 aromatibusque
3023 3421 3317 3478 sufﬁtibus
3361 3422 3515 3494 aptis
3576 3422 3654 3477 ad
3700 3421 3938 3476 sacriﬁ-

2282 3511 2461 3574 cium,
2496 3510 2903 3566 venerandam
2948 3513 3178 3566 donant
3215 3511 3529 3568 mulierem.
3563 3513 3623 3566 Et
3672 3510 3778 3566 illa
3809 3510 3944 3582 qui-

2283 3599 2414 3654 dem
2446 3615 2649 3654 rursus
2663 3602 2838 3664 viros,
2858 3605 3144 3671 tanquam
3175 3601 3287 3655 sibi
3309 3600 3651 3670 familiares,
3669 3599 3938 3671 jucunde

2283 3688 2516 3758 accipit.
2551 3687 2638 3742 Illi
2667 3693 2864 3744 autem
2894 3705 3098 3743 rursus
3119 3689 3196 3744 ab
3218 3705 3287 3743 ea
3309 3694 3536 3760 petunt,
3560 3690 3727 3760 quod
3750 3689 3932 3761 prius.

2283 3782 2344 3830 ut
2375 3776 2590 3832 scilicet
2623 3777 2679 3830 in
2708 3792 2878 3832 sacro
2907 3776 3248 3832 habitaculo
3269 3782 3452 3832 totam
3479 3782 3722 3832 noctem
3754 3785 3935 3832 trans-

2281 3864 2524 3932 igerent.
2572 3864 2669 3918 Illa
2702 3881 2838 3920 vero
2883 3882 3086 3921 rursus
3145 3881 3378 3938 quoque
3435 3866 3742 3937 permittit.
3797 3864 3932 3920 nihil

2281 3952 2526 4006 omnino
2549 3953 2883 4022 suspicans.
2921 3954 3028 4018 Qui
3071 3954 3343 4023 ingressi,
3397 3970 3642 4008 summo
3672 3955 3798 4009 otio
3822 3961 3930 4008 ute-

2279 4040 2497 4094 bantur
2526 4041 2799 4110 precibus
2826 4042 2903 4096 ad
2931 4043 3316 4114 inculpatam,
3353 4049 3406 4098 et
3430 4043 3507 4098 ab
3540 4043 3706 4097 omni
3738 4057 3932 4113 repre—

2280 4128 2565 4184 hensione
2582 4128 2837 4184 alienam
2859 4131 2959 4184 Dei
2982 4134 3246 4195 Matrem,
3264 4147 3365 4185 eas
3385 4136 3676 4202 tanquam
3701 4146 3924 4187 sacram

2279 4217 2536 4272 hostiam
2557 4217 2836 4288 lacrymis
2856 4219 3075 4289 pingue
3093 4219 3374 4274 facientes
3401 4237 3411 4274 :
3438 4222 3562 4275 Non
3581 4223 3923 4291 ignoramus

2283 4323 2389 4360 nos
2418 4307 2565 4361 servi
2602 4308 2703 4373 tui,
2737 4308 3020 4373 dicentes,
3055 4325 3090 4363 o
3121 4308 3514 4372 divinissima,
3542 4316 3599 4363 et
3626 4311 3682 4363 in
3721 4307 3918 4380 primis

2281 4395 2519 4450 illustris
2557 4398 2824 4461 Domina,
2847 4413 3128 4468 quaenam
3151 4397 3291 4452 olim
3316 4397 3444 4452 Ozae
3465 4400 3800 4463 evenerint,
3826 4395 3919 4468 qui

2282 4499 2463 4537 ausus
2487 4489 2573 4538 est
2589 4492 2825 4553 tangere
2838 4502 3201 4557 arcam,qtlte
3217 4491 3342 4541 erat
3359 4488 3691 4542 secundum
3713 4488 3920 4559 legem.

2282 4573 2592 4636 Quomodo
2622 4589 2762 4641 ergo
2789 4589 2917 4640 nos,
2947 4574 3049 4645 qui
3077 4591 3286 4629 sumus
3311 4576 3512 4629 multis
3535 4577 3791 4630 obnoxni
3811 4591 3899 4647 pec

2281 4663 2445 4726 catis,
2475 4669 2528 4717 te
2548 4677 2665 4716 non
2693 4663 2958 4731 jubente,
2992 4664 3118 4717 ausi
3156 4664 3441 4719 fuerimus
3471 4664 3735 4719 divinam
3779 4666 3920 4720 hanc

2282 4767 2478 4805 arcam
2522 4750 2770 4806 omnino
2802 4759 3060 4820 tangere,
3093 4753 3242 4807 intra
3290 4769 3473 4818 quam
3510 4758 3599 4808 est
3631 4754 3766 4809 talis
3825 4754 3922 4809 the-

2282 4856 2497 4894 saurus
2538 4840 2829 4910 repositus
2861 4858 2871 4895 :
2907 4846 2962 4896 et
2993 4856 3109 4895 non
3156 4841 3351 4897 solum
3387 4847 3627 4911 tangere
3663 4843 3926 4914 profanis

2282 4929 2573 4991 manibus,
2608 4929 2711 4981 sed
2755 4929 2930 4983 etiam
2977 4945 3110 4984 eam
3171 4929 3286 4984 alio
3327 4931 3688 4986 transferre?
3722 4937 3924 4988 Annue

2280 5032 2420 5085 ergo
2453 5016 2736 5072 voluntati
2761 5024 3098 5074 nostrarum
3133 5020 3497 5088 animarum,
3545 5036 3581 5074 ο
3611 5020 3756 5076 boni
3821 5020 3925 5077 Filii

2279 5106 2436 5161 bona
2467 5105 2664 5160 Mater.
2710 5106 2795 5160 Ad
2827 5112 2988 5162 tuam
3014 5107 3172 5162 enim
3203 5109 3498 5163 civntatem
3532 5116 3622 5164 est
3677 5113 3921 5164 transla-

2278 5195 2526 5264 tio,quae
2558 5199 2642 5248 est
2663 5195 2955 5250 ommium
2983 5195 3232 5250 aliarum
3259 5195 3506 5267 Regina,
3535 5201 3593 5252 et
3619 5203 3669 5253 te
3697 5211 3924 5270 semper

2277 5297 2498 5354 magno
2531 5282 2728 5339 studio
2752 5284 2950 5338 statuit
2987 5283 3306 5340 honorare.
3357 5285 3443 5340 Ad
3474 5300 3611 5342 eam
3669 5303 3786 5344 nos
3822 5287 3924 5343 hoc
