4144 6258
186 270 316 331 565

1433 274 1872 332 MABTYRIUM
2000 276 2401 342 MAMANTIS.

3510 290 3615 347 566

186 395 750 488 divinumdonum
780 400 1091 468 exportare
1113 398 1451 488 statuimus,
1475 399 1551 456 ad
1578 400 1705 470 ejus
1722 403 1870 455 tute-
1901 403 1944 455 A
1976 415 2119 458 num
2156 410 2528 478 mysterium,
2570 412 2677 468 fuit
2717 428 2957 487 semper
3000 429 3208 472 revera
3252 416 3616 488 mysterium

187 485 329 539 lam
365 490 422 539 et
451 483 728 553 gloriam,
761 499 895 555 quas
926 500 1240 557 nunquam
1271 486 1705 556 exstinguatur.
1734 488 1865 543 Hinc

2048 492 2158 548 Lll.
2186 496 2477 560 Quoniam
2505 506 2705 557 autem
2742 501 2819 567 ei,
2861 518 2996 575 qum
3027 519 3131 575 per
3177 503 3381 576 ipsum
3428 504 3614 559 honoc

188 578 328 630 tota
360 580 529 629 nocte
561 574 819 629 dicentes
851 573 914 629 in
942 577 1231 641 oratione,
1262 581 1319 631 et
1349 575 1542 631 solum
1582 576 1865 648 lacrymis
1971 580 2238 647 rabatur,
2278 592 2334 642 et
2376 590 2547 658 cujus
2601 596 2727 647 erat
2776 573 2900 647 illa
2921 573 3218 659 amictus;
3244 592 3442 648 visum
3498 596 3610 656 est,

188 662 696 729 madefacientes,
730 669 969 735 repente
999 663 1323 735 implentur
1344 664 1585 731 ﬁducia,
1619 664 1863 731 ﬁducia,

179 751 480 823 inquam,
504 757 948 823 contemperata
978 754 1324 808 reverentia.
1362 754 1581 809 Deinde
1611 755 1687 810 ad
1714 753 1856 809 divi-

181 856 346 896 nam
360 840 653 896 accedunt
664 856 890 906 arcam,
906 840 1081 897 simul
1103 841 1237 897 laeto
1252 848 1309 898 et
1325 847 1610 898 tremente
1628 843 1853 907 animo,

179 934 249 984 et
292 946 435 985 cum
484 945 717 995 omnes,
763 930 866 1002 qui
909 930 1025 985 illic
1072 937 1259 996 erant,
1304 930 1561 986 efﬁceret
1602 946 1853 987 somnus

180 1017 366 1073 nullo
397 1033 574 1073 sensu
609 1017 890 1089 praeditos
931 1020 986 1086 (ο
1014 1018 1219 1075 beatas
1257 1034 1492 1085 manus,
1524 1036 1561 1075 o
1604 1019 1847 1083 furtum,

181 1105 251 1160 in
278 1106 452 1178 quod
482 1105 645 1161 nulla
670 1111 869 1177 potest
889 1108 1138 1163 omnino
1163 1106 1377 1162 cadere
1406 1107 1789 1178 reprehensio
1808 1108 1848 1179 t)

183 1194 356 1249 hanc
386 1195 687 1266 accipiunt
714 1196 798 1251 eis
844 1210 1087 1269 quoque
1125 1195 1376 1251 omnino
1418 1197 1529 1252 hac
1570 1196 1624 1251 in
1664 1212 1725 1251 re
1765 1196 1848 1252 fa-

182 1288 369 1339 vente
400 1283 609 1352 gratia.
635 1286 701 1339 Et
720 1299 854 1340 eam
875 1284 1121 1356 quidem
1143 1284 1231 1340 sic
1257 1284 1467 1340 tollunt
1489 1303 1502 1343 :
1534 1292 1847 1357 apponunt

182 1377 417 1434 autem,
442 1386 629 1443 quam
662 1372 1081 1445 Hierosolymis
1119 1372 1198 1428 ad
1236 1372 1365 1442 ejus
1396 1372 1842 1428 similitudinem

181 1458 463 1515 fabricati
495 1459 745 1524 fuerant,
775 1476 913 1516 cum
943 1462 996 1517 ei
1020 1461 1197 1516 etiam
1222 1459 1652 1531 imposuissent
1676 1476 1845 1533 oper-

181 1550 415 1603 culum.
445 1549 611 1614 Quod
642 1550 886 1621 quidem
913 1555 1039 1605 erat
1066 1564 1335 1614 aureum,
1371 1555 1435 1604 ut
1462 1549 1743 1604 diximus.

257 1638 350 1693 LI.
416 1638 562 1693 Cum
617 1638 878 1709 primum
941 1645 1139 1697 autem
1202 1639 1515 1702 illuxisset,
1569 1643 1840 1693 sanctam

1972 672 2199 726 tantum
2233 673 2460 731 bonum
2492 678 2569 733 ad
2615 680 2773 735 solos
2816 681 2964 735 duos
3007 686 3180 737 testes
3228 696 3348 736 non
3395 680 3613 736 debere

1967 761 2256 827 contrahi,
2309 769 2363 819 et
2418 770 2709 837 tanquam
2765 767 3062 839 profundo
3115 768 3315 841 aliquo
3377 767 3612 836 contegi

1967 844 2220 914 silentio,
2252 856 2308 906 et
2342 868 2695 911 communes
2754 856 2991 913 divitias
3044 873 3172 913 esse
3227 872 3438 913 eorum
3487 860 3610 911 tan-

1962 937 2083 990 tum
2143 940 2437 1011 proprias,
2494 948 2551 998 et
2613 944 2917 1000 communi
2958 945 3136 1017 epulo
3183 961 3284 1001 eos
3327 960 3389 1000 se
3449 943 3609 1000 solos

1958 1024 2195 1095 explere
2228 1044 2240 1081 :
2272 1036 2462 1085 movet
2494 1031 2656 1102 ipsos
2687 1032 2763 1088 ad
2812 1032 2872 1088 id
2892 1034 3055 1104 quod
3105 1037 3425 1098 tacuerant,
3477 1046 3608 1103 pro-

1956 1108 2263 1171 ferendum
2293 1118 2352 1172 in
2386 1117 2578 1175 lucem
2612 1139 2624 1175 :
2655 1125 2711 1176 et
2742 1122 3109 1187 accedentes,
3156 1120 3514 1176 annuntiant
3538 1119 3608 1174 iis

1954 1202 2055 1271 qui
2088 1206 2225 1257 tunc
2262 1212 2446 1274 erant,
2500 1207 2983 1279 imperatoribus,
3032 1216 3088 1265 et
3117 1209 3391 1281 aperiunt
3427 1206 3606 1280 quale

1956 1287 2029 1344 sit
2050 1290 2423 1357 miraculum,
2447 1299 2499 1349 et
2518 1295 2821 1352 declarant
2840 1297 3357 1369 quemadmodum
3377 1295 3605 1351 sitalla-

1951 1369 2100 1432 tum.
2134 1382 2240 1435 Eos
2271 1390 2490 1451 autem,
2523 1398 2661 1439 cum
2691 1385 3035 1450 audiissent,
3066 1401 3355 1457 magnum
3386 1384 3607 1440 invasit

1951 1467 2261 1534 gaudium,
2308 1475 2361 1523 et
2418 1471 2684 1542 protinus
2742 1472 2807 1527 ﬁt
2854 1472 3180 1543 publicum,
3213 1473 3370 1544 quod
3416 1472 3603 1528 fuerat

1950 1554 2267 1643 occultuim.
2303 1559 2365 1612 Et
2390 1558 2541 1614 beati
2563 1560 2974 1631 quideminter
3002 1577 3214 1617 omnes
3251 1564 3601 1632 reputantur

1950 1642 2193 1698 Galbius
2223 1650 2278 1700 et
2322 1647 2623 1702 Candidus
2666 1657 2906 1720 propter
2935 1648 3049 1705 tale
3089 1649 3503 1713 ministerium,
3542 1653 3599 1705 et

182 1725 499 1782 mulierem
531 1726 778 1799 quidem
815 1728 1028 1799 jubent
1058 1732 1268 1797 valere,
1301 1736 1359 1786 et
1386 1732 1605 1798 rogant
1637 1733 1696 1781 ut
1722 1742 1837 1781 non
1876 1756 1915 1809 Β
1951 1730 2199 1801 publicis
2216 1733 2583 1790 honorantur
2610 1736 2956 1791 honoribus.
2982 1737 3189 1793 Divina
3212 1740 3413 1791 autem
3438 1735 3596 1791 aedes

179 1822 379 1871 cesset
398 1831 504 1887 pro
535 1817 618 1872 eis
646 1832 836 1883 orare,
863 1825 920 1874 et
943 1836 1151 1877 eorum
1184 1823 1377 1877 facere
1410 1830 1838 1873 commemora-

182 1904 417 1960 tionem
457 1905 677 1961 Deinde
707 1906 763 1961 ei
799 1921 1042 1980 quoque
1095 1911 1280 1983 digito
1317 1907 1640 1964 ostendunt
1667 1919 1839 1976 oper-

176 1992 585 2065 culum,quasi
610 2010 809 2050 veram
835 1996 996 2053 illam
1017 2005 1235 2068 tegeret
1254 2006 1312 2054 et
1332 1999 1588 2071 primam
1609 2009 1834 2060 arcam,

166 2081 339 2153 quod
382 2082 613 2138 mulieri
658 2098 899 2157 quoque
949 2087 1143 2143 visum
1191 2094 1279 2145 est
1312 2088 1390 2143 ab
1424 2088 1537 2143 illis
1589 2085 1836 2142 allatum

169 2184 301 2225 esse
327 2171 574 2226 honoris
603 2172 815 2242 gratia.
848 2177 911 2229 Et
950 2191 1089 2232 cum
1122 2183 1408 2248 prmterea
1460 2176 1532 2231 iis
1563 2179 1664 2247 qui
1707 2174 1835 2229 fue-

180 2264 319 2313 rant
382 2258 625 2325 inventi,
692 2263 1061 2331 pauperibus
1140 2265 1625 2337 suppeditassent
1705 2278 1839 2335 quas

180 2352 349 2401 erant
391 2349 749 2414 necessaria,
786 2351 961 2406 valde
992 2352 1103 2408 lmti
1155 2353 1426 2423 protinus
1449 2356 1559 2408 iter
1586 2346 1839 2421 ingressi

177 2441 336 2499 sunt,
380 2435 627 2491 domum
668 2440 982 2495 reversuri.
1036 2445 1353 2513 Postquam
1397 2447 1597 2496 autem
1651 2441 1839 2496 venis-

192 2527 325 2579 sent
374 2525 732 2597 Byzantium,
768 2541 890 2582 non
932 2528 1249 2584 honestum
1300 2544 1429 2584 esse
1481 2532 1834 2594 statuerunt,

187 2612 256 2667 iis
295 2614 398 2684 qui
442 2614 541 2669 illo
586 2619 852 2686 tempore
895 2623 1082 2683 erant,
1115 2616 1575 2688 imperatoribus
1620 2622 1836 2689 myste-

177 2703 328 2757 rium
358 2704 522 2774 prius
561 2704 1030 2773 communicare,
1083 2722 1267 2779 quam
1296 2706 1670 2778 patriarcha.
1717 2706 1832 2759 Eos

180 2789 339 2845 enim
381 2791 622 2846 subibat
661 2792 856 2859 timor,
903 2809 977 2849 ne
1005 2794 1171 2865 quod
1212 2794 1325 2865 ipsi
1358 2810 1536 2847 suum
1577 2808 1707 2847 esse
1735 2792 1831 2847 bo-

177 2894 321 2934 num
358 2883 704 2942 statuerant,
739 2896 810 2935 eo
836 2881 915 2935 ab
946 2881 1059 2936 illis
1090 2882 1482 2949 privarentur.
1515 2882 1661 2935 Cum
1690 2894 1833 2948 ergo

181 2965 364 3021 multa
416 2966 872 3032 consultassent,
935 2968 1020 3023 eis
1084 2968 1213 3023 haec
1266 2967 1394 3021 visa
1446 2972 1534 3021 est
1607 2967 1835 3037 optima

181 3055 491 3149 sententia,
546 3054 792 3111 latenter
832 3070 935 3111 eos
983 3055 1061 3111 ad
1108 3056 1222 3111 hoc
1270 3070 1513 3127 quoque
1556 3059 1835 3110 monente
1862 3094 1903 3149 Ο

190 3140 452 3213 Deipara.
491 3145 627 3197 Erat
664 3143 749 3198 eis
779 3142 1073 3213 praedium
1117 3143 1282 3214 apud
1314 3158 1516 3198 muros
1555 3143 1830 3206 civitatis,

185 3231 583 3303 propinquum
626 3231 841 3286 marini
883 3232 1054 3287 sinus
1097 3232 1299 3287 cornui
1336 3232 1497 3299 (huic
1543 3231 1677 3287 loco
1731 3245 1833 3286 no-

189 3333 321 3373 men
378 3325 504 3374 erat
538 3319 947 3376 Blacchernas).
992 3323 1053 3375 ln
1089 3336 1160 3375 eo
1220 3326 1533 3376 exstruunt
1584 3320 1828 3392 quidem

190 3405 432 3462 domum
460 3408 803 3464 oratoriam.
847 3411 994 3466 Cum
1028 3413 1233 3464 autum
1263 3409 1347 3463 eis
1394 3423 1633 3477 magum
1677 3406 1833 3462 esset

187 3510 335 3551 curae
386 3504 450 3552 ut
496 3496 764 3562 laterent,
818 3497 966 3552 Petri
1016 3497 1427 3569 apostolorum
1461 3496 1744 3568 principis
1774 3501 1832 3551 et

179 3584 344 3640 Marci
391 3584 643 3641 domum
670 3586 1006 3641 nominant.
1034 3587 1178 3641 Cum
1208 3586 1266 3640 in
1297 3601 1364 3641 eo
1404 3592 1557 3639 certe
1591 3600 1826 3639 sacrum

178 3672 339 3727 illum
367 3673 711 3728 thesaurum
739 3674 1104 3744 posuissent,
1123 3689 1302 3728 omne
1343 3672 1541 3729 statim
1566 3673 1824 3728 studium

181 3760 589 3827 adhibuerunt,
612 3762 743 3816 utin
769 3762 987 3833 templo
1000 3767 1157 3816 esset
1169 3766 1451 3833 perpetua
1476 3761 1824 3833 hymnodia,

181 3856 491 3919 perpetuus
534 3850 686 3905 odor
714 3856 1073 3915 aromatum,
1114 3856 1171 3905 et
1214 3850 1495 3905 assiduus
1545 3850 1827 3921 splendor

182 3935 488 3994 luminum.
518 3940 584 3995 Et
630 3939 713 3994 sic
741 3939 981 4010 quidem
1012 3939 1196 4009 longo
1227 3945 1495 4010 tempore
1526 3939 1637 3995 hoc
1676 3938 1823 3994 divi-

1948 1816 2007 1874 in
2050 1836 2120 1875 eo
2160 1821 2289 1876 loco
2347 1823 2521 1893 regiis
2564 1825 2851 1895 impensis
2894 1825 3157 1896 Deiparm
3209 1823 3538 1879 aediﬁcatur
3577 1840 3590 1880 :

1946 1912 2003 1961 et
2031 1923 2215 1979 capsa
2257 1925 2327 1964 ex
2349 1916 2594 1979 argento
2623 1916 2679 1966 et
2735 1927 2880 1967 auro
2948 1917 3302 1977 constructa,
3355 1926 3593 1966 sacrum

1946 1994 2113 2051 illum
2142 1998 2488 2053 thesaurum
2519 1998 2761 2072 excipit:
2786 2000 3057 2070 plurimis
3089 2000 3219 2056 aliis
3246 1998 3593 2054 muneribus

1944 2086 2001 2138 et
2029 2082 2203 2139 donis
2244 2084 2462 2139 domus
2512 2086 2850 2142 honoratur.
2903 2088 3017 2143 Leo
3076 2104 3214 2143 vero
3271 2094 3327 2143 et
3379 2087 3594 2142 Verina

1947 2170 2006 2241 (ii
2041 2172 2200 2227 enim
2247 2178 2383 2228 tunc
2427 2173 2838 2244 imperabant;
2880 2190 3135 2247 quorum
3180 2184 3445 2246 tempore
3478 2174 3590 2230 hoc

1947 2274 2187 2330 quoque
2228 2276 2515 2330 magnum
2542 2267 2600 2317 et
2627 2264 2922 2319 revelatur
2954 2264 3324 2335 mysterium,
3345 2262 3490 2318 etad
3508 2277 3595 2317 re-

1949 2347 2108 2416 giam
2152 2348 2357 2403 urbem
2399 2353 2913 2423 exportatur)cum
2944 2352 3262 2424 pulchreet
3288 2351 3381 2422 pie
3404 2351 3593 2422 impe-

1949 2440 2197 2501 rassent,
2215 2444 2269 2491 et
2286 2437 2526 2493 Galbius
2540 2444 2596 2494 et
2611 2439 2931 2510 Candidus,
2952 2440 3054 2511 qui
3069 2440 3182 2494 hoc
3197 2437 3590 2493 ministerium

1950 2523 2341 2595 pulcherrime
2401 2526 2694 2592 obierunt,
2755 2527 3187 2583 transferuntur
3244 2531 3449 2598 postea
3515 2531 3590 2581 ad

1945 2612 2229 2666 senectuti
2270 2629 2390 2667 non
2420 2614 2747 2670 obnoxiam
2778 2616 2909 2671 vita:
2930 2614 3353 2670 conditionem.

2018 2698 2150 2753 Ltll.
2181 2703 2325 2754 Cum
2360 2716 2500 2772 ergo
2530 2700 2657 2757 haec
2688 2719 2848 2757 sacra
2892 2718 3032 2758 arca
3075 2702 3245 2757 nobis
3277 2702 3587 2765 contineat,

1944 2802 2065 2842 non
2086 2788 2384 2858 quasdam
2418 2789 2677 2859 tabulas,
2703 2807 2887 2846 manu
2926 2791 3178 2846 Mosaica
3207 2788 3438 2861 politas,
3488 2786 3589 2842 sed

1945 2880 2161 2928 vestem
2217 2876 2393 2947 plane
2452 2878 2741 2945 divinam,
2791 2884 2847 2935 et
2873 2895 3106 2934 summe
3160 2877 3589 2945 venerandam,

1942 2978 2079 3033 quae
2120 2978 2238 3018 non
2297 2964 2491 3020 solum
2547 2967 2966 3023 intemeratum
3021 2973 3078 3023 et
3125 2967 3202 3022 ab
3251 2965 3416 3022 omni
3454 2964 3591 3020 labe

1943 3048 2203 3106 alienum
2254 3068 2467 3122 corpus
2527 3056 2685 3119 texit,
2738 3056 2841 3111 sed
2881 3057 2939 3112 in
2989 3072 3111 3127 qua
3156 3054 3240 3127 (ut
3304 3054 3590 3110 audacter

1943 3138 2165 3210 dicam)
2192 3157 2329 3196 cum
2369 3148 2521 3197 esset
2545 3142 2759 3213 infans,
2817 3145 2967 3199 Deus
3001 3143 3256 3198 Verbum
3286 3142 3396 3198 fuit
3424 3141 3585 3197 invo-

1941 3226 2101 3282 lutus
2150 3233 2206 3283 et
2251 3233 2509 3286 auctus:
2550 3231 2699 3284 adeo
2750 3238 2810 3286 ut
2849 3249 2915 3287 ea
2958 3248 3115 3302 saepe
3146 3246 3466 3301 conspersa
3512 3229 3589 3285 sit

1940 3318 2119 3388 guttis
2162 3317 2330 3372 lactis
2381 3318 2751 3383 venerabilis,
2784 3335 2899 3391 quo
2930 3321 3181 3375 nutritus
3235 3318 3337 3373 fuit
3393 3318 3442 3373 is
3484 3317 3588 3388 qui

1940 3410 2027 3461 est
2058 3406 2327 3461 omnium
2364 3406 2708 3462 alimentum
2759 3413 2815 3462 et
2839 3406 2957 3461 vita
3000 3407 3113 3473 ;ad
3169 3422 3301 3462 eam
3342 3406 3586 3477 quidem

1943 3511 2071 3549 vere
2102 3494 2474 3550 laudandam
2501 3495 2663 3551 nulla
2694 3495 2911 3551 sufﬁcit
2937 3496 3145 3551 oratio.
3197 3495 3331 3551 Sola
3385 3500 3583 3549 autem

1940 3583 2264 3654 gratiarum
2318 3585 2546 3639 actione
2572 3601 2663 3639 res
2719 3591 2810 3641 est
2864 3584 3309 3657 prosequenda,
3362 3588 3418 3639 et
3474 3583 3586 3653 ipsi

1940 3672 2207 3744 Deiparaa
2248 3679 2383 3728 sunt
2428 3674 2670 3745 agendas
2723 3674 2945 3745 gratiae,
2985 3680 3039 3729 et
3095 3675 3224 3745 ejus
3247 3673 3386 3729 Filio
3421 3688 3584 3727 com-

1941 3762 2105 3817 muni
2133 3761 2417 3817 Salvatori
2471 3768 2527 3817 et
2576 3762 2730 3833 Regi,
2786 3762 2886 3834 qui
2936 3764 3142 3818 omnia
3189 3762 3265 3817 ad
3314 3768 3580 3817 nostram

1938 3851 2243 3906 utilitatem
2271 3855 2328 3905 et
2353 3848 2605 3905 salutem
2636 3851 2963 3922 dispensat.
3001 3850 3059 3905 Ei
3088 3851 3274 3920 gloria
3295 3856 3350 3906 et
3379 3856 3581 3922 poten~

1932 3941 2015 3994 tia
2037 3954 2195 3994 nunc
2225 3944 2283 3994 et
2309 3954 2558 4009 semper,
2586 3944 2641 3995 et
2663 3940 2724 3994 in
2743 3939 2961 3995 saacula
2982 3939 3359 3995 saculorum.
3390 3940 3576 3995 Amen

184 4127 3580 4163 Μ

1414 4258 2301 4379 MARTYRIUM

659 4535 799 4678 S.
931 4530 1920 4681 MARTYBIS
2038 4534 3088 4679 MAMANTIS.

613 4842 817 4903 (Latine
845 4842 992 4906 apud
1020 4841 1234 4892 Surium
1267 4842 1336 4893 ad
1366 4842 1514 4893 diem
1550 4845 1607 4893 17
1637 4844 1881 4908 Augusti.
1921 4871 1978 4881 —
2012 4844 2191 4894 Graeca
2219 4856 2326 4892 non
2353 4846 2640 4893 occurrunt
2674 4842 2729 4891 in
2765 4856 2875 4891 mss
2908 4841 3096 4905 Paris).

260 5190 293 5244 l.
322 5191 542 5253 lamas,
571 5202 827 5258 magnus
856 5192 913 5245 et
932 5187 1179 5258 insignis
1203 5192 1430 5261 martyr
1447 5187 1681 5257 Christi,
1704 5202 1806 5259 pa-
1836 5186 1881 5240 D
1916 5187 2025 5242 orti
2063 5191 2261 5242 essent
2289 5201 2361 5241 ex
2390 5184 2672 5258 patriciis,
2707 5187 2762 5238 et
2790 5183 2893 5255 qui
2920 5197 3039 5238 non
3095 5182 3289 5238 solum
3312 5183 3371 5238 in
3403 5182 3564 5249 ﬁliis,

197 5279 345 5333 triam
375 5277 607 5349 quidem
638 5276 846 5333 habuit
885 5275 1388 5349 Paphlagoniam:
1439 5281 1565 5332 erat
1603 5281 1804 5331 autem

1917 5276 2022 5330 sed
2040 5276 2215 5330 etiam
2243 5276 2299 5329 in
2329 5275 2607 5329 omnibus
2631 5272 2733 5344 qui
2754 5276 2922 5326 erant
2941 5272 3029 5327 sui
3047 5271 3296 5344 generis,
3322 5286 3565 5328 conser-

199 5366 364 5421 clarus
407 5373 457 5423 et
491 5366 709 5438 pietate
747 5370 803 5419 et
840 5380 1075 5437 genere.
1104 5368 1250 5421 Nam
1295 5370 1423 5421 erat
1469 5366 1519 5420 ei
1559 5364 1803 5437 quidem
1913 5370 2120 5420 varent
2141 5362 2525 5419 nobilitatem.
2554 5361 2634 5422 Hi,
2667 5375 2804 5415 cum
2833 5365 2989 5415 esset
3014 5361 3331 5415 vehemens
3357 5376 3566 5416 eorum

198 5458 339 5526 pater
354 5455 699 5519 Theodotus,
725 5460 911 5511 mater
936 5470 1077 5511 vero
1100 5454 1354 5520 Rufﬁna,
1371 5454 1655 5524 religione
1671 5453 1803 5525 qui-

1913 5468 2082 5508 amor
2106 5452 2166 5507 in
2198 5450 2706 5514 Christum,etnec
2723 5453 2966 5521 possent
2992 5448 3240 5522 quidem
3266 5448 3573 5503 internum

203 5540 319 5599 dem
352 5543 509 5602 ambo
550 5542 773 5608 ﬁdeles,
805 5557 1020 5613 genere
1057 5548 1256 5600 autem
1281 5542 1570 5615 insignes,
1600 5545 1661 5597 ut
1697 5540 1800 5614 qui
1913 5540 2215 5597 continere
2263 5537 2628 5596 desiderium
2657 5554 2673 5605 ;
2704 5537 2809 5595 sed
2830 5543 2888 5594 et
2933 5536 3116 5594 libere
3154 5534 3573 5610 proﬁterentur
