4144 6258
443 249 546 304 567

1805 223 2061 282 MENSIS
2089 219 2492 281 AUGUSTUS.

445 374 744 447 pietatem,
773 374 829 426 et
849 367 1064 424 multos
1097 365 1172 420 ad
1203 377 1337 417 eam
1375 361 1713 421 excitarent,
1745 356 2102 412 accusantur
2137 349 2176 401 Α
2206 345 2456 410 Ruﬂina,
2493 348 2568 408 et,
2598 342 2713 398 voti
2742 340 2896 396 facta
2939 351 3238 447 comjpos;
3252 333 3500 434 perinde
3547 348 3621 389 ac
3670 345 3977 404 preces

449 440 609 534 apud
649 459 1069 520 Alexandrum,
1101 453 1201 525 qui
1234 457 1370 505 tunc
1414 455 1537 505 erat
1571 448 1802 515 legatus
1852 440 2098 497 civitatis

451 533 718 618 Giangraa,
747 545 911 602 etcui
930 543 1282 598 mandatum
1315 539 1503 593 fuerat
1530 537 1606 592 ab
1643 537 2009 605 Imperatore,
2036 533 2099 581 ut

451 639 701 694 deorum
731 633 975 706 quidem
1007 629 1229 685 cultum
1259 627 1424 682 omni
1445 625 1640 680 studio
1658 625 1902 693 augeret
1921 625 1975 673 et
1994 632 2097 671 ex—

453 726 677 782 tolleret
709 740 719 778 :
752 703 852 793 qui
881 718 1283 775 invenirentur
1307 721 1530 776 autem,
1556 712 1920 769 Christianos
1937 703 2096 761 mul-

455 815 524 870 tis
555 811 873 880 subjiceret
905 805 1233 878 suppliciis.
1264 803 1434 869 Quod
1457 801 1500 856 si
1535 802 1594 856 in
1623 815 1728 855 sua
1765 808 2100 870 persevera-

455 907 586 959 rent
615 898 919 968 religione,
950 895 1127 951 etiam
1159 893 1331 948 morti
1366 891 1641 946 traderet.

531 1041 594 1094 II.
628 1036 956 1092 Alexander
985 1047 1124 1103 ergo
1163 1030 1424 1085 divinum
1454 1027 1840 1092 Theodotum,
1890 1022 2104 1095 produ-

460 1134 620 1185 ctum
646 1131 778 1182 ante
809 1138 984 1176 suum
1012 1116 1553 1187 tribunal,cogebat
1575 1114 1903 1170 sacrificare
1925 1111 2105 1165 simu-

459 1217 653 1274 lacris.
692 1212 804 1270 Sed
831 1211 924 1266 ille
954 1224 1028 1264 ne
1054 1223 1260 1263 aurem
1290 1203 1535 1277 quidem
1559 1203 1863 1275 praebebat
1888 1200 1956 1254 iis
1970 1214 2104 1270 qum

462 1303 836 1360 dicebantur.
863 1299 1111 1367 Legatus
1137 1299 1356 1357 autem,
1385 1307 1522 1346 cum
1536 1295 1690 1346 esset
1713 1292 1954 1360 paratus
1967 1302 2104 1341 eum

463 1392 692 1466 punire,
737 1385 1164 1460 prohibebatur
1194 1398 1229 1437 a
1264 1379 1549 1450 dignitate
1597 1383 1932 1451 parentum.
1978 1376 2107 1430 Non

466 1465 624 1537 enim
656 1479 706 1534 ei
726 1474 1172 1543 permittebatur
1187 1469 1544 1526 contumelia
1574 1467 1808 1523 afﬁcere
1837 1465 1988 1520 ﬁlios
2011 1479 2112 1535 pa-

469 1570 788 1631 triciorum,
830 1563 942 1619 nisi
969 1564 1290 1632 imperator
1318 1557 1700 1629 permitteret.
1745 1558 1885 1609 Eum
1919 1554 2113 1624 itaque

469 1657 642 1712 mittit
667 1655 721 1709 In
751 1650 1144 1723 Cappadocia»
1186 1648 1512 1702 Caesaream
1538 1648 1612 1700 ad
1653 1647 1927 1698 Faustum
1969 1657 2116 1712 prae-

471 1744 680 1800 sidem.
713 1741 806 1797 Ille
833 1744 1054 1802 autem,
1085 1736 1188 1808 qui
1215 1751 1330 1806 quo
1353 1734 1552 1788 eratin
1581 1733 1881 1802 impietate
1904 1730 2118 1785 arden-

470 1833 605 1900 tior,
637 1846 704 1885 eo
749 1833 875 1883 erat
903 1826 1132 1895 saevior,
1183 1839 1316 1878 cum
1363 1820 1683 1892 accepisset
1722 1819 2116 1884 Theodotum,

473 1937 605 1977 eum
635 1917 830 1972 statim
863 1914 1116 1983 conjecit
1146 1915 1205 1968 in
1233 1925 1546 1967 carcerem.
1580 1910 1715 1979 Ejus
1743 1924 1881 1963 vero
1899 1906 2116 1976 conjux

473 2009 582 2065 etsi
629 2011 781 2062 esset
827 2003 1089 2073 gravida,
1149 2001 1428 2056 maritum
1491 2004 1689 2052 tamen
1750 2003 1836 2052 est
1893 2000 2116 2058 secuta,

475 2103 692 2154 etcum
722 2091 1024 2148 Theodoto
1069 2089 1434 2160 ingrediente
1480 2101 1792 2155 carcerem,
1824 2100 1943 2139 una
1973 2098 2120 2155 quo-

474 2202 591 2259 que
621 2189 707 2239 est
735 2182 1016 2251 ingressa.
1042 2179 1270 2234 Interim
1313 2181 1510 2231 autem
1567 2175 1710 2228 dum
1751 2173 1926 2228 simul
1954 2175 2123 2241 dege-

475 2281 624 2336 rent,
651 2268 984 2326 Theodotus
1025 2275 1079 2322 et
1110 2267 1301 2321 sciens
1322 2263 1517 2319 carnis
1549 2261 2032 2325 imbecillitatem,
2066 2267 2122 2314 et

478 2378 598 2418 non
630 2361 909 2428 ignorans
953 2356 1184 2427 tyranni
1231 2352 1538 2418 saevitiam,
1593 2351 1789 2406 statuit
1829 2349 1906 2405 ad
1939 2352 2118 2403 Deum

477 2450 824 2516 confugere:
841 2461 1019 2515 quem
1038 2444 1406 2515 precabatur.
1435 2445 1494 2494 ut
1515 2439 1638 2510 ipse
1660 2442 1851 2510 potius
1872 2453 2123 2493 morere-

482 2547 574 2596 tur
606 2553 743 2594 cum
787 2551 986 2598 uxore,
1045 2549 1228 2604 quam
1289 2528 1516 2600 aliquid
1572 2527 1862 2582 accideret
1920 2542 2125 2582 eorum

483 2633 678 2684 mente
737 2626 1072 2696 indignum,
1147 2622 1292 2676 dum
1343 2635 1461 2674 non
1529 2623 1768 2690 possent
1839 2615 2128 2670 sustinere

485 2716 916 2772 vehementiam
949 2710 1397 2783 suppliciorum.
1431 2713 1613 2764 Deum
1639 2707 1835 2776 itaque
1862 2704 2130 2773 rogabat,

486 2805 723 2860 dicens:
783 2802 1027 2858 Domine
1091 2803 1236 2853 Deus
1283 2799 1585 2861 virtutum,
1641 2794 1835 2849 dilecti
1893 2792 2009 2847 Filii
2053 2793 2132 2846 tui

490 2896 654 2948 Pater
683 2891 778 2948 tibi
829 2888 1140 2952 benedico,
1189 2892 1244 2942 et
1275 2892 1327 2942 te
1389 2884 1669 2955 gloriﬁco,
1722 2882 1881 2954 quod
1938 2880 2026 2935 vel
2075 2881 2132 2934 in

488 2997 721 3037 carcere
747 2980 1013 3035 habitare
1036 2983 1274 3048 propter
1305 2991 1523 3029 nomen
1545 2980 1710 3029 tuum
1735 2987 1868 3026 sum
1916 2969 2132 3024 conde—

492 3075 750 3126 mnatus.
769 3069 879 3123 Sed
897 3073 947 3123 te
964 3062 1640 3137 rogo,Domine,suscipe
1655 3061 1920 3116 animam
1934 3074 2133 3113 meam

490 3159 552 3213 in
574 3158 665 3213 his
706 3155 966 3219 vinculis,
1028 3154 1128 3226 qui
1175 3169 1369 3207 meam
1426 3150 1577 3206 nosti
1644 3147 2132 3210 imbecillitatem,

489 3262 563 3302 ne
595 3244 920 3315 aliquando
959 3241 1016 3296 in
1054 3257 1144 3295 me
1185 3240 1466 3310 glorietur
1504 3237 1800 3293 inimicus.
1837 3238 1965 3290 Haec
1998 3250 2137 3303 ergo

489 3334 540 3390 is
573 3335 975 3404 estprecatus.
1025 3329 1132 3394 Qui
1178 3344 1313 3383 vero
1366 3326 1531 3383 ﬁnxit
1580 3325 1919 3394 singulatim
1962 3323 2140 3376 corda

492 3427 708 3482 nostra,
751 3421 852 3491 qui
884 3418 1153 3488 intelligit
1182 3417 1386 3472 omnia
1433 3431 1616 3487 opera
1657 3417 1874 3474 nostra,
1944 3413 2140 3463 mente

492 3519 626 3566 ante
639 3524 821 3580 opera
839 3514 1134 3577 suscepta,
1152 3510 1286 3577 post
1303 3504 1481 3558 finem
1495 3501 1799 3568 orationis,
1822 3501 1871 3554 ei
1890 3504 2142 3554 mortem

493 3595 1012 3665 affertevestigio.A
1025 3601 1159 3666 tque
1174 3593 1254 3648 sic
1267 3593 1512 3664 quidem
1527 3587 2142 3652 excessitThcodotus,

495 3700 742 3757 corpore
768 3689 1002 3738 mortuo
1052 3681 1251 3737 relicto
1291 3681 1350 3734 iu
1374 3679 1663 3736 custodia.

569 3825 655 3878 Ill.
726 3822 952 3891 Conjux
1011 3825 1208 3874 autem
1275 3820 1404 3888 ejus
1470 3817 1728 3879 Bufﬁna,
1777 3831 1895 3870 non
1949 3815 2144 3870 ferens

499 3911 874 3968 aﬁlictionem
894 3908 1136 3963 carceris
1156 3923 1292 3961 cum
1316 3907 1450 3978 ipsa
1464 3921 1700 3977 quoque
1736 3905 2146 3973 intempestive

498 4000 819 4072 peperisset
843 3997 1056 4064 ﬁlium,
1089 4001 1287 4067 utpote
1327 3994 1488 4066 quod
1524 4009 1742 4063 magna
1773 3993 1872 4048 illa
1903 3991 2148 4048 afﬂictio

501 4088 806 4149 effecisset,
826 4090 886 4139 ut
905 4090 1134 4155 pareret
1157 4089 1368 4154 praiter
1384 4088 1682 4150 naturam,
1702 4082 2150 4137 distrahebatur

504 4176 704 4232 multis
726 4191 794 4231 ac
827 4174 1002 4230 variis
1029 4173 1210 4229 animi
1255 4171 1822 4244 perturbationibus.
1860 4174 2000 4227 Eam
2021 4187 2151 4240 gra-

501 4266 647 4320 viter
673 4263 930 4332 angebat
953 4279 1110 4317 mors
1139 4261 1357 4325 mariti,
1393 4263 1736 4330 premebant
1777 4260 2146 4328 gravissimae

2207 450 2598 506 consequens,
2631 433 2764 503 ipsa
2787 442 3027 500 quoque
3055 423 3310 480 decedit.

2280 526 2365 578 IV.
2399 526 2476 578 Ea
2505 535 2646 590 ergo
2690 521 2931 574 beatum
2976 514 3121 570 illud
3149 514 3222 568 ad
3283 517 3468 568 Deum
3515 513 3629 567 iter
3691 511 3969 581 ingre-

2207 612 2420 674 diente,
2457 610 2620 665 solus
2651 607 2848 664 infans
2872 605 3112 676 jacebat
3133 604 3297 658 vivus
3340 601 3494 657 inter
3545 605 3959 672 parentum

2209 701 2506 771 reliquias.
2535 697 2805 753 Protinus
2841 699 3043 751 autem
3085 690 3611 763 quaadamﬂivina
3637 689 3837 744 visio
3874 687 3956 741 in

2207 790 2414 846 habitu
2446 795 2498 844 et
2539 789 2730 856 ﬁgura
2761 781 3170 846 adolescentis,
3201 784 3450 852 apparet
3470 779 3735 834 cuidam
3772 793 3954 832 mu-

2210 878 2333 934 lieri
2363 878 2535 933 clarae
2566 882 2622 931 et
2652 889 2866 944 genere
2892 877 2947 927 et
2972 870 3210 942 opibus,
3237 885 3433 941 neque
3460 869 3664 923 minus
3703 867 3948 936 pieta-

2212 973 2266 1022 te
2297 983 2366 1022 ac
2405 965 2708 1035 religione,
2749 960 3079 1017 vocabatur
3127 965 3330 1014 autem
3381 958 3667 1012 Ammia:
3733 959 3809 1010 et
3873 953 3946 1009 ei

2207 1057 2394 1126 jubet,
2414 1061 2474 1109 ut
2487 1060 2646 1125 petat
2665 1050 2908 1123 quidem
2929 1065 2964 1104 a
2981 1048 3233 1121 praeside
3249 1061 3506 1119 corpora
3523 1049 3854 1101 sanctoru
3868 1060 3938 1097 ω

2212 1144 2316 1215 qui
2342 1143 2713 1198 dormierunt
2758 1141 2816 1194 in
2848 1154 3120 1194 carcere:
3151 1136 3314 1192 tollat
3346 1140 3546 1190 autem
3578 1133 3937 1189 infantem

2214 1248 2478 1303 quoque,
2506 1231 2610 1303 qui
2636 1231 2797 1302 jacet
2835 1229 2983 1283 inter
3013 1241 3135 1291 eos,
3179 1230 3236 1280 et
3273 1240 3412 1280 eum
3462 1223 3572 1278 sibi
3629 1221 3938 1291 adoptet

2216 1325 2276 1378 in
2299 1321 2508 1384 ﬁlium,
2542 1325 2598 1375 et
2629 1333 2915 1387 magnam
2964 1316 3092 1385 ejus
3122 1328 3334 1372 curam
3387 1316 3555 1382 gerat
3579 1311 3689 1366 illa
3753 1325 3934 1365 vero

2221 1410 2485 1481 (carebat
2505 1409 2662 1464 enim
2677 1405 2900 1467 liberis,
2919 1410 2974 1459 et
2995 1411 3120 1459 erat
3149 1403 3352 1471 vidua)
3380 1402 3528 1456 sicut
3558 1401 3610 1454 ei
3630 1399 3936 1454 manda-

2223 1501 2300 1554 vit
2330 1498 2653 1562 somnium,
2692 1496 2766 1550 ad
2800 1494 3118 1565 praesidem
3169 1493 3283 1547 cito
3322 1489 3636 1552 accedens,
3674 1488 3931 1543 habuit

2224 1604 2362 1644 eum
2395 1587 2558 1642 facile
2616 1588 2980 1640 annuentem
3011 1581 3138 1651 ejus
3187 1579 3473 1650 petitioni.
3517 1579 3670 1632 Nam
3759 1592 3922 1630 eum

2147 1688 2191 1742 Β
2226 1691 2468 1749 quoque
2488 1689 2714 1729 morem
2747 1678 3049 1741 gerentem
3075 1668 3264 1724 eﬁ‘ecit
3285 1668 3490 1722 divina
3517 1666 3743 1736 gratia.
3775 1667 3921 1720 Sta-

2229 1767 2332 1821 tim
2373 1765 2531 1820 enim
2574 1761 2849 1823 reddidit,
2906 1775 3040 1830 qum
3109 1756 3354 1812 Ammiae
3397 1757 3563 1825 jussa
3625 1754 3915 1808 fuerant.

2228 1853 2627 1916 Quamobrem
2661 1866 2797 1906 cum
2837 1853 2893 1903 et
2922 1854 3264 1903 sanctorum
3296 1859 3549 1915 corpora
3601 1848 3660 1898 et
3696 1842 3918 1897 infan-

2230 1949 2346 2000 tem
2374 1944 2760 2012 exportasset,
2805 1938 2902 1992 illa
2942 1936 3186 2007 quidem
3237 1932 3553 2005 splendide
3607 1930 3799 1986 simul
3855 1935 3916 1985 et

2230 2030 2548 2100 magniﬁce
2566 2030 2625 2084 in
2650 2043 2758 2082 suo
2772 2028 2942 2082 horto
2970 2024 3176 2096 sepelit
3207 2022 3755 2081 :infantemautem
3784 2019 3911 2074 sibi

2231 2121 2446 2175 educat
2475 2118 2530 2171 in
2566 2118 2774 2175 ﬁlium.
2824 2121 2879 2169 et
2926 2128 3046 2169 non
3075 2128 3261 2174 secus.
3291 2117 3469 2180 atque
3501 2109 3548 2163 si
3579 2110 3714 2180 ipsa
3756 2123 3910 2163 eum

2233 2209 2558 2281 peperisset
2586 2221 2719 2260 eum
2749 2204 2949 2259 alebat
2991 2207 3048 2256 et
3109 2200 3442 2263 erudiebat,
3501 2205 3681 2270 atque
3743 2197 3911 2252 adeo

2234 2299 2535 2367 majorem,
2552 2310 2732 2365 quam
2745 2294 2792 2348 si
2815 2293 3017 2346 fuisset
3031 2295 3218 2346 mater
3237 2290 3288 2360 ej
3301 2303 3604 2352 us,curam
3626 2287 3910 2357 gerebat.

2307 2388 2369 2440 V.
2406 2386 2683 2440 Peractus
2701 2381 3035 2450 autemjam
3059 2385 3182 2434 erat
3219 2393 3519 2442 annus,ex
3543 2392 3664 2448 quo
3705 2367 3908 2431 fueral

2237 2477 2558 2546 adoptatus
2587 2490 2599 2526 :
2631 2478 2686 2527 et
2711 2488 2824 2543 quo
2858 2470 3050 2539 magis
3085 2485 3225 2540 puer
3255 2467 3669 2532 crescebat,eo
3701 2465 3907 2534 magis

2237 2562 2596 2636 procedente
2629 2565 2914 2629 tempore,
2969 2557 3145 2612 simul
3187 2572 3425 2628 quoque
3487 2553 3799 2608 crescebat
3839 2554 3902 2607 in

2240 2667 2377 2707 eum
2411 2664 2582 2704 amor
2619 2647 2889 2703 Ammiae.
2925 2649 3074 2701 Dum
3114 2646 3273 2700 enim
3304 2644 3560 2711 videbat,
3605 2649 3899 2712 tanquam

2242 2740 2498 2794 fructum
2527 2737 2616 2791 sui
2649 2736 2815 2802 uteri,
2845 2740 2901 2790 et
2948 2733 3332 2790 existimabat
3376 2747 3438 2787 se
3482 2748 3618 2788 eum
3665 2731 3904 2786 habitu-

2245 2844 2398 2890 rum,
2427 2825 2532 2897 qui
2581 2827 2772 2895 ipsam
2833 2823 3078 2896 pulchre
3109 2824 3168 2878 in
3201 2827 3499 2876 senectute
3539 2820 3735 2876 aleret.
3769 2821 3899 2874 Jam

2247 2915 2580 2970 secundum
2615 2929 2841 2968 annum
2871 2911 3067 2967 infans
3096 2911 3440 2982 attingebat,
3478 2918 3534 2964 et
3574 2910 3780 2978 lingua
3821 2915 3901 2962 te-

2176 3034 2216 3090 ο
2247 3021 2390 3061 nera
2421 3005 2717 3058 Ammiam
2755 3007 2926 3058 vocat
2959 3001 3445 3056 mammam.Hoc
3467 3005 3662 3055 autem
3696 2998 3901 3066 lingua

2250 3098 2653 3150 Romanorum
2703 3091 2997 3159 signiﬁcat
3023 3096 3296 3146 matrem.
3349 3093 3551 3160 Itaque
3599 3088 3787 3159 prima
3812 3087 3902 3142 in-

2250 3184 2427 3238 fantis
2461 3180 2757 3235 balbuties
2805 3180 3114 3248 proprium
3169 3194 3389 3233 nomen
3447 3179 3499 3233 ei
3564 3175 3783 3239 tribuit,
3840 3181 3899 3230 et

2254 3274 2470 3328 Marnas
2501 3268 2830 3323 vocabatur
2855 3267 2932 3322 ab
2959 3268 3262 3332 omnibus,
3298 3272 3356 3322 et
3385 3267 3460 3322 de
3485 3271 3696 3321 caatero
3721 3279 3897 3332 agno-

2249 3359 2544 3414 scebatur.
2570 3358 2715 3412 Cum
2751 3356 2954 3412 fuisset
2978 3363 3177 3412 autem
3207 3357 3474 3428 quinque
3495 3370 3682 3410 annos
3709 3360 3894 3418 natus,

2251 3462 2390 3502 eum
2430 3443 2810 3499 commendat
2838 3445 3074 3499 Ammia
3097 3444 3400 3512 magistris
3438 3441 3893 3498 litterarum.llle

2253 3550 2394 3589 vero
2439 3532 2791 3588 movebatur
2843 3547 3046 3588 earum
3106 3532 3436 3588 vehementi
3490 3546 3709 3595 amore,
3740 3537 3792 3586 et
3832 3533 3891 3584 in

2253 3623 2524 3678 doctrina
2555 3637 2623 3678 ac
2662 3621 2995 3692 disciplinis
3031 3627 3154 3677 erat
3191 3622 3368 3691 longe
3396 3622 3518 3676 suis
3575 3619 3890 3692 aequalibus

2256 3712 2563 3781 superior;
2607 3715 2848 3782 eratque
2873 3711 3002 3780 ejus
3039 3711 3280 3766 animus
3331 3716 3483 3766 totus
3517 3711 3783 3773 intentus,
3837 3714 3891 3764 et

2255 3800 2431 3872 plane
2473 3798 2702 3854 defixus
2750 3799 2810 3853 in
2844 3799 3194 3854 eruditione.

2328 3905 2419 3960 Vl.
2478 3908 2882 3960 Romanorum
2939 3911 3138 3962 autem
3187 3911 3421 3978 sceptra
3478 3911 3617 3961 tunc
3667 3905 3892 3960 tenebat

2257 3996 2582 4065 imperator
2607 3992 2972 4058 Aurelianus,
3008 3996 3106 4066 qui
3127 3996 3380 4065 cogebat
3405 4011 3612 4050 omnes
3642 3995 3885 4049 sacriﬁca

2257 4099 2318 4137 re
2351 4083 2746 4146 daemonibus,
2781 4097 2899 4136 non
2949 4083 3144 4138 solum
3189 4084 3346 4138 viros
3382 4091 3435 4139 et
3474 4083 3752 4152 mulieres,
3787 4085 3882 4138 sed

2259 4172 2436 4228 etiam
2467 4187 2702 4239 pueros.
2738 4171 2984 4227 Maxime
3016 4179 3214 4228 autem
3245 4173 3296 4227 ei
3319 4189 3476 4228 curae
3514 4181 3675 4228 erant
3710 4174 3879 4244 pueri.

2263 4261 2647 4316 Existimabat
2685 4259 2842 4314 enim
2888 4277 2948 4314 se
2968 4260 3136 4316 facile
3189 4277 3290 4316 eos
3345 4278 3475 4316 esse
3532 4262 3879 4317 inducturum

502 4354 576 4408 de
633 4353 852 4407 infante
901 4351 1344 4414 sollicitudines,
1403 4355 1459 4403 et
1509 4349 1777 4418 praesidis
1827 4349 2147 4402 crudelitas
2185 4359 2230 4412 Ι)
2263 4354 2503 4420 propter
2523 4349 2712 4404 aetatis
2753 4349 3140 4404 teneritatem.
3189 4349 3298 4404 Sed
3332 4348 3428 4404 alii
3466 4350 3699 4421 quidem
3728 4352 3879 4420 pueri

503 4441 798 4498 efﬁciebat
829 4446 1168 4493 utextrema
1220 4438 1447 4491 timeret
1479 4437 2024 4491 etcontremisceret
2057 4453 2069 4500 ;
2097 4444 2152 4491 et

506 4536 705 4585 tamen
732 4544 766 4582 a
797 4526 958 4580 nullo
988 4526 1202 4578 horum
1227 4523 1589 4588 vincebatur,
1625 4523 1725 4579 sed
1757 4525 1874 4578 Deo
1905 4524 2147 4596 quidem

504 4617 791 4674 infantem
849 4612 1230 4669 commendat
1307 4617 1361 4666 et
1417 4610 1694 4678 dedicat;
1759 4613 1890 4682 ipsa
1952 4618 2148 4667 autem

506 4705 779 4761 assidens
805 4702 993 4757 mariti
1019 4699 1297 4772 reliquiis,
1326 4703 1382 4753 et
1403 4700 1616 4766 partim
1644 4699 1888 4772 quidem
1915 4701 2151 4755 misera-

505 4794 697 4849 biliter
721 4791 944 4846 deﬂens
972 4789 1373 4850 solitudinem,
1403 4787 1620 4858 partim
1657 4794 1854 4844 autem
1882 4805 1997 4845 non
2025 4806 2152 4844 sus-

506 4881 694 4936 tinens
726 4879 963 4948 conjugi
992 4879 1248 4932 relictam
1285 4891 1411 4930 esse
1444 4876 1835 4947 superstitem,
1875 4877 1932 4932 in
1964 4878 2152 4948 lacry-

507 4970 622 5024 mis
669 4975 720 5023 et
773 4967 1038 5037 suspiriis
1091 4965 1219 5020 haec
1275 4964 1508 5020 dicebat
1556 4966 1715 5020 Deo:
1770 4967 1877 5031 Qui
1932 4967 2150 5022 tinxisti

506 5057 1006 5116 hominem,etex
1045 5056 1171 5125 ejus
1220 5055 1395 5109 latere
1451 5055 1633 5110 Evam
1692 5070 1753 5109 es
1803 5055 2150 5121 fabricatus,

507 5146 765 5202 concede
817 5150 880 5200 ut
904 5160 1014 5213 ego
1062 5159 1305 5214 quoque
1335 5143 1546 5197 eadem
1581 5143 1673 5198 via
1704 5145 2004 5213 ingrediar
2033 5163 2154 5217 qua

509 5234 756 5289 maritus
784 5239 839 5288 et
863 5234 1110 5288 liberata
1142 5233 1218 5288 ab
1252 5233 1332 5297 ;is
1379 5232 1557 5287 rebus
1585 5233 1828 5288 caducis
1855 5239 1909 5289 et
1955 5235 2150 5298 ﬂuxis,

508 5327 804 5377 transeam
830 5322 905 5376 ad
937 5338 1005 5375 ea
1035 5337 1169 5392 qum
1203 5327 1341 5376 sunt
1372 5322 1533 5393 apud
1581 5328 1632 5377 te
1685 5322 2068 5378 tabernacula
2100 5329 2156 5379 et

510 5407 871 5472 mansiones,
971 5424 1105 5478 quae
1192 5415 1332 5464 sunt
1413 5415 1644 5465 aeternae
1724 5419 1779 5466 et
1848 5411 1905 5465 in
2002 5427 2153 5482 quas

511 5511 634 5552 non
723 5494 883 5550 cadit
949 5494 1233 5550 interitus.
1302 5497 1444 5554 Haec
1515 5499 1698 5554 Deum
1768 5504 2008 5572 precata
2069 5506 2154 5556 est

2261 4453 2465 4491 revera
2495 4438 2788 4493 cedebant
2809 4438 3097 4492 voluntati
3129 4438 3493 4509 imperatoris
3529 4458 3541 4496 :
3577 4440 3670 4511 qui
3703 4445 3874 4494 autem

2262 4541 2397 4580 cum
2431 4528 2721 4581 Mamaute
2757 4527 3119 4581 ventitabant
3176 4526 3252 4580 ad
3300 4526 3508 4580 ludum
3538 4526 3873 4593 litterarium,

2262 4614 2647 4669 imitabantur
2678 4613 2791 4685 ipsi
2823 4630 3065 4685 quoque
3097 4630 3311 4669 canam
3331 4619 3494 4686 pueri
3509 4615 3869 4688 prudentiam,

2261 4708 2315 4757 et
2368 4719 2474 4757 nec
2529 4704 2708 4758 verba
2754 4703 2996 4774 quidem
3051 4704 3255 4757 audire
3301 4719 3539 4759 necesse
3592 4705 3869 4760 habebant.

2262 4793 2528 4856 Quotidie
2575 4793 2731 4846 enim
2792 4791 3158 4847 docebantur
3205 4792 3455 4848 honesto
3518 4794 3616 4848 illo
3668 4795 3862 4865 pulchri

2262 4881 2573 4936 Mamautis
2623 4880 2965 4950 spectaculo
3022 4885 3077 4935 et
3133 4881 3402 4952 exemplo
3458 4881 3645 4937 solum
3696 4899 3869 4940 verum

2263 4984 2580 5039 agnoscere
2611 4972 2790 5024 Deum
2822 4969 3080 5023 universi
3111 4969 3408 5040 Opiﬁcem,
3456 4977 3508 5026 et
3547 4971 3596 5026 ei
3628 4973 3869 5028 rationale

2262 5060 2600 5113 animorum
2641 5059 2849 5114 offerre
2871 5059 3225 5114 sacriﬁcium
3257 5077 3269 5114 :
3305 5077 3405 5116 eos
3436 5067 3649 5128 autem,
3686 5064 3768 5134 qui
3803 5063 3868 5118 ab

2265 5147 2460 5218 impiis
2486 5153 2541 5202 et
2571 5148 2847 5204 coluntur
2887 5155 2943 5204 et
2972 5149 3294 5204 adorantur
3327 5149 3430 5215 dii,
3482 5167 3667 5220 nugas
3707 5153 3866 5207 existi-

2263 5252 2444 5298 mare,
2481 5241 2538 5290 et
2555 5237 2764 5308 plenos
2796 5238 3015 5308 probro
3044 5243 3098 5294 et
3145 5238 3450 5294 dedecore.
3488 5241 3675 5295 Fausti
3700 5245 3863 5296 autem

2265 5325 2541 5381 Caesareae
2582 5328 2879 5399 praesidis,
2921 5343 3230 5384 successor
3257 5334 3484 5384 creatus
3529 5330 3862 5397 Democritus,

2264 5415 2353 5468 vir
2389 5415 2557 5471 valde
2601 5417 2834 5488 spirans
2873 5417 3242 5488 impietatem,
3307 5423 3363 5473 et
3421 5433 3693 5474 accensus
3729 5419 3865 5476 vehe-

2265 5501 2446 5558 menti
2505 5504 2632 5575 ejus
2672 5505 3071 5572 asmulatione,
3125 5521 3263 5562 cum
3327 5507 3581 5578 primum
3640 5509 3865 5566 ascendit

3822 206 3979 259 568
