4144 6258
215 283 339 339 569
1483 290 1916 348 MARTYRIUM
1954 291 2014 349 S.
2062 293 2452 353 MAMANTIS.
3559 295 3665 351 570

217 405 620 477 Caesaream,
670 412 901 469 bonum
965 415 1323 470 Mamantem
1382 415 1459 471 ad
1511 430 1650 471 eum
1709 415 1907 472 statim
1938 416 1993 474 A
2023 417 2069 472 si
2095 424 2152 474 et
2180 419 2344 476 nullo
2383 436 2560 477 sensu
2583 421 2835 493 praediti,
2877 422 3041 495 quod
3070 437 3142 478 ea
3166 422 3358 479 colere
3387 426 3443 478 et
3488 421 3664 478 inho-

215 495 743 573 deferunt,quod
766 517 889 558 non
919 502 1116 558 solum
1143 502 1273 574 ipse
1319 504 1465 559 deos
1500 520 1618 559 non
1668 503 1903 571 coleret,
2021 521 2162 564 nore
2191 509 2410 565 habere
2459 512 2704 567 omnino
2751 512 3073 567 sustinetis.
3112 513 3324 568 Desine
3352 527 3493 584 ergo
3558 511 3664 566 mia

221 588 351 643 sed
384 605 541 647 suos
571 605 811 661 quoque
832 591 1099 663 aequales
1120 596 1178 647 et
1198 591 1640 663 condiscipulos
1662 592 1739 648 ad
1755 608 1909 647 erro-
2019 609 2126 651 nas
2147 596 2432 654 intentare
2458 599 2765 663 terribiles,
2796 604 2859 654 ut
2888 599 2991 655 tibi
3037 600 3329 665 videntur,
3380 605 3435 654 et
3478 598 3663 656 maxi-

223 689 377 733 rem
401 694 589 734 suum
628 694 841 735 omnes
895 680 1221 736 induceret.
1275 683 1497 737 Mamas
1547 686 1746 737 autem
1784 682 1912 751 jam
2018 685 2411 756 mapolliceri.
2436 686 2587 743 Nam
2606 687 2858 759 puniens
2879 686 3662 759 quidem,benefacies:be-

226 765 543 837 quintum
593 767 892 824 decimum
922 769 1135 837 agebat
1174 784 1405 825 annum
1451 769 1639 825 astatis
1674 791 1687 835 ;
1721 776 1777 825 et
1807 770 1913 826 ho-
2019 772 2525 831 nefaciensautem
2552 777 2775 831 damno
2803 775 3026 831 aﬂicies
3052 777 3331 832 maximo.
3364 776 3471 830 Pro
3505 774 3662 832 Chri-

229 859 437 912 nesta
462 862 741 913 matrona
770 856 908 928 (hoc
938 858 1100 913 enim
1130 862 1255 913 erat
1284 858 1531 914 Ammiae
1558 858 1911 931 epithetum)
2021 866 2112 916 sto
2138 862 2297 919 enim
2342 864 2505 927 mori,
2541 870 2627 920 est
2658 865 2799 920 mihi
2848 864 3061 936 quovis
3104 865 3332 920 honore
3385 868 3442 918 et
3498 863 3660 918 lucro

237 950 455 1000 morte
482 945 775 1016 privatus,
802 945 869 1000 ﬁt
895 961 1201 1002 successor
1216 951 1273 1003 et
1286 945 1478 1002 haeres
1502 946 1632 1019 ejus
1662 945 1912 1004 faculta-

236 1036 417 1088 tum.

323 1120 446 1176 V11.
492 1121 865 1177 Democritus
912 1136 1077 1192 ergo,
1126 1138 1264 1179 cum
1315 1124 1439 1180 haec
1521 1123 1790 1180 audisset
1835 1123 1912 1180 de

241 1209 579 1274 Mamante,
607 1209 717 1265 fuit
763 1210 1031 1282 protinus
1087 1210 1367 1267 efferatus
1422 1213 1478 1267 in
1526 1227 1807 1283 puerum.
1851 1214 1915 1268 Et

240 1311 401 1353 cum
463 1297 751 1354 effecisset
813 1305 876 1354 ut
903 1300 981 1354 ad
1038 1316 1214 1356 suum
1278 1300 1535 1356 tribunal
1592 1300 1910 1366 sisteretur,

240 1386 526 1457 primum
555 1387 803 1460 quidem
833 1388 1157 1459 interrogat
1179 1405 1257 1445 an
1306 1398 1459 1447 esset
1497 1390 1865 1447 Christianus
1894 1406 1907 1445 :

239 1474 497 1542 deinde,
517 1492 595 1533 an
627 1476 722 1533 ille
742 1482 920 1542 esset,
954 1478 1056 1551 qui
1090 1480 1419 1552 nequeipse
1449 1479 1564 1534 diis
1595 1479 1906 1543 sacriﬁcat,

241 1569 308 1618 et
342 1564 667 1636 persuadet
699 1565 1136 1639 condiscipulis,
1168 1582 1241 1623 ne
1267 1574 1513 1638 pareant
1538 1567 1906 1639 imperatori.

244 1650 359 1707 Ille
381 1658 603 1718 autem,
625 1654 937 1725 majorem,
956 1670 1138 1727 quam
1168 1661 1311 1710 aetas
1328 1656 1682 1727 patiebatur,
1709 1670 1826 1726 prae
1847 1669 1908 1709 se

2018 951 2413 1021 prastantius.
2450 953 2543 1007 His
2578 952 2955 1008 vehementer
2998 952 3261 1007 irritatus
3305 950 3661 1007 Aurelianus

2014 1037 2185 1109 jubet
2209 1054 2426 1110 corpus
2450 1042 2616 1111 pueri
2647 1040 2789 1096 caadi
2810 1039 3037 1110 ﬂagris.
3073 1043 3263 1112 Atque
3295 1038 3660 1095 adolescenti

2018 1128 2257 1199 quidem
2278 1128 2589 1201 prudentia
2618 1144 2770 1185 cano
2796 1129 3133 1185 caedebatur
3154 1134 3421 1184 tenerum
3451 1132 3507 1183 et
3536 1143 3662 1183 mo-

2018 1216 2098 1270 do
2127 1214 2340 1271 ﬂorens
2365 1233 2583 1288 corpus
2620 1235 2632 1283 ;
2664 1217 2759 1272 ille
2808 1233 2948 1272 vero
2983 1217 3231 1288 perinde
3286 1215 3662 1273 afﬁciebatur

2019 1308 2198 1375 atque
2225 1305 2274 1359 si
2299 1310 2639 1376 quateretur
2663 1306 2721 1360 in
2752 1304 2997 1360 somnis.

2088 1394 2174 1449 IX.
2208 1394 2351 1447 Cum
2381 1398 2583 1449 autem
2608 1394 2927 1465 imperator
2950 1408 3022 1448 eo
3061 1392 3191 1463 ipso
3220 1396 3506 1464 tempore,
3539 1407 3661 1463 quo

2018 1481 2406 1553 torquebatur
2453 1497 2617 1553 puer,
2675 1482 2727 1537 ei
2779 1481 3137 1548 adularetur,
3190 1486 3248 1536 et
3299 1496 3436 1536 eum
3467 1479 3660 1536 omni

2017 1571 2245 1625 ratione
2275 1576 2591 1625 conaretur
2612 1569 2895 1635 emollire,
2928 1569 3165 1625 dicebat
3190 1569 3348 1625 enim
3379 1586 3391 1624 :
3424 1568 3525 1624 Dic
3570 1568 3661 1623 vel

2017 1657 2158 1712 solis
2182 1658 2367 1713 labris
2382 1664 2433 1714 te
2448 1657 2928 1713 sacriﬁcaturum:
2947 1662 3004 1713 et
3018 1658 3206 1713 statim
3221 1656 3566 1714 liberaberis
3580 1655 3659 1711 ad

242 1739 457 1796 ferens
486 1741 671 1797 animi
728 1742 1147 1808 constantiam,
1199 1748 1257 1798 et
1312 1742 1453 1799 nihil
1496 1743 1905 1798 conturbatus.
1941 1759 1986 1816 Β
2017 1747 2182 1803 omni
2209 1745 3655 1818 supplicio:Nonego,inquitMamas,oimperator,

243 1819 401 1899 Ego,
440 1830 651 1902 inquit,
697 1837 950 1886 vestram
994 1830 1164 1887 valde
1208 1832 1546 1888 condemno
1604 1832 1906 1897 canitiem,

242 1919 417 1989 quod
452 1923 613 1975 tanta
640 1919 981 1975 circumfusi
1014 1920 1139 1975 sitis
1162 1921 1377 1976 erroris
1410 1921 1682 1990 caligine,
1717 1925 1779 1976 ut
1799 1935 1909 1975 nec

246 2006 503 2077 possitis
534 2007 781 2079 quidem
807 2008 1110 2080 adspicere
1136 2009 1215 2065 ad
1240 2009 1441 2065 radios
1465 2010 1743 2075 veritatis,
1779 2009 1904 2073 sed,

246 2110 400 2150 vero
438 2105 494 2151 et
540 2098 671 2151 vivo
735 2100 851 2152 Deo
891 2097 1111 2167 relicto,
1142 2097 1473 2154 accessistis
1498 2098 1575 2154 ad
1602 2099 1905 2154 daemones

246 2182 559 2238 inanimos
589 2189 645 2239 et
673 2185 910 2240 surdos.
940 2186 1089 2242 Nam
1119 2201 1232 2256 ego
1251 2187 1495 2259 quidem
1517 2204 1551 2242 a
1588 2202 1713 2242 meo
1746 2186 1909 2241 Chri-

247 2274 348 2326 sto
377 2286 691 2342 nunquam
740 2273 1035 2339 recedam,
1063 2281 1121 2329 et
1148 2290 1542 2348 quoscunque
1569 2280 1777 2349 potero
1828 2275 1907 2331 ad

246 2374 394 2415 eum
447 2359 768 2416 adducam.
811 2361 1149 2417 Admiratus
1201 2369 1292 2418 est
1321 2364 1692 2419 Democritus
1742 2364 1906 2435 pueri

247 2447 493 2503 dicendi
542 2446 870 2505 libertatem
899 2454 956 2505 et
988 2451 1188 2506 statim
1230 2450 1309 2506 ab
1358 2451 1520 2507 initio
1578 2452 1905 2523 desperans

250 2551 321 2591 se
358 2552 535 2608 posse
582 2553 719 2593 eum
748 2537 1048 2603 inducere,
1082 2538 1335 2594 simulet
1362 2540 1619 2596 minatus
1644 2546 1732 2595 est
1760 2540 1902 2596 ado-

245 2623 495 2681 lescenti
532 2631 589 2681 et
610 2626 679 2681 iis
702 2626 806 2699 qui
828 2642 966 2682 eum
989 2628 1471 2693 circumstabant,
1487 2630 1661 2698 jussit
1684 2629 1903 2685 ducere

243 2728 505 2785 puerum
564 2713 640 2770 ad
685 2730 854 2771 aram
905 2716 1224 2786 Serapidis,
1282 2721 1349 2771 ut
1386 2718 1479 2772 vel
1540 2717 1760 2773 invitus
1791 2718 1901 2773 deo

241 2804 631 2859 sacriﬁcaret.
679 2802 777 2857 llle
835 2808 1035 2857 autem
1086 2803 1231 2858 nihil
1287 2820 1323 2857 a
1353 2804 1529 2858 minis
1566 2804 1902 2861 effeminate

242 2889 497 2945 aﬂ‘ectus
528 2895 584 2943 et
626 2888 1001 2944 illiberaliter.
1036 2894 1107 2944 At
1160 2905 1279 2943 non
1329 2889 1481 2952 licet,
1535 2890 1749 2960 inquit,
1799 2891 1902 2945 tibi

246 2992 345 3032 me
386 2975 621 3046 punire,
663 2976 761 3047 qui
790 2992 922 3030 sum
975 2977 1263 3031 educatus
1309 2992 1343 3030 a
1395 2982 1582 3031 matre
1638 2978 1904 3033 maxima

2018 1832 2210 1888 solum
2233 1833 2374 1889 mihi
2394 1850 2599 1889 verum
2615 1835 2797 1889 Deum
2814 1840 2870 1889 et
2890 1836 3105 1902 Regem
3129 1833 3445 1897 Christum,
3466 1844 3658 1902 neque

2016 1920 2199 1977 labris
2221 1937 2330 1977 nec
2361 1922 2538 1977 corde
2579 1922 2942 1991 negaverim,
2982 1922 3159 1977 etiam
3189 1922 3233 1975 si
3262 1918 3659 1992 praesentibus

2013 2008 2190 2080 longe
2218 2011 2484 2080 graviora
2523 2010 2971 2080 excogitaveris.
3006 2010 3156 2075 Quin
3190 2010 3368 2063 etiam
3406 2020 3660 2075 magnas

2015 2097 2118 2154 tibi
2153 2098 2344 2154 habeo
2370 2101 2612 2167 gratias,
2648 2099 2809 2170 quod
2841 2114 2934 2153 me
2963 2113 3066 2169 per
3094 2098 3221 2152 haec
3270 2100 3563 2152 tormenta
3607 2093 3660 2149 ei

2013 2202 2193 2258 quem
2223 2186 2499 2242 desidero
2527 2187 2803 2243 concilies
2834 2203 2848 2253 ;
2876 2191 3093 2259 etopto
3119 2185 3322 2248 solum,
3349 2199 3422 2239 ne
3440 2198 3658 2239 manus

2015 2275 2410 2346 defetigentur
2440 2275 2784 2342 tortoribus,
2816 2292 2953 2347 quae
2980 2276 3132 2345 jam,
3184 2281 3247 2329 ut
3275 2273 3457 2335 vides,
3510 2270 3659 2327 mihi

2016 2378 2240 2433 magna
2259 2364 2419 2419 bona
2438 2370 2787 2435 procurant:
2812 2363 2914 2419 sed
2929 2363 3186 2418 robustae
3199 2363 3395 2433 potius
3408 2361 3659 2417 reddan-

2015 2460 2108 2509 tur
2137 2458 2194 2508 et
2230 2451 2513 2508 valentes.
2539 2452 2886 2508 Aurelianus
2918 2458 3117 2506 autem
3150 2456 3473 2522 postquam
3522 2448 3662 2503 vidit

2013 2557 2151 2597 eum
2181 2547 2304 2597 tam
2333 2557 2547 2612 parum
2571 2556 2780 2597 curare
2809 2541 3077 2605 verbera,
3102 2539 3273 2610 jubet
3290 2539 3340 2593 ei
3366 2537 3659 2592 nudatum

2010 2644 2227 2700 corpus
2251 2634 2438 2683 totum
2471 2629 2674 2684 torreri
2704 2629 2956 2684 lucernis
2984 2628 3139 2698 ignis
3167 2647 3179 2686 :
3214 2632 3275 2682 ut
3293 2642 3427 2680 cum
3452 2639 3660 2681 carnes

2011 2717 2299 2790 paulatim
2349 2716 2773 2789 eliquarentur,
2831 2722 2887 2773 et
2942 2716 3165 2772 diutius
3213 2719 3535 2770 versaretur
3598 2713 3658 2766 in

2009 2810 2325 2871 tormento,
2370 2810 2425 2861 et
2467 2804 2704 2861 dolores
2765 2805 3009 2860 sentiret
3059 2804 3380 2873 graviores.
3436 2804 3499 2856 Et
3542 2800 3659 2855 hoc

2010 2891 2249 2962 quidem
2281 2891 2606 2948 deductum
2629 2894 2803 2948 estad
2832 2892 3127 2957 effectum,
3154 2897 3209 2946 et
3239 2890 3497 2946 admotas
3523 2892 3661 2943 sunt

2012 2977 2266 3033 lucernas
2291 2981 2528 3050 corpori
2557 2981 2849 3051 martyris.
2875 2979 2988 3036 Sed
3020 2986 3075 3035 et
3106 2979 3257 3048 ignis
3283 2976 3662 3032 reverebatur

247 3069 309 3119 et
332 3062 685 3127 clarissima,
720 3062 1151 3119 etfuculentam
1176 3064 1251 3119 ab
1268 3079 1335 3120 ea
1361 3064 1563 3134 accepi
1586 3063 1895 3120 haeredita-
1935 3099 1977 3156 α
2013 3064 2316 3131 athletam,
2336 3067 2465 3122 etin
2490 3067 2704 3123 milites
2736 3068 3001 3139 spirabat
3020 3065 3445 3122 vehementius.
3470 3068 3659 3136 Atque

252 3158 394 3219 tem,
422 3158 479 3207 et
495 3152 787 3207 maximas
804 3150 1067 3220 divitias,
1081 3152 1371 3222 adjiciens
1386 3168 1605 3208 nomen
1629 3154 1903 3208 Ammius.

252 3242 401 3297 Cum
432 3240 561 3295 haec
577 3246 779 3295 autem
818 3240 1105 3296 audiisset
1133 3241 1498 3296 Democritus
1524 3245 1581 3297 et
1604 3242 1680 3296 ab
1704 3241 1774 3295 iis
1802 3242 1904 3313 qui

253 3327 746 3393 circumstabant,
810 3328 885 3384 de
937 3329 1114 3385 beata
1172 3334 1448 3385 matrona
1502 3333 1560 3384 et
1609 3330 1905 3385 Mamanie

258 3423 536 3474 accurate
564 3418 769 3473 omnia
822 3416 1140 3481 didicisset,
1163 3422 1221 3473 et
1267 3418 1646 3488 cognovisset
1688 3433 1750 3474 se
1780 3433 1903 3473 non

261 3521 433 3577 posse
478 3520 616 3560 eum
647 3506 880 3579 punire,
910 3496 1113 3561 ferreis
1142 3507 1406 3561 vinctum
1453 3506 1699 3561 vinculis
1727 3506 1906 3576 rEgas

256 3611 397 3651 eum
449 3595 624 3650 mittit
666 3595 744 3651 ad
785 3597 1230 3666 imperatorem,
1263 3596 1466 3652 omnia
1495 3600 1556 3651 ut
1582 3612 1645 3651 se
1684 3596 1907 3652 habent

258 3683 606 3754 signiﬁcans
634 3684 839 3740 litteris
860 3684 1229 3756 imperatori.

328 3774 440 3828 Vll.
480 3772 578 3828 llle
620 3779 819 3829 autem
873 3789 1009 3828 cum
1048 3772 1272 3828 litteras
1311 3772 1651 3844 accepisset,
1703 3779 1760 3829 et
1800 3789 1903 3829 eas

254 3860 619 3934 perlegisset,
681 3876 933 3934 puerum
1006 3860 1173 3917 varie
1222 3861 1566 3931 aggreditur
1613 3881 1626 3920 :
1680 3866 1903 3918 etcum

256 3949 469 4006 eumin
482 3967 656 4005 suum
671 3956 1062 4022 conspectum
1080 3949 1448 4018 adduxisset,
1474 3966 1627 4005 nunc
1656 3950 1903 4023 quidem

260 4038 602 4095 minabatur
624 4044 680 4095 et
708 4054 997 4110 magnum
1030 4048 1309 4094 terrorem
1336 4039 1706 4104 intendebat,
1744 4055 1901 4096 nunc

258 4134 456 4184 autem
484 4129 794 4199 promissis
830 4128 1137 4195 invitabat,
1186 4133 1242 4184 et
1272 4129 1324 4183 ei
1354 4129 1730 4200 proponebat
1778 4144 1906 4183 mu-

258 4232 403 4273 nera
431 4223 487 4272 et
515 4218 792 4286 honores,
822 4223 879 4274 et
908 4218 1145 4273 dicebat
1174 4235 1187 4269 :
1212 4217 1271 4271 Si
1312 4218 1388 4271 ad
1420 4233 1707 4287 magnum
1739 4231 1906 4270 acce-

257 4306 405 4362 dens
425 4306 792 4377 Serapidem,
822 4307 875 4361 ei
907 4304 1365 4369 sacriﬁcaveris,
1389 4321 1426 4359 o
1458 4305 1707 4374 pulcher
1736 4318 1905 4373 puer,

258 4394 375 4450 eris
400 4394 720 4449 nobiscum
758 4395 816 4447 in
837 4393 1089 4463 palatio:
1114 4398 1172 4446 et
1189 4392 1449 4461 primum
1462 4390 1707 4463 quidem
1731 4390 1906 4446 aleris

260 4481 550 4552 regaliter,
569 4482 786 4537 deinde
807 4489 861 4535 te
881 4480 1048 4535 multi
1080 4479 1455 4535 mirabuntur
1477 4484 1533 4534 et
1549 4478 1902 4543 laudabunt,

262 4569 590 4641 beatusque
619 4572 731 4624 eris
760 4569 835 4623 de
862 4573 1096 4632 caetero,
1152 4572 1209 4623 et
1254 4567 1348 4622 cui
1383 4566 1575 4639 possit
1633 4567 1902 4623 invideri.

264 4660 382 4713 Hoc
411 4664 611 4713 autem
642 4656 1282 4720 faciebatAurelianus,
1314 4661 1371 4711 et
1397 4656 1520 4712 haac
1550 4656 1672 4712 duo
1702 4656 1901 4723 simul,

262 4759 479 4816 nempe
510 4751 564 4798 et
617 4747 810 4799 minas
854 4742 1210 4815 proferebat,
1243 4748 1301 4798 et
1354 4742 1668 4815 promissa,
1732 4749 1790 4798 ut
1816 4744 1905 4799 vel

264 4833 438 4888 minis
462 4838 872 4895 eumterreret,
890 4838 945 4887 et
962 4837 1293 4887 extremum
1316 4832 1368 4886 ei
1389 4838 1613 4887 metum
1649 4830 1902 4896 aﬂ'erret,

261 4927 361 4978 aut
384 4920 697 4992 promissis
718 4921 845 4991 ejus
866 4919 1119 4976 solidam
1149 4920 1443 4989 frangeret
1480 4921 1903 4988 constantiam,

261 5017 314 5066 et
341 5010 403 5065 in
433 5025 673 5066 summa
708 5025 847 5065 eum
896 5008 1166 5075 molliret,
1213 5009 1462 5082 ejusque
1490 5009 1697 5065 oculos
1753 5025 1907 5081 prae-

260 5098 589 5167 stringeret,
635 5103 695 5154 et
721 5097 1043 5153 adduceret
1091 5097 1169 5153 ad
1197 5098 1588 5169 impietatem.
1639 5098 1774 5153 Haec
1803 5114 1906 5153 au-

262 5191 376 5243 tem
410 5186 604 5256 magis
637 5185 935 5243 acuebant
958 5185 1148 5241 alacre
1178 5190 1237 5241 et
1256 5192 1600 5258 promptum
1640 5185 1905 5243 studium

261 5275 651 5333 adolescentis
681 5280 794 5340 :et,
827 5273 1014 5341 Absit,
1048 5274 1365 5345 respondit,
1398 5289 1434 5329 o
1464 5274 1807 5345 imperator,
1840 5280 1907 5331 ut

262 5364 369 5420 has
398 5379 534 5436 quae
550 5380 586 5420 a
615 5364 785 5420 vobis
811 5363 1203 5427 honorantur,
1228 5368 1455 5417 statuas
1472 5362 1531 5416 in
1548 5362 1771 5417 honore
1799 5362 1903 5419 ha-

263 5453 458 5519 beam,
491 5459 592 5509 aut
622 5468 830 5508 earum
854 5450 1037 5508 ullam
1055 5449 1274 5506 ducam
1301 5449 1589 5506 rationem
1612 5465 1743 5523 quae
1764 5455 1905 5509 sunt

264 5541 456 5598 surdis
467 5542 833 5609 etinanimas,
858 5544 911 5596 et
932 5555 1066 5613 quae
1087 5544 1366 5609 arguunt,
1384 5552 1571 5610 quam
1597 5538 1720 5595 sitis
1742 5555 1901 5598 cras-

2013 3157 2240 3223 martyr
2250 3154 2493 3222 quidem
2512 3155 2636 3209 sine
2648 3155 2852 3211 dolore
2866 3156 2941 3211 ad
2951 3154 3214 3211 mittebat
3226 3154 3503 3212 lucernas
3518 3168 3533 3218 ;
3549 3150 3660 3207 illae

2013 3244 2211 3297 autem
2256 3242 2443 3312 magis
2473 3242 2723 3297 urebant
2752 3244 3025 3298 animum
3052 3242 3469 3314 persecutoris.
3508 3243 3655 3294 Nam

2013 3344 2151 3385 cum
2180 3345 2254 3384 ne
2284 3328 2598 3384 minimum
2616 3329 2861 3401 quidem
2877 3345 3096 3400 corpus
3120 3328 3391 3398 martyris
3412 3326 3659 3397 attinge-

2011 3422 2144 3473 rent
2167 3433 2237 3472 eo
2266 3417 2345 3473 illi
2378 3417 2669 3488 majorem
2692 3417 3004 3473 ﬂammam
3029 3416 3369 3472 excitabant
3387 3414 3657 3470 insanias.

2015 3506 2235 3561 Deinde
2261 3506 2431 3577 jubet
2490 3512 2813 3579 martyrem
2856 3505 3153 3561 verberari
3207 3502 3531 3574 lapidibus.
3564 3502 3661 3559 llle

2014 3601 2210 3651 autem
2247 3595 2485 3666 perinde
2511 3601 2637 3650 erat
2675 3593 2944 3664 affectus,
2975 3600 3153 3665 atque
3185 3592 3233 3648 si
3254 3596 3663 3663 aspergeretur

2013 3684 2187 3747 rosis,
2228 3688 2283 3737 et
2308 3699 2412 3755 spe
2440 3683 2618 3738 futuri
2649 3682 2977 3739 laetabatur.

2086 3774 2145 3828 X.
2179 3773 2323 3828 Cum
2355 3771 2556 3843 itaque
2590 3771 2756 3826 valde
2781 3769 3204 3827 animidubius
3225 3772 3382 3824 esset
3404 3765 3568 3823 omni
3592 3783 3662 3821 ex

2011 3866 2178 3933 parte
2211 3860 2574 3925 Aurelianus,
2593 3866 2649 3915 et
2677 3859 2906 3914 nullum
2937 3858 3210 3931 supplicii
3245 3873 3435 3927 genus
3458 3858 3663 3928 posset

2011 3949 2365 4021 excogitare,
2382 3949 2545 4022 quod
2561 3964 2662 4005 cor
2677 3947 2992 4004 Mamantis
3007 3948 3337 4017 attingeret,
3356 3946 3521 4017 jubet
3538 3943 3662 4013 glo-

2010 4038 2159 4096 bum
2188 4038 2537 4110 plumbeum
2568 4038 2695 4107 ejus
2710 4036 2864 4092 collo
2877 4036 3128 4104 alligari,
3147 4037 3299 4090 etsic
3312 4034 3372 4089 in
3389 4033 3661 4090 medium

2012 4142 2180 4182 mare
2214 4127 2465 4181 ductum
2486 4131 2831 4197 martyrem,
2854 4122 3056 4195 projici
3086 4122 3147 4176 in
3172 4122 3561 4192 profundum.
3592 4120 3660 4175 Et

2008 4215 2215 4285 jussus
2243 4212 2511 4282 quidem,
2544 4212 2833 4266 deductus
2863 4217 2951 4265 est
2980 4210 3058 4265 ad
3086 4208 3361 4265 effectum
3386 4225 3401 4271 ;
3445 4209 3552 4265 sed
3588 4223 3663 4263 ne

2016 4306 2151 4356 tunc
2179 4297 2445 4370 quidem,
2468 4313 2505 4353 o
2530 4300 2739 4363 Mama,
2764 4297 2918 4352 Deus
2941 4296 3024 4351 tui
3056 4303 3145 4351 est
3163 4295 3407 4360 oblitus,
3433 4295 3661 4364 angelis

2015 4388 2176 4443 enim
2195 4387 2316 4443 suis
2338 4385 2586 4442 mandat
2610 4385 2684 4441 de
2716 4392 2788 4451 te,
2824 4390 2880 4439 ut
2902 4388 2958 4440 te
2979 4384 3337 4440 custodiant.
3376 4386 3439 4440 Et
3461 4383 3658 4439 statim

2017 4476 2265 4547 angelus
2279 4476 2471 4531 forma
2482 4476 2750 4530 humana
2770 4475 2827 4529 in
2846 4474 3053 4529 orbem
3077 4472 3455 4538 circumiens,
3482 4478 3663 4528 terro-

2011 4582 2137 4622 rem
2156 4564 2402 4638 quidem
2434 4563 2604 4620 atfert
2632 4564 2702 4618 iis
2724 4563 2826 4636 qui
2858 4563 3057 4635 ipsum
3105 4562 3425 4632 ducebant,
3474 4567 3529 4618 et
3556 4576 3659 4617 eos

2012 4655 2180 4710 vertit
2203 4653 2265 4708 in
2296 4652 2530 4723 fugam;
2545 4652 2715 4723 jubet
2739 4657 2937 4708 autem
2994 4658 3320 4723 martyrem
3374 4651 3565 4707 venire
3596 4652 3657 4704 in

2015 4747 2301 4808 montem,
2350 4743 2453 4815 qui
2482 4746 2570 4797 est
2605 4742 2909 4803 Cmsareas,
2943 4745 3001 4795 et
3040 4740 3154 4795 illic
3203 4741 3438 4809 degere.
3511 4739 3660 4794 Cum

2013 4832 2220 4888 fuisset
2243 4846 2384 4901 ergo
2414 4832 2473 4886 in
2506 4836 2728 4895 monte,
2771 4836 2827 4884 et
2882 4833 3036 4885 totos
3090 4828 3492 4901 quadraginta
3537 4826 3662 4882 dies

2014 4919 2335 4976 mansisset
2355 4920 2615 4989 jejunus,
2641 4918 2706 4974 ﬁt
2729 4918 2824 4974 hic
2846 4917 2999 4974 alius
3032 4918 3245 4973 Moses.
3282 4917 3342 4971 Ei
3361 4915 3421 4971 in
3444 4930 3663 4970 manus

2014 5024 2236 5065 novum
2266 5007 2517 5063 traditur
2540 5011 2983 5069 testamentum.
3016 5005 3181 5077 quod
3200 5020 3321 5060 non
3353 5010 3494 5059 tunc
3538 5002 3669 5074 qui-

2012 5097 2151 5154 dem
2178 5097 2437 5169 primum
2466 5111 2597 5152 esse
2627 5100 2907 5167 coeperat,
2934 5094 3039 5149 sed
3065 5094 3191 5165 jam
3235 5092 3427 5148 fuerat
3457 5092 3665 5147 datum

2014 5186 2301 5258 patribus.
2327 5187 2390 5240 Et
2435 5184 2594 5256 quod
2655 5190 2793 5239 tunc
2840 5183 3042 5238 deerat
3098 5181 3261 5246 Mosi,
3328 5179 3445 5236 hoc
3505 5194 3667 5236 nunc

2012 5273 2442 5346 adimpleturin
2466 5278 2741 5343 martyre.
2768 5274 2915 5326 Nam
2945 5271 3144 5328 Moses
3174 5268 3419 5341 quidem
3444 5266 3665 5324 solum-

2012 5362 2194 5419 modo
2220 5379 2251 5417 e
2278 5361 2427 5418 caelo
2457 5359 2672 5431 accipit
2714 5356 2949 5414 tabulas
2990 5373 3002 5412 :
3046 5357 3125 5413 ad
3172 5358 3333 5413 hunc
3378 5361 3579 5412 autem
3613 5361 3670 5414 et

2013 5467 2145 5518 vox,
2179 5457 2235 5507 et
2255 5450 2422 5520 virga
2442 5449 2514 5505 ab
2533 5449 2650 5505 alto
2676 5446 2998 5503 descendit.
3035 5447 3178 5503 Cum
3210 5450 3408 5502 autem
3432 5444 3669 5517 virgam

2017 5540 2359 5616 accepisset,
2385 5543 2441 5594 et
2465 5542 2528 5594 ut
2557 5552 2674 5594 vox
2694 5535 3087 5609 signiﬁcabat,
3122 5551 3191 5593 ea
3214 5541 3430 5593 terram
3472 5532 3664 5590 disse-
