4144 6258
511 216 571 268 71
1842 206 1893 260 Μ
1905 203 2099 259 ENSIS
2142 201 2522 257 AUGUSTUS.

3839 196 3990 251 5'72

473 339 714 404 cuisset,
747 339 1054 410 quomodo
1085 337 1246 405 prius
1278 350 1436 390 mare
1459 337 1661 400 Moses,
1695 332 1908 403 accipit
1935 333 2117 385 Evan-
2150 328 2196 381 A
2228 343 2410 382 causa
2440 343 2534 382 me
2592 326 2894 382 accersisti
2921 327 2948 382 ?
2981 324 3154 390 Quod
3185 339 3294 380 nec
3322 339 3573 395 possum
3609 321 3980 394 quidem,

475 428 695 496 gelium
732 428 953 482 editum
981 433 1189 481 eterra;
1215 423 1557 478 visceribus.

551 518 634 571 ΧΙ.
681 517 826 581 Quid
860 532 1012 585 opus
1049 520 1136 569 est
1181 529 1253 567 ea
1304 512 1518 575 diccre,
1551 527 1685 581 quae
1735 515 1870 563 sunt
1915 512 2120 578 postea

477 611 794 658 consecuta
810 603 836 657 ?
858 607 976 658 Non
1003 602 1258 672 amplius
1281 601 1446 655 nobis
1471 606 1696 670 martyr
1718 601 1920 659 Moses,
1943 596 2044 650 sed
2057 594 2122 648 ﬁt

476 692 627 747 alius
647 691 861 746 Paulus
874 692 1202 760 praedicans
1218 689 1620 757 Evangelium.
1643 690 1786 742 Cum
1811 684 2116 758 quoddam

476 787 676 834 autem
708 780 998 850 templum
1047 778 1489 838 construxisset,
1519 779 1578 832 in
1619 793 1740 848 quo
1773 791 1940 830 orare
1983 788 2119 828 con-

478 875 770 934 sueverat,
806 868 1091 938 quoniam
1127 867 1439 938 oportebat
1465 883 1626 930 eum,
1674 864 1822 919 sicut
1854 862 2114 923 Paulus‘,

476 957 707 1027 operari
736 957 1036 1022 manibus,
1068 955 1271 1010 divina
1298 957 1505 1009 virtute
1528 955 1602 1008 ad
1636 969 1697 1007 se
1720 953 1879 1006 ducit
1907 966 2116 1006 omnes

475 1045 670 1099 feras:
727 1052 782 1099 et
828 1045 918 1099 lac
959 1045 1232 1112 mulgens
1287 1043 1662 1108 feminarum,
1720 1055 2116 1111 quaecumque

477 1135 534 1187 id
567 1133 786 1188 scilicet
812 1133 1072 1203 praebent
1095 1131 1474 1202 poculentum
1504 1130 1867 1191 hominibus,
1902 1127 2117 1182 efﬁcie-

478 1220 582 1276 bat
609 1237 886 1287 caseum;
917 1222 1109 1291 etejus
1125 1220 1364 1291 quidem
1385 1235 1596 1290 parum
1616 1218 1724 1272 sibi
1744 1216 2119 1286 relinquebat

477 1315 531 1365 et
559 1310 888 1381 reponebat
921 1327 931 1364 :
967 1310 1258 1380 reliquum
1289 1314 1488 1363 autem
1541 1306 1907 1361 descendens
1933 1305 2118 1359 Cassa-

475 1413 661 1463 ream,
695 1399 1088 1453 distribuebat
1102 1398 1429 1467 egentibus.
1453 1396 1746 1461 Quoniam
1771 1399 1970 1449 autem
1991 1411 2120 1449 ma-

478 1501 632 1554 gnus
663 1488 884 1541 Mamas
925 1486 1085 1541 fama
1116 1493 1170 1540 et
1201 1501 1469 1540 sermone
1515 1485 1832 1539 multorum
1863 1483 2119 1538 celebra-

476 1571 670 1637 batur,
701 1575 1035 1628 Alexander
1073 1575 1316 1645 quidem
1345 1573 1515 1639 alius,
1541 1589 1658 1627 nou
1677 1572 1726 1625 is
1751 1588 1930 1643 quem
1956 1572 2118 1642 prius

2229 416 2419 486 inquit
2463 432 2700 486 praeses,
2735 416 3088 485 perspicere,
3117 414 3488 485 quibusnam
3517 415 3707 466 utens
3747 426 3973 482 prae-

2230 504 2415 572 stigiis
2441 510 2492 559 et
2515 503 3042 567 incantationibus,
3060 502 3282 558 viribus
3306 499 3852 572 inexpugnabilia.
3895 504 3970 554 et

2227 591 2350 646 fera
2367 592 2647 647 animalia
2669 593 2991 660 inducis,ut
3008 608 3147 646 cum
3172 593 3255 646 eis
3284 591 3488 660 degas,
3511 596 3564 644 et
3588 589 3788 659 apud
3824 605 3961 643 eas

2229 681 2475 735 verseris
2509 698 2521 736 :
2557 681 2814 750 imperes
2846 685 3044 735 autem
3089 681 3548 750 propemodum,
3585 684 3954 749 tanquam

2226 771 2453 825 ratione
2485 770 3156 841 praeditis.Respondens
3188 776 3387 824 autem
3441 775 3676 840 martyr
3716 784 3733 821 :
3806 767 3951 832 Qui

2228 859 2420 923 servit,
2454 860 2663 929 inquit,
2703 861 2819 913 Deo
2847 875 3003 922 meo,
3032 859 3133 929 qui
3163 859 3330 914 solus
3364 857 3527 922 vivit,
3559 863 3620 911 et
3667 862 3784 911 est
3823 872 3947 910 ve—

2225 963 2346 1011 rus,
2372 963 2444 1001 ne
2479 947 2564 1001 vel
2588 964 2797 1017 parum
2828 946 3070 1018 quidem
3102 944 3698 1000 sustinueritversari
3731 950 3802 999 et
3841 945 3942 998 vi-

2226 1040 2346 1090 tam
2379 1052 2551 1104 agere
2565 1052 2700 1090 cum
2719 1035 3040 1090 idololatris
3057 1034 3438 1090 etmaleﬁcis.
3468 1033 3936 1100 Quamobrem

2225 1138 2336 1192 ego
2361 1123 2511 1178 mihi
2531 1125 2687 1178 duco
2718 1139 2845 1179 esse
2867 1126 3261 1195 prasstantius,
3291 1123 3513 1178 versari
3539 1123 3732 1178 simul
3762 1139 3931 1178 cum

2225 1211 2379 1278 feris,
2405 1229 2588 1283 quam
2619 1212 2929 1267 vobiscum
2956 1212 3238 1268 habitare.
3291 1216 3436 1268 Nam
3480 1211 3592 1266 illa:
3631 1212 3925 1282 quidem

2226 1315 2346 1355 non
2375 1301 2587 1355 nostris
2618 1300 2998 1365 inducuntur,
3033 1306 3093 1354 ut
3123 1306 3317 1372 putas,
3348 1299 3921 1365 incantationibus,

2227 1388 2424 1443 etideo
2445 1389 2586 1443 mihi
2605 1388 2935 1443 redduntur
2965 1389 3192 1443 cicures
3215 1394 3271 1444 et
3289 1388 3660 1452 domesticae,
3689 1403 3919 1459 neque

2227 1477 2385 1532 enim
2414 1477 2538 1532 scio
2555 1477 2698 1548 quid
2724 1477 2834 1532 sibi
2862 1478 2996 1532 velit
3017 1477 3110 1532 vel
3135 1477 3330 1532 solum
3357 1492 3579 1532 nomen
3609 1477 3916 1532 incanta-

2227 1565 2440 1629 tionis;
2470 1565 2573 1620 sed
2613 1572 2668 1621 et
2693 1566 2740 1620 si
2781 1567 2898 1621 sint
2937 1566 3266 1638 prudentiae
3298 1572 3569 1636 expertes
3599 1571 3657 1620 et
3702 1566 3915 1621 ratio-

477 1661 755 1726 diximus,
790 1668 929 1716 tunc
989 1667 1218 1716 creatus
1282 1678 1497 1732 praeses
1565 1660 1973 1732 Cappadociae,
2033 1660 2118 1714 vir
2154 1675 2193 1728 Β
2228 1655 2342 1718 nis,
2375 1654 2568 1709 sciunt
2598 1660 2794 1710 tamen
2828 1655 2974 1725 ipsae
2991 1671 3233 1726 quoque
3266 1671 3466 1710 meum
3484 1657 3751 1710 revereri
3792 1658 3910 1710 Do-

478 1750 748 1814 crudelis,
787 1751 833 1804 si
868 1751 1019 1804 ullus
1051 1751 1217 1815 alius,
1253 1757 1308 1805 et
1331 1751 1697 1806 contendens
1729 1751 1784 1803 in
1819 1749 2117 1819 impietate

475 1853 512 1893 a
537 1839 773 1892 nemine
805 1840 1089 1909 superari,
1125 1856 1257 1894 cum
1291 1839 1365 1894 de
1395 1854 1465 1893 eo
1496 1839 1696 1893 omnia
1718 1837 2113 1906 intellexisset,

476 1927 648 1981 mittit
668 1928 961 1997 quosdam
981 1928 1208 1999 equites
1227 1928 1300 1982 ad
1326 1943 1463 1982 eum
1485 1927 2117 1998 quaerendum,utcum

475 2014 859 2081 invenissent,
895 2017 970 2071 ad
998 2033 1132 2070 eum
1162 2016 1543 2071 adducerent.
1573 2017 1716 2069 Cum
1750 2014 1987 2072 illorum
2019 2017 2118 2069 ita-

475 2118 593 2173 que
619 2104 940 2159 adventum
963 2105 1358 2174 praascivisset
1383 2109 1626 2175 martyr,
1648 2104 1713 2157 ﬁt
1743 2105 1826 2158 eis
1851 2104 2114 2158 obviam.

475 2188 558 2244 Illi
608 2198 803 2247 autem
857 2199 1176 2264 postquam
1214 2193 1386 2247 simul
1444 2193 1880 2256 convenissent,
1923 2209 2116 2264 neque

475 2280 688 2334 scirent
711 2281 869 2335 hunc
926 2298 1053 2336 esse
1084 2281 1271 2344 illum,
1303 2281 1598 2349 rogabant
1634 2297 1793 2345 eum,
1844 2280 2111 2346 ubinam,

474 2371 531 2420 et
560 2368 616 2421 in
641 2384 759 2439 quo
777 2369 904 2424 loco
925 2375 1078 2424 esset
1108 2373 1346 2425 Mamas.
1378 2370 1473 2424 llle
1499 2386 1670 2424 vero:
1709 2373 1819 2424 Vos
1844 2370 2111 2442 quidem,
2175 2428 2197 2443 ,

471 2455 682 2526 inquit,
706 2474 736 2510 ο
767 2459 960 2524 amici,
991 2463 1222 2529 oportet
1247 2475 1406 2513 nunc
1437 2475 1508 2512 ex
1539 2459 1707 2528 equis
1733 2459 2110 2524 descendere,

469 2549 533 2597 ut
553 2559 761 2598 eamus
782 2545 857 2599 ad
878 2562 1106 2600 crenam
1130 2563 1142 2610 ;
1164 2552 1372 2616 postea
1388 2551 1584 2600 autem
1605 2547 1923 2601 ostendam
1944 2547 2113 2601 vobis

468 2633 844 2687 Mamantem.
883 2635 939 2688 Hi
975 2649 1114 2702 ergo
1147 2634 1222 2688 ab
1250 2650 1318 2688 eo
1345 2634 1600 2705 hospitio
1621 2635 2113 2704 accepti,caseum

469 2726 524 2774 et
554 2736 770 2790 panem
797 2722 1051 2776 libenter
1072 2723 1460 2777 comederunt
1487 2742 1499 2789 ;
1532 2722 1622 2776 his
1653 2724 1811 2776 enim
1840 2723 2112 2794 egregius

467 2823 571 2862 eos
602 2809 828 2878 accepit
865 2811 1108 2873 Mamas,
1138 2810 1420 2865 dominus
1445 2811 1720 2865 convivii.

540 2897 645 2951 Χ11.
683 2899 915 2953 [nterim
946 2905 1144 2954 autem
1178 2899 1254 2953 ad
1297 2903 1618 2970 martyrem
1685 2900 1998 2966 accedunt,
2052 2908 2113 2957 ut

468 2990 916 3051 consueverant,
958 2987 1193 3042 feminae
1219 2989 1572 3056 animantes,
1618 2993 1677 3042 ut
1734 3005 2111 3063 unaquaeque

467 3089 576 3127 suo
596 3073 745 3128 lacte
775 3075 1154 3144 mulgeretur.
1186 3077 1354 3141 Quod
1384 3093 1518 3131 cum
1554 3076 1840 3132 vidissent
1864 3081 2109 3151 equites,

465 3176 567 3215 eos
595 3163 809 3217 invasit
839 3169 1048 3234 stupor
1091 3170 1146 3219 et
1182 3165 1378 3230 timor,
1412 3170 1467 3220 et
1495 3181 1663 3220 coena
1693 3167 1913 3236 relicta,
1973 3185 2110 3224 con‘

465 3248 697 3316 fugiunt
726 3250 802 3304 ad
859 3256 1208 3322 martyrem.
1246 3253 1344 3307 Ille
1384 3269 1524 3309 vero
1577 3271 1711 3309 cum
1748 3261 1973 3310 metum
2023 3259 2106 3311 eis

466 3337 805 3402 ademisset,
857 3344 914 3393 et
961 3357 1064 3395 eos
1129 3342 1279 3396 bono
1337 3348 1393 3398 et
1448 3343 1652 3397 ﬁdenti
1717 3343 1922 3399 animo
1980 3361 2108 3400 esse

458 3426 747 3495 jussisset,
804 3428 1020 3483 deinde
1085 3430 1253 3484 vellet
1283 3431 1462 3485 etiam
1517 3447 1721 3485 eorum
1781 3432 2016 3488 animos
2073 3451 2108 3489 a

462 3528 606 3568 cura
637 3513 907 3580 liberare,
944 3516 1092 3571 dixit
1114 3533 1173 3572 se
1203 3519 1447 3589 quidem
1483 3535 1615 3573 vere
1647 3535 1783 3574 eum
1812 3535 1960 3587 esse,
2004 3522 2105 3593 qui

461 3601 858 3670 quaerebatur,
903 3604 1281 3668 Mamantem,
1307 3621 1377 3660 ne
1409 3607 1666 3677 amplius
1696 3624 1834 3662 eum
1881 3625 2107 3678 quaere-

462 3694 609 3742 rent.
643 3691 750 3742 Eos
789 3705 930 3757 ergo
961 3691 1209 3753 dimittit,
1239 3693 1531 3762 pollicitus
1572 3696 1832 3766 seipsum
1866 3711 2106 3768 quoque

463 3791 602 3830 mox
623 3781 955 3832 venturum.
977 3778 1196 3833 Deinde
1224 3797 1360 3834 cum
1378 3784 1603 3851 equites
1625 3784 1891 3852 protinus
1917 3801 2107 3840 reces-

462 3863 678 3918 sissent
704 3865 823 3934 (tali
851 3865 1012 3920 enim
1039 3867 1165 3920 viro
1194 3868 1532 3932 credebant,
1555 3886 1746 3942 neque
1769 3871 1827 3925 in
1847 3887 1917 3926 eo
1947 3880 2105 3944 pote-

460 3957 596 4007 rant
618 3952 800 4007 ullum
830 3955 1115 4026 suspicari
1139 3956 1542 4028 mendacium)
1575 3974 1710 4013 cum
1739 3975 1924 4015 unum
1947 3963 2106 4016 exiis

460 4040 758 4110 quierant
785 4042 843 4096 in
879 4051 1096 4111 monte,
1123 4045 1414 4109 leonibus,
1471 4052 1695 4117 martyr
1726 4054 1870 4103 nutu
1921 4050 1998 4105 ad
2043 4067 2104 4106 se

460 4135 750 4195 vocasset,
802 4131 972 4202 jubet
1017 4148 1177 4199 eum,
1233 4141 1553 4206 postquam
1619 4137 1746 4207 ipse
1801 4138 2103 4207 ingressus

459 4214 632 4272 fuerit
663 4219 942 4284 stadium,
976 4223 1196 4277 cursim
1260 4238 1503 4293 pergere
1533 4224 1611 4280 ad
1659 4228 1888 4281 Graecos
1919 4233 1974 4282 et
2001 4230 2103 4282 Ju-

459 4303 642 4371 daaos,
670 4309 773 4378 qui
792 4308 997 4376 lingua
1019 4311 1312 4366 maledica
1335 4314 1560 4367 nomini
1590 4314 1880 4382 Unigeniti
1911 4316 2104 4372 detra-

456 4393 624 4459 hunt,
657 4401 714 4448 et
770 4397 827 4449 id
872 4397 1197 4452 maledictis
1248 4399 1570 4465 incessunt,
1632 4407 1686 4454 et
1742 4403 1827 4456 eis
1891 4403 2101 4459 afferre

456 4481 777 4536 interitum.
814 4485 944 4536 Hinc
975 4499 1110 4537 cum
1140 4485 1410 4553 jussisset
1440 4485 1593 4551 ferae,
1629 4505 1658 4543 e
1685 4495 1884 4544 monte
1925 4494 2102 4562 proﬁ-

457 4570 740 4624 ciscitur:
783 4577 839 4624 et
899 4571 1125 4626 accedit
1181 4575 1255 4628 ad
1289 4575 1533 4646 equites,
1595 4577 1697 4647 qui
1738 4594 1875 4633 eum
1907 4594 2101 4650 exspe-

457 4658 699 4713 ctabant
736 4659 813 4714 ad
855 4666 1082 4729 portam
1135 4661 1408 4717 civitatis.
1441 4663 1587 4719 Cum
1618 4665 1656 4719 ii
1723 4667 1920 4737 itaque
1961 4685 2096 4724 eum

455 4747 945 4819 assumpsissent,
975 4750 1204 4805 ducunt
1218 4752 1293 4806 ad
1320 4751 1738 4808 Alexandrum.
1775 4756 1869 4811 Ille
1897 4763 2096 4814 autem

456 4838 723 4906 protinus
787 4855 799 4893 :
855 4840 1015 4893 Tune
1077 4855 1158 4903 es,
1218 4841 1425 4912 inquit,
1483 4841 1576 4896 ille
1631 4845 1734 4914 qui
1792 4860 1854 4899 es
1899 4849 2098 4917 magia

454 4923 703 4994 insignis
734 4924 762 4979 ?
790 4929 1004 4997 Martyr
1028 4932 1226 4983 autem
1255 4929 1484 4984 Marnas
1526 4931 1848 5001 prudenter
1906 4935 2048 4991 dicit
2079 4954 2092 4992 :

454 5014 572 5080 Ego
614 5029 747 5068 sum
780 5015 986 5071 Christi
1019 5032 1242 5081 servus,
1285 5018 1386 5088 qui
1433 5019 1516 5073 eis
1548 5020 1790 5090 quidem
1824 5024 1925 5093 qui
1977 5040 2092 5079 cre~

453 5099 602 5154 dunt
633 5101 692 5156 in
726 5103 942 5173 ipsum,
985 5109 1042 5158 et
1101 5103 1324 5161 faciunt
1373 5108 1501 5176 ejus
1564 5108 1951 5178 voluntatem,
1993 5113 2095 5169 dat

455 5188 746 5254 salutem;
773 5207 981 5260 magos
1012 5199 1204 5248 autem
1245 5200 1302 5250 et
1329 5195 1740 5260 incantatores,
1775 5204 1950 5255 eteos
1989 5204 2091 5273 qui

455 5276 708 5331 adorant
737 5277 919 5343 idola,
949 5281 1072 5348 igni
1114 5283 1294 5338 tradit
1311 5291 1547 5340 aaterno.
1577 5286 1687 5341 Sed
1718 5301 1984 5356 quanam
2017 5290 2091 5344 de

522 5506 539 5540 ¹
567 5506 586 5558 I
614 5503 745 5560 Cor.
779 5519 854 5576 1v,
888 5510 976 5563 12.

2229 1743 2568 1808 minum,et
2619 1745 2677 1798 in
2715 1745 2940 1799 honore
2995 1744 3216 1799 habere
3267 1744 3400 1813 ejus
3441 1744 3728 1799 famulos.
3781 1746 3905 1798 Vos

2231 1848 2365 1887 vero
2385 1832 2731 1901 estislonge,
2746 1848 2930 1904 quam
2947 1833 3115 1904 ipsae,
3137 1834 3339 1888 minus
3355 1832 3680 1903 participes
3708 1833 3900 1888 ratio-

2227 1921 2339 1988 nis,
2368 1921 2529 1991 quod
2561 1938 2695 1975 cum
2727 1921 2857 1976 illas
2883 1921 3156 1977 habeatis
3195 1923 3505 1992 exemplar
3534 1922 3896 1976 honorandi

2231 2011 2482 2076 Domini,
2517 2026 2589 2066 ne
2620 2011 2702 2065 sic
2732 2009 2976 2081 quidem
3008 2010 3353 2080 intelligitis.

2297 2100 2428 2154 XIII.
2464 2103 2678 2154 Praeses
2711 2103 2907 2154 autem
2941 2116 3078 2154 cum
3111 2099 3402 2154 adversus
3426 2099 3554 2153 hinc
3577 2114 3652 2153 ne
3676 2102 3896 2168 posset

2225 2187 2470 2258 quidem
2490 2188 2915 2252 contradicere,
2931 2187 3264 2243 conabatur
3279 2193 3480 2258 aperte
3499 2188 3619 2242 vim
3643 2187 3889 2242 afferre.

2226 2278 2340 2331 Cnr
2370 2282 2571 2332 autem
2604 2276 2928 2342 eo,aiebat,
2949 2275 3286 2346 processisti
3318 2275 3573 2332 stultitiae
3607 2280 3666 2331 et
3692 2277 3889 2333 auda-

2224 2365 2348 2429 cite,
2375 2371 2437 2419 ut
2489 2367 2768 2433 insurgas
2819 2366 3062 2437 quidem
3115 2365 3405 2420 adversus
3446 2364 3886 2436 imperatorum

2224 2454 2696 2517 constitutiones,
2728 2455 3103 2525 impudenter
3132 2460 3333 2509 autem
3357 2470 3726 2526 nosquoque
3755 2455 3885 2510 aﬂi-

2223 2543 2346 2597 cias
2372 2543 2745 2597 contumeliis
2769 2543 2796 2597 ‘i
2831 2544 2944 2598 Sed
2974 2548 3271 2598 tormenta
3291 2549 3344 2598 te
3362 2543 3450 2598 vel
3476 2544 3734 2598 invitum
3753 2559 3882 2599 om-

2223 2631 2365 2686 nino
2397 2647 2466 2686 ea
2490 2647 2625 2702 quia
2665 2637 2915 2703 oportet,
2969 2632 3300 2688 docuerint.
3343 2635 3410 2687 Et
3452 2633 3653 2688 statim
3707 2633 3880 2702 jubet

2224 2735 2360 2773 eum
2395 2736 2756 2791 suspensum
2786 2721 2955 2775 valde
2987 2721 3154 2776 caedi.
3181 2721 3278 2776 Ille
3317 2727 3540 2784 autem,
3569 2728 3626 2775 et
3657 2722 3702 2775 si
3722 2722 3876 2778 adeo

2224 2808 2437 2862 acerbe
2461 2807 2838 2872 laceraretur,
2867 2810 3111 2880 perinde
3150 2815 3274 2864 erat
3311 2809 3581 2874 affectus,
3615 2815 3793 2881 atque
3823 2812 3870 2865 si

2224 2896 2450 2950 nullum
2491 2896 2760 2953 dolorem
2783 2899 3021 2953 sentiret
3050 2898 3304 2969 penitus.
3336 2901 3534 2970 Neque
3566 2899 3723 2953 enim
3757 2904 3868 2954 tor-

2223 2988 2376 3039 tores
2408 2987 2635 3055 aspexit
2657 2985 3014 3054 effeminate,
3038 3003 3146 3042 nec
3173 3003 3236 3041 se
3272 2986 3507 3042 mollem
3537 2986 3785 3056 praebuit
3813 2989 3866 3042 in

2221 3077 2533 3136 tormento,
2565 3090 2684 3128 non
2711 3075 2937 3129 humile
2958 3081 3013 3130 et
3043 3075 3330 3131 illiberale
3360 3075 3582 3147 aliquid
3601 3081 3686 3130 est
3705 3076 3865 3131 locu-

2222 3166 2343 3215 tus:
2375 3162 2477 3216 sed
2521 3168 2677 3217 recta
2717 3162 2775 3217 in
2805 3165 3027 3218 coelum
3069 3180 3207 3218 suos
3246 3163 3527 3220 deﬁxerat
3565 3167 3764 3218 oculos
3797 3171 3854 3218 et

2220 3251 2687 3305 consolationem
2701 3253 3047 3322 expectabat
3063 3268 3099 3306 a
3119 3253 3372 3324 superis.
3392 3256 3530 3309 Cum
3557 3267 3688 3306 vero
3705 3267 3846 3322 prte-

2220 3354 2311 3392 ses
2351 3338 2777 3408 suppliciorum
2821 3346 2876 3394 et
2927 3341 3194 3395 dolorum
3249 3341 3630 3396 acerbitatem
3675 3342 3853 3394 inten-

2217 3427 2397 3496 deret,
2428 3432 2483 3482 et
2512 3428 2757 3482 instaret
2789 3435 2850 3484 ut
2891 3437 3115 3500 martyr
3172 3430 3497 3485 laniaretur
3560 3430 3856 3485 vehemen-

2217 3515 2354 3583 tius,
2381 3533 2496 3571 vox
2519 3518 2800 3589 quaedam
2817 3519 3039 3586 divina,
3065 3535 3196 3589 quae
3219 3519 3441 3574 exstitit
3482 3535 3513 3573 e
3536 3520 3781 3591 superis,
3805 3521 3852 3575 ei

2216 3605 2456 3675 quidem
2491 3608 2644 3661 levat
2678 3623 2956 3676 magnam
2991 3613 3220 3676 partem
3254 3608 3476 3663 doloris
3513 3608 3852 3664 :conﬁrmat

2216 3700 2414 3748 autem
2448 3700 2502 3750 et
2529 3697 2878 3750 corroborat
2915 3695 2996 3761 id,
3032 3697 3184 3766 quod
3210 3697 3550 3758 laborabat,
3583 3703 3641 3752 et
3673 3699 3850 3753 reddit

2215 3799 2354 3838 eum
2383 3783 2690 3854 quibusvis
2737 3785 3044 3839 tormentis
3078 3786 3459 3856 superiorem.
3526 3789 3670 3840 Eam
3724 3803 3849 3842 cum

2216 3871 2382 3926 multi
2410 3872 2714 3927 audissent
2740 3890 2811 3927 ex
2850 3873 3146 3938 ﬁdelibus,
3182 3874 3472 3929 ﬁrmiores
3501 3881 3560 3930 et
3588 3881 3840 3932 constan-

2215 3960 2390 4014 tiores
2414 3967 2732 4014 evaserunt
2760 3961 2820 4014 in
2855 3962 3087 4031 pietate.
3121 3962 3450 4017 Alexander
3478 3970 3676 4019 autem
3705 3971 3846 4035 post-

2212 4063 2397 4118 quam
2424 4048 2939 4117 viditgenerosum
2962 4053 3316 4106 Mamantem
3341 4051 3500 4106 nihili
3536 4051 3724 4108 facere
3749 4054 3847 4108 fer-

2212 4153 2343 4191 reas
2374 4137 2504 4192 illas
2535 4137 2812 4208 ungulas,
2833 4139 3427 4209 quibuslaniabatur,
3457 4142 3635 4196 corde
3669 4145 3845 4212 magis

2211 4225 2584 4282 lacerabatur
2613 4227 2690 4282 ab
2716 4227 2953 4284 insania
2978 4245 2991 4295 ;
3023 4234 3076 4284 et
3094 4228 3293 4299 ipsum
3310 4229 3555 4300 quidem
3574 4230 3725 4286 illinc
3752 4232 3844 4286 de—

2212 4315 2371 4369 ducit
2405 4333 2417 4370 :
2459 4316 2730 4372 accendit
2755 4320 2957 4372 autem
2990 4318 3294 4373 fornacem
3328 4318 3504 4388 ignis,
3540 4323 3600 4373 ut
3635 4319 3836 4376 athleta

2211 4405 2270 4458 in
2296 4420 2427 4458 eam
2450 4404 2762 4473 jaceretur.
2788 4407 2976 4474 Atque
2984 4405 3111 4475 jam
3143 4407 3389 4478 quidem
3419 4407 3835 4462 accendedatur

2212 4491 2420 4546 fornax
2445 4494 2596 4559 ignis
2631 4509 2641 4546 :
2685 4509 2899 4564 praeses
2929 4509 3085 4557 vero,
3113 4497 3404 4565 quoniam
3441 4501 3581 4551 tunc
3610 4502 3727 4551 erat
3751 4513 3830 4552 oc-

2209 4586 2460 4650 cupatus
2488 4580 2545 4635 in
2566 4581 2719 4644 aliis,
2746 4582 2928 4636 satius
2949 4599 3077 4637 esse
3103 4583 3330 4653 putavit
3353 4600 3676 4656 parumper
3699 4601 3839 4641 mar-

2210 4674 2396 4739 tyrem
2413 4669 2642 4724 tradere
2664 4670 2722 4723 in
2740 4670 3094 4726 custodiam.
3131 4673 3399 4736 Quadam
3426 4674 3585 4728 enim
3615 4690 3712 4745 spe
3738 4675 3835 4730 du-

2207 4758 2468 4824 cebatur,
2510 4758 2672 4828 quod
2707 4758 2753 4812 si
2787 4758 2840 4813 ei
2871 4765 3104 4830 tempus
3152 4761 3412 4826 daretur,
3471 4768 3532 4817 ut
3584 4764 3739 4834 apud
3781 4779 3834 4819 se

2205 4853 2374 4912 esset,
2407 4847 2885 4903 etconsideraret
2930 4849 3280 4913 accuratius,
3325 4849 3449 4906 fore
3494 4857 3556 4907 ut
3583 4861 3640 4908 et
3688 4868 3836 4924 expe-

2205 4936 2413 4991 rientia
2430 4935 2891 5008 malorum,quae
2914 4943 3434 5008 praecesserant,’et
3452 4947 3616 4996 metu
3645 4940 3832 4997 futuras

2205 5024 2481 5091 fornacis,
2515 5024 2819 5080 accederet
2850 5024 3082 5080 mollior
3107 5026 3184 5082 ad
3213 5028 3507 5083 secundas
3532 5030 3835 5101 interroga-

2204 5113 2411 5175 tiones,
2443 5120 2498 5166 et
2551 5129 2666 5167 non
2699 5129 2906 5185 parum
2935 5115 3190 5184 priorem
3225 5131 3398 5170 suam
3447 5122 3696 5173 mutaret
3718 5133 3833 5173 sen-

2208 5201 2465 5256 tentiam.
2497 5205 2683 5272 Atque
2698 5202 2792 5255 ille
2813 5202 3059 5272 quidem
3082 5202 3172 5256 vir
3203 5218 3526 5272 generosus
3546 5205 3833 5276 conjicitur

2204 5290 2265 5344 in
2303 5303 2628 5343 carcerem:
2658 5289 2734 5344 ad
2765 5289 3162 5360 quadraginta
3214 5297 3416 5348 autem
3450 5291 3820 5361 Christianos,
