4144 6258
187 274 321 333 573

1484 289 1583 344 MA
1597 286 1910 345 RTYRIUM
1943 286 2001 343 S.
2040 287 2437 350 MAMANTIS.

3550 294 3657 349 574

199 404 324 477 qui
375 407 447 463 in
501 425 572 466 eo
604 410 771 482 prius
800 411 1236 478 detinebantur,
1268 416 1349 472 ibi
1380 417 1653 475 inventos
1675 417 1889 481 liberat
1927 412 1969 464 A
2010 419 2821 483 reverenteradorahat,etad
2843 418 2971 490 ejus
2988 419 3172 490 pedes
3193 420 3652 492 procumbebat.

199 507 243 548 a
280 494 603 554 vinculis:
638 507 693 555 et
730 516 864 555 cum
900 504 1152 559 carceris
1183 508 1379 560 claves
1422 512 1478 562 et
1510 514 1701 565 vectes
1730 510 1890 567 labe'

199 579 547 653 factasset,
589 588 716 644 sola
755 592 1111 660 precatione,
1140 599 1197 647 et
1226 598 1377 648 totas
1407 602 1608 665 portas
1629 599 1890 668 aperuis-

206 678 334 737 set,
376 675 475 730 eis
504 676 751 748 quidem
797 679 1089 746 concedit,
1140 687 1199 736 ut
1231 683 1358 738 sine
1409 683 1614 740 labore
1660 692 1889 753 exeant,

208 761 602 835 relinquitur
631 771 830 822 autem
862 768 955 823 ille
987 768 1153 825 solus
1180 771 1237 825 in
1253 772 1543 842 custodia,
1576 774 1633 828 in
1649 791 1770 846 qua
1789 793 1893 831 an-

210 849 342 918 geli
382 854 708 923 pmsentia
738 855 1103 913 excitabatur
1127 866 1183 914 et
1208 859 1679 918 conﬁrmabatur
1712 863 1791 920 ad
1804 864 1891 919 fu-

212 940 361 995 tura
398 944 750 999 certamina.

299 1029 452 1085 XIV.
488 1034 712 1088 Interea
744 1049 886 1104 ergo
909 1038 1038 1105 jam
1091 1052 1342 1093 accensa
1371 1043 1497 1094 erat
1523 1038 1733 1096 fornax
1776 1058 1789 1096 :
1832 1047 1887 1098 et

211 1130 482 1186 prmses,
515 1119 760 1190 abjectis
791 1122 920 1177 aliis
944 1124 1348 1195 curis,rursus
1376 1127 1641 1198 producit
1667 1136 1885 1201 marty-

209 1217 359 1260 rem
406 1205 481 1262 ad
511 1208 851 1274 tribunal,et
883 1210 1054 1266 dicit:
1088 1214 1275 1268 Tanta
1314 1214 1561 1270 omnino
1594 1222 1796 1272 nostra
1828 1218 1883 1272 in

213 1292 423 1349 rebus
450 1296 711 1352 maxime
756 1301 1103 1356 necessariis
1149 1305 1484 1373 occupatio,
1517 1309 1573 1358 et
1606 1304 1889 1362 diuturna

213 1379 286 1435 in
324 1382 451 1438 illis
477 1400 666 1451 mora,
690 1387 1076 1456 praebuerunt
1106 1395 1342 1462 tempus
1374 1392 1617 1447 ineundi
1657 1395 1885 1450 consilii

216 1472 402 1540 quod
443 1479 595 1528 esset
624 1473 727 1529 tibi
760 1475 915 1531 utile.
951 1479 1047 1532 Sin
1082 1477 1299 1543 minus,
1356 1484 1417 1535 tu
1476 1480 1659 1548 vides,
1702 1498 1885 1553 quam

220 1558 307 1613 sit
336 1558 464 1616 alta
490 1560 691 1619 fornax
720 1580 734 1619 :
769 1565 914 1620 nihil
949 1570 1146 1622 tamen
1176 1569 1396 1631 dicam,
1425 1571 1616 1624 donec
1634 1570 1889 1626 inconsi-

217 1646 451 1705 derata
495 1649 621 1706 haac
646 1657 745 1708 tua
783 1654 1113 1710 constantia
1144 1655 1419 1722 effecerit,
1456 1662 1519 1712 ut
1544 1664 1594 1711 te
1628 1658 1882 1714 multum

2004 501 2278 569 Dixisses,
2315 506 2363 560 si
2396 508 2668 576 vidisses,
2700 524 2837 563 eum
2868 508 3137 580 amplecti
3177 509 3334 563 illius
3383 508 3650 579 vestigia.

1950 658 1967 664 _
2005 590 2226 645 Pardus
2255 604 2454 651 autem
2481 596 2629 651 lenis
2659 602 2715 651 et
2743 603 3115 663 mansuetus,
3148 597 3206 651 in
3229 596 3651 667 ejushumeros

2002 678 2163 745 citra,
2201 680 2380 737 ullam
2403 684 2668 739 insiliens
2688 684 3039 749 molestiam,
3058 685 3263 755 lingua
3276 684 3652 754 abstergebat

2000 766 2128 835 ejus
2162 770 2466 837 sudorem,
2499 778 2555 828 et
2591 789 2728 827 eum
2746 772 3141 839 demulcebat,
3159 772 3400 843 perinde
3417 789 3483 827 ac
3512 788 3648 828 eum

1999 852 2305 922 deliniens,
2331 864 2387 914 et
2405 876 2558 933 (egre
2576 860 2767 916 ferens
2795 877 2866 916 ea
2887 878 3022 933 qua:
3043 861 3397 933 patiebatur.
3423 861 3489 916 Et
3512 876 3649 932 quas

1996 946 2298 1015 aprmside
2310 949 2543 1019 quidem
2560 949 2993 1005 immissmsunt
3007 951 3405 1013 bestiaa,sic,ut
3421 949 3647 1010 videtis,

1995 1047 2198 1088 meum
2229 1040 2549 1091 tractarunt
2580 1037 2883 1093 athletam.
2922 1037 3034 1094 Sed
3059 1053 3178 1091 non
3197 1038 3278 1091 sic
3304 1036 3414 1100 leo,
3434 1037 3534 1109 qui
3562 1035 3641 1090 ab

1997 1120 2100 1179 illo
2130 1120 2369 1190 signum
2395 1125 2643 1196 accepit,
2685 1141 2864 1197 quem
2905 1125 3030 1196 ipse
3075 1126 3328 1180 armavit
3366 1125 3649 1179 adversus

1999 1209 2234 1279 impios,
2263 1215 2327 1265 ut
2359 1212 2523 1281 prius
2562 1214 2839 1268 diximus.
2874 1216 3021 1268 Nam
3062 1213 3336 1267 dentibus
3377 1213 3646 1277 stridens,

1997 1302 2055 1351 et
2076 1298 2227 1353 iram
2256 1299 2512 1369 spirans,
2546 1316 2795 1371 propere
2833 1301 3231 1357 descenditde
3257 1307 3486 1356 monte:
3508 1317 3647 1356 cum

1998 1386 2413 1442 conturbasset
2438 1388 2751 1454 theatrum,
2786 1395 2840 1445 et
2878 1390 2937 1444 in
2964 1395 3161 1460 partes
3175 1389 3549 1457 dissecasset,
3576 1404 3648 1444 ex

1997 1474 2082 1528 eis
2122 1475 2366 1545 quidem
2399 1475 3227 1549 multosdiscerpsitdentibus
3254 1476 3642 1545 etunguibus.

1998 1562 2126 1627 Quo
2182 1563 2426 1634 quidem
2486 1570 2756 1636 tempore
2813 1565 3263 1621 innumerabilis
3332 1564 3645 1621 multitudo

1997 1650 2349 1717 inﬁdelium,
2398 1653 2785 1723 intelligentes
2834 1654 3104 1710 virtutem
3169 1654 3457 1720 divinam,
3509 1670 3645 1725 quae

218 1734 541 1807 deploreS-
573 1739 668 1795 Ille
695 1747 893 1797 autem
916 1743 1001 1797 vir
1021 1746 1294 1815 egregius
1325 1744 1490 1800 :Jam
1521 1745 1643 1811 tibi,
1670 1763 1707 1802 o
1740 1763 1887 1818 prze-
1918 1742 1962 1797 B
1994 1745 2117 1793 erat
2156 1738 2213 1794 in
2245 1746 2523 1813 martyre,
2556 1742 2680 1813 ejus
2720 1745 2904 1798 Deum
2939 1742 3252 1811 magniﬁce
3270 1741 3642 1797 extollebant.

222 1840 354 1891 ses,
388 1826 548 1898 prius
579 1844 776 1885 meam
804 1832 1009 1903 aperui
1036 1833 1419 1900 sententiam;
1450 1849 1554 1889 cur
1579 1835 1881 1892 deiisdem

218 1914 420 1970 rebus
453 1916 553 1972 tibi
566 1934 772 1974 rursus
789 1919 1027 1977 exhibes
1048 1922 1387 1992 negotium?
1406 1924 1553 1979 Cum
1567 1925 1878 1997 inceperis,

219 2000 423 2059 ﬁnem
453 2004 695 2077 impone
724 2027 738 2078 ;
774 2024 847 2065 ne
874 2008 1115 2065 differas
1146 2026 1217 2066 ea
1259 2028 1389 2083 qua:
1422 2012 1564 2067 mihi
1588 2029 1650 2069 es
1692 2014 1883 2070 mina-

221 2094 347 2145 tus.
386 2093 610 2149 Praeses
643 2102 843 2153 autem
877 2114 1013 2153 eum
1043 2098 1316 2171 protinus
1369 2087 1629 2156 immittit
1674 2102 1732 2157 in
1765 2102 1881 2158 for-

221 2193 471 2236 nacem.
517 2184 627 2238 Sed
658 2184 762 2256 qui
796 2185 1017 2256 pueris,
1044 2188 1147 2259 qui
1178 2193 1344 2244 erant
1379 2189 1439 2244 in
1472 2190 1727 2260 Assyria,
1772 2190 1884 2247 for-

220 2281 450 2323 nacem
473 2271 800 2343 aliquando
818 2291 948 2330 rore
969 2277 1222 2346 aspersit
1256 2281 1427 2342 Deus,
1456 2278 1503 2333 is
1521 2278 1618 2335 hic
1643 2295 1883 2352 quoque

225 2355 466 2422 aderat,
495 2358 770 2414 auferens
801 2363 955 2433 ignis
987 2364 1416 2434 operationem.
1437 2369 1650 2436 Martyr
1678 2373 1881 2423 autem

228 2445 594 2502 versabatur
620 2448 675 2503 in
721 2447 990 2517 ﬂamma,
1025 2458 1312 2524 tanquam
1345 2454 1403 2507 in
1445 2459 1618 2525 prato
1649 2454 1876 2511 ﬂorido.

226 2532 381 2588 Toto
413 2542 566 2591 certe
599 2542 879 2608 tempore,
912 2555 1035 2612 quo
1062 2540 1118 2595 in
1151 2541 1288 2610 igne
1328 2546 1420 2598 est
1462 2549 1746 2609 moratus,
1785 2560 1881 2599 ca-

225 2621 417 2678 nebat
439 2623 700 2695 hymnos
730 2626 805 2681 ad
848 2629 1052 2683 Deum.
1086 2635 1277 2702 Atque
1304 2633 1418 2685 tres
1457 2630 1706 2701 quidem
1747 2631 1877 2686 dies

222 2725 374 2767 eum
414 2714 602 2769 tenuit
631 2713 862 2770 fornax.
899 2717 1117 2771 Deinde
1143 2734 1281 2773 cum
1308 2719 1557 2774 ﬂamma
1586 2726 1876 2777 cessasset

219 2803 280 2852 et
302 2806 501 2856 essent
524 2801 585 2856 in
606 2801 864 2858 cinerem
897 2803 1165 2859 dissoluti
1196 2806 1698 2873 carbones,jubet
1728 2823 1876 2877 pra:-

218 2903 321 2942 ses
345 2887 681 2954 lictoribus,
715 2896 776 2943 ut
808 2890 1074 2956 efferant,
1101 2891 1152 2945 si
1181 2891 1328 2963 quid
1362 2892 1435 2945 sit
1463 2892 1762 2962 reliquum
1804 2910 1877 2949 ex

217 2974 469 3028 ossibus
504 2976 796 3047 martyris.
826 2977 907 3031 Illi
937 2987 1138 3032 autem
1170 2994 1308 3033 cum
1340 2978 1638 3035 venissent
1660 2981 1736 3035 ad
1763 2980 1873 3035 for-

1993 1829 2139 1892 Haec,
2172 1844 2305 1900 quae
2338 1830 2427 1883 vel
2458 1830 2620 1901 ipsos
2651 1837 2921 1901 poterant
2951 1830 3179 1885 mollire
3228 1829 3483 1900 lapides,
3515 1829 3645 1885 red-

1988 1915 2214 1972 debant
2252 1918 2569 1989 praesidem
2593 1918 2892 1975 duriorem
2928 1937 2939 1974 :
2994 1924 3049 1973 et
3067 1918 3301 1974 leonem
3350 1934 3554 1973 rursus
3583 1918 3643 1973 in

1986 2010 2180 2078 ipsum
2203 2006 2482 2063 immittit.
2502 2005 2593 2062 Ille
2606 2013 2827 2071 autem,
2845 2015 3138 2079 quantum
3151 2009 3252 2079 qui
3279 2014 3639 2079 prazceserat,

1986 2095 2257 2151 efferatus
2289 2095 2475 2151 fuerat
2502 2097 2559 2150 in
2590 2095 2839 2168 impium
2874 2097 3187 2160 theatrum,
3222 2101 3280 2151 et
3315 2096 3398 2151 eis
3427 2095 3642 2168 quavis

1989 2189 2176 2240 morte
2189 2183 2373 2239 vitam
2386 2183 3274 2251 eﬂ‘eceratacerbiorem,tantum
3288 2184 3381 2240 hic
3394 2186 3641 2240 accessit

1992 2273 2148 2328 mitis
2164 2277 2219 2328 et
2246 2279 2588 2328 mansuetus
2612 2279 2934 2344 martyrem
2959 2290 2972 2328 :
2998 2273 3149 2329 adeo
3184 2278 3237 2327 ut
3264 2272 3462 2327 multis
3485 2271 3639 2326 vide-

1988 2360 2922 2432 returimmissusesseapraaside
2936 2361 3013 2417 ad
3025 2377 3163 2417 eum
3176 2360 3636 2426 consolandum,

1988 2465 2109 2505 non
2135 2456 2334 2505 autem
2363 2450 2439 2505 ad
2467 2450 2861 2521 puniendum.

2058 2539 2194 2594 XVI.
2236 2539 2379 2593 Cum
2419 2537 2621 2609 itaque
2653 2554 2823 2608 spem
2845 2553 3080 2593 omnem
3113 2538 3420 2609 abjecisset
3449 2538 3641 2608 impu-

1984 2624 2133 2680 dens
2161 2625 2256 2680 ille
2289 2641 2525 2697 praeses,
2561 2626 3075 2697 rogatquemdam
3093 2626 3250 2681 exiis
3279 2626 3382 2696 qui
3402 2625 3453 2680 ei
3470 2640 3640 2694 pare-

1984 2713 2149 2782 bant,
2184 2712 2321 2769 utid
2354 2713 2618 2785 praeclari
2650 2713 2828 2784 hujus
2843 2714 3356 2785 martyrisviscera
3376 2713 3638 2769 ferreum

1983 2802 2189 2871 adigat
2238 2801 2569 2858 tridentem.
2624 2804 2689 2857 Et
2739 2802 2833 2857 ille
2890 2803 3132 2873 quidem
3155 2819 3293 2858 eum
3337 2801 3640 2858 ambabus

1985 2889 2251 2943 manibus
2266 2895 2492 2960 torquet
2506 2891 2566 2944 in
2581 2893 3125 2962 martyrem.Martyr
3137 2899 3336 2945 autem
3350 2890 3639 2960 sanguine

1984 2976 2298 3031 manantia
2321 2977 2424 3031 fert
2453 2978 2748 3048 intestina,
2784 2978 2936 3035 adeo
2953 2984 3012 3033 ut
3037 2978 3318 3049 quaedam
3338 2977 3547 3033 mulier
3567 2992 3640 3031 ex

220 3076 443 3132 nacen,
463 3062 622 3119 illius
643 3080 852 3120 vocem
876 3066 1252 3136 apertissime
1272 3066 1527 3121 audiunt
1542 3067 1726 3122 Deum
1753 3068 1876 3124 lau-
1916 3070 1954 3124 C
1986 3064 2056 3118 iis
2084 3080 2219 3134 quae
2242 3064 2548 3120 benevolus
2578 3067 3140 3137 erantmartyribus,
3168 3082 3352 3138 quam
3376 3065 3637 3137 primum

222 3147 494 3206 dantem.
542 3150 621 3207 llli
654 3169 793 3208 vero
820 3155 1087 3224 protinus
1116 3155 1352 3219 reversi,
1389 3155 1625 3211 Prmsidi
1656 3171 1877 3212 renun-

224 3238 375 3293 tiant
390 3255 514 3295 rem
527 3239 692 3297 illam
707 3241 1137 3299 admirabilem.
1156 3243 1253 3299 Ille
1268 3260 1407 3299 vero
1420 3247 1547 3299 :Per
1560 3260 1872 3313 magnum,

223 3325 436 3398 inquit,
472 3329 876 3401 Serapionem,
910 3336 965 3386 et
1010 3331 1157 3387 alios
1187 3348 1394 3387 omnes
1433 3332 1599 3399 deos,
1632 3333 1745 3390 hoc
1790 3340 1878 3390 est

227 3421 433 3486 aperte
448 3415 773 3474 incantatio
786 3424 841 3474 et
854 3420 1259 3490 praestigiaeEt
1277 3419 1463 3476 multa
1484 3420 1873 3493 alianugatus

228 3508 323 3559 est
350 3504 635 3560 adversus
658 3507 964 3563 veritatem
988 3525 1001 3562 :
1026 3508 1177 3563 adeo
1200 3514 1322 3564 erat
1343 3510 1603 3565 attonitae
1624 3516 1678 3565 et
1702 3510 1877 3582 plaue

227 3599 445 3649 emotae
463 3595 696 3649 mentis.
715 3595 985 3664 Populus
1004 3598 1872 3669 autem,quicunque,inquam,

224 3680 545 3752 paululum
596 3689 868 3755 poterant
893 3683 1104 3740 intueri
1136 3685 1213 3741 ad
1239 3686 1558 3752 veritatem,
1589 3703 1724 3742 cum
1768 3704 1877 3745 nec

222 3769 385 3841 ignis
404 3772 937 3844 vestigium,neque
959 3773 1138 3830 ullam
1166 3773 1473 3844 fuliginem
1503 3776 1877 3847 aspexissent

217 3858 376 3915 ferre
397 3860 881 3926 athletam,illius
930 3861 1115 3918 Deum
1168 3862 1518 3929 laudabant,
1563 3870 1619 3920 et
1669 3865 1722 3920 ei
1764 3866 1871 3922 soli

215 3948 604 4005 ascribebant
637 3950 1019 4007 miraculum.

285 4036 400 4093 XV.
446 4038 705 4094 Stolidus
722 4044 921 4095 autem
939 4055 1180 4111 praeses,
1196 4046 1515 4113 postquam
1539 4056 1611 4097 ex
1634 4041 1872 4099 fornace

214 4142 425 4182 rursus
457 4128 888 4201 astititmartyr
931 4145 1111 4184 sanus
1164 4136 1217 4183 et
1271 4130 1471 4185 salvus
1527 4134 1665 4186 ante
1724 4132 1875 4186 illius

218 4213 479 4270 tribunal
492 4231 647 4280 ,cum
677 4233 785 4271 nec
799 4217 850 4288 ej
862 4234 929 4272 us
944 4217 1188 4290 quidem
1204 4217 1390 4289 pilum
1404 4218 1555 4287 ignis
1570 4220 1873 4288 attigisset,

219 4303 431 4373 longas
450 4303 507 4359 in
521 4321 658 4360 eum
682 4304 1114 4376 effuditnugas,
1136 4321 1272 4359 eum
1292 4305 1645 4359 insimulans
1670 4304 1878 4373 magiae

1987 3166 2319 3218 accurrens,
2355 3157 2573 3208 cratere
2617 3160 2808 3222 guttas
2861 3155 3170 3225 sanguinis
3213 3154 3555 3225 susceperit,
3584 3158 3641 3209 et

1987 3239 2158 3295 laatus
2187 3239 2512 3311 ingreditur
2551 3255 2654 3310 per
2677 3242 2941 3297 medium
2974 3244 3271 3298 theatrum
3302 3260 3318 3312 ;
3351 3257 3637 3310 magnam

1986 3329 2146 3386 enim
2176 3346 2213 3384 a
2243 3326 2490 3383 vinculis
2521 3328 2895 3383 securitatem
2939 3328 3243 3399 praebebat
3269 3328 3324 3384 ei
3366 3328 3513 3392 ﬁnis,
3535 3329 3639 3399 qui

1986 3435 2127 3475 mox
2157 3417 2631 3491 exspectabatur,
2682 3421 2739 3473 et
2779 3418 3076 3487 egreditur
3113 3417 3282 3474 laetus
3312 3433 3343 3473 e
3383 3417 3636 3484 civitate,

1985 3523 2184 3577 onere,
2212 3507 2375 3579 quod
2407 3505 2697 3575 gestabat,
2730 3506 2843 3561 sibi
2892 3505 3131 3577 placens
3168 3506 3315 3560 dum
3342 3506 3638 3560 internam

1986 3601 2212 3651 natura;
2291 3594 2786 3665 compositionem
2854 3594 2913 3648 in
2960 3594 3236 3649 manibus
3285 3591 3638 3649 suavissime

1986 3682 2455 3746 circumferebat,
2476 3687 2538 3736 ut
2554 3682 2656 3753 qui
2671 3681 3144 3753 gauderet,quod
3165 3697 3235 3736 ea
3261 3680 3465 3736 oblata
3481 3686 3639 3736 esset

1984 3771 2180 3828 hostia
2208 3771 2260 3826 ei
2312 3770 2413 3842 qui
2466 3769 2845 3834 formaverat,
2875 3776 2930 3824 et
2958 3776 3122 3840 grato
3164 3769 3367 3824 animo
3407 3769 3636 3825 reddita

1983 3865 2141 3916 esset
2154 3858 2592 3932 eiquidederat.
2611 3860 2757 3913 Cum
2770 3873 2911 3930 ergo
2923 3857 3044 3913 duo
3059 3856 3252 3913 stadia
3264 3858 3635 3929 pervasisset,

1983 3954 2040 4005 et
2070 3949 2294 4006 Christo
2323 3946 2693 4016 agonothetaa
2725 3946 2919 4001 visum
2952 3951 3108 4001 esset
3135 3962 3274 4001 eum
3302 3947 3443 4001 satis
3470 3944 3637 4001 labo-

1983 4053 2168 4103 rasse,
2203 4034 2493 4092 recumbit
2520 4036 2579 4090 in
2610 4035 2876 4106 quadam
2913 4034 3218 4106 spelunca,
3252 4039 3307 4089 et
3328 4033 3539 4105 aspicit
3558 4034 3636 4089 ad

1985 4144 2105 4190 eas,
2139 4140 2272 4194 quae
2314 4123 2427 4177 illic
2468 4130 2621 4190 sunt,
2673 4137 2944 4178 coronas.
2992 4122 3121 4176 Vox
3142 4127 3342 4176 autem
3384 4122 3636 4192 desuper

1987 4212 2225 4274 exstitit,
2255 4224 2480 4263 vocans
2517 4209 2797 4264 athletam
2834 4210 2911 4264 ad
2959 4215 3180 4264 aeterna
3234 4208 3331 4263 illa
3372 4209 3637 4265 taberna-

1989 4299 2124 4356 cula
2161 4302 2217 4353 et
2253 4295 2516 4369 praemia,
2552 4296 2628 4350 ad
2655 4312 2792 4349 eum
2834 4299 2935 4367 qui
2964 4296 3080 4350 illic
3111 4302 3201 4351 est
3232 4295 3631 4366 splendorem,

226 4397 285 4447 et
308 4392 597 4462 veneﬁcii,
632 4398 688 4449 et
710 4393 839 4448 haec
866 4408 1083 4448 vocans
1122 4391 1517 4447 daemoniaca.
1554 4391 1649 4447 Ille
1679 4399 1878 4448 autem
1912 4403 1956 4457 1)
1989 4393 2046 4444 et
2082 4386 2343 4450 delicias,
2372 4384 2448 4439 ad
2481 4400 2632 4455 quas
2658 4384 2868 4438 transit
2899 4384 3188 4455 protinus,
3238 4383 3317 4439 ab
3375 4382 3489 4438 illis
3543 4400 3636 4439 ex-

229 4495 305 4535 ne
326 4496 618 4550 responso
654 4480 898 4553 quidem
925 4496 1063 4535 eum
1089 4485 1180 4534 est
1209 4479 1509 4547 dignatus.
1550 4482 1614 4534 Et
1663 4497 1882 4552 praeses

234 4567 475 4640 quidem
507 4585 645 4624 eum
666 4568 915 4623 deduxit
978 4568 1056 4623 ad
1109 4572 1422 4632 certamen,
1474 4566 1759 4634 futurum,
1823 4577 1884 4625 ut

232 4656 503 4729 putabat,
545 4672 779 4713 ccnnam
851 4656 1067 4712 bestiis.
1125 4655 1221 4712 Ille
1276 4661 1474 4712 autem
1522 4658 1883 4730 sequebatur

233 4744 566 4801 subridens.
604 4748 669 4801 Et
694 4745 751 4801 in
791 4752 1110 4817 martyrem
1145 4745 1388 4813 quidem
1428 4746 1742 4802 immissus
1771 4747 1880 4806 fuit

229 4834 473 4908 pardus,
507 4840 563 4892 et
594 4850 783 4891 saevus
823 4851 1016 4891 ursus.
1065 4835 1177 4893 Sed
1220 4852 1391 4891 ursus
1436 4836 1680 4908 quidem
1737 4852 1873 4893 eum

1991 4480 2199 4550 ceptus
2244 4473 2509 4529 secundo
2542 4471 2761 4527 mensis
2824 4472 3209 4543 Septembris.
3258 4474 3417 4538 Quas
3465 4471 3638 4528 detur

1991 4565 2271 4623 omnibus
2286 4561 2456 4617 nobis
2468 4560 2750 4632 consequi
2766 4562 2953 4630 gratia
2966 4561 3391 4631 etbenignitate
3404 4561 3636 4617 Domini

1992 4654 2175 4711 nostri
2189 4655 2355 4709 Jesus
2372 4649 2597 4711 Christi,
2618 4665 2755 4704 cum
2769 4664 2889 4720 quo
2908 4650 3055 4705 Patri
3075 4650 3250 4705 simul
3265 4666 3404 4704 cum
3426 4654 3634 4705 sancto

1992 4745 2209 4816 Spiritu
2238 4739 2458 4814 gloria,
2492 4738 2684 4793 honor
2718 4742 2773 4793 et
2798 4737 3076 4809 potentia,
3106 4754 3265 4793 nunc
3291 4744 3344 4793 et
3375 4753 3634 4811 semper,

1986 4842 2043 4893 et
2067 4837 2123 4889 in
2153 4828 2373 4888 saecula
2403 4826 2778 4883 smoulorum.
2809 4831 3015 4881 Amen.
