4144 6258
490 265 597 318 575

1839 247 2086 307 MENSIS
2126 243 2520 308 AUGUSTUS,

3846 232 4012 286 576

535 355 3976 401 ________________________________________

537 370 3974 416 μ

1749 503 2626 626 MARTYRIUM

578 789 1729 936 SANCTQRUM
1836 780 2413 930 PAULI
2531 782 2774 919 ET
2886 766 3864 920 JULIAN/E.

1381 1097 1499 1162 QUI
1538 1097 1720 1151 APUD
1763 1093 1998 1150 URBEM
2038 1090 2525 1147 PTOLEMAIDEM
2564 1088 2763 1145 PASSI
2815 1086 3014 1143 SUNT.

1004 1275 1209 1336 (Latine
1239 1273 1382 1337 apud
1411 1271 1626 1322 Surium
1654 1270 1726 1321 ad
1761 1271 1900 1320 diem
1933 1271 1990 1318 17
2021 1268 2263 1332 Augusti.
2301 1293 2362 1302 —
2396 1265 2573 1316 Graece
2604 1278 2716 1314 non
2753 1266 2927 1313 exstat
2955 1263 3010 1311 in
3047 1274 3174 1310 mss.
3214 1258 3380 1312 Paris)

570 1567 608 1618 Ι.
631 1563 2142 1638 Aurelianusimperatorpertotumorbemterrarum
2180 1557 2222 1610 A
2257 1555 2647 1625 Principatus,
2682 1569 2801 1608 non
2823 1553 3165 1616 Potestates,
3191 1566 3310 1607 non
3341 1549 3607 1638 Virtutes,
3635 1560 3768 1600 non
3800 1544 3965 1638 Che-

498 1661 703 1709 contra
717 1655 1075 1711 Christianos
1090 1655 1342 1710 edictum
1360 1654 1648 1725 proposuit
1660 1694 1671 1716 ,
1683 1658 1741 1706 ut
1755 1665 1961 1705 omnes
1974 1645 2146 1702 idolis

499 1743 931 1800 sacrificarent:
989 1745 1084 1814 qui
1139 1758 1274 1797 vero
1318 1742 1377 1796 id
1422 1741 1612 1796 facere
1645 1740 1995 1801 noluissent,
2029 1737 2149 1789 vita

499 1832 757 1902 pessime
781 1831 1164 1901 privarentur.
1193 1830 1288 1884 Ille
1307 1829 1485 1898 igitur
1506 1845 1640 1884 cum
1666 1829 1726 1882 in
1752 1825 2032 1881 Isauriam
2055 1839 2149 1878 ve-

500 1918 700 1982 nisset,
730 1919 788 1972 in
808 1918 1014 1972 urbem
1033 1917 1451 1972 Ptolemaidem
1480 1932 1540 1971 se
1563 1914 1826 1978 contulit,
1859 1920 1916 1967 ut
1938 1927 2149 1967 omnes

501 2006 859 2061 Christianos
886 2011 1121 2074 cogeret
1151 2005 1323 2060 idolis
1360 2020 1526 2059 sacra
1565 2003 1779 2058 facere.
1821 2003 1964 2056 Cum
2014 2015 2152 2054 vero

499 2093 876 2149 beatissimus
910 2095 1122 2149 Paulus
1141 2109 1257 2149 una
1275 2109 1410 2148 cum
1445 2107 1643 2147 sorore
1665 2107 1769 2146 sua
1792 2089 2027 2144 Juliana
2047 2088 2155 2141 im-

496 2188 830 2254 peratorem
861 2183 918 2237 in
946 2183 1155 2237 urbem
1206 2181 1634 2250 ingredientem
1663 2179 1921 2242 vidisset,
1949 2176 2154 2231 Christi

501 2273 670 2340 signo
720 2272 969 2326 frontem
999 2273 1237 2334 notavit,
1283 2277 1338 2325 et
1378 2271 1454 2325 ad
1510 2284 1776 2324 sororem
1808 2281 2156 2328 conversus,

504 2362 658 2428 Esto,
676 2359 887 2429 inquit,
907 2359 1063 2413 bono
1078 2358 1300 2423 animo,
1323 2373 1487 2412 soror
1502 2372 1653 2421 mea,
1678 2371 1873 2426 neque
1905 2354 2115 2410 timeas
2143 2370 2156 2418 ;

499 2447 635 2502 dico
685 2448 843 2501 enim
894 2446 998 2500 tibi
1053 2461 1333 2515 magnam
1387 2447 1720 2517 quamdam
1772 2444 2159 2499 tentationem

498 2533 841 2588 Christianis
870 2534 1199 2589 imminere.

574 2622 639 2677 ll.
663 2623 1198 2686 ViditAurelianus,
1215 2637 1353 2675 cum
1368 2621 1580 2676 Paulus
1597 2621 1988 2689 Christisigno
2008 2618 2164 2673 fron-

501 2714 621 2764 tem
647 2711 889 2773 notavit,
919 2715 973 2765 et
1016 2711 1171 2764 misit
1201 2711 1300 2781 qui
1343 2709 1507 2763 illum
1557 2710 1935 2778 corriperent.
1975 2708 2157 2775 Quem

502 2813 637 2852 cum
666 2798 724 2851 in
755 2798 949 2852 media
981 2799 1155 2853 turba
1184 2803 1338 2854 stare
1373 2797 1660 2867 jussisset,
1686 2798 2031 2864 Miserrime,
2071 2798 2161 2851 in-

2258 1643 2585 1709 rubini,aut
2605 1641 3049 1713 Seraphini,nisi
3077 1642 3242 1695 Pater
3255 1639 3417 1693 solus
3436 1656 3450 1707 ;
3472 1633 3960 1706 tu,inquam,af-

2259 1731 2410 1787 feras
2428 1749 2594 1802 opem
2611 1732 2746 1786 mihi
2767 1731 2966 1784 humili
2986 1735 3039 1785 et
3054 1730 3276 1800 alijecto
3291 1727 3572 1797 servojtuo
3593 1730 3740 1779 etex
3758 1723 3956 1777 mani-

2260 1821 2674 1876 Abusureliani
2690 1836 2781 1874 me
2796 1819 3188 1874 liberes.Deus
3204 1822 3401 1872 autem
3419 1815 3690 1886 protinus
3709 1813 3797 1867 ita
3813 1828 3954 1866 cru-

2261 1909 2591 1965 ciatusillos
2611 1909 2768 1964 leves
2783 1908 2989 1972 effecit,
3017 1913 3078 1962 ut
3097 1908 3301 1962 beatus
3323 1903 3535 1959 Paulus
3558 1901 3636 1956 nil
3659 1902 3945 1956 sentiret.

2335 1999 2423 2052 ιν.
2460 2001 2675 2054 Sancta
2703 2013 2841 2052 vero
2869 1997 3073 2053 Christi
3111 2010 3332 2066 sponsa
3362 1994 3614 2056 Juliana,
3641 2006 3787 2044 cum
3827 1989 3944 2044 fra-

2264 2094 2413 2142 trem
2437 2103 2610 2142 suum
2631 2087 2709 2141 ita
2723 2085 2970 2141 cruciari
2990 2085 3250 2147 vidisset,
3268 2081 3526 2138 cucurrit
3548 2079 3623 2134 ad
3645 2078 3932 2140 tribunal,

2267 2183 2477 2232 etvoce
2495 2191 2715 2243 magna
2738 2175 3002 2229 clamans
3035 2172 3396 2236 :Aureliane,
3427 2170 3926 2240 inquit,tyranne,

2269 2283 2374 2321 cur
2406 2270 2487 2320 ita
2507 2265 2822 2319 crudeliter
2853 2263 3097 2320 fratrem
3127 2277 3326 2316 meum
3368 2259 3752 2313 innocentem
3805 2272 3932 2309 cru-

2270 2357 2392 2410 cias
2413 2354 2602 2409 ?Tum
2629 2353 2979 2407 Aurelianus
3004 2368 3015 2405 :
3039 2350 3295 2419 Detegite
3325 2364 3459 2403 mox
3482 2347 3649 2401 istius
3666 2345 3937 2400 mulieris

2272 2451 2472 2515 caput,
2496 2449 2552 2497 et
2582 2442 2708 2512 ejus
2741 2457 2926 2510 genas
2969 2439 3347 2495 vehementer
3389 2437 3692 2509 percutite,
3739 2451 3814 2489 ne
3851 2435 3936 2489 sic

2274 2539 2482 2587 temere
2503 2531 2777 2601 loquatur
2809 2547 2822 2596 ;
2858 2531 3032 2584 istum
3086 2544 3226 2583 vero
3277 2527 3568 2582 nefarium
3616 2524 3933 2579 hominem

2274 2625 2610 2675 constanter
2633 2619 2910 2681 cruciate,
2941 2633 3010 2672 eo
3055 2617 3217 2688 quod
3258 2616 3488 2681 Christi,
3538 2629 3718 2685 quem
3767 2612 3931 2676 dicit,

2273 2709 2670 2780 patrocinium
2726 2713 2780 2761 et
2841 2707 3254 2776 adjumentum
3286 2721 3347 2759 se
3381 2704 3601 2758 habere
3641 2702 3740 2755 ait.
3787 2701 3931 2756 Risit

2270 2798 2597 2862 Juliana,et
2628 2793 3410 2866 :Miror,inquit,quomodo
3434 2794 3759 2862 imperator
3792 2807 3928 2845 cum

501 2886 646 2956 quit,
676 2887 878 2952 homo,
899 2885 1189 2957 quidnam
1215 2886 1316 2940 tibi
1337 2885 1709 2957 proposuisti,
1734 2891 1793 2939 ut
1827 2902 1920 2940 me
1951 2887 2156 2940 urbem
2195 2899 2239 2953 Β
2272 2886 2813 2956 sis,deliras,neque
2829 2884 3147 2956 potentiam
3164 2880 3930 2951 Christicognoscis,quem-

504 2974 871 3042 ingrediente
916 2975 1169 3030 frontem
1216 2976 1451 3043 signare
1476 2975 1726 3029 auderes
1755 2972 1784 3027 ?
1809 2977 1894 3027 An
1923 2974 2159 3043 ignoras

503 3061 762 3117 edictum
785 3068 990 3119 contra
1012 3064 1373 3118 Christianos
1396 3063 1767 3133 propositum
1784 3063 1813 3115 ‘?
1837 3063 2162 3133 Respondit

505 3151 719 3205 Paulus
754 3167 764 3204 :
800 3153 1011 3206 Audivi
1043 3152 1321 3223 equidem
1354 3150 1611 3205 edictum
1641 3157 1828 3215 tuum,
1860 3151 1964 3205 sed
1984 3167 2161 3207 nemo

505 3254 773 3311 unquam
803 3241 1017 3310 poterit
1043 3244 1277 3296 tantum
1309 3240 1582 3295 timorem
1623 3240 1798 3294 nobis
1820 3241 2079 3310 injicere,
2104 3246 2162 3294 ut

505 3329 796 3383 Christum
857 3345 1064 3384 verum
1121 3331 1303 3384 Deum
1351 3329 1721 3396 abnegemus
1753 3334 1960 3393 tuam;
2003 3329 2159 3382 enim

507 3421 796 3470 tormenta
821 3417 1020 3472 brevia
1055 3422 1210 3481 sunt,
1253 3432 1448 3486 neque
1491 3430 1592 3469 eos
1632 3415 1848 3470 laedere
1890 3419 2163 3486 possunt,

504 3505 607 3574 qui
633 3505 817 3559 Deum
844 3511 1133 3560 metuunt.
1190 3508 1259 3560 At
1314 3504 1412 3559 Dei
1449 3509 1763 3568 tormenta,
1812 3505 2168 3574 sempiterna

505 3591 604 3646 illa
622 3598 778 3646 sunt.
802 3594 1020 3648 Eodem
1036 3594 1215 3648 modo
1235 3593 1504 3664 voluptas
1519 3599 1572 3646 et
1588 3592 1988 3664 gloria,quam
2013 3594 2168 3647 Deus

505 3679 966 3734 Christianorum
994 3683 1192 3749 generi
1210 3681 1454 3749 largitur
1473 3685 1691 3735 asterna
1714 3685 1818 3735 est.
1837 3682 1976 3745 Quis
1996 3682 2172 3749 igitur

507 3760 620 3821 tam
635 3782 843 3821 amens
860 3774 947 3822 est
966 3773 1024 3821 ut
1045 3769 1325 3822 viventem
1343 3770 1519 3821 Deum
1534 3767 1982 3838 derelinquat,et
1997 3769 2174 3824 surda

505 3861 686 3926 atque
705 3873 759 3910 m
773 3863 869 3911 uta
886 3857 997 3911 ista
1016 3864 1210 3911 vestra
1226 3856 1385 3911 idola
1406 3858 1600 3913 colere
1617 3856 1904 3923 velit,cum
1923 3859 2050 3930 ipse
2067 3875 2175 3914 au-

507 3949 632 3998 ctor
645 3951 861 3999 nostra;
880 3945 1083 3999 salutis
1099 3945 1359 4000 Christus
1374 3947 1539 3999 Jesus
1552 3946 1794 4001 dixerit‘
1817 3947 2174 4018 :Quicunque

504 4032 798 4100 negaverit
831 4047 920 4088 me
951 4048 1147 4088 coram
1189 4033 1536 4096 hominibus,
1573 4033 1789 4105 negabo
1815 4040 1869 4090 et
1903 4049 2006 4104 ego
2043 4051 2171 4092 eum

506 4134 707 4174 coram
735 4122 967 4176 Patrem
988 4136 1072 4187 eo,
1102 4123 1205 4192 qui
1227 4124 1284 4178 in
1319 4124 1482 4179 caelis
1505 4129 1593 4178 est
1617 4123 1643 4177 Τ

2271 2975 2599 3031 admodum
2659 2974 2879 3029 scilicet
2921 2978 3216 3028 tormenta
3274 2971 3365 3025 his
3422 2969 3782 3034 hominibus,
3824 2970 3928 3040 qui

2271 3082 2405 3121 eum
2441 3067 2745 3131 invocant,
2779 3063 3021 3117 levioria
3061 3060 3255 3116 efﬁcit.
3300 3059 3647 3114 Aurelianus
3685 3059 3756 3113 ad
3785 3074 3927 3113 suos

2273 3171 2617 3217 conversus,
2651 3153 2799 3207 dixit
2827 3170 2839 3206 :
2877 3152 3214 3206 Muliercula
3235 3151 3344 3205 ista
3367 3166 3437 3204 ex
3464 3164 3596 3203 mea
3618 3149 3921 3203 clementia

2277 3244 2565 3312 majorem
2582 3242 2638 3294 in
2659 3241 2901 3295 modum
2919 3240 3070 3294 elata
3085 3245 3168 3293 est
3188 3256 3200 3305 ;
3221 3239 3416 3310 itaque
3431 3237 3594 3292 illam
3611 3242 3752 3291 torve
3769 3236 3914 3288 intu'

2276 3348 2380 3387 ens
2416 3348 2428 3384 :
2463 3329 2701 3392 Accede,
2733 3329 2942 3400 inquit,
2969 3335 3024 3383 et
3049 3328 3160 3382 diis
3183 3327 3449 3392 immola,
3473 3341 3591 3381 non
3623 3325 3765 3379 enim
3787 3339 3911 3378 ma-

2277 3435 2392 3473 nus
2427 3434 2591 3472 meas
2627 3422 2680 3472 te
2707 3434 3019 3472 evasuram
3070 3416 3366 3471 conﬁdere
3420 3415 3623 3469 debes.
3678 3414 3757 3468 Ad
3800 3413 3919 3467 haec

2279 3507 2509 3562 Juliana
2535 3523 2546 3560 2
2574 3506 2692 3574 Ego
2716 3522 2907 3578 neque
2937 3512 3036 3560 tua
3058 3511 3354 3560 tormenta
3376 3505 3714 3565 extimesco,
3737 3518 3919 3573 neque

2284 3596 2476 3651 minas
2509 3601 2639 3649 tuas
2681 3596 2756 3649 ad
2810 3611 2903 3649 me
2938 3595 3224 3664 pertinere
3277 3593 3572 3657 arbitror;
3633 3597 3716 3646 est
3769 3591 3916 3645 enim

2285 3689 2434 3740 Deus
2468 3685 2526 3738 in
2559 3684 2742 3747 caelis,
2786 3685 2886 3755 qui
2915 3685 3127 3754 poterit
3157 3683 3378 3752 eripere
3432 3697 3542 3735 nos
3575 3681 3649 3734 de
3708 3679 3914 3750 iniquis

2285 3773 2561 3828 manibus
2594 3773 2728 3826 tuis.
2764 3772 3144 3843 Quaecunque
3185 3772 3362 3838 igitur
3399 3769 3587 3825 habes
3620 3768 3914 3840 torquendi

2283 3863 2699 3922 instrumenta,
2732 3863 2875 3915 mihi
2899 3860 3248 3923 admoveas,
3286 3865 3347 3914 ut
3395 3875 3465 3913 ex
3497 3858 3588 3914 his
3641 3858 3778 3928 ipsis
3825 3856 3913 3910 Dei

2283 3958 2335 4006 et
2368 3950 2690 4006 Salvatoris
2731 3952 2867 4004 Jesu
2901 3950 3111 4005 Christi
3163 3965 3338 4019 opem
3389 3949 3532 4003 mihi
3586 3953 3910 4019 praesentem

2282 4056 2408 4095 esse
2450 4055 2795 4108 cognoscas.

2354 4129 2417 4184 V.
2453 4131 2584 4183 Haec
2625 4127 2771 4181 dixit
2820 4127 3071 4192 Juliana,
3133 4127 3233 4180 Cui
3282 4125 3670 4181 Aurelianus:
3727 4124 3903 4188 Video,

579 4208 663 4261 Ill.
691 4209 913 4273 Cernis,
943 4211 1152 4281 inquit,
1176 4211 1549 4278 Aurelianus,
1577 4212 1840 4284 quandiu
1865 4217 1917 4267 te
1941 4228 2169 4282 nugan-
2206 4242 2245 4298 ρ
2281 4218 2492 4289 inquit,
2528 4215 3030 4287 pulchritudinem
3061 4221 3222 4270 tuam
3271 4214 3444 4269 talem
3487 4231 3639 4277 esse,
3689 4219 3744 4268 ut
3772 4213 3904 4267 illius

507 4300 622 4350 tem
652 4312 865 4367 passus
903 4314 1038 4352 sum
1067 4315 1136 4352 ac
1187 4298 1486 4355 sustinui?
1515 4301 1741 4356 Accede
1775 4303 1924 4371 jam,
1960 4309 2016 4355 et
2056 4302 2169 4357 diis

509 4385 797 4448 sacriﬁca,
829 4402 898 4440 ne
933 4387 1191 4456 pessimo
1217 4389 1420 4442 mortis
1442 4404 1656 4456 genere
1680 4391 2071 4444 consumaris.
2097 4394 2169 4447 At

509 4472 718 4527 Paulus
753 4488 763 4525 :
803 4475 920 4539 Ego
945 4474 1168 4527 nullum
1185 4474 1367 4528 alium
1393 4479 1574 4528 Deum
1607 4479 1882 4544 cognovi,
1908 4479 2021 4532 nisi
2057 4482 2169 4534 Do-

508 4560 977 4614 minum.Jesum
1021 4561 1336 4630 Christum,
1366 4577 1548 4632 quem
1579 4564 1732 4618 colui
1763 4581 1997 4636 semper
2026 4567 2163 4621 inde

510 4663 690 4718 usque
710 4664 744 4702 a
767 4649 1037 4719 patribus
1059 4648 1204 4703 meis
1225 4665 1375 4720 puro
1393 4651 1569 4704 corde
1587 4658 1764 4722 atque
1785 4654 2006 4709 animo.
2023 4658 2165 4710 Tum

508 4736 860 4791 Aurelianus
905 4737 1056 4791 dixit
1095 4758 1105 4789 :
1149 4737 1499 4808 Suspendite
1526 4739 1830 4796 hominem
1875 4743 2077 4808 istum,
2111 4749 2170 4799 et

511 4825 717 4880 acriter
750 4831 1035 4895 torquete,
1066 4825 1257 4880 donec
1299 4828 1519 4881 venerit
1551 4827 1836 4884 Dominus
1867 4831 2074 4902 ipsius,
2112 4836 2166 4887 et

514 4927 648 4966 eum
683 4913 908 4968 liberet.
966 4915 1416 4985 Suspenderunt
1441 4915 1618 4984 igitur
1649 4917 1811 4972 illum
1836 4920 2162 4990 carnifices,

524 5005 577 5053 et
593 5001 948 5056 cruciatibus
968 5001 1227 5072 afﬂigere
1245 5009 1569 5073 coeperunt.
1590 5008 1855 5078 Cumque
1874 5007 2164 5077 afﬂigere—

513 5091 622 5152 tur,
645 5104 784 5143 voce
811 5105 1031 5158 magna
1057 5095 1236 5146 Deum
1256 5092 1558 5156 invocans,
1593 5093 1828 5150 dicebat
1859 5116 1870 5154 :
1896 5099 2161 5163 Domine,

511 5176 646 5229 Jesu
664 5177 902 5242 Christe,
935 5195 1068 5233 vera
1090 5181 1184 5234 Dei
1219 5182 1334 5234 veri
1359 5186 1412 5235 et
1438 5180 1619 5237 Patris
1638 5184 1969 5253 progenies,
1994 5187 2165 5256 cujus

514 5269 708 5318 ortum
726 5279 899 5320 nemo
918 5270 1414 5338 comprehendere
1433 5276 1770 5340 potest,non
1791 5274 2017 5341 Angeli,
2043 5291 2160 5330 non

516 5351 883 5420 Arcliangeli,
932 5369 1050 5408 non
1099 5357 1336 5421 Throni,
1389 5374 1509 5413 non
1541 5360 2004 5425 Dominationes,
2043 5379 2159 5417 non

652 5541 846 5595 Matth.
894 5556 948 5603 κ,
993 5546 1078 5596 23.
1194 5547 1214 5579 ³
1254 5548 1273 5600 l
1317 5546 1550 5614 Tim.n,
1591 5553 1641 5604 4.

2281 4308 2568 4361 rationem
2602 4305 2831 4359 habens
2860 4309 2911 4358 te
2942 4303 3188 4373 perdere
3212 4302 3412 4356 nolim.
3443 4304 3515 4356 Te
3538 4302 3905 4371 igituradhor-

2283 4401 2368 4449 tor
2403 4402 2461 4448 ut
2487 4395 2784 4448 sacriﬁces
2840 4409 2960 4464 quo
2988 4392 3310 4460 legitimam
3361 4389 3505 4445 mihi
3555 4406 3790 4445 uxorem
3837 4396 3904 4443 te-

2279 4484 2532 4551 deligere
2560 4483 2806 4552 possim,
2826 4489 2879 4536 et
2897 4496 3130 4534 mecum
3152 4496 3272 4534 una
3286 4495 3521 4546 regnes,
3537 4479 3774 4548 imperio
3790 4494 3902 4533 meo

2279 4572 2712 4642 omnitempore
2733 4571 2951 4624 fruens.
2980 4571 3128 4634 Quin
3154 4571 3329 4623 etiam
3357 4567 3632 4622 fratrituo
3653 4568 3901 4636 injuriam

2279 4659 2704 4729 compensabo,
2735 4663 2790 4712 et
2820 4658 3057 4721 faciam,
3085 4662 3147 4711 ut
3169 4657 3606 4727 amplissimum
3632 4657 3900 4725 dignitatis

2277 4748 2529 4817 gradum
2546 4747 2706 4817 apud
2723 4763 2815 4801 me
2832 4745 3067 4800 habeat.
3086 4746 3309 4800 Erexit]
3323 4745 3543 4811 uliana,
3568 4745 3760 4800 oculos
3779 4760 3897 4799 suos

2276 4836 2335 4889 in
2375 4835 2610 4899 coelum,
2663 4840 2717 4888 et
2760 4834 2951 4889 crucis
2983 4834 3152 4904 signo
3192 4850 3329 4888 eum
3372 4834 3622 4889 frontem
3654 4838 3888 4896 notasset,

2277 4923 2416 4978 risit.
2442 4925 2542 4979 Cui
2567 4923 2936 4988 Aurelianus,
2968 4925 3099 4987 Cur,
3134 4923 3344 4992 inquit,
3397 4921 3649 4985 Juliana,
3681 4919 3888 4974 multam

2275 5012 2702 5080 benignitatem
2735 5028 2930 5067 meam
2963 5018 3368 5076 contemnens,
3407 5011 3580 5064 risisti
3626 5010 3651 5063 ?
3679 5009 3892 5074 Non,in-

2276 5101 2402 5171 quit
2427 5101 2548 5165 illa,
2581 5103 2909 5172 contempsi
2931 5100 3352 5168 benignitatem
3377 5107 3571 5166 tuam;
3610 5098 3707 5153 sed
3735 5098 3889 5162 rideo,

2276 5189 2736 5260 gaudens,quod
2754 5191 3013 5259 Sponsus
3028 5204 3195 5242 meus
3210 5187 3584 5257 coelestis,qui
3601 5187 3894 5242 vultomnes

2274 5277 2538 5332 homines
2553 5277 2746 5331 salvos
2764 5277 2888 5331 fieri
2917 5282 2956 5341 ³,
2977 5276 3143 5331 sedet
3161 5277 3220 5330 in
3236 5276 3384 5330 solio
3406 5280 3613 5332 sancto
3632 5290 3748 5340 suo,
3767 5275 3894 5344 ejus-

2275 5381 2391 5436 que
2446 5365 2771 5420 divinitatis
2824 5363 3331 5436 pulchritudinem
3376 5362 3891 5434 contemplor;qui
