4144 6258
246 258 357 314 577
1319 255 1746 314 MARTYRIUM
1777 255 1880 314 SS.
1923 257 2134 315 PAULI
2176 258 2262 313 ET
2301 257 2638 317 JULlAN/E.
3565 260 3670 315 578

249 384 431 439 etiam
460 396 556 437 me
588 380 857 437 hortatur
882 383 945 435 ut
972 380 1302 438 certamina
1325 381 1458 453 ipsa
1484 381 1734 438 libenter
1772 397 1901 437 sus-
1935 381 1981 435 A
2018 381 2133 436 haec
2148 381 2364 437 Paulus
2378 379 2920 453 responditzMinime
2935 395 3037 437 nos
3050 395 3365 451 possumus
3380 380 3668 438 viventem

250 472 499 537 tineam,
524 474 577 526 te
609 484 751 525 vero
779 484 1075 539 nugacem
1096 474 1152 525 et
1176 469 1402 525 futilem
1429 471 1735 527 hominem
1765 485 1901 526 con-
2015 469 2335 526 Dominum
2367 473 2549 526 Deum
2581 470 2937 542 relinquere,
2992 468 3126 524 coeli
3166 474 3223 524 et
3252 474 3419 526 terras
3447 475 3670 527 creato-

250 567 543 626 temnam,
559 558 787 631 quippe
808 557 1063 629 quicum
1093 565 1146 613 te
1174 560 1596 630 imperatorem
1619 559 1905 632 appellari
2013 573 2160 622 rem,
2180 557 2285 630 qui
2301 574 2454 614 nose
2469 558 2726 614 tenebris
2744 557 3092 629 eripuit,eta
3110 556 3391 614 manibus
3409 558 3525 614 tuis
3541 574 3671 614 eos-

250 649 519 714 facias,et
544 648 707 721 ligna
728 653 785 703 et
803 647 1033 718 lapides
1045 647 1553 704 adoras.Audiens
1574 649 1702 705 haec
1728 650 1902 704 Aure-
2015 645 2450 702 demliberavit.
2472 645 2991 717 Nunquamigitur,
3009 645 3669 718 Aurelianeimperator,

250 737 476 803 lianus,
510 737 611 793 bili
643 736 937 809 percitus:
965 737 1335 809 Suspendite,
1359 739 1570 810 inquit,
1600 737 1906 793 mulierem
2016 734 2188 791 nobis
2227 733 2585 807 persuadere
2619 734 2859 805 poteris,
2894 741 2955 789 ut
3007 733 3313 805 lapidibus
3380 738 3438 790 et
3467 734 3673 791 statuis

254 827 453 895 istam,
476 841 734 899 eamque
766 831 1106 881 constanter
1133 825 1410 892 cruciate,
1445 832 1509 883 ut
1535 826 1823 896 intelligat
1844 840 1906 880 se

254 922 394 974 ante
413 915 790 988 imperatoris
819 914 1077 970 tribunal
1101 930 1211 971 con
1221 916 1760 986 sistere.Cceperant
1776 914 1903 986 jam

257 1003 571 1061 carniﬁces
603 1002 765 1058 illam
816 1002 1102 1070 cruciare,
1143 1018 1281 1058 cum
1313 1004 1529 1059 Paulus
1558 1004 1689 1075 ejus
1732 1003 1908 1058 frater

258 1108 392 1149 eam
415 1093 669 1154 intuens,
691 1093 771 1146 Ne
797 1090 1031 1156 timeas,
1060 1092 1272 1162 inquit,
1303 1108 1490 1161 soror,
1520 1092 1758 1164 tyranni
1782 1106 1909 1146 cru.

256 1180 688 1250 ciatus,neque
719 1178 909 1250 ipsius
943 1179 1136 1235 minas
1162 1179 1465 1235 formidas.
1502 1180 1911 1236 Sustineamus

257 1269 589 1343 paulisper,
614 1273 681 1323 ut
710 1273 1003 1340 perpetuo
1024 1269 1393 1340 requiescere
1419 1270 1739 1341 possimus.
1763 1266 1914 1321 Inﬂi-

259 1357 377 1428 gite
404 1357 561 1421 huic,
594 1354 785 1426 inquit
813 1355 1184 1422 Aurelianus,
1218 1358 1514 1413 cruciatus
1545 1356 1820 1413 assiduos
1839 1354 1915 1409 ei-

256 1462 376 1518 que
402 1444 713 1511 inculcate,
773 1460 847 1499 ne
876 1445 1132 1515 surpeba
1166 1451 1222 1500 et
1260 1446 1438 1502 stulta
1456 1445 1639 1501 verba
1669 1444 1913 1500 effutiat.

2017 824 2239 889 vestris,
2274 839 2418 878 voce
2443 823 2653 879 auditu
2682 828 2739 878 et
2795 823 3001 879 anima
3048 822 3412 888 carentibus,
3445 821 3673 878 cultum

2016 912 2411 985 praebeamus.
2436 911 2641 982 itaque
2662 910 2736 966 de
2751 915 2961 965 caetero
2984 915 3278 965 tormenta
3298 926 3674 983 quaecunque

2015 1001 2125 1064 vis,
2151 999 2326 1055 nobis
2357 1000 2714 1063 admoveas,
2761 998 2942 1054 utDei
2961 998 3146 1052 nostri
3179 998 3298 1053 vim
3319 1014 3671 1068 cognoscas.

2090 1088 2221 1143 Vill.
2252 1088 2431 1143 Jussit
2489 1088 2845 1143 Aurelianus
2874 1089 3027 1141 duas
3074 1086 3294 1142 ferreas
3328 1088 3499 1143 sedes
3533 1086 3671 1143 illuc

2022 1176 2236 1237 afferri.
2259 1184 2315 1230 et
2331 1191 2363 1230 e
2389 1175 2614 1230 balneis
2632 1174 2884 1245 publicis
2908 1174 3198 1229 carbones
3223 1176 3484 1244 congeri,
3507 1181 3564 1231 et
3585 1191 3676 1231 se-

2024 1265 2127 1321 des
2157 1265 2286 1319 illas
2305 1264 2683 1318 vehementer
2708 1262 3022 1327 succendi;
3047 1279 3223 1318 suum
3242 1278 3379 1319 vero
3405 1264 3679 1319 abdomi-

2025 1370 2098 1409 ne
2136 1352 2311 1408 illitos
2338 1358 2629 1421 martyres
2673 1351 2839 1422 ipsos
2883 1365 3069 1420 supra
3123 1352 3446 1407 candentes
3508 1352 3678 1407 sedes

2026 1441 2273 1512 imponi.
2308 1439 2479 1507 Quod
2504 1455 2640 1494 cum
2674 1454 2812 1494 mox
2835 1437 3053 1493 factum
3083 1443 3268 1497 esset:
3301 1438 3456 1503 Jam,
3490 1438 3682 1511 inquit

258 1534 523 1590 Audiens
554 1533 676 1589 hinc
694 1532 951 1599 Iuliana,
976 1533 1193 1589 iterum
1208 1534 1351 1599 risit,
1384 1533 1572 1590 etait:
1609 1533 1916 1589 Aureliane
2025 1528 2399 1594 Aurelianus,
2427 1527 2651 1583 artibus
2681 1525 2891 1582 vestris
2915 1525 3199 1582 omnibus
3232 1527 3551 1598 superatis,
3579 1543 3683 1599 po-

260 1630 518 1695 tyranne
545 1628 727 1694 atque
747 1621 972 1694 inique,
1000 1623 1285 1677 Dominus
1311 1624 1449 1678 Jesu
1471 1623 1732 1678 Christus
1752 1622 1913 1687 facit,
2028 1617 2187 1673 testis
2219 1616 2467 1679 discere,
2495 1615 2773 1686 quisnam
2826 1612 2902 1669 sit
2940 1613 3292 1670 Aurelianus
3334 1615 3679 1686 imperator.

264 1718 330 1768 ut
359 1728 552 1785 neque
573 1710 832 1777 labores,
866 1728 1056 1783 neque
1110 1718 1405 1768 tormenta
1452 1713 1579 1768 haec
1638 1710 1911 1767 sentiam.
1949 1726 1995 1782 Β
2028 1704 2234 1760 Veniat
2263 1719 2421 1758 nunc
2457 1703 2719 1759 Christus
2744 1707 2954 1766 vester,
2988 1702 3034 1755 si
3064 1706 3277 1773 potest,
3310 1706 3366 1757 et
3394 1702 3569 1758 vobis
3601 1701 3683 1757 la-

263 1804 425 1857 Tunc
463 1799 840 1869 Aurelianus,
873 1801 1175 1866 Quamvis,
1225 1801 1437 1874 inquit,
1472 1800 1691 1857 multas
1722 1815 1913 1872 nugas

266 1888 558 1953 eﬁundas,
580 1892 639 1944 et
658 1888 900 1944 simules
918 1895 970 1944 te
983 1890 1280 1945 cruciatus
1301 1905 1419 1945 non
1454 1890 1686 1954 sentire,
1701 1888 1916 1944 faciam

269 1983 489 2042 tamen,
550 1985 615 2033 ut
670 1977 893 2032 diutius
950 1978 1244 2044 cruciaris,
1312 1984 1367 2035 et
1421 1978 1728 2034 doloribus
1784 1993 1919 2033 suc-

272 2067 539 2121 cumbas.
575 2068 699 2121 Non
744 2066 913 2132 sinet,
946 2067 1139 2139 inquit
1184 2067 1303 2133 illa,
1354 2067 1615 2124 Christus
1647 2068 1793 2140 ipse,
1824 2082 1918 2121 me

271 2170 543 2225 unquam
574 2170 610 2208 a
658 2159 711 2209 te
764 2154 1051 2225 superari.
1105 2155 1204 2210 Ille
1261 2160 1367 2221 est,
1412 2157 1517 2228 qui
1565 2155 1712 2211 mihi
1741 2170 1918 2227 opem

268 2241 440 2298 affert
466 2246 520 2297 et
548 2248 793 2306 nunc,et
822 2258 1057 2314 semper
1077 2244 1152 2298 ad
1170 2244 1351 2299 ﬁnem
1379 2261 1571 2316 usque
1602 2243 1919 2315 opitulabi-

270 2334 382 2394 tur,
417 2344 538 2401 quo
568 2329 754 2400 ipsius
779 2330 1131 2400 potentiam,
1164 2337 1221 2386 et
1248 2337 1513 2387 nostram
1545 2332 1923 2387 Chrisitiano—

269 2433 405 2473 rum
432 2416 775 2489 patientiam
830 2432 1189 2487 cognoscere
1245 2419 1457 2490 possis.
1509 2421 1583 2474 Te
1630 2434 1767 2473 vero
1794 2418 1922 2489 ipse

277 2509 427 2562 Deus
459 2520 628 2561 meus
645 2510 866 2561 aeterno
896 2505 1020 2575 igni
1048 2507 1252 2578 puniet
1311 2529 1323 2573 ;
1383 2507 1577 2578 exiget
1624 2506 1838 2562 enima
1867 2512 1922 2561 te

275 2594 510 2651 animas
538 2610 692 2666 quas
718 2594 1047 2666 perdidisti.

346 2683 436 2738 VI.
465 2682 564 2737 His
595 2682 791 2739 verbis
815 2682 1007 2752 magis
1032 2683 1641 2750 exarsitAurelianus,
1670 2689 1727 2741 et
1752 2683 1924 2755 jussit

278 2772 531 2828 lebetem
551 2770 766 2835 afferri,
795 2786 865 2825 ac
915 2772 1105 2842 picem
1163 2772 1222 2825 in
1272 2787 1409 2826 eum
1461 2772 1693 2841 conjici,
1745 2779 1926 2843 atque

280 2861 482 2931 ignem
514 2858 768 2913 multum
795 2858 947 2913 infra
976 2858 1236 2915 lebetem
1268 2859 1534 2927 accendi,
1554 2860 1637 2914 ita
1664 2863 1728 2913 ut
1753 2874 1927 2913 nemo

285 2947 532 3018 prOpius
558 2944 1271 3016 accederepossetJussit
1291 2951 1487 3001 autem
1518 2945 1579 3000 in
1610 2945 1776 3001 illum
1792 2962 1932 3001 con-

2026 1792 2375 1849 borantibus
2399 1807 2577 1862 opem
2604 1789 2828 1845 atterat.
2852 1789 3181 1861 Respondit
3203 1789 3397 1845 statim
3420 1789 3682 1846 Aurelia-

2027 1897 2106 1937 no
2124 1881 2382 1937 Juliana:
2402 1879 2721 1934 Nobiscum
2736 1877 2919 1934 hocin
2936 1877 3063 1934 loco
3081 1877 3361 1943 Christus,
3387 1883 3494 1943 est,
3514 1878 3685 1934 nobis

2025 1986 2200 2041 opem
2219 1968 2409 2031 aﬁ‘ert,
2437 1983 2629 2040 neque
2659 1966 2797 2021 sinit
2829 1966 2908 2023 ab
2936 1966 3073 2038 igne
3092 1982 3202 2021 nos
3227 1968 3406 2038 tangi.
3432 1969 3515 2022 Tu
3541 1982 3683 2022 vero

2026 2058 2191 2114 illum
2223 2073 2345 2113 non
2374 2056 2554 2121 vides,
2614 2072 2752 2111 cum
2806 2055 2936 2124 ejus
2987 2054 3219 2110 visione
3275 2055 3557 2125 indignus
3580 2056 3682 2111 sis.

2028 2149 2235 2203 Moneo
2276 2153 2329 2201 te
2367 2144 2696 2208 Aureliano,
2741 2149 2804 2199 ut
2853 2144 3154 2199 insaniam
3203 2143 3380 2200 istam
3421 2144 3681 2208 omittas,

2032 2242 2089 2292 et
2114 2235 2190 2291 ad
2209 2235 2506 2291 Christum
2534 2234 2806 2301 accedas,
2828 2248 2969 2288 nam
2998 2232 3046 2287 si
3068 2232 3117 2287 ei
3141 2232 3379 2288 credere
3401 2231 3683 2297 volueris,

2033 2330 2087 2381 tc
2127 2324 2571 2395 resipiscentem
2608 2321 2998 2392 amplectetur
3027 2337 3161 2376 cum
3195 2320 3492 2391 benignus
3520 2321 3593 2377 sit
3618 2335 3689 2375 ac

2035 2412 2389 2475 misericors,
2416 2416 2471 2466 et
2494 2411 2760 2465 humana
2801 2414 3045 2480 peccata
3092 2408 3410 2464 condonet.
3464 2407 3685 2472 Quodsi

2033 2515 2155 2555 non
2187 2498 2523 2562 credideris,
2556 2503 2778 2553 interno
2800 2496 2942 2565 igno
2973 2496 3257 2567 punieris.

2107 2589 2191 2641 IX.
2226 2586 2404 2655 Magis
2432 2585 2620 2640 iratus
2661 2591 2750 2639 est
2775 2583 3150 2653 Aurelianus,
3202 2584 3459 2655 etjussit
3496 2582 3690 2640 carni-

2032 2674 2176 2731 ﬁces
2204 2674 2395 2746 capite
2420 2671 2701 2739 truncari,
2732 2672 2909 2745 quasi
2952 2673 3237 2745 pecunias
3285 2688 3319 2729 a
3348 2671 3693 2729 Christianis

2037 2763 2424 2834 accepissent,
2442 2766 2504 2817 ut
2527 2761 2641 2817 illis
2665 2768 2992 2832 parcerent.
3011 2763 3155 2817 Cum
3182 2777 3319 2817 vero
3335 2761 3414 2817 ad
3437 2767 3689 2817 mortem

2039 2858 2471 2913 deducerentur
2499 2856 2831 2926 carniﬁces,
2865 2857 3216 2913 hortabatur
3237 2873 3334 2912 eos
3361 2857 3577 2913 Paulus
3603 2856 3695 2913 his

2042 2945 2237 3000 verbis
2264 2964 2276 3002 :
2312 2944 2495 2999 Nolite
2520 2944 2749 3009 timere,
2772 2960 2965 3017 neque
2996 2945 3153 2999 enim
3178 2944 3236 2999 in
3260 2950 3550 3000 ueternum
3571 2960 3696 2999 mo-

282 3034 386 3106 jici
416 3033 732 3089 Paulumet
751 3032 1065 3089 Julianam.
1092 3032 1361 3100 Quicum
1379 3032 1633 3089 fuissent
1657 3034 1929 3105 conjecti,
1969 3050 2010 3107 ρ
2043 3031 2297 3095 riemini,
2336 3031 2441 3085 sed
2477 3036 2821 3088 sanctorum
2850 3032 3165 3103 participes
3209 3031 3392 3088 futuri
3441 3033 3595 3095 estis,
3631 3034 3690 3086 et

289 3122 496 3179 oculos
525 3122 585 3176 in
608 3121 823 3176 emtum
837 3121 1225 3190 erigentes,ac
1246 3126 1537 3194 tanquam
1560 3138 1682 3178 uno
1695 3122 1933 3178 eodem-

288 3226 407 3284 que
455 3226 556 3266 ore
590 3214 918 3280 precantes,
949 3210 1077 3265 haec
1113 3210 1433 3266 dicebant:
1474 3212 1722 3267 Domine
1781 3212 1935 3266 Deus

287 3305 525 3373 patrum
552 3302 914 3366 nostrorum,
956 3298 1279 3363 Abraham,
1314 3299 1473 3355 Isaac
1528 3306 1583 3355 et
1605 3300 1808 3366 Jacob,
1832 3300 1934 3372 qui

288 3385 642 3445 descendisti
674 3386 735 3440 in
763 3384 1066 3441 fornacem
1109 3385 1264 3457 ignis
1309 3387 1386 3443 ad
1418 3387 1682 3454 Sidrach,
1718 3387 1935 3443 Misach

290 3481 347 3533 et
377 3475 704 3545 Abdenago
751 3475 812 3530 in
879 3474 1195 3547 Babylonis
1247 3476 1509 3546 regione,
1552 3492 1744 3548 neque
1804 3476 1937 3533 illos

290 3564 429 3635 igne
458 3562 593 3619 lmdi
616 3562 968 3635 permisisti:
1000 3569 1082 3627 tu,
1119 3564 1365 3620 Domine
1394 3567 1529 3620 Jesu
1562 3565 1804 3631 Christe,
1835 3565 1936 3620 lux

291 3654 392 3710 illa
424 3653 742 3721 immensa,
776 3652 960 3709 Patris
992 3654 1338 3726 mysterium
1388 3658 1446 3709 et
1475 3654 1684 3724 gloria,
1717 3654 1939 3726 Deique

292 3732 563 3791 altissimi
590 3733 848 3799 dextera,
882 3733 986 3805 qui
1007 3733 1192 3789 homo
1220 3734 1409 3790 factus
1441 3740 1681 3807 propter
1701 3740 1941 3806 peccata

294 3828 498 3879 nostra
526 3821 673 3877 inter
703 3821 978 3878 homines
1004 3827 1268 3878 versatus
1301 3838 1385 3889 es,
1426 3824 1505 3879 da
1545 3824 1792 3879 salutem
1820 3823 1940 3878 ani-

295 3912 696 3983 mabus,quas
716 3910 992 3966 inimicus
1017 3910 1292 3967 diabolus
1305 3910 1633 3968 miserrime
1658 3912 1941 3984 deceptas

296 4005 353 4058 et
363 4005 691 4071 corruptas,
710 4015 899 4071 usque
925 4000 1001 4055 ad
1015 3999 1287 4055 inﬁmam
1301 4006 1570 4057 tartareae
1588 4000 1747 4056 sedis
1770 4015 1941 4055 vora-

298 4090 497 4161 ginem
547 4088 861 4145 detrudere
901 4095 1185 4144 conatur:
1218 4090 1731 4162 quemadmodum
1761 4095 1941 4144 Aure-

297 4178 499 4234 lianus
545 4179 673 4243 iste,
720 4177 910 4249 ipsius
960 4178 1183 4233 diaboli
1214 4178 1563 4249 discipulus,
1592 4193 1750 4232 nunc
1779 4176 1939 4231 facit.

301 4270 431 4322 Haec
457 4283 597 4322 cum
627 4266 706 4321 illi
737 4271 1049 4337 precantes
1080 4266 1389 4331 dixissent,
1423 4266 1522 4335 pix
1553 4264 1943 4319 effervescens

302 4356 361 4411 in
384 4355 643 4426 gelidam
666 4370 886 4425 aquam
902 4369 1192 4408 conversa
1204 4358 1311 4417 est,
1338 4353 1417 4407 ita
1432 4358 1492 4406 ut
1506 4353 1609 4423 qui
1632 4357 1949 4423 praesentes

302 4449 490 4509 erant,
518 4442 615 4498 Dei
645 4442 974 4513 potentiam
1003 4440 1461 4495 admirarentur.

376 4531 493 4585 Vll.
510 4529 902 4585 Nihilominus
914 4532 1114 4584 tamen
1126 4528 1743 4601 Aurelianus,proprio
1754 4528 1951 4585 furore

307 4634 651 4690 oppressus,
687 4620 801 4673 Deo
832 4617 1084 4688 gloriam
1108 4633 1227 4673 non
1252 4618 1558 4684 reddebat,
1578 4618 1683 4673 sed
1706 4617 1951 4688 magicis

308 4706 537 4764 artibus
569 4721 640 4762 ea
665 4706 793 4761 ﬁeri
823 4706 1220 4762 existimabat.
1260 4705 1442 4761 Jussit
1467 4712 1677 4778 postea
1699 4723 1730 4762 e
1766 4706 1953 4762 lebete

307 4794 440 4850 illos
460 4794 704 4859 extrahi,
744 4794 805 4849 in
830 4794 1041 4864 quibus
1086 4810 1195 4850 nec
1222 4794 1369 4867 picis
1400 4794 1550 4851 odor
1578 4795 1793 4867 aliquis
1829 4795 1956 4850 ine-

305 4888 396 4940 rat
419 4901 434 4936 :
457 4882 600 4954 quin
625 4882 801 4938 etiam
830 4899 1023 4955 neque
1052 4883 1114 4939 in
1141 4882 1330 4939 lebete
1361 4883 1527 4954 ipsos
1553 4882 1699 4956 picis
1727 4882 1954 4955 aliquid

306 4973 614 5027 inventum
637 4976 744 5036 est,
780 4971 887 5027 sed
921 4976 1147 5027 tantum
1170 4970 1385 5042 frigida
1424 4987 1601 5043 aqua.
1654 4974 1814 5028 Tunc
1841 4980 1954 5027 Au-

304 5061 566 5118 relianus
590 5078 604 5116 :
639 5060 1091 5125 Existimatisne,
1116 5060 1326 5132 inquit,
1350 5077 1469 5127 eos,
1498 5060 1603 5133 qui
1629 5067 1952 5133 prasentes

306 5155 463 5215 sunt,
488 5165 523 5205 a
540 5150 712 5205 vobis
739 5149 1149 5204 circumveniri
1164 5148 1466 5214 etadduci,
1484 5155 1547 5205 ut
1567 5149 1953 5221 putentauxi-

304 5237 450 5294 lium
482 5255 517 5294 a
548 5240 666 5294 Deo
692 5243 884 5293 vestro
940 5236 1109 5292 vobis
1138 5235 1404 5303 allatum,
1449 5243 1506 5293 et
1542 5253 1664 5294 non
1704 5238 1952 5309 magicis

304 5327 502 5400 potius
516 5326 744 5383 artibus
759 5325 881 5381 haec
894 5326 1044 5381 facta
1062 5326 1220 5382 esse?
1235 5328 1363 5382 Non
1378 5326 1588 5402 ita,per
1606 5328 1752 5383 deos
1765 5327 1947 5399 ipsos,

304 5430 400 5471 res
416 5431 479 5472 se
491 5414 1147 5484 habebit;faciam,enim
1160 5420 1217 5471 ut
1230 5414 1582 5471 cruciatibus
1594 5415 1950 5485 affecti,igne

307 5502 886 5569 consumamini,nisi
904 5502 1016 5559 diis
1033 5503 1178 5574 ipsis
1196 5502 1469 5560 victimas
1484 5503 1831 5561 obtuleritis.
1860 5503 1948 5559 Ad

1976 4403 2023 4457 D

2044 3118 2298 3175 caelestis
2315 3119 2480 3186 regni
2504 3119 2792 3173 hmredes.
2821 3123 2951 3175 Hmc
2969 3136 3107 3177 cum
3129 3121 3439 3177 audissent
3462 3119 3699 3175 carniﬁ-

2046 3225 2164 3273 ces,
2197 3207 2603 3270 constiterunt,
2636 3205 2711 3261 ita
2742 3209 2927 3262 Deum
2974 3219 3210 3263 orantes
3243 3224 3258 3275 ;
3298 3209 3541 3263 Domine
3561 3209 3699 3263 Jesu

2046 3297 2294 3363 Christe,
2325 3310 2504 3367 quem
2550 3294 2760 3349 Paulus
2781 3301 2838 3350 et
2864 3294 3103 3351 Juliana
3132 3295 3469 3367 prmdicant,
3492 3296 3699 3351 adesto

2045 3386 2237 3450 nobis,
2277 3390 2333 3440 et
2362 3385 2421 3439 in
2452 3383 2820 3439 confessione
2849 3388 2954 3439 tua
2984 3382 3075 3439 fac
3100 3399 3210 3439 nos
3235 3384 3521 3455 perfectos
3548 3399 3697 3449 esse,

2046 3473 2336 3547 quoniam
2367 3471 2512 3527 nihil
2536 3471 2678 3528 mali
2717 3471 2979 3538 fecimus,
3002 3477 3058 3527 et
3077 3474 3383 3527 morimur.
3410 3474 3541 3526 Haec
3561 3486 3698 3526 cum

2046 3562 2358 3625 dixissent,
2385 3560 2722 3616 obtruncati
2762 3566 2917 3615 sunt.
2976 3563 3194 3616 Eorum
3220 3559 3388 3629 alter,
3431 3559 3699 3625 Quadra-

2048 3656 2141 3707 tus
2183 3666 2196 3716 ;
2225 3650 2393 3715 alter,
2422 3649 2676 3705 Aeacius
2693 3647 3021 3704 dicebatur.

2122 3740 2182 3794 X.
2218 3739 2311 3793 His
2336 3736 2514 3806 igitur
2570 3736 2845 3808 martyrio
2873 3734 3330 3801 consummatis,
3380 3734 3561 3807 jussit
3587 3735 3701 3790 Au-

2048 3828 2308 3885 relianus
2337 3826 2485 3882 alios
2537 3824 2846 3880 carniﬁces
2899 3825 3102 3894 ignem
3144 3822 3373 3890 afferre,
3434 3823 3490 3879 et
3521 3839 3704 3895 supra

2050 3918 2341 3974 carbones
2362 3914 2448 3971 sal
2460 3930 2797 3987 aspergere,
2812 3920 2875 3969 ut
2892 3914 3042 3984 ignis
3066 3914 3193 3986 ipse
3207 3914 3586 3970 vehementer
3608 3928 3704 3969 ac-

2050 4006 2418 4063 cenderetur.
2472 4006 2619 4058 Tum
2660 4002 2896 4058 Juliana
2933 4020 2946 4058 :
2981 4002 3316 4069 Aureliane,
3355 4002 3567 4072 inquit,
3594 4003 3703 4072 Ty-

2052 4108 2239 4149 ranne
2264 4096 2323 4145 et
2344 4092 2584 4155 nefarie,
2616 4107 2723 4146 cur
2753 4090 3011 4161 teipsum
3039 4089 3296 4157 afﬂigis?
3333 4089 3511 4143 Video
3542 4090 3704 4145 enim

2056 4188 2110 4236 te
2139 4177 2408 4243 cruciari,
2431 4178 2778 4231 etomnibus
2796 4178 2991 4231 modis
3010 4176 3207 4231 furore
3236 4176 3540 4231 detentum
3559 4176 3705 4233 afﬂi-

2057 4268 2135 4338 gi,
2168 4265 2428 4336 denique
2459 4268 2521 4319 ut
2576 4268 2915 4334 serpentem
2954 4264 3213 4333 aliquem
3270 4263 3703 4331 exsibilantem,

2056 4370 2352 4412 venenum
2390 4356 2600 4408 contra
2630 4368 2739 4408 nos
2790 4350 3093 4407 effundere
3122 4369 3140 4422 ;
3200 4351 3305 4407 sed
3331 4351 3475 4407 nihil
3506 4355 3708 4408 tamen

2058 4442 2356 4517 proﬁcies,
2382 4457 2519 4496 cum
2549 4442 2703 4496 Deus
2729 4439 2857 4511 ipse
2886 4455 2996 4495 nos
3026 4439 3385 4505 corroboret,
3417 4445 3477 4494 ut
3496 4455 3708 4511 pravas

2057 4540 2191 4590 tuas
2226 4529 2612 4601 cogitationes
2660 4528 2951 4583 sustinere
2982 4529 3305 4599 possimus.
3334 4528 3540 4601 Itaque
3569 4543 3709 4584 cum

2058 4622 2345 4678 adversus
2358 4634 2469 4673 nos
2480 4616 2869 4673 nihilefﬁcere
2887 4616 3356 4687 potueris,magis
3369 4616 3705 4683 erubesces,

2060 4715 2115 4766 et
2143 4726 2179 4765 a
2209 4708 2384 4764 nobis
2411 4706 2554 4779 ipsis
2580 4704 2929 4762 abstinebis.
2960 4704 3311 4760 Aurelianus
3359 4704 3539 4773 jussit
3577 4703 3709 4760 illos

2060 4797 2302 4860 exsolvi,
2333 4799 2391 4851 et
2427 4795 2487 4849 in
2526 4810 2824 4850 carcerem
2858 4792 3114 4857 detrudi,
3147 4797 3326 4863 atque
3363 4791 3526 4862 ligna
3553 4808 3710 4863 quaa-

2060 4888 2199 4943 dam
2229 4883 2476 4940 maximi
2505 4882 2786 4954 ponderis
2818 4882 2879 4936 in
2918 4897 3125 4936 eorum
3156 4880 3415 4934 cervices
3454 4880 3705 4952 imponi,

2061 4974 2243 5047 pedes
2281 4972 2459 5028 etiam
2490 4968 2881 5041 compedibus
2920 4966 3111 5037 ligari,
3144 4968 3367 5022 catenis
3394 4983 3605 5023 manus
3634 4968 3708 5025 de

2061 5060 2286 5125 vinciri,
2317 5065 2373 5116 et
2412 5059 2628 5115 ferreos
2653 5057 2851 5113 clavos
2887 5056 3089 5121 sterni,
3118 5054 3314 5110 utillis
3345 5055 3710 5125 conﬁgeren-

2062 5156 2155 5209 tur
2184 5164 2378 5221 neque
2416 5146 2879 5203 Christianorum
2912 5144 3168 5216 aliquem
3202 5144 3459 5215 permitti
3489 5144 3567 5201 ad
3606 5161 3708 5201 eos

2061 5238 2309 5313 ingredi,
2337 5253 2411 5293 ne
2458 5236 2627 5292 cibus
2650 5234 2976 5290 aﬂ‘erretur.
3028 5232 3162 5288 Illos
3200 5233 3376 5302 igitur
3402 5233 3709 5290 carniﬁces

2059 5328 2120 5384 in
2146 5342 2444 5384 carcerem
2472 5324 2788 5388 duxerunt,
2832 5337 3090 5394 quaeque
3129 5320 3206 5376 ab
3236 5320 3553 5377 Aureliano
3577 5322 3707 5393 jus.

2060 5417 2108 5471 si
2146 5414 2395 5482 fuerant,
2434 5413 2515 5468 eis
2575 5411 2858 5468 fecerunt.
2911 5411 3056 5466 Cum
3108 5424 3249 5466 vero
3302 5409 3499 5466 media
3537 5414 3708 5466 nocte

2058 5510 2348 5577 martyres
2392 5502 2579 5557 Deum
2609 5503 3012 5574 precarentur,
3039 5498 3136 5556 lux
3165 5498 3445 5572 quaedam
3484 5513 3709 5568 magna
