4144 6258
518 313 622 364 579

1892 301 1936 352 Μ
1951 294 2144 352 PNSIS
2187 292 2573 350 AUGUSTUS.

3869 288 4008 342 580

520 434 736 488 eﬂulsit
772 432 829 486 in
872 444 1126 493 carcere,
1177 431 1231 482 et
1298 425 1544 497 angelus
1599 441 1800 480 coram
1841 423 1954 478 illis
1996 420 2165 481 stetit,
2203 424 2248 477 Α
2282 423 2336 470 et
2357 420 2681 483 temerarie,
2710 433 2956 473 curnam
2991 422 3115 470 haec
3145 412 3414 469 facinora
3431 417 3641 469 contra
3663 413 4000 468 Christia-

521 523 728 594 cisque
753 521 895 572 dixit
925 535 937 571 :
970 517 1143 572 Paule
1169 522 1222 568 et
1252 514 1503 578 Juliana,
1537 514 1686 568 servi
1747 513 1842 566 Dei
1877 507 2164 573 altissimi,

521 611 740 678 surgite
773 615 826 662 et
858 609 1041 660 Deum
1065 609 1248 659 orate.
1281 606 1411 657 Haec
1438 603 1584 656 dixit
1609 601 1872 669 angelus,
1902 604 1953 654 et
1973 597 2046 652 ad
2066 610 2166 650 eos

519 697 762 753 accessit
788 713 798 749 :
834 711 901 749 ac
921 695 1119 747 statim
1140 693 1549 754 instrumenta,
1570 690 1789 760 quibus
1822 703 2028 742 eorum
2054 683 2164 738 col-

517 785 1106 844 laconstrictaerant,
1129 779 1330 847 tetigit,
1357 779 1674 848 statimque
1700 783 1814 832 tam
1845 775 1961 840 illa,
1980 788 2164 845 quam

516 875 746 945 reliqua
776 873 966 927 ferrea
995 876 1051 923 et
1070 867 1509 936 ligneavincula
1532 866 1854 931 confracta,
1876 865 1950 919 de
1977 864 2168 933 justo-

515 980 671 1026 rum,
687 969 1017 1030 martyrum
1038 957 1388 1027 corporibus
1407 955 1750 1009 exciderunt
1773 970 1783 1006 :
1805 954 1939 1006 duae
1966 956 2163 1005 autem

519 1053 692 1106 sedes
713 1049 924 1122 pannis
957 1052 1172 1109 stratae,
1199 1053 1252 1098 et
1286 1060 1490 1098 mensa
1504 1059 1702 1098 coram
1722 1043 1864 1113 ipsis
1888 1041 2038 1095 illico
2064 1054 2162 1109 apo

519 1140 712 1212 posita
753 1143 858 1200 est,
892 1135 1228 1202 omnigenis
1266 1132 1494 1186 ferculis
1522 1132 1716 1202 plena,
1761 1132 1960 1200 eisque
1992 1144 2167 1197 ange-

518 1229 610 1283 lus
648 1227 792 1281 dixit
831 1241 840 1278 :
881 1223 1095 1290 Venite,
1150 1221 1515 1291 requiescite,
1563 1225 1618 1273 et
1675 1220 1870 1272 cibum
1930 1218 2162 1274 sumite,

516 1333 695 1387 quem
722 1313 878 1368 misit
913 1311 1080 1364 vobis
1103 1310 1236 1362 Iesu
1271 1308 1553 1362 Christus.
1581 1307 1792 1361 Paulus
1831 1311 1887 1360 et
1909 1305 2160 1367 Juliana,

517 1402 866 1465 earelaetati,
889 1399 1334 1453 discubuerunt.
1353 1399 1619 1466 Cumque
1642 1410 1859 1465 panem
1887 1395 2082 1463 ipsunt
2103 1393 2160 1445 in

516 1508 732 1547 manus
750 1489 1128 1560 sumpissent,
1154 1491 1208 1539 et
1235 1484 1441 1539 oculos
1471 1484 1530 1537 in
1553 1484 1766 1537 coelum
1812 1483 2156 1544 erexissent,

519 1583 636 1635 Deo
661 1579 770 1649 ipsi
803 1576 1022 1644 gratias
1079 1579 1343 1641 egerunt,
1395 1577 1450 1626 et
1506 1571 1621 1625 cibi
1676 1569 1990 1640 participes
2024 1568 2156 1622 facti

517 1671 676 1724 sunt.
708 1665 986 1719 Viderunt
1016 1661 1266 1716 carceris
1300 1661 1577 1713 custodes
1603 1659 1794 1712 lucem
1836 1657 1995 1712 illam
2033 1673 2156 1711 ma-

516 1771 727 1823 gnam;
763 1767 1018 1820 cumque
1050 1750 1122 1803 ad
1149 1765 1250 1802 eos
1280 1754 1516 1817 repente
1541 1747 1968 1810 introivissent,
1992 1744 2153 1816 quod
2186 1787 2226 1840 Β

517 1844 736 1898 factum
775 1841 959 1894 fuerat
985 1838 1334 1898 didicerunt,
1369 1836 1532 1906 ipsos
1562 1835 1806 1905 insuper
1835 1833 2156 1888 comeden-

514 1937 617 1994 tes,
645 1935 702 1984 et
730 1930 944 1983 hilares
967 1927 1150 1980 factos
1184 1925 1473 1978 viderunt.
1509 1925 1712 1994 Itaque
1751 1939 1888 1977 cum
1922 1922 2031 1976 illis
2068 1938 2157 1976 re-

515 2019 858 2073 cumbentes
880 2021 934 2069 et
963 2015 1075 2085 ipsi
1117 2013 1521 2077 comederunt,
1568 2015 1802 2083 Deoque
1833 2011 2068 2066 laudem
2103 2016 2157 2065 et

511 2106 757 2175 gloriam
787 2105 1097 2166 dederunt,
1131 2102 1231 2172 qui
1287 2100 1464 2155 talem
1499 2101 1747 2166 gratiam
1800 2101 1929 2154 ﬁliis
1967 2100 2156 2153 homi-

511 2211 655 2250 num
679 2192 1038 2254 contulisset,
1069 2190 1146 2244 ita
1181 2189 1526 2260 utplerique
1548 2205 1615 2243 ex
1651 2189 1792 2260 ipsis
1827 2191 1940 2242 Deo
1966 2189 2153 2243 credi-

507 2283 722 2346 derint,
748 2288 799 2336 et
830 2279 1139 2335 Christiani
1170 2279 1484 2332 evaserint.

581 2374 666 2427 XI.
697 2369 886 2425 Tertio
916 2374 1052 2437 post
1076 2367 1168 2420 die
1196 2366 1570 2430 Aurelianus,
1604 2382 1742 2420 cum
1785 2366 1839 2419 in
1874 2365 2151 2420 tribunali

507 2461 775 2522 sedisset,
803 2457 976 2528 jussit
1007 2461 1247 2510 sanctos
1289 2460 1578 2524 martyres
1615 2454 1864 2508 Paulum
1893 2461 1947 2508 et
1975 2453 2149 2508 Julia-

507 2565 649 2604 nam
678 2548 812 2601 illuc
839 2545 993 2609 duci,
1027 2543 1243 2616 quibus
1271 2544 1352 2597 ait
1386 2561 1398 2597 :
1434 2549 1520 2596 An
1552 2545 1818 2596 nondum
1862 2549 2148 2597 tormenta

505 2639 638 2708 ipsa
667 2652 772 2690 vos
811 2636 1160 2693 docuerunt,
1192 2636 1256 2684 ut
1285 2633 1361 2684 ab
1393 2630 1503 2683 ista
1531 2630 1763 2684 insania
1798 2639 1983 2685 vestra
2034 2631 2150 2684 dis-

507 2725 748 2787 cedatis,
777 2727 832 2777 et
860 2721 1005 2775 deos
1037 2721 1345 2781 adeuntes,
1379 2718 1490 2772 illis
1544 2717 1811 2772 victimas
1841 2718 2100 2773 offeratis
2120 2719 2147 2772 ‘T

505 2816 655 2876 Haec,
697 2811 888 2882 inquit
917 2809 1145 2871 Paulus,
1176 2807 1418 2861 stultitia
1449 2807 1591 2861 mihi
1631 2809 1720 2875 sit,
1758 2815 1812 2861 et
1843 2809 2144 2873 omnibus,

503 2904 606 2973 qui
643 2905 824 2955 Deum
864 2899 1061 2969 ipsum
1087 2897 1358 2964 diligunt.
1395 2897 1556 2963 Quod
1582 2897 1739 2950 enim
1770 2900 2020 2952 stultum
2063 2907 2144 2954 est

505 2990 630 3052 Dei,
645 2989 962 3058 sapientius
978 2993 1059 3040 est
1077 2985 1436 3047 hominibus;
1456 2991 1508 3039 et
1531 2985 1824 3052 sapientia
1843 2985 2142 3042 hominum

505 3078 756 3134 stultitia
786 3076 1044 3142 estapud
1069 3075 1276 3129 Deum.
1297 3073 1599 3142 Desipiens
1618 3073 1880 3144 profecto
1912 3081 1968 3128 et
1991 3075 2142 3130 insa-

502 3183 618 3222 nus
641 3181 852 3227 essem,
880 3164 926 3217 si
967 3180 1002 3217 a
1049 3164 1167 3218 Deo
1205 3164 1334 3233 ipso
1379 3162 1680 3224 deficiens,
1725 3163 2029 3218 daemones
2055 3182 2140 3218 ve-
2179 3143 2220 3198 δ

501 3261 652 3309 stros
665 3254 941 3308 colerem.
963 3252 1164 3306 Denuo
1184 3250 1656 3315 Aurelianus,bili
1675 3252 1946 3321 percitus
1967 3253 2142 3321 jussit

500 3343 629 3398 illos
675 3343 733 3396 in
789 3341 948 3409 ligno
989 3339 1296 3410 suspendi,
1347 3346 1403 3394 et
1430 3339 1700 3394 cruciari.
1737 3343 1806 3394 At
1843 3340 1922 3393 illi
1959 3343 2138 3394 Deum

497 3436 755 3493 orantes,
789 3430 915 3483 haec
937 3427 1214 3482 dicebant
1245 3449 1256 3478 :
1312 3427 1558 3481 Domine
1605 3428 1742 3480 Jesu
1771 3427 2008 3491 Christe,
2040 3428 2140 3482 Fili

501 3519 598 3573 Dei
651 3519 922 3583 viventis,
982 3516 1082 3569 lux
1133 3514 1618 3579 Christianorum,
1669 3521 1723 3568 et
1779 3515 1946 3578 fides,
2006 3532 2141 3587 quae

495 3622 688 3678 neque
719 3605 973 3672 concuti,
1027 3620 1219 3676 neque
1271 3604 1348 3658 ab
1395 3604 1751 3658 adversariis
1789 3607 2137 3674 expugnari,

496 3700 599 3749 aut
642 3693 887 3747 dissolvi
977 3697 1166 3761 potest
1220 3708 1232 3744 :
1291 3693 1540 3746 ostende
1588 3693 1796 3746 faciem
1843 3699 2026 3762 tuam,
2084 3697 2140 3748 et

495 3783 669 3836 nobis
702 3795 878 3849 opem
897 3779 1282 3847 feras,neque
1315 3795 1422 3831 nos
1444 3779 1731 3832 destituas
1746 3787 1985 3849 propter
2003 3798 2136 3836 san-

493 3876 655 3925 ctum
685 3883 902 3922 nomen
927 3871 1116 3919 tuum.
1153 3864 1297 3919 Cum
1323 3864 1497 3933 igitur
1513 3867 1816 3920 carniﬁces
1837 3867 2139 3923 diutiusil-

493 3959 581 4013 los
608 3956 958 4018 cruciarent,
975 3961 1030 4008 et
1046 3953 1307 4008 Christus
1327 3969 1532 4007 eorum
1551 3955 1844 4009 cruciatus
1869 3956 2133 4012 subleva-

493 4052 598 4108 ret,
617 4044 760 4100 nihil
783 4045 1029 4098 omnino
1048 4048 1337 4112 martyres
1356 4048 1648 4097 tormenta
1665 4043 1762 4097 illa
1781 4043 2130 4100 sentiebant.

565 4135 670 4189 XII.
709 4135 865 4187 Unus
892 4147 1030 4186 vero
1070 4147 1100 4185 e
1131 4130 1525 4194 carniﬁcibus,
1581 4133 1822 4186 nomine
1855 4135 2133 4189 Stratoni-

491 4239 618 4286 cus,
647 4238 779 4276 cum
820 4225 997 4275 staret
1031 4223 1104 4274 ad
1135 4219 1437 4274 sinistrum
1465 4219 1704 4274 Juliana:
1735 4221 1908 4285 latus,
1938 4227 1994 4276 et
2022 4228 2132 4277 tor-

491 4317 690 4366 menta
714 4309 769 4363 in
803 4325 934 4364 eam
966 4309 1218 4371 inferret,
1277 4309 1406 4377 ejus
1447 4309 1880 4378 pulchritudine
1905 4319 2128 4379 captus,

494 4415 709 4453 manus
741 4398 816 4451 ab
838 4413 908 4451 ea
938 4397 1298 4450 continebat.
1329 4399 1507 4466 Cujus
1536 4413 1776 4451 sensum
1805 4405 1982 4468 atque
2007 4401 2130 4454 ani-

491 4503 657 4541 mum
684 4501 820 4539 cum
850 4485 1024 4536 beata
1055 4490 1108 4535 et
1140 4490 1345 4536 sancta
1371 4483 1602 4536 Juliana
1625 4493 2029 4550 cognosceret,
2050 4488 2127 4541 si-
2160 4496 2203 4548 D

490 4575 742 4629 nistrum
767 4570 978 4638 pedem
1012 4569 1286 4633 extendit,
1317 4576 1373 4623 et
1402 4570 1559 4624 calce
1583 4571 1742 4625 illum
1777 4575 2123 4630 verberans:

491 4658 874 4723 Satratonice,
907 4658 1118 4728 inquit,
1152 4656 1242 4711 fac
1272 4658 1430 4727 quod
1460 4659 1666 4726 jussus
1705 4675 1766 4712 es
1799 4676 1833 4713 a
1873 4666 2128 4730 tyranno

487 4748 825 4812 Aureliano,
851 4761 1042 4816 neque
1075 4761 1339 4799 manusa
1369 4761 1464 4798 me
1495 4745 1800 4800 contineas
1821 4747 1963 4803 mihi
1996 4766 2125 4819 par-

487 4852 626 4890 cens
662 4853 675 4901 ;
705 4851 816 4902 ego
857 4835 1014 4888 enim
1061 4832 1252 4887 habeo
1294 4832 1514 4899 Regem
1557 4849 1755 4888 meum
1810 4835 2124 4893 Dominum

484 4924 682 4978 Jesum
716 4923 1034 4985 Christum,
1063 4922 1247 4974 Deum
1275 4928 1581 4985 aeternum,
1614 4928 1669 4976 et
1723 4925 1939 4979 animae
1981 4943 2127 4981 mete

483 5018 838 5076 ciiratorem,
876 5011 976 5080 qui
1004 5010 1304 5079 corporeis
1361 5009 1666 5064 laboribus
1700 5028 1792 5066 me
1841 5014 2126 5081 sublevat,

483 5104 661 5169 atque
720 5100 798 5154 ita
851 5105 1167 5168 przesentes
1221 5097 1516 5151 cruciatus
1561 5114 1680 5152 non
1739 5102 1944 5155 sentio.
2000 5106 2127 5159 IIth

485 5203 621 5240 cum
656 5187 1018 5240 Stratonicus
1051 5186 1395 5252 audivisset,
1435 5187 1632 5242 statim
1673 5204 1894 5253 ensem,
1946 5207 2126 5262 quem

484 5289 668 5328 manu
689 5272 1180 5341 tenebat,abjecit;
1197 5289 1454 5345 cumque
1471 5276 1546 5329 ad
1564 5275 1818 5332 tribunal
1831 5280 2126 5335 Aureliani

482 5359 860 5423 cucurrisset,
887 5361 1152 5415 clamans
1209 5380 1222 5416 :
1270 5364 1601 5429 Aureliane,
1634 5365 1844 5436 inquit,
1882 5372 2127 5437 tyranne

552 5561 572 5592 ο
608 5559 622 5612 1
653 5557 782 5611 Cor.
814 5573 848 5622 ι,
883 5560 970 5620 20,
993 5560 1079 5611 25.

2280 522 2388 559 nos
2416 513 2648 576 patrare
2679 505 2915 561 audes?
2965 504 3262 568 Quidnam
3314 502 3586 556 homines
3633 503 3764 556 Deo
3835 518 3994 556 ser-

2279 594 2498 648 vientes
2515 595 2960 656 commiserunt,
2978 600 3040 646 ut
3062 594 3141 646 ita
3175 591 3488 646 crudeliter
3512 596 3569 646 et
3589 592 3990 646 immaniter

2277 698 2378 737 eos
2403 684 2627 737 crucies
2653 689 2774 738 ?An
2795 684 2939 754 quia
2961 681 3252 736 Christum
3283 681 3554 735 omnium
3585 680 3984 735 dominato—

2274 787 2398 826 rem
2430 771 2834 828 venerantur?
2868 775 2990 825 Haec
3013 786 3149 824 cum
3184 769 3413 824 audiret
3442 771 3842 833 Aurelianus,
3878 770 3978 824 ita

2274 861 2597 931 obstupuit,
2628 868 2689 916 ut
2727 862 2874 916 hora
2906 876 3024 914 una
3048 864 3246 913 mutus
3269 861 3630 912 remanserit.
3660 859 3972 913 Tandem

2275 950 2696 1020 respondens:
2760 950 2920 1003 Tune
2980 948 3180 1010 etiam,
3266 947 3476 1018 inquit,
3575 949 3970 1014 Stratonice,

2276 1039 2524 1093 istorum
2555 1039 2812 1093 stultitiae
2835 1036 3270 1106 atqueinsaniae
3287 1037 3582 1106 particeps
3599 1035 3809 1090 factus
3830 1053 3908 1090 es
3938 1037 3967 1089 ἲ

2276 1135 2361 1181 An
2413 1127 2660 1182 Julianse
2701 1125 3077 1198 pulchritudo
3112 1131 3162 1179 te
3188 1125 3437 1196 decepit,
3461 1130 3517 1179 et
3537 1126 3670 1194 ejus
3711 1127 3964 1196 jucun-

2275 1215 2364 1269 dis
2391 1215 2769 1271 sermonibus
2825 1215 3068 1269 allectus
3111 1230 3173 1269 es
3201 1214 3228 1269 ἵ
3269 1215 3634 1269 Stratonicus
3669 1230 3824 1268 cum
3891 1217 3957 1269 in

2271 1303 2486 1358 caelum
2519 1304 2723 1359 oculos
2753 1303 3050 1368 erexisset,
3085 1303 3220 1357 dein
3251 1302 3496 1356 Paulum
3521 1318 3590 1356 ac
3621 1302 3958 1357 Julianam

2271 1393 2327 1447 in
2350 1393 2513 1461 ligno
2567 1409 2861 1463 supensos
2927 1392 3460 1462 circumspexisset,
3521 1392 3715 1446 crucis
3755 1393 3954 1459 signo

2269 1482 2555 1548 munitus,
2589 1481 2824 1535 illorum
2853 1485 3128 1551 aspectus
3159 1479 3301 1534 tales
3322 1479 3485 1544 vidit,
3505 1479 3711 1550 quales
3736 1497 3948 1550 ange-

2265 1570 2458 1624 lorum
2502 1571 2599 1624 Dei
2622 1569 2801 1624 facies
2830 1585 2957 1623 esse
2987 1568 3195 1622 solent.
3230 1570 3356 1623 Mox
3385 1568 3657 1630 accurrit,
3686 1575 3739 1623 et
3789 1569 3947 1624 deo-

2263 1675 2396 1714 rum
2428 1675 2595 1714 aram
2619 1658 2880 1713 calcibus
2911 1657 3297 1718 conculcavit,
3324 1672 3581 1728 eamque
3622 1662 3940 1721 evertens,

2264 1748 2372 1802 ait:
2397 1749 2477 1802 En
2497 1754 2553 1802 et
2570 1763 2681 1816 ego
2694 1747 3059 1801 Christianus
3079 1762 3208 1799 sum
3234 1760 3248 1810 ;
3269 1744 3454 1799 facias
3477 1747 3936 1817 ticetquidquid

2261 1836 2421 1891 libet.
2491 1839 2702 1891 Furore
2755 1851 3040 1890 accensus
3106 1833 3480 1898 Aurelianus,
3546 1835 3726 1903 jussit
3787 1836 3934 1905 ejus

2263 1924 2748 1994 caputabscindi.
2765 1926 3031 1993 Cumque
3049 1923 3399 1977 sententiam
3418 1923 3938 1993 imperatortulis-

2264 2019 2370 2081 set,
2401 2013 2557 2067 venit
2587 2013 2663 2067 ad
2690 2029 2829 2067 eum
2862 2011 3060 2066 locum
3091 2011 3152 2064 in
3177 2025 3300 2080 quo
3333 2013 3680 2082 martyrium
3717 2012 3935 2066 obitu-

2264 2119 2363 2155 rus
2416 2108 2540 2157 erat
2574 2102 2712 2166 ;ubi
2753 2117 2887 2154 cum
2929 2097 3507 2168 genuainclinasset,
3554 2100 3638 2155 ita
3678 2103 3928 2156 oravit:

2262 2191 2510 2244 Domine
2535 2191 2672 2245 Jesu
2702 2189 2947 2253 Christe,
2979 2203 3156 2259 quem
3187 2187 3406 2242 Paulus
3438 2195 3489 2242 et
3510 2190 3746 2244 Juliana
3778 2207 3927 2244 con-

2260 2278 2511 2343 ﬁtentes,
2545 2279 2742 2334 invicti
2785 2283 3136 2347 permanent
3178 2293 3213 2330 a
3246 2276 3553 2331 divinitate
3585 2285 3686 2332 tua
3715 2295 3922 2333 serva-

2262 2367 2383 2432 ti,et
2405 2367 2701 2422 Aureliani
2723 2366 3096 2438 tyrannidem
3117 2363 3584 2432 confundentes;
3611 2373 3919 2438 tu,quaeso

2259 2461 2314 2510 et
2341 2456 2604 2510 animam
2631 2472 2825 2510 meam
2855 2455 3056 2523 accipe
3082 2454 3140 2507 in
3171 2453 3404 2508 cceleste
3430 2470 3679 2522 regnum
3716 2463 3914 2523 tuum,

2257 2561 2475 2608 meam,
2493 2546 2764 2616 inquam,
2789 2541 3744 2613 animam,quibrevissima3horaz
3772 2561 3916 2616 spa-

2255 2633 2333 2687 tio
2362 2650 2580 2688 nomen
2615 2641 2777 2688 tuum
2811 2633 3118 2687 confessus
3176 2647 3330 2694 sum,
3391 2638 3680 2703 prasente
3729 2641 3910 2690 Aure-

2253 2721 2429 2777 liano.
2475 2723 2570 2777 His
2600 2722 2792 2785 dictis,
2842 2723 2937 2777 ille
2990 2725 3168 2792 caput
3225 2720 3506 2786 extendit,
3541 2729 3594 2775 et
3626 2723 3906 2779 carniﬁce

2253 2811 2642 2866 obtruncatus
2703 2816 2809 2866 est.
2874 2812 3174 2865 Venerunt
3219 2818 3418 2865 autem
3478 2811 3814 2875 Christiani,
3847 2820 3904 2868 et

2253 2900 2380 2969 ejus
2409 2900 2687 2972 reliquias
2717 2899 3099 2968 collegerunt.

2324 3071 2467 3125 XIII.
2505 3071 2718 3126 Paulus
2761 3089 2897 3127 vero
2943 3078 3001 3127 et
3058 3072 3295 3128 Juliana
3357 3074 3650 3128 cruciatus
3679 3073 3900 3130 fortiter

2252 3161 2641 3215 sustinebant.
2674 3163 2834 3215 Tunc
2859 3161 3207 3216 Aurelianus
3272 3162 3574 3216 Julianam
3629 3162 3837 3216 affatus
3875 3181 3891 3214 :

2249 3251 2292 3304 Ο
2320 3250 2586 3312 scelesta,
2619 3250 2829 3319 inquit,
2863 3256 2918 3303 et
2957 3250 3142 3320 impia
3171 3250 3542 3314 muliercula,
3587 3250 3879 3321 quomodo

2247 3338 2306 3390 in
2323 3338 2626 3390 tormentis
2643 3338 2953 3404 exsistens,
2973 3338 3315 3392 carnificem
3329 3338 3599 3408 decipere
3623 3338 3876 3408 potuisti,

2247 3426 2419 3495 eique
2448 3425 2650 3479 mortis
2681 3441 2926 3480 causam
2957 3425 3165 3480 afferre
3186 3428 3212 3480 ‘2
3234 3430 3358 3482 Non
3389 3442 3550 3495 ergo,
3585 3426 3766 3497 inquit
3789 3428 3883 3480 Ju-

2247 3512 2423 3574 liana,
2449 3513 2611 3568 illum
2638 3513 2864 3584 decepi,
2904 3515 2992 3568 vel
3027 3516 3230 3570 mortis
3261 3531 3510 3571 causam
3544 3515 3730 3577 attuli,
3784 3515 3886 3569 sed

2246 3603 2346 3672 qui
2375 3618 2468 3656 me
2500 3603 2821 3672 assumpsit
2848 3604 3016 3657 Jesus
3049 3603 3332 3671 Christus,
3366 3605 3458 3658 ille
3496 3603 3623 3674 ipse
3651 3604 3888 3658 ethunc

2245 3691 2495 3760 dignum
2521 3692 2672 3755 fecit,
2701 3708 2771 3747 ac
2799 3693 3032 3747 vocavit
3059 3709 3071 3756 ;
3106 3692 3216 3747 nisi
3237 3695 3393 3748 enim
3423 3694 3642 3762 dignus
3666 3694 3888 3748 fuisset.

2245 3797 2552 3851 nunquam
2586 3781 2662 3835 ad
2695 3780 2952 3850 martyrii
2976 3781 3230 3850 palmam
3264 3783 3566 3853 pervenire
3586 3782 3881 3852 potuisset.

2242 3869 2406 3922 Illum
2432 3869 2608 3937 igitur
2634 3870 2691 3923 in
2715 3885 2900 3938 regno
2922 3869 3207 3924 caelorum
3236 3871 3581 3941 requiescen
3594 3878 3706 3924 tem
3727 3871 3888 3942 aspi-

2241 3958 2377 4020 cies,
2421 3963 2472 4010 te
2504 3960 2722 4010 veroin
2763 3959 3037 4029 gehenee
3073 3959 3322 4014 ﬂamma
3381 3960 3575 4030 puniri
3645 3961 3880 4014 senties.

2238 4049 2397 4101 Tunc
2421 4045 2661 4116 quidem
2704 4053 2909 4115 pectus
2945 4054 3128 4112 tuum,
3163 4047 3385 4111 infelix,
3412 4049 3715 4117 percutias,
3748 4065 3875 4102 eum

2238 4133 2572 4188 inferiorem
2602 4133 2927 4198 hominem,
2961 4141 3146 4206 teipso
3173 4137 3332 4206 apud
3389 4137 3683 4192 Christum
3741 4155 3882 4208 pre:-

2236 4222 2578 4275 stantiorem
2637 4221 2880 4287 videbis,
2915 4229 2971 4277 et
3012 4223 3217 4279 dolore
3256 4223 3524 4289 affectus,
3571 4225 3877 4287 clamabis,

2238 4311 2334 4365 Dei
2367 4309 2834 4365 misericordiam
2866 4312 3214 4381 implorans,
3247 4329 3432 4383 quam
3470 4319 3666 4367 tamen
3697 4317 3877 4385 impe-

2237 4403 2385 4452 trare
2416 4415 2535 4453 non
2567 4400 2809 4468 poteris.
2839 4404 2968 4454 Post
2998 4402 3312 4470 biecjussit
3343 4401 3693 4456 Aurelianus
3752 4403 3872 4458 illos

2235 4503 2264 4541 e
2291 4487 2450 4554 ligno
2479 4487 2857 4550 detractos,in
2881 4505 3174 4543 carcerem
3209 4489 3545 4544 interiorem
3577 4491 3866 4554 concludi,

2235 4580 2290 4629 et
2318 4591 2546 4640 omnes,
2581 4576 2875 4631 veneﬁcos
2909 4593 2976 4631 ac
3029 4577 3483 4646 praestigiatores
3521 4578 3743 4643 vocari,
3777 4580 3868 4650 qui

2238 4663 2386 4718 feras
2403 4680 2631 4732 omnes,
2666 4680 3057 4736 quascunque
3097 4667 3403 4730 haberent,
3436 4667 3865 4729 acerbissimas,

2234 4751 2346 4806 hoc
2377 4759 2484 4815 est,
2519 4753 2774 4823 viperas,
2831 4755 3090 4823 aspides.
3132 4761 3388 4809 cerastes
3439 4771 3508 4809 ac
3565 4754 3858 4820 dracones,

2234 4840 2530 4905 afferrent,
2571 4848 2631 4896 ut
2659 4858 2776 4896 una
2807 4858 2944 4896 cum
2973 4843 3154 4896 Paulo
3210 4849 3266 4897 et
3295 4843 3527 4898 Juliana
3554 4844 3612 4897 in
3645 4858 3854 4897 carcere

2233 4929 2742 4984 concluderentur.
2759 4932 2902 4985 Cum
2921 4930 3096 4997 igitur
3125 4930 3278 4985 feras
3304 4931 3649 4991 attulissent,
3666 4944 3851 4999 quem-

2234 5005 2564 5071 admodum
2623 5035 2659 5072 a
2707 5024 2960 5087 tyranno
3001 5019 3148 5087 jussi
3203 5019 3457 5086 fuerant,
3513 5018 3676 5073 simul
3726 5032 3852 5070 cum

2236 5105 2413 5160 Paulo
2441 5113 2494 5159 et
2519 5107 2756 5160 Juliana
2806 5124 2905 5160 eas
2945 5107 3375 5162 concluserunt.
3415 5109 3736 5179 Serpebant
3764 5122 3863 5160 au-

2236 5201 2350 5248 tem
2407 5194 2542 5248 ferae
2598 5195 2728 5258 illae,
2761 5202 2817 5249 et
2854 5196 2929 5248 ad
2976 5197 3155 5265 pedes
3186 5196 3498 5250 beatorum
3541 5203 3864 5265 martyrum

2235 5281 2598 5346 assidebant,
2626 5284 2861 5337 intentis
2915 5284 3158 5354 quidem
3207 5283 3392 5338 oculis
3443 5300 3653 5339 eorum
3701 5284 3868 5339 facies

2236 5370 2609 5440 aspicientes,
2643 5371 2747 5425 sed
2777 5371 2922 5426 nihil
2947 5378 3148 5427 tamen
3187 5377 3491 5428 nocentes.
3523 5371 3741 5428 Paulus
3769 5388 3867 5428 au-
