4144 6258
150 306 257 362 581

1243 311 1683 370 MARTYBIUM
1709 312 1811 369 SS.
1865 311 2075 368 PAULI
2110 313 2198 369 ET
2217 313 2554 370 JULIANA‘I.

3480 320 3585 372 582

148 436 283 486 tem
322 440 375 487 et
401 432 639 488 Iuliana
665 432 959 490 sedebant
989 434 1330 507 psallentes,
1381 444 1439 494 et
1475 442 1662 494 Deum
1702 438 1825 495 col-
1857 440 1903 492 A
1938 436 2221 509 indignus
2242 455 2305 495 es
2321 448 2378 495 et
2402 438 2680 495 alienus?
2704 439 2882 493 Jussit
2907 437 3260 495 Aurelianus
3275 440 3582 497 lulianum

147 516 512 577 laudantes.

234 610 382 666 XIV.
413 613 754 666 Manserunt
792 616 993 667 autem
1038 620 1341 684 serpentes
1390 614 1501 670 illte
1546 622 1664 671 tres
1698 616 1827 670 dies

150 700 218 751 et
247 703 372 753 tres
402 704 604 754 noctes
618 715 756 755 cum
785 700 1605 772 martyribusclausm.Tertio
1629 710 1829 759 autem

150 783 265 840 die
298 785 835 842 misitAurelianus
859 789 972 843 sub
992 790 1183 844 noctis
1207 796 1461 863 tempus,
1481 792 1822 861 utdisceret,

155 887 246 930 an
283 889 321 931 a.
351 875 728 947 serpentibus
759 879 1099 949 consumpti
1125 886 1338 935 essent.
1375 882 1686 946 Venerunt,
1722 881 1825 953 qui

156 963 345 1019 missi
376 963 609 1020 fuerant
644 964 721 1020 ad
752 982 889 1021 eum
916 965 1112 1023 locum
1140 984 1151 1023 :
1185 985 1443 1040 cumque
1474 970 1553 1026 ad
1573 970 1823 1040 januam

159 1053 592 1117 accessissent,
622 1069 747 1121 eos,
780 1055 1053 1125 psalmos
1084 1063 1365 1113 canentes
1391 1064 1447 1113 et
1476 1058 1659 1113 Deum
1702 1058 1826 1113 lau-

162 1140 411 1205 dantes,
438 1141 814 1197 audiverunt.
843 1144 987 1198 Cum
1005 1160 1145 1200 vero
1176 1146 1516 1203 accuratius
1532 1147 1679 1201 scire
1710 1147 1827 1201 vel-

159 1226 317 1295 lent,
343 1246 461 1300 quo
491 1236 664 1300 pacto
695 1246 785 1285 res
817 1247 878 1286 se
921 1232 1186 1301 haberet,
1218 1236 1619 1291 ascenderunt
1657 1236 1715 1289 in
1746 1234 1826 1290 lo-

160 1332 315 1372 cum
346 1317 672 1390 quemdam
711 1321 1104 1390 superiorem.
1160 1323 1326 1378 Unde
1365 1338 1469 1395 per
1506 1321 1823 1378 fenestram

163 1405 484 1477 speculati,
529 1406 802 1462 viderunt
834 1408 1082 1465 Paulum
1114 1411 1420 1466 sedentem
1471 1411 1649 1466 simul
1689 1427 1825 1466 cum

165 1509 381 1549 sorore
420 1510 532 1550 sua
578 1496 831 1561 Juliana,
874 1503 931 1553 et
988 1498 1271 1567 angelum
1330 1500 1426 1555 Dei
1477 1505 1735 1555 stantem
1765 1500 1822 1553 in

164 1588 504 1653 conspectu
536 1583 816 1648 ferarum,
860 1601 1047 1657 neque
1077 1588 1511 1657 permittentem
1546 1588 1699 1643 feras
1730 1603 1824 1642 ac-

165 1671 402 1726 cedere.
437 1670 836 1728 Cucurrerunt
855 1674 1032 1742 igitur
1052 1674 1150 1741 illi,
1179 1681 1235 1729 et
1255 1676 1572 1731 Aureliano
1601 1676 1821 1744 omnia,

1939 528 2252 594 semoveri,
2280 532 2339 582 et
2363 527 2607 583 Paulum
2650 527 2851 582 reduci
2884 543 2897 593 ;
2923 527 3016 581 cui
3047 527 3209 582 dixit.
3241 531 3344 593 En,
3378 528 3578 596 Paule,

1938 631 2103 670 soror
2135 622 2234 671 tua
2264 616 2535 687 promisit
2588 614 2727 671 mihi
2784 631 2846 671 se
2904 615 3016 670 diis
3068 616 3579 684 sacriﬁcaturam;

1936 719 2073 775 quae
2110 704 2332 760 idcirco
2372 704 2515 760 mihi
2563 720 2711 759 uxor
2736 703 2865 773 erit,
2909 704 3204 774 totiusque
3254 706 3419 774 regni
3465 706 3580 761 mei

1936 791 2203 848 domina.
2240 792 2354 849 Fac
2384 794 2560 862 igitur
2602 800 2656 847 et
2686 799 2742 846 tu
2791 793 2955 863 quod
2986 792 3141 855 dico,
3174 796 3233 846 et
3282 794 3443 849 sinas
3474 794 3580 849 tibi

1935 880 2281 949 persuaderi
2315 887 2375 937 ut
2395 880 2512 936 diis
2532 880 2849 936 sacriﬁces.
2874 880 2961 933 Ad
2982 880 3102 934 haec
3126 880 3340 936 Paulus
3370 898 3382 935 :
3409 882 3577 949 Vere,

1934 969 2144 1041 inquit,
2193 970 2473 1025 mentitus
2503 985 2587 1033 es,
2617 969 2797 1039 idque
2837 974 2937 1023 tuo
2990 968 3150 1022 malo
3193 984 3207 1033 ;
3269 969 3373 1025 sed
3430 971 3580 1027 nihil

1934 1056 2197 1112 alienum
2220 1057 2401 1112 fecisti
2429 1073 2463 1113 a
2490 1057 2669 1127 patris
2699 1056 2782 1111 tui
2813 1055 3035 1110 diaboli
3069 1055 3406 1128 disciplina,
3440 1076 3577 1116 cum

1935 1144 1985 1199 id
2019 1145 2223 1208 facias,
2256 1145 2421 1216 quod
2468 1144 2561 1199 ille
2614 1145 2810 1199 solet:
2855 1159 3047 1214 neque
3101 1144 3258 1199 enim
3313 1146 3576 1218 aliquem

1936 1232 2244 1303 subripere
2306 1233 2573 1303 potestis,
2605 1232 2716 1287 nisi
2781 1231 3096 1287 mendacia
3157 1233 3573 1301 conﬁngendo.

1938 1321 2048 1377 Sed
2071 1319 2287 1375 frustra
2335 1320 2596 1384 laboras,
2639 1335 2901 1391 namque
2954 1334 3059 1373 nos
3091 1334 3209 1374 non
3265 1320 3575 1393 decipies;

1935 1424 2009 1463 ne
2040 1408 2087 1462 si
2108 1409 2287 1463 totius
2306 1409 2550 1480 quidem
2576 1408 2738 1464 orbis
2764 1415 3050 1463 terrarum
3067 1408 3385 1477 imperium
3402 1411 3578 1466 nobis

1936 1496 2312 1567 pollicereris.
2354 1496 2605 1560 Minime,
2647 1497 2914 1567 inquam,
2976 1510 3085 1549 nos
3150 1496 3578 1554 circumvenire

1932 1584 2170 1655 poteris.

2004 1672 2160 1727 XVII.
2190 1673 2513 1743 Quousque
2540 1672 2803 1737 tandem,
2837 1673 3027 1745 inquit
3048 1673 3579 1744 Aurelianus,inju-

165 1776 312 1831 quas
336 1760 626 1825 viderant,
653 1762 1009 1819 nuntiarunt.
1054 1765 1313 1820 Surrexit
1350 1765 1701 1819 Aurelianus
1738 1766 1826 1820 di-
1860 1775 1903 1830 Β
1934 1761 2085 1816 riam
2104 1761 2279 1816 nobis
2294 1760 2435 1816 facis
2461 1762 2489 1818 ?
2515 1768 2601 1815 An
2617 1776 2736 1815 non
2750 1762 3333 1833 erubescis,nugator
3357 1768 3414 1818 et
3443 1763 3579 1817 insi-

168 1848 394 1912 luculo,
439 1854 497 1905 et
520 1849 673 1904 sedit
717 1866 826 1921 pro
856 1851 1151 1917 tribunali,
1197 1859 1249 1907 et
1296 1853 1474 1923 jussit
1530 1854 1824 1909 veneﬁcos

172 1936 334 1992 feras
365 1954 507 1993 suas
536 1936 694 1993 illinc
722 1954 992 2007 evocare,
1023 1946 1080 1995 et
1108 1947 1399 2012 martyres
1437 1941 1571 1997 duci
1616 1942 1692 1998 ad
1726 1943 1822 1998 tri-

175 2024 380 2081 bunal.
414 2028 803 2083 Accesserunt
833 2029 1075 2085 veneﬁci
1105 2045 1175 2085 ac
1195 2030 1468 2102 januam,
1495 2037 1551 2085 et
1575 2030 1729 2087 feras
1755 2047 1825 2088 eo

171 2115 387 2175 modo,
417 2131 531 2186 quo
563 2116 852 2182 solebant,
876 2133 1094 2173 vocare
1122 2125 1449 2190 coeperunt.
1490 2123 1635 2176 Cum
1683 2136 1825 2177 vero

170 2200 313 2257 feras
340 2203 484 2272 ipsa
539 2203 652 2257 illis
712 2220 831 2260 non
871 2206 1203 2273 obedirent,
1240 2208 1491 2278 januam
1533 2211 1822 2279 patefece-

168 2296 331 2355 runt,
360 2296 416 2345 et
446 2291 580 2346 feras
612 2308 727 2346 uno
759 2293 985 2363 impetu
1015 2311 1225 2351 omnes
1249 2297 1535 2362 exierunt,
1564 2303 1620 2354 et
1644 2315 1828 2370 quos-

169 2394 407 2450 cunque
438 2379 705 2434 inﬁdeles
746 2382 1017 2437 homines
1056 2400 1243 2454 prope
1282 2384 1532 2454 januam
1588 2388 1827 2443 invene-

170 2473 331 2529 runt,
364 2467 562 2523 statim
620 2467 984 2536 interfecere,
1025 2477 1081 2527 et
1110 2473 1186 2527 ad
1218 2472 1455 2529 deserta
1492 2474 1626 2530 leca
1656 2476 1825 2531 aufu-

175 2561 407 2623 gerunt.

251 2644 617 2699 XV.Carceris
634 2649 830 2701 autem
862 2648 1143 2703 custodes
1171 2649 1418 2706 Paulum
1433 2656 1488 2705 et
1518 2649 1545 2704 J
1557 2649 1819 2706 uliauam

170 2731 251 2786 ad
288 2733 589 2789 Aureliani
632 2734 889 2790 tribunal
936 2735 1256 2793 duxerunt.
1278 2739 1588 2808 Tyrannus
1645 2739 1822 2807 igitur

170 2836 277 2875 eos
305 2821 565 2887 intuens,
600 2838 669 2877 ac
701 2822 902 2877 ridens
935 2840 949 2877 :
976 2824 1244 2887 Beatum,
1269 2825 1480 2895 inquit,
1509 2842 1603 2880 me
1644 2827 1821 2881 hodie

170 2911 473 2975 existimo,
500 2910 664 2980 quod
680 2916 876 2966 vestra
897 2913 1325 2966 consuetudine
1359 2912 1525 2966 fruor
1543 2933 1555 2980 ;
1571 2912 1823 2968 fortasse

173 2998 333 3051 enim
362 3012 650 3066 magnum
677 2997 902 3068 aliquid
932 3015 967 3054 a
1008 2998 1176 3054 vobis
1215 2998 1602 3061 lucrifaciam,
1636 3007 1689 3054 et
1720 3016 1825 3071 per

1934 1849 2103 1903 diens
2139 1851 2167 1903 ’ἐ
2202 1851 2307 1903 Per
2336 1850 2480 1904 deos
2502 1850 2664 1921 ipsos
2699 1864 2810 1918 ego
2840 1850 3110 1906 omnium
3138 1867 3424 1922 generum
3463 1856 3577 1906 tor-

1936 1938 2151 1993 mentis
2182 1936 2467 2006 aﬁligam,
2502 1942 2560 1992 et
2586 1953 2766 1993 nemo
2794 1954 2825 1993 e
2860 1940 3137 1995 manibus
3169 1941 3315 1995 meis
3345 1941 3576 1995 auferre

1934 2029 2166 2098 poterit.
2184 2026 2366 2082 lussit
2393 2025 2569 2095 igitur
2595 2026 2795 2095 ignem
2817 2026 3099 2094 aﬂ‘erri,et
3119 2028 3574 2099 quatuordecim

1934 2115 2133 2183 virgas
2162 2114 2630 2185 ferreas,easque
2654 2115 2712 2167 in
2730 2113 2931 2184 ignem
2957 2116 3255 2186 conjici,et
3272 2116 3445 2171 valde
3476 2132 3574 2171 ac-

1934 2202 2108 2257 cendi
2141 2218 2153 2257 :
2171 2210 2292 2257 tum
2310 2201 2464 2258 Pauli
2486 2217 2702 2257 manus
2725 2206 2783 2257 et
2802 2202 2984 2272 pedes
3003 2202 3576 2275 ligari,ferreumque

1934 2295 2162 2345 vectem
2194 2290 2343 2345 inter
2382 2305 2597 2345 manus
2637 2297 2693 2344 et
2729 2290 2911 2360 pedes
2948 2291 3128 2360 injici,
3163 2298 3218 2346 et
3258 2292 3315 2346 in
3359 2297 3575 2347 terram

1933 2379 2136 2449 deﬁgi,
2169 2396 2240 2434 ac
2272 2379 2356 2433 sic
2386 2378 2567 2446 virgis
2597 2378 2796 2446 ignitis
2823 2378 2984 2434 binis
3015 2395 3121 2449 per
3150 2378 3307 2434 vices
3331 2379 3575 2435 l’aulum

1932 2468 2181 2537 percuti,
2255 2467 2491 2521 Juliana
2553 2480 2695 2521 vero
2773 2465 2947 2535 jussit
3003 2466 3062 2521 in
3115 2467 3387 2539 lupanari
3440 2482 3578 2522 con-

1932 2554 2330 2625 stitui.Itaque
2364 2553 2528 2609 multi
2549 2570 2580 2609 e
2602 2552 2908 2620 turbailla,
2949 2570 3085 2625 quae
3125 2555 3572 2620 circumstabat,

1931 2641 2158 2697 scelesti
2188 2649 2245 2697 et
2276 2640 2481 2697 nefarii
2510 2640 2811 2707 homines,
2830 2643 3095 2699 certatim
3113 2644 3573 2709 contendebant,

1928 2730 2064 2800 quis
2080 2730 2155 2785 ad
2174 2746 2308 2785 eam
2334 2728 2564 2800 primus
2580 2729 3006 2797 ingrederetur.
3042 2733 3388 2787 Erantenim
3416 2731 3577 2786 velut

1930 2818 2062 2887 equi
2090 2817 2447 2881 hinnientes,
2479 2817 2609 2886 ejus
2648 2816 2855 2888 puellae
2889 2818 3084 2874 forma
3138 2820 3379 2875 incitati.
3428 2822 3574 2875 Cum

1930 2920 2072 2958 vero
2110 2906 2171 2958 in
2200 2921 2271 2959 eo
2300 2904 2453 2971 loco,
2493 2906 2554 2959 in
2591 2920 2714 2975 quo
2755 2906 3105 2962 Aurelianus
3124 2909 3400 2977 jusserat,
3433 2923 3579 2962 con-

1934 2991 2132 3046 stituta
2170 2996 2347 3060 esset,
2380 2993 2574 3047 statim
2605 2994 2851 3061 angelus
2879 2994 3113 3049 Domini
3168 2994 3473 3050 descendit
3502 2995 3577 3050 de

174 3084 325 3139 deos
347 3084 531 3156 ipsos,
555 3084 603 3139 si
632 3086 877 3157 quidem
908 3088 1053 3142 mihi
1084 3101 1287 3142 verum
1310 3087 1601 3157 dixeritis,
1639 3088 1824 3142 multa
1858 3113 1899 3169 ο
1935 3077 2107 3169 οφὶον
2136 3083 2197 3169 βῐ
2250 3080 2394 3169 ἀὶξὶίῐ
2428 3094 2450 3169 εΔ
2500 3082 2578 3134 ΝΘ
2641 3082 2870 3148 timeas,
2935 3081 3174 3137 λιιιίᾶηᾶ
3232 3100 3246 3148 ;
3293 3081 3577 3137 Dominus

175 3178 234 3228 et
257 3188 483 3242 magna
511 3172 673 3229 dona
710 3190 746 3229 a
775 3190 868 3229 me
907 3175 1265 3246 percipietis,
1298 3182 1353 3231 et
1384 3177 1549 3245 regni
1585 3178 1696 3231 mei
1718 3192 1825 3246 po-

176 3267 357 3317 testas
388 3277 571 3332 penes
597 3274 705 3317 vos
726 3262 1134 3335 erit.Nunquid
1157 3279 1261 3319 vos
1283 3264 1466 3320 deum
1493 3264 1822 3336 Apollinem

174 3356 554 3421 praesentem,
603 3353 662 3405 et
718 3350 891 3406 vobis
947 3352 1359 3422 opitulantem.
1423 3359 1487 3409 ut
1530 3353 1731 3408 audivi
1789 3370 1824 3408 a

177 3437 544 3510 quibusdam
584 3438 1072 3509 speculatoribus,
1131 3439 1573 3508 vidistis?Nos,
1634 3442 1822 3512 inquit

178 3526 652 3591 Paulus,nullum
670 3527 1004 3598 Apollinem
1028 3531 1592 3599 cognovimus,nam
1613 3546 1823 3585 sumus

173 3631 247 3670 ex
281 3630 488 3669 eorum
515 3630 782 3678 numero,
811 3616 1036 3687 quibus
1058 3620 1210 3672 Deus
1229 3618 1484 3673 salutem
1502 3619 1681 3675 dedit.
1700 3620 1823 3672 Tua

174 3718 320 3758 vero
351 3702 558 3757 anima
596 3703 672 3758 ad
706 3710 956 3759 mortem
1008 3721 1197 3777 usque
1250 3707 1482 3777 perdita
1535 3713 1640 3763 est.
1699 3710 1822 3763 Non

172 3791 335 3845 enim
361 3792 548 3861 sapis,
565 3807 757 3863 neque
774 3793 1118 3863 resipiscere
1144 3795 1231 3848 vis
1252 3810 1265 3860 ;
1285 3794 1432 3866 quin
1454 3796 1577 3851 imo
1600 3796 1824 3852 multus

173 3878 514 3951 tyrannidis
548 3885 662 3934 tute
692 3878 855 3936 furor
879 3880 958 3937 ad
978 3881 1416 3954 blasphemiam
1437 3889 1489 3939 te
1514 3885 1821 3951 convertit,

176 3968 406 4040 quippe
444 3967 546 4038 qui
596 3968 898 4037 angelum,
933 3986 1110 4041 quem
1146 3971 1303 4026 misit
1335 3973 1618 4027 Dominus
1655 3975 1822 4028 Jesus

182 4055 451 4112 Christus
495 4055 573 4111 ad
611 4056 949 4113 obturanda
998 4074 1103 4114 ora
1146 4066 1509 4131 serpentum,
1551 4077 1685 4132 quas
1723 4067 1825 4117 tua

182 4149 275 4199 est
303 4146 643 4213 arrogantia
667 4152 723 4201 et
744 4148 1058 4211 temeritas,
1075 4148 1408 4219 Apollinem
1441 4149 1623 4204 fuisse
1653 4150 1822 4203 dicis.

182 4234 346 4288 Tuuc
402 4233 587 4288 iratus
628 4235 1006 4300 Aurelianus,
1052 4236 1229 4305 jussit
1280 4236 1575 4307 plumbeis
1641 4237 1826 4304 globis

187 4320 354 4376 Pauli
404 4321 678 4376 maxillas
721 4323 1028 4387 contundi,
1064 4330 1242 4394 atque
1280 4324 1359 4377 illi
1416 4323 1531 4377 dici
1575 4326 1699 4378 :Ne
1751 4324 1825 4377 ita

186 4409 529 4478 insipienter
558 4416 613 4464 et
677 4416 1022 4479 arroganter
1050 4410 1331 4480 loquaris,
1388 4426 1522 4464 cum
1582 4410 1735 4466 scias
1774 4416 1825 4467 te

189 4494 530 4565 imperatori
553 4498 842 4550 assistere.

263 4582 395 4636 XVI.
436 4584 614 4637 Jussit
646 4588 851 4652 postea
894 4600 925 4638 e
978 4582 1259 4639 tribunali
1300 4584 1542 4640 Paulum
1584 4585 1822 4651 abduci,

189 4668 560 4725 etlulianam
600 4670 731 4742 ejus
785 4687 1047 4726 sororem
1087 4688 1288 4728 coram
1323 4673 1465 4741 sisti,
1511 4690 1695 4745 quam
1733 4674 1827 4730 his

188 4756 387 4812 verbis
418 4773 730 4829 aggressus
759 4766 846 4816 est
872 4782 885 4814 :
921 4759 1157 4828 Quaeso,
1182 4762 1397 4817 animas
1419 4777 1567 4817 mete
1579 4764 1827 4819 domina

186 4846 437 4912 Juliana,
466 4862 687 4919 quasso,
715 4848 983 4920 inquam,
1015 4856 1069 4905 et
1093 4856 1148 4906 te
1178 4851 1485 4915 hortor,ne
1515 4851 1712 4908 fratris
1745 4851 1825 4907 tui

189 4934 477 4990 insaniam
539 4934 803 4990 imiteris.
846 4937 1115 4993 Videote
1182 4939 1443 5011 puellam
1496 4940 1824 5011 prudentis-

189 5022 621 5087 simam,multa
648 5024 937 5095 sapientia
965 5025 1259 5082 refertam.
1298 5027 1653 5099 Obtempera
1691 5044 1827 5085 con-

190 5111 328 5166 siliis
352 5111 519 5174 meis,
546 5116 600 5166 et
620 5113 935 5169 columnas
964 5130 1175 5171 aureas
1200 5132 1303 5186 per
1323 5122 1511 5171 totum
1535 5124 1825 5172 terrarum

189 5200 414 5265 orbem,
448 5206 549 5255 tuo
602 5202 844 5256 nomine
892 5202 1225 5275 inscriptas,
1266 5205 1515 5274 erigam.
1554 5203 1717 5259 Tunc
1747 5205 1827 5260 illi

187 5286 451 5344 Juliana:
483 5289 739 5354 Minime,
791 5291 1000 5363 inquit,
1048 5307 1143 5347 me
1171 5292 1455 5364 decipies,
1511 5293 1827 5349 Aureliano

189 5382 436 5448 tyranne
467 5382 523 5433 et
548 5377 885 5450 impie.Non
934 5380 1361 5436 circumvenies
1421 5380 1519 5436 Dei
1558 5381 1825 5437 altissimi

189 5479 444 5521 servam.
485 5468 563 5521 Ne
586 5466 732 5522 mihi
760 5472 1045 5523 mternam
1076 5474 1328 5524 mortem
1357 5484 1665 5541 suggeras.
1707 5470 1825 5526 Vis-

188 5567 258 5609 ne
287 5568 380 5608 me
411 5554 644 5625 privare
676 5555 777 5611 Dei
805 5556 995 5627 gloria
1014 5562 1070 5614 et
1097 5557 1316 5614 caelesti
1353 5574 1557 5631 regno,
1604 5573 1727 5631 quo
1758 5564 1819 5615 ut

1935 3166 2093 3219 enim
2124 3168 2293 3220 lesus
2320 3165 2576 3233 Chritus,
2600 3183 2780 3237 quem
2812 3176 2871 3223 tu
2902 3169 3067 3234 colis,
3099 3170 3257 3225 misit
3282 3186 3397 3235 me,
3434 3174 3498 3226 ut
3523 3176 3575 3226 te

1936 3259 2333 3325 protegam,et
2370 3258 2646 3309 sanctum
2679 3270 2902 3310 nomen
2944 3258 3073 3326 ejus
3107 3264 3317 3312 notum
3356 3258 3578 3314 faciam

1933 3341 2218 3396 omnibus
2250 3340 2593 3396 timentibus
2623 3356 2781 3396 eum.
2811 3344 2956 3397 Cum
2987 3360 3128 3399 vero
3158 3345 3326 3401 multi
3355 3346 3433 3401 ad
3468 3347 3581 3401 vir-

1933 3431 2135 3498 ginem
2151 3429 2722 3499 accederent,etejus
2745 3430 3180 3500 pulchritudine
3210 3432 3321 3488 frui
3348 3433 3578 3498 vellent,

1932 3517 2177 3585 angelus
2205 3517 2526 3574 excussite
2575 3518 2831 3588 pedibus
2894 3519 3017 3574 suis
3067 3520 3393 3591 pulverem,
3436 3524 3579 3579 etin

1934 3621 2141 3661 eorum
2165 3606 2370 3661 oculos
2394 3606 2612 3675 injecit,
2641 3606 2723 3662 ita
2750 3614 2810 3663 ut
2834 3623 2936 3663 eos
2958 3612 3286 3665 excascarit.
3318 3612 3582 3682 Quapro-

1933 3700 2064 3765 pter
2084 3710 2278 3765 neque
2306 3694 2565 3765 amplius
2595 3695 2935 3759 cernebant.
2966 3697 3063 3752 ubi
3085 3703 3304 3763 essent,
3330 3705 3434 3755 aut
3454 3715 3578 3771 quo

1932 3781 2304 3854 irent,neque
2352 3782 2429 3837 ad
2459 3781 2623 3838 illam
2693 3784 2973 3839 accedere
3013 3793 3304 3855 poterant.
3348 3786 3411 3843 Id
3440 3803 3579 3843 cum

1934 3871 2120 3925 turbas
2143 3871 2444 3935 Vidissent,
2476 3870 2641 3941 quod
2663 3870 3091 3927 admirabiliter
3116 3873 3336 3930 factum
3367 3877 3575 3942 fuerat,

1934 3975 2055 4015 uno
2081 3959 2284 4014 animo
2309 3959 2677 4015 clamabant:
2694 3961 2937 4028 Magnus
2950 3962 3205 4017 estDeus
3227 3962 3463 4018 Pauliet
3483 3964 3579 4019 Ju-

1932 4046 2107 4103 lianus
2134 4048 2235 4118 qui
2276 4047 2496 4118 ubique
2526 4063 2629 4102 eos
2659 4054 2852 4102 servat
2880 4052 2938 4102 et
2976 4050 3244 4118 protegit,
3278 4050 3380 4121 qui
3409 4050 3577 4107 illum

1934 4139 2158 4192 timent.
2189 4137 2298 4201 Qui
2336 4141 2536 4191 autem
2561 4137 2839 4191 excmoati
2856 4137 3110 4201 fuerant,
3130 4137 3299 4192 ﬂexis
3322 4141 3575 4208 genibus

1936 4224 2241 4294 supplices
2260 4222 2310 4293 ej
2322 4239 2389 4275 us
2398 4237 2575 4291 opem
2594 4223 3018 4292 implorabant,
3032 4225 3291 4279 dicentes
3316 4227 3367 4281 :J
3378 4228 3577 4291 uliaua

1935 4326 2106 4366 serva
2137 4309 2239 4365 Dei
2268 4308 2559 4374 altissimi,
2591 4310 2967 4380 peccavimus
2996 4311 3238 4382 quidem
3268 4321 3474 4370 contra
3501 4323 3575 4384 te,

1936 4416 2070 4455 cum
2102 4398 2275 4454 stulte
2298 4402 2479 4468 atque
2527 4398 2873 4467 insipienter
2909 4414 3019 4454 nos
3052 4403 3444 4471 gesserimus;
3474 4404 3578 4460 sed

1935 4494 1996 4545 tu
2042 4489 2141 4555 da,
2189 4502 2561 4559 quaesumus,
2593 4487 2767 4541 nobis
2816 4488 3071 4553 veniam,
3107 4497 3168 4544 ut
3206 4490 3307 4546 Dei
3345 4508 3519 4549 serva
3559 4509 3574 4550 :

1932 4584 1990 4633 et
2015 4591 2255 4648 precare
2268 4575 2558 4629 Christum
2574 4581 2840 4637 tuum,ut
2861 4577 3033 4631 nobis
3066 4578 3264 4634 visum
3290 4583 3576 4643 restituat.

1934 4668 2152 4722 Eorum
2192 4662 2595 4719 misericordia
2623 4669 2927 4719 commota
2949 4666 3204 4733 Juliaua,
3265 4671 3577 4739 paululum

1934 4771 2107 4825 aquas
2132 4754 2391 4824 accepit:
2426 4757 2481 4807 et
2508 4767 2643 4806 cum
2687 4754 2892 4807 oculos
2918 4753 2977 4807 in
3003 4754 3220 4810 cretum
3252 4759 3573 4827 extulisset,

1936 4843 2120 4898 Deum
2148 4840 2461 4907 invocavit,
2489 4840 2570 4895 ita
2599 4839 2799 4895 dicens
2824 4857 2838 4892 :
2867 4842 3113 4896 Domine
3143 4844 3287 4897 Jesu
3327 4845 3572 4915 Christe,

1934 4940 2140 4987 auctor
2167 4928 2441 4985 omnium
2468 4927 2693 4993 salutis,
2734 4927 2947 4983 exaudi
2979 4945 3095 4994 me,
3123 4936 3180 4985 et
3203 4947 3364 4988 nunc
3394 4935 3575 4992 etiam

1934 5020 2180 5078 ostende
2221 5015 2506 5073 miracula
2563 5022 2618 5071 et
2657 5016 2929 5086 prodigia
2970 5033 3099 5088 quae
3129 5019 3274 5073 facis
3337 5030 3578 5094 propter

1934 5127 2045 5166 nos
2070 5108 2223 5163 ﬁlios
2267 5104 2603 5161 hominum.
2633 5103 2893 5159 Restitue
2917 5104 3010 5159 his
3056 5108 3196 5161 viris
3233 5108 3575 5167 facultatem

1935 5197 2193 5260 videndi,
2238 5200 2300 5249 ut
2320 5200 2596 5249 sanctum
2611 5192 3010 5262 etgloriosum
3040 5210 3260 5251 nomen
3290 5204 3457 5253 tuum
3489 5217 3579 5257 ce~

1935 5287 2213 5343 lebretur.
2236 5283 2371 5339 Hinc
2401 5298 2538 5337 cum
2598 5280 2858 5347 dixisset,
2892 5297 3113 5353 aquam
3141 5300 3320 5357 supra
3377 5289 3578 5346 turbas

1932 5376 2064 5433 illas
2093 5373 2325 5437 infudit,
2360 5377 2416 5427 et
2465 5385 2696 5434 omnes,
2743 5371 2849 5441 qui
2896 5373 3171 5429 excaacati
3208 5374 3462 5445 fuerant,
3496 5380 3576 5434 vi-

1934 5483 2068 5522 sum
2132 5465 2503 5533 receperunt.
2559 5460 2706 5514 Tum
2745 5458 2827 5514 illi
2891 5460 2970 5516 ad
3029 5465 3246 5519 terram
3280 5468 3576 5536 prostrati,

1934 5556 2155 5628 gratias
2178 5554 2294 5607 Deo
2324 5548 2672 5613 reddebant.
2692 5549 3101 5620 pmnitentiam
3122 5560 3386 5624 agentes.
3407 5555 3580 5612 Cum-
