4142 6278
561 279 662 332 583
1904 265 2162 324 MENSIS
2193 309 2196 320 .

2310 261 2586 320 iUSTUS.
3902 261 4022 316 584

559 417 677 473 que
715 405 960 473 peccata
992 417 1100 456 sua
1132 399 1386 456 confessi
1426 405 1642 464 essent,
1699 395 2007 453 Christiani
2065 392 2199 448 facti
2233 392 2276 444 A
2311 390 2444 444 Haec
2475 404 2610 443 cum
2654 390 2941 456 martyres
2963 390 3362 456 precarentur,
3407 385 3580 441 multi
3612 400 3684 440 ex
3729 384 4014 442 Graecis.

2313 478 2407 532 Dei
2443 477 2766 547 potentiam
2797 474 3292 545 contemplantes,
3335 476 3540 530 animo
3582 477 4010 545 compuncti.

2310 565 2387 619 ab
2436 563 2735 618 idolorum
2780 561 3199 632 superstitione
3238 561 3605 627 defecerunt,
3645 568 3706 617 et
3765 563 4009 617 Christi

2309 654 2480 708 ﬁdem
2523 653 2703 707 secuti
2734 657 2914 717 sunt;
2948 650 3114 705 multi
3144 652 3324 705 etiam
3356 651 3692 714 carniﬁces,
3736 653 3860 723 qui
3899 669 4008 706 eos

2311 742 2786 808 verberaverant,
2829 755 2967 794 cum
3021 742 3118 794 Dei
3168 745 3329 794 tanta
3382 741 3440 794 in
3485 740 3618 795 illos
3669 742 4006 796 beneﬁcia

2311 831 2523 887 collata
2573 830 2874 893 vidissent,
2919 833 3146 883 mutato
3185 828 3456 893 consilio,
3521 830 3738 884 Christi
3792 829 3998 884 ﬁdem

2309 919 2587 990 ampilexi
2616 923 2768 972 sunt.

2381 1010 2482 1062 ΧΧ.
2526 1007 2754 1062 Perlata
2794 1021 2934 1060 vero
2974 1011 3110 1059 sunt
3163 1005 3291 1060 huic
3330 1008 3535 1060 omnia
3573 1006 3651 1060 ad
3695 1006 3990 1061 Aurelia-

2309 1113 2475 1157 num,
2503 1096 2600 1166 qui
2627 1093 2825 1164 jussit,
2845 1092 2976 1148 illos
3003 1094 3080 1148 ita
3101 1100 3162 1147 ut
3182 1100 3369 1154 erant,
3395 1094 3452 1148 in
3470 1095 3636 1149 fovea
3653 1093 3993 1164 lapidibus

2308 1183 2618 1238 obrui.Sed
2651 1198 2782 1236 ecce
2812 1187 3052 1251 repente
3074 1181 3316 1236 tonitrui
3341 1184 3565 1236 sonitus
3587 1199 3730 1236 cum
3770 1182 3993 1236 multis

2309 1271 2656 1339 fulguribus,
2708 1275 2764 1326 et
2813 1270 3001 1324 nubes
3052 1269 3169 1324 huc
3220 1276 3397 1340 atque
3437 1270 3575 1326 illuc
3604 1271 3890 1340 agitatas,
3939 1278 3993 1326 et

561 496 716 544 sunt.

634 580 811 632 XVIII.
868 579 1082 632 Paulus
1143 594 1300 642 vero,
1333 577 1406 631 de
1458 593 1578 647 quo
1630 574 2000 635 dicebamus,
2061 586 2198 626 cum

561 683 595 720 a
625 666 994 720 carniﬁcibus
1015 666 1390 730 cruciaretur,
1421 665 1596 733 virgis
1618 663 1728 717 illis
1754 661 1955 716 ferreis
1985 660 2198 713 diutius

560 769 879 824 percussus
938 752 1396 817 vociferabatur,
1435 753 1560 807 haec
1593 752 1841 806 dicens:
1889 746 2199 802 Aureliane

561 847 810 912 tyranne
849 846 905 895 et
930 841 1164 905 nefarie,
1208 841 1496 912 quidnam
1529 840 1665 894 mali
1689 837 1984 904 commisi,
2029 841 2089 891 ut
2118 837 2200 889 sic

561 929 872 984 crudeliter
896 935 948 983 et
974 930 1151 998 impie
1175 945 1268 983 me
1298 931 1521 984 crucies
1552 929 1580 985 7
1599 929 1810 982 Verum
1838 942 1930 979 me
1952 925 2199 996 quidem

565 1017 917 1073 atormentis
935 1016 1220 1070 Dominus
1241 1018 1587 1071 meusJesus
1609 1016 1874 1070 Christus
1895 1013 2199 1067 sublevat:

563 1110 616 1160 te
645 1120 782 1159 vero
830 1109 1031 1157 manet
1083 1104 1396 1157 haereditas
1443 1103 1645 1158 aeterni
1697 1102 1849 1156 illius
1879 1099 2056 1168 ignis,
2097 1100 2198 1170 qui

565 1199 809 1263 paratus
840 1197 927 1244 est
956 1191 1078 1254 tibi,
1111 1198 1167 1245 et
1195 1191 1431 1246 diabolo
1458 1192 1583 1244 haec
1612 1191 1898 1244 adversus
1923 1204 2032 1241 nos
2063 1202 2199 1254 sug-

564 1280 806 1349 gerenti.
845 1282 907 1333 Et
946 1279 1214 1343 ubinam,
1249 1279 1435 1352 inquit
1474 1278 1842 1342 Aurelianus,
1879 1275 2072 1339 Paule,
2115 1280 2200 1329 est

560 1369 792 1424 Juliana
826 1384 990 1422 soror
1018 1373 1137 1431 tua,
1182 1385 1359 1438 quam
1389 1368 1476 1422 ais
1520 1383 1648 1420 esse
1688 1371 2116 1436 temperantem
2148 1368 2201 1416 et

565 1458 856 1525 virginem
882 1457 907 1510 ‘I
942 1459 1018 1510 En
1043 1456 1139 1511 illa
1157 1457 1229 1510 ad
1258 1456 1700 1527 lupanarducta
1717 1461 1820 1510 est.
1843 1457 1991 1509 Num
2025 1459 2201 1525 putas

565 1546 758 1599 adhuc
785 1561 914 1599 esse
943 1544 1371 1611 virginem9Ad
1396 1545 1520 1600 haec
1540 1544 1788 1598 Paulus:
1816 1543 1966 1606 Scio,
1989 1541 2198 1613 inquit,

565 1633 731 1688 illum
759 1633 958 1702 ipsum
994 1635 1198 1697 Deum,
1221 1634 1321 1703 qui
1364 1648 1598 1703 semper
1628 1649 1662 1686 a
1684 1632 1796 1685 tuis
1828 1631 2023 1702 pravis
2047 1630 2204 1698 cogi-

564 1721 881 1776 tationibus
919 1738 1009 1774 me
1040 1721 1557 1784 liberavit,sororis
1588 1721 1764 1775 etiam
1809 1735 1955 1774 mea;
1978 1735 2202 1790 propu-

565 1813 870 1877 gnatorem
901 1808 1104 1872 fuisse,
1139 1815 1194 1863 et
1255 1809 1536 1862 intactam
1587 1807 1664 1862 ab
1698 1807 1861 1862 omni
1900 1807 2034 1861 labe
2067 1823 2203 1862 con-

565 1897 1000 1952 servasse.Misit
1039 1898 1194 1950 enim
1218 1897 1494 1965 angelum
1529 1913 1702 1950 suum
1742 1911 1771 1949 e
1802 1899 2040 1960 caalo,ut
2067 1913 2199 1950 eam

563 1985 903 2040 custodiret.
940 1987 1018 2039 En
1054 1990 1116 2039 ut
1144 1986 1268 2039 sine
1299 1985 1549 2050 macula,
1583 1989 1641 2039 et
1675 1984 2070 2051 virginitatem
2099 1999 2202 2054 pu-

563 2090 691 2128 ram
717 2073 968 2135 habens,
983 2073 1307 2136 revertitur,
1326 2077 1390 2127 ut
1407 2073 1607 2127 videat
1623 2073 1861 2127 vincula
1885 2072 2199 2127 mea.Mise-

563 2169 651 2216 rat
673 2163 827 2216 enim
853 2161 1541 2225 Aurelianus,utJuliana
1565 2161 2045 2226 duceretur.Quaa
2063 2177 2201 2215 cum

563 2251 817 2304 venisset
845 2249 919 2303 ad
944 2249 1285 2314 tribunal,et
1323 2249 1534 2304 Paulus
1562 2265 1694 2305 eam
1719 2248 1982 2313 vidisset,
2015 2249 2202 2304 multo

563 2339 782 2406 gaudio
804 2338 1014 2409 plenus
1040 2339 1186 2392 risit.
1208 2338 1558 2392 Aurelianus
1589 2352 1758 2393 vero:
1795 2341 1966 2401 Num,
1989 2337 2199 2410 inquit,

561 2426 812 2494 Juliana,
837 2431 1134 2480 amatores
1155 2426 1236 2480 tui
1255 2425 1689 2495 pulchritudine
1709 2431 1807 2482 tua
1825 2427 2010 2481 satiati
2033 2426 2200 2480 sunt?

561 2514 743 2569 Atilla
764 2514 934 2568 dixit:
953 2517 1070 2569 Mea
1086 2513 1691 2584 pulchritudo,meum
1711 2520 2131 2569 ornanemtum
2147 2521 2203 2569 et

560 2602 743 2656 decus
786 2601 1046 2656 Christus
1071 2609 1174 2666 est,
1203 2601 1304 2671 qui
1341 2603 1494 2655 misit
1518 2602 1796 2670 angelum
1827 2608 2086 2666 suum,et
2107 2617 2202 2656 me

559 2689 851 2760 abjectam
873 2694 1047 2759 atque
1061 2689 1345 2744 humilem
1362 2705 1594 2743 servam
1611 2693 1893 2760 protexit:
1911 2692 2201 2760 quoniam

560 2777 736 2832 ﬁdem
777 2782 834 2831 et
860 2793 1023 2848 spem
1059 2793 1252 2832 meam
1282 2777 1338 2831 in
1373 2776 1473 2831 illo
1490 2778 1667 2832 fixam
1701 2778 1915 2832 habeo.
1939 2780 2201 2848 Quapro-

559 2871 688 2936 pter
713 2865 930 2934 gratias
961 2865 1038 2919 illi
1093 2881 1227 2934 ago,
1261 2871 1317 2920 et
1355 2874 1628 2920 sanctum
1676 2871 1802 2935 ejus
1840 2881 2056 2922 nomen
2086 2865 2200 2920 col-

558 2954 759 3017 laudo,
793 2953 948 3023 quod
1008 2953 1136 3024 ipse
1174 2960 1279 3017 est,
1308 2953 1411 3024 qui
1452 2954 1589 3010 facit
1628 2954 1924 3009 mirabilia
1967 2954 2128 3008 solus
2154 2956 2197 3018 ⁴,

560 3046 615 3097 et
643 3058 758 3095 non
783 3047 869 3095 est
901 3041 1051 3096 alius
1083 3044 1233 3095 Deus
1263 3047 1473 3112 praeter
1501 3042 1714 3112 ipsum.

631 3129 761 3184 XIX.
793 3129 972 3183 Jussit
993 3129 1274 3201 deinceps
1305 3130 1653 3185 Aurelianus
1673 3131 1920 3186 Paulum
1951 3131 2195 3197 exsolvi,

558 3223 613 3274 et
651 3218 878 3273 foveam
930 3219 1256 3288 quamdam
1284 3218 1481 3282 effodi,
1520 3226 1638 3275 tam
1669 3220 1936 3288 longam,
1971 3226 2198 3291 quanta

558 3313 642 3361 est
675 3308 848 3360 trium
889 3305 1201 3361 hominum
1235 3313 1460 3363 statura
1502 3325 1514 3374 ;
1550 3315 1673 3364 tum
1705 3309 1866 3379 ligna
1897 3315 1950 3363 et
1999 3310 2196 3377 ignem

559 3393 774 3458 afferri,
843 3399 1020 3465 atque
1075 3394 1133 3449 in
1172 3396 1338 3450 fovea
1415 3397 1512 3450 illa
1583 3397 1883 3451 succendi.
1919 3400 2201 3453 Fecerunt

559 3481 1299 3553 carniﬁces,quodjussum
1322 3485 1528 3553 fuerat,
1549 3485 1878 3540 admodum
1894 3485 2192 3550 studiose;

557 3586 698 3626 nam
731 3577 785 3625 et
814 3571 1045 3626 foveam
1082 3573 1277 3626 statim
1319 3572 1670 3641 effoderunt,
1711 3581 1765 3629 et
1794 3575 1994 3641 ignem
2027 3576 2197 3630 vehe-

557 3663 784 3713 menter
813 3659 1227 3714 accenderunt.
1254 3662 1456 3731 Itaque
1489 3662 1838 3716 Aurelianus
1857 3663 2031 3732 jussit
2055 3666 2197 3718 Pau-

556 3746 678 3799 lum
694 3749 752 3800 et
777 3745 1074 3799 Julianam
1104 3748 1160 3799 in
1192 3748 1384 3816 ignem
1406 3747 1571 3801 illum
1591 3750 2031 3818 conjici.Sancti
2057 3767 2195 3805 vero

555 3839 872 3903 martyres,
894 3835 1076 3887 Deum
1091 3834 1514 3897 collaudantes,
1541 3836 1901 3892 Salvatorem
1921 3854 1988 3892 ac
2009 3839 2197 3892 Domi-

555 3937 702 3977 num
730 3922 928 3975 Jesum
993 3919 1287 3975 Christum
1335 3923 1696 3978 invocabant
1753 3925 1826 3979 ad
1856 3941 2028 3995 opem
2084 3926 2195 3980 sibi

553 4009 878 4064 ferendam.
914 4012 1056 4065 Cum
1111 4017 1311 4066 autem
1349 4011 1424 4065 ad
1465 4028 1601 4066 eum
1642 4012 1837 4068 locum
1880 4014 2192 4080 venissent,

555 4114 666 4153 sua
712 4097 984 4153 membra
1036 4099 1225 4153 crucis
1277 4099 1482 4154 Christi
1539 4099 1707 4170 signo
1751 4103 2110 4167 munierunt,
2142 4109 2196 4159 et

555 4191 769 4256 sponte
801 4202 861 4240 se
919 4186 974 4240 in
1017 4187 1213 4255 ignem
1247 4189 1646 4261 conjecerunt.
1683 4193 1859 4246 Erant
1904 4197 2102 4246 autem
2135 4193 2193 4248 in

553 4274 689 4342 igne
719 4273 818 4328 illo
854 4277 1034 4329 Deum
1061 4275 1390 4343 laudantes,
1424 4283 1477 4332 et
1524 4278 1652 4347 ejus
1691 4279 1939 4347 gloriam
1985 4281 2195 4350 praedi-

554 4367 768 4417 cantes.
807 4365 948 4417 Ecce
979 4368 1176 4418 autem
1213 4366 1462 4432 angelus
1502 4367 1732 4420 Domini
1772 4368 2079 4422 descendit
2122 4370 2192 4423 de

554 4450 723 4512 caalo,
753 4450 1048 4504 etfumum
1078 4466 1194 4504 una
1208 4467 1342 4504 cum
1368 4453 1502 4521 igne
1523 4453 1678 4506 foras
1703 4455 1974 4519 excussit,
2001 4472 2192 4524 neque

554 4536 824 4607 permisit
871 4543 1102 4592 sanctos
1158 4544 1440 4608 martyres
1472 4539 1560 4593 vel
1594 4541 1900 4610 paululum
1941 4544 2019 4597 ab
2057 4544 2193 4612 igne

552 4625 901 4697 perturbari.
930 4624 1174 4680 Stabant
1204 4627 1398 4698 itaque
1433 4629 1487 4680 in
1523 4627 1694 4682 fovea
1725 4628 1820 4682 illa
1865 4630 2037 4685 rectis
2069 4648 2170 4686 cor

551 4713 814 4785 poribus,
860 4712 1096 4768 divinas
1152 4713 1362 4769 laudes
1394 4715 1752 4786 proferentes
1784 4717 1842 4772 in
1887 4718 2040 4774 hanc
2065 4736 2193 4775 sen-

550 4800 794 4856 tentiam
827 4819 838 4852 :
871 4801 1212 4855 Benedictas
1242 4819 1324 4868 es,
1355 4803 1599 4857 Domine
1623 4805 1773 4858 Deus
1805 4809 1915 4862 Rex
1945 4808 2195 4863 seculo-

547 4905 701 4955 rum,
731 4889 832 4961 qui
858 4906 1086 4944 memor
1118 4890 1273 4944 fuisti
1328 4891 1672 4946 humilitatis
1704 4901 1921 4950 nostrae
1961 4903 2016 4950 et
2048 4913 2190 4967 pras-

547 4978 735 5032 sentia
763 4982 862 5031 tua
886 4978 1039 5045 ignis
1072 4977 1380 5033 ﬂammam
1415 4980 1740 5035 exstinxisti
1769 4989 2009 5053 propter
2024 4985 2194 5040 boni-

548 5069 724 5119 tatem
747 5071 907 5119 tuam
920 5083 1070 5136 ,quae
1089 5066 1227 5121 facit
1241 5071 1299 5120 ut
1315 5073 1556 5136 peccata
1571 5076 1769 5125 nostra
1789 5086 1907 5125 non
1924 5076 2192 5129 recorde-

547 5152 733 5208 ris.Tu
752 5168 860 5206 nos
876 5155 1374 5224 iudignos,salvos
1392 5162 1566 5227 atque
1583 5156 1913 5214 incolumes
1930 5161 2191 5232 eripuisti

547 5255 582 5294 θ,
605 5239 1057 5309 cogitationibus
1087 5243 1322 5313 tyranni
1344 5245 1661 5309 Aureliani,
1689 5247 1787 5319 qui
1807 5264 1916 5302 suo
1943 5249 2192 5319 imperio

548 5325 625 5381 ita
679 5328 1035 5393 intumescit,
1111 5333 1282 5402 quasi
1358 5332 1588 5389 futurus
1663 5337 1736 5390 sit
1816 5335 2187 5394 immortalis.

618 5516 642 5553 ⁴
672 5513 819 5571 Psal.
843 5529 992 5580 Lxxi,
1028 5517 1112 5573 18.

2310 1362 2463 1430 ignis
2497 1360 2704 1429 plenas,
2743 1374 2931 1430 usque
2979 1359 3054 1412 ad
3087 1357 3384 1413 Aureliani
3427 1365 3840 1430 conspectum
3879 1361 3990 1413 de-

2313 1456 2617 1514 venerunt,
2648 1454 2703 1503 et
2750 1449 2953 1517 ignem
3006 1448 3170 1503 illum
3223 1450 3281 1502 in
3315 1452 3530 1504 terram
3594 1448 3983 1511 effuderunt,

2313 1555 2543 1610 voxque
2568 1539 2697 1593 huic
2723 1553 2754 1592 θ
2793 1537 2944 1592 caelo
2975 1537 3052 1591 ad
3101 1553 3238 1591 eum
3270 1537 3531 1592 demissa
3592 1545 3682 1593 est
3734 1555 3748 1591 :
3801 1545 3986 1592 Aure-

2314 1629 2487 1695 liane,
2519 1626 2827 1695 ingredere
2851 1627 2907 1680 in
2933 1625 3229 1696 abyssum
3262 1626 3550 1691 gehennae
3579 1627 3768 1698 ignis,
3802 1643 3984 1697 para-

2234 1728 2277 1782 B
2315 1723 2433 1772 tam
2461 1716 2565 1770 tibi
2591 1720 2646 1769 et
2667 1716 2818 1785 patri
2841 1720 2939 1768 tuo
2963 1713 3223 1768 diabolo.
3256 1716 3538 1769 Haaccum
3557 1715 3712 1769 facta
3740 1723 3978 1780 essent,

2314 1807 2471 1860 misit
2495 1803 2863 1866 Aurelianus,
2899 1809 2955 1857 et
2993 1802 3168 1871 jussit
3191 1803 3441 1857 athletas
3467 1809 3520 1857 et
3560 1803 3780 1858 Christi
3815 1821 3977 1859 mar-

2313 1903 2468 1965 tyres
2503 1910 2568 1948 ex
2601 1891 2774 1947 fovea
2801 1891 2898 1946 illa
2929 1891 3174 1953 extrahi,
3203 1895 3260 1945 et
3289 1891 3346 1945 in
3379 1907 3676 1946 carcerem
3720 1894 3974 1962 conjici.

2314 1985 2512 2053 Itaque
2543 1981 2728 2035 sancti
2789 1985 3078 2050 martyres
3107 1979 3201 2034 Dei
3252 1979 3501 2046 gloriam
3527 1981 3874 2036 laudabant
3919 1982 3972 2035 in

2311 2071 2589 2128 omnibus
2619 2069 2728 2133 his,
2785 2085 2913 2139 qua:
2963 2072 3114 2122 Deus
3165 2069 3291 2137 ipse
3343 2069 3689 2124 mirabiliter
3719 2070 3970 2125 illorum

2310 2176 2493 2214 causa
2532 2158 2762 2213 fecerat.
2799 2157 3062 2226 Septimo
3101 2155 3193 2210 die
3235 2163 3439 2224 postea
3468 2157 3733 2212 diluculo
3778 2165 3972 2212 Aure-

2309 2249 2504 2303 lianus
2534 2247 2680 2301 sedit
2712 2245 2772 2300 in
2797 2244 3086 2308 tribunali,
3112 2251 3168 2299 et
3183 2244 3715 2314 jussitsacerdotes
3749 2247 3972 2302 afferre

2310 2342 2692 2409 quotcunque
2707 2333 2864 2389 idola
2879 2333 3181 2388 habebant
3194 2339 3441 2402 argento
3454 2340 3509 2388 et
3521 2350 3669 2389 auro
3689 2337 3972 2391 confecta

2311 2442 2379 2482 ac
2397 2425 2666 2496 pretiosis
2697 2421 2991 2493 lapidibus
3035 2427 3266 2477 ornata.
3301 2421 3441 2488 Quae
3465 2424 3810 2478 sacerdotes
3854 2426 3968 2496 ipsi

2315 2531 2450 2569 mox
2510 2514 2566 2567 in
2600 2518 2918 2582 conspectu
2971 2511 3268 2566 Aureliani
3333 2512 3787 2578 constituerunt,
3825 2531 3965 2570 cum

2312 2604 2658 2657 stravissent
2688 2600 2800 2654 sub
2830 2600 2957 2669 ejus
3007 2600 3258 2670 pedibus
3291 2615 3614 2670 purpuram
3673 2603 3960 2670 regalem.

2310 2695 2454 2748 Tum
2485 2689 2838 2745 Aurelianus
2865 2707 2877 2746 :
2915 2690 3145 2750 Vocate,
3177 2689 3378 2759 inquit,
3417 2689 3666 2744 Paulum
3697 2697 3755 2746 et
3779 2694 3958 2748 Julia-

2312 2797 2471 2835 nam.
2503 2781 2659 2843 Quos
2682 2794 2820 2832 cum
2845 2776 3085 2831 vidisset
3107 2783 3242 2831 ante
3262 2777 3515 2833 tribunal
3539 2779 3955 2844 consistentes,

2310 2869 2512 2926 animo
2534 2874 2589 2922 et
2617 2867 2775 2922 vultu
2805 2866 2974 2921 valde
3018 2866 3162 2920 irato
3190 2865 3300 2920 illis
3328 2867 3611 2931 minatus,
3647 2869 3795 2925 dixit
3830 2888 3842 2925 :
3877 2872 3953 2925 Ite

2309 2974 2488 3020 nunc,
2531 2961 2586 3011 et
2615 2955 2727 3010 diis
2779 2954 3105 3010 sacriﬁcate
3133 2973 3145 3020 ;
3179 2955 3362 3009 nolim
3396 2957 3554 3010 enim
3587 2960 3947 3024 existimetis,

2311 3063 2521 3102 manus
2549 3061 2713 3099 meas
2748 3059 2851 3098 vos
2874 3059 3177 3098 evasuros.
3209 3043 3458 3098 Subrisit
3488 3045 3720 3112 Paulus,
3750 3053 3804 3102 et
3829 3050 3909 3103 ait
3934 3066 3946 3104 :

2308 3135 2647 3205 Nunquam,
2670 3137 2934 3203 tyranne,
2946 3132 3128 3186 Deum
3149 3137 3418 3186 nostrum
3441 3132 3836 3204 derelinquam
3849 3153 3938 3199 us,

2307 3225 2408 3294 qui
2455 3222 2673 3277 coelum
2725 3227 2778 3274 et
2805 3226 3014 3274 terram
3066 3219 3275 3274 effecit.
3329 3223 3406 3275 Ne
3461 3228 3612 3292 putes
3651 3223 3924 3292 amplius,

2308 3311 2478 3365 idolis
2509 3309 2625 3364 tuis
2686 3308 2910 3363 cultum
2961 3324 3070 3362 nos
3129 3309 3432 3363 allaturos.
3491 3309 3628 3364 Tum
3679 3309 3931 3367 Aurelia-

2308 3417 2422 3454 nus
2453 3422 2464 3452 :
2500 3397 2788 3459 Violenta,
2841 3397 3052 3468 inquit,
3096 3403 3281 3451 morte
3336 3397 3556 3467 dignus
3586 3414 3665 3463 es,
3703 3399 3944 3456 Idolane

2307 3487 2411 3544 tibi
2469 3488 2595 3543 haec
2625 3487 2943 3542 videntur?
2974 3489 3172 3555 Neque
3206 3486 3508 3556 intelligis,
3568 3504 3703 3560 quae
3743 3488 3829 3542 vis
3888 3490 3944 3544 in

2308 3577 2419 3633 illis
2444 3577 2517 3632 sit
2540 3575 2568 3630 Ῡ

2375 3666 2502 3722 XXI.
2546 3666 2621 3720 ad
2679 3663 2806 3719 haec
2859 3663 3078 3718 Paulus
3123 3680 3136 3717 :
3195 3663 3421 3734 Jupiter
3465 3664 3595 3728 iste,
3656 3681 3839 3734 quem
3889 3670 3948 3720 tu

2305 3754 2484 3808 deum
2517 3769 2644 3809 esse
2671 3752 2830 3817 dicis,
2883 3752 3064 3806 homo
3103 3751 3348 3821 quidam
3406 3751 3513 3806 fuit
3567 3751 3942 3822 fugitivorum

2307 3842 2478 3905 filius,
2523 3841 2624 3912 qui
2656 3846 2840 3895 artem
2897 3840 3194 3908 magicam
3227 3840 3377 3894 bene
3425 3841 3673 3895 edoctus
3706 3841 3894 3898 fuerat
3932 3861 3940 3895 :

2305 3945 2559 4000 cumque
2591 3933 2802 3999 praeter
2830 3934 3071 3982 caeteros
3104 3928 3375 3983 homines
3403 3934 3553 3984 esset
3583 3929 3944 3986 incontinen-

2304 4017 2590 4082 tissimus,
2623 4022 2678 4071 et
2722 4015 2952 4071 libidini
2992 4015 3249 4070 maxime
3275 4016 3524 4080 deditus,
3560 4033 3629 4071 ac
3659 4035 3944 4090 quorum-

2303 4106 2443 4160 dam
2485 4105 2914 4176 pulcherrimas
2940 4119 3147 4159 uxores
3192 4109 3370 4174 atque
3401 4104 3553 4160 ﬁlias
3580 4107 3938 4171 adamasset,

2303 4210 2364 4248 se
2394 4195 2692 4249 continere
2723 4209 2840 4248 non
2875 4193 3063 4263 potuit
3110 4193 3252 4263 Quin
3299 4209 3434 4248 cum
3468 4193 3576 4249 illis
3606 4197 3940 4251 commisce-

2303 4288 2485 4339 retur.
2562 4282 2672 4347 Qui
2740 4282 2920 4337 modo
2994 4282 3050 4335 in
3120 4287 3355 4336 taurum
3415 4289 3703 4348 mutatus,
3766 4285 3937 4340 modo

2304 4372 2394 4426 avi
2459 4372 2685 4436 similis,
2753 4372 2966 4442 aquilae
3033 4370 3268 4438 scilicet,
3322 4386 3390 4425 ac
3453 4386 3672 4442 cygno,
3742 4372 3933 4428 mulie-

2304 4476 2394 4515 res
2490 4460 2808 4516 nonnullas
2895 4475 2965 4513 ex
3054 4458 3172 4528 jam
3267 4458 3440 4514 dictis
3534 4461 3932 4525 circumvenit,

2302 4552 2357 4602 et
2443 4564 2478 4603 a
2546 4553 2742 4603 mente
2795 4548 3079 4602 alienatas
3159 4548 3215 4602 in
3271 4564 3402 4602 eam
3475 4549 3773 4603 miseriam
3839 4551 3937 4604 im-

2301 4635 2468 4708 pulit,
2501 4642 2564 4690 ut
2593 4637 2789 4708 ipsum
2847 4642 3132 4708 tanquam
3165 4635 3343 4690 deum
3377 4636 3652 4691 colerent.
3688 4637 3774 4690 Ad
3822 4638 3938 4693 haec

2301 4728 2360 4778 et
2393 4725 2540 4780 alias
2575 4725 2848 4779 mulieres
2879 4740 2984 4796 per
3011 4725 3214 4779 formae
3270 4726 3656 4779 mutationem
3713 4731 3767 4780 et
3793 4743 3937 4797 prae-

2303 4812 2505 4882 stigias
2558 4813 2805 4883 decepit,
2849 4829 3062 4868 aurum
3115 4818 3543 4868 commutatus.
3607 4816 3669 4868 Et
3709 4829 3784 4868 ne
3831 4815 3936 4870 alia

2301 4902 2431 4968 ejus
2462 4901 2777 4956 libidinosa
2803 4900 3065 4956 facinora
3115 4901 3225 4955 hoc
3255 4899 3384 4955 loco
3433 4917 3666 4955 narrem
3724 4901 3865 4970 (scio
3886 4908 3935 4958 te

2301 4989 2377 5043 ad
2404 4988 2773 5044 iracundiam
2795 4989 3076 5044 concitari
3099 5006 3112 5043 :
3139 4989 3239 5043 sed
3259 4989 3391 5044 licet
3421 4989 3720 5054 irascaris,
3747 4990 3932 5046 dicam

2304 5082 2499 5132 tamen
2535 5078 2681 5132 nihil
2715 5081 2954 5148 veritus)
2983 5081 3108 5145 iste,
3131 5078 3232 5148 qui
3265 5094 3451 5149 prope
3476 5081 3678 5133 Jovem
3715 5080 3935 5149 positus

2303 5171 2406 5229 est,
2441 5173 2492 5220 et
2525 5167 2732 5238 Apollo
2761 5167 2994 5229 dicitur,
3027 5183 3103 5221 an
3134 5182 3252 5221 non
3292 5182 3360 5220 ex
3385 5167 3675 5221 adulterio
3710 5168 3930 5236 genitus

2303 5259 2388 5309 est
2435 5271 2466 5310 e
2519 5255 2760 5311 muliere
2809 5256 3094 5328 quadam,
3153 5271 3282 5326 quae
3339 5256 3563 5311 Latona
3615 5250 3920 5318 dicebatur,

2302 5358 2556 5415 quaeque
2581 5343 2747 5399 illum
2807 5345 3033 5415 peperit
3057 5343 3204 5398 inter
3230 5345 3378 5398 duas
3437 5343 3704 5412 arbores,
3751 5343 3841 5414 qui
3869 5347 3921 5399 et
