4142 6278
184 311 316 370 585

1272 322 1717 382 MARTYHIUM
1748 323 1856 383 SS.
1892 324 2102 385 PAULI
2145 328 2230 386 ET
2266 331 2589 393 JULIANB

3525 324 3631 401 586

188 438 483 537 xnilitum
505 441 997 537 Christianorum,
1022 444 1343 516 aTrajauo,
1372 447 1519 505 dum
1545 449 1605 504 in
1645 449 1881 507 Oriente
1910 452 1956 506 A
1987 454 2364 513 benefaciens
2387 459 2690 523 omnibus,
2724 475 2793 514 ac
2821 458 3081 517 liberans
3107 478 3208 518 eos
3238 465 3281 528 ⁸,
3314 466 3416 537 qui
3448 482 3483 522 a
3503 468 3631 525 dia-

188 528 349 599 ipse
374 547 562 603 opera
586 530 814 587 nefaria
859 533 1179 601 commisit,
1203 542 1432 607 patrem
1451 540 1656 593 Jovem
1688 540 1880 595 imita-

195 622 310 673 tus
342 619 379 673 ‘P
407 620 624 675 Eodem
650 619 833 675 modo
863 627 919 675 et
981 620 1294 694 Dionysius
1348 632 1543 681 vester
1572 626 1669 680 ille
1707 627 1879 694 deus,

199 722 296 762 an
343 724 467 764 non
495 713 550 764 et
589 709 718 779 ipse
742 724 812 764 ex
845 708 1136 765 adulterio
1167 713 1398 781 genitus
1430 718 1518 769 est
1544 730 1614 770 ex
1654 715 1880 771 Semele

204 795 440 854 Cadmi
472 796 627 853 lilia?
647 799 923 867 Nugator.
940 797 1515 871 inquitAurelianus,
1539 807 1595 858 et
1615 803 1882 869 sceleste,

210 900 304 941 an
342 901 465 941 non
496 901 568 941 ex
601 887 831 941 lunone
861 888 1112 941 deorum
1138 895 1325 944 matre
1358 889 1620 945 Bacchus
1651 892 1885 960 genitus

213 980 321 1030 est
351 976 381 1031 ‘t
416 975 554 1030 Risit
606 974 839 1039 Paulus,
884 980 938 1029 et
994 973 1075 1030 ait
1134 991 1147 1029 :
1210 978 1379 1032 Estne
1431 977 1603 1043 deus,
1662 979 1765 1051 qui
1814 996 1887 1035 ex

218 1065 483 1120 muliere
514 1063 748 1133 genitus
774 1063 1019 1135 incipiat
1041 1079 1169 1120 esse
1185 1065 1354 1130 deus,
1383 1072 1481 1122 aut
1511 1069 1617 1139 qui
1646 1084 1887 1125 uxorem

219 1151 668 1209 habeatﬁ‘nnc
680 1152 1029 1208 Aurelianus
1044 1171 1056 1208 :
1074 1154 1419 1227 Quousque,
1440 1155 1652 1227 inquit,
1672 1157 1889 1212 multas

225 1258 433 1312 nugas
455 1241 728 1298 eﬁ‘udens
753 1242 869 1297 diis
900 1242 1216 1298 maledices
1246 1245 1275 1301 ‘P
1306 1260 1383 1300 an
1437 1260 1557 1301 non
1600 1251 1657 1301 et
1705 1254 1893 1302 vester

226 1332 705 1402 Christus,quem
738 1346 841 1384 vos
870 1331 1179 1387 Christiani
1223 1334 1408 1389 Deum
1439 1333 1734 1390 cmlestem
1766 1351 1894 1391 esse

227 1420 453 1489 dicitis,
483 1434 554 1475 ex
586 1419 831 1475 mullere
863 1419 1098 1485 genitus
1125 1424 1216 1475 est
1244 1421 1271 1475 ?
1293 1423 1617 1493 Respondit
1639 1423 1889 1479 Paulus:

230 1510 366 1564 Non
387 1524 449 1564 es
467 1514 527 1563 tu
549 1508 789 1577 dignus,
804 1507 908 1579 qui
927 1508 1025 1563 Dei
1046 1510 1397 1579 mysterium
1417 1511 1653 1566 audias.
1674 1512 1891 1567 Verum

229 1613 316 1652 ne
343 1599 609 1653 oratione
636 1603 740 1652 tua
771 1598 997 1652 multos
1024 1612 1253 1663 eorum,
1272 1599 1374 1671 qui
1403 1605 1716 1669 praesentes
1730 1607 1889 1665 sunt,

232 1686 693 1751 circumvenias,
727 1700 966 1742 necesse
993 1692 1083 1741 est
1112 1686 1341 1756 aperire
1367 1687 1448 1749 id,
1468 1688 1631 1758 quod
1649 1688 1888 1759 quaeris.

1988 542 2128 599 bolo
2155 546 2538 602 vexabantur.
2594 547 2798 603 Postea
2823 548 2881 603 in
2934 549 3093 618 ligno
3144 554 3336 607 crucis
3382 554 3632 612 suffixus

1990 637 2093 695 est,
2126 638 2185 687 ut
2211 634 2463 691 salutem
2493 635 2661 691 daret
2708 637 2954 702 mundo,
2988 638 3091 709 qui
3132 641 3385 709 perierat
3410 642 3634 701 diaboli

1992 719 2268 777 violentia
2295 729 2351 778 et
2394 723 2641 779 fallacia.
2702 724 2864 780 Idem
2908 741 3155 796 corpore
3192 736 3459 786 mortuus
3521 738 3631 788 est.

1996 807 2258 879 Cumque
2285 810 2361 865 ad
2392 809 2611 866 inferos
2632 811 3032 868 descendisset
3072 829 3190 869 una
3230 831 3366 872 cum
3429 825 3636 875 sancta

1995 897 2198 951 anima
2244 897 2344 954 illa
2382 914 2508 962 sua,
2546 899 2818 954 contrivit
2857 906 3061 971 portas
3087 917 3292 969 aereas,
3349 910 3405 961 et
3442 913 3637 963 vectes

1996 983 2211 1039 ferreos
2242 987 2525 1058 confregit
2549 990 2569 1023 °
2605 1004 2616 1041 :
2648 994 2824 1059 atque
2869 990 2926 1042 in
2956 990 3284 1059 caliginosa
3309 992 3638 1052 inferorum

2000 1073 2322 1142 penetralia
2350 1075 2671 1143 ingressus,
2700 1074 2915 1143 eripuit
2941 1092 3043 1132 eos
3074 1080 3175 1150 qui
3219 1081 3467 1136 vinculis
3496 1082 3641 1139 deti-

2000 1162 2315 1226 nebantur,
2354 1169 2410 1218 et
2433 1179 2505 1218 ex
2533 1179 2767 1219 carcere
2783 1164 3006 1219 diaboli
3034 1166 3161 1221 illos
3189 1166 3249 1221 in
3274 1170 3643 1240 superiorem

2002 1250 2306 1317 regionem
2337 1251 2539 1306 eduxit
2569 1253 2635 1305 ιο.
2667 1250 2835 1316 Quod
2860 1258 3048 1308 totum
3073 1254 3258 1324 ipsius
3299 1257 3647 1327 benignitati

2005 1343 2317 1408 acceptum
2337 1339 2630 1395 referetur.
2664 1340 2808 1394 Cum
2836 1354 2974 1395 vero
3000 1341 3081 1397 ita
3113 1350 3244 1413 post
3299 1351 3412 1399 tres
3458 1347 3584 1402 dies
3610 1364 3645 1403 a

2006 1426 2253 1480 mortuis
2309 1428 2749 1493 resurrexissel,
2826 1430 3104 1501 apparuit
3163 1431 3282 1485 suis
3340 1433 3648 1504 discipulis

2004 1520 2183 1584 atque
2209 1514 2510 1585 apostolis,
2553 1520 2610 1571 et
2671 1517 2799 1572 aliis
2849 1518 3065 1588 multis,
3126 1519 3230 1591 qui
3262 1535 3396 1575 vere
3423 1523 3480 1577 in
3507 1538 3646 1580 eum

2001 1601 2405 1660 crediderant:
2423 1608 2625 1659 etcum
2640 1604 2945 1677 aliquoties
2961 1608 3378 1664 commedisset
3392 1615 3445 1664 et
3467 1609 3651 1667 bibis-

2003 1694 2088 1744 set
2111 1705 2246 1743 cum
2279 1692 2564 1760 apostolis
2591 1708 2695 1764 per
2716 1694 2842 1749 dies
2873 1694 3295 1765 quadraginta,
3338 1697 3422 1751 sic
3442 1705 3651 1768 postea

311 1776 460 1832 XXII.
511 1774 678 1830 Initio
726 1774 877 1830 Deus
919 1776 1046 1846 ipse
1089 1790 1226 1830 cum
1262 1776 1479 1831 coelum
1530 1780 1585 1831 et
1651 1781 1886 1843 terram,
1924 1797 1972 1856 Β
2005 1778 2063 1833 in
2108 1777 2327 1833 coelum
2359 1786 2701 1851 assumptus
2739 1786 2844 1847 est,
2891 1787 2946 1837 et
3000 1782 3165 1838 sedet
3220 1784 3298 1839 ad
3343 1784 3649 1842 dexteram

238 1880 408 1920 mare
439 1872 495 1920 et
515 1866 739 1930 omnia,
792 1879 927 1935 quas
959 1863 1013 1917 in
1048 1865 1130 1919 eis
1173 1869 1325 1927 sunt,
1362 1863 1668 1931 effecisset,
1701 1865 1889 1921 homi-

238 1969 382 2009 nem
422 1952 648 2009 eﬂinxit
678 1952 755 2008 ad
784 1951 1111 2020 imaginem
1138 1956 1196 2006 et
1223 1950 1673 2008 similitudinem
1698 1970 1892 2009 suam.

243 2042 466 2096 Purum
507 2042 666 2096 enim
707 2056 742 2095 a
774 2039 1019 2105 malitia,
1052 2041 1451 2109 innocentem,
1480 2041 1728 2111 justum,
1776 2041 1895 2114 pie-

243 2135 361 2185 tate
395 2130 712 2201 praaditum
745 2128 965 2183 creavit
990 2127 1157 2184 illum
1209 2130 1381 2193 Deus,
1414 2134 1471 2184 et
1495 2131 1555 2183 in
1615 2131 1894 2200 paradiso

233 2216 583 2271 deliciarum
602 2216 778 2287 pleno
795 2231 936 2270 eum
951 2216 1279 2271 collocavit.
1308 2219 1683 2272 Paterautem
1704 2225 1897 2274 vester

230 2303 511 2360 diabolus
540 2319 660 2358 non
706 2303 899 2358 ferens
948 2308 1177 2359 tantam
1230 2305 1492 2360 hominis
1537 2305 1894 2370 felicitatem,

235 2395 417 2447 Evam
451 2392 704 2456 seduxit,
732 2396 789 2445 et
814 2406 921 2462 per
951 2390 1137 2458 illam,
1161 2392 1353 2446 Adam
1380 2393 1457 2448 ad
1505 2392 1694 2447 divini
1746 2409 1895 2464 prae-

233 2481 388 2551 cepti
416 2479 942 2550 transgressionem
972 2478 1223 2551 impulit.
1270 2480 1395 2543 Quo
1422 2480 1645 2535 factum
1686 2486 1793 2542 est,
1829 2486 1895 2535 ut

231 2576 287 2627 et
336 2571 526 2625 Adam
566 2568 696 2639 ipse
745 2572 1025 2638 tanquam
1066 2573 1475 2637 transgressor
1530 2584 1562 2622 e
1603 2568 1890 2640 paradiso

231 2660 517 2731 expulsus
538 2658 632 2722 sit,
661 2662 717 2712 et
746 2672 936 2726 genus
988 2671 1166 2711 omne
1210 2656 1548 2712 humanum
1611 2658 1785 2713 morti
1832 2661 1891 2713 et

229 2748 458 2821 peccati
510 2762 703 2818 pmnaa
769 2744 1096 2801 obnoxium
1158 2744 1429 2800 evaserit.
1484 2745 1887 2810 Quamobrem

228 2837 487 2893 caelestis
521 2835 690 2889 Pater
718 2839 775 2888 et
831 2832 1213 2901 omnipotens
1260 2834 1412 2885 Deus
1479 2832 1886 2888 misericordia

232 2933 454 2985 motus.
493 2922 765 2977 humano
825 2918 1025 2989 generi
1080 2918 1394 2973 subvenire
1450 2918 1675 2986 volens,
1730 2921 1885 2974 misit

233 3012 450 3068 Filium
475 3024 676 3074 suum,
706 3012 771 3062 ut
795 3006 1129 3062 humanam
1161 3020 1401 3060 carnem
1454 3007 1797 3076 susciperet,
1831 3012 1887 3062 et

232 3100 428 3155 Adam
444 3102 728 3161 solveret,
748 3110 969 3166 eosque
980 3094 1084 3167 qui
1106 3094 1185 3150 ab
1202 3093 1427 3186 injusto
1441 3093 1883 3186 detinebantur,
1923 3129 1963 3186 ρ

236 3195 365 3262 Ipse
396 3189 574 3258 igitur
625 3189 793 3252 Deus,
866 3183 1121 3239 Verbum
1183 3183 1281 3238 Dei
1338 3199 1408 3239 ac
1453 3184 1633 3239 Patris
1685 3184 1882 3251 Filius,

232 3282 371 3335 ante
419 3274 640 3331 stecula
670 3273 873 3329 omnia
910 3276 1001 3327 est
1027 3270 1317 3341 sapientia
1348 3271 1558 3341 ipsius,
1601 3278 1656 3327 et
1681 3277 1884 3342 poten-

234 3367 319 3423 tia
342 3371 398 3421 et
434 3364 676 3420 dextera
705 3384 717 3415 :
768 3360 874 3433 qui
909 3375 1013 3432 per
1062 3358 1492 3429 archangelum
1551 3361 1881 3417 Gabrielem

236 3452 624 3512 annuntiatus
671 3448 781 3505 fuit
837 3452 1057 3505 sancite
1095 3447 1177 3503 illi
1227 3446 1447 3517 Virgini
1497 3464 1657 3519 purae
1705 3454 1882 3521 atque

233 3541 751 3608 honestissimm,ex
766 3537 1111 3609 prophetico
1128 3542 1183 3592 et
1199 3536 1363 3606 regio
1376 3552 1590 3608 genere
1602 3538 1883 3607 originem

229 3630 491 3688 ducenti.
521 3628 583 3683 1n
604 3628 778 3697 cujus
813 3632 979 3681 utero
1019 3629 1169 3680 Deus
1193 3624 1338 3697 ipse,
1376 3625 1490 3681 hoc
1525 3629 1633 3692 est,
1658 3626 1885 3681 cmleste

231 3720 513 3784 Verbum,
544 3715 709 3788 quod
740 3714 928 3771 oculis
953 3714 1253 3785 corporeis
1276 3728 1394 3768 non
1421 3714 1701 3780 cernitur,
1721 3714 1883 3770 habi-

233 3816 387 3879 tans,
407 3806 664 3877 suscepit
676 3819 916 3875 corpus,
933 3818 1070 3858 cum
1087 3800 1323 3858 Gabriel
1338 3801 1418 3857 ita
1429 3803 1670 3859 Mariam
1688 3803 1883 3874 ipsam

236 3899 451 3957 affatus
482 3900 638 3952 esset
671 3916 683 3948 :
714 3895 836 3949 Ave
855 3893 1057 3962 gratia
1081 3893 1265 3960 plena
1299 3908 1312 3947 :
1341 3891 1617 3948 Dominus
1650 3898 1839 3949 tecum
1867 3913 1879 3957 ;

239 3994 293 4045 et
322 3986 508 4061 paulo
530 3988 665 4055 post
689 3998 703 4036 :
724 3982 985 4051 Spiritus
1011 3987 1253 4037 sanctus
1269 3983 1640 4051 superveniet
1651 3981 1714 4036 in
1737 3987 1809 4048 te,
1830 3985 1884 4037 et

242 4078 431 4133 virtus
451 4071 737 4129 Altissimi
792 4070 1162 4127 obumbrabit
1226 4069 1334 4125 tibi
1380 4086 1393 4124 :
1437 4069 1680 4140 ideoque
1727 4069 1886 4141 quod

241 4171 523 4222 nascetur
554 4177 622 4218 ea:
652 4168 707 4218 te
734 4165 1023 4221 sanctum,
1080 4158 1391 4215 vocabitur
1455 4158 1649 4213 Filius
1688 4159 1794 4213 Dei
1821 4158 1843 4192 ⁸
1870 4197 1883 4210 .

246 4255 482 4311 Genitus
518 4252 695 4322 igitur
741 4248 853 4304 fuit
880 4248 1030 4302 Deus
1077 4252 1131 4301 et
1173 4247 1409 4302 caeleste
1457 4246 1718 4300 Verbum
1786 4258 1891 4314 per

246 4342 538 4415 Virginem
549 4383 563 4406 ,
577 4338 741 4396 omni
753 4336 889 4392 labe
905 4334 1309 4405 purissimam,
1323 4338 1891 4403 corpore,tanquam

248 4437 405 4487 veste
448 4428 735 4501 quadam,
779 4423 1023 4479 indutus
1066 4426 1309 4493 propter
1358 4421 1641 4476 humanm
1684 4418 1892 4475 salutis

249 4516 772 4588 dispensationem.
806 4513 988 4565 Nemo
1015 4508 1176 4563 enim
1207 4512 1437 4579 poterat
1454 4510 1638 4562 Deum
1664 4522 1892 4570 verum,

253 4606 335 4661 ita
358 4609 421 4659 ut
447 4608 553 4668 est,
592 4603 946 4672 praesentem
978 4595 1197 4662 videre,
1244 4611 1381 4651 cum
1440 4597 1591 4651 Deus
1635 4595 1765 4667 ipse
1822 4595 1896 4650 sit

254 4693 408 4763 ignis
437 4702 795 4747 consumens
816 4686 858 4753 ⁸,
883 4700 1075 4757 neque
1099 4684 1283 4741 homo
1312 4683 1527 4757 aliquis
1556 4684 1755 4740 vivens
1799 4681 1897 4739 Dei

255 4781 458 4838 faciem
485 4777 685 4833 videre
735 4773 944 4847 possit.
983 4773 996 4826 ι
1028 4773 1213 4844 Hujus
1240 4773 1414 4843 igitur
1443 4770 1898 4843 dispensationis

257 4884 445 4927 causa
498 4867 652 4922 Deus
694 4868 914 4928 noster,
972 4861 1137 4936 quod
1180 4861 1259 4918 ad
1323 4876 1567 4916 carnem
1624 4861 1896 4932 pertinet,

259 4958 488 5031 genitus
510 4955 634 5024 fuit,
683 4957 739 5009 et
791 4958 853 5007 ut
903 4952 1102 5006 infans
1128 4950 1276 5006 lacte
1334 4949 1591 5005 nutritus
1625 4954 1733 5015 est,
1760 4964 1899 5005 cum

260 5052 412 5106 esset
435 5051 634 5101 tamen
661 5040 966 5097 divinitate
996 5039 1306 5111 perfectus.
1330 5038 1568 5109 Insuper
1596 5037 1783 5094 factus
1815 5042 1904 5094 est

260 5151 427 5211 puer,
468 5130 801 5202 etjuvenis,
859 5143 1116 5201 cumque
1181 5128 1544 5194 hominibus,
1588 5135 1653 5183 ut
1697 5127 1901 5191 homo,

262 5228 642 5282 conversatus
674 5223 765 5274 est
794 5232 986 5274 annos
1040 5216 1277 5284 triginta
1300 5223 1435 5282 tres,
1467 5218 1665 5281 urbes,
1718 5215 1906 5286 regio-

265 5331 390 5380 nes,
431 5318 488 5368 et
543 5306 783 5365 castella
829 5304 992 5363 orbis
1053 5310 1343 5361 terrarum
1395 5304 1813 5377 pertransiens,
1850 5308 1907 5359 et

333 5510 353 5544 δ
380 5494 522 5563 Luc.
554 5522 593 5572 ι,
624 5508 709 5565 28.
744 5506 829 5560 3-2.

271 5580 318 5616 ¹⁰
349 5582 369 5634 ῐ
400 5582 547 5635 Petr.
578 5593 659 5641 ιιι,
691 5576 777 5630 19ξ

558 5700 801 5756 ΡΑτιιοι..
844 5698 947 5755 Ga.
989 5693 1153 5753 CXV.

944 5504 964 5537 ⁸
999 5503 1158 5558 Deut.
1190 5517 1267 5557 1v.
1296 5500 1364 5556 ‘24
1396 5517 1409 5568 ;
1446 5500 1616 5565 Hebr,
1658 5516 1761 5565 xu,
1792 5502 1882 5555 29.

2007 1867 2185 1921 Patris
2215 1882 2355 1923 cum
2394 1884 2645 1939 corpore
2672 1868 2793 1933 illo,
2848 1870 3011 1941 quod
3052 1870 3179 1940 ipse
3215 1873 3366 1949 Deus
3394 1874 3647 1930 Verbum

2006 1955 2119 2010 sibi
2134 1955 2505 2027 copulavit.N
2515 1973 2622 2011 unc
2642 1957 2821 2026 igitur
2834 1958 3112 2013 diabolus
3128 1959 3332 2015 dolore
3350 1960 3649 2031 affligitur,

2007 2044 2172 2098 Illum
2204 2045 2362 2099 enim
2408 2043 2668 2099 Christus
2711 2045 2838 2117 ipse
2886 2045 3356 2103 Christianorum
3400 2049 3654 2120 pedibus

2004 2126 2338 2183 conculcari
2391 2128 2546 2193 fecit,
2604 2129 2708 2200 qui
2740 2143 2846 2200 per
2879 2134 3153 2185 sanctum
3195 2130 3381 2201 ipsius
3432 2148 3652 2189 nomen

2004 2216 2410 2285 ingrediuntur
2448 2215 2508 2270 in
2539 2231 2790 2287 regnum
2843 2216 3131 2273 caelorum
3175 2234 3189 2273 :
3228 2234 3265 2273 a
3305 2234 3429 2291 quo
3467 2235 3653 2289 regno

2006 2308 2066 2357 tu
2082 2302 2310 2358 alienus
2334 2317 2418 2357 es.
2444 2302 2636 2357 Habes
2668 2303 2830 2359 enim
2871 2308 3093 2359 sortem
3135 2310 3193 2358 et
3236 2311 3465 2374 partem
3489 2312 3653 2363 mter-

2005 2406 2144 2446 nam
2176 2390 2333 2460 ignis
2357 2388 2718 2459 gehennam,
2774 2389 3182 2447 hereditatem
3216 2392 3440 2448 diaboli
3469 2394 3651 2464 patris

2002 2478 2086 2533 tui
2118 2478 2471 2550 precipiens.

2070 2567 2294 2622 XXXIII.
2331 2567 2427 2620 His
2457 2566 2698 2631 auditis,
2723 2565 3074 2623 Aurelianus
3107 2582 3225 2639 prae
3258 2568 3455 2624 furore
3486 2569 3648 2627 vultu

1998 2659 2261 2710 mutatus
2326 2659 2434 2717 est,
2494 2659 2552 2708 et
2604 2653 2887 2710 dentibus
2938 2654 3183 2711 stridere
3221 2656 3418 2728 coepit,
3478 2673 3650 2715 exar-

1995 2743 2247 2799 descens
2302 2742 2362 2797 in
2416 2741 2605 2805 illum,
2685 2741 2780 2798 cui
2838 2751 2898 2798 et
2943 2744 3355 2815 respondens:
3415 2747 3645 2814 Multas,

1994 2832 2205 2903 inquit,
2235 2845 2426 2900 nugas
2460 2836 2513 2885 te
2568 2830 2746 2885 modo
2790 2829 3193 2887 effundentem
3249 2848 3459 2903 passus
3488 2851 3646 2902 sum,

1996 2919 2340 2989 patientiam
2370 2917 2431 2971 in
2457 2921 2534 2985 te,
2566 2932 2768 2986 nugax
2800 2922 2856 2972 et
2883 2922 3149 2985 sceleste,
3178 2920 3480 2977 audiendo
3516 2923 3648 2979 reti-

1994 3020 2161 3059 nens.
2185 3005 2269 3059 Tu
2294 3019 2435 3059 vero
2480 3005 2753 3076 quandiu
2792 3020 3002 3076 perges
3039 3023 3133 3062 me
3167 3014 3566 3075 contemnere,
3590 3017 3648 3068 et

1995 3092 2110 3148 diis
2134 3092 2487 3147 maledicere
2502 3090 2709 3148 ?Nuuc
2725 3092 2900 3162 igitur
2913 3094 3022 3149 nisi
3035 3094 3146 3150 diis
3165 3094 3409 3152 immola
3422 3098 3643 3165 veritis,

1996 3178 2267 3252 pessimis
2292 3179 2487 3233 modis
2508 3195 2613 3233 vos
2644 3180 2910 3248 perdam,
2945 3183 3026 3237 ita
3058 3188 3118 3238 ut
3181 3199 3359 3240 nemo
3404 3187 3592 3256 possit
3612 3202 3645 3243 e

1996 3267 2274 3324 manibus
2302 3265 2448 3321 meis
2468 3281 2571 3321 vos
2590 3266 2836 3337 eripere.
2890 3270 3037 3324 Tum
3080 3270 3295 3325 Paulus
3321 3277 3379 3326 et
3407 3274 3645 3332 Juliana

1993 3355 2273 3412 concordi
2300 3352 2504 3410 animo
2536 3360 2590 3409 et
2641 3369 2864 3423 magna
2913 3371 3057 3411 voce
3101 3356 3467 3415 clamantes:
3500 3365 3639 3434 Nos,

1994 3442 2291 3518 inquiunt,
2314 3442 2875 3507 Christianisumus,
2904 3450 2961 3500 et
2985 3445 3045 3500 in
3077 3445 3308 3502 Christo
3341 3448 3478 3520 ipso
3509 3467 3644 3522 spes

1992 3544 2225 3591 nostras
2250 3530 2570 3588 collocatas
2590 3530 2887 3586 habemus
2920 3549 2934 3598 ;
2976 3531 3281 3589 dmmones
3299 3551 3417 3591 non
3433 3538 3643 3596 adora-

1997 3640 2131 3678 mus
2162 3619 2335 3676 idolis
2364 3619 2477 3675 tuis
2534 3634 2656 3674 non
2697 3620 3013 3687 servimus,
3077 3627 3370 3679 tormenta
3392 3631 3495 3682 tua
3518 3642 3640 3684 non

1995 3712 2292 3767 timemus.
2336 3709 2612 3776 Excogita
2636 3707 2813 3779 igitur
2847 3724 3241 3783 quoscunque
3308 3713 3389 3768 vis
3420 3716 3643 3772 crucia-

1995 3808 2108 3867 tus,
2141 3797 2317 3852 ﬁdem
2350 3796 2509 3852 enim
2542 3796 2602 3851 in
2646 3799 2761 3851 Deo
2815 3795 3133 3863 habemus,
3166 3800 3287 3857 fore
3323 3807 3448 3859 uta
3469 3804 3641 3861 nobis

1995 3887 2309 3960 supereris,
2367 3884 2875 3956 quemadmodum
2927 3892 3097 3957 pater
3123 3892 3254 3944 tuus
3301 3890 3643 3950 diabolusa

1995 3978 2219 4035 Christo
2250 3978 2564 4045 superatus
2593 3972 2721 4037 fuit,
2746 3973 2847 4045 qui
2872 3989 2983 4029 n0s
3030 3976 3208 4032 etiam
3255 3979 3534 4037 robustos
3560 3982 3638 4039 fa-

1995 4067 2091 4130 cit,
2118 4070 2175 4119 et
2202 4077 2420 4134 pravas
2446 4066 2603 4115 artes
2633 4065 2765 4115 tuas
2794 4068 3117 4132 expugnat.
3144 4066 3275 4119 Haec
3295 4081 3423 4121 cum
3446 4070 3643 4125 audis-

1996 4159 2084 4207 set
2103 4147 2673 4215 Aurelianus,jussit
2725 4147 2954 4218 lignum
3007 4150 3317 4220 quoddam
3350 4170 3640 4223 magnum

2000 4235 2217 4293 afferri.
2250 4236 2421 4299 Quod
2459 4248 2597 4287 cum
2649 4234 2899 4289 allatum
2943 4235 3168 4301 fuisset,
3214 4237 3349 4295 fecit
3390 4243 3642 4302 Paulum

1998 4327 2058 4381 in
2090 4339 2159 4379 eo
2186 4321 2434 4390 alligari.
2469 4318 2784 4376 Carniﬁces
2804 4335 2947 4376 vero
2985 4323 3114 4391 ejus
3165 4341 3384 4382 manus
3407 4330 3645 4401 colliga-

1998 4418 2157 4470 runt.
2188 4410 2352 4465 Tunc
2371 4405 2720 4463 Aurelianus
2732 4409 3014 4480 praecepit
3034 4426 3317 4470 accensas
3334 4414 3645 4490 lampades

2002 4499 2219 4565 afferri,
2254 4505 2311 4555 et
2339 4499 2398 4553 in
2424 4497 2553 4567 ejus
2593 4496 2805 4552 faciem
2834 4495 3015 4566 injici,
3049 4515 3325 4570 prmcone
3380 4505 3462 4563 ita
3488 4509 3646 4565 voci-

2003 4592 2265 4648 ferante:
2302 4589 2379 4642 Ne
2409 4585 2470 4640 iu
2503 4584 2665 4640 orbis
2697 4589 2985 4642 terrarum
3024 4586 3309 4648 dominos
3334 4601 3649 4653 contume-

2003 4679 2191 4736 liosus
2242 4677 2341 4740 sis,
2397 4690 2545 4730 neve
2592 4672 2653 4728 in
2712 4673 2877 4744 ipsos
2958 4676 3275 4736 maledicta
3335 4684 3644 4753 conjicias.

2074 4766 2244 4823 XXIV.
2275 4763 2509 4819 Juliana
2538 4776 2676 4816 cum
2701 4759 2940 4817 fratrem
2989 4779 3165 4820 suum
3213 4767 3350 4837 igne
3376 4770 3651 4830 comburi

2005 4859 2315 4929 spectaret,
2365 4865 2604 4906 summa
2647 4863 2788 4904 voce
2837 4849 3155 4907 clamavit:
3219 4855 3262 4910 Ο
3317 4861 3566 4926 tyranne
3596 4864 3655 4917 et

2007 4944 2269 5006 sceleste,
2301 4939 2442 5013 quid
2478 4936 2619 4994 mali
2674 4936 2853 4992 frater
2907 4954 3077 4994 meus
3127 4943 3448 5015 commisit,
3482 4952 3542 5002 ut
3571 4947 3655 5005 ita

2009 5030 2319 5089 crudeliter
2384 5042 2520 5082 eum
2574 5024 2801 5081 crucies
2882 5026 2910 5081 ?
2967 5026 3149 5082 Jussit
3217 5032 3570 5090 Aurelianus
3599 5042 3657 5094 et

2008 5121 2303 5179 Julianam
2334 5133 2394 5173 in
2417 5115 2581 5186 ligno
2606 5113 2835 5183 alligari
2885 5118 2941 5169 et
2987 5131 3268 5173 accensas
3292 5118 3451 5176 faces
3489 5124 3551 5179 in
3585 5139 3656 5181 os

2011 5212 2140 5282 ejus
2162 5208 2298 5264 etin
2326 5211 2512 5262 totum
2570 5217 2787 5272 corpus
2813 5201 3082 5258 adhiberi
3133 5222 3147 5271 ;
3204 5207 3299 5261 cui
3354 5215 3413 5265 ct
3465 5211 3655 5270 dixit;

2012 5296 2528 5371 impudentissima
2558 5290 2765 5346 mulier
2794 5290 3096 5356 erubesco,
3142 5298 3659 5365 quemadmodum

1997 5495 2172 5553 Exod.
2216 5505 2411 5549 xxxtu.
2472 5492 2557 5544 20.
2670 5485 2691 5520 ⁸
2725 5488 2846 5541 Act.
2866 5500 2922 5550 x,
2957 5484 3047 5543 33.
3161 5491 3181 5525 ³
3223 5491 3375 5549 Psal.
3409 5510 3519 5564 ενι,
3559 5496 3659 5555 16.

3249 5687 3316 5743 19
