4142 6278
567 256 672 309 587

1938 261 2198 316 MENSIS
2219 259 2602 330 AUGUSTUS

3946 263 4062 318 5815

565 380 844 436 mulieres
875 382 1060 437 decet.
1093 386 1237 439 Tum
1258 384 1491 440 Juliana
1515 385 1715 440 ridens
1760 386 1957 449 :Vere,
1987 385 2198 457 inquit,
2239 393 2281 444 A
2313 384 2371 440 in
2403 385 2621 440 caelum
2647 383 2849 447 erexit,
2875 390 2931 439 et
2962 386 3078 438 Deo
3109 385 3329 452 gratias
3359 385 3494 456 egit,
3551 401 3625 441 ac
3685 388 3946 444 crucis
3981 391 4058 442 si-

562 468 889 533 Aureliane,
935 476 986 525 te
1035 471 1456 528 admonentem
1499 480 1808 545 acceptum
1860 475 2076 541 habeo,
2133 489 2203 529 eo

561 559 723 626 quod
750 557 937 612 dixisti
970 558 1156 614 :Cum
1179 561 1254 615 sis
1297 561 1526 626 mulier,
1562 562 1843 618 erubesce
1884 579 1897 628 ;
1931 577 2203 617 revereor

559 643 736 709 enim,
779 650 833 698 et
880 647 1164 703 erubesco
1206 649 1497 705 Christum
1546 649 1643 705 Dei
1679 652 1925 706 viventis
1971 651 2197 716 Filium,

558 732 659 802 qui
689 736 775 786 est
804 740 937 788 ante
988 734 1198 790 faciem
1239 753 1461 804 meam,
1504 754 1698 811 neque
1742 739 1906 794 illum
1951 756 2197 810 possum

557 819 983 892 derelinquere,
1018 830 1071 879 et
1093 823 1397 880 daemones
1423 827 1632 882 colere.
1663 829 1880 883 Furore
1911 844 2197 883 accensus

556 913 643 962 est
671 910 1041 978 Aurelianus,
1097 929 1235 968 cum
1289 931 1347 968 se
1389 916 1466 970 ab
1502 916 1616 970 illis
1672 918 1910 972 irrisum
1954 919 2194 973 videret.

559 1000 756 1069 Itaque
787 999 963 1068 jussit
1009 1001 1316 1057 carnifices
1357 1003 1555 1074 ignem
1586 1020 1692 1075 per
1743 1010 1929 1060 totum
1978 1022 2195 1077 corpus

555 1083 790 1141 illorum
822 1087 1216 1144 circumferre.
1251 1091 1419 1155 Quod
1449 1108 1587 1148 cum
1623 1092 1703 1147 illi
1733 1110 1870 1149 mox
1902 1094 2193 1162 fecissent,

554 1177 675 1228 tota
701 1175 921 1241 civitas,
953 1192 1086 1247 quae
1119 1183 1462 1234 sanctorum
1494 1186 1822 1251 martyrum
1854 1183 2195 1252 spectaculo

554 1264 848 1328 intererat,
885 1280 1026 1319 voce
1055 1281 1275 1334 magna
1303 1267 1603 1324 clamabat
1627 1289 1638 1326 :
1659 1270 1986 1341 Imperator
2011 1276 2193 1326 Aure-

550 1347 726 1415 liane,
760 1351 976 1420 injuste
1015 1353 1270 1421 judicas,
1301 1354 1517 1424 injuste
1559 1356 1691 1412 illos
1721 1358 1971 1413 crucias.
2008 1359 2061 1415 Si
2089 1375 2194 1415 no-

549 1436 679 1492 lunt
703 1437 815 1492 diis
843 1440 1196 1506 sacrificare,
1226 1445 1577 1499 sententiam
1623 1453 1829 1500 contra
1860 1446 1988 1501 illos
2015 1446 2185 1503 feras.

548 1526 692 1578 Tum
766 1527 1140 1596 Aurelianus,
1207 1544 1342 1585 cum
1415 1539 1720 1599 metueret,
1798 1549 1872 1589 ne
1930 1536 2188 1606 populus

547 1612 896 1669 seditionem
929 1617 1210 1672 adversus
1238 1618 1433 1689 ipsum
1469 1622 1806 1688 concitaret,
1839 1626 2189 1681 sententiam

548 1699 689 1764 tulit,
747 1706 811 1755 ut
860 1718 1066 1757 eorum
1111 1706 1305 1776 capita
1363 1713 1794 1775 truncarentur,
1838 1716 1894 1766 et
1943 1727 2190 1782 corpora
2221 1742 2262 1794 Β

543 1787 795 1843 canibus
824 1806 894 1845 ac
923 1790 1058 1846 feris
1106 1797 1159 1848 et
1191 1793 1530 1850 volucribus
1574 1797 1704 1852 coeli
1740 1799 2182 1869 projicerentur.

611 1877 776 1932 XXV.
806 1880 1009 1942 Itaque
1041 1881 1273 1937 decimo
1291 1884 1543 1955 septimo
1575 1885 1671 1941 die
1698 1889 1918 1942 mensis
1940 1893 2185 1960 Augusti

540 1964 804 2021 exierunt
823 1966 998 2021 simul
1020 1968 1304 2034 laetantes,
1335 1978 1507 2044 atque
1536 1991 1772 2030 versum
1789 1976 1948 2032 hunc
1971 1980 2185 2050 psalmi

539 2054 917 2109 concinentes
934 2072 946 2110 :
963 2057 1231 2113 Satvasti
1248 2076 1373 2127 nos,
1403 2063 1666 2127 Domine,
1691 2065 1764 2119 ab
1786 2066 2184 2136 afﬂigentibus

535 2156 641 2196 nos
662 2146 715 2198 et
745 2143 1004 2200 odientes
1023 2161 1123 2200 nos
1155 2149 1499 2216 confudisti.
1531 2154 1676 2207 Cum
1708 2170 1848 2208 vero
1878 2154 1954 2209 ad
1982 2155 2180 2214 locum

537 2229 794 2300 martyrii
811 2233 1102 2288 venissent
1121 2239 1284 2291 extra
1299 2237 1518 2303 urbem,
1536 2239 1737 2294 Paulus
1752 2243 1982 2309 rogavit
1995 2249 2181 2301 carni-

533 2316 729 2382 ﬁcem,
747 2324 810 2372 ut
829 2320 1121 2375 Julianam
1144 2324 1305 2393 prius
1322 2341 1508 2396 quam
1533 2328 1749 2398 ipsum,
1768 2333 1956 2386 securi
1976 2350 2109 2403 perc
2121 2353 2181 2390 u-

533 2410 690 2459 teret.
723 2407 959 2463 Juliana
990 2425 1144 2474 vero,
1176 2427 1310 2467 cum
1343 2414 1554 2470 faciem
1575 2432 1746 2472 suam
1769 2419 1978 2475 Christi
2007 2423 2178 2494 signo

530 2493 842 2558 munisset,
873 2497 1193 2552 admodum
1226 2498 1360 2556 laeta
1382 2502 1600 2558 collum
1620 2506 1897 2571 extendit,
1923 2493 2176 2582 eamque

529 2582 852 2652 spiculator
881 2586 1068 2639 securi
1091 2589 1400 2656 percussit.
1421 2591 1638 2645 Paulus
1661 2593 1836 2660 igitur
1857 2611 1994 2650 cum
2011 2614 2176 2654 soro-

525 2683 655 2724 rem
683 2669 892 2725 Christi
933 2674 1211 2743 martyrio
1256 2676 1621 2746 perfunctam
1665 2680 1926 2748 vidisset,
1959 2686 2166 2743 oculos

599 2843 640 2878 ¹¹
675 2845 828 2900 Psal.
862 2848 1019 2913 xuii,
1064 2852 1116 2904 8.

2314 487 2433 540 gno
2447 473 2713 527 seitidem
2733 474 3008 526 muniens
3023 473 3244 529 collum
3263 491 3440 530 suum
3458 475 3742 530 extendit
3778 499 3792 530 :
3821 492 4052 548 quem

2311 566 2367 616 et
2384 560 2703 631 spiculator
2733 577 2868 616 mox
2901 560 3298 618 obtruncavit.

2384 650 2560 704 XXVI.
2595 652 2768 705 Erant
2811 650 3045 705 illorum
3091 667 3346 722 corpora
3401 658 3570 708 extra
3627 653 3884 710 urbem
3942 658 4038 725 ja-

2309 739 2519 808 centia,
2549 756 2687 794 cum
2719 755 2749 793 e
2777 739 2906 794 loco
2933 739 3034 794 illo
3060 755 3130 795 ea
3186 741 3389 796 tollere
3425 743 3754 799 Christiani
3794 747 4038 816 prohi-

2308 828 2606 885 berentur.
2642 830 2839 884 Milites
2863 830 3042 896 enim,
3077 830 3158 886 ita
3193 836 3254 885 ut
3287 832 3548 902 jusserat
3590 833 4028 899 Aurelianus,

2307 917 2726 983 observabant,
2742 933 2815 972 ne
2835 918 2972 989 quis
2998 917 3279 990 reliquias
3301 919 3436 977 illas
3458 920 3748 977 auferret.
3789 923 4027 977 Venie-

2305 1004 2449 1061 bant
2474 1013 2672 1061 autem
2694 1007 2751 1060 in
2775 1023 2910 1062 eum
2937 1006 3137 1062 locum
3185 1008 3331 1079 lupi,
3374 1025 3553 1065 canes
3581 1015 3640 1066 et
3671 1011 4019 1070 volucres.

2306 1101 2361 1149 et
2384 1096 2540 1150 circa
2581 1101 2926 1150 sanctorum
2987 1103 3321 1168 martyrum
3368 1114 3616 1170 corpora
3670 1101 4016 1166 sedentes,

2303 1182 2403 1237 illa
2453 1183 2870 1239 custodiebant
2947 1202 2958 1238 :
3001 1201 3257 1257 cumque
3290 1204 3530 1242 muscas
3567 1194 3622 1244 et
3666 1190 4012 1260 ejusmodi

2303 1271 2588 1326 animalia
2613 1288 2795 1341 supra
2825 1288 3075 1345 corpora
3097 1274 3196 1330 illa
3227 1276 3495 1332 sedentia
3525 1277 3820 1334 viderent
3851 1295 4010 1334 aves

2301 1359 2442 1431 ipsa:
2471 1360 2580 1416 alis
2607 1376 2677 1416 ea
2701 1362 3098 1432 expellebant,
3151 1378 3273 1419 non
3336 1367 3773 1437 permittentes,
3839 1373 3917 1421 ut
3945 1370 4003 1424 in

2302 1449 2519 1503 sanctis
2548 1449 2662 1504 illis
2693 1451 3045 1521 corporibus
3074 1453 3414 1508 insiderent.
3472 1455 3672 1526 Itaque
3733 1464 3997 1526 septem

2300 1536 2427 1591 dies
2451 1543 2507 1592 et
2530 1543 2757 1608 septem
2789 1544 2992 1594 noctes
3022 1539 3160 1596 ferae
3191 1558 3260 1597 ac
3317 1542 3587 1598 volucres
3631 1545 3776 1599 caeli
3825 1546 3996 1601 circa

2300 1631 2631 1696 martyrum
2673 1627 2950 1698 reliquias
2993 1631 3411 1686 consederunt.
3468 1634 3764 1688 Caeterum
3827 1650 3995 1689 nnn-

2299 1713 2444 1768 tiata
2489 1719 2627 1768 sunt
2652 1716 2858 1771 omnia
2890 1715 3017 1773 haec
3051 1734 3086 1773 a
3127 1718 3411 1774 militibus
3473 1720 3834 1777 Aureliano.
3870 1725 3988 1788 Qui

2297 1817 2434 1856 cum
2455 1818 2527 1858 ea
2546 1803 2871 1860 audivisset
2899 1821 2910 1858 :
2942 1807 2985 1862 Ο
3039 1805 3321 1874 furorem,
3379 1809 3584 1880 inquit,
3623 1811 3986 1881 pessimum

2297 1890 2764 1948 Christianorum
2793 1895 3065 1961 istorum,
3099 1913 3254 1968 quos
3309 1913 3382 1953 ne
3414 1905 3682 1955 mortuos
3707 1902 3982 1972 quidem

2294 1995 2576 2050 superare
2606 1983 2930 2052 potuimus,
2969 1984 3119 2040 Misit
3162 1985 3360 2056 igitur,
3422 1994 3479 2044 et
3526 1988 3770 2044 millites
3802 1991 3981 2062 ipsos

2293 2075 2472 2124 noctu
2497 2069 2654 2126 illinc
2686 2071 2936 2128 abduxit
2977 2095 2989 2128 :
3037 2089 3234 2146 neque
3255 2077 3416 2132 enim
3465 2076 3703 2134 volebat
3753 2079 3842 2135 de
3878 2081 3979 2137 die

2291 2171 2394 2212 eos
2424 2156 2584 2213 illinc
2614 2175 2936 2226 removere,
2961 2178 3035 2218 ne
3075 2179 3110 2217 a
3147 2163 3515 2230 Christianis,
3540 2166 3970 2236 irriderentur,

2292 2246 2436 2300 Cum
2475 2263 2612 2304 vero
2638 2249 2764 2304 dies
2811 2250 3122 2317 illuxisset,
3180 2253 3450 2309 exierunt
3516 2255 3866 2323 Christiani,
3912 2265 3972 2314 et

2291 2341 2621 2405 martyrum
2663 2353 2911 2408 corpora
2962 2346 3260 2408 curantes,
3301 2349 3652 2414 sumptuose
3708 2347 3770 2400 in
3809 2362 3967 2416 pace

2287 2422 3004 2495 condiderunt,regnante
3021 2429 3270 2484 Domino
3307 2436 3504 2487 nostro
3538 2431 3669 2487 Jesu
3695 2434 3961 2496 Christo.

2287 2525 2426 2565 cum
2453 2527 2574 2582 quo
2614 2513 2765 2569 Patri
2792 2516 2968 2572 simul
3000 2523 3056 2572 et
3087 2523 3294 2573 sancto
3325 2520 3565 2590 Spiritui
3614 2522 3687 2576 sit
3729 2522 3957 2592 gloria,

2285 2606 2480 2662 honor
2499 2614 2554 2664 et
2593 2611 2910 2682 imperium
2941 2629 3102 2670 nunc
3129 2620 3187 2671 et
3236 2632 3488 2688 semper,
3521 2623 3576 2673 et
3604 2619 3665 2674 in
3721 2622 3953 2677 saecula

2288 2695 2655 2753 seculorum.
2679 2705 2887 2756 Amen.

533 3021 3875 3094 mm

1159 3187 1374 3309 DE
1462 3187 1587 3313 S.
1701 3195 2406 3328 ANDREA
2515 3211 3264 3339 TRIBUNO

1863 3504 2018 3596 AG
2157 3511 2569 3609 SOCIIS

1743 3762 2184 3828 MATYRIBUS
2245 3772 2320 3828 IN
2380 3774 2673 3835 CILICIA.

1567 3941 1721 3998 (Acta
1739 3943 1825 3992 SS.
1866 3946 2103 3998 Bolland.
2129 3951 2194 3999 ad
2227 3953 2366 4001 diem
2399 3956 2458 4002 19
2480 3958 2757 4021 Augusti.)

574 4275 602 4346 §
620 4276 660 4330 Ι.
680 4274 922 4359 Ραριὶσα
933 4291 1129 4359 eorum
1143 4287 1455 4350 veneratio,
1474 4303 1673 4344 nomen
1687 4291 1747 4345 S.
1770 4293 2004 4351 Andrea:
2017 4311 2147 4352 con-
2186 4307 2224 4359 C

764 4347 989 4414 fusum,
1017 4353 1186 4415 Acta,
1215 4347 1552 4422 martyrum
1583 4376 1884 4417 numerus.

576 4454 801 4506 Nomen
833 4452 1010 4520 hujus
1041 4455 1408 4512 celeberrimi
1441 4465 1718 4533 martyris
1744 4481 1813 4520 ac
1847 4471 2146 4528 sociorum

503 4555 679 4611 quam
704 4538 776 4592 sit
817 4539 1226 4605 memorabile,
1274 4553 1617 4619 quantaque
1671 4557 1830 4624 aqud
1885 4565 2148 4627 p05teros

505 4627 787 4682 manserit
811 4627 866 4680 in
896 4626 1335 4697 benedictione,
1372 4639 1654 4692 testantur
1685 4626 1909 4699 affatim
1944 4663 2148 4703 monu-

503 4716 1113 4787 mentaantiqua,quae
1140 4719 1215 4772 ad
1233 4735 1344 4774 nos
1367 4738 1556 4794 usque
1570 4726 1641 4780 de
1658 4727 1773 4782 illis
1797 4739 1933 4789 sunt
1963 4741 2145 4791 trans-

499 4805 702 4859 missa.
732 4806 1080 4874 Incipiamus
1107 4821 1143 4861 a
1173 4806 1361 4862 Fastis
1383 4810 1616 4868 Graecis.
1646 4819 1947 4888 Typicum,
1983 4826 2147 4896 quod

499 4892 612 4946 sub
644 4894 700 4958 S,
749 4891 969 4948 Sabbae
1010 4895 1251 4950 nomine
1297 4897 1527 4967 citatur,
1581 4907 1854 4964 mcminit
1898 4891 2020 4969 hoc—
2052 4915 2146 4971 die

502 4998 526 5029 ι
559 4982 753 5036 Sancti
785 4983 1060 5052 martyris
1086 4984 1343 5054 Andreas,
1365 4987 1533 5044 ducis
1558 4993 1849 5064 militaris,
1874 5015 1942 5054 ac
1961 5005 2144 5058 socio-

492 5081 627 5122 rum
649 5070 738 5123 bis
761 5071 1395 5142 millequingentorum
1412 5083 1807 5153 etnonaginta
1823 5088 2142 5147 trium.Me-

490 5153 793 5224 nalogium
819 5158 1004 5214 Sirleti
1021 5160 1102 5214 sic
1116 5159 1322 5218 habet:
1346 5167 1607 5221 «Natalis
1625 5177 1967 5231 sanctorum
1990 5195 2140 5235 mar-

488 5249 676 5313 tyrum
695 5244 964 5311 Andreae,
980 5248 1151 5302 ducis
1174 5253 1480 5315 exercitum
1499 5259 1858 5315 etsociorum
1878 5264 2135 5324 duorum

489 5329 743 5384 millium
777 5332 1243 5401 quingentorum
1273 5343 1601 5412 nonaginta
1621 5348 1817 5419 trium,
1842 5354 1942 5424 qui
1963 5357 2132 5411 Maxi-

482 5418 668 5475 miani
701 5421 1086 5510 persecutoris
1111 5427 1480 5498 temporibus
1519 5434 1690 5491 delati
1737 5418 1897 5510 apud
1930 5446 2133 5501 Antio-

481 5506 655 5563 chum
727 5505 942 5560 ducem
999 5514 1279 5569 exercitus
1333 5520 1498 5589 quod
1559 5505 2125 5592 essent-Christiani

474 5595 911 5665 perseverantes
941 5594 1000 5648 in
1029 5595 1238 5657 Christi
1271 5604 1660 5676 confessione,
1683 5629 1823 5672 ense
1855 5625 2119 5689 percussi

474 5656 486 5665 .
1211 5656 1214 5657 ν
1281 5656 1295 5657 γ
1317 5656 1330 5658 -
1346 5656 1660 5676 ___--_--_-,
1684 5656 1823 5672 νιουν
1898 5656 2119 5680 υιυυθδι

469 5687 663 5738 sunt.»
683 5681 978 5736 Eumdem
997 5697 1127 5739 cum
1143 5687 1471 5751 honoriﬁco
1492 5700 1723 5755 nomine
1740 5656 2114 5776 megtalomar-
2156 5656 2202 5711 D

2261 4302 2405 4370 tyris
2436 4317 2542 4358 nec
2563 4320 2680 4360 non
2696 4308 2938 4365 eosdem
2953 4326 3202 4367 numero
3221 4312 3409 4367 socios
3427 4311 3670 4383 signant
3686 4314 3900 4372 Menaea

2262 4405 2482 4457 magna
2504 4392 2818 4464 impressa,
2842 4413 2910 4453 ac
2945 4404 3260 4472 sequentes
3285 4399 3400 4455 illis
3427 4400 3709 4458 accinunt
3726 4406 3894 4459 versi-

2259 4480 2425 4533 culos
2455 4498 2467 4534 :

2255 4582 2483 4642 Ἔστησε
2513 4592 2720 4659 τμηθεὶς
2751 4592 2981 4664 αἱμάτων
3011 4593 3191 4666 λίμνας
3214 4595 3372 4666 ὄχλος

2259 4662 2341 4736 ξοὶ
2372 4667 2441 4726 τῷ
2474 4662 2871 4732 παραστήσαὺτι
2901 4662 3081 4736 λίμναξ
3110 4662 3336 4736 addi-aly.

2258 4727 2426 4780 Ἐννέα
2491 4727 2579 4784 xui
2661 4732 2864 4807 δεκάτῳ
2934 4727 3091 4809 έάμοὺ
3163 4735 3411 4810 ’Λνδρέου
3491 4738 3887 4811 αὖχινα-λαμ-

3750 4830 3881 4864 προν.

3750 4830 3793 4862 πη

2266 4870 2567 4948 2_'rm_zca_ta
2598 4876 2749 4930 rivos
2777 4879 3084 4948 sanguinis
3112 4895 3221 4945 pro
3263 4885 3318 4934 te
3347 4879 3503 4934 deait
3725 4809 3746 4882 [
3784 4863 3793 4884 ⁸

2265 4942 2458 5021 ζίανὸιι
2493 4944 2631 5021 haec,
2675 4942 2985 5021 aquarum,
3023 4942 3276 5014 Christe,
3333 4949 3437 5021 qui
3466 4950 3623 5004 riuos
3689 4950 3882 5006 dabas.

2253 5011 2423 5068 Nona
2434 5024 2562 5082 post
2585 5011 2871 5074 decimam
2899 5023 3117 5075 cottum
3140 5011 3396 5076 Andre-3
3433 5021 3699 5076 Abscidit
3720 5023 3879 5078 ensis.

2252 5116 2472 5196 Censeo
2502 5120 2765 5176 alludere
2799 5131 3034 5194 poetam
3066 5125 3139 5178 ad
3182 5140 3369 5194 genus
3404 5124 3687 5196 martyrii,
3731 5130 3784 5180 et
3811 5126 3878 5180 ad

2249 5194 2566 5253 salutarem
2591 5201 2811 5256 fontem
2848 5222 2859 5258 :
2891 5204 2962 5258 de
2980 5220 3100 5276 quo
3124 5204 3256 5258 vide
3282 5208 3424 5258 Acta
3454 5194 3620 5273 num,
3658 5205 3710 5257 tl
3750 5207 3806 5257 t2
3828 5210 3876 5260 et

2251 5278 2332 5328 t3.
2369 5277 2528 5333 Dicta
2574 5283 2791 5336 Menaea
2812 5284 3169 5353 peculiarem
3198 5300 3268 5338 ac
3325 5283 3633 5339 solennem
3670 5283 3868 5338 faciunt

2243 5362 2315 5417 de
2341 5367 2394 5420 S.
2434 5370 2686 5425 Andraaa
2718 5373 3068 5427 memoriam
3135 5373 3191 5427 in
3257 5372 3463 5427 Ofﬁcio
3517 5390 3686 5428 sacro
3707 5371 3866 5441 hujus

2241 5450 2372 5521 diei,
2408 5458 2644 5512 condito
2706 5461 2881 5515 etiam
2943 5464 3180 5516 Canone
3234 5461 3292 5516 in
3336 5460 3623 5516 honorem
3669 5461 3870 5525 Sancti,

2240 5542 2411 5609 cujus
2441 5545 2565 5599 haec
2596 5552 2686 5602 est
2713 5549 3056 5604 acrostichis
3086 5567 3098 5602 :

2236 5626 2440 5699 ’Υμνοις
2469 5645 2644 5704 κροτώ
2675 5656 2749 5701 σε,
2777 5633 3018 5710 Ἀνδρέα,
3050 5638 3399 5712 Στρατηλάτα.

2235 5718 2627 5789 Laudestuas,
2658 5741 2690 5780 ο
2726 5726 2946 5784 Ductor
2972 5727 3234 5800 Andrea,
3266 5741 3431 5784 cane.
