4142 6278
130 266 259 321 589
1549 316 1557 326 .
1582 271 1743 327 VITA
1785 270 1822 324 S
1836 314 1849 327 .
1896 269 2227 334 ANDRE/E.
3496 284 3601 338 590

211 395 281 448 2.
322 395 525 453 Porro
574 394 842 451 hodierni
892 395 1081 451 nostri
1127 395 1360 467 pugiles
1397 397 1459 453 in
1490 396 1668 452 variis
1707 394 1838 452 aliis
1868 395 1919 453 Α
1951 395 2042 451 cia
2073 397 2284 454 natalis
2320 401 2509 457 sancti
2535 401 2782 458 Andreas
2821 402 3063 471 tribuni,
3091 405 3464 462 etsociorum
3493 408 3597 465 mi-

134 482 361 539 Fastis
409 486 604 542 sacris
645 491 1075 541 memorantur:
1108 490 1165 541 et
1194 487 1355 540 enim
1395 486 1457 540 in
1488 485 1837 541 Kalendario
1949 483 2140 549 litum,
2171 488 2271 558 qui
2305 488 2548 546 victoria
2578 489 2652 545 de
2694 490 2884 545 Persis
2934 490 3217 547 divinitus
3246 493 3485 567 adepta,
3519 495 3594 553 ad

135 573 593 630 Ruthenorum
624 574 787 647 apud
819 574 1203 630 Possevinum
1246 573 1308 628 ﬁt
1340 574 1561 630 mentio
1594 576 1649 629 S.
1676 576 1836 629 Mart.
1948 573 2129 628 ﬁdem
2161 575 2371 631 Christi
2394 579 2757 648 conversi,et
2771 580 2885 635 hoc
2906 579 3149 635 nomine
3171 583 3453 646 accusati.
3479 584 3593 640 sub

140 662 432 719 Andre»
468 680 479 717 :
509 664 567 719 in
596 664 825 719 Menaeo
864 662 1156 730 Chiﬁletii,
1196 660 1444 736 Ἀνδρέου
1486 662 1837 736 Σρατηλάτου,

140 751 435 808 Andreae
479 753 745 808 militaris
771 752 966 808 ducis.
1027 751 1510 823 Martyrologium
1559 751 1840 808 Arabico-

143 838 531 912 Asgyptium
564 857 635 898 ac
653 858 764 897 ms.
796 841 1155 897 Taurinense
1188 857 1325 897 cum
1358 841 1545 913 ipsius
1578 845 1705 896 tum
1746 855 1837 896 so-

146 930 415 985 ciorum
457 931 517 986 in
547 946 758 1001 genere
792 930 1113 986 meminere
1161 946 1173 995 ;
1224 946 1482 1003 quorum
1514 945 1834 985 numerum

146 1017 546 1075 determinat
608 1019 1007 1088 Men010gium
1074 1019 1596 1075 Slavo-Russicum
1657 1021 1836 1089 Spar-

147 1108 650 1165 wenfeldianum
709 1108 922 1163 eodem
984 1108 1186 1171 modo,
1243 1123 1366 1179 quo
1417 1107 1707 1180 Typicum
1762 1122 1832 1161 ac

150 1195 581 1265 Menologium
610 1196 1223 1268 Sirleti.Synaxarium
1255 1211 1286 1251 e
1311 1195 1834 1265 Menologio,jussu

151 1283 379 1339 Basilii
423 1284 797 1357 imperatoris
854 1283 1124 1351 collecto,
1166 1289 1304 1355 post
1359 1284 1519 1340 hunc
1576 1282 1832 1348 titulum,

159 1376 505 1429 Certamen
538 1372 727 1429 sancti
763 1373 1283 1445 megalomartyris
1330 1373 1584 1428 Andrem
1616 1371 1835 1427 militia:

148 1462 367 1529 ducis,
406 1477 484 1519 ac
517 1462 815 1517 sociorum
843 1462 997 1533 ejus,
1030 1462 1198 1533 ponit
1237 1464 1521 1517 Actorum
1550 1476 1835 1531 compen-

141 1549 552 1622 dium,cujus
571 1556 761 1607 textus
782 1552 1017 1607 Graecus
1038 1566 1292 1606 excusus
1312 1551 1493 1605 datur
1512 1549 1588 1605 ad
1605 1548 1832 1606 calcem

141 1642 302 1697 tomi
342 1641 364 1694 t
438 1640 660 1696 mensis
699 1639 975 1711 Augusti,
1020 1639 1216 1694 Latine
1264 1644 1465 1694 autem
1497 1637 1581 1693 sic
1615 1642 1828 1693 sonat:

1948 664 2301 723 Maximiano
2329 665 2687 738 imperatore
2718 667 2777 721 in
2826 667 3118 736 angustiis
3170 670 3343 725 Tauri
3375 673 3593 728 montis

1947 751 2024 807 ab
2055 754 2309 810 exercitu
2342 754 2563 810 Seleuci
2588 755 2858 827 praesidis
2887 756 3159 812 trucidati
3192 763 3350 813 sunt.
3384 778 3412 810 »

2015 845 2066 896 4.
2098 843 2248 908 Quia
2271 859 2407 897 vero
2430 842 2583 899 circa
2619 844 3133 900 annuntiationem
3174 846 3337 917 apud
3378 847 3592 904 Galesi-

1942 929 2110 985 nium
2142 930 2430 986 nonnulla
2457 947 2593 986 mox
2633 939 2802 987 erunt
2828 932 3115 998 notanda,
3147 933 3307 989 illam
3347 950 3588 1009 quoque

1941 1018 2038 1073 hic
2069 1021 2419 1091 praemittere
2445 1021 2638 1075 visum
2671 1026 2778 1074 est.
2825 1021 2916 1076 Sic
2944 1021 3120 1091 igitur
3158 1026 3333 1077 sonat
3363 1040 3377 1078 :
3411 1044 3434 1073 ι
3464 1023 3587 1080 Cm-

1943 1123 2148 1177 sarem,
2174 1114 2517 1163 sanctorum
2542 1113 2875 1180 martyrum
2897 1110 3107 1180 Magni,
3129 1110 3391 1182 Andreae,
3416 1116 3473 1167 et
3495 1129 3587 1168 so-

1944 1194 2193 1259 ciorum,
2233 1196 2541 1268 quingenti
2566 1200 2622 1251 et
2658 1197 2985 1264 nonaginta
3009 1201 3258 1267 septem,
3300 1214 3437 1254 cum
3471 1199 3587 1256 leo-

1944 1293 2080 1338 nem
2113 1285 2555 1355 conspexissent
2586 1284 2644 1339 in
2676 1284 2953 1339 homines
2995 1300 3031 1341 a
3069 1285 3184 1341 ﬁde
3216 1286 3441 1343 alienos
3482 1304 3586 1344 sae-

1945 1371 2305 1436 vientem,ad
2328 1372 2483 1427 beati
2505 1371 2779 1442 martyris
2796 1372 2982 1443 Magni
3001 1373 3181 1444 pedes
3200 1379 3585 1432 mansuetum

1942 1466 1997 1515 et
2026 1464 2387 1531 prostratum
2407 1461 2638 1531 jacere;
2663 1460 2743 1515 rei
2765 1461 3220 1518 admirabilitate
3274 1464 3581 1529 commoti,

1940 1547 2014 1604 ad
2045 1549 2253 1603 Christi
2284 1549 2464 1604 tidem
2496 1565 2560 1603 se
2585 1550 2983 1605 contulerunt.
3024 1550 3426 1615 Quamobrem
3457 1552 3589 1609 Ale-

1943 1635 2153 1691 xandri
2166 1636 2464 1707 praesidisj
2476 1653 2622 1692 ussu
2636 1637 2820 1709 capite
2834 1637 3435 1709 plectuntur,Magnus
3448 1655 3588 1696 vero

146 1752 173 1781 ι
212 1731 366 1786 Erat
427 1728 542 1792 hic,
576 1728 899 1799 imperante
930 1726 1302 1791 Maximiano,
1334 1726 1457 1782 dux
1487 1726 1739 1781 militum
1772 1725 1832 1781 in
1865 1742 1907 1797 Β
1941 1724 2237 1795 lapidibus
2268 1727 2555 1781 obruitur.
2591 1744 2619 1777 »
2640 1724 3025 1781 Annuntiatio
3055 1725 3184 1781 haec
3212 1729 3484 1783 convenit
3523 1731 3582 1785 S.

147 1816 454 1876 orientali
480 1818 718 1886 regione
745 1817 857 1871 sub
886 1817 1186 1881 Antiocho,
1228 1817 1331 1887 qui
1374 1814 1646 1871 universo
1680 1814 1832 1869 mili-

154 1910 301 1964 tum
370 1905 602 1977 agmini
633 1910 899 1977 prmerat.
956 1911 998 1960 Α
1028 1919 1151 1976 quo
1177 1909 1493 1975 postquam
1539 1920 1657 1959 una
1694 1919 1833 1958 cum

156 1995 306 2051 aliis
329 1994 559 2051 militiae
579 1993 827 2049 ducibus
853 1993 1072 2048 missus
1106 1998 1262 2048 esset
1292 1993 1578 2048 adversus
1610 1995 1832 2057 Persas,

156 2089 222 2139 et
256 2083 573 2140 Christum
589 2082 1006 2146 invocasset,in
1026 2081 1230 2150 fugam
1261 2081 1379 2151 egit
1400 2084 1685 2145 Persas,et
1707 2084 1839 2150 post

156 2172 546 2241 insperatam
576 2170 885 2226 victoriam
918 2172 1105 2225 socios
1156 2185 1266 2225 nos
1297 2169 1373 2225 ad
1419 2168 1627 2224 Christi
1656 2169 1837 2226 ﬁdem

158 2258 488 2328 pertraxit.
510 2258 784 2313 Accusati
809 2272 948 2312 vero
970 2257 1131 2329 apud
1155 2257 1537 2323 Antiochum,
1554 2263 1839 2329 tanquam

156 2346 248 2401 rei
277 2345 536 2415 judicio,
560 2360 764 2404 coram
795 2346 927 2418 ipso
957 2344 1223 2400 astitere:
1257 2350 1315 2400 et
1339 2346 1468 2415 ipse
1492 2345 1738 2416 quidem
1778 2348 1839 2401 in

158 2433 329 2489 lecto
365 2432 557 2487 ferreo
588 2436 777 2505 ignito
801 2433 913 2491 fuit
942 2440 1255 2493 extensus:
1303 2433 1603 2488 sociorum
1639 2440 1838 2489 autem

162 2539 198 2577 e
277 2522 593 2594 quadratis
641 2522 821 2591 lignis
882 2537 1099 2580 manus
1141 2520 1405 2576 transﬁxi
1446 2526 1584 2575 sunt
1632 2520 1834 2575 clavis.

165 2610 404 2667 Deinde
434 2617 634 2666 autem
686 2626 758 2666 ex
800 2611 931 2667 aliis
964 2609 1140 2681 mille,
1172 2609 1422 2681 jubente
1462 2609 1775 2673 Antiocho,
1806 2625 1838 2665 θ

160 2698 442 2771 regionis
462 2699 688 2755 ﬁnibus
710 2700 901 2755 exacti
938 2716 950 2754 :
983 2716 1132 2772 quos
1152 2698 1252 2754 ubi
1278 2698 1649 2753 instruxisset
1694 2700 1837 2753 San-

159 2793 320 2854 ctus,
357 2790 439 2843 ad
493 2785 709 2843 Christi
737 2787 919 2842 ﬁdem
959 2787 1229 2843 adduxit.
1284 2788 1427 2840 Rem
1474 2785 1577 2839 ubi
1601 2800 1839 2855 compe-

158 2874 352 2931 risset
408 2876 756 2944 Antiochus,
799 2889 1022 2945 eosque
1080 2873 1259 2928 simul
1308 2888 1444 2926 cum
1480 2871 1571 2926 his
1617 2872 1838 2942 quibus

160 2968 456 3034 praaerat,
475 2970 631 3018 esset
656 2965 1197 3027 insecutus,omnes
1223 2976 1360 3016 ense
1384 2959 1837 3021 interemit,om-

164 3048 479 3122 niumque
519 3057 891 3123 postremum
931 3048 1249 3113 Andream,
1288 3047 1573 3104 illustrem
1627 3044 1836 3102 Christi

163 3143 534 3210 martyrem,
560 3145 617 3195 et
646 3140 797 3194 inter
826 3137 1080 3194 athletas
1112 3138 1274 3193 fama
1302 3136 1655 3193 celebrem.»

248 3234 452 3297 Quam
484 3226 875 3283 memorabile
907 3227 1087 3296 hujus
1113 3224 1298 3279 nostri
1324 3222 1835 3294 Megalomartyris

163 3338 276 3379 seu
310 3318 510 3386 Magni
538 3316 816 3387 martyris
856 3330 1076 3370 nomen
1103 3320 1188 3369 est
1221 3313 1385 3384 apud
1415 3312 1668 3379 Grecos,
1711 3317 1831 3366 tam

166 3409 413 3468 celebre
442 3406 621 3462 etiam
654 3410 745 3459 est
768 3402 930 3475 apud
954 3402 1212 3466 Latinos,
1257 3400 1690 3472 antiquissimis
1724 3399 1833 3455 uti-

166 3514 290 3573 que
306 3514 381 3554 ac
410 3495 620 3568 primas
639 3498 791 3549 notae
819 3491 1246 3563 Martyrologiis
1278 3490 1647 3560 inscriptum.
1682 3492 1831 3545 Nam

169 3585 488 3644 Usuardus
540 3584 653 3638 hac
677 3581 772 3637 die
802 3582 885 3637 ita
926 3596 1060 3636 eum
1087 3579 1296 3636 refert:
1336 3598 1364 3630 ‹‹
1389 3577 1611 3634 Natalis
1642 3578 1832 3634 sancti

168 3674 395 3745 Magni,
448 3688 558 3727 seu
610 3670 797 3726 sancti
844 3668 1096 3725 Andrem
1127 3667 1427 3739 martyris,
1482 3682 1622 3722 cum
1653 3666 1831 3722 sociis

166 3765 295 3820 suis
336 3760 583 3818 duobus
608 3757 868 3814 millibus
896 3756 1239 3830 quingentis
1270 3756 1593 3826 nonaginta
1618 3759 1675 3810 et
1704 3770 1831 3827 sep-

167 3858 315 3910 tem.
350 3872 379 3902 »
413 3849 506 3905 Ad
535 3864 721 3920 quam
752 3846 1265 3902 annuntiationem
1296 3845 1407 3900 ista
1442 3844 1564 3915 jam
1599 3843 1829 3915 pridem

164 3942 225 3997 in
258 3938 542 3997 Usuardo
573 3954 610 3993 a
652 3935 824 3991 nobis
879 3935 1037 3990 edito
1062 3940 1119 3990 et
1165 3934 1460 3989 illustrato
1516 3932 1829 3989 observata

168 4035 331 4085 sunt.
364 4049 394 4081 tt
425 4025 724 4082 Andream
750 4022 1828 4095 apudGraacosinclytissimumMega-

164 4119 568 4188 lomartyrem
588 4112 961 4185 Martyrologi
975 4114 1154 4168 nostri
1172 4111 1358 4167 Latini
1378 4109 1828 4167 verosimillime

168 4224 242 4262 ex
266 4202 887 4274 Grascaappellatione
923 4200 1256 4256 binomium
1287 4199 1828 4265 fecerintMagnum

168 4311 272 4350 seu
303 4292 628 4347 Andream.
671 4290 765 4347 Sic
796 4290 1014 4345 etenim
1072 4288 1247 4353 Beda,
1304 4290 1482 4357 prout
1514 4284 1675 4353 apud
1719 4298 1830 4337 nos

172 4382 374 4437 editus
400 4385 571 4444 est,et
589 4394 661 4433 eo
679 4378 979 4439 Rabanus,
1009 4378 1345 4430 Romanum
1389 4387 1658 4444 parvum,
1680 4370 1825 4435 Ado,

1944 1814 2275 1884 Magno,cuj
2289 1830 2355 1868 us
2386 1814 2735 1885 martyrium
2791 1812 3062 1885 pluribus
3090 1813 3371 1871 describit
3391 1816 3592 1873 Petrus

1944 1901 2017 1956 de
2048 1901 2350 1957 Natalibus
2380 1902 2482 1956 lib.
2516 1902 2565 1965 7,
2615 1917 2747 1971 cap.
2775 1902 2845 1955 79
2879 1918 2893 1969 ;
2926 1901 2987 1956 in
3018 1917 3134 1973 quo
3186 1908 3387 1959 tamen
3452 1919 3591 1960 cum

1944 1989 2172 2045 nullum
2204 1989 2278 2045 de
2306 1992 2360 2046 S.
2389 1990 2627 2045 Andrea
2654 1990 2959 2046 inveniam
3004 1991 3336 2061 vestigium,
3373 1993 3592 2050 mirum

1947 2078 2091 2134 mihi
2146 2078 2379 2145 accidit,
2437 2077 2627 2150 ipsius
2685 2093 2905 2134 nomen
2971 2079 3266 2134 intrusum
3344 2079 3459 2151 legi
3530 2082 3590 2137 in

1947 2167 2105 2222 dicta
2124 2167 2716 2223 annuntiatione.Sed
2748 2182 2841 2222 res
2862 2168 2990 2222 hinc
3013 2166 3290 2239 pluribus
3309 2174 3593 2225 tractatur

1951 2255 2111 2327 apud
2145 2271 2250 2310 nos
2281 2255 2395 2310 hac
2414 2255 2529 2319 die,
2555 2271 2675 2326 qua
2689 2254 2762 2311 de
2784 2260 2989 2310 sancto
3010 2258 3220 2324 Magno
3242 2257 3594 2329 Cappadoce

1950 2343 2164 2412 agitur,
2189 2357 2326 2414 pag.
2358 2343 2481 2397 717.
2499 2345 2660 2398 Nunc
2676 2343 2748 2398 de
2769 2342 3235 2399 hallucinatione
3259 2345 3596 2417 Martyrolo-

1949 2446 2163 2499 gorum
2196 2430 2742 2501 superiusindicata
2767 2437 2822 2486 et
2843 2431 2934 2486 hic
2970 2430 3239 2502 pluribus
3273 2431 3597 2489 refellenda

1948 2518 2338 2573 tractabimus
2366 2538 2383 2589 ;
2408 2535 2439 2574 e
2469 2535 2590 2590 qua
2618 2518 2847 2574 videtur
2883 2518 3175 2589 originem
3207 2519 3455 2577 traxisse
3480 2522 3598 2579 Ga-

1945 2605 2259 2662 lesiniana.

2017 2700 2067 2750 5.
2106 2698 2169 2751 Et
2206 2711 2276 2751 ea
2304 2694 2551 2767 quidem
2580 2699 2670 2750 est
2697 2694 2916 2767 duplex
2952 2711 2965 2761 ;
3007 2694 3194 2752 altera
3250 2696 3312 2753 in
3361 2713 3431 2753 eo
3464 2713 3589 2754 ver-

1947 2789 2132 2851 satur,
2180 2784 2347 2853 quod
2396 2785 2451 2840 S.
2505 2783 2753 2839 Andreas
2814 2783 3153 2840 addiderint
3195 2801 3416 2841 nomen
3471 2802 3593 2842 non

1948 2886 2150 2934 suum,
2210 2871 2400 2939 Magni
2448 2870 2717 2927 videlicet
2763 2871 2995 2937 ;altera
3043 2872 3323 2928 incertior
3376 2873 3589 2945 priore,

1945 2958 2110 3029 quod
2149 2958 2367 3013 alicubi
2408 2958 2553 3014 forte
2608 2961 2663 3016 S.
2697 2963 2944 3030 Magnus
2986 2960 3156 3017 aliter
3182 2962 3589 3029 annuntietur,

1945 3061 2131 3116 quam
2161 3045 2395 3112 debeat,
2430 3048 2510 3101 uti
2547 3064 2680 3103 mox
2711 3049 2984 3105 referam.
3018 3049 3105 3104 Ad
3128 3048 3384 3121 priorem
3426 3051 3590 3121 quod

1919 3135 2169 3197 -attinet,
2201 3140 2414 3204 printer
2451 3133 2573 3199 illa,
2601 3150 2732 3205 quas
2778 3136 2957 3206 paulo
2988 3141 3128 3192 ante
3168 3138 3588 3209 praemisimus,

1942 3223 2071 3279 haec
2096 3222 2249 3278 addo
2266 3224 2339 3278 ad
2368 3223 2658 3293 majorem
2679 3222 2912 3280 illorum
2930 3226 3469 3281 conﬁrmationem.
3490 3229 3591 3283 Ba-

1942 3311 2148 3365 ronius
2180 3312 2237 3365 in
2262 3310 2671 3365 notationibus
2704 3311 2816 3366 hac
2844 3312 2934 3366 die
2963 3314 3030 3368 19
3076 3313 3326 3381 Augusti
3373 3313 3449 3369 ad
3480 3330 3591 3369 an-

1940 3399 2367 3454 nuntiationem
2391 3398 2785 3470 Martyrologii
2820 3400 3069 3455 Romani
3102 3400 3348 3456 Andreze
3374 3400 3589 3458 tribuni

1941 3494 1998 3543 et
2035 3504 2180 3555 soc.,
2218 3508 2241 3538 α
2278 3489 2357 3542 De
2423 3488 2539 3553 his,
2580 3488 2680 3552 ait,
2711 3487 2824 3543 hac
2881 3486 2978 3543 die
3034 3486 3286 3544 Usuard.
3338 3496 3396 3545 et
3421 3490 3585 3559 Ado;

1940 3576 2073 3631 licet
2099 3579 2395 3631 An-lream
2422 3592 2560 3632 cum
2613 3578 2671 3634 S.
2699 3579 2907 3645 Magno
2934 3577 3326 3634 confundant.
3361 3600 3388 3632 »
3423 3581 3587 3635 Hunc

1942 3682 2202 3720 errorem
2215 3665 2394 3720 etiam
2407 3665 2653 3735 castigat
2669 3666 3010 3722 Lambecius
3025 3667 3583 3724 Commentariorum

1941 3756 2014 3810 de
2033 3753 2636 3809 biblithecaCmsarea
2672 3753 3133 3821 Vindobonensi,
3161 3754 3263 3811 lib.
3292 3772 3406 3820 νιιι.
3445 3771 3578 3828 pag.

1940 3846 2063 3909 202,
2094 3842 2193 3897 ubi
2230 3841 2546 3897 occasione
2587 3843 2877 3898 versionis
2896 3843 3107 3900 Latinas
3137 3848 3195 3899 et
3221 3844 3449 3900 exordii
3479 3850 3585 3901 Ac-

1938 3938 2135 3989 torum
2160 3933 2215 3987 S.
2235 3930 2483 3986 Andreas
2498 3947 2568 3986 ac
2586 3930 2880 3986 sociorum
2896 3931 3060 4003 apud
3078 3932 3319 3989 Surium
3339 3933 3452 3989 hac
3463 3934 3581 4003 die,

1938 4021 2276 4091 Martyrium
2309 4020 2366 4073 S.
2419 4019 2689 4087 Andreae,
2744 4018 2916 4074 ducis
2969 4021 3278 4083 exercitus,
3306 4026 3363 4075 et
3396 4022 3583 4078 socio-

1937 4124 2093 4171 rum,
2122 4111 2360 4160 auctore
2390 4108 2682 4175 Symeone
2714 4106 3125 4176 Metapbraste.
3172 4106 3427 4162 Vocatur
3474 4124 3584 4164 au-

1938 4201 2055 4251 tem
2086 4192 2183 4248 hic
2208 4191 2475 4246 Andreas
2502 4192 2679 4247 etiam
2711 4208 3022 4261 magnus,»
3053 4198 3199 4258 etc.,
3232 4194 3315 4249 sic
3336 4196 3576 4251 scribit:

1940 4301 1969 4334 α
2000 4284 2119 4337 Hoc
2149 4294 2269 4335 non
2299 4283 2383 4333 est
2434 4277 2885 4347 intelligendum
2931 4279 3006 4335 de
3038 4280 3279 4336 nomine
3338 4283 3581 4353 proprio

1938 4370 2126 4439 Magni
2156 4366 2416 4440 ;quippe
2443 4366 2610 4438 quod
2656 4369 2711 4423 S.
2742 4366 3008 4423 Andreas
3054 4368 3397 4427 Stratelates
3456 4386 3581 4427 non

173 4475 253 4538 et,
290 4468 465 4538 cujus
503 4468 631 4537 jam
681 4465 860 4520 verba
903 4464 1196 4523 dedimus,
1262 4458 1589 4517 Usuardus.
1631 4459 1828 4514 Melius
1861 4447 1906 4502 D
1936 4456 2164 4521 habuit,
2201 4457 2306 4512 sed
2361 4461 2586 4511 tantum
2631 4455 2705 4511 de
2755 4455 2920 4517 titulo
2960 4456 3428 4532 Μεγαλομάρτνρος
3458 4459 3582 4515 sive

179 4558 434 4611 fortasse
464 4554 764 4624 legissent,
794 4552 996 4623 magni
1021 4551 1297 4606 Andreas:
1333 4563 1527 4620 neque
1547 4548 1705 4602 enim
1742 4563 1830 4602 ve-

179 4642 452 4700 rosimile
483 4648 650 4713 puto,
688 4639 1112 4713 Martyrologos
1139 4644 1371 4694 nostros
1411 4636 1708 4693 Andream
1736 4636 1831 4691 tri-

180 4732 419 4788 bunum
453 4730 705 4786 militum
756 4745 893 4785 cum
926 4732 1132 4801 Magno
1188 4728 1472 4799 episcopo
1509 4724 1826 4794 Anagnino

180 4818 551 4875 confundere
576 4817 853 4872 voluisse.
891 4837 919 4869 »
941 4815 1592 4872 Hancobservationem
1622 4812 1695 4868 de
1718 4813 1831 4868 du-

181 4908 315 4980 plici
339 4906 586 4963 nomine
598 4906 792 4961 eidem
807 4912 1010 4961 nostro
1025 4905 1271 4977 martyri
1291 4918 1604 4976 perperam
1619 4901 1826 4967 indito,

181 4997 431 5053 inferius
460 4994 818 5051 conﬁrmare
874 4995 1245 5050 conabimur.
1274 4993 1563 5049 Habemus
1593 4991 1828 5046 interim

182 5102 257 5142 ex
281 5085 455 5141 dictis
487 5084 659 5152 (nihil
689 5084 909 5155 quippe
939 5084 1094 5153 cogit
1123 5098 1331 5138 omnes
1362 5081 1495 5151 illas
1514 5080 1831 5135 annuntia-

185 5174 374 5230 tiones
402 5174 523 5229 huc
552 5174 817 5242 integras
871 5170 1282 5241 transcribere)
1339 5169 1541 5237 magni
1568 5167 1828 5223 nominis

184 5269 506 5334 martyrem
536 5260 720 5316 fuisse
752 5262 807 5317 S.
840 5260 1146 5317 Andream
1179 5260 1239 5314 in
1286 5257 1545 5313 Ecclesia
1607 5255 1828 5311 Latina.

188 5353 265 5405 De
314 5349 742 5407 Wandelberto
785 5356 995 5421 postea
1041 5363 1309 5417 agemus.
1351 5343 1831 5417 Martyrologium

189 5438 525 5495 Romanum
558 5440 912 5494 modernum
946 5436 1029 5494 ita
1066 5437 1140 5492 de
1168 5436 1262 5491 illo
1314 5436 1457 5505 legit
1522 5449 1590 5489 ac
1634 5431 1831 5497 sociis,

190 5542 444 5598 quorum
463 5532 662 5584 tamen
678 5542 996 5583 numerum
1010 5542 1127 5583 non
1155 5524 1509 5581 determinat
1541 5539 1553 5577 :
1584 5524 1676 5577 «In
1701 5519 1829 5576 Cili-

1936 4546 2138 4617 Magni
2160 4546 2463 4616 martyris,
2505 4544 2606 4616 qui
2638 4544 2720 4599 illi
2751 4544 2810 4599 in
2847 4544 3029 4615 hujus
3086 4547 3445 4603 narrationis
3496 4548 3583 4604 in-

1937 4636 2252 4704 scriptione
2322 4633 2524 4689 Grasca
2582 4632 2823 4687 honoris
2873 4649 3055 4689 causa
3105 4634 3394 4691 tribuitur.
3448 4636 3585 4691 Per-

1937 4738 2140 4795 peram
2169 4720 2346 4791 igitur
2400 4724 2459 4776 et
2495 4719 2757 4775 absurde
2786 4720 2846 4775 in
2876 4720 3097 4776 Adonis
3143 4722 3580 4795 archiepiscopi

1940 4808 2284 4866 Viennensis
2296 4808 2702 4880 Martyrologio
2727 4808 2824 4863 die
2845 4808 2913 4864 19
2936 4809 3188 4877 Augusti
3216 4808 3448 4881 legitur:
3472 4814 3580 4867 Na-

1938 4899 2069 4956 talis
2101 4899 2287 4955 sancti
2327 4898 2515 4965 Magni
2546 4914 2650 4953 seu
2684 4900 2871 4954 sancti
2900 4898 3206 4964 Andreas,»
3240 4902 3350 4955 etc.
3384 4900 3582 4957 Merito

1938 4988 2139 5059 itaque
2179 4986 2315 5051 ista,
2349 5005 2377 5038 α
2408 4985 2667 5041 Vocatur
2693 4990 2893 5041 autem
2941 4985 3037 5041 hic
3086 4985 3351 5042 Andreas
3400 4987 3581 5045 etiam

1939 5081 2184 5146 Magnus
2214 5096 2242 5126 »
2274 5074 2497 5129 omissa
2523 5078 2661 5128 sunt
2685 5073 2743 5129 in
2774 5072 3031 5129 editione
3054 5072 3226 5138 Surii,
3254 5089 3416 5131 anno
3446 5080 3581 5134 1618

1941 5164 2195 5220 Coloniae
2242 5162 2558 5218 edita.Haac
2611 5161 2685 5217 de
2732 5176 2928 5217 errore
2981 5161 3090 5218 isto
3126 5161 3191 5217 In
3216 5161 3401 5218 alium
3433 5163 3583 5222 forte

1940 5254 2145 5326 lapsus
2184 5256 2270 5307 est
2310 5249 2774 5313 Wandelbertus,
2816 5248 2961 5305 dum
3012 5250 3207 5306 eidem
3246 5256 3581 5324 martyrum

1941 5339 2248 5412 manipulo
2275 5339 2508 5394 videtur
2550 5336 2898 5407 adjunxisse
2930 5340 2988 5395 S.
3035 5340 3315 5408 Magnum
3354 5341 3586 5413 Cappa-

1940 5430 2174 5495 docem,
2209 5427 2305 5484 cui
2329 5427 2508 5483 aliam
2543 5425 2809 5497 martyrii
2853 5425 3195 5497 palaestram
3225 5443 3410 5499 supra
3437 5430 3583 5488 assi-

1949 5518 2188 5590 gnavim
2200 5533 2285 5572 us.
2327 5516 2418 5572 Sic
2440 5518 2600 5572 enim
2622 5516 2799 5572 canit.
