4142 6278
595 329 690 384 591

600 453 862 520 Magnus
892 455 941 504 et
972 447 1244 520 Andreas
1266 449 1472 520 quarta
1500 442 1769 520 denaque
1797 449 2109 497 coruscant
2143 456 2154 493 :

599 515 823 590 Septem
845 519 1166 588 nonaginta
1197 525 1248 590 et
1274 515 1583 590 quingenti
1604 515 1988 590 comitantur,

603 585 754 660 Quos
781 585 1023 659 pariter
1028 587 1222 644 sancti
1237 585 1507 641 simul/iis
1528 585 1612 640 bis
1632 585 2144 654 millesequuntur.

671 688 902 743 6.Varia
919 691 1055 739 sunt
1069 691 1340 738 Actorum
1356 681 1738 751 exemplaria.
1751 681 2096 736 Lambecius
2110 678 2241 733 loco

602 776 782 830 citato
802 773 1046 844 pag.201
1069 779 1121 827 et
1141 775 1246 825 202
1272 787 1452 825 unum
1473 768 1643 824 affert
1669 769 1779 824 hoc
1802 768 1968 823 titulo
1996 784 2063 822 ac
2089 765 2245 838 prin-

600 865 902 934 cipiosz:
956 861 1084 932 αὐτῇ
1141 862 1329 931 ἡμέρᾳ.
1388 858 1643 918 Ἃθλησις
1691 864 1783 909 τοῦ
1836 857 1984 927 ἁγίου
2029 861 2118 907 καὶ
2171 854 2244 906 ἐν-

603 949 761 1014 δόξου
851 949 1313 1021 μεγαλομάρτυρος
1384 943 1630 1020 Ἀνδρέου
1704 953 1796 998 τοῦ
1861 945 2242 1017 Στρατηλάτου,

602 1045 690 1091 καὶ
743 1047 842 1090 τῶν
915 1041 1008 1088 σὺν
1075 1036 1214 1106 αὐτῷ
1280 1035 1640 1088 τελειωθέντων
1708 1031 1991 1105 δισχιλίων
2067 1052 2246 1084 πεντα-

603 1132 791 1180 κοσίων
846 1125 1169 1183 ἐννενήκοντα
1218 1134 1392 1197 τριῶν.
1446 1125 1529 1176 Ἐν
1582 1131 1686 1183 τοῖς
1742 1129 1954 1196 χρόνοις
2000 1131 2092 1183 τῆς
2158 1129 2249 1172 τοῦ

605 1215 957 1268 ἀσεϐέστατον
1030 1213 1357 1284 Μαξιμιανοῦ
1434 1211 1705 1283 βασιλιίας
1785 1209 2019 1282 διωγμὸς
2115 1211 2251 1260 κατὰ

605 1313 931 1378 Χριστιανῶν
985 1302 1177 1373 ἐγένετο
1223 1305 1402 1372 μέγας,
1459 1304 1549 1351 καὶ
1631 1300 1862 1370 μάλιστα
1909 1298 1957 1350 ἐν
2001 1306 2110 1360 τοῖς
2162 1305 2254 1369 μέ·

602 1414 718 1466 ρεσι
773 1401 867 1455 τῆς
914 1396 1113 1466 Συρίας·
1170 1388 1307 1461 εἶχεν
1367 1386 1425 1441 δὲ
1474 1393 1586 1440 τότε
1642 1394 1736 1448 τὴς
1810 1389 1970 1441 ἐκεῖσε
2030 1409 2252 1462 στρατη-

602 1490 754 1554 γικῆς
806 1481 997 1543 τάξεως
1039 1484 1132 1536 τὴν
1185 1477 1358 1551 ἀρχὴν
1420 1476 1693 1548 Ἀντίοχός
1741 1497 1841 1542 τις,
1902 1475 2250 1549 δεισιδαίμων

2267 438 2315 492 Α

607 1573 876 1643 ἄνθρωπος
907 1571 994 1634 ὡν,
1022 1575 1129 1624 etc.
1161 1568 1223 1621 1d
1255 1574 1345 1622 est
1389 1583 1400 1620 :
1443 1567 1663 1622 Eadem
1698 1567 1791 1622 die
1842 1567 1930 1636 (t9
1973 1568 2249 1637 Augusti)

603 1667 900 1715 certamen
921 1656 1174 1712 sanctiet
1190 1655 1434 1724 gloriosi
1450 1655 1648 1723 magni
1676 1657 1954 1725 martyris
1971 1657 2246 1725 Andrew,

603 1748 764 1802 ducis
781 1745 1154 1807 exercitus,et
1174 1744 1256 1797 bis
1280 1743 1442 1796 mitte
1461 1743 1912 1812 quingentorum
1925 1744 2250 1814 nonaginta

603 1837 784 1889 trium
803 1850 932 1890 cum
954 1848 1018 1888 eo
1030 1837 1493 1899 peremptorum.
1525 1831 1899 1899 Temporibus
1921 1832 2247 1900 impiissimi

600 1922 956 1978 Maximiani
965 1921 1338 1988 imperatoris
1354 1935 1575 1988 magna
1585 1920 1868 1975 adversus
1882 1921 2249 1976 Christianos

600 2018 757 2068 mota
783 2019 864 2066 est
880 2009 1489 2079 persecutio,ma:rime
1507 2008 1570 2062 in
1597 2009 1869 2076 partibus
1887 2011 2250 2078 SyriaQui-

598 2100 730 2154 dam
745 2106 938 2154 autem
953 2098 997 2151 A
1008 2096 1706 2164 ntiochus,superstitioni
1717 2097 1954 2153 deorum
1976 2099 2250 2155 addictus

600 2188 1004 2254 homo,ibidem
1036 2193 1175 2240 tunc
1205 2185 1432 2240 ordinis
1457 2184 1735 2240 militaris
1755 2187 2067 2255 imperium
2096 2195 2251 2244 tene-

601 2277 719 2344 bat,
741 2281 851 2330 etc.
885 2276 1172 2330 Observat
1232 2273 1578 2327 Lambecius
1644 2273 1799 2328 hanc
1840 2277 2243 2333 narrationem

599 2364 797 2420 Latine
836 2369 1066 2418 exstare
1115 2361 1278 2432 apud
1335 2362 1707 2416 Laurentium
1757 2363 2015 2427 Surium,
2047 2381 2116 2420 ac
2147 2367 2246 2438 Sy—

597 2453 794 2508 meoni
820 2452 1229 2522 Metaphrastaa
1256 2449 1476 2505 ibidem
1510 2449 1779 2518 tribui,ut
1803 2453 1983 2508 modo
2015 2453 2246 2511 indica-

599 2545 724 2597 tum
749 2547 856 2596 est.
890 2539 1000 2596 Sed
1038 2538 1266 2594 nullum
1320 2538 1588 2608 ejusdem
1631 2540 1948 2609 vestigium
1999 2542 2243 2599 invenio

595 2629 760 2700 apud
783 2627 1060 2683 Allatium
1088 2627 1146 2680 in
1176 2626 1433 2681 Diatriba
1465 2626 1537 2680 de
1567 2628 1932 2697 Symeonum
1961 2631 2241 2701 scriptisa

596 2732 730 2788 pag.
768 2719 888 2770 124.
918 2715 1017 2769 ubi
1034 2714 1193 2769 Vitas
1226 2718 1556 2778 enumerat,
1585 2732 1737 2785 quas
1756 2722 2042 2787 tanquam
2067 2721 2242 2776 Meta-

594 2805 850 2878 phrastae
884 2804 1153 2874 proprias
1184 2803 1398 2871 signat.
1444 2801 1698 2858 Consule
1733 2819 1869 2875 quae
1918 2806 2070 2861 dicta
2103 2816 2242 2864 sunt

595 2900 756 2947 tomo
787 2891 852 2946 Ill
877 2891 1052 2960 hujus
1077 2889 1301 2944 mensis
1331 2904 1474 2960 pag.
1521 2892 1628 2944 719
1673 2891 1746 2946 de
1807 2893 1964 2948 Actis
2008 2896 2237 2968 S.Eupli

596 2980 894 3053 martyris.
931 2979 1229 3034 Habemus
1258 2979 1435 3033 etiam
1486 2979 1785 3050 exemplar
1845 2981 2110 3039 Graacum
2178 2988 2236 3042 in

595 3076 799 3124 nostro
846 3067 1381 3136 codice-j-mthM,
1436 3067 1604 3135 cujus
1674 3070 2023 3141 exemplaris
2072 3075 2236 3130 titulo

593 3160 960 3228 pramotatur
991 3133 1204 3210 eadam
1246 3156 1304 3208 in
1332 3171 1438 3208 ms.
1472 3133 1678 3213 Gaesar.
1711 3161 1776 3212 45
1812 3133 1946 3229 pag.
2007 3166 2103 3218 221
2141 3180 2236 3219 ex-
2267 3133 2309 3190 Ο

594 3253 771 3300 stare.
787 3245 960 3299 Aliud
986 3247 1248 3300 Graecum
1270 3245 1688 3316 apographum
1710 3264 2014 3304 asservam
2027 3268 2093 3305 us
2119 3253 2234 3308 hoc

595 3333 800 3389 titulo:
856 3335 1153 3407 Μαρτύριον
1197 3342 1286 3384 τοῦ
1339 3333 1488 3404 ἁγίου
1549 3338 1813 3408 μάρτυρος
1864 3346 1954 3389 τοῦ
2010 3347 2234 3412 Στρατη-

592 3423 770 3487 λάτου,
795 3437 861 3477 ex
888 3422 1021 3477 cod.
1053 3420 1330 3476 Ambros.
1367 3425 1429 3477 N.
1466 3422 1504 3476 f.
1539 3425 2233 3488 n.152,sicutadditurin

595 3511 805 3568 eodem
839 3510 1208 3582 apographo.
1245 3510 1454 3581 Incipit
1482 3533 1492 3564 :
1528 3515 1624 3563 Τὸν
1659 3514 1957 3584 θαυμαστὸν
1990 3515 2234 3592 Ἀνδρέαν

594 3604 678 3653 τὸν
708 3599 1087 3673 στρατηλάτην.
1116 3598 1450 3655 Mirabitem
1491 3601 1782 3658 Andream
1816 3608 2108 3663 exercitus
2135 3611 2235 3665 du-

594 3707 734 3755 cem,
761 3693 869 3743 etc.

665 3802 718 3850 7.
781 3793 1068 3848 Baronius
1108 3807 1265 3846 anno
1313 3793 1520 3848 Christi
1559 3795 1654 3848 301
1696 3797 2099 3857 collectionem
2150 3805 2230 3860 hi-

599 3883 876 3940 storicum
910 3882 1189 3934 Actorum
1238 3879 1678 3952 intexuitzquaa
1725 3885 1991 3955 quidem,
2016 3891 2100 3945 ait
2127 3892 2235 3948 ibi-

595 3973 733 4028 dem
763 3986 928 4024 num.
961 3969 996 4022 5
1025 3982 1311 4036 germana
1375 3974 1714 4025 noscuntur.
1750 3977 1836 4040 At,
1904 3975 2066 4033 bona
2095 3982 2234 4035 emi-

595 4057 928 4116 nentissimi
958 4055 1274 4113 cardinalis
1300 4056 1494 4121 venia,
1528 4073 1648 4114 non
1679 4075 1882 4130 paucae
1912 4075 2234 4124 occurrunt

596 4146 1137 4217 ditﬁcultates,qute
1168 4144 1279 4200 illis
1326 4145 1799 4204 incommodant.
1834 4154 1979 4208 Nam
2014 4154 2228 4225 primo,

595 4253 666 4294 ea
693 4251 814 4292 non
844 4251 976 4290 esse
1006 4239 1249 4290 exarata
1278 4250 1315 4290 a
1367 4235 1647 4307 scriptore
1705 4244 2230 4314 contemporaneo,

590 4326 737 4384 illud
753 4331 838 4381 est
867 4325 1107 4389 indicio,
1140 4323 1306 4395 quod
1333 4324 1393 4378 in
1427 4326 1720 4398 principio
1761 4328 1999 4387 illorum
2029 4335 2231 4392 dican-

592 4420 685 4472 tur
706 4415 814 4469 ista
845 4429 858 4467 :
895 4436 921 4462 ‹‹
950 4412 1281 4467 Persecutio
1304 4413 1573 4482 quasdam
1591 4429 1814 4484 magna
1841 4424 2050 4475 contra
2077 4424 2230 4479 Chri-

591 4503 816 4559 stianos
846 4501 1149 4554 commota
1176 4503 1284 4552 est.
1333 4501 1464 4554 Erat
1491 4505 1749 4571 tempore
1778 4503 1878 4560 illo
1908 4509 2226 4568 Antiochus

585 4589 854 4665 quidam.
890 4607 919 4639 »
944 4588 1010 4640 Et
1055 4584 1294 4640 inferius
1327 4604 1340 4644 :
1397 4608 1418 4635 ι
1455 4587 1878 4648 Celeberrimus
1943 4604 2167 4671 martyr
2196 4625 2223 4651 υ

583 4683 828 4735 vocatur
877 4677 1150 4730 Sanctus.
1207 4675 1412 4730 Postea
1466 4690 1602 4731 vero
1663 4681 1929 4750 sequitur
1976 4688 2223 4746 :Statim

583 4771 801 4831 autem,
832 4761 1348 4836 quemadmodum
1379 4769 1619 4820 sanctus
1672 4774 1896 4842 martyr
1947 4775 2223 4843 precibus

581 4857 704 4912 suis
733 4853 1153 4928 postulaverat,
1183 4850 1350 4905 locus
1371 4851 1430 4906 in
1459 4869 1639 4925 quem
1680 4861 2052 4919 venerandus
2085 4882 2220 4922 san-

581 4943 711 5016 guis
746 4942 839 4997 ille
869 4945 1206 5009 martyrum
1251 4938 1598 5007 deﬂuxerat,
1649 4943 1782 5001 fons
1810 4949 2058 5019 quidam
2089 4954 2221 5010 effe-

578 5037 705 5088 ctus
759 5034 871 5098 est,
923 5027 1384 5098 omnigenarum
1417 5035 1870 5100 aegrotationum
1902 5042 2216 5099 sanitatem

577 5119 847 5184 aﬂ‘erens,
879 5118 982 5190 qui
1013 5116 1145 5172 fons
1175 5116 1246 5173 ad
1293 5116 1647 5175 hodiernum
1681 5138 1869 5196 usque
1894 5127 2052 5185 diem
2083 5147 2216 5201 gra-

578 5207 670 5263 tiis
696 5206 1012 5261 redundat.
1041 5225 1069 5254 »
1102 5207 1189 5260 An
1219 5205 1321 5264 illa
1360 5208 1583 5264 auctori
1635 5212 1973 5282 synchrono
2003 5235 2215 5276 conve-

575 5295 751 5351 niunt
776 5295 803 5347 ?
838 5293 1125 5358 Secundo,
1149 5295 1337 5351 oratio
1368 5296 1426 5350 S.
1455 5297 1722 5364 Andreae,
1751 5301 1809 5356 in
1841 5319 1962 5375 qua
2019 5307 2164 5363 dicit
2198 5331 2209 5363 ς

575 5401 603 5433 ‹‹
639 5379 884 5435 Domine
905 5383 1102 5434 Deus..
1140 5383 1337 5453 accipe
1391 5387 1506 5440 mei
1540 5389 1889 5456 peccatoris.
1913 5434 1925 5447 .
1987 5411 2208 5466 preces,

571 5481 894 5536 eorumque
937 5471 1206 5522 omnium
1241 5471 1346 5541 qui
1393 5488 1629 5530 mecum
1670 5484 1865 5536 sunt..
1907 5485 2213 5541 omnibus-

568 5570 685 5631 que
708 5551 801 5607 his
818 5552 922 5624 qui
951 5555 1317 5612 necessitatis
1343 5564 1607 5633 tempore
1619 5573 1839 5634 nostra,
1871 5572 1974 5642 qui
2001 5589 2210 5631 sumus

1950 312 2207 372 MENSIS
2246 308 2650 372 AUGUSTUS.

3969 306 4084 357 592

2348 436 2592 505 indigni,
2643 434 2888 489 nomina
2941 428 3372 493 invocaverint,
3428 434 3647 501 prasta
3692 429 4076 501 petitiones

2346 525 2494 587 illas,
2522 539 2656 595 quas
2670 524 2747 578 ad
2779 521 3028 576 salutem
3063 520 3361 591 pertinent
3409 535 3423 585 ;
3453 520 3683 592 quique
3712 519 3794 575 ad
3839 517 4070 573 locum

2347 614 2505 668 hunc
2543 610 2934 678 confugerint,
2967 624 3068 664 eos
3100 612 3366 680 protege.
3389 651 3402 664 .
3466 614 3521 664 et
3569 623 3699 681 quo
3750 607 3924 664 loco
3958 607 4072 662 hu-

2351 700 2505 756 milis
2543 701 2785 772 sanguis
2819 706 3020 754 noster
3046 697 3271 753 eﬂ‘usus
3303 697 3498 762 fuerit,
3540 698 3646 753 ﬁat
3693 696 3829 752 illis
3874 713 4070 752 cura-

2352 791 2581 845 tionum
2611 789 2768 851 fons,
2800 809 2828 837 »
2862 795 2972 843 etc.
2993 786 3507 859 Oratio,inquam,
3533 787 3634 842 illa
3655 803 3938 842 merum
3980 793 4067 841 est

2352 877 2710 949 episodium,
2731 893 2868 931 cum
2901 892 2937 931 a
2969 875 3207 931 nemine
3227 875 3475 945 potuerit
3499 875 3696 930 audiri
3722 874 3860 930 nisi
3889 890 3936 929 ει
3966 892 4062 930 so-

2352 967 2421 1022 lis
2448 967 2591 1037 ipsis
2633 965 3012 1037 martyribus,
3047 964 3267 1036 quibus
3290 980 3389 1035 per
3421 969 3655 1034 tempus
3687 979 3832 1018 non
3891 963 4061 1018 licuit

2355 1072 2487 1110 eam
2519 1054 2648 1109 aliis
2680 1053 2911 1108 referre.
2947 1053 3183 1108 Accedit
3207 1070 3298 1117 eo,
3356 1053 3519 1125 quod
3552 1068 3672 1108 non
3735 1053 3914 1107 satis
3983 1055 4060 1106 vi-

2355 1145 2563 1198 deatur
2585 1148 2985 1197 consentanea
3016 1141 3334 1197 humilitati
3367 1142 3743 1209 Christianae,
3804 1157 3974 1212 quae
4002 1143 4053 1196 in

2359 1230 2714 1301 martyribus
2744 1231 2970 1286 elucere
3001 1231 3196 1286 debet.

2429 1323 2478 1374 8.
2513 1319 2724 1382 Tertio,
2785 1320 3000 1374 mirum
3054 1320 3232 1374 etiam
3293 1318 3481 1374 videri
3527 1324 3751 1390 potest,
3823 1321 3897 1376 S.
3939 1325 4052 1374 An-

2357 1407 2587 1476 dream,
2619 1408 2833 1463 Christi
2863 1407 3043 1463 tidem
3076 1408 3446 1479 amplexum,
3477 1409 3676 1479 praelio
3729 1408 3850 1463 uni
3894 1410 4045 1478 quin

2358 1498 2478 1552 imo
2527 1497 2817 1567 pluribus,
2878 1503 3054 1568 prout
3110 1503 3375 1568 apparet,
3445 1513 3571 1552 sese
3633 1498 4042 1568 exposuisse,

2357 1591 2681 1657 antequam
2715 1585 2976 1656 petiisset
3015 1590 3196 1656 atque
3226 1585 3578 1640 obtinuisset
3607 1585 4039 1656 baptismum.

2358 1674 2688 1729 Audiantur
2736 1677 2924 1728 Acta:
2958 1695 2985 1723 ‹‹
3039 1674 3192 1728 Inter
3232 1672 3529 1729 idolorum
3563 1674 3832 1729 cultores
3872 1674 4037 1729 velut

2280 1792 2323 1846 Β
2359 1779 2494 1819 rosa
2520 1762 2769 1818 ﬂorebat
2798 1763 2948 1818 inter
3001 1763 3265 1834 spinas..
3304 1762 3686 1818 ﬁdelissimus
3754 1765 3867 1818 Dei
3925 1781 4032 1820 ser-

2360 1868 2467 1906 vus
2490 1858 2545 1906 et
2573 1857 2793 1922 martyr
2841 1850 3167 1907 Andreas..
3206 1852 3331 1907 Hic.
3354 1895 3367 1908 .
3407 1853 3546 1906 Jesu
3581 1851 3809 1906 Christi
3845 1868 4030 1923 opem

2361 1946 2667 1996 assecutus
2683 1941 3131 1995 adversantium
3145 1939 3429 1995 bellorum
3444 1940 3642 1995 hostes
3660 1957 3728 1994 su
3739 1941 4026 2012 perabat,

2359 2037 2406 2083 et
2435 2029 2636 2084 multis
2685 2027 2934 2098 egregiis
2965 2044 3034 2083 ac
3064 2029 3318 2083 strenuis
3350 2028 3714 2084 facinoribus
3781 2031 4028 2086 excelle-

2358 2117 2479 2173 bat.
2513 2117 2672 2172 Bello
2699 2123 2896 2172 autem
2927 2123 3134 2172 contra
3156 2117 3358 2173 Persas
3390 2117 3506 2189 ipsi
3533 2118 3912 2183 commisso,
3933 2136 4024 2174 eos

2358 2207 2696 2278 solos,quos
2729 2206 3034 2262 manifeste
3074 2206 3326 2261 ccelestis
3371 2207 3560 2275 gratia
3607 2206 3658 2260 ei
3732 2208 4024 2278 designa-

2355 2295 2456 2360 vit,
2492 2311 2694 2350 secum
2724 2295 2978 2359 habens,
3002 2294 3294 2366 oppositis
3327 2294 3597 2350 hostibus
3624 2296 3921 2366 praelium
3949 2298 4022 2351 in-

2356 2383 2504 2439 tulit.
2534 2387 2662 2439 Jam
2697 2400 2836 2440 vero
2862 2400 2999 2439 cum
3018 2388 3172 2439 esset
3201 2398 3631 2452 congressurus
3662 2401 3812 2440 cum
3837 2386 4020 2442 hosti-

2353 2472 2487 2536 bus,
2503 2489 2711 2528 eorum
2725 2473 3022 2543 ingentem
3043 2472 3479 2528 multitudinem
3494 2473 3710 2528 divinae
3725 2475 4020 2544 cognitio

2354 2560 2444 2614 nis
2467 2567 2888 2628 argumentum
2917 2561 3040 2616 suis
3057 2561 3344 2617 militibus
3371 2563 3713 2633 proposuit:
3740 2565 4015 2619 nondum

2352 2649 2512 2703 enim
2541 2647 2745 2704 Christi
2779 2651 2878 2705 Dei
2927 2651 3112 2706 nostri
3166 2651 3285 2706 ﬁde
3324 2651 3529 2706 donati
3587 2651 3855 2719 fuerant,
3912 2654 4013 2725 qui

2353 2735 2639 2792 illustrem
2673 2739 2748 2793 de
2766 2738 3040 2794 hostibus
3059 2740 3205 2810 ipsis
3227 2739 3534 2795 victoriam
3553 2740 4006 2811 deportarunt.»

2353 2826 2628 2897 Sequitur
2653 2832 2864 2898 postea
2891 2829 2946 2883 S.
2980 2830 3231 2884 Andreas
3262 2829 3576 2900 confessio,
3611 2831 3917 2886 cruciatus
3950 2833 4006 2886 in

2349 2914 2535 2983 ignito
2569 2915 2718 2971 lecto
2757 2932 2947 2983 aeneo,
2979 2918 3276 2973 sociorum
3315 2917 3570 2972 militum
3617 2919 3999 2991 supplicium,

2348 3008 2481 3069 etc.,
2513 3004 2734 3075 quibus
2769 3007 3008 3062 tandem
3035 3023 3173 3062 cum
3205 3007 3397 3078 ipsius
3430 3012 3554 3061 tum
3583 3007 3836 3064 militum
3869 3009 4001 3063 sub-

2347 3092 2507 3146 ditur
2535 3093 3087 3167 baptismus,quem
3116 3097 3394 3151 dicuntur
3413 3099 3742 3168 suscepisse
3772 3113 3806 3153 a
3831 3099 3995 3153 Petro

2348 3181 2512 3237 urbis
2538 3183 2840 3238 Tarsensis
2870 3185 3173 3256 episcopo,
3205 3190 3524 3256 postquam
3554 3201 3618 3240 eo
3655 3185 3803 3241 clam
3867 3187 3990 3242 dis-

2346 3270 2679 3326 cessissent.
2717 3275 2827 3326 Nos
2876 3275 3110 3329 interim
3169 3290 3238 3328 ex
3266 3274 3440 3330 dictis
3473 3273 3880 3342 concludimus,
3912 3278 3974 3330 in

2344 3357 2693 3427 hujusmodi
2712 3365 2989 3416 Actorum
3021 3363 3262 3417 historia
3284 3377 3404 3418 non
3439 3367 3560 3418 tam
3588 3362 3832 3416 relucere
3855 3363 3975 3416 sin-

2345 3461 2542 3501 ceram
2593 3449 3015 3515 narrationem,
3057 3467 3242 3522 quam
3284 3451 3525 3507 Graeculi
3567 3449 3981 3515 scribillatoris,

2344 3536 2616 3607 quisquis
2632 3538 2878 3593 demum
2892 3539 2986 3594 ille
3003 3539 3330 3603 fuerit,com
3341 3541 3693 3610 positionem
3709 3556 3722 3594 :
3747 3538 3806 3594 id
3823 3543 3983 3612 quod

2345 3626 2797 3681 contirmabitur
2813 3643 2884 3682 ex
2895 3627 3405 3700 aliisquibusdam
3422 3627 3982 3700 incommodis,quaa

2343 3712 2586 3767 inferius
2609 3721 3028 3786 proponentur.
3065 3717 3211 3771 Vide
3242 3716 3566 3773 Adnotata.

2416 3806 2464 3855 6.
2494 3803 2788 3859 Numerus
2809 3813 3149 3861 sanctorum
3196 3812 3527 3876 martyrum
3578 3822 3695 3862 non
3752 3808 3978 3878 ponitur

2343 3889 2552 3944 eodem
2603 3894 2786 3949 modo
2835 3895 2994 3966 apud
3019 3898 3248 3951 Graecos
3279 3910 3349 3950 ac
3382 3897 3638 3950 Latinos.
3671 3897 3735 3950 Hi
3764 3897 3977 3968 quippe

2343 3978 2635 4034 exstitisse
2665 3980 2795 4034 illos
2823 3989 3157 4039 memorant
3182 3984 3274 4038 bis
3309 3984 3466 4039 mille
3491 3985 3851 4055 quingentos
3875 4000 3969 4040 no-

2342 4066 2587 4134 naginta
2618 4077 2867 4140 septem,
2901 4089 2970 4127 ex
2999 4073 3324 4144 praemissis
3361 4088 3541 4144 supra
3559 4088 3727 4128 num.
3755 4074 3808 4138 3,
3839 4074 3969 4128 Mar-

2344 4153 2700 4225 tyrologium
2741 4157 3082 4216 Romanum
3112 4177 3232 4216 non
3267 4163 3461 4231 signat
3510 4176 3827 4216 numerum
3860 4178 3870 4215 :
3915 4163 3969 4217 in

2341 4242 2513 4312 cujus
2545 4243 3037 4305 determinatione
3088 4250 3239 4305 Fasti
3289 4251 3493 4316 Graeci,
3559 4265 3726 4305 num.
3771 4250 3967 4305 lcitati

2341 4329 2460 4386 fere
2489 4349 2624 4389 cum
2651 4336 2866 4392 Latinis
2889 4338 3148 4410 antiquis
3167 4339 3560 4395 consentiunt.
3581 4344 3724 4394 Acta
3748 4338 3965 4395 nullum

2339 4421 2583 4491 quidem
2602 4424 2780 4480 etiam
2800 4442 3116 4482 numerum
3134 4428 3532 4483 determinant
3553 4442 3565 4480 ε
3592 4427 3695 4483 sed
3721 4443 3965 4497 magnus

2338 4509 2507 4565 fuerit
2537 4528 2777 4570 necesse
2807 4520 2910 4581 est,
2943 4532 3080 4572 cum
3132 4517 3432 4586 ingentem
3491 4519 3799 4572 Persarum
3826 4517 3962 4572 mul-

2335 4597 2648 4656 titudinem
2707 4603 3033 4671 debellarit,
3072 4610 3127 4660 et
3157 4627 3177 4654 ε
3203 4607 3469 4660 Andreas
3499 4621 3636 4660 cum
3694 4610 3813 4661 tota
3863 4623 3960 4660 sua

2333 4686 2709 4745 fortielaDeo
2727 4692 2910 4747 electa
2924 4694 3241 4766 phalange,
3271 4713 3300 4747 »
3345 4694 3425 4748 uti
3447 4693 3775 4764 loquuntur
3807 4699 3954 4759 Acta,

2334 4780 2684 4850 martyrium
2711 4781 3151 4838 sitconsecutus
3178 4800 3191 4849 ;
3219 4783 3496 4855 quamvis
3519 4802 3546 4834 «
3571 4783 3737 4838 illum
3757 4785 3952 4839 milites

2329 4866 2430 4937 qui
2457 4883 2528 4922 ex
2557 4868 2627 4923 iis
2659 4870 2756 4941 qui
2784 4886 2919 4925 cum
2955 4873 3088 4943 ipso
3111 4872 3375 4928 fuerant:
3421 4871 3584 4944 apud
3614 4872 3952 4928 Antiochum

2329 4955 2682 5021 detulerunt,
2705 4959 2868 5030 quod
2884 4959 3096 5016 Deum.
3115 5002 3125 5014 .
3151 4959 3531 5016 confiteretur
3553 4966 3609 5015 et
3624 4959 3946 5023 celebraret,

2328 5042 2385 5096 in
2460 5060 2633 5100 cruce
2685 5047 2934 5102 sufﬁxus
3013 5049 3258 5104 fuerat.»
3319 5049 3539 5104 Verum
3601 5065 3725 5120 quo
3789 5054 3951 5119 pacto

2325 5135 2524 5186 tantus
2563 5135 2818 5190 cohaeret
2847 5138 3295 5206 numerusicum
3345 5136 3617 5206 Eusebio,
3643 5136 3746 5208 qui
3767 5137 3943 5192 Eccle-

2322 5220 2572 5277 siasticae
2618 5224 2881 5280 Historiae
2903 5243 2939 5281 a
2969 5225 3201 5281 Valesio
3245 5226 3415 5281 editae
3467 5225 3569 5280 lib.
3601 5241 3716 5290 vm,
3743 5240 3862 5296 cap.
3891 5227 3938 5290 4,

2321 5324 2458 5379 pag.
2514 5312 2636 5377 290',
2671 5313 2792 5368 haec
2820 5314 3033 5369 refert:
3095 5315 3471 5385 Postquam..
3525 5313 3646 5368 dux
3712 5313 3943 5368 Romani

2320 5398 2607 5455 exercitus
2636 5402 2835 5455 nescio
2879 5401 3016 5472 quis
3045 5401 3334 5470 (intellige
3379 5401 3804 5456 Maximianum
3847 5403 3948 5456 Ga-

2317 5484 2554 5558 lerium)
2603 5488 2966 5544 Christianos
3037 5489 3252 5545 milites
3317 5489 3589 5561 persequi
3664 5504 3944 5557 agressus,

2320 5591 2440 5641 eos,
2491 5578 2592 5649 qui
2642 5578 2701 5633 in
2741 5579 2995 5635 exercitu
3053 5577 3379 5649 merebant,
3408 5579 3658 5633 lustrare
3686 5577 3949 5650 ccepisset
