  <div class='ocr_page' id='page_1' title='image "/cluster/home/n/w/nwhite01/storage/ocr_20150623/115/mdp.39015028574336/302.png"; bbox 0 0 4142 6278; ppageno 0'>
   <div class='ocr_carea' id='block_1_1' title="bbox 249 260 365 317">
    <p class='ocr_par' dir='ltr' id='par_1_1' title="bbox 249 260 365 317">
     <span class='ocr_line' id='line_1_1' title="bbox 249 260 365 317; baseline -0.009 0"><span class='ocrx_word' id='word_1_1' title='bbox 249 260 365 317; x_wconf 81' lang='lat'><strong>593</strong></span> 
     </span>
    </p>
   </div>
   <div class='ocr_carea' id='block_1_2' title="bbox 1652 266 2288 329">
    <p class='ocr_par' dir='ltr' id='par_1_2' title="bbox 1652 266 2288 329">
     <span class='ocr_line' id='line_1_2' title="bbox 1652 266 2288 329; baseline 0.009 -8"><span class='ocrx_word' id='word_1_2' title='bbox 1652 266 1811 322; x_wconf 84' lang='lat' dir='ltr'><strong>VITA</strong></span> <span class='ocrx_word' id='word_1_3' title='bbox 1855 270 1913 326; x_wconf 90' lang='lat' dir='ltr'><strong>S.</strong></span> <span class='ocrx_word' id='word_1_4' title='bbox 1957 268 2050 325; x_wconf 83' lang='lat' dir='ltr'><strong>AN</strong></span> <span class='ocrx_word' id='word_1_5' title='bbox 2057 269 2288 329; x_wconf 72' lang='lat' dir='ltr'><strong>DREE.</strong></span> 
     </span>
    </p>
   </div>
   <div class='ocr_carea' id='block_1_3' title="bbox 3565 282 3672 338">
    <p class='ocr_par' dir='ltr' id='par_1_3' title="bbox 3565 282 3672 338">
     <span class='ocr_line' id='line_1_3' title="bbox 3565 282 3672 338; baseline 0.009 -1"><span class='ocrx_word' id='word_1_6' title='bbox 3565 282 3672 338; x_wconf 71' lang='grc'><strong>594</strong></span> 
     </span>
    </p>
   </div>
   <div class='ocr_carea' id='block_1_4' title="bbox 224 385 3666 478">
    <p class='ocr_par' dir='ltr' id='par_1_4' title="bbox 224 385 3666 478">
     <span class='ocr_line' id='line_1_4' title="bbox 224 385 3666 478; baseline 0.006 -36"><span class='ocrx_word' id='word_1_7' title='bbox 224 400 314 442; x_wconf 78' lang='lat' dir='ltr'><strong>ac</strong></span> <span class='ocrx_word' id='word_1_8' title='bbox 390 400 747 478; x_wconf 63' lang='lat' dir='ltr'><strong>recensere,_</strong></span> <span class='ocrx_word' id='word_1_9' title='bbox 780 388 839 442; x_wconf 92' lang='lat' dir='ltr'><strong>et</strong></span> <span class='ocrx_word' id='word_1_10' title='bbox 888 385 1241 478; x_wconf 8' lang='lat' dir='ltr'><strong>Christianis;</strong></span> <span class='ocrx_word' id='word_1_11' title='bbox 1317 388 1570 448; x_wconf 78' lang='lat' dir='ltr'><strong>liberam</strong></span> <span class='ocrx_word' id='word_1_12' title='bbox 1646 391 1901 463; x_wconf 77' lang='lat' dir='ltr'><strong>eligendi</strong></span> <span class='ocrx_word' id='word_1_13' title='bbox 1934 393 1979 448; x_wconf 89' lang='lat' dir='ltr'><strong>A</strong></span> <span class='ocrx_word' id='word_1_14' title='bbox 2013 410 2241 453; x_wconf 89' lang='lat' dir='ltr'><strong>annum</strong></span> <span class='ocrx_word' id='word_1_15' title='bbox 2260 398 2465 456; x_wconf 90' lang='lat' dir='ltr'><strong>Christi</strong></span> <span class='ocrx_word' id='word_1_16' title='bbox 2482 403 2790 470; x_wconf 74' lang='lat' dir='ltr'><strong>301,num.</strong></span> <span class='ocrx_word' id='word_1_17' title='bbox 2826 409 2874 476; x_wconf 83' lang='grc'><strong>1,</strong></span> <span class='ocrx_word' id='word_1_18' title='bbox 2903 403 3328 461; x_wconf 78' lang='lat' dir='ltr'><strong>Diocletianum</strong></span> <span class='ocrx_word' id='word_1_19' title='bbox 3353 404 3666 478; x_wconf 88' lang='lat' dir='ltr'><strong>imperato-</strong></span> 
     </span>
    </p>
   </div>
   <div class='ocr_carea' id='block_1_5' title="bbox 212 474 1898 552">
    <p class='ocr_par' dir='ltr' id='par_1_5' title="bbox 212 474 1898 552">
     <span class='ocr_line' id='line_1_5' title="bbox 212 474 1898 552; baseline 0.004 -21"><span class='ocrx_word' id='word_1_20' title='bbox 212 480 583 547; x_wconf 87' lang='lat' dir='ltr'><strong>potestatem</strong></span> <span class='ocrx_word' id='word_1_21' title='bbox 643 474 893 541; x_wconf 81' lang='lat' dir='ltr'><strong>fecisset,</strong></span> <span class='ocrx_word' id='word_1_22' title='bbox 950 481 1011 530; x_wconf 90' lang='lat' dir='ltr'><strong>ut</strong></span> <span class='ocrx_word' id='word_1_23' title='bbox 1090 474 1182 530; x_wconf 86' lang='lat' dir='ltr'><strong>vel</strong></span> <span class='ocrx_word' id='word_1_24' title='bbox 1230 476 1663 549; x_wconf 81' lang='lat' dir='ltr'><strong>imperatorum</strong></span> <span class='ocrx_word' id='word_1_25' title='bbox 1708 481 1898 552; x_wconf 85' lang='lat' dir='ltr'><strong>jussis</strong></span> 
     </span>
    </p>
   </div>
   <div class='ocr_carea' id='block_1_6' title="bbox 210 563 1898 637">
    <p class='ocr_par' dir='ltr' id='par_1_6' title="bbox 210 563 1898 637">
     <span class='ocr_line' id='line_1_6' title="bbox 210 563 1898 637; baseline 0.003 -16"><span class='ocrx_word' id='word_1_26' title='bbox 210 564 717 637; x_wconf 83' lang='lat' dir='ltr'><strong>obtemperantes</strong></span> <span class='ocrx_word' id='word_1_27' title='bbox 754 563 1003 620; x_wconf 85' lang='lat' dir='ltr'><strong>honoris</strong></span> <span class='ocrx_word' id='word_1_28' title='bbox 1034 564 1125 619; x_wconf 89' lang='lat' dir='ltr'><strong>sui</strong></span> <span class='ocrx_word' id='word_1_29' title='bbox 1157 566 1412 634; x_wconf 88' lang='lat' dir='ltr'><strong>gradum</strong></span> <span class='ocrx_word' id='word_1_30' title='bbox 1448 569 1783 632; x_wconf 84' lang='lat' dir='ltr'><strong>retinerent,</strong></span> <span class='ocrx_word' id='word_1_31' title='bbox 1809 572 1898 628; x_wconf 86' lang='lat' dir='ltr'><strong>vel</strong></span> 
     </span>
    </p>
   </div>
   <div class='ocr_carea' id='block_1_7' title="bbox 209 652 1897 725">
    <p class='ocr_par' dir='ltr' id='par_1_7' title="bbox 209 652 1897 725">
     <span class='ocr_line' id='line_1_7' title="bbox 209 652 1897 725; baseline 0.004 -17"><span class='ocrx_word' id='word_1_32' title='bbox 209 652 277 708; x_wconf 78' lang='lat' dir='ltr'><strong>si</strong></span> <span class='ocrx_word' id='word_1_33' title='bbox 312 668 519 725; x_wconf 88' lang='lat' dir='ltr'><strong>parere</strong></span> <span class='ocrx_word' id='word_1_34' title='bbox 550 652 790 713; x_wconf 84' lang='lat' dir='ltr'><strong>nollent,</strong></span> <span class='ocrx_word' id='word_1_35' title='bbox 815 652 1040 708; x_wconf 88' lang='lat' dir='ltr'><strong>honore</strong></span> <span class='ocrx_word' id='word_1_36' title='bbox 1068 652 1289 710; x_wconf 66' lang='lat' dir='ltr'><strong>militias</strong></span> <span class='ocrx_word' id='word_1_37' title='bbox 1317 655 1708 724; x_wconf 79' lang='lat' dir='ltr'><strong>nudarentur;</strong></span> <span class='ocrx_word' id='word_1_38' title='bbox 1735 673 1897 714; x_wconf 93' lang='lat' dir='ltr'><strong>com-</strong></span> 
     </span>
    </p>
   </div>
   <div class='ocr_carea' id='block_1_8' title="bbox 209 741 1896 815">
    <p class='ocr_par' dir='ltr' id='par_1_8' title="bbox 209 741 1896 815">
     <span class='ocr_line' id='line_1_8' title="bbox 209 741 1896 815; baseline 0.002 -18"><span class='ocrx_word' id='word_1_39' title='bbox 209 741 428 815; x_wconf 87' lang='lat' dir='ltr'><strong>plures</strong></span> <span class='ocrx_word' id='word_1_40' title='bbox 476 742 806 813; x_wconf 84' lang='lat' dir='ltr'><strong>reguiJesu</strong></span> <span class='ocrx_word' id='word_1_41' title='bbox 861 741 1077 797; x_wconf 84' lang='lat' dir='ltr'><strong>Christi</strong></span> <span class='ocrx_word' id='word_1_42' title='bbox 1136 742 1373 810; x_wconf 88' lang='lat' dir='ltr'><strong>milites,</strong></span> <span class='ocrx_word' id='word_1_43' title='bbox 1429 745 1695 801; x_wconf 89' lang='lat' dir='ltr'><strong>nominis</strong></span> <span class='ocrx_word' id='word_1_44' title='bbox 1738 746 1896 803; x_wconf 89' lang='lat' dir='ltr'><strong>illius</strong></span> 
     </span>
    </p>
   </div>
   <div class='ocr_carea' id='block_1_9' title="bbox 216 829 1896 908">
    <p class='ocr_par' dir='ltr' id='par_1_9' title="bbox 216 829 1896 908">
     <span class='ocr_line' id='line_1_9' title="bbox 216 829 1896 908; baseline 0.004 -21"><span class='ocrx_word' id='word_1_45' title='bbox 216 830 664 887; x_wconf 82' lang='lat' dir='ltr'><strong>confessionem</strong></span> <span class='ocrx_word' id='word_1_46' title='bbox 684 829 953 886; x_wconf 75' lang='lat' dir='ltr'><strong>smculari</strong></span> <span class='ocrx_word' id='word_1_47' title='bbox 967 829 1172 900; x_wconf 73' lang='lat' dir='ltr'><strong>glorim</strong></span> <span class='ocrx_word' id='word_1_48' title='bbox 1194 846 1263 888; x_wconf 94' lang='lat' dir='ltr'><strong>ac</strong></span> <span class='ocrx_word' id='word_1_49' title='bbox 1280 832 1568 898; x_wconf 82' lang='lat' dir='ltr'><strong>felicitati,</strong></span> <span class='ocrx_word' id='word_1_50' title='bbox 1588 850 1710 908; x_wconf 89' lang='lat' dir='ltr'><strong>qua</strong></span> <span class='ocrx_word' id='word_1_51' title='bbox 1731 834 1896 893; x_wconf 83' lang='lat' dir='ltr'><strong>frue-</strong></span> 
     </span>
    </p>
   </div>
   <div class='ocr_carea' id='block_1_10' title="bbox 228 918 1893 993">
    <p class='ocr_par' dir='ltr' id='par_1_10' title="bbox 228 918 1893 993">
     <span class='ocr_line' id='line_1_10' title="bbox 228 918 1893 993; baseline 0.003 -17"><span class='ocrx_word' id='word_1_52' title='bbox 228 919 455 977; x_wconf 82' lang='lat' dir='ltr'><strong>bantur</strong></span> <span class='ocrx_word' id='word_1_53' title='bbox 483 920 715 993; x_wconf 88' lang='lat' dir='ltr'><strong>absque</strong></span> <span class='ocrx_word' id='word_1_54' title='bbox 756 918 873 975; x_wconf 90' lang='lat' dir='ltr'><strong>ulla</strong></span> <span class='ocrx_word' id='word_1_55' title='bbox 930 920 1305 976; x_wconf 84' lang='lat' dir='ltr'><strong>cunctatione</strong></span> <span class='ocrx_word' id='word_1_56' title='bbox 1360 922 1761 993; x_wconf 64' lang='lat' dir='ltr'><strong>praetulerunt.</strong></span> <span class='ocrx_word' id='word_1_57' title='bbox 1814 928 1893 981; x_wconf 89' lang='lat' dir='ltr'><strong>Ex</strong></span> 
     </span>
    </p>
   </div>
   <div class='ocr_carea' id='block_1_11' title="bbox 235 1006 1893 1081">
    <p class='ocr_par' dir='ltr' id='par_1_11' title="bbox 235 1006 1893 1081">
     <span class='ocr_line' id='line_1_11' title="bbox 235 1006 1893 1081; baseline 0.002 -18"><span class='ocrx_word' id='word_1_58' title='bbox 235 1008 461 1081; x_wconf 90' lang='lat' dir='ltr'><strong>quibus</strong></span> <span class='ocrx_word' id='word_1_59' title='bbox 499 1009 677 1081; x_wconf 89' lang='lat' dir='ltr'><strong>pauci</strong></span> <span class='ocrx_word' id='word_1_60' title='bbox 715 1007 1049 1064; x_wconf 89' lang='lat' dir='ltr'><strong>admodum</strong></span> <span class='ocrx_word' id='word_1_61' title='bbox 1083 1006 1167 1079; x_wconf 93' lang='lat' dir='ltr'><strong>(in</strong></span> <span class='ocrx_word' id='word_1_62' title='bbox 1206 1008 1409 1066; x_wconf 67' lang='lat' dir='ltr'><strong>Graeco</strong></span> <span class='ocrx_word' id='word_1_63' title='bbox 1447 1016 1533 1068; x_wconf 92' lang='lat' dir='ltr'><strong>est</strong></span> <span class='ocrx_word' id='word_1_64' title='bbox 1558 1012 1630 1073; x_wconf 81' lang='grc' dir='ltr'><strong>ιῖς</strong></span> <span class='ocrx_word' id='word_1_65' title='bbox 1657 1031 1759 1065; x_wconf 84' lang='grc' dir='ltr'><strong>που</strong></span> <span class='ocrx_word' id='word_1_66' title='bbox 1802 1018 1893 1068; x_wconf 76' lang='grc' dir='ltr'><strong>καὶ</strong></span> 
     </span>
    </p>
   </div>
   <div class='ocr_carea' id='block_1_12' title="bbox 237 1094 1895 1171">
    <p class='ocr_par' dir='ltr' id='par_1_12' title="bbox 237 1094 1895 1171">
     <span class='ocr_line' id='line_1_12' title="bbox 237 1094 1895 1171; baseline 0.005 -22"><span class='ocrx_word' id='word_1_67' title='bbox 237 1094 501 1170; x_wconf 74' lang='grc' dir='ltr'><strong>δεύτιρος,</strong></span> <span class='ocrx_word' id='word_1_68' title='bbox 530 1096 590 1152; x_wconf 92' lang='lat' dir='ltr'><strong>id</strong></span> <span class='ocrx_word' id='word_1_69' title='bbox 620 1102 727 1165; x_wconf 80' lang='lat' dir='ltr'><strong>est,</strong></span> <span class='ocrx_word' id='word_1_70' title='bbox 762 1112 917 1151; x_wconf 91' lang='lat' dir='ltr'><strong>unus</strong></span> <span class='ocrx_word' id='word_1_71' title='bbox 936 1100 994 1153; x_wconf 91' lang='lat' dir='ltr'><strong>et</strong></span> <span class='ocrx_word' id='word_1_72' title='bbox 1016 1096 1185 1167; x_wconf 88' lang='lat' dir='ltr'><strong>alter)</strong></span> <span class='ocrx_word' id='word_1_73' title='bbox 1228 1113 1350 1154; x_wconf 93' lang='lat' dir='ltr'><strong>non</strong></span> <span class='ocrx_word' id='word_1_74' title='bbox 1409 1100 1588 1156; x_wconf 92' lang='lat' dir='ltr'><strong>modo</strong></span> <span class='ocrx_word' id='word_1_75' title='bbox 1644 1102 1895 1171; x_wconf 90' lang='lat' dir='ltr'><strong>dignita-</strong></span> 
     </span>
    </p>
   </div>
   <div class='ocr_carea' id='block_1_13' title="bbox 234 1184 1893 1259">
    <p class='ocr_par' dir='ltr' id='par_1_13' title="bbox 234 1184 1893 1259">
     <span class='ocr_line' id='line_1_13' title="bbox 234 1184 1893 1259; baseline 0.003 -18"><span class='ocrx_word' id='word_1_76' title='bbox 234 1188 381 1252; x_wconf 91' lang='lat' dir='ltr'><strong>tem,</strong></span> <span class='ocrx_word' id='word_1_77' title='bbox 406 1201 613 1242; x_wconf 85' lang='lat' dir='ltr'><strong>verum</strong></span> <span class='ocrx_word' id='word_1_78' title='bbox 645 1184 823 1241; x_wconf 91' lang='lat' dir='ltr'><strong>etiam</strong></span> <span class='ocrx_word' id='word_1_79' title='bbox 863 1184 1040 1241; x_wconf 89' lang='lat' dir='ltr'><strong>vitam</strong></span> <span class='ocrx_word' id='word_1_80' title='bbox 1082 1186 1351 1243; x_wconf 88' lang='lat' dir='ltr'><strong>amittere</strong></span> <span class='ocrx_word' id='word_1_81' title='bbox 1390 1203 1501 1259; x_wconf 91' lang='lat' dir='ltr'><strong>pro</strong></span> <span class='ocrx_word' id='word_1_82' title='bbox 1546 1188 1893 1247; x_wconf 86' lang='lat' dir='ltr'><strong>defensione</strong></span> 
     </span>
    </p>
   </div>
   <div class='ocr_carea' id='block_1_14' title="bbox 237 1274 1894 1348">
    <p class='ocr_par' dir='ltr' id='par_1_14' title="bbox 237 1274 1894 1348">
     <span class='ocr_line' id='line_1_14' title="bbox 237 1274 1894 1348; baseline 0.004 -19"><span class='ocrx_word' id='word_1_83' title='bbox 237 1275 471 1347; x_wconf 88' lang='lat' dir='ltr'><strong>pietatis</strong></span> <span class='ocrx_word' id='word_1_84' title='bbox 491 1275 899 1330; x_wconf 88' lang='lat' dir='ltr'><strong>sustinuerunt</strong></span> <span class='ocrx_word' id='word_1_85' title='bbox 927 1291 939 1329; x_wconf 92' lang='lat'><strong>:</strong></span> <span class='ocrx_word' id='word_1_86' title='bbox 970 1290 1107 1330; x_wconf 93' lang='lat' dir='ltr'><strong>cum</strong></span> <span class='ocrx_word' id='word_1_87' title='bbox 1132 1275 1186 1330; x_wconf 88' lang='lat' dir='ltr'><strong>is</strong></span> <span class='ocrx_word' id='word_1_88' title='bbox 1217 1274 1323 1347; x_wconf 86' lang='lat' dir='ltr'><strong>qui</strong></span> <span class='ocrx_word' id='word_1_89' title='bbox 1360 1276 1633 1348; x_wconf 78' lang='lat' dir='ltr'><strong>religioni</strong></span> <span class='ocrx_word' id='word_1_90' title='bbox 1672 1284 1894 1335; x_wconf 65' lang='lat' dir='ltr'><strong>nostris</strong></span> 
     </span>
    </p>
   </div>
   <div class='ocr_carea' id='block_1_15' title="bbox 236 1363 1893 1437">
    <p class='ocr_par' dir='ltr' id='par_1_15' title="bbox 236 1363 1893 1437">
     <span class='ocr_line' id='line_1_15' title="bbox 236 1363 1893 1437; baseline 0.004 -20"><span class='ocrx_word' id='word_1_91' title='bbox 236 1363 503 1419; x_wconf 89' lang='lat' dir='ltr'><strong>struebat</strong></span> <span class='ocrx_word' id='word_1_92' title='bbox 534 1363 803 1429; x_wconf 86' lang='lat' dir='ltr'><strong>insidias,</strong></span> <span class='ocrx_word' id='word_1_93' title='bbox 836 1377 1014 1434; x_wconf 89' lang='lat' dir='ltr'><strong>parce</strong></span> <span class='ocrx_word' id='word_1_94' title='bbox 1039 1363 1238 1419; x_wconf 86' lang='lat' dir='ltr'><strong>adhuc</strong></span> <span class='ocrx_word' id='word_1_95' title='bbox 1267 1369 1324 1421; x_wconf 90' lang='lat' dir='ltr'><strong>et</strong></span> <span class='ocrx_word' id='word_1_96' title='bbox 1361 1381 1500 1421; x_wconf 88' lang='lat' dir='ltr'><strong>raro</strong></span> <span class='ocrx_word' id='word_1_97' title='bbox 1534 1367 1893 1437; x_wconf 91' lang='lat' dir='ltr'><strong>sanguinem</strong></span> 
     </span>
    </p>
   </div>
   <div class='ocr_carea' id='block_1_16' title="bbox 231 1451 1891 1528">
    <p class='ocr_par' dir='ltr' id='par_1_16' title="bbox 231 1451 1891 1528">
     <span class='ocr_line' id='line_1_16' title="bbox 231 1451 1891 1528; baseline 0.004 -23"><span class='ocrx_word' id='word_1_98' title='bbox 231 1451 639 1525; x_wconf 87' lang='lat' dir='ltr'><strong>quorumdam</strong></span> <span class='ocrx_word' id='word_1_99' title='bbox 670 1451 918 1507; x_wconf 88' lang='lat' dir='ltr'><strong>fundere</strong></span> <span class='ocrx_word' id='word_1_100' title='bbox 939 1451 1204 1509; x_wconf 88' lang='lat' dir='ltr'><strong>auderet.</strong></span> <span class='ocrx_word' id='word_1_101' title='bbox 1238 1455 1452 1509; x_wconf 89' lang='lat' dir='ltr'><strong>Verum</strong></span> <span class='ocrx_word' id='word_1_102' title='bbox 1481 1454 1583 1511; x_wconf 91' lang='lat' dir='ltr'><strong>ubi</strong></span> <span class='ocrx_word' id='word_1_103' title='bbox 1632 1457 1891 1528; x_wconf 88' lang='lat' dir='ltr'><strong>apertius</strong></span> 
     </span>
    </p>
   </div>
   <div class='ocr_carea' id='block_1_17' title="bbox 231 1539 1892 1615">
    <p class='ocr_par' dir='ltr' id='par_1_17' title="bbox 231 1539 1892 1615">
     <span class='ocr_line' id='line_1_17' title="bbox 231 1539 1892 1615; baseline 0.002 -18"><span class='ocrx_word' id='word_1_104' title='bbox 231 1557 296 1597; x_wconf 90' lang='lat' dir='ltr'><strong>se</strong></span> <span class='ocrx_word' id='word_1_105' title='bbox 324 1539 402 1596; x_wconf 90' lang='lat' dir='ltr'><strong>ad</strong></span> <span class='ocrx_word' id='word_1_106' title='bbox 424 1540 647 1596; x_wconf 91' lang='lat' dir='ltr'><strong>bellum</strong></span> <span class='ocrx_word' id='word_1_107' title='bbox 687 1540 959 1603; x_wconf 83' lang='lat' dir='ltr'><strong>accinxit,</strong></span> <span class='ocrx_word' id='word_1_108' title='bbox 1011 1540 1129 1595; x_wconf 88' lang='lat' dir='ltr'><strong>dici</strong></span> <span class='ocrx_word' id='word_1_109' title='bbox 1178 1556 1299 1596; x_wconf 93' lang='lat' dir='ltr'><strong>non</strong></span> <span class='ocrx_word' id='word_1_110' title='bbox 1359 1548 1571 1612; x_wconf 85' lang='lat' dir='ltr'><strong>potest,</strong></span> <span class='ocrx_word' id='word_1_111' title='bbox 1625 1548 1772 1615; x_wconf 89' lang='lat' dir='ltr'><strong>quot</strong></span> <span class='ocrx_word' id='word_1_112' title='bbox 1834 1549 1892 1600; x_wconf 90' lang='lat' dir='ltr'><strong>et</strong></span> 
     </span>
    </p>
   </div>
   <div class='ocr_carea' id='block_1_18' title="bbox 230 1628 1889 1703">
    <p class='ocr_par' dir='ltr' id='par_1_18' title="bbox 230 1628 1889 1703">
     <span class='ocr_line' id='line_1_18' title="bbox 230 1628 1889 1703; baseline 0.003 -20"><span class='ocrx_word' id='word_1_113' title='bbox 230 1634 489 1703; x_wconf 89' lang='lat' dir='ltr'><strong>quantos</strong></span> <span class='ocrx_word' id='word_1_114' title='bbox 517 1628 728 1685; x_wconf 87' lang='lat' dir='ltr'><strong>Christi</strong></span> <span class='ocrx_word' id='word_1_115' title='bbox 783 1632 1073 1699; x_wconf 89' lang='lat' dir='ltr'><strong>martyres</strong></span> <span class='ocrx_word' id='word_1_116' title='bbox 1098 1629 1157 1684; x_wconf 91' lang='lat' dir='ltr'><strong>in</strong></span> <span class='ocrx_word' id='word_1_117' title='bbox 1189 1629 1474 1686; x_wconf 90' lang='lat' dir='ltr'><strong>omnibus</strong></span> <span class='ocrx_word' id='word_1_118' title='bbox 1519 1630 1667 1686; x_wconf 92' lang='lat' dir='ltr'><strong>locis</strong></span> <span class='ocrx_word' id='word_1_119' title='bbox 1712 1636 1889 1703; x_wconf 89' lang='lat' dir='ltr'><strong>atque</strong></span> 
     </span>
    </p>
   </div>
   <div class='ocr_carea' id='block_1_19' title="bbox 233 1716 1956 1800">
    <p class='ocr_par' dir='ltr' id='par_1_19' title="bbox 233 1716 1956 1800">
     <span class='ocr_line' id='line_1_19' title="bbox 233 1716 1956 1800; baseline 0.001 -26"><span class='ocrx_word' id='word_1_120' title='bbox 233 1717 481 1774; x_wconf 87' lang='lat' dir='ltr'><strong>urbibus</strong></span> <span class='ocrx_word' id='word_1_121' title='bbox 501 1718 726 1789; x_wconf 89' lang='lat' dir='ltr'><strong>passim</strong></span> <span class='ocrx_word' id='word_1_122' title='bbox 754 1731 991 1773; x_wconf 88' lang='lat' dir='ltr'><strong>cernere</strong></span> <span class='ocrx_word' id='word_1_123' title='bbox 1037 1716 1283 1782; x_wconf 86' lang='lat' dir='ltr'><strong>licuerit,</strong></span> <span class='ocrx_word' id='word_1_124' title='bbox 1328 1740 1357 1768; x_wconf 85' lang='grc'><strong>››</strong></span> <span class='ocrx_word' id='word_1_125' title='bbox 1399 1724 1534 1790; x_wconf 89' lang='lat' dir='ltr'><strong>post</strong></span> <span class='ocrx_word' id='word_1_126' title='bbox 1586 1719 1887 1776; x_wconf 89' lang='lat' dir='ltr'><strong>famosum</strong></span> <span class='ocrx_word' id='word_1_127' title='bbox 1916 1745 1956 1800; x_wconf 72' lang='grc' dir='ltr'>Β</span> 
     </span>
    </p>
   </div>
   <div class='ocr_carea' id='block_1_20' title="bbox 229 1806 1889 1879">
    <p class='ocr_par' dir='ltr' id='par_1_20' title="bbox 229 1806 1889 1879">
     <span class='ocr_line' id='line_1_20' title="bbox 229 1806 1889 1879; baseline 0.002 -18"><span class='ocrx_word' id='word_1_128' title='bbox 229 1806 504 1862; x_wconf 82' lang='lat' dir='ltr'><strong>videlicet</strong></span> <span class='ocrx_word' id='word_1_129' title='bbox 533 1806 791 1862; x_wconf 83' lang='lat' dir='ltr'><strong>edictum</strong></span> <span class='ocrx_word' id='word_1_130' title='bbox 819 1810 1026 1862; x_wconf 90' lang='lat' dir='ltr'><strong>contra</strong></span> <span class='ocrx_word' id='word_1_131' title='bbox 1051 1806 1332 1863; x_wconf 89' lang='lat' dir='ltr'><strong>ecclesias</strong></span> <span class='ocrx_word' id='word_1_132' title='bbox 1369 1809 1742 1879; x_wconf 89' lang='lat' dir='ltr'><strong>propositum</strong></span> <span class='ocrx_word' id='word_1_133' title='bbox 1797 1810 1889 1865; x_wconf 89' lang='lat' dir='ltr'><strong>Ni-</strong></span> 
     </span>
    </p>
   </div>
   <div class='ocr_carea' id='block_1_21' title="bbox 232 1896 1883 1968">
    <p class='ocr_par' dir='ltr' id='par_1_21' title="bbox 232 1896 1883 1968">
     <span class='ocr_line' id='line_1_21' title="bbox 232 1896 1883 1968; baseline 0.001 -15"><span class='ocrx_word' id='word_1_134' title='bbox 232 1897 540 1963; x_wconf 75' lang='lat' dir='ltr'><strong>comedim,</strong></span> <span class='ocrx_word' id='word_1_135' title='bbox 574 1896 649 1951; x_wconf 90' lang='lat' dir='ltr'><strong>de</strong></span> <span class='ocrx_word' id='word_1_136' title='bbox 677 1911 799 1968; x_wconf 92' lang='lat' dir='ltr'><strong>quo</strong></span> <span class='ocrx_word' id='word_1_137' title='bbox 837 1911 970 1967; x_wconf 90' lang='lat' dir='ltr'><strong>cap.</strong></span> <span class='ocrx_word' id='word_1_138' title='bbox 998 1897 1032 1951; x_wconf 83' lang='grc'>5</span> <span class='ocrx_word' id='word_1_139' title='bbox 1064 1897 1333 1952; x_wconf 90' lang='lat' dir='ltr'><strong>meminit</strong></span> <span class='ocrx_word' id='word_1_140' title='bbox 1361 1896 1520 1953; x_wconf 90' lang='lat' dir='ltr'><strong>idem</strong></span> <span class='ocrx_word' id='word_1_141' title='bbox 1574 1900 1883 1954; x_wconf 84' lang='lat' dir='ltr'><strong>Eusebius.</strong></span> 
     </span>
    </p>
   </div>
   <div class='ocr_carea' id='block_1_22' title="bbox 311 1984 1885 2060">
    <p class='ocr_par' dir='ltr' id='par_1_22' title="bbox 311 1984 1885 2060">
     <span class='ocr_line' id='line_1_22' title="bbox 311 1984 1885 2060; baseline 0.003 -20"><span class='ocrx_word' id='word_1_142' title='bbox 311 1989 397 2043; x_wconf 82' lang='grc'><strong>10.</strong></span> <span class='ocrx_word' id='word_1_143' title='bbox 470 1984 527 2041; x_wconf 92' lang='lat' dir='ltr'><strong>Si</strong></span> <span class='ocrx_word' id='word_1_144' title='bbox 583 1985 776 2056; x_wconf 84' lang='lat' dir='ltr'><strong>itaque</strong></span> <span class='ocrx_word' id='word_1_145' title='bbox 823 1984 1090 2056; x_wconf 81' lang='lat' dir='ltr'><strong>pugilum</strong></span> <span class='ocrx_word' id='word_1_146' title='bbox 1131 1990 1470 2041; x_wconf 89' lang='lat' dir='ltr'><strong>nostrorum</strong></span> <span class='ocrx_word' id='word_1_147' title='bbox 1536 1988 1885 2060; x_wconf 79' lang='lat' dir='ltr'><strong>martyrium</strong></span> 
     </span>
    </p>
   </div>
   <div class='ocr_carea' id='block_1_23' title="bbox 230 2072 1883 2145">
    <p class='ocr_par' dir='ltr' id='par_1_23' title="bbox 230 2072 1883 2145">
     <span class='ocr_line' id='line_1_23' title="bbox 230 2072 1883 2145; baseline 0.002 -16"><span class='ocrx_word' id='word_1_148' title='bbox 230 2073 470 2130; x_wconf 74' lang='lat' dir='ltr'><strong>differre</strong></span> <span class='ocrx_word' id='word_1_149' title='bbox 508 2072 705 2128; x_wconf 89' lang='lat' dir='ltr'><strong>liceret</strong></span> <span class='ocrx_word' id='word_1_150' title='bbox 778 2077 957 2145; x_wconf 89' lang='lat' dir='ltr'><strong>atque</strong></span> <span class='ocrx_word' id='word_1_151' title='bbox 1028 2072 1106 2128; x_wconf 90' lang='lat' dir='ltr'><strong>ad</strong></span> <span class='ocrx_word' id='word_1_152' title='bbox 1177 2072 1341 2129; x_wconf 88' lang='lat' dir='ltr'><strong>illam</strong></span> <span class='ocrx_word' id='word_1_153' title='bbox 1407 2074 1883 2133; x_wconf 88' lang='lat' dir='ltr'><strong>crudelissimam</strong></span> 
     </span>
    </p>
   </div>
   <div class='ocr_carea' id='block_1_24' title="bbox 229 2160 1886 2236">
    <p class='ocr_par' dir='ltr' id='par_1_24' title="bbox 229 2160 1886 2236">
     <span class='ocr_line' id='line_1_24' title="bbox 229 2160 1886 2236; baseline 0.003 -21"><span class='ocrx_word' id='word_1_154' title='bbox 229 2162 729 2233; x_wconf 87' lang='lat' dir='ltr'><strong>persecutionem,</strong></span> <span class='ocrx_word' id='word_1_155' title='bbox 761 2176 885 2232; x_wconf 92' lang='lat' dir='ltr'><strong>qua</strong></span> <span class='ocrx_word' id='word_1_156' title='bbox 915 2160 973 2216; x_wconf 92' lang='lat' dir='ltr'><strong>in</strong></span> <span class='ocrx_word' id='word_1_157' title='bbox 999 2177 1178 2217; x_wconf 90' lang='lat' dir='ltr'><strong>omne</strong></span> <span class='ocrx_word' id='word_1_158' title='bbox 1205 2176 1397 2230; x_wconf 89' lang='lat' dir='ltr'><strong>genus</strong></span> <span class='ocrx_word' id='word_1_159' title='bbox 1420 2162 1736 2220; x_wconf 91' lang='lat' dir='ltr'><strong>hominum</strong></span> <span class='ocrx_word' id='word_1_160' title='bbox 1755 2170 1886 2236; x_wconf 86' lang='lat' dir='ltr'><strong>aty—</strong></span> 
     </span>
    </p>
   </div>
   <div class='ocr_carea' id='block_1_25' title="bbox 223 2248 1889 2313">
    <p class='ocr_par' dir='ltr' id='par_1_25' title="bbox 223 2248 1889 2313">
     <span class='ocr_line' id='line_1_25' title="bbox 223 2248 1889 2313; baseline 0.002 -8"><span class='ocrx_word' id='word_1_161' title='bbox 223 2248 430 2305; x_wconf 90' lang='lat' dir='ltr'><strong>rannis</strong></span> <span class='ocrx_word' id='word_1_162' title='bbox 449 2250 723 2303; x_wconf 69' lang='lat' dir='ltr'><strong>smvitum</strong></span> <span class='ocrx_word' id='word_1_163' title='bbox 745 2253 852 2313; x_wconf 90' lang='lat' dir='ltr'><strong>est,</strong></span> <span class='ocrx_word' id='word_1_164' title='bbox 884 2254 1077 2304; x_wconf 90' lang='lat' dir='ltr'><strong>textus</strong></span> <span class='ocrx_word' id='word_1_165' title='bbox 1103 2251 1334 2306; x_wconf 86' lang='lat' dir='ltr'><strong>Eusebii</strong></span> <span class='ocrx_word' id='word_1_166' title='bbox 1355 2267 1473 2306; x_wconf 93' lang='lat' dir='ltr'><strong>non</strong></span> <span class='ocrx_word' id='word_1_167' title='bbox 1486 2258 1710 2308; x_wconf 89' lang='lat' dir='ltr'><strong>crearet</strong></span> <span class='ocrx_word' id='word_1_168' title='bbox 1737 2251 1889 2308; x_wconf 70' lang='lat' dir='ltr'><strong>dim-</strong></span> 
     </span>
    </p>
   </div>
   <div class='ocr_carea' id='block_1_26' title="bbox 223 2334 1889 2409">
    <p class='ocr_par' dir='ltr' id='par_1_26' title="bbox 223 2334 1889 2409">
     <span class='ocr_line' id='line_1_26' title="bbox 223 2334 1889 2409; baseline 0.002 -16"><span class='ocrx_word' id='word_1_169' title='bbox 223 2337 503 2394; x_wconf 90' lang='lat' dir='ltr'><strong>cultatem</strong></span> <span class='ocrx_word' id='word_1_170' title='bbox 529 2352 543 2402; x_wconf 91' lang='lat'><strong>;</strong></span> <span class='ocrx_word' id='word_1_171' title='bbox 574 2334 681 2391; x_wconf 88' lang='lat' dir='ltr'><strong>sed</strong></span> <span class='ocrx_word' id='word_1_172' title='bbox 713 2351 850 2391; x_wconf 91' lang='lat' dir='ltr'><strong>cum</strong></span> <span class='ocrx_word' id='word_1_173' title='bbox 870 2352 941 2390; x_wconf 92' lang='lat' dir='ltr'><strong>eo</strong></span> <span class='ocrx_word' id='word_1_174' title='bbox 964 2352 1154 2409; x_wconf 90' lang='lat' dir='ltr'><strong>usque</strong></span> <span class='ocrx_word' id='word_1_175' title='bbox 1177 2352 1297 2393; x_wconf 89' lang='lat' dir='ltr'><strong>non</strong></span> <span class='ocrx_word' id='word_1_176' title='bbox 1318 2338 1589 2394; x_wconf 88' lang='lat' dir='ltr'><strong>videatur</strong></span> <span class='ocrx_word' id='word_1_177' title='bbox 1615 2340 1889 2397; x_wconf 81' lang='lat' dir='ltr'><strong>differen-</strong></span> 
     </span>
    </p>
   </div>
   <div class='ocr_carea' id='block_1_27' title="bbox 227 2424 1887 2496">
    <p class='ocr_par' dir='ltr' id='par_1_27' title="bbox 227 2424 1887 2496">
     <span class='ocr_line' id='line_1_27' title="bbox 227 2424 1887 2496; baseline 0.003 -15"><span class='ocrx_word' id='word_1_178' title='bbox 227 2426 401 2491; x_wconf 91' lang='lat' dir='ltr'><strong>dum,</strong></span> <span class='ocrx_word' id='word_1_179' title='bbox 438 2424 647 2480; x_wconf 89' lang='lat' dir='ltr'><strong>saltem</strong></span> <span class='ocrx_word' id='word_1_180' title='bbox 679 2424 1012 2480; x_wconf 85' lang='lat' dir='ltr'><strong>secundum</strong></span> <span class='ocrx_word' id='word_1_181' title='bbox 1067 2430 1228 2489; x_wconf 85' lang='lat' dir='ltr'><strong>Acta,</strong></span> <span class='ocrx_word' id='word_1_182' title='bbox 1263 2430 1442 2496; x_wconf 84' lang='lat' dir='ltr'><strong>prout</strong></span> <span class='ocrx_word' id='word_1_183' title='bbox 1490 2427 1755 2483; x_wconf 76' lang='lat' dir='ltr'><strong>videlicet</strong></span> <span class='ocrx_word' id='word_1_184' title='bbox 1816 2446 1887 2486; x_wconf 89' lang='lat' dir='ltr'><strong>ea</strong></span> 
     </span>
    </p>
   </div>
   <div class='ocr_carea' id='block_1_28' title="bbox 220 2512 1885 2585">
    <p class='ocr_par' dir='ltr' id='par_1_28' title="bbox 220 2512 1885 2585">
     <span class='ocr_line' id='line_1_28' title="bbox 220 2512 1885 2585; baseline 0.001 -16"><span class='ocrx_word' id='word_1_185' title='bbox 220 2528 383 2570; x_wconf 88' lang='lat' dir='ltr'><strong>nunc</strong></span> <span class='ocrx_word' id='word_1_186' title='bbox 400 2516 635 2569; x_wconf 82' lang='lat' dir='ltr'><strong>exstant</strong></span> <span class='ocrx_word' id='word_1_187' title='bbox 663 2531 676 2580; x_wconf 91' lang='lat'><strong>;</strong></span> <span class='ocrx_word' id='word_1_188' title='bbox 702 2528 823 2568; x_wconf 90' lang='lat' dir='ltr'><strong>non</strong></span> <span class='ocrx_word' id='word_1_189' title='bbox 846 2512 1180 2580; x_wconf 87' lang='lat' dir='ltr'><strong>videamus,</strong></span> <span class='ocrx_word' id='word_1_190' title='bbox 1200 2529 1322 2585; x_wconf 91' lang='lat' dir='ltr'><strong>quo</strong></span> <span class='ocrx_word' id='word_1_191' title='bbox 1350 2521 1526 2585; x_wconf 89' lang='lat' dir='ltr'><strong>pacto</strong></span> <span class='ocrx_word' id='word_1_192' title='bbox 1556 2516 1696 2570; x_wconf 87' lang='lat' dir='ltr'><strong>satis</strong></span> <span class='ocrx_word' id='word_1_193' title='bbox 1725 2531 1885 2572; x_wconf 91' lang='lat' dir='ltr'><strong>com-</strong></span> 
     </span>
    </p>
   </div>
   <div class='ocr_carea' id='block_1_29' title="bbox 221 2601 1882 2674">
    <p class='ocr_par' dir='ltr' id='par_1_29' title="bbox 221 2601 1882 2674">
     <span class='ocr_line' id='line_1_29' title="bbox 221 2601 1882 2674; baseline 0.001 -15"><span class='ocrx_word' id='word_1_194' title='bbox 221 2602 401 2659; x_wconf 88' lang='lat' dir='ltr'><strong>mode</strong></span> <span class='ocrx_word' id='word_1_195' title='bbox 428 2603 505 2657; x_wconf 89' lang='lat' dir='ltr'><strong>ad</strong></span> <span class='ocrx_word' id='word_1_196' title='bbox 529 2601 714 2657; x_wconf 91' lang='lat' dir='ltr'><strong>verba</strong></span> <span class='ocrx_word' id='word_1_197' title='bbox 735 2601 966 2658; x_wconf 88' lang='lat' dir='ltr'><strong>Eusebii</strong></span> <span class='ocrx_word' id='word_1_198' title='bbox 991 2602 1339 2674; x_wconf 87' lang='lat' dir='ltr'><strong>responderi</strong></span> <span class='ocrx_word' id='word_1_199' title='bbox 1360 2608 1556 2674; x_wconf 89' lang='lat' dir='ltr'><strong>queat.</strong></span> <span class='ocrx_word' id='word_1_200' title='bbox 1594 2603 1882 2674; x_wconf 84' lang='lat' dir='ltr'><strong>Diximus,</strong></span> 
     </span>
    </p>
   </div>
   <div class='ocr_carea' id='block_1_30' title="bbox 222 2690 1884 2761">
    <p class='ocr_par' dir='ltr' id='par_1_30' title="bbox 222 2690 1884 2761">
     <span class='ocr_line' id='line_1_30' title="bbox 222 2690 1884 2761; baseline 0.001 -14"><span class='ocrx_word' id='word_1_201' title='bbox 222 2690 432 2747; x_wconf 87' lang='lat' dir='ltr'><strong>saltem</strong></span> <span class='ocrx_word' id='word_1_202' title='bbox 462 2690 796 2747; x_wconf 89' lang='lat' dir='ltr'><strong>secundum</strong></span> <span class='ocrx_word' id='word_1_203' title='bbox 821 2695 966 2746; x_wconf 86' lang='lat' dir='ltr'><strong>Acta</strong></span> <span class='ocrx_word' id='word_1_204' title='bbox 988 2695 1117 2755; x_wconf 92' lang='lat' dir='ltr'><strong>etc.,</strong></span> <span class='ocrx_word' id='word_1_205' title='bbox 1158 2706 1297 2761; x_wconf 70' lang='lat' dir='ltr'><strong>quas</strong></span> <span class='ocrx_word' id='word_1_206' title='bbox 1317 2690 1378 2745; x_wconf 92' lang='lat' dir='ltr'><strong>S.</strong></span> <span class='ocrx_word' id='word_1_207' title='bbox 1406 2692 1658 2748; x_wconf 73' lang='lat' dir='ltr'><strong>Androm</strong></span> <span class='ocrx_word' id='word_1_208' title='bbox 1692 2708 1764 2748; x_wconf 91' lang='lat' dir='ltr'><strong>ac</strong></span> <span class='ocrx_word' id='word_1_209' title='bbox 1792 2709 1884 2749; x_wconf 92' lang='lat' dir='ltr'><strong>so-</strong></span> 
     </span>
    </p>
   </div>
   <div class='ocr_carea' id='block_1_31' title="bbox 223 2777 1885 2852">
    <p class='ocr_par' dir='ltr' id='par_1_31' title="bbox 223 2777 1885 2852">
     <span class='ocr_line' id='line_1_31' title="bbox 223 2777 1885 2852; baseline 0.002 -17"><span class='ocrx_word' id='word_1_210' title='bbox 223 2779 453 2836; x_wconf 89' lang='lat' dir='ltr'><strong>ciorum</strong></span> <span class='ocrx_word' id='word_1_211' title='bbox 509 2778 766 2834; x_wconf 89' lang='lat' dir='ltr'><strong>militum</strong></span> <span class='ocrx_word' id='word_1_212' title='bbox 840 2777 1066 2833; x_wconf 69' lang='lat' dir='ltr'><strong>eisdem</strong></span> <span class='ocrx_word' id='word_1_213' title='bbox 1112 2784 1359 2833; x_wconf 91' lang='lat' dir='ltr'><strong>narrant</strong></span> <span class='ocrx_word' id='word_1_214' title='bbox 1411 2780 1699 2836; x_wconf 88' lang='lat' dir='ltr'><strong>accidisse</strong></span> <span class='ocrx_word' id='word_1_215' title='bbox 1752 2788 1885 2852; x_wconf 91' lang='lat' dir='ltr'><strong>post</strong></span> 
     </span>
    </p>
   </div>
   <div class='ocr_carea' id='block_1_32' title="bbox 221 2866 1884 2934">
    <p class='ocr_par' dir='ltr' id='par_1_32' title="bbox 221 2866 1884 2934">
     <span class='ocr_line' id='line_1_32' title="bbox 221 2866 1884 2934; baseline 0.001 -10"><span class='ocrx_word' id='word_1_216' title='bbox 221 2868 450 2925; x_wconf 88' lang='lat' dir='ltr'><strong>bellum</strong></span> <span class='ocrx_word' id='word_1_217' title='bbox 484 2867 781 2922; x_wconf 88' lang='lat' dir='ltr'><strong>Persicum</strong></span> <span class='ocrx_word' id='word_1_218' title='bbox 814 2885 828 2934; x_wconf 92' lang='lat'><strong>;</strong></span> <span class='ocrx_word' id='word_1_219' title='bbox 860 2866 1308 2921; x_wconf 89' lang='lat' dir='ltr'><strong>circumstantia</strong></span> <span class='ocrx_word' id='word_1_220' title='bbox 1335 2880 1477 2921; x_wconf 88' lang='lat' dir='ltr'><strong>vero</strong></span> <span class='ocrx_word' id='word_1_221' title='bbox 1501 2866 1601 2922; x_wconf 90' lang='lat' dir='ltr'><strong>illa</strong></span> <span class='ocrx_word' id='word_1_222' title='bbox 1629 2866 1884 2925; x_wconf 84' lang='lat' dir='ltr'><strong>fortasse</strong></span> 
     </span>
    </p>
   </div>
   <div class='ocr_carea' id='block_1_33' title="bbox 224 2952 1882 3026">
    <p class='ocr_par' dir='ltr' id='par_1_33' title="bbox 224 2952 1882 3026">
     <span class='ocr_line' id='line_1_33' title="bbox 224 2952 1882 3026; baseline 0.001 -16"><span class='ocrx_word' id='word_1_223' title='bbox 224 2956 463 3026; x_wconf 88' lang='lat' dir='ltr'><strong>adjecta</strong></span> <span class='ocrx_word' id='word_1_224' title='bbox 493 2953 603 3009; x_wconf 90' lang='lat' dir='ltr'><strong>fuit</strong></span> <span class='ocrx_word' id='word_1_225' title='bbox 630 2968 805 3009; x_wconf 90' lang='lat' dir='ltr'><strong>anon</strong></span> <span class='ocrx_word' id='word_1_226' title='bbox 838 2952 981 3008; x_wconf 89' lang='lat' dir='ltr'><strong>satis</strong></span> <span class='ocrx_word' id='word_1_227' title='bbox 1011 2957 1188 3007; x_wconf 88' lang='lat' dir='ltr'><strong>cauto</strong></span> <span class='ocrx_word' id='word_1_228' title='bbox 1214 2958 1564 3009; x_wconf 86' lang='lat' dir='ltr'><strong>exornatore</strong></span> <span class='ocrx_word' id='word_1_229' title='bbox 1582 2958 1882 3024; x_wconf 73' lang='lat' dir='ltr'><strong>Actorum,</strong></span> 
     </span>
    </p>
   </div>
   <div class='ocr_carea' id='block_1_34' title="bbox 222 3039 1887 3116">
    <p class='ocr_par' dir='ltr' id='par_1_34' title="bbox 222 3039 1887 3116">
     <span class='ocr_line' id='line_1_34' title="bbox 222 3039 1887 3116; baseline 0.001 -18"><span class='ocrx_word' id='word_1_230' title='bbox 222 3059 356 3116; x_wconf 67' lang='lat' dir='ltr'><strong>quae</strong></span> <span class='ocrx_word' id='word_1_231' title='bbox 397 3041 639 3097; x_wconf 87' lang='lat' dir='ltr'><strong>aliunde</strong></span> <span class='ocrx_word' id='word_1_232' title='bbox 660 3056 773 3097; x_wconf 91' lang='lat' dir='ltr'><strong>non</strong></span> <span class='ocrx_word' id='word_1_233' title='bbox 806 3045 937 3096; x_wconf 86' lang='lat' dir='ltr'><strong>sunt</strong></span> <span class='ocrx_word' id='word_1_234' title='bbox 960 3056 1199 3113; x_wconf 71' lang='lat' dir='ltr'><strong>magnas</strong></span> <span class='ocrx_word' id='word_1_235' title='bbox 1213 3039 1544 3097; x_wconf 88' lang='lat' dir='ltr'><strong>admodum</strong></span> <span class='ocrx_word' id='word_1_236' title='bbox 1570 3044 1887 3100; x_wconf 89' lang='lat' dir='ltr'><strong>auctorita-</strong></span> 
     </span>
    </p>
   </div>
   <div class='ocr_carea' id='block_1_35' title="bbox 221 3128 1885 3202">
    <p class='ocr_par' dir='ltr' id='par_1_35' title="bbox 221 3128 1885 3202">
     <span class='ocr_line' id='line_1_35' title="bbox 221 3128 1885 3202; baseline 0.001 -14"><span class='ocrx_word' id='word_1_237' title='bbox 221 3132 297 3188; x_wconf 87' lang='lat' dir='ltr'><strong>tis</strong></span> <span class='ocrx_word' id='word_1_238' title='bbox 328 3128 631 3202; x_wconf 83' lang='lat' dir='ltr'><strong>Quidquid</strong></span> <span class='ocrx_word' id='word_1_239' title='bbox 687 3129 780 3195; x_wconf 87' lang='lat' dir='ltr'><strong>sit,</strong></span> <span class='ocrx_word' id='word_1_240' title='bbox 836 3145 948 3185; x_wconf 93' lang='lat' dir='ltr'><strong>nos</strong></span> <span class='ocrx_word' id='word_1_241' title='bbox 1001 3129 1301 3197; x_wconf 89' lang='lat' dir='ltr'><strong>ingentem</strong></span> <span class='ocrx_word' id='word_1_242' title='bbox 1363 3129 1530 3186; x_wconf 92' lang='lat' dir='ltr'><strong>illum</strong></span> <span class='ocrx_word' id='word_1_243' title='bbox 1584 3133 1885 3189; x_wconf 90' lang='lat' dir='ltr'><strong>sociorum</strong></span> 
     </span>
    </p>
   </div>
   <div class='ocr_carea' id='block_1_36' title="bbox 221 3216 1884 3290">
    <p class='ocr_par' dir='ltr' id='par_1_36' title="bbox 221 3216 1884 3290">
     <span class='ocr_line' id='line_1_36' title="bbox 221 3216 1884 3290; baseline 0 -14"><span class='ocrx_word' id='word_1_244' title='bbox 221 3226 554 3290; x_wconf 89' lang='lat' dir='ltr'><strong>martyrum</strong></span> <span class='ocrx_word' id='word_1_245' title='bbox 586 3233 927 3284; x_wconf 89' lang='lat' dir='ltr'><strong>numerum,</strong></span> <span class='ocrx_word' id='word_1_246' title='bbox 963 3216 1023 3273; x_wconf 93' lang='lat' dir='ltr'><strong>in</strong></span> <span class='ocrx_word' id='word_1_247' title='bbox 1068 3218 1280 3273; x_wconf 57' lang='lat' dir='ltr'><strong>Grecis</strong></span> <span class='ocrx_word' id='word_1_248' title='bbox 1302 3218 1522 3290; x_wconf 89' lang='lat' dir='ltr'><strong>pariter</strong></span> <span class='ocrx_word' id='word_1_249' title='bbox 1549 3234 1620 3274; x_wconf 93' lang='lat' dir='ltr'><strong>ac</strong></span> <span class='ocrx_word' id='word_1_250' title='bbox 1670 3220 1884 3276; x_wconf 86' lang='lat' dir='ltr'><strong>Latinis</strong></span> 
     </span>
    </p>
   </div>
   <div class='ocr_carea' id='block_1_37' title="bbox 217 3305 1883 3379">
    <p class='ocr_par' dir='ltr' id='par_1_37' title="bbox 217 3305 1883 3379">
     <span class='ocr_line' id='line_1_37' title="bbox 217 3305 1883 3379; baseline -0.001 -13"><span class='ocrx_word' id='word_1_251' title='bbox 217 3309 403 3367; x_wconf 83' lang='lat' dir='ltr'><strong>Fastis</strong></span> <span class='ocrx_word' id='word_1_252' title='bbox 423 3307 866 3377; x_wconf 89' lang='lat' dir='ltr'><strong>consignatum,</strong></span> <span class='ocrx_word' id='word_1_253' title='bbox 917 3305 1308 3378; x_wconf 87' lang='lat' dir='ltr'><strong>relinquimus</strong></span> <span class='ocrx_word' id='word_1_254' title='bbox 1358 3308 1417 3361; x_wconf 91' lang='lat' dir='ltr'><strong>in</strong></span> <span class='ocrx_word' id='word_1_255' title='bbox 1471 3307 1714 3379; x_wconf 87' lang='lat' dir='ltr'><strong>antiqua</strong></span> <span class='ocrx_word' id='word_1_256' title='bbox 1776 3324 1883 3365; x_wconf 89' lang='lat' dir='ltr'><strong>sua</strong></span> 
     </span>
    </p>
   </div>
   <div class='ocr_carea' id='block_1_38' title="bbox 213 3394 1881 3470">
    <p class='ocr_par' dir='ltr' id='par_1_38' title="bbox 213 3394 1881 3470">
     <span class='ocr_line' id='line_1_38' title="bbox 213 3394 1881 3470; baseline -0.001 -17"><span class='ocrx_word' id='word_1_257' title='bbox 213 3397 616 3470; x_wconf 88' lang='lat' dir='ltr'><strong>possessione,</strong></span> <span class='ocrx_word' id='word_1_258' title='bbox 632 3394 712 3451; x_wconf 91' lang='lat' dir='ltr'><strong>ita</strong></span> <span class='ocrx_word' id='word_1_259' title='bbox 730 3400 929 3450; x_wconf 89' lang='lat' dir='ltr'><strong>tamen</strong></span> <span class='ocrx_word' id='word_1_260' title='bbox 949 3402 1029 3461; x_wconf 92' lang='lat' dir='ltr'><strong>ut,</strong></span> <span class='ocrx_word' id='word_1_261' title='bbox 1046 3394 1528 3467; x_wconf 82' lang='lat' dir='ltr'><strong>Martyrologium</strong></span> <span class='ocrx_word' id='word_1_262' title='bbox 1548 3398 1881 3453; x_wconf 83' lang='lat' dir='ltr'><strong>Romanum</strong></span> 
     </span>
    </p>
   </div>
   <div class='ocr_carea' id='block_1_39' title="bbox 216 3482 1881 3549">
    <p class='ocr_par' dir='ltr' id='par_1_39' title="bbox 216 3482 1881 3549">
     <span class='ocr_line' id='line_1_39' title="bbox 216 3482 1881 3549; baseline 0.001 -8"><span class='ocrx_word' id='word_1_263' title='bbox 216 3485 421 3549; x_wconf 86' lang='lat' dir='ltr'><strong>secuti,</strong></span> <span class='ocrx_word' id='word_1_264' title='bbox 453 3500 590 3539; x_wconf 93' lang='lat' dir='ltr'><strong>eum</strong></span> <span class='ocrx_word' id='word_1_265' title='bbox 644 3484 703 3538; x_wconf 91' lang='lat' dir='ltr'><strong>in</strong></span> <span class='ocrx_word' id='word_1_266' title='bbox 749 3482 915 3539; x_wconf 89' lang='lat' dir='ltr'><strong>titulo</strong></span> <span class='ocrx_word' id='word_1_267' title='bbox 977 3492 1114 3539; x_wconf 87' lang='lat' dir='ltr'><strong>ante</strong></span> <span class='ocrx_word' id='word_1_268' title='bbox 1161 3483 1323 3539; x_wconf 90' lang='lat' dir='ltr'><strong>hunc</strong></span> <span class='ocrx_word' id='word_1_269' title='bbox 1378 3486 1881 3542; x_wconf 87' lang='lat' dir='ltr'><strong>Commentarium</strong></span> 
     </span>
    </p>
   </div>
   <div class='ocr_carea' id='block_1_40' title="bbox 214 3572 1883 3631">
    <p class='ocr_par' dir='ltr' id='par_1_40' title="bbox 214 3572 1883 3631">
     <span class='ocr_line' id='line_1_40' title="bbox 214 3572 1883 3631; baseline -0.001 0"><span class='ocrx_word' id='word_1_270' title='bbox 214 3580 492 3631; x_wconf 88' lang='lat' dir='ltr'><strong>nostrum</strong></span> <span class='ocrx_word' id='word_1_271' title='bbox 524 3587 644 3629; x_wconf 91' lang='lat' dir='ltr'><strong>non</strong></span> <span class='ocrx_word' id='word_1_272' title='bbox 674 3572 1007 3628; x_wconf 89' lang='lat' dir='ltr'><strong>determina</strong></span> <span class='ocrx_word' id='word_1_273' title='bbox 1058 3572 1340 3627; x_wconf 91' lang='lat' dir='ltr'><strong>verimus.</strong></span> <span class='ocrx_word' id='word_1_274' title='bbox 1370 3574 1535 3627; x_wconf 86' lang='lat' dir='ltr'><strong>Nunc</strong></span> <span class='ocrx_word' id='word_1_275' title='bbox 1559 3590 1594 3628; x_wconf 91' lang='lat' dir='ltr'><strong>a</strong></span> <span class='ocrx_word' id='word_1_276' title='bbox 1634 3589 1883 3631; x_wconf 89' lang='lat' dir='ltr'><strong>numero</strong></span> 
     </span>
    </p>
   </div>
   <div class='ocr_carea' id='block_1_41' title="bbox 217 3660 1596 3736">
    <p class='ocr_par' dir='ltr' id='par_1_41' title="bbox 217 3660 1596 3736">
     <span class='ocr_line' id='line_1_41' title="bbox 217 3660 1596 3736; baseline -0.004 -16"><span class='ocrx_word' id='word_1_277' title='bbox 217 3668 553 3736; x_wconf 88' lang='lat' dir='ltr'><strong>martyrum</strong></span> <span class='ocrx_word' id='word_1_278' title='bbox 584 3676 909 3734; x_wconf 90' lang='lat' dir='ltr'><strong>pergamus</strong></span> <span class='ocrx_word' id='word_1_279' title='bbox 932 3660 1007 3716; x_wconf 90' lang='lat' dir='ltr'><strong>ad</strong></span> <span class='ocrx_word' id='word_1_280' title='bbox 1034 3667 1268 3732; x_wconf 90' lang='lat' dir='ltr'><strong>tempus</strong></span> <span class='ocrx_word' id='word_1_281' title='bbox 1308 3661 1596 3734; x_wconf 86' lang='lat' dir='ltr'><strong>martyrii.</strong></span> 
     </span>
    </p>
   </div>
   <div class='ocr_carea' id='block_1_42' title="bbox 627 3837 1528 3909">
    <p class='ocr_par' dir='ltr' id='par_1_42' title="bbox 627 3837 1528 3909">
     <span class='ocr_line' id='line_1_42' title="bbox 627 3837 1528 3909; baseline 0.001 -15"><span class='ocrx_word' id='word_1_282' title='bbox 627 3838 871 3909; x_wconf 83' lang='lat' dir='ltr'><strong>Tempus</strong></span> <span class='ocrx_word' id='word_1_283' title='bbox 895 3837 1178 3907; x_wconf 82' lang='lat' dir='ltr'><strong>martyrii</strong></span> <span class='ocrx_word' id='word_1_284' title='bbox 1193 3852 1528 3908; x_wconf 75' lang='lat' dir='ltr'><strong>expensum.</strong></span> 
     </span>
    </p>
   </div>
   <div class='ocr_carea' id='block_1_43' title="bbox 299 3927 1880 3999">
    <p class='ocr_par' dir='ltr' id='par_1_43' title="bbox 299 3927 1880 3999">
     <span class='ocr_line' id='line_1_43' title="bbox 299 3927 1880 3999; baseline 0.002 -19"><span class='ocrx_word' id='word_1_285' title='bbox 299 3950 328 3981; x_wconf 70' lang='grc' dir='ltr'><strong>ε(</strong></span> <span class='ocrx_word' id='word_1_286' title='bbox 372 3929 647 3993; x_wconf 88' lang='lat' dir='ltr'><strong>Cursum,</strong></span> <span class='ocrx_word' id='word_1_287' title='bbox 675 3927 949 3998; x_wconf 89' lang='lat' dir='ltr'><strong>inquiunt</strong></span> <span class='ocrx_word' id='word_1_288' title='bbox 990 3932 1156 3991; x_wconf 87' lang='lat' dir='ltr'><strong>Acta,</strong></span> <span class='ocrx_word' id='word_1_289' title='bbox 1203 3928 1458 3999; x_wconf 88' lang='lat' dir='ltr'><strong>martyrii</strong></span> <span class='ocrx_word' id='word_1_290' title='bbox 1490 3928 1581 3984; x_wconf 91' lang='lat' dir='ltr'><strong>sui</strong></span> <span class='ocrx_word' id='word_1_291' title='bbox 1610 3928 1880 3985; x_wconf 85' lang='lat' dir='ltr'><strong>beatissi-</strong></span> 
     </span>
    </p>
   </div>
   <div class='ocr_carea' id='block_1_44' title="bbox 228 4016 1883 4075">
    <p class='ocr_par' dir='ltr' id='par_1_44' title="bbox 228 4016 1883 4075">
     <span class='ocr_line' id='line_1_44' title="bbox 228 4016 1883 4075; baseline 0 0"><span class='ocrx_word' id='word_1_292' title='bbox 228 4034 364 4075; x_wconf 88' lang='lat' dir='ltr'><strong>mus</strong></span> <span class='ocrx_word' id='word_1_293' title='bbox 385 4017 652 4074; x_wconf 84' lang='lat' dir='ltr'><strong>Andreas</strong></span> <span class='ocrx_word' id='word_1_294' title='bbox 694 4032 830 4072; x_wconf 92' lang='lat' dir='ltr'><strong>cum</strong></span> <span class='ocrx_word' id='word_1_295' title='bbox 861 4020 985 4072; x_wconf 91' lang='lat' dir='ltr'><strong>tota</strong></span> <span class='ocrx_word' id='word_1_296' title='bbox 1012 4032 1121 4071; x_wconf 90' lang='lat' dir='ltr'><strong>sua</strong></span> <span class='ocrx_word' id='word_1_297' title='bbox 1153 4016 1283 4073; x_wconf 88' lang='lat' dir='ltr'><strong>forti</strong></span> <span class='ocrx_word' id='word_1_298' title='bbox 1336 4022 1394 4073; x_wconf 90' lang='lat' dir='ltr'><strong>et</strong></span> <span class='ocrx_word' id='word_1_299' title='bbox 1449 4033 1483 4072; x_wconf 92' lang='lat' dir='ltr'><strong>a</strong></span> <span class='ocrx_word' id='word_1_300' title='bbox 1538 4019 1657 4074; x_wconf 93' lang='lat' dir='ltr'><strong>Deo</strong></span> <span class='ocrx_word' id='word_1_301' title='bbox 1699 4018 1883 4075; x_wconf 90' lang='lat' dir='ltr'><strong>electa</strong></span> 
     </span>
    </p>
   </div>
   <div class='ocr_carea' id='block_1_45' title="bbox 226 4103 1877 4177">
    <p class='ocr_par' dir='ltr' id='par_1_45' title="bbox 226 4103 1877 4177">
     <span class='ocr_line' id='line_1_45' title="bbox 226 4103 1877 4177; baseline -0.002 -14"><span class='ocrx_word' id='word_1_302' title='bbox 226 4105 521 4177; x_wconf 86' lang='lat' dir='ltr'><strong>Phalange</strong></span> <span class='ocrx_word' id='word_1_303' title='bbox 546 4103 789 4177; x_wconf 89' lang='lat' dir='ltr'><strong>perfecit</strong></span> <span class='ocrx_word' id='word_1_304' title='bbox 804 4104 1039 4161; x_wconf 90' lang='lat' dir='ltr'><strong>decimo</strong></span> <span class='ocrx_word' id='word_1_305' title='bbox 1056 4120 1216 4161; x_wconf 91' lang='lat' dir='ltr'><strong>nono</strong></span> <span class='ocrx_word' id='word_1_306' title='bbox 1246 4104 1342 4161; x_wconf 89' lang='lat' dir='ltr'><strong>die</strong></span> <span class='ocrx_word' id='word_1_307' title='bbox 1364 4107 1589 4162; x_wconf 89' lang='lat' dir='ltr'><strong>mensis</strong></span> <span class='ocrx_word' id='word_1_308' title='bbox 1611 4106 1877 4177; x_wconf 88' lang='lat' dir='ltr'><strong>Augusti,</strong></span> 
     </span>
    </p>
   </div>
   <div class='ocr_carea' id='block_1_46' title="bbox 222 4194 1881 4266">
    <p class='ocr_par' dir='ltr' id='par_1_46' title="bbox 222 4194 1881 4266">
     <span class='ocr_line' id='line_1_46' title="bbox 222 4194 1881 4266; baseline -0.003 -14"><span class='ocrx_word' id='word_1_309' title='bbox 222 4196 319 4252; x_wconf 91' lang='lat' dir='ltr'><strong>die</strong></span> <span class='ocrx_word' id='word_1_310' title='bbox 349 4195 673 4251; x_wconf 91' lang='lat' dir='ltr'><strong>Dominico.</strong></span> <span class='ocrx_word' id='word_1_311' title='bbox 714 4214 743 4247; x_wconf 83' lang='grc'><strong>››</strong></span> <span class='ocrx_word' id='word_1_312' title='bbox 789 4195 999 4250; x_wconf 89' lang='lat' dir='ltr'><strong>Littera</strong></span> <span class='ocrx_word' id='word_1_313' title='bbox 1031 4195 1097 4261; x_wconf 88' lang='lat' dir='ltr'><strong>G,</strong></span> <span class='ocrx_word' id='word_1_314' title='bbox 1120 4210 1255 4266; x_wconf 63' lang='lat' dir='ltr'><strong>quae</strong></span> <span class='ocrx_word' id='word_1_315' title='bbox 1281 4194 1378 4249; x_wconf 91' lang='lat' dir='ltr'><strong>hic</strong></span> <span class='ocrx_word' id='word_1_316' title='bbox 1421 4202 1509 4250; x_wconf 90' lang='lat' dir='ltr'><strong>est</strong></span> <span class='ocrx_word' id='word_1_317' title='bbox 1539 4194 1725 4249; x_wconf 87' lang='lat' dir='ltr'><strong>littera</strong></span> <span class='ocrx_word' id='word_1_318' title='bbox 1764 4195 1881 4248; x_wconf 90' lang='lat' dir='ltr'><strong>diei</strong></span> 
     </span>
    </p>
   </div>
   <div class='ocr_carea' id='block_1_47' title="bbox 223 4280 1882 4354">
    <p class='ocr_par' dir='ltr' id='par_1_47' title="bbox 223 4280 1882 4354">
     <span class='ocr_line' id='line_1_47' title="bbox 223 4280 1882 4354; baseline -0.004 -12"><span class='ocrx_word' id='word_1_319' title='bbox 223 4289 285 4342; x_wconf 85' lang='lat' dir='ltr'><strong>l9</strong></span> <span class='ocrx_word' id='word_1_320' title='bbox 312 4284 585 4354; x_wconf 88' lang='lat' dir='ltr'><strong>Augusti,</strong></span> <span class='ocrx_word' id='word_1_321' title='bbox 618 4298 737 4339; x_wconf 91' lang='lat' dir='ltr'><strong>non</strong></span> <span class='ocrx_word' id='word_1_322' title='bbox 760 4282 1054 4338; x_wconf 88' lang='lat' dir='ltr'><strong>invenitur</strong></span> <span class='ocrx_word' id='word_1_323' title='bbox 1085 4289 1372 4353; x_wconf 90' lang='lat' dir='ltr'><strong>tanquam</strong></span> <span class='ocrx_word' id='word_1_324' title='bbox 1403 4282 1594 4337; x_wconf 90' lang='lat' dir='ltr'><strong>littera</strong></span> <span class='ocrx_word' id='word_1_325' title='bbox 1623 4280 1882 4335; x_wconf 89' lang='lat' dir='ltr'><strong>Domini-</strong></span> 
     </span>
    </p>
   </div>
   <div class='ocr_carea' id='block_1_48' title="bbox 2010 491 3667 566">
    <p class='ocr_par' dir='ltr' id='par_1_48' title="bbox 2010 491 3667 566">
     <span class='ocr_line' id='line_1_48' title="bbox 2010 491 3667 566; baseline 0.007 -28"><span class='ocrx_word' id='word_1_326' title='bbox 2010 498 2136 540; x_wconf 92' lang='lat' dir='ltr'><strong>rem</strong></span> <span class='ocrx_word' id='word_1_327' title='bbox 2160 501 2294 543; x_wconf 90' lang='lat' dir='ltr'><strong>cum</strong></span> <span class='ocrx_word' id='word_1_328' title='bbox 2330 505 2441 545; x_wconf 91' lang='lat' dir='ltr'><strong>suo</strong></span> <span class='ocrx_word' id='word_1_329' title='bbox 2462 491 2683 563; x_wconf 88' lang='lat' dir='ltr'><strong>collega</strong></span> <span class='ocrx_word' id='word_1_330' title='bbox 2712 493 3065 550; x_wconf 82' lang='lat' dir='ltr'><strong>Maximiano</strong></span> <span class='ocrx_word' id='word_1_331' title='bbox 3097 499 3237 549; x_wconf 93' lang='lat' dir='ltr'><strong>tunc</strong></span> <span class='ocrx_word' id='word_1_332' title='bbox 3269 493 3667 566; x_wconf 86' lang='lat' dir='ltr'><strong>triumphasse</strong></span> 
     </span>
    </p>
   </div>
   <div class='ocr_carea' id='block_1_49' title="bbox 2008 571 3661 650">
    <p class='ocr_par' dir='ltr' id='par_1_49' title="bbox 2008 571 3661 650">
     <span class='ocr_line' id='line_1_49' title="bbox 2008 571 3661 650; baseline 0.007 -23"><span class='ocrx_word' id='word_1_333' title='bbox 2008 571 2083 628; x_wconf 91' lang='lat' dir='ltr'><strong>de</strong></span> <span class='ocrx_word' id='word_1_334' title='bbox 2109 576 2296 632; x_wconf 84' lang='lat' dir='ltr'><strong>Persis</strong></span> <span class='ocrx_word' id='word_1_335' title='bbox 2320 578 2581 636; x_wconf 83' lang='lat' dir='ltr'><strong>affirmat</strong></span> <span class='ocrx_word' id='word_1_336' title='bbox 2640 601 2654 647; x_wconf 87' lang='lat'><strong>;</strong></span> <span class='ocrx_word' id='word_1_337' title='bbox 2709 587 2765 637; x_wconf 91' lang='lat' dir='ltr'><strong>et</strong></span> <span class='ocrx_word' id='word_1_338' title='bbox 2816 582 3035 638; x_wconf 90' lang='lat' dir='ltr'><strong>ibidem</strong></span> <span class='ocrx_word' id='word_1_339' title='bbox 3090 597 3246 637; x_wconf 90' lang='lat' dir='ltr'><strong>num.</strong></span> <span class='ocrx_word' id='word_1_340' title='bbox 3279 586 3330 637; x_wconf 90' lang='lat'><strong>2.</strong></span> <span class='ocrx_word' id='word_1_341' title='bbox 3374 603 3402 632; x_wconf 83' lang='lat'><strong>«</strong></span> <span class='ocrx_word' id='word_1_342' title='bbox 3463 585 3661 650; x_wconf 92' lang='lat' dir='ltr'><strong>Porro,</strong></span> 
     </span>
    </p>
   </div>
   <div class='ocr_carea' id='block_1_50' title="bbox 2007 663 3662 729">
    <p class='ocr_par' dir='ltr' id='par_1_50' title="bbox 2007 663 3662 729">
     <span class='ocr_line' id='line_1_50' title="bbox 2007 663 3662 729; baseline 0.007 -11"><span class='ocrx_word' id='word_1_343' title='bbox 2007 663 2105 727; x_wconf 89' lang='lat' dir='ltr'><strong>ait,</strong></span> <span class='ocrx_word' id='word_1_344' title='bbox 2147 665 2355 721; x_wconf 91' lang='lat' dir='ltr'><strong>enituit</strong></span> <span class='ocrx_word' id='word_1_345' title='bbox 2377 666 2438 722; x_wconf 92' lang='lat' dir='ltr'><strong>in</strong></span> <span class='ocrx_word' id='word_1_346' title='bbox 2460 667 2613 724; x_wconf 90' lang='lat' dir='ltr'><strong>bello</strong></span> <span class='ocrx_word' id='word_1_347' title='bbox 2639 669 2875 727; x_wconf 90' lang='lat' dir='ltr'><strong>Persico</strong></span> <span class='ocrx_word' id='word_1_348' title='bbox 2903 670 3123 726; x_wconf 89' lang='lat' dir='ltr'><strong>eximia</strong></span> <span class='ocrx_word' id='word_1_349' title='bbox 3168 671 3356 727; x_wconf 91' lang='lat' dir='ltr'><strong>virtus</strong></span> <span class='ocrx_word' id='word_1_350' title='bbox 3413 670 3662 729; x_wconf 51' lang='lat' dir='ltr'><strong>Andreas</strong></span> 
     </span>
    </p>
   </div>
   <div class='ocr_carea' id='block_1_51' title="bbox 2006 750 2738 820">
    <p class='ocr_par' dir='ltr' id='par_1_51' title="bbox 2006 750 2738 820">
     <span class='ocr_line' id='line_1_51' title="bbox 2006 750 2738 820; baseline 0.012 -14"><span class='ocrx_word' id='word_1_351' title='bbox 2006 750 2224 807; x_wconf 91' lang='lat' dir='ltr'><strong>tribuni</strong></span> <span class='ocrx_word' id='word_1_352' title='bbox 2247 754 2521 820; x_wconf 92' lang='lat' dir='ltr'><strong>militum,</strong></span> <span class='ocrx_word' id='word_1_353' title='bbox 2556 777 2580 808; x_wconf 70' lang='grc' dir='ltr'><strong><em>ι</em></strong></span> <span class='ocrx_word' id='word_1_354' title='bbox 2627 762 2738 814; x_wconf 90' lang='lat' dir='ltr'><strong>etc.</strong></span> 
     </span>
    </p>
   </div>
   <div class='ocr_carea' id='block_1_52' title="bbox 2082 842 3660 916">
    <p class='ocr_par' dir='ltr' id='par_1_52' title="bbox 2082 842 3660 916">
     <span class='ocr_line' id='line_1_52' title="bbox 2082 842 3660 916; baseline 0.006 -21"><span class='ocrx_word' id='word_1_355' title='bbox 2082 844 2162 895; x_wconf 86' lang='lat' dir='ltr'><strong>ll.</strong></span> <span class='ocrx_word' id='word_1_356' title='bbox 2194 842 2305 898; x_wconf 89' lang='lat' dir='ltr'><strong>Sed</strong></span> <span class='ocrx_word' id='word_1_357' title='bbox 2333 844 2544 916; x_wconf 84' lang='lat' dir='ltr'><strong>Pagius</strong></span> <span class='ocrx_word' id='word_1_358' title='bbox 2569 845 2647 901; x_wconf 89' lang='lat' dir='ltr'><strong>ad</strong></span> <span class='ocrx_word' id='word_1_359' title='bbox 2672 846 2897 903; x_wconf 91' lang='lat' dir='ltr'><strong>dictum</strong></span> <span class='ocrx_word' id='word_1_360' title='bbox 2931 862 3177 914; x_wconf 91' lang='lat' dir='ltr'><strong>annum,</strong></span> <span class='ocrx_word' id='word_1_361' title='bbox 3212 863 3381 903; x_wconf 93' lang='lat' dir='ltr'><strong>num.</strong></span> <span class='ocrx_word' id='word_1_362' title='bbox 3413 852 3470 913; x_wconf 89' lang='lat'><strong>2,</strong></span> <span class='ocrx_word' id='word_1_363' title='bbox 3490 847 3660 905; x_wconf 92' lang='lat' dir='ltr'><strong>illum</strong></span> 
     </span>
    </p>
   </div>
   <div class='ocr_carea' id='block_1_53' title="bbox 2006 928 3656 1008">
    <p class='ocr_par' dir='ltr' id='par_1_53' title="bbox 2006 928 3656 1008">
     <span class='ocr_line' id='line_1_53' title="bbox 2006 928 3656 1008; baseline 0.007 -26"><span class='ocrx_word' id='word_1_364' title='bbox 2006 928 2373 1001; x_wconf 89' lang='lat' dir='ltr'><strong>triumphum</strong></span> <span class='ocrx_word' id='word_1_365' title='bbox 2404 932 2768 991; x_wconf 89' lang='lat' dir='ltr'><strong>celebratum</strong></span> <span class='ocrx_word' id='word_1_366' title='bbox 2808 934 3067 992; x_wconf 81' lang='lat' dir='ltr'><strong>afﬁrmat</strong></span> <span class='ocrx_word' id='word_1_367' title='bbox 3095 955 3121 986; x_wconf 78' lang='lat' dir='ltr'><strong>a</strong></span> <span class='ocrx_word' id='word_1_368' title='bbox 3145 950 3307 991; x_wconf 88' lang='lat' dir='ltr'><strong>anno</strong></span> <span class='ocrx_word' id='word_1_369' title='bbox 3330 936 3435 992; x_wconf 87' lang='lat'><strong>303</strong></span> <span class='ocrx_word' id='word_1_370' title='bbox 3474 955 3503 989; x_wconf 65' lang='grc' dir='ltr'>υ</span> <span class='ocrx_word' id='word_1_371' title='bbox 3544 953 3656 1008; x_wconf 91' lang='lat' dir='ltr'><strong>quo</strong></span> 
     </span>
    </p>
   </div>
   <div class='ocr_carea' id='block_1_54' title="bbox 2004 1017 3653 1097">
    <p class='ocr_par' dir='ltr' id='par_1_54' title="bbox 2004 1017 3653 1097">
     <span class='ocr_line' id='line_1_54' title="bbox 2004 1017 3653 1097; baseline 0.005 -25"><span class='ocrx_word' id='word_1_372' title='bbox 2004 1017 2340 1075; x_wconf 86' lang='lat' dir='ltr'><strong>Lactantius</strong></span> <span class='ocrx_word' id='word_1_373' title='bbox 2367 1020 2469 1077; x_wconf 88' lang='lat' dir='ltr'><strong>lib.</strong></span> <span class='ocrx_word' id='word_1_374' title='bbox 2503 1024 2588 1079; x_wconf 85' lang='lat' dir='ltr'><strong>De</strong></span> <span class='ocrx_word' id='word_1_375' title='bbox 2608 1024 2887 1079; x_wconf 71' lang='lat' dir='ltr'><strong>mortibus</strong></span> <span class='ocrx_word' id='word_1_376' title='bbox 2917 1029 3382 1093; x_wconf 83' lang='lat' dir='ltr'><strong>persecutorum,</strong></span> <span class='ocrx_word' id='word_1_377' title='bbox 3414 1025 3653 1097; x_wconf 73' lang='lat' dir='ltr'><strong>cap.l7,</strong></span> 
     </span>
    </p>
   </div>
   <div class='ocr_carea' id='block_1_55' title="bbox 2008 1105 3650 1170">
    <p class='ocr_par' dir='ltr' id='par_1_55' title="bbox 2008 1105 3650 1170">
     <span class='ocr_line' id='line_1_55' title="bbox 2008 1105 3650 1170; baseline 0.004 -10"><span class='ocrx_word' id='word_1_378' title='bbox 2008 1105 2434 1165; x_wconf 82' lang='lat' dir='ltr'><strong>Diocletianum</strong></span> <span class='ocrx_word' id='word_1_379' title='bbox 2465 1113 2664 1168; x_wconf 64' lang='lat' dir='ltr'><strong>Romae</strong></span> <span class='ocrx_word' id='word_1_380' title='bbox 2687 1112 3028 1169; x_wconf 89' lang='lat' dir='ltr'><strong>Vicennalia</strong></span> <span class='ocrx_word' id='word_1_381' title='bbox 3083 1112 3414 1169; x_wconf 90' lang='lat' dir='ltr'><strong>celebrasse</strong></span> <span class='ocrx_word' id='word_1_382' title='bbox 3452 1114 3650 1170; x_wconf 90' lang='lat' dir='ltr'><strong>tradit.</strong></span> 
     </span>
    </p>
   </div>
   <div class='ocr_carea' id='block_1_56' title="bbox 2002 1193 3650 1271">
    <p class='ocr_par' dir='ltr' id='par_1_56' title="bbox 2002 1193 3650 1271">
     <span class='ocr_line' id='line_1_56' title="bbox 2002 1193 3650 1271; baseline 0.005 -23"><span class='ocrx_word' id='word_1_383' title='bbox 2002 1193 2147 1250; x_wconf 90' lang='lat' dir='ltr'><strong>Nam</strong></span> <span class='ocrx_word' id='word_1_384' title='bbox 2184 1212 2323 1252; x_wconf 93' lang='lat' dir='ltr'><strong>cum</strong></span> <span class='ocrx_word' id='word_1_385' title='bbox 2377 1198 2712 1271; x_wconf 89' lang='lat' dir='ltr'><strong>triumphus</strong></span> <span class='ocrx_word' id='word_1_386' title='bbox 2763 1199 2860 1255; x_wconf 90' lang='lat' dir='ltr'><strong>ille</strong></span> <span class='ocrx_word' id='word_1_387' title='bbox 2890 1203 3087 1256; x_wconf 84' lang='lat' dir='ltr'><strong>Romae</strong></span> <span class='ocrx_word' id='word_1_388' title='bbox 3132 1200 3429 1257; x_wconf 87' lang='lat' dir='ltr'><strong>exhibitus</strong></span> <span class='ocrx_word' id='word_1_389' title='bbox 3453 1200 3650 1270; x_wconf 89' lang='lat' dir='ltr'><strong>fuerit,</strong></span> 
     </span>
    </p>
   </div>
   <div class='ocr_carea' id='block_1_57' title="bbox 2003 1284 3653 1359">
    <p class='ocr_par' dir='ltr' id='par_1_57' title="bbox 2003 1284 3653 1359">
     <span class='ocr_line' id='line_1_57' title="bbox 2003 1284 3653 1359; baseline 0.005 -23"><span class='ocrx_word' id='word_1_390' title='bbox 2003 1286 2065 1338; x_wconf 91' lang='lat' dir='ltr'><strong>ut</strong></span> <span class='ocrx_word' id='word_1_391' title='bbox 2097 1284 2383 1340; x_wconf 88' lang='lat' dir='ltr'><strong>Eusebius</strong></span> <span class='ocrx_word' id='word_1_392' title='bbox 2413 1284 2473 1341; x_wconf 91' lang='lat' dir='ltr'><strong>in</strong></span> <span class='ocrx_word' id='word_1_393' title='bbox 2506 1287 2815 1355; x_wconf 89' lang='lat' dir='ltr'><strong>Chronico,</strong></span> <span class='ocrx_word' id='word_1_394' title='bbox 2850 1288 3163 1359; x_wconf 90' lang='lat' dir='ltr'><strong>Eutropius</strong></span> <span class='ocrx_word' id='word_1_395' title='bbox 3186 1293 3240 1345; x_wconf 92' lang='lat' dir='ltr'><strong>et</strong></span> <span class='ocrx_word' id='word_1_396' title='bbox 3269 1289 3653 1345; x_wconf 87' lang='lat' dir='ltr'><strong>Cassiodorus</strong></span> 
     </span>
    </p>
   </div>
   <div class='ocr_carea' id='block_1_58' title="bbox 2002 1374 3649 1447">
    <p class='ocr_par' dir='ltr' id='par_1_58' title="bbox 2002 1374 3649 1447">
     <span class='ocr_line' id='line_1_58' title="bbox 2002 1374 3649 1447; baseline 0.005 -22"><span class='ocrx_word' id='word_1_397' title='bbox 2002 1374 2310 1437; x_wconf 86' lang='lat' dir='ltr'><strong>testantur,</strong></span> <span class='ocrx_word' id='word_1_398' title='bbox 2382 1378 2441 1428; x_wconf 90' lang='lat' dir='ltr'><strong>et</strong></span> <span class='ocrx_word' id='word_1_399' title='bbox 2497 1380 2633 1430; x_wconf 89' lang='lat' dir='ltr'><strong>ante</strong></span> <span class='ocrx_word' id='word_1_400' title='bbox 2700 1391 2927 1431; x_wconf 91' lang='lat' dir='ltr'><strong>annum</strong></span> <span class='ocrx_word' id='word_1_401' title='bbox 2984 1379 3085 1433; x_wconf 87' lang='lat'><strong>308</strong></span> <span class='ocrx_word' id='word_1_402' title='bbox 3147 1381 3282 1447; x_wconf 88' lang='lat' dir='ltr'><strong>post</strong></span> <span class='ocrx_word' id='word_1_403' title='bbox 3340 1377 3649 1434; x_wconf 88' lang='lat' dir='ltr'><strong>victoriam</strong></span> 
     </span>
    </p>
   </div>
   <div class='ocr_carea' id='block_1_59' title="bbox 2000 1459 3650 1537">
    <p class='ocr_par' dir='ltr' id='par_1_59' title="bbox 2000 1459 3650 1537">
     <span class='ocr_line' id='line_1_59' title="bbox 2000 1459 3650 1537; baseline 0.005 -24"><span class='ocrx_word' id='word_1_404' title='bbox 2000 1459 2292 1515; x_wconf 89' lang='lat' dir='ltr'><strong>Persicam</strong></span> <span class='ocrx_word' id='word_1_405' title='bbox 2318 1460 2709 1518; x_wconf 90' lang='lat' dir='ltr'><strong>Diocletianus</strong></span> <span class='ocrx_word' id='word_1_406' title='bbox 2742 1464 2941 1519; x_wconf 71' lang='lat' dir='ltr'><strong>Romae</strong></span> <span class='ocrx_word' id='word_1_407' title='bbox 2972 1479 3094 1520; x_wconf 90' lang='lat' dir='ltr'><strong>non</strong></span> <span class='ocrx_word' id='word_1_408' title='bbox 3144 1462 3338 1529; x_wconf 88' lang='lat' dir='ltr'><strong>fuerit,</strong></span> <span class='ocrx_word' id='word_1_409' title='bbox 3368 1464 3555 1537; x_wconf 90' lang='lat' dir='ltr'><strong>liquet</strong></span> <span class='ocrx_word' id='word_1_410' title='bbox 3578 1480 3650 1522; x_wconf 91' lang='lat' dir='ltr'><strong>eo</strong></span> 
     </span>
    </p>
   </div>
   <div class='ocr_carea' id='block_1_60' title="bbox 1999 1549 3651 1621">
    <p class='ocr_par' dir='ltr' id='par_1_60' title="bbox 1999 1549 3651 1621">
     <span class='ocr_line' id='line_1_60' title="bbox 1999 1549 3651 1621; baseline 0.005 -19"><span class='ocrx_word' id='word_1_411' title='bbox 1999 1563 2161 1603; x_wconf 91' lang='lat' dir='ltr'><strong>anno</strong></span> <span class='ocrx_word' id='word_1_412' title='bbox 2188 1549 2554 1621; x_wconf 90' lang='lat' dir='ltr'><strong>triumphum</strong></span> <span class='ocrx_word' id='word_1_413' title='bbox 2574 1550 2734 1607; x_wconf 92' lang='lat' dir='ltr'><strong>hunc</strong></span> <span class='ocrx_word' id='word_1_414' title='bbox 2751 1557 2949 1607; x_wconf 88' lang='lat' dir='ltr'><strong>actum</strong></span> <span class='ocrx_word' id='word_1_415' title='bbox 2972 1568 3120 1608; x_wconf 88' lang='lat' dir='ltr'><strong>esse.</strong></span> <span class='ocrx_word' id='word_1_416' title='bbox 3150 1552 3428 1609; x_wconf 67' lang='lat' dir='ltr'><strong>Praeterea</strong></span> <span class='ocrx_word' id='word_1_417' title='bbox 3449 1553 3651 1610; x_wconf 90' lang='lat' dir='ltr'><strong>trium-</strong></span> 
     </span>
    </p>
   </div>
   <div class='ocr_carea' id='block_1_61' title="bbox 1999 1636 3650 1711">
    <p class='ocr_par' dir='ltr' id='par_1_61' title="bbox 1999 1636 3650 1711">
     <span class='ocr_line' id='line_1_61' title="bbox 1999 1636 3650 1711; baseline 0.004 -20"><span class='ocrx_word' id='word_1_418' title='bbox 1999 1636 2153 1707; x_wconf 91' lang='lat' dir='ltr'><strong>phos</strong></span> <span class='ocrx_word' id='word_1_419' title='bbox 2183 1652 2319 1692; x_wconf 92' lang='lat' dir='ltr'><strong>cum</strong></span> <span class='ocrx_word' id='word_1_420' title='bbox 2354 1637 2764 1695; x_wconf 87' lang='lat' dir='ltr'><strong>Vicennalibus</strong></span> <span class='ocrx_word' id='word_1_421' title='bbox 2801 1644 2857 1695; x_wconf 87' lang='lat' dir='ltr'><strong>et</strong></span> <span class='ocrx_word' id='word_1_422' title='bbox 2888 1640 2944 1695; x_wconf 90' lang='lat' dir='ltr'><strong>id</strong></span> <span class='ocrx_word' id='word_1_423' title='bbox 2973 1656 3159 1711; x_wconf 91' lang='lat' dir='ltr'><strong>genus</strong></span> <span class='ocrx_word' id='word_1_424' title='bbox 3193 1640 3351 1696; x_wconf 89' lang='lat' dir='ltr'><strong>festis</strong></span> <span class='ocrx_word' id='word_1_425' title='bbox 3384 1642 3458 1697; x_wconf 92' lang='lat' dir='ltr'><strong>de</strong></span> <span class='ocrx_word' id='word_1_426' title='bbox 3489 1655 3650 1699; x_wconf 86' lang='lat' dir='ltr'><strong>more</strong></span> 
     </span>
    </p>
   </div>
   <div class='ocr_carea' id='block_1_62' title="bbox 1998 1724 3645 1800">
    <p class='ocr_par' dir='ltr' id='par_1_62' title="bbox 1998 1724 3645 1800">
     <span class='ocr_line' id='line_1_62' title="bbox 1998 1724 3645 1800; baseline 0.002 -21"><span class='ocrx_word' id='word_1_427' title='bbox 1998 1724 2283 1781; x_wconf 89' lang='lat' dir='ltr'><strong>exbibitos</strong></span> <span class='ocrx_word' id='word_1_428' title='bbox 2297 1725 2497 1797; x_wconf 85' lang='lat' dir='ltr'><strong>fuisse,</strong></span> <span class='ocrx_word' id='word_1_429' title='bbox 2508 1744 2782 1800; x_wconf 65' lang='lat' dir='ltr'><strong>saepeque</strong></span> <span class='ocrx_word' id='word_1_430' title='bbox 2796 1728 3004 1785; x_wconf 90' lang='lat' dir='ltr'><strong>dilatos</strong></span> <span class='ocrx_word' id='word_1_431' title='bbox 3018 1745 3133 1784; x_wconf 91' lang='lat' dir='ltr'><strong>non</strong></span> <span class='ocrx_word' id='word_1_432' title='bbox 3148 1729 3320 1785; x_wconf 90' lang='lat' dir='ltr'><strong>semel</strong></span> <span class='ocrx_word' id='word_1_433' title='bbox 3333 1729 3645 1785; x_wconf 88' lang='lat' dir='ltr'><strong>insinuavi.</strong></span> 
     </span>
    </p>
   </div>
   <div class='ocr_carea' id='block_1_63' title="bbox 2000 1814 3649 1889">
    <p class='ocr_par' dir='ltr' id='par_1_63' title="bbox 2000 1814 3649 1889">
     <span class='ocr_line' id='line_1_63' title="bbox 2000 1814 3649 1889; baseline 0.004 -21"><span class='ocrx_word' id='word_1_434' title='bbox 2000 1814 2192 1878; x_wconf 84' lang='lat' dir='ltr'><strong>Quare</strong></span> <span class='ocrx_word' id='word_1_435' title='bbox 2220 1814 2351 1870; x_wconf 91' lang='lat' dir='ltr'><strong>licet</strong></span> <span class='ocrx_word' id='word_1_436' title='bbox 2377 1830 2493 1886; x_wconf 90' lang='lat' dir='ltr'><strong>pax</strong></span> <span class='ocrx_word' id='word_1_437' title='bbox 2523 1816 2673 1870; x_wconf 89' lang='lat' dir='ltr'><strong>inter</strong></span> <span class='ocrx_word' id='word_1_438' title='bbox 2712 1819 3011 1872; x_wconf 82' lang='lat' dir='ltr'><strong>Romanos</strong></span> <span class='ocrx_word' id='word_1_439' title='bbox 3038 1821 3093 1872; x_wconf 92' lang='lat' dir='ltr'><strong>et</strong></span> <span class='ocrx_word' id='word_1_440' title='bbox 3142 1817 3348 1873; x_wconf 89' lang='lat' dir='ltr'><strong>Persas</strong></span> <span class='ocrx_word' id='word_1_441' title='bbox 3387 1816 3516 1889; x_wconf 88' lang='lat' dir='ltr'><strong>jam</strong></span> <span class='ocrx_word' id='word_1_442' title='bbox 3571 1816 3649 1874; x_wconf 88' lang='lat' dir='ltr'><strong>ab</strong></span> 
     </span>
    </p>
   </div>
   <div class='ocr_carea' id='block_1_64' title="bbox 1997 1902 3650 1974">
    <p class='ocr_par' dir='ltr' id='par_1_64' title="bbox 1997 1902 3650 1974">
     <span class='ocr_line' id='line_1_64' title="bbox 1997 1902 3650 1974; baseline 0.002 -18"><span class='ocrx_word' id='word_1_443' title='bbox 1997 1916 2154 1956; x_wconf 91' lang='lat' dir='ltr'><strong>anno</strong></span> <span class='ocrx_word' id='word_1_444' title='bbox 2220 1902 2321 1957; x_wconf 82' lang='lat'><strong>297</strong></span> <span class='ocrx_word' id='word_1_445' title='bbox 2379 1903 2606 1959; x_wconf 91' lang='lat' dir='ltr'><strong>sancita</strong></span> <span class='ocrx_word' id='word_1_446' title='bbox 2661 1902 2884 1969; x_wconf 86' lang='lat' dir='ltr'><strong>fuisset,</strong></span> <span class='ocrx_word' id='word_1_447' title='bbox 2941 1909 3140 1960; x_wconf 91' lang='lat' dir='ltr'><strong>tamen</strong></span> <span class='ocrx_word' id='word_1_448' title='bbox 3191 1903 3529 1974; x_wconf 89' lang='lat' dir='ltr'><strong>triumphus</strong></span> <span class='ocrx_word' id='word_1_449' title='bbox 3575 1904 3650 1961; x_wconf 90' lang='lat' dir='ltr'><strong>de</strong></span> 
     </span>
    </p>
   </div>
   <div class='ocr_carea' id='block_1_65' title="bbox 1997 1988 3651 2063">
    <p class='ocr_par' dir='ltr' id='par_1_65' title="bbox 1997 1988 3651 2063">
     <span class='ocr_line' id='line_1_65' title="bbox 1997 1988 3651 2063; baseline 0.002 -19"><span class='ocrx_word' id='word_1_450' title='bbox 1997 1988 2185 2045; x_wconf 90' lang='lat' dir='ltr'><strong>Persis</strong></span> <span class='ocrx_word' id='word_1_451' title='bbox 2215 2006 2375 2046; x_wconf 92' lang='lat' dir='ltr'><strong>anno</strong></span> <span class='ocrx_word' id='word_1_452' title='bbox 2399 1996 2629 2046; x_wconf 89' lang='lat' dir='ltr'><strong>tantum</strong></span> <span class='ocrx_word' id='word_1_453' title='bbox 2661 1991 2765 2046; x_wconf 89' lang='lat'>303</span> <span class='ocrx_word' id='word_1_454' title='bbox 2794 1996 2981 2048; x_wconf 91' lang='lat' dir='ltr'><strong>actus.</strong></span> <span class='ocrx_word' id='word_1_455' title='bbox 3015 1994 3099 2063; x_wconf 90' lang='lat' dir='ltr'><strong>Et,</strong></span> <span class='ocrx_word' id='word_1_456' title='bbox 3134 1992 3438 2048; x_wconf 85' lang='lat' dir='ltr'><strong>nonnullis</strong></span> <span class='ocrx_word' id='word_1_457' title='bbox 3470 1993 3651 2048; x_wconf 90' lang='lat' dir='ltr'><strong>inter-</strong></span> 
     </span>
    </p>
   </div>
   <div class='ocr_carea' id='block_1_66' title="bbox 1993 2078 3649 2153">
    <p class='ocr_par' dir='ltr' id='par_1_66' title="bbox 1993 2078 3649 2153">
     <span class='ocr_line' id='line_1_66' title="bbox 1993 2078 3649 2153; baseline 0.002 -19"><span class='ocrx_word' id='word_1_458' title='bbox 1993 2079 2184 2150; x_wconf 86' lang='lat' dir='ltr'><strong>jectis,</strong></span> <span class='ocrx_word' id='word_1_459' title='bbox 2215 2078 2291 2134; x_wconf 91' lang='lat' dir='ltr'><strong>ad</strong></span> <span class='ocrx_word' id='word_1_460' title='bbox 2314 2079 2453 2134; x_wconf 92' lang='lat' dir='ltr'><strong>anni</strong></span> <span class='ocrx_word' id='word_1_461' title='bbox 2474 2079 2570 2136; x_wconf 87' lang='grc'><strong>301</strong></span> <span class='ocrx_word' id='word_1_462' title='bbox 2616 2096 2934 2136; x_wconf 90' lang='lat' dir='ltr'><strong>numerum</strong></span> <span class='ocrx_word' id='word_1_463' title='bbox 2993 2085 3045 2145; x_wconf 88' lang='lat'><strong>2,</strong></span> <span class='ocrx_word' id='word_1_464' title='bbox 3114 2096 3269 2153; x_wconf 92' lang='lat' dir='ltr'><strong>quos</strong></span> <span class='ocrx_word' id='word_1_465' title='bbox 3317 2096 3350 2136; x_wconf 89' lang='lat' dir='ltr'><strong>e</strong></span> <span class='ocrx_word' id='word_1_466' title='bbox 3401 2080 3649 2138; x_wconf 88' lang='lat' dir='ltr'><strong>Baronio</strong></span> 
     </span>
    </p>
   </div>
   <div class='ocr_carea' id='block_1_67' title="bbox 2000 2168 3648 2240">
    <p class='ocr_par' dir='ltr' id='par_1_67' title="bbox 2000 2168 3648 2240">
     <span class='ocr_line' id='line_1_67' title="bbox 2000 2168 3648 2240; baseline 0.001 -18"><span class='ocrx_word' id='word_1_467' title='bbox 2000 2168 2280 2232; x_wconf 89' lang='lat' dir='ltr'><strong>citabam,</strong></span> <span class='ocrx_word' id='word_1_468' title='bbox 2311 2173 2368 2223; x_wconf 90' lang='lat' dir='ltr'><strong>et</strong></span> <span class='ocrx_word' id='word_1_469' title='bbox 2397 2184 2567 2240; x_wconf 90' lang='lat' dir='ltr'><strong>seqq.</strong></span> <span class='ocrx_word' id='word_1_470' title='bbox 2625 2168 2905 2225; x_wconf 88' lang='lat' dir='ltr'><strong>observat</strong></span> <span class='ocrx_word' id='word_1_471' title='bbox 2924 2170 3034 2225; x_wconf 90' lang='lat' dir='ltr'><strong>ista</strong></span> <span class='ocrx_word' id='word_1_472' title='bbox 3066 2184 3079 2224; x_wconf 90' lang='lat'><strong>:</strong></span> <span class='ocrx_word' id='word_1_473' title='bbox 3128 2191 3149 2219; x_wconf 78' lang='grc' dir='ltr'>ι</span> <span class='ocrx_word' id='word_1_474' title='bbox 3209 2169 3648 2225; x_wconf 69' lang='lat' dir='ltr'><strong>Diocletianus.</strong></span> 
     </span>
    </p>
   </div>
   <div class='ocr_carea' id='block_1_68' title="bbox 1999 2255 3650 2328">
    <p class='ocr_par' dir='ltr' id='par_1_68' title="bbox 1999 2255 3650 2328">
     <span class='ocr_line' id='line_1_68' title="bbox 1999 2255 3650 2328; baseline 0.002 -18"><span class='ocrx_word' id='word_1_475' title='bbox 1999 2255 2229 2311; x_wconf 91' lang='lat' dir='ltr'><strong>nullum</strong></span> <span class='ocrx_word' id='word_1_476' title='bbox 2251 2256 2365 2311; x_wconf 90' lang='lat' dir='ltr'><strong>hoc</strong></span> <span class='ocrx_word' id='word_1_477' title='bbox 2403 2271 2563 2312; x_wconf 91' lang='lat' dir='ltr'><strong>anno</strong></span> <span class='ocrx_word' id='word_1_478' title='bbox 2592 2256 2662 2312; x_wconf 90' lang='lat' dir='ltr'><strong>de</strong></span> <span class='ocrx_word' id='word_1_479' title='bbox 2718 2258 3131 2328; x_wconf 88' lang='lat' dir='ltr'><strong>persecutione</strong></span> <span class='ocrx_word' id='word_1_480' title='bbox 3179 2256 3650 2313; x_wconf 87' lang='lat' dir='ltr'><strong>Christianorum</strong></span> 
     </span>
    </p>
   </div>
   <div class='ocr_carea' id='block_1_69' title="bbox 1999 2344 3651 2415">
    <p class='ocr_par' dir='ltr' id='par_1_69' title="bbox 1999 2344 3651 2415">
     <span class='ocr_line' id='line_1_69' title="bbox 1999 2344 3651 2415; baseline 0.001 -16"><span class='ocrx_word' id='word_1_481' title='bbox 1999 2344 2402 2415; x_wconf 88' lang='lat' dir='ltr'><strong>promulgavit</strong></span> <span class='ocrx_word' id='word_1_482' title='bbox 2432 2344 2713 2411; x_wconf 90' lang='lat' dir='ltr'><strong>edictum,</strong></span> <span class='ocrx_word' id='word_1_483' title='bbox 2741 2345 2844 2401; x_wconf 90' lang='lat' dir='ltr'><strong>sed</strong></span> <span class='ocrx_word' id='word_1_484' title='bbox 2867 2350 3096 2401; x_wconf 86' lang='lat' dir='ltr'><strong>tantum</strong></span> <span class='ocrx_word' id='word_1_485' title='bbox 3143 2345 3204 2401; x_wconf 90' lang='lat' dir='ltr'><strong>in</strong></span> <span class='ocrx_word' id='word_1_486' title='bbox 3232 2345 3444 2401; x_wconf 90' lang='lat' dir='ltr'><strong>milites</strong></span> <span class='ocrx_word' id='word_1_487' title='bbox 3484 2344 3651 2401; x_wconf 72' lang='grc' dir='ltr'><strong>εωνὶ-</strong></span> 
     </span>
    </p>
   </div>
   <div class='ocr_carea' id='block_1_70' title="bbox 2000 2432 3654 2506">
    <p class='ocr_par' dir='ltr' id='par_1_70' title="bbox 2000 2432 3654 2506">
     <span class='ocr_line' id='line_1_70' title="bbox 2000 2432 3654 2506; baseline 0.002 -20"><span class='ocrx_word' id='word_1_488' title='bbox 2000 2435 2146 2497; x_wconf 89' lang='lat' dir='ltr'><strong>tum,</strong></span> <span class='ocrx_word' id='word_1_489' title='bbox 2181 2434 2369 2498; x_wconf 88' lang='lat' dir='ltr'><strong>Quare</strong></span> <span class='ocrx_word' id='word_1_490' title='bbox 2421 2440 2727 2506; x_wconf 88' lang='lat' dir='ltr'><strong>martyres,</strong></span> <span class='ocrx_word' id='word_1_491' title='bbox 2773 2434 2845 2489; x_wconf 87' lang='lat' dir='ltr'><strong>de</strong></span> <span class='ocrx_word' id='word_1_492' title='bbox 2890 2433 3110 2506; x_wconf 87' lang='lat' dir='ltr'><strong>quibus</strong></span> <span class='ocrx_word' id='word_1_493' title='bbox 3161 2432 3469 2499; x_wconf 90' lang='lat' dir='ltr'><strong>Baronius,</strong></span> <span class='ocrx_word' id='word_1_494' title='bbox 3518 2439 3654 2491; x_wconf 88' lang='lat' dir='ltr'><strong>ante</strong></span> 
     </span>
    </p>
   </div>
   <div class='ocr_carea' id='block_1_71' title="bbox 1996 2521 3657 2594">
    <p class='ocr_par' dir='ltr' id='par_1_71' title="bbox 1996 2521 3657 2594">
     <span class='ocr_line' id='line_1_71' title="bbox 1996 2521 3657 2594; baseline 0.001 -18"><span class='ocrx_word' id='word_1_495' title='bbox 1996 2535 2224 2576; x_wconf 91' lang='lat' dir='ltr'><strong>annum</strong></span> <span class='ocrx_word' id='word_1_496' title='bbox 2254 2521 2359 2577; x_wconf 90' lang='lat'><strong>303</strong></span> <span class='ocrx_word' id='word_1_497' title='bbox 2394 2522 2551 2593; x_wconf 90' lang='lat' dir='ltr'><strong>passi</strong></span> <span class='ocrx_word' id='word_1_498' title='bbox 2607 2538 2727 2578; x_wconf 93' lang='lat' dir='ltr'><strong>non</strong></span> <span class='ocrx_word' id='word_1_499' title='bbox 2774 2527 2930 2578; x_wconf 90' lang='lat' dir='ltr'><strong>sunt.</strong></span> <span class='ocrx_word' id='word_1_500' title='bbox 2982 2541 3011 2575; x_wconf 82' lang='grc'><strong>»</strong></span> <span class='ocrx_word' id='word_1_501' title='bbox 3051 2521 3160 2578; x_wconf 82' lang='lat' dir='ltr'><strong>Alii</strong></span> <span class='ocrx_word' id='word_1_502' title='bbox 3209 2527 3500 2594; x_wconf 89' lang='lat' dir='ltr'><strong>martyres</strong></span> <span class='ocrx_word' id='word_1_503' title='bbox 3561 2522 3657 2578; x_wconf 89' lang='lat' dir='ltr'><strong>isti</strong></span> 
     </span>
    </p>
   </div>
   <div class='ocr_carea' id='block_1_72' title="bbox 1993 2607 3651 2680">
    <p class='ocr_par' dir='ltr' id='par_1_72' title="bbox 1993 2607 3651 2680">
     <span class='ocr_line' id='line_1_72' title="bbox 1993 2607 3651 2680; baseline 0.002 -17"><span class='ocrx_word' id='word_1_504' title='bbox 1993 2607 2112 2664; x_wconf 88' lang='lat' dir='ltr'><strong>huc</strong></span> <span class='ocrx_word' id='word_1_505' title='bbox 2141 2623 2263 2664; x_wconf 91' lang='lat' dir='ltr'><strong>non</strong></span> <span class='ocrx_word' id='word_1_506' title='bbox 2295 2614 2586 2680; x_wconf 88' lang='lat' dir='ltr'><strong>spectant,</strong></span> <span class='ocrx_word' id='word_1_507' title='bbox 2621 2610 2720 2665; x_wconf 89' lang='lat' dir='ltr'><strong>sed</strong></span> <span class='ocrx_word' id='word_1_508' title='bbox 2754 2613 2812 2665; x_wconf 89' lang='lat' dir='ltr'><strong>L.</strong></span> <span class='ocrx_word' id='word_1_509' title='bbox 2847 2610 3113 2666; x_wconf 87' lang='lat' dir='ltr'><strong>Andreas</strong></span> <span class='ocrx_word' id='word_1_510' title='bbox 3133 2625 3271 2665; x_wconf 91' lang='lat' dir='ltr'><strong>cum</strong></span> <span class='ocrx_word' id='word_1_511' title='bbox 3331 2609 3453 2665; x_wconf 87' lang='lat' dir='ltr'><strong>suis</strong></span> <span class='ocrx_word' id='word_1_512' title='bbox 3501 2609 3651 2666; x_wconf 58' lang='lat' dir='ltr'><strong>milio</strong></span> 
     </span>
    </p>
   </div>
   <div class='ocr_carea' id='block_1_73' title="bbox 1992 2696 3658 2769">
    <p class='ocr_par' dir='ltr' id='par_1_73' title="bbox 1992 2696 3658 2769">
     <span class='ocr_line' id='line_1_73' title="bbox 1992 2696 3658 2769; baseline 0.001 -17"><span class='ocrx_word' id='word_1_513' title='bbox 1992 2696 2167 2763; x_wconf 91' lang='lat' dir='ltr'><strong>tibus,</strong></span> <span class='ocrx_word' id='word_1_514' title='bbox 2195 2711 2454 2769; x_wconf 90' lang='lat' dir='ltr'><strong>quorum</strong></span> <span class='ocrx_word' id='word_1_515' title='bbox 2487 2697 2840 2769; x_wconf 90' lang='lat' dir='ltr'><strong>martyrium</strong></span> <span class='ocrx_word' id='word_1_516' title='bbox 2866 2712 2938 2752; x_wconf 92' lang='lat' dir='ltr'><strong>ex</strong></span> <span class='ocrx_word' id='word_1_517' title='bbox 2959 2697 3086 2768; x_wconf 85' lang='lat' dir='ltr'><strong>jam</strong></span> <span class='ocrx_word' id='word_1_518' title='bbox 3140 2696 3313 2752; x_wconf 82' lang='lat' dir='ltr'><strong>dictis</strong></span> <span class='ocrx_word' id='word_1_519' title='bbox 3359 2697 3521 2767; x_wconf 91' lang='lat' dir='ltr'><strong>apud</strong></span> <span class='ocrx_word' id='word_1_520' title='bbox 3549 2698 3658 2754; x_wconf 90' lang='lat' dir='ltr'><strong>Ba-</strong></span> 
     </span>
    </p>
   </div>
   <div class='ocr_carea' id='block_1_74' title="bbox 1993 2784 3656 2920">
    <p class='ocr_par' dir='ltr' id='par_1_74' title="bbox 1993 2784 3656 2920">
     <span class='ocr_line' id='line_1_74' title="bbox 1993 2784 3656 2920; baseline 0.002 -80"><span class='ocrx_word' id='word_1_521' title='bbox 1993 2785 2250 2920; x_wconf 56' lang='lat' dir='ltr'><strong>;gnium,</strong></span> <span class='ocrx_word' id='word_1_522' title='bbox 2285 2801 2357 2841; x_wconf 90' lang='lat' dir='ltr'><strong>ac</strong></span> <span class='ocrx_word' id='word_1_523' title='bbox 2380 2784 2650 2843; x_wconf 89' lang='lat' dir='ltr'><strong>criticum</strong></span> <span class='ocrx_word' id='word_1_524' title='bbox 2682 2786 2831 2857; x_wconf 87' lang='lat' dir='ltr'><strong>ejus,</strong></span> <span class='ocrx_word' id='word_1_525' title='bbox 2860 2791 3348 2843; x_wconf 82' lang='lat' dir='ltr'><strong>consummatum</strong></span> <span class='ocrx_word' id='word_1_526' title='bbox 3382 2786 3457 2841; x_wconf 89' lang='lat' dir='ltr'><strong>sit</strong></span> <span class='ocrx_word' id='word_1_527' title='bbox 3495 2801 3656 2844; x_wconf 89' lang='lat' dir='ltr'><strong>anno</strong></span> 
     </span>
     <span class='ocr_line' id='line_1_75' title="bbox 2073 2868 2116 2919; baseline -0.07 0"><span class='ocrx_word' id='word_1_528' title='bbox 2073 2868 2116 2919; x_wconf 93' lang='lat' dir='ltr'><strong>l.</strong></span> 
     </span>
    </p>
   </div>
   <div class='ocr_carea' id='block_1_75' title="bbox 2066 3038 3657 3115">
    <p class='ocr_par' dir='ltr' id='par_1_75' title="bbox 2066 3038 3657 3115">
     <span class='ocr_line' id='line_1_76' title="bbox 2066 3038 3657 3115; baseline 0.004 -23"><span class='ocrx_word' id='word_1_529' title='bbox 2066 3038 2152 3091; x_wconf 79' lang='lat' dir='ltr'><strong>l2.</strong></span> <span class='ocrx_word' id='word_1_530' title='bbox 2197 3039 2308 3094; x_wconf 89' lang='lat' dir='ltr'><strong>Sed</strong></span> <span class='ocrx_word' id='word_1_531' title='bbox 2348 3055 2471 3111; x_wconf 90' lang='lat' dir='ltr'><strong>quo</strong></span> <span class='ocrx_word' id='word_1_532' title='bbox 2497 3040 2697 3096; x_wconf 89' lang='lat' dir='ltr'><strong>minus</strong></span> <span class='ocrx_word' id='word_1_533' title='bbox 2727 3056 2936 3097; x_wconf 90' lang='lat' dir='ltr'><strong>eorum</strong></span> <span class='ocrx_word' id='word_1_534' title='bbox 2962 3041 3395 3115; x_wconf 89' lang='lat' dir='ltr'><strong>adstipulemur</strong></span> <span class='ocrx_word' id='word_1_535' title='bbox 3426 3046 3657 3100; x_wconf 86' lang='lat' dir='ltr'><strong>senten-</strong></span> 
     </span>
    </p>
   </div>
   <div class='ocr_carea' id='block_1_76' title="bbox 1998 3124 3655 3203">
    <p class='ocr_par' dir='ltr' id='par_1_76' title="bbox 1998 3124 3655 3203">
     <span class='ocr_line' id='line_1_77' title="bbox 1998 3124 3655 3203; baseline 0.005 -23"><span class='ocrx_word' id='word_1_536' title='bbox 1998 3124 2111 3191; x_wconf 71' lang='lat' dir='ltr'><strong>tias,</strong></span> <span class='ocrx_word' id='word_1_537' title='bbox 2144 3126 2341 3181; x_wconf 90' lang='lat' dir='ltr'><strong>obstat</strong></span> <span class='ocrx_word' id='word_1_538' title='bbox 2359 3132 2414 3181; x_wconf 78' lang='grc' dir='ltr'><strong>1ο</strong></span> <span class='ocrx_word' id='word_1_539' title='bbox 2438 3144 2451 3182; x_wconf 89' lang='lat'><strong>:</strong></span> <span class='ocrx_word' id='word_1_540' title='bbox 2480 3128 2598 3184; x_wconf 88' lang='lat' dir='ltr'><strong>Pax</strong></span> <span class='ocrx_word' id='word_1_541' title='bbox 2618 3128 2770 3184; x_wconf 90' lang='lat' dir='ltr'><strong>inter</strong></span> <span class='ocrx_word' id='word_1_542' title='bbox 2790 3132 3089 3186; x_wconf 82' lang='lat' dir='ltr'><strong>Romanos</strong></span> <span class='ocrx_word' id='word_1_543' title='bbox 3102 3136 3157 3186; x_wconf 94' lang='lat' dir='ltr'><strong>et</strong></span> <span class='ocrx_word' id='word_1_544' title='bbox 3197 3130 3411 3187; x_wconf 87' lang='lat' dir='ltr'><strong>Persas</strong></span> <span class='ocrx_word' id='word_1_545' title='bbox 3428 3131 3557 3203; x_wconf 86' lang='lat' dir='ltr'><strong>jam</strong></span> <span class='ocrx_word' id='word_1_546' title='bbox 3577 3131 3655 3188; x_wconf 87' lang='lat' dir='ltr'><strong>ab</strong></span> 
     </span>
    </p>
   </div>
   <div class='ocr_carea' id='block_1_77' title="bbox 1994 3215 3655 3289">
    <p class='ocr_par' dir='ltr' id='par_1_77' title="bbox 1994 3215 3655 3289">
     <span class='ocr_line' id='line_1_78' title="bbox 1994 3215 3655 3289; baseline 0.002 -19"><span class='ocrx_word' id='word_1_547' title='bbox 1994 3228 2157 3270; x_wconf 88' lang='lat' dir='ltr'><strong>anno</strong></span> <span class='ocrx_word' id='word_1_548' title='bbox 2178 3217 2278 3270; x_wconf 88' lang='lat'><strong>297</strong></span> <span class='ocrx_word' id='word_1_549' title='bbox 2305 3215 2530 3271; x_wconf 85' lang='lat' dir='ltr'><strong>sancita</strong></span> <span class='ocrx_word' id='word_1_550' title='bbox 2561 3215 2773 3281; x_wconf 86' lang='lat' dir='ltr'><strong>fuerat,</strong></span> <span class='ocrx_word' id='word_1_551' title='bbox 2798 3219 2879 3273; x_wconf 90' lang='lat' dir='ltr'><strong>uti</strong></span> <span class='ocrx_word' id='word_1_552' title='bbox 2902 3218 3083 3273; x_wconf 92' lang='lat' dir='ltr'><strong>modo</strong></span> <span class='ocrx_word' id='word_1_553' title='bbox 3096 3218 3393 3275; x_wconf 84' lang='lat' dir='ltr'><strong>fatebatur</strong></span> <span class='ocrx_word' id='word_1_554' title='bbox 3409 3219 3655 3289; x_wconf 88' lang='lat' dir='ltr'><strong>Pagius,</strong></span> 
     </span>
    </p>
   </div>
   <div class='ocr_carea' id='block_1_78' title="bbox 1996 3301 3655 3373">
    <p class='ocr_par' dir='ltr' id='par_1_78' title="bbox 1996 3301 3655 3373">
     <span class='ocr_line' id='line_1_79' title="bbox 1996 3301 3655 3373; baseline 0.004 -16"><span class='ocrx_word' id='word_1_555' title='bbox 1996 3301 2188 3358; x_wconf 89' lang='lat' dir='ltr'><strong>Persis</strong></span> <span class='ocrx_word' id='word_1_556' title='bbox 2220 3302 2794 3360; x_wconf 85' lang='lat' dir='ltr'><strong>videlicetaGaierio</strong></span> <span class='ocrx_word' id='word_1_557' title='bbox 2844 3307 3073 3361; x_wconf 74' lang='lat' dir='ltr'><strong>Cmsare</strong></span> <span class='ocrx_word' id='word_1_558' title='bbox 3122 3311 3260 3361; x_wconf 93' lang='lat' dir='ltr'><strong>tunc</strong></span> <span class='ocrx_word' id='word_1_559' title='bbox 3335 3306 3524 3373; x_wconf 87' lang='lat' dir='ltr'><strong>victis,</strong></span> <span class='ocrx_word' id='word_1_560' title='bbox 3583 3323 3655 3364; x_wconf 87' lang='lat' dir='ltr'><strong>ex</strong></span> 
     </span>
    </p>
   </div>
   <div class='ocr_carea' id='block_1_79' title="bbox 1993 3390 3659 3453">
    <p class='ocr_par' dir='ltr' id='par_1_79' title="bbox 1993 3390 3659 3453">
     <span class='ocr_line' id='line_1_80' title="bbox 1993 3390 3659 3453; baseline 0.004 -7"><span class='ocrx_word' id='word_1_561' title='bbox 1993 3390 2204 3446; x_wconf 91' lang='lat' dir='ltr'><strong>eodem</strong></span> <span class='ocrx_word' id='word_1_562' title='bbox 2236 3394 2479 3447; x_wconf 90' lang='lat' dir='ltr'><strong>auctore</strong></span> <span class='ocrx_word' id='word_1_563' title='bbox 2504 3392 2579 3448; x_wconf 90' lang='lat' dir='ltr'><strong>ad</strong></span> <span class='ocrx_word' id='word_1_564' title='bbox 2614 3391 2793 3448; x_wconf 91' lang='lat' dir='ltr'><strong>istum</strong></span> <span class='ocrx_word' id='word_1_565' title='bbox 2834 3408 3057 3449; x_wconf 82' lang='lat' dir='ltr'><strong>annum</strong></span> <span class='ocrx_word' id='word_1_566' title='bbox 3088 3409 3255 3449; x_wconf 81' lang='lat' dir='ltr'><strong>num-</strong></span> <span class='ocrx_word' id='word_1_567' title='bbox 3281 3398 3312 3450; x_wconf 88' lang='lat'><strong>6</strong></span> <span class='ocrx_word' id='word_1_568' title='bbox 3334 3399 3392 3450; x_wconf 91' lang='lat' dir='ltr'><strong>et</strong></span> <span class='ocrx_word' id='word_1_569' title='bbox 3439 3400 3493 3450; x_wconf 89' lang='lat'><strong>7.</strong></span> <span class='ocrx_word' id='word_1_570' title='bbox 3541 3395 3659 3453; x_wconf 89' lang='lat' dir='ltr'><strong>Cur</strong></span> 
     </span>
    </p>
   </div>
   <div class='ocr_carea' id='block_1_80' title="bbox 1994 3481 3657 3554">
    <p class='ocr_par' dir='ltr' id='par_1_80' title="bbox 1994 3481 3657 3554">
     <span class='ocr_line' id='line_1_81' title="bbox 1994 3481 3657 3554; baseline 0.003 -19"><span class='ocrx_word' id='word_1_571' title='bbox 1994 3495 2138 3550; x_wconf 90' lang='lat' dir='ltr'><strong>ergo</strong></span> <span class='ocrx_word' id='word_1_572' title='bbox 2158 3485 2495 3537; x_wconf 88' lang='lat' dir='ltr'><strong>sanctorum</strong></span> <span class='ocrx_word' id='word_1_573' title='bbox 2522 3486 2863 3536; x_wconf 85' lang='lat' dir='ltr'><strong>nostrorum</strong></span> <span class='ocrx_word' id='word_1_574' title='bbox 2885 3481 3136 3537; x_wconf 90' lang='lat' dir='ltr'><strong>militum</strong></span> <span class='ocrx_word' id='word_1_575' title='bbox 3162 3484 3516 3554; x_wconf 89' lang='lat' dir='ltr'><strong>martyrium</strong></span> <span class='ocrx_word' id='word_1_576' title='bbox 3543 3484 3657 3541; x_wconf 89' lang='lat' dir='ltr'><strong>dif-</strong></span> 
     </span>
    </p>
   </div>
   <div class='ocr_carea' id='block_1_81' title="bbox 1994 3568 3653 3643">
    <p class='ocr_par' dir='ltr' id='par_1_81' title="bbox 1994 3568 3653 3643">
     <span class='ocr_line' id='line_1_82' title="bbox 1994 3568 3653 3643; baseline 0.003 -19"><span class='ocrx_word' id='word_1_577' title='bbox 1994 3568 2128 3625; x_wconf 85' lang='lat' dir='ltr'><strong>ferri</strong></span> <span class='ocrx_word' id='word_1_578' title='bbox 2180 3569 2396 3625; x_wconf 89' lang='lat' dir='ltr'><strong>debeat</strong></span> <span class='ocrx_word' id='word_1_579' title='bbox 2439 3569 2515 3625; x_wconf 90' lang='lat' dir='ltr'><strong>ad</strong></span> <span class='ocrx_word' id='word_1_580' title='bbox 2546 3585 2774 3626; x_wconf 91' lang='lat' dir='ltr'><strong>annum</strong></span> <span class='ocrx_word' id='word_1_581' title='bbox 2829 3571 3032 3626; x_wconf 89' lang='lat' dir='ltr'><strong>Christi</strong></span> <span class='ocrx_word' id='word_1_582' title='bbox 3069 3570 3166 3627; x_wconf 83' lang='grc'><strong>301</strong></span> <span class='ocrx_word' id='word_1_583' title='bbox 3210 3570 3239 3627; x_wconf 68' lang='grc' dir='ltr'><em>ἳ</em></span> <span class='ocrx_word' id='word_1_584' title='bbox 3282 3571 3399 3628; x_wconf 90' lang='lat' dir='ltr'><strong>Cur</strong></span> <span class='ocrx_word' id='word_1_585' title='bbox 3442 3575 3653 3643; x_wconf 89' lang='lat' dir='ltr'><strong>Pagius</strong></span> 
     </span>
    </p>
   </div>
   <div class='ocr_carea' id='block_1_82' title="bbox 1996 3658 3651 3733">
    <p class='ocr_par' dir='ltr' id='par_1_82' title="bbox 1996 3658 3651 3733">
     <span class='ocr_line' id='line_1_83' title="bbox 1996 3658 3651 3733; baseline 0.002 -19"><span class='ocrx_word' id='word_1_586' title='bbox 1996 3659 2327 3714; x_wconf 90' lang='lat' dir='ltr'><strong>secundum</strong></span> <span class='ocrx_word' id='word_1_587' title='bbox 2363 3674 2468 3713; x_wconf 88' lang='lat' dir='ltr'><strong>sua</strong></span> <span class='ocrx_word' id='word_1_588' title='bbox 2503 3658 2794 3731; x_wconf 89' lang='lat' dir='ltr'><strong>principia</strong></span> <span class='ocrx_word' id='word_1_589' title='bbox 2847 3659 2992 3715; x_wconf 90' lang='lat' dir='ltr'><strong>illud</strong></span> <span class='ocrx_word' id='word_1_590' title='bbox 3047 3674 3168 3716; x_wconf 89' lang='lat' dir='ltr'><strong>non</strong></span> <span class='ocrx_word' id='word_1_591' title='bbox 3226 3662 3394 3733; x_wconf 91' lang='lat' dir='ltr'><strong>ponit</strong></span> <span class='ocrx_word' id='word_1_592' title='bbox 3458 3661 3651 3729; x_wconf 91' lang='lat' dir='ltr'><strong>citius,</strong></span> 
     </span>
    </p>
   </div>
   <div class='ocr_carea' id='block_1_83' title="bbox 1995 3747 3655 3821">
    <p class='ocr_par' dir='ltr' id='par_1_83' title="bbox 1995 3747 3655 3821">
     <span class='ocr_line' id='line_1_84' title="bbox 1995 3747 3655 3821; baseline 0.002 -18"><span class='ocrx_word' id='word_1_593' title='bbox 1995 3764 2133 3804; x_wconf 91' lang='lat' dir='ltr'><strong>cum</strong></span> <span class='ocrx_word' id='word_1_594' title='bbox 2156 3762 2317 3803; x_wconf 89' lang='lat' dir='ltr'><strong>anno</strong></span> <span class='ocrx_word' id='word_1_595' title='bbox 2346 3750 2449 3803; x_wconf 89' lang='lat'><strong>298</strong></span> <span class='ocrx_word' id='word_1_596' title='bbox 2476 3747 2729 3803; x_wconf 91' lang='lat' dir='ltr'><strong>militum</strong></span> <span class='ocrx_word' id='word_1_597' title='bbox 2768 3747 3246 3819; x_wconf 88' lang='lat' dir='ltr'><strong>persecutionem</strong></span> <span class='ocrx_word' id='word_1_598' title='bbox 3298 3748 3518 3821; x_wconf 84' lang='lat' dir='ltr'><strong>afﬁgat,</strong></span> <span class='ocrx_word' id='word_1_599' title='bbox 3569 3750 3655 3806; x_wconf 90' lang='lat' dir='ltr'><strong>di-</strong></span> 
     </span>
    </p>
   </div>
   <div class='ocr_carea' id='block_1_84' title="bbox 1994 3836 3652 3895">
    <p class='ocr_par' dir='ltr' id='par_1_84' title="bbox 1994 3836 3652 3895">
     <span class='ocr_line' id='line_1_85' title="bbox 1994 3836 3652 3895; baseline 0.002 -3"><span class='ocrx_word' id='word_1_600' title='bbox 1994 3852 2136 3892; x_wconf 92' lang='lat' dir='ltr'><strong>cens</strong></span> <span class='ocrx_word' id='word_1_601' title='bbox 2159 3836 2237 3892; x_wconf 90' lang='lat' dir='ltr'><strong>ad</strong></span> <span class='ocrx_word' id='word_1_602' title='bbox 2272 3836 2551 3892; x_wconf 89' lang='lat' dir='ltr'><strong>eumdem</strong></span> <span class='ocrx_word' id='word_1_603' title='bbox 2592 3852 2818 3892; x_wconf 91' lang='lat' dir='ltr'><strong>annum</strong></span> <span class='ocrx_word' id='word_1_604' title='bbox 2835 3852 3009 3892; x_wconf 92' lang='lat' dir='ltr'><strong>num.</strong></span> <span class='ocrx_word' id='word_1_605' title='bbox 3032 3840 3064 3891; x_wconf 87' lang='lat'><strong>2</strong></span> <span class='ocrx_word' id='word_1_606' title='bbox 3095 3858 3107 3889; x_wconf 90' lang='lat'>:</span> <span class='ocrx_word' id='word_1_607' title='bbox 3143 3859 3171 3887; x_wconf 83' lang='lat'><strong>«</strong></span> <span class='ocrx_word' id='word_1_608' title='bbox 3205 3839 3534 3895; x_wconf 89' lang='lat' dir='ltr'><strong>Persecutio</strong></span> <span class='ocrx_word' id='word_1_609' title='bbox 3550 3839 3652 3895; x_wconf 86' lang='lat' dir='ltr'><strong>ad-</strong></span> 
     </span>
    </p>
   </div>
   <div class='ocr_carea' id='block_1_85' title="bbox 1995 3925 3654 3992">
    <p class='ocr_par' dir='ltr' id='par_1_85' title="bbox 1995 3925 3654 3992">
     <span class='ocr_line' id='line_1_86' title="bbox 1995 3925 3654 3992; baseline 0.002 -11"><span class='ocrx_word' id='word_1_610' title='bbox 1995 3942 2200 3982; x_wconf 89' lang='lat' dir='ltr'><strong>versus</strong></span> <span class='ocrx_word' id='word_1_611' title='bbox 2232 3925 2447 3981; x_wconf 92' lang='lat' dir='ltr'><strong>milites</strong></span> <span class='ocrx_word' id='word_1_612' title='bbox 2477 3925 2591 3981; x_wconf 91' lang='lat' dir='ltr'><strong>hoc</strong></span> <span class='ocrx_word' id='word_1_613' title='bbox 2624 3940 2785 3981; x_wconf 92' lang='lat' dir='ltr'><strong>anno</strong></span> <span class='ocrx_word' id='word_1_614' title='bbox 2846 3925 3146 3992; x_wconf 91' lang='lat' dir='ltr'><strong>inchoata,</strong></span> <span class='ocrx_word' id='word_1_615' title='bbox 3202 3930 3265 3981; x_wconf 92' lang='lat' dir='ltr'><strong>ut</strong></span> <span class='ocrx_word' id='word_1_616' title='bbox 3294 3932 3447 3983; x_wconf 90' lang='lat' dir='ltr'><strong>recte</strong></span> <span class='ocrx_word' id='word_1_617' title='bbox 3485 3927 3654 3984; x_wconf 88' lang='lat' dir='ltr'><strong>Pros-</strong></span> 
     </span>
    </p>
   </div>
   <div class='ocr_carea' id='block_1_86' title="bbox 1993 4012 3650 4087">
    <p class='ocr_par' dir='ltr' id='par_1_86' title="bbox 1993 4012 3650 4087">
     <span class='ocr_line' id='line_1_87' title="bbox 1993 4012 3650 4087; baseline 0.001 -16"><span class='ocrx_word' id='word_1_618' title='bbox 1993 4030 2098 4087; x_wconf 90' lang='lat' dir='ltr'><strong>per</strong></span> <span class='ocrx_word' id='word_1_619' title='bbox 2124 4016 2181 4069; x_wconf 92' lang='lat' dir='ltr'><strong>in</strong></span> <span class='ocrx_word' id='word_1_620' title='bbox 2198 4013 2509 4071; x_wconf 86' lang='lat' dir='ltr'><strong>Chronico.</strong></span> <span class='ocrx_word' id='word_1_621' title='bbox 2541 4012 2812 4083; x_wconf 88' lang='lat' dir='ltr'><strong>Sicutigit</strong></span> <span class='ocrx_word' id='word_1_622' title='bbox 2825 4029 2891 4069; x_wconf 93' lang='lat' dir='ltr'><strong>ur</strong></span> <span class='ocrx_word' id='word_1_623' title='bbox 2910 4014 3243 4085; x_wconf 87' lang='lat' dir='ltr'><strong>persecutio</strong></span> <span class='ocrx_word' id='word_1_624' title='bbox 3256 4014 3550 4084; x_wconf 90' lang='lat' dir='ltr'><strong>generalis</strong></span> <span class='ocrx_word' id='word_1_625' title='bbox 3566 4016 3650 4073; x_wconf 87' lang='lat' dir='ltr'><strong>in-</strong></span> 
     </span>
    </p>
   </div>
   <div class='ocr_carea' id='block_1_87' title="bbox 1992 4100 3651 4174">
    <p class='ocr_par' dir='ltr' id='par_1_87' title="bbox 1992 4100 3651 4174">
     <span class='ocr_line' id='line_1_88' title="bbox 1992 4100 3651 4174; baseline 0.002 -17"><span class='ocrx_word' id='word_1_626' title='bbox 1992 4103 2138 4174; x_wconf 89' lang='lat' dir='ltr'><strong>ipsis</strong></span> <span class='ocrx_word' id='word_1_627' title='bbox 2163 4104 2465 4174; x_wconf 89' lang='lat' dir='ltr'><strong>utriusque</strong></span> <span class='ocrx_word' id='word_1_628' title='bbox 2490 4101 2737 4171; x_wconf 86' lang='lat' dir='ltr'><strong>Augusti</strong></span> <span class='ocrx_word' id='word_1_629' title='bbox 2768 4103 2990 4171; x_wconf 89' lang='lat' dir='ltr'><strong>(sermo</strong></span> <span class='ocrx_word' id='word_1_630' title='bbox 3017 4107 3107 4155; x_wconf 90' lang='lat' dir='ltr'><strong>est</strong></span> <span class='ocrx_word' id='word_1_631' title='bbox 3126 4100 3199 4155; x_wconf 89' lang='lat' dir='ltr'><strong>de</strong></span> <span class='ocrx_word' id='word_1_632' title='bbox 3222 4102 3579 4158; x_wconf 89' lang='lat' dir='ltr'><strong>Diocletiano</strong></span> <span class='ocrx_word' id='word_1_633' title='bbox 3593 4109 3651 4161; x_wconf 86' lang='lat' dir='ltr'><strong>et</strong></span> 
     </span>
    </p>
   </div>
   <div class='ocr_carea' id='block_1_88' title="bbox 1993 4187 3649 4260">
    <p class='ocr_par' dir='ltr' id='par_1_88' title="bbox 1993 4187 3649 4260">
     <span class='ocr_line' id='line_1_89' title="bbox 1993 4187 3649 4260; baseline 0.002 -16"><span class='ocrx_word' id='word_1_634' title='bbox 1993 4190 2345 4244; x_wconf 72' lang='lat' dir='ltr'><strong>Maximiano</strong></span> <span class='ocrx_word' id='word_1_635' title='bbox 2380 4188 2672 4257; x_wconf 88' lang='lat' dir='ltr'><strong>Herculio)</strong></span> <span class='ocrx_word' id='word_1_636' title='bbox 2735 4187 3154 4243; x_wconf 88' lang='lat' dir='ltr'><strong>Vicennalibus</strong></span> <span class='ocrx_word' id='word_1_637' title='bbox 3213 4189 3420 4260; x_wconf 79' lang='lat' dir='ltr'><strong>ccepit;</strong></span> <span class='ocrx_word' id='word_1_638' title='bbox 3480 4190 3565 4246; x_wconf 89' lang='lat' dir='ltr'><strong>sic</strong></span> <span class='ocrx_word' id='word_1_639' title='bbox 3592 4198 3649 4248; x_wconf 89' lang='lat' dir='ltr'><strong>et</strong></span> 
     </span>
    </p>
   </div>
   <div class='ocr_carea' id='block_1_89' title="bbox 1984 4273 3647 4347">
    <p class='ocr_par' dir='ltr' id='par_1_89' title="bbox 1984 4273 3647 4347">
     <span class='ocr_line' id='line_1_90' title="bbox 1984 4273 3647 4347; baseline 0.002 -15"><span class='ocrx_word' id='word_1_640' title='bbox 1984 4276 2118 4346; x_wconf 90' lang='lat' dir='ltr'><strong>jeus</strong></span> <span class='ocrx_word' id='word_1_641' title='bbox 2166 4275 2443 4347; x_wconf 70' lang='lat' dir='ltr'><strong>quaedam</strong></span> <span class='ocrx_word' id='word_1_642' title='bbox 2480 4273 2737 4328; x_wconf 87' lang='lat' dir='ltr'><strong>velitatio</strong></span> <span class='ocrx_word' id='word_1_643' title='bbox 2767 4274 2825 4327; x_wconf 90' lang='lat' dir='ltr'><strong>in</strong></span> <span class='ocrx_word' id='word_1_644' title='bbox 2859 4274 3169 4345; x_wconf 90' lang='lat' dir='ltr'><strong>utriusque</strong></span> <span class='ocrx_word' id='word_1_645' title='bbox 3222 4276 3647 4340; x_wconf 90' lang='lat' dir='ltr'><strong>Quindecenna</strong></span> 
     </span>
    </p>
   </div>
   <div class='ocr_carea' id='block_1_90' title="bbox 214 4361 3645 4442">
    <p class='ocr_par' dir='ltr' id='par_1_90' title="bbox 214 4361 3645 4442">
     <span class='ocr_line' id='line_1_91' title="bbox 214 4361 3645 4442; baseline -0.002 -13"><span class='ocrx_word' id='word_1_646' title='bbox 214 4372 361 4428; x_wconf 87' lang='lat' dir='ltr'><strong>catis</strong></span> <span class='ocrx_word' id='word_1_647' title='bbox 399 4372 633 4442; x_wconf 90' lang='lat' dir='ltr'><strong>signata</strong></span> <span class='ocrx_word' id='word_1_648' title='bbox 662 4370 741 4426; x_wconf 90' lang='lat' dir='ltr'><strong>ad</strong></span> <span class='ocrx_word' id='word_1_649' title='bbox 774 4378 1045 4425; x_wconf 91' lang='lat' dir='ltr'><strong>nostrum</strong></span> <span class='ocrx_word' id='word_1_650' title='bbox 1082 4368 1482 4438; x_wconf 90' lang='lat' dir='ltr'><strong>propositum,</strong></span> <span class='ocrx_word' id='word_1_651' title='bbox 1542 4368 1654 4423; x_wconf 89' lang='lat' dir='ltr'><strong>nisi</strong></span> <span class='ocrx_word' id='word_1_652' title='bbox 1719 4382 1877 4423; x_wconf 90' lang='lat' dir='ltr'><strong>anno</strong></span> <span class='ocrx_word' id='word_1_653' title='bbox 1987 4364 2162 4419; x_wconf 90' lang='lat' dir='ltr'><strong>libus.</strong></span> <span class='ocrx_word' id='word_1_654' title='bbox 2196 4383 2225 4416; x_wconf 84' lang='lat'><strong>»</strong></span> <span class='ocrx_word' id='word_1_655' title='bbox 2253 4366 2347 4417; x_wconf 86' lang='lat'><strong>2°:</strong></span> <span class='ocrx_word' id='word_1_656' title='bbox 2392 4364 2536 4419; x_wconf 91' lang='lat' dir='ltr'><strong>Cum</strong></span> <span class='ocrx_word' id='word_1_657' title='bbox 2564 4361 2761 4417; x_wconf 91' lang='lat' dir='ltr'><strong>dicant</strong></span> <span class='ocrx_word' id='word_1_658' title='bbox 2787 4362 2951 4426; x_wconf 82' lang='lat' dir='ltr'><strong>Acta,</strong></span> <span class='ocrx_word' id='word_1_659' title='bbox 2979 4377 3147 4417; x_wconf 91' lang='lat' dir='ltr'><strong>num.</strong></span> <span class='ocrx_word' id='word_1_660' title='bbox 3194 4366 3228 4416; x_wconf 90' lang='lat'><strong>2</strong></span> <span class='ocrx_word' id='word_1_661' title='bbox 3264 4378 3276 4417; x_wconf 94' lang='lat'>:</span> <span class='ocrx_word' id='word_1_662' title='bbox 3308 4384 3331 4414; x_wconf 76' lang='grc' dir='ltr'>ιι</span> <span class='ocrx_word' id='word_1_663' title='bbox 3357 4365 3645 4437; x_wconf 90' lang='lat' dir='ltr'><strong>Tempore</strong></span> 
     </span>
    </p>
   </div>
   <div class='ocr_carea' id='block_1_91' title="bbox 215 4441 3643 4527">
    <p class='ocr_par' dir='ltr' id='par_1_91' title="bbox 215 4441 3643 4527">
     <span class='ocr_line' id='line_1_92' title="bbox 215 4441 3643 4527; baseline -0.001 -11"><span class='ocrx_word' id='word_1_664' title='bbox 215 4463 322 4517; x_wconf 58' lang='lat'><strong>294</strong></span> <span class='ocrx_word' id='word_1_665' title='bbox 351 4465 409 4515; x_wconf 91' lang='lat' dir='ltr'><strong>et</strong></span> <span class='ocrx_word' id='word_1_666' title='bbox 436 4441 541 4514; x_wconf 80' lang='lat'><strong>305</strong></span> <span class='ocrx_word' id='word_1_667' title='bbox 574 4477 589 4525; x_wconf 82' lang='lat'><strong>;</strong></span> <span class='ocrx_word' id='word_1_668' title='bbox 624 4459 779 4513; x_wconf 93' lang='lat' dir='ltr'><strong>unde</strong></span> <span class='ocrx_word' id='word_1_669' title='bbox 837 4471 1215 4527; x_wconf 90' lang='lat' dir='ltr'><strong>consequens</strong></span> <span class='ocrx_word' id='word_1_670' title='bbox 1257 4461 1365 4520; x_wconf 88' lang='lat' dir='ltr'><strong>est,</strong></span> <span class='ocrx_word' id='word_1_671' title='bbox 1426 4461 1490 4510; x_wconf 92' lang='lat' dir='ltr'><strong>ut</strong></span> <span class='ocrx_word' id='word_1_672' title='bbox 1544 4456 1877 4511; x_wconf 91' lang='lat' dir='ltr'><strong>secundum</strong></span> <span class='ocrx_word' id='word_1_673' title='bbox 1913 4446 1956 4501; x_wconf 82' lang='grc' dir='ltr'><strong>Ι)</strong></span> <span class='ocrx_word' id='word_1_674' title='bbox 1988 4441 2087 4509; x_wconf 81' lang='lat' dir='ltr'><strong>illo</strong></span> <span class='ocrx_word' id='word_1_675' title='bbox 2113 4452 2341 4519; x_wconf 89' lang='lat' dir='ltr'><strong>accidit,</strong></span> <span class='ocrx_word' id='word_1_676' title='bbox 2372 4456 2435 4507; x_wconf 92' lang='lat' dir='ltr'><strong>ut</strong></span> <span class='ocrx_word' id='word_1_677' title='bbox 2465 4451 2825 4507; x_wconf 74' lang='lat' dir='ltr'><strong>t’ersicarum</strong></span> <span class='ocrx_word' id='word_1_678' title='bbox 2867 4451 3176 4522; x_wconf 91' lang='lat' dir='ltr'><strong>copiarum</strong></span> <span class='ocrx_word' id='word_1_679' title='bbox 3197 4467 3335 4525; x_wconf 89' lang='lat' dir='ltr'><strong>pars</strong></span> <span class='ocrx_word' id='word_1_680' title='bbox 3365 4454 3643 4525; x_wconf 70' lang='lat' dir='ltr'><strong>qumdam</strong></span> 
     </span>
    </p>
   </div>
   <div class='ocr_carea' id='block_1_92' title="bbox 219 4543 1874 4616">
    <p class='ocr_par' dir='ltr' id='par_1_92' title="bbox 219 4543 1874 4616">
     <span class='ocr_line' id='line_1_93' title="bbox 219 4543 1874 4616; baseline -0.002 -12"><span class='ocrx_word' id='word_1_681' title='bbox 219 4551 365 4605; x_wconf 81' lang='lat' dir='ltr'><strong>Acta</strong></span> <span class='ocrx_word' id='word_1_682' title='bbox 386 4546 603 4602; x_wconf 88' lang='lat' dir='ltr'><strong>innecti</strong></span> <span class='ocrx_word' id='word_1_683' title='bbox 631 4546 848 4601; x_wconf 89' lang='lat' dir='ltr'><strong>debeat</strong></span> <span class='ocrx_word' id='word_1_684' title='bbox 869 4544 1219 4616; x_wconf 85' lang='lat' dir='ltr'><strong>martyrium</strong></span> <span class='ocrx_word' id='word_1_685' title='bbox 1247 4543 1391 4599; x_wconf 91' lang='lat' dir='ltr'><strong>illud</strong></span> <span class='ocrx_word' id='word_1_686' title='bbox 1414 4559 1575 4601; x_wconf 89' lang='lat' dir='ltr'><strong>anno</strong></span> <span class='ocrx_word' id='word_1_687' title='bbox 1592 4544 1874 4601; x_wconf 82' lang='lat' dir='ltr'><strong>alterutri.</strong></span> 
     </span>
    </p>
   </div>
   <div class='ocr_carea' id='block_1_93' title="bbox 225 4632 1880 4702">
    <p class='ocr_par' dir='ltr' id='par_1_93' title="bbox 225 4632 1880 4702">
     <span class='ocr_line' id='line_1_94' title="bbox 225 4632 1880 4702; baseline -0.002 -8"><span class='ocrx_word' id='word_1_688' title='bbox 225 4637 285 4694; x_wconf 89' lang='lat' dir='ltr'><strong>Si</strong></span> <span class='ocrx_word' id='word_1_689' title='bbox 315 4641 516 4691; x_wconf 87' lang='lat' dir='ltr'><strong>autem</strong></span> <span class='ocrx_word' id='word_1_690' title='bbox 543 4650 702 4690; x_wconf 90' lang='lat' dir='ltr'><strong>anno</strong></span> <span class='ocrx_word' id='word_1_691' title='bbox 731 4633 836 4689; x_wconf 82' lang='grc'><strong>305</strong></span> <span class='ocrx_word' id='word_1_692' title='bbox 867 4632 927 4687; x_wconf 92' lang='lat' dir='ltr'><strong>id</strong></span> <span class='ocrx_word' id='word_1_693' title='bbox 959 4632 1197 4702; x_wconf 79' lang='lat' dir='ltr'><strong>attigas,</strong></span> <span class='ocrx_word' id='word_1_694' title='bbox 1230 4632 1627 4702; x_wconf 89' lang='lat' dir='ltr'><strong>satagendum</strong></span> <span class='ocrx_word' id='word_1_695' title='bbox 1660 4639 1765 4698; x_wconf 86' lang='lat' dir='ltr'><strong>est,</strong></span> <span class='ocrx_word' id='word_1_696' title='bbox 1818 4639 1880 4690; x_wconf 92' lang='lat' dir='ltr'><strong>ut</strong></span> 
     </span>
    </p>
   </div>
   <div class='ocr_carea' id='block_1_94' title="bbox 226 4722 1875 4795">
    <p class='ocr_par' dir='ltr' id='par_1_94' title="bbox 226 4722 1875 4795">
     <span class='ocr_line' id='line_1_95' title="bbox 226 4722 1875 4795; baseline -0.001 -14"><span class='ocrx_word' id='word_1_697' title='bbox 226 4725 423 4781; x_wconf 91' lang='lat' dir='ltr'><strong>dictus</strong></span> <span class='ocrx_word' id='word_1_698' title='bbox 441 4738 635 4779; x_wconf 91' lang='lat' dir='ltr'><strong>annus</strong></span> <span class='ocrx_word' id='word_1_699' title='bbox 652 4726 1045 4794; x_wconf 89' lang='lat' dir='ltr'><strong>componatur</strong></span> <span class='ocrx_word' id='word_1_700' title='bbox 1060 4737 1195 4777; x_wconf 92' lang='lat' dir='ltr'><strong>cum</strong></span> <span class='ocrx_word' id='word_1_701' title='bbox 1217 4722 1417 4786; x_wconf 90' lang='lat' dir='ltr'><strong>modo,</strong></span> <span class='ocrx_word' id='word_1_702' title='bbox 1442 4738 1564 4795; x_wconf 82' lang='lat' dir='ltr'><strong>quo</strong></span> <span class='ocrx_word' id='word_1_703' title='bbox 1586 4723 1875 4779; x_wconf 80' lang='lat' dir='ltr'><strong>Maximia-</strong></span> 
     </span>
    </p>
   </div>
   <div class='ocr_carea' id='block_1_95' title="bbox 232 4810 1882 4884">
    <p class='ocr_par' dir='ltr' id='par_1_95' title="bbox 232 4810 1882 4884">
     <span class='ocr_line' id='line_1_96' title="bbox 232 4810 1882 4884; baseline -0.002 -15"><span class='ocrx_word' id='word_1_704' title='bbox 232 4829 347 4870; x_wconf 91' lang='lat' dir='ltr'><strong>nus</strong></span> <span class='ocrx_word' id='word_1_705' title='bbox 378 4818 667 4884; x_wconf 89' lang='lat' dir='ltr'><strong>martyres</strong></span> <span class='ocrx_word' id='word_1_706' title='bbox 698 4811 932 4867; x_wconf 89' lang='lat' dir='ltr'><strong>tractari</strong></span> <span class='ocrx_word' id='word_1_707' title='bbox 969 4810 1219 4881; x_wconf 88' lang='lat' dir='ltr'><strong>jussisse</strong></span> <span class='ocrx_word' id='word_1_708' title='bbox 1250 4810 1431 4866; x_wconf 84' lang='lat' dir='ltr'><strong>fertur</strong></span> <span class='ocrx_word' id='word_1_709' title='bbox 1478 4811 1537 4865; x_wconf 93' lang='lat' dir='ltr'><strong>in</strong></span> <span class='ocrx_word' id='word_1_710' title='bbox 1597 4811 1772 4873; x_wconf 83' lang='lat' dir='ltr'><strong>Actis,</strong></span> <span class='ocrx_word' id='word_1_711' title='bbox 1826 4815 1882 4866; x_wconf 89' lang='lat' dir='ltr'><strong>et</strong></span> 
     </span>
    </p>
   </div>
   <div class='ocr_carea' id='block_1_96' title="bbox 232 4898 1882 4973">
    <p class='ocr_par' dir='ltr' id='par_1_96' title="bbox 232 4898 1882 4973">
     <span class='ocr_line' id='line_1_97' title="bbox 232 4898 1882 4973; baseline -0.002 -15"><span class='ocrx_word' id='word_1_712' title='bbox 232 4917 371 4959; x_wconf 90' lang='lat' dir='ltr'><strong>cum</strong></span> <span class='ocrx_word' id='word_1_713' title='bbox 400 4899 630 4973; x_wconf 91' lang='lat' dir='ltr'><strong>reliqua</strong></span> <span class='ocrx_word' id='word_1_714' title='bbox 654 4899 1003 4955; x_wconf 80' lang='lat' dir='ltr'><strong>earumdem</strong></span> <span class='ocrx_word' id='word_1_715' title='bbox 1035 4904 1313 4955; x_wconf 89' lang='lat' dir='ltr'><strong>Actorum</strong></span> <span class='ocrx_word' id='word_1_716' title='bbox 1361 4898 1530 4963; x_wconf 89' lang='lat' dir='ltr'><strong>serie,</strong></span> <span class='ocrx_word' id='word_1_717' title='bbox 1570 4898 1750 4954; x_wconf 90' lang='lat' dir='ltr'><strong>rebus</strong></span> <span class='ocrx_word' id='word_1_718' title='bbox 1782 4898 1882 4954; x_wconf 88' lang='lat' dir='ltr'><strong>ibi-</strong></span> 
     </span>
    </p>
   </div>
   <div class='ocr_carea' id='block_1_97' title="bbox 230 4986 1880 5061">
    <p class='ocr_par' dir='ltr' id='par_1_97' title="bbox 230 4986 1880 5061">
     <span class='ocr_line' id='line_1_98' title="bbox 230 4986 1880 5061; baseline -0.002 -16"><span class='ocrx_word' id='word_1_719' title='bbox 230 4990 364 5046; x_wconf 90' lang='lat' dir='ltr'><strong>dem</strong></span> <span class='ocrx_word' id='word_1_720' title='bbox 394 4988 474 5044; x_wconf 92' lang='lat' dir='ltr'><strong>ita</strong></span> <span class='ocrx_word' id='word_1_721' title='bbox 502 4988 807 5061; x_wconf 83' lang='lat' dir='ltr'><strong>expositis,</strong></span> <span class='ocrx_word' id='word_1_722' title='bbox 836 4992 899 5043; x_wconf 94' lang='lat' dir='ltr'><strong>ut</strong></span> <span class='ocrx_word' id='word_1_723' title='bbox 947 4988 1107 5043; x_wconf 90' lang='lat' dir='ltr'><strong>dictu</strong></span> <span class='ocrx_word' id='word_1_724' title='bbox 1162 4986 1396 5043; x_wconf 85' lang='lat' dir='ltr'><strong>difﬁcile</strong></span> <span class='ocrx_word' id='word_1_725' title='bbox 1450 4987 1734 5052; x_wconf 89' lang='lat' dir='ltr'><strong>videatur,</strong></span> <span class='ocrx_word' id='word_1_726' title='bbox 1779 5003 1880 5043; x_wconf 87' lang='lat' dir='ltr'><strong>eas</strong></span> 
     </span>
    </p>
   </div>
   <div class='ocr_carea' id='block_1_98' title="bbox 231 5074 1882 5148">
    <p class='ocr_par' dir='ltr' id='par_1_98' title="bbox 231 5074 1882 5148">
     <span class='ocr_line' id='line_1_99' title="bbox 231 5074 1882 5148; baseline -0.003 -13"><span class='ocrx_word' id='word_1_727' title='bbox 231 5078 524 5136; x_wconf 89' lang='lat' dir='ltr'><strong>accidisse</strong></span> <span class='ocrx_word' id='word_1_728' title='bbox 537 5083 653 5133; x_wconf 91' lang='lat' dir='ltr'><strong>tem</strong></span> <span class='ocrx_word' id='word_1_729' title='bbox 664 5092 804 5147; x_wconf 91' lang='lat' dir='ltr'><strong>pore</strong></span> <span class='ocrx_word' id='word_1_730' title='bbox 823 5076 1247 5148; x_wconf 88' lang='lat' dir='ltr'><strong>persecutionis</strong></span> <span class='ocrx_word' id='word_1_731' title='bbox 1259 5074 1553 5145; x_wconf 89' lang='lat' dir='ltr'><strong>generalis</strong></span> <span class='ocrx_word' id='word_1_732' title='bbox 1574 5074 1882 5131; x_wconf 85' lang='lat' dir='ltr'><strong>Diocletia-</strong></span> 
     </span>
    </p>
   </div>
   <div class='ocr_carea' id='block_1_99' title="bbox 230 5163 1884 5237">
    <p class='ocr_par' dir='ltr' id='par_1_99' title="bbox 230 5163 1884 5237">
     <span class='ocr_line' id='line_1_100' title="bbox 230 5163 1884 5237; baseline -0.003 -14"><span class='ocrx_word' id='word_1_733' title='bbox 230 5181 378 5223; x_wconf 77' lang='lat' dir='ltr'><strong>nem.</strong></span> <span class='ocrx_word' id='word_1_734' title='bbox 411 5165 576 5221; x_wconf 89' lang='lat' dir='ltr'><strong>Adde</strong></span> <span class='ocrx_word' id='word_1_735' title='bbox 592 5164 759 5237; x_wconf 90' lang='lat' dir='ltr'><strong>quod</strong></span> <span class='ocrx_word' id='word_1_736' title='bbox 781 5170 1111 5219; x_wconf 86' lang='lat' dir='ltr'><strong>memorent</strong></span> <span class='ocrx_word' id='word_1_737' title='bbox 1138 5163 1429 5219; x_wconf 88' lang='lat' dir='ltr'><strong>accidisse</strong></span> <span class='ocrx_word' id='word_1_738' title='bbox 1446 5163 1710 5235; x_wconf 90' lang='lat' dir='ltr'><strong>palmam</strong></span> <span class='ocrx_word' id='word_1_739' title='bbox 1732 5179 1884 5219; x_wconf 90' lang='lat' dir='ltr'><strong>mar-</strong></span> 
     </span>
    </p>
   </div>
   <div class='ocr_carea' id='block_1_100' title="bbox 230 5250 1882 5327">
    <p class='ocr_par' dir='ltr' id='par_1_100' title="bbox 230 5250 1882 5327">
     <span class='ocr_line' id='line_1_101' title="bbox 230 5250 1882 5327; baseline -0.002 -16"><span class='ocrx_word' id='word_1_740' title='bbox 230 5255 363 5327; x_wconf 88' lang='lat' dir='ltr'><strong>tyrii</strong></span> <span class='ocrx_word' id='word_1_741' title='bbox 392 5253 640 5326; x_wconf 89' lang='lat' dir='ltr'><strong>quando</strong></span> <span class='ocrx_word' id='word_1_742' title='bbox 664 5256 787 5309; x_wconf 91' lang='lat' dir='ltr'><strong>erat</strong></span> <span class='ocrx_word' id='word_1_743' title='bbox 815 5251 1036 5307; x_wconf 90' lang='lat' dir='ltr'><strong>bellum</strong></span> <span class='ocrx_word' id='word_1_744' title='bbox 1071 5250 1215 5306; x_wconf 90' lang='lat' dir='ltr'><strong>illud</strong></span> <span class='ocrx_word' id='word_1_745' title='bbox 1238 5257 1445 5308; x_wconf 89' lang='lat' dir='ltr'><strong>contra</strong></span> <span class='ocrx_word' id='word_1_746' title='bbox 1476 5255 1699 5316; x_wconf 80' lang='lat' dir='ltr'><strong>Persas,</strong></span> <span class='ocrx_word' id='word_1_747' title='bbox 1757 5266 1882 5323; x_wconf 92' lang='lat' dir='ltr'><strong>quo</strong></span> 
     </span>
    </p>
   </div>
   <div class='ocr_carea' id='block_1_101' title="bbox 228 5339 1881 5413">
    <p class='ocr_par' dir='ltr' id='par_1_101' title="bbox 228 5339 1881 5413">
     <span class='ocr_line' id='line_1_102' title="bbox 228 5339 1881 5413; baseline -0.003 -12"><span class='ocrx_word' id='word_1_748' title='bbox 228 5358 264 5401; x_wconf 72' lang='grc' dir='ltr'><strong>δ</strong></span> <span class='ocrx_word' id='word_1_749' title='bbox 286 5344 342 5401; x_wconf 89' lang='lat' dir='ltr'><strong>S.</strong></span> <span class='ocrx_word' id='word_1_750' title='bbox 360 5341 596 5399; x_wconf 87' lang='lat' dir='ltr'><strong>Andrea</strong></span> <span class='ocrx_word' id='word_1_751' title='bbox 616 5341 866 5413; x_wconf 88' lang='lat' dir='ltr'><strong>ejusque</strong></span> <span class='ocrx_word' id='word_1_752' title='bbox 887 5340 1063 5396; x_wconf 88' lang='lat' dir='ltr'><strong>sociis</strong></span> <span class='ocrx_word' id='word_1_753' title='bbox 1078 5339 1325 5410; x_wconf 90' lang='lat' dir='ltr'><strong>insignis</strong></span> <span class='ocrx_word' id='word_1_754' title='bbox 1348 5340 1593 5396; x_wconf 90' lang='lat' dir='ltr'><strong>victoria</strong></span> <span class='ocrx_word' id='word_1_755' title='bbox 1610 5340 1792 5396; x_wconf 89' lang='lat' dir='ltr'><strong>relata</strong></span> <span class='ocrx_word' id='word_1_756' title='bbox 1806 5339 1881 5396; x_wconf 89' lang='lat' dir='ltr'><strong>de</strong></span> 
     </span>
    </p>
   </div>
   <div class='ocr_carea' id='block_1_102' title="bbox 227 5428 1880 5503">
    <p class='ocr_par' dir='ltr' id='par_1_102' title="bbox 227 5428 1880 5503">
     <span class='ocr_line' id='line_1_103' title="bbox 227 5428 1880 5503; baseline -0.002 -15"><span class='ocrx_word' id='word_1_757' title='bbox 227 5431 372 5503; x_wconf 88' lang='lat' dir='ltr'><strong>ipsis</strong></span> <span class='ocrx_word' id='word_1_758' title='bbox 394 5430 505 5488; x_wconf 89' lang='lat' dir='ltr'><strong>fuit</strong></span> <span class='ocrx_word' id='word_1_759' title='bbox 546 5430 754 5498; x_wconf 89' lang='lat' dir='ltr'><strong>;unde</strong></span> <span class='ocrx_word' id='word_1_760' title='bbox 800 5428 885 5494; x_wconf 87' lang='lat' dir='ltr'><strong>fit,</strong></span> <span class='ocrx_word' id='word_1_761' title='bbox 915 5433 975 5485; x_wconf 89' lang='lat' dir='ltr'><strong>ut</strong></span> <span class='ocrx_word' id='word_1_762' title='bbox 1026 5434 1261 5500; x_wconf 89' lang='lat' dir='ltr'><strong>tempus</strong></span> <span class='ocrx_word' id='word_1_763' title='bbox 1310 5429 1579 5501; x_wconf 91' lang='lat' dir='ltr'><strong>martyrii</strong></span> <span class='ocrx_word' id='word_1_764' title='bbox 1626 5429 1880 5500; x_wconf 87' lang='lat' dir='ltr'><strong>pendeat</strong></span> 
     </span>
    </p>
   </div>
   <div class='ocr_carea' id='block_1_103' title="bbox 229 5512 1880 5594">
    <p class='ocr_par' dir='ltr' id='par_1_103' title="bbox 229 5512 1880 5594">
     <span class='ocr_line' id='line_1_104' title="bbox 229 5512 1880 5594; baseline -0.002 -16"><span class='ocrx_word' id='word_1_765' title='bbox 229 5535 264 5578; x_wconf 87' lang='lat' dir='ltr'><strong>a</strong></span> <span class='ocrx_word' id='word_1_766' title='bbox 291 5525 559 5594; x_wconf 89' lang='lat' dir='ltr'><strong>tempore</strong></span> <span class='ocrx_word' id='word_1_767' title='bbox 582 5519 750 5576; x_wconf 86' lang='lat' dir='ltr'><strong>istius</strong></span> <span class='ocrx_word' id='word_1_768' title='bbox 779 5516 918 5575; x_wconf 90' lang='lat' dir='ltr'><strong>belli</strong></span> <span class='ocrx_word' id='word_1_769' title='bbox 952 5516 1285 5574; x_wconf 90' lang='lat' dir='ltr'><strong>secundum</strong></span> <span class='ocrx_word' id='word_1_770' title='bbox 1314 5512 1475 5575; x_wconf 87' lang='lat' dir='ltr'><strong>Acta.</strong></span> <span class='ocrx_word' id='word_1_771' title='bbox 1498 5518 1784 5574; x_wconf 88' lang='lat' dir='ltr'><strong>Baronius</strong></span> <span class='ocrx_word' id='word_1_772' title='bbox 1803 5519 1880 5576; x_wconf 90' lang='lat' dir='ltr'><strong>ad</strong></span> 
     </span>
    </p>
   </div>
   <div class='ocr_carea' id='block_1_104' title="bbox 1987 4539 3641 4605">
    <p class='ocr_par' dir='ltr' id='par_1_104' title="bbox 1987 4539 3641 4605">
     <span class='ocr_line' id='line_1_105' title="bbox 1987 4539 3641 4605; baseline 0.001 -6"><span class='ocrx_word' id='word_1_773' title='bbox 1987 4543 2136 4600; x_wconf 86' lang='lat' dir='ltr'><strong>ﬁnes</strong></span> <span class='ocrx_word' id='word_1_774' title='bbox 2179 4540 2509 4605; x_wconf 90' lang='lat' dir='ltr'><strong>transiliret,</strong></span> <span class='ocrx_word' id='word_1_775' title='bbox 2578 4545 2634 4595; x_wconf 89' lang='lat' dir='ltr'><strong>et</strong></span> <span class='ocrx_word' id='word_1_776' title='bbox 2670 4539 2886 4595; x_wconf 89' lang='lat' dir='ltr'><strong>bellum</strong></span> <span class='ocrx_word' id='word_1_777' title='bbox 2942 4539 3225 4596; x_wconf 88' lang='lat' dir='ltr'><strong>adversus</strong></span> <span class='ocrx_word' id='word_1_778' title='bbox 3280 4541 3641 4600; x_wconf 86' lang='lat' dir='ltr'><strong>Antiochum</strong></span> 
     </span>
    </p>
   </div>
   <div class='ocr_carea' id='block_1_105' title="bbox 1988 4628 3643 4700">
    <p class='ocr_par' dir='ltr' id='par_1_105' title="bbox 1988 4628 3643 4700">
     <span class='ocr_line' id='line_1_106' title="bbox 1988 4628 3643 4700; baseline 0.001 -13"><span class='ocrx_word' id='word_1_779' title='bbox 1988 4632 2334 4696; x_wconf 89' lang='lat' dir='ltr'><strong>suscitaret;</strong></span> <span class='ocrx_word' id='word_1_780' title='bbox 2367 4650 2395 4683; x_wconf 88' lang='lat'><strong>»</strong></span> <span class='ocrx_word' id='word_1_781' title='bbox 2435 4644 2690 4700; x_wconf 90' lang='lat' dir='ltr'><strong>cumque</strong></span> <span class='ocrx_word' id='word_1_782' title='bbox 2720 4628 2941 4685; x_wconf 91' lang='lat' dir='ltr'><strong>bellum</strong></span> <span class='ocrx_word' id='word_1_783' title='bbox 2984 4628 3126 4685; x_wconf 92' lang='lat' dir='ltr'><strong>illud</strong></span> <span class='ocrx_word' id='word_1_784' title='bbox 3174 4631 3230 4685; x_wconf 92' lang='lat' dir='ltr'><strong>S.</strong></span> <span class='ocrx_word' id='word_1_785' title='bbox 3278 4632 3528 4687; x_wconf 72' lang='lat' dir='ltr'><strong>Andrets</strong></span> <span class='ocrx_word' id='word_1_786' title='bbox 3563 4632 3643 4690; x_wconf 90' lang='lat' dir='ltr'><strong>ab</strong></span> 
     </span>
    </p>
   </div>
   <div class='ocr_carea' id='block_1_106' title="bbox 1987 4717 3642 4789">
    <p class='ocr_par' dir='ltr' id='par_1_106' title="bbox 1987 4717 3642 4789">
     <span class='ocr_line' id='line_1_107' title="bbox 1987 4717 3642 4789; baseline 0 -12"><span class='ocrx_word' id='word_1_787' title='bbox 1987 4720 2275 4777; x_wconf 90' lang='lat' dir='ltr'><strong>Antiocho</strong></span> <span class='ocrx_word' id='word_1_788' title='bbox 2304 4717 2734 4775; x_wconf 90' lang='lat' dir='ltr'><strong>demandatum</strong></span> <span class='ocrx_word' id='word_1_789' title='bbox 2769 4717 2958 4782; x_wconf 90' lang='lat' dir='ltr'><strong>fuerit,</strong></span> <span class='ocrx_word' id='word_1_790' title='bbox 2988 4732 3107 4772; x_wconf 91' lang='lat' dir='ltr'><strong>non</strong></span> <span class='ocrx_word' id='word_1_791' title='bbox 3140 4717 3339 4789; x_wconf 88' lang='lat' dir='ltr'><strong>utique</strong></span> <span class='ocrx_word' id='word_1_792' title='bbox 3366 4734 3436 4774; x_wconf 90' lang='lat' dir='ltr'><strong>ex</strong></span> <span class='ocrx_word' id='word_1_793' title='bbox 3464 4719 3642 4777; x_wconf 89' lang='lat' dir='ltr'><strong>dictis</strong></span> 
     </span>
    </p>
   </div>
   <div class='ocr_carea' id='block_1_107' title="bbox 1992 4806 3641 4883">
    <p class='ocr_par' dir='ltr' id='par_1_107' title="bbox 1992 4806 3641 4883">
     <span class='ocr_line' id='line_1_108' title="bbox 1992 4806 3641 4883; baseline 0 -18"><span class='ocrx_word' id='word_1_794' title='bbox 1992 4815 2126 4883; x_wconf 82' lang='lat' dir='ltr'><strong>post</strong></span> <span class='ocrx_word' id='word_1_795' title='bbox 2155 4824 2383 4865; x_wconf 91' lang='lat' dir='ltr'><strong>annum</strong></span> <span class='ocrx_word' id='word_1_796' title='bbox 2422 4811 2544 4874; x_wconf 86' lang='lat'><strong>297,</strong></span> <span class='ocrx_word' id='word_1_797' title='bbox 2570 4822 2693 4879; x_wconf 92' lang='lat' dir='ltr'><strong>quo</strong></span> <span class='ocrx_word' id='word_1_798' title='bbox 2716 4829 2736 4857; x_wconf 77' lang='grc' dir='ltr'>ι</span> <span class='ocrx_word' id='word_1_799' title='bbox 2772 4822 2889 4879; x_wconf 91' lang='lat' dir='ltr'><strong>pax</strong></span> <span class='ocrx_word' id='word_1_800' title='bbox 2924 4806 3075 4862; x_wconf 90' lang='lat' dir='ltr'><strong>inter</strong></span> <span class='ocrx_word' id='word_1_801' title='bbox 3112 4808 3407 4862; x_wconf 83' lang='lat' dir='ltr'><strong>Romanos</strong></span> <span class='ocrx_word' id='word_1_802' title='bbox 3428 4813 3483 4863; x_wconf 91' lang='lat' dir='ltr'><strong>et</strong></span> <span class='ocrx_word' id='word_1_803' title='bbox 3509 4808 3641 4865; x_wconf 84' lang='lat' dir='ltr'><strong>Per-</strong></span> 
     </span>
    </p>
   </div>
   <div class='ocr_carea' id='block_1_108' title="bbox 1992 4893 3637 4969">
    <p class='ocr_par' dir='ltr' id='par_1_108' title="bbox 1992 4893 3637 4969">
     <span class='ocr_line' id='line_1_109' title="bbox 1992 4893 3637 4969; baseline -0.002 -13"><span class='ocrx_word' id='word_1_804' title='bbox 1992 4915 2088 4956; x_wconf 89' lang='lat' dir='ltr'><strong>sas</strong></span> <span class='ocrx_word' id='word_1_805' title='bbox 2109 4898 2356 4964; x_wconf 88' lang='lat' dir='ltr'><strong>sancita;</strong></span> <span class='ocrx_word' id='word_1_806' title='bbox 2393 4917 2420 4949; x_wconf 73' lang='lat'><strong>)</strong></span> <span class='ocrx_word' id='word_1_807' title='bbox 2463 4895 2756 4969; x_wconf 88' lang='lat' dir='ltr'><strong>quidnam</strong></span> <span class='ocrx_word' id='word_1_808' title='bbox 2808 4896 2966 4965; x_wconf 90' lang='lat' dir='ltr'><strong>cogit</strong></span> <span class='ocrx_word' id='word_1_809' title='bbox 3011 4893 3165 4950; x_wconf 90' lang='lat' dir='ltr'><strong>illius</strong></span> <span class='ocrx_word' id='word_1_810' title='bbox 3211 4910 3280 4950; x_wconf 90' lang='lat' dir='ltr'><strong>ac</strong></span> <span class='ocrx_word' id='word_1_811' title='bbox 3336 4895 3637 4953; x_wconf 91' lang='lat' dir='ltr'><strong>sociorum</strong></span> 
     </span>
    </p>
   </div>
   <div class='ocr_carea' id='block_1_109' title="bbox 1994 4982 3640 5059">
    <p class='ocr_par' dir='ltr' id='par_1_109' title="bbox 1994 4982 3640 5059">
     <span class='ocr_line' id='line_1_110' title="bbox 1994 4982 3640 5059; baseline -0.002 -15"><span class='ocrx_word' id='word_1_812' title='bbox 1994 4988 2344 5059; x_wconf 90' lang='lat' dir='ltr'><strong>martyrium</strong></span> <span class='ocrx_word' id='word_1_813' title='bbox 2380 4984 2815 5058; x_wconf 88' lang='lat' dir='ltr'><strong>procrastinare</strong></span> <span class='ocrx_word' id='word_1_814' title='bbox 2859 4999 3048 5056; x_wconf 88' lang='lat' dir='ltr'><strong>usque</strong></span> <span class='ocrx_word' id='word_1_815' title='bbox 3073 4982 3143 5039; x_wconf 90' lang='lat' dir='ltr'><strong>ad</strong></span> <span class='ocrx_word' id='word_1_816' title='bbox 3172 4998 3399 5040; x_wconf 90' lang='lat' dir='ltr'><strong>annum</strong></span> <span class='ocrx_word' id='word_1_817' title='bbox 3429 4984 3640 5042; x_wconf 90' lang='lat' dir='ltr'><strong>Christi</strong></span> 
     </span>
    </p>
   </div>
   <div class='ocr_carea' id='block_1_110' title="bbox 1991 5072 3640 5145">
    <p class='ocr_par' dir='ltr' id='par_1_110' title="bbox 1991 5072 3640 5145">
     <span class='ocr_line' id='line_1_111' title="bbox 1991 5072 3640 5145; baseline -0.001 -13"><span class='ocrx_word' id='word_1_818' title='bbox 1991 5076 2211 5132; x_wconf 82' lang='lat'><strong>301?3°</strong></span> <span class='ocrx_word' id='word_1_819' title='bbox 2263 5092 2275 5131; x_wconf 90' lang='lat'>:</span> <span class='ocrx_word' id='word_1_820' title='bbox 2318 5077 2463 5131; x_wconf 89' lang='lat' dir='ltr'><strong>Cum</strong></span> <span class='ocrx_word' id='word_1_821' title='bbox 2494 5072 2754 5145; x_wconf 88' lang='lat' dir='ltr'><strong>denique</strong></span> <span class='ocrx_word' id='word_1_822' title='bbox 2783 5072 2878 5129; x_wconf 91' lang='lat' dir='ltr'><strong>hic</strong></span> <span class='ocrx_word' id='word_1_823' title='bbox 2937 5087 3135 5128; x_wconf 90' lang='lat' dir='ltr'><strong>annus</strong></span> <span class='ocrx_word' id='word_1_824' title='bbox 3175 5072 3458 5143; x_wconf 91' lang='lat' dir='ltr'><strong>componi</strong></span> <span class='ocrx_word' id='word_1_825' title='bbox 3515 5088 3640 5131; x_wconf 89' lang='lat' dir='ltr'><strong>non</strong></span> 
     </span>
    </p>
   </div>
   <div class='ocr_carea' id='block_1_111' title="bbox 1992 5160 3641 5236">
    <p class='ocr_par' dir='ltr' id='par_1_111' title="bbox 1992 5160 3641 5236">
     <span class='ocr_line' id='line_1_112' title="bbox 1992 5160 3641 5236; baseline -0.001 -16"><span class='ocrx_word' id='word_1_826' title='bbox 1992 5165 2328 5236; x_wconf 89' lang='lat' dir='ltr'><strong>possitcum</strong></span> <span class='ocrx_word' id='word_1_827' title='bbox 2357 5163 2585 5218; x_wconf 88' lang='lat' dir='ltr'><strong>ratione</strong></span> <span class='ocrx_word' id='word_1_828' title='bbox 2610 5160 2908 5233; x_wconf 88' lang='lat' dir='ltr'><strong>temporis,</strong></span> <span class='ocrx_word' id='word_1_829' title='bbox 2948 5175 3070 5232; x_wconf 92' lang='lat' dir='ltr'><strong>quo</strong></span> <span class='ocrx_word' id='word_1_830' title='bbox 3108 5161 3458 5232; x_wconf 85' lang='lat' dir='ltr'><strong>martyrium</strong></span> <span class='ocrx_word' id='word_1_831' title='bbox 3492 5162 3641 5218; x_wconf 87' lang='lat' dir='ltr'><strong>acci-</strong></span> 
     </span>
    </p>
   </div>
   <div class='ocr_carea' id='block_1_112' title="bbox 1990 5247 3641 5312">
    <p class='ocr_par' dir='ltr' id='par_1_112' title="bbox 1990 5247 3641 5312">
     <span class='ocr_line' id='line_1_113' title="bbox 1990 5247 3641 5312; baseline -0.001 -3"><span class='ocrx_word' id='word_1_832' title='bbox 1990 5254 2150 5310; x_wconf 89' lang='lat' dir='ltr'><strong>disse</strong></span> <span class='ocrx_word' id='word_1_833' title='bbox 2171 5257 2503 5308; x_wconf 90' lang='lat' dir='ltr'><strong>memorant</strong></span> <span class='ocrx_word' id='word_1_834' title='bbox 2533 5252 2697 5312; x_wconf 85' lang='lat' dir='ltr'><strong>Acta,</strong></span> <span class='ocrx_word' id='word_1_835' title='bbox 2727 5248 3011 5305; x_wconf 92' lang='lat' dir='ltr'><strong>nimirum</strong></span> <span class='ocrx_word' id='word_1_836' title='bbox 3043 5265 3071 5297; x_wconf 72' lang='grc' dir='ltr'>ι</span> <span class='ocrx_word' id='word_1_837' title='bbox 3100 5247 3337 5305; x_wconf 86' lang='lat' dir='ltr'><strong>decimo</strong></span> <span class='ocrx_word' id='word_1_838' title='bbox 3363 5264 3521 5306; x_wconf 92' lang='lat' dir='ltr'><strong>nono</strong></span> <span class='ocrx_word' id='word_1_839' title='bbox 3542 5248 3641 5307; x_wconf 89' lang='lat' dir='ltr'><strong>die</strong></span> 
     </span>
    </p>
   </div>
   <div class='ocr_carea' id='block_1_113' title="bbox 1991 5336 3643 5411">
    <p class='ocr_par' dir='ltr' id='par_1_113' title="bbox 1991 5336 3643 5411">
     <span class='ocr_line' id='line_1_114' title="bbox 1991 5336 3643 5411; baseline -0.004 -12"><span class='ocrx_word' id='word_1_840' title='bbox 1991 5342 2213 5399; x_wconf 88' lang='lat' dir='ltr'><strong>mensis</strong></span> <span class='ocrx_word' id='word_1_841' title='bbox 2242 5339 2612 5411; x_wconf 88' lang='lat' dir='ltr'><strong>Augusti,die</strong></span> <span class='ocrx_word' id='word_1_842' title='bbox 2644 5338 2971 5405; x_wconf 92' lang='lat' dir='ltr'><strong>Dominico,</strong></span> <span class='ocrx_word' id='word_1_843' title='bbox 2998 5354 3026 5385; x_wconf 69' lang='grc' dir='ltr'><strong><em>ι</em></strong></span> <span class='ocrx_word' id='word_1_844' title='bbox 3056 5336 3208 5393; x_wconf 90' lang='lat' dir='ltr'><strong>sicut</strong></span> <span class='ocrx_word' id='word_1_845' title='bbox 3237 5353 3421 5410; x_wconf 88' lang='lat' dir='ltr'><strong>supra</strong></span> <span class='ocrx_word' id='word_1_846' title='bbox 3441 5337 3643 5395; x_wconf 84' lang='lat' dir='ltr'><strong>obser-</strong></span> 
     </span>
    </p>
   </div>
   <div class='ocr_carea' id='block_1_114' title="bbox 1989 5423 3643 5499">
    <p class='ocr_par' dir='ltr' id='par_1_114' title="bbox 1989 5423 3643 5499">
     <span class='ocr_line' id='line_1_115' title="bbox 1989 5423 3643 5499; baseline -0.003 -11"><span class='ocrx_word' id='word_1_847' title='bbox 1989 5436 2196 5488; x_wconf 91' lang='lat' dir='ltr'><strong>vatum</strong></span> <span class='ocrx_word' id='word_1_848' title='bbox 2227 5436 2314 5485; x_wconf 88' lang='lat' dir='ltr'><strong>est</strong></span> <span class='ocrx_word' id='word_1_849' title='bbox 2346 5445 2360 5495; x_wconf 91' lang='lat'><strong>;</strong></span> <span class='ocrx_word' id='word_1_850' title='bbox 2389 5427 2598 5484; x_wconf 90' lang='lat' dir='ltr'><strong>melius</strong></span> <span class='ocrx_word' id='word_1_851' title='bbox 2634 5425 2880 5499; x_wconf 82' lang='lat' dir='ltr'><strong>quidem</strong></span> <span class='ocrx_word' id='word_1_852' title='bbox 2904 5423 3078 5480; x_wconf 88' lang='lat' dir='ltr'><strong>nobis</strong></span> <span class='ocrx_word' id='word_1_853' title='bbox 3127 5425 3439 5493; x_wconf 89' lang='lat' dir='ltr'><strong>videretur,</strong></span> <span class='ocrx_word' id='word_1_854' title='bbox 3498 5426 3643 5483; x_wconf 86' lang='lat' dir='ltr'><strong>Acta</strong></span> 
     </span>
    </p>
   </div>
   <div class='ocr_carea' id='block_1_115' title="bbox 1988 5513 3640 5580">
    <p class='ocr_par' dir='ltr' id='par_1_115' title="bbox 1988 5513 3640 5580">
     <span class='ocr_line' id='line_1_116' title="bbox 1988 5513 3640 5580; baseline -0.006 -2"><span class='ocrx_word' id='word_1_855' title='bbox 1988 5520 2048 5578; x_wconf 92' lang='lat' dir='ltr'><strong>in</strong></span> <span class='ocrx_word' id='word_1_856' title='bbox 2079 5520 2194 5578; x_wconf 90' lang='lat' dir='ltr'><strong>hoc</strong></span> <span class='ocrx_word' id='word_1_857' title='bbox 2224 5516 2562 5580; x_wconf 88' lang='lat' dir='ltr'><strong>defendere,</strong></span> <span class='ocrx_word' id='word_1_858' title='bbox 2606 5519 2663 5572; x_wconf 94' lang='lat' dir='ltr'><strong>et</strong></span> <span class='ocrx_word' id='word_1_859' title='bbox 2700 5513 2913 5571; x_wconf 88' lang='lat' dir='ltr'><strong>erroris</strong></span> <span class='ocrx_word' id='word_1_860' title='bbox 2958 5528 3079 5571; x_wconf 92' lang='lat' dir='ltr'><strong>non</strong></span> <span class='ocrx_word' id='word_1_861' title='bbox 3121 5514 3547 5579; x_wconf 88' lang='lat' dir='ltr'><strong>condemnare,</strong></span> <span class='ocrx_word' id='word_1_862' title='bbox 3590 5514 3640 5569; x_wconf 89' lang='lat' dir='ltr'><strong>si</strong></span> 
     </span>
    </p>
   </div>
  </div>
