  <div class='ocr_page' id='page_1' title='image "/cluster/home/n/w/nwhite01/storage/ocr_20150623/115/mdp.39015028574336/303.png"; bbox 0 0 4142 6278; ppageno 0'>
   <div class='ocr_carea' id='block_1_1' title="bbox 509 289 2532 364">
    <p class='ocr_par' dir='ltr' id='par_1_1' title="bbox 509 289 2532 364">
     <span class='ocr_line' id='line_1_1' title="bbox 509 289 2532 364; baseline -0.006 -1"><span class='ocrx_word' id='word_1_1' title='bbox 509 310 608 364; x_wconf 84' lang='grc'><strong>583</strong></span> <span class='ocrx_word' id='word_1_2' title='bbox 1851 295 2109 354; x_wconf 85' lang='lat' dir='ltr'><strong>MENSIS</strong></span> <span class='ocrx_word' id='word_1_3' title='bbox 2139 289 2532 351; x_wconf 86' lang='lat' dir='ltr'><strong>AUGUSTUS.</strong></span> 
     </span>
    </p>
   </div>
   <div class='ocr_carea' id='block_1_2' title="bbox 3799 287 3926 344">
    <p class='ocr_par' dir='ltr' id='par_1_2' title="bbox 3799 287 3926 344">
     <span class='ocr_line' id='line_1_2' title="bbox 3799 287 3926 344; baseline 0.008 -1"><span class='ocrx_word' id='word_1_4' title='bbox 3799 287 3926 344; x_wconf 68' lang='lat'><strong>584</strong></span> 
     </span>
    </p>
   </div>
   <div class='ocr_carea' id='block_1_3' title="bbox 505 410 3919 504">
    <p class='ocr_par' dir='ltr' id='par_1_3' title="bbox 505 410 3919 504">
     <span class='ocr_line' id='line_1_3' title="bbox 505 410 3919 504; baseline -0.006 -16"><span class='ocrx_word' id='word_1_5' title='bbox 505 448 622 504; x_wconf 89' lang='lat' dir='ltr'><strong>que</strong></span> <span class='ocrx_word' id='word_1_6' title='bbox 661 435 905 504; x_wconf 88' lang='lat' dir='ltr'><strong>peccata</strong></span> <span class='ocrx_word' id='word_1_7' title='bbox 937 447 1044 486; x_wconf 89' lang='lat' dir='ltr'><strong>sua</strong></span> <span class='ocrx_word' id='word_1_8' title='bbox 1078 429 1333 486; x_wconf 81' lang='lat' dir='ltr'><strong>confessi</strong></span> <span class='ocrx_word' id='word_1_9' title='bbox 1372 435 1588 494; x_wconf 90' lang='lat' dir='ltr'><strong>essent,</strong></span> <span class='ocrx_word' id='word_1_10' title='bbox 1645 423 1954 482; x_wconf 80' lang='lat' dir='ltr'><strong>Christiani</strong></span> <span class='ocrx_word' id='word_1_11' title='bbox 2011 422 2146 478; x_wconf 89' lang='lat' dir='ltr'><strong>facti</strong></span> <span class='ocrx_word' id='word_1_12' title='bbox 2179 422 2222 474; x_wconf 84' lang='lat' dir='ltr'><strong>A</strong></span> <span class='ocrx_word' id='word_1_13' title='bbox 2257 419 2390 474; x_wconf 62' lang='lat' dir='ltr'><strong>Haec</strong></span> <span class='ocrx_word' id='word_1_14' title='bbox 2420 434 2555 473; x_wconf 92' lang='lat' dir='ltr'><strong>cum</strong></span> <span class='ocrx_word' id='word_1_15' title='bbox 2601 419 2887 486; x_wconf 76' lang='lat' dir='ltr'><strong>martyres</strong></span> <span class='ocrx_word' id='word_1_16' title='bbox 2908 417 3308 484; x_wconf 79' lang='lat' dir='ltr'><strong>precarentur,</strong></span> <span class='ocrx_word' id='word_1_17' title='bbox 3353 410 3523 466; x_wconf 92' lang='lat' dir='ltr'><strong>multi</strong></span> <span class='ocrx_word' id='word_1_18' title='bbox 3554 427 3623 466; x_wconf 84' lang='lat' dir='ltr'><strong>ex</strong></span> <span class='ocrx_word' id='word_1_19' title='bbox 3661 410 3919 477; x_wconf 66' lang='lat' dir='ltr'><strong>Gracis,</strong></span> 
     </span>
    </p>
   </div>
   <div class='ocr_carea' id='block_1_4' title="bbox 507 527 662 576">
    <p class='ocr_par' dir='ltr' id='par_1_4' title="bbox 507 527 662 576">
     <span class='ocr_line' id='line_1_4' title="bbox 507 527 662 576; baseline -0.006 -1"><span class='ocrx_word' id='word_1_20' title='bbox 507 527 662 576; x_wconf 89' lang='lat' dir='ltr'><strong>sunt.</strong></span> 
     </span>
    </p>
   </div>
   <div class='ocr_carea' id='block_1_5' title="bbox 579 604 2144 677">
    <p class='ocr_par' dir='ltr' id='par_1_5' title="bbox 579 604 2144 677">
     <span class='ocr_line' id='line_1_5' title="bbox 579 604 2144 677; baseline -0.006 -14"><span class='ocrx_word' id='word_1_21' title='bbox 579 610 756 663; x_wconf 87' lang='lat' dir='ltr'><strong>XVlll.</strong></span> <span class='ocrx_word' id='word_1_22' title='bbox 812 609 1028 663; x_wconf 85' lang='lat' dir='ltr'><strong>Paulus</strong></span> <span class='ocrx_word' id='word_1_23' title='bbox 1089 624 1246 672; x_wconf 89' lang='lat' dir='ltr'><strong>vero,</strong></span> <span class='ocrx_word' id='word_1_24' title='bbox 1279 607 1352 662; x_wconf 91' lang='lat' dir='ltr'><strong>de</strong></span> <span class='ocrx_word' id='word_1_25' title='bbox 1404 623 1526 677; x_wconf 92' lang='lat' dir='ltr'><strong>quo</strong></span> <span class='ocrx_word' id='word_1_26' title='bbox 1576 604 1946 664; x_wconf 79' lang='lat' dir='ltr'><strong>dicebamus,</strong></span> <span class='ocrx_word' id='word_1_27' title='bbox 2008 615 2144 656; x_wconf 92' lang='lat' dir='ltr'><strong>cum</strong></span> 
     </span>
    </p>
   </div>
   <div class='ocr_carea' id='block_1_6' title="bbox 507 689 2145 764">
    <p class='ocr_par' dir='ltr' id='par_1_6' title="bbox 507 689 2145 764">
     <span class='ocr_line' id='line_1_6' title="bbox 507 689 2145 764; baseline -0.006 -12"><span class='ocrx_word' id='word_1_28' title='bbox 507 713 541 752; x_wconf 93' lang='lat' dir='ltr'><strong>a</strong></span> <span class='ocrx_word' id='word_1_29' title='bbox 571 696 941 751; x_wconf 90' lang='lat' dir='ltr'><strong>carniﬁcibus</strong></span> <span class='ocrx_word' id='word_1_30' title='bbox 962 696 1336 760; x_wconf 83' lang='lat' dir='ltr'><strong>cruciaretur,</strong></span> <span class='ocrx_word' id='word_1_31' title='bbox 1368 695 1542 764; x_wconf 81' lang='lat' dir='ltr'><strong>virgis</strong></span> <span class='ocrx_word' id='word_1_32' title='bbox 1564 693 1675 747; x_wconf 91' lang='lat' dir='ltr'><strong>illis</strong></span> <span class='ocrx_word' id='word_1_33' title='bbox 1700 691 1901 746; x_wconf 88' lang='lat' dir='ltr'><strong>ferreis</strong></span> <span class='ocrx_word' id='word_1_34' title='bbox 1931 689 2145 744; x_wconf 84' lang='lat' dir='ltr'><strong>diutius</strong></span> 
     </span>
    </p>
   </div>
   <div class='ocr_carea' id='block_1_7' title="bbox 505 776 2146 855">
    <p class='ocr_par' dir='ltr' id='par_1_7' title="bbox 505 776 2146 855">
     <span class='ocr_line' id='line_1_7' title="bbox 505 776 2146 855; baseline -0.006 -16"><span class='ocrx_word' id='word_1_35' title='bbox 505 799 826 855; x_wconf 89' lang='lat' dir='ltr'><strong>percussus</strong></span> <span class='ocrx_word' id='word_1_36' title='bbox 885 783 1342 848; x_wconf 88' lang='lat' dir='ltr'><strong>vociferabatur,</strong></span> <span class='ocrx_word' id='word_1_37' title='bbox 1383 784 1506 838; x_wconf 79' lang='lat' dir='ltr'><strong>haec</strong></span> <span class='ocrx_word' id='word_1_38' title='bbox 1539 783 1788 836; x_wconf 88' lang='lat' dir='ltr'><strong>dicens:</strong></span> <span class='ocrx_word' id='word_1_39' title='bbox 1835 776 2146 832; x_wconf 82' lang='lat' dir='ltr'><strong>Aureliane</strong></span> 
     </span>
    </p>
   </div>
   <div class='ocr_carea' id='block_1_8' title="bbox 507 866 2147 944">
    <p class='ocr_par' dir='ltr' id='par_1_8' title="bbox 507 866 2147 944">
     <span class='ocr_line' id='line_1_8' title="bbox 507 866 2147 944; baseline -0.004 -19"><span class='ocrx_word' id='word_1_40' title='bbox 507 879 756 944; x_wconf 86' lang='lat' dir='ltr'><strong>tyranne</strong></span> <span class='ocrx_word' id='word_1_41' title='bbox 796 877 852 926; x_wconf 93' lang='lat' dir='ltr'><strong>et</strong></span> <span class='ocrx_word' id='word_1_42' title='bbox 875 872 1110 936; x_wconf 83' lang='lat' dir='ltr'><strong>nefarie,</strong></span> <span class='ocrx_word' id='word_1_43' title='bbox 1155 871 1442 942; x_wconf 87' lang='lat' dir='ltr'><strong>quidnam</strong></span> <span class='ocrx_word' id='word_1_44' title='bbox 1475 870 1610 924; x_wconf 87' lang='lat' dir='ltr'><strong>mali</strong></span> <span class='ocrx_word' id='word_1_45' title='bbox 1635 867 1930 934; x_wconf 86' lang='lat' dir='ltr'><strong>commisi,</strong></span> <span class='ocrx_word' id='word_1_46' title='bbox 1975 871 2036 921; x_wconf 93' lang='lat' dir='ltr'><strong>ut</strong></span> <span class='ocrx_word' id='word_1_47' title='bbox 2065 866 2147 919; x_wconf 90' lang='lat' dir='ltr'><strong>sic</strong></span> 
     </span>
    </p>
   </div>
   <div class='ocr_carea' id='block_1_9' title="bbox 507 954 2145 1028">
    <p class='ocr_par' dir='ltr' id='par_1_9' title="bbox 507 954 2145 1028">
     <span class='ocr_line' id='line_1_9' title="bbox 507 954 2145 1028; baseline -0.005 -13"><span class='ocrx_word' id='word_1_48' title='bbox 507 959 818 1015; x_wconf 85' lang='lat' dir='ltr'><strong>crudeliter</strong></span> <span class='ocrx_word' id='word_1_49' title='bbox 842 965 895 1014; x_wconf 85' lang='lat' dir='ltr'><strong>et</strong></span> <span class='ocrx_word' id='word_1_50' title='bbox 921 961 1098 1028; x_wconf 85' lang='lat' dir='ltr'><strong>impie</strong></span> <span class='ocrx_word' id='word_1_51' title='bbox 1121 975 1214 1013; x_wconf 93' lang='lat' dir='ltr'><strong>me</strong></span> <span class='ocrx_word' id='word_1_52' title='bbox 1244 961 1467 1014; x_wconf 90' lang='lat' dir='ltr'><strong>crucies</strong></span> <span class='ocrx_word' id='word_1_53' title='bbox 1499 959 1526 1014; x_wconf 70' lang='lat'><strong>7</strong></span> <span class='ocrx_word' id='word_1_54' title='bbox 1546 959 1757 1012; x_wconf 89' lang='lat' dir='ltr'><strong>Verum</strong></span> <span class='ocrx_word' id='word_1_55' title='bbox 1785 972 1877 1009; x_wconf 92' lang='lat' dir='ltr'><strong>me</strong></span> <span class='ocrx_word' id='word_1_56' title='bbox 1899 954 2145 1025; x_wconf 90' lang='lat' dir='ltr'><strong>quidem</strong></span> 
     </span>
    </p>
   </div>
   <div class='ocr_carea' id='block_1_10' title="bbox 511 1043 2145 1104">
    <p class='ocr_par' dir='ltr' id='par_1_10' title="bbox 511 1043 2145 1104">
     <span class='ocr_line' id='line_1_10' title="bbox 511 1043 2145 1104; baseline -0.005 -1"><span class='ocrx_word' id='word_1_57' title='bbox 511 1047 864 1104; x_wconf 88' lang='lat' dir='ltr'><strong>atormentis</strong></span> <span class='ocrx_word' id='word_1_58' title='bbox 881 1047 1166 1101; x_wconf 90' lang='lat' dir='ltr'><strong>Dominus</strong></span> <span class='ocrx_word' id='word_1_59' title='bbox 1188 1048 1533 1101; x_wconf 86' lang='lat' dir='ltr'><strong>meusJesus</strong></span> <span class='ocrx_word' id='word_1_60' title='bbox 1556 1045 1821 1101; x_wconf 89' lang='lat' dir='ltr'><strong>Christus</strong></span> <span class='ocrx_word' id='word_1_61' title='bbox 1841 1043 2145 1097; x_wconf 84' lang='lat' dir='ltr'><strong>sublevat:</strong></span> 
     </span>
    </p>
   </div>
   <div class='ocr_carea' id='block_1_11' title="bbox 508 1129 2144 1199">
    <p class='ocr_par' dir='ltr' id='par_1_11' title="bbox 508 1129 2144 1199">
     <span class='ocr_line' id='line_1_11' title="bbox 508 1129 2144 1199; baseline -0.006 -7"><span class='ocrx_word' id='word_1_62' title='bbox 508 1141 562 1192; x_wconf 90' lang='lat' dir='ltr'><strong>te</strong></span> <span class='ocrx_word' id='word_1_63' title='bbox 591 1151 729 1190; x_wconf 91' lang='lat' dir='ltr'><strong>vero</strong></span> <span class='ocrx_word' id='word_1_64' title='bbox 776 1139 978 1188; x_wconf 84' lang='lat' dir='ltr'><strong>manet</strong></span> <span class='ocrx_word' id='word_1_65' title='bbox 1030 1134 1342 1188; x_wconf 70' lang='lat' dir='ltr'><strong>hmreditas</strong></span> <span class='ocrx_word' id='word_1_66' title='bbox 1390 1132 1592 1188; x_wconf 61' lang='lat' dir='ltr'><strong>aeterni</strong></span> <span class='ocrx_word' id='word_1_67' title='bbox 1643 1132 1795 1186; x_wconf 91' lang='lat' dir='ltr'><strong>illius</strong></span> <span class='ocrx_word' id='word_1_68' title='bbox 1826 1129 2002 1198; x_wconf 81' lang='lat' dir='ltr'><strong>ignis,</strong></span> <span class='ocrx_word' id='word_1_69' title='bbox 2044 1129 2144 1199; x_wconf 88' lang='lat' dir='ltr'><strong>qui</strong></span> 
     </span>
    </p>
   </div>
   <div class='ocr_carea' id='block_1_12' title="bbox 511 1221 2146 1295">
    <p class='ocr_par' dir='ltr' id='par_1_12' title="bbox 511 1221 2146 1295">
     <span class='ocr_line' id='line_1_12' title="bbox 511 1221 2146 1295; baseline -0.007 -17"><span class='ocrx_word' id='word_1_70' title='bbox 511 1229 756 1295; x_wconf 88' lang='lat' dir='ltr'><strong>paratus</strong></span> <span class='ocrx_word' id='word_1_71' title='bbox 787 1228 873 1275; x_wconf 90' lang='lat' dir='ltr'><strong>est</strong></span> <span class='ocrx_word' id='word_1_72' title='bbox 903 1221 1025 1284; x_wconf 88' lang='lat' dir='ltr'><strong>tibi,</strong></span> <span class='ocrx_word' id='word_1_73' title='bbox 1059 1228 1113 1274; x_wconf 92' lang='lat' dir='ltr'><strong>et</strong></span> <span class='ocrx_word' id='word_1_74' title='bbox 1141 1221 1377 1276; x_wconf 88' lang='lat' dir='ltr'><strong>diabolo</strong></span> <span class='ocrx_word' id='word_1_75' title='bbox 1405 1221 1530 1274; x_wconf 70' lang='lat' dir='ltr'><strong>haec</strong></span> <span class='ocrx_word' id='word_1_76' title='bbox 1559 1221 1846 1273; x_wconf 88' lang='lat' dir='ltr'><strong>adversus</strong></span> <span class='ocrx_word' id='word_1_77' title='bbox 1870 1233 1979 1271; x_wconf 88' lang='lat' dir='ltr'><strong>nos</strong></span> <span class='ocrx_word' id='word_1_78' title='bbox 2009 1231 2146 1283; x_wconf 91' lang='lat' dir='ltr'><strong>sug-</strong></span> 
     </span>
    </p>
   </div>
   <div class='ocr_carea' id='block_1_13' title="bbox 511 1305 2146 1382">
    <p class='ocr_par' dir='ltr' id='par_1_13' title="bbox 511 1305 2146 1382">
     <span class='ocr_line' id='line_1_13' title="bbox 511 1305 2146 1382; baseline -0.005 -16"><span class='ocrx_word' id='word_1_79' title='bbox 511 1311 753 1380; x_wconf 89' lang='lat' dir='ltr'><strong>gerenti.</strong></span> <span class='ocrx_word' id='word_1_80' title='bbox 791 1313 854 1364; x_wconf 90' lang='lat' dir='ltr'><strong>Et</strong></span> <span class='ocrx_word' id='word_1_81' title='bbox 892 1310 1160 1373; x_wconf 87' lang='lat' dir='ltr'><strong>ubinam,</strong></span> <span class='ocrx_word' id='word_1_82' title='bbox 1195 1309 1382 1382; x_wconf 86' lang='lat' dir='ltr'><strong>inquit</strong></span> <span class='ocrx_word' id='word_1_83' title='bbox 1422 1308 1790 1371; x_wconf 88' lang='lat' dir='ltr'><strong>Aurelianus,</strong></span> <span class='ocrx_word' id='word_1_84' title='bbox 1826 1305 2018 1369; x_wconf 87' lang='lat' dir='ltr'><strong>Paule,</strong></span> <span class='ocrx_word' id='word_1_85' title='bbox 2062 1309 2146 1358; x_wconf 91' lang='lat' dir='ltr'><strong>est</strong></span> 
     </span>
    </p>
   </div>
   <div class='ocr_carea' id='block_1_14' title="bbox 507 1397 2148 1468">
    <p class='ocr_par' dir='ltr' id='par_1_14' title="bbox 507 1397 2148 1468">
     <span class='ocr_line' id='line_1_14' title="bbox 507 1397 2148 1468; baseline -0.005 -14"><span class='ocrx_word' id='word_1_86' title='bbox 507 1400 739 1454; x_wconf 72' lang='lat' dir='ltr'><strong>Iuliana</strong></span> <span class='ocrx_word' id='word_1_87' title='bbox 772 1414 937 1452; x_wconf 88' lang='lat' dir='ltr'><strong>soror</strong></span> <span class='ocrx_word' id='word_1_88' title='bbox 964 1403 1083 1461; x_wconf 91' lang='lat' dir='ltr'><strong>tua,</strong></span> <span class='ocrx_word' id='word_1_89' title='bbox 1128 1414 1306 1468; x_wconf 85' lang='lat' dir='ltr'><strong>quam</strong></span> <span class='ocrx_word' id='word_1_90' title='bbox 1335 1397 1422 1452; x_wconf 89' lang='lat' dir='ltr'><strong>ais</strong></span> <span class='ocrx_word' id='word_1_91' title='bbox 1467 1412 1595 1450; x_wconf 89' lang='lat' dir='ltr'><strong>esse</strong></span> <span class='ocrx_word' id='word_1_92' title='bbox 1636 1400 2063 1465; x_wconf 89' lang='lat' dir='ltr'><strong>temperantem</strong></span> <span class='ocrx_word' id='word_1_93' title='bbox 2095 1397 2148 1446; x_wconf 92' lang='lat' dir='ltr'><strong>et</strong></span> 
     </span>
    </p>
   </div>
   <div class='ocr_carea' id='block_1_15' title="bbox 510 1486 2148 1557">
    <p class='ocr_par' dir='ltr' id='par_1_15' title="bbox 510 1486 2148 1557">
     <span class='ocr_line' id='line_1_15' title="bbox 510 1486 2148 1557; baseline -0.004 -15"><span class='ocrx_word' id='word_1_94' title='bbox 510 1489 802 1556; x_wconf 82' lang='lat' dir='ltr'><strong>virginem</strong></span> <span class='ocrx_word' id='word_1_95' title='bbox 828 1488 854 1541; x_wconf 84' lang='lat'><strong>?</strong></span> <span class='ocrx_word' id='word_1_96' title='bbox 888 1489 964 1540; x_wconf 81' lang='lat' dir='ltr'><strong>En</strong></span> <span class='ocrx_word' id='word_1_97' title='bbox 989 1486 1086 1542; x_wconf 91' lang='lat' dir='ltr'><strong>illa</strong></span> <span class='ocrx_word' id='word_1_98' title='bbox 1103 1487 1176 1540; x_wconf 92' lang='lat' dir='ltr'><strong>ad</strong></span> <span class='ocrx_word' id='word_1_99' title='bbox 1204 1486 1648 1557; x_wconf 86' lang='lat' dir='ltr'><strong>lupanarducta</strong></span> <span class='ocrx_word' id='word_1_100' title='bbox 1664 1490 1768 1539; x_wconf 92' lang='lat' dir='ltr'><strong>est.</strong></span> <span class='ocrx_word' id='word_1_101' title='bbox 1791 1487 1938 1538; x_wconf 89' lang='lat' dir='ltr'><strong>Num</strong></span> <span class='ocrx_word' id='word_1_102' title='bbox 1973 1488 2148 1554; x_wconf 79' lang='lat' dir='ltr'><strong>putas</strong></span> 
     </span>
    </p>
   </div>
   <div class='ocr_carea' id='block_1_16' title="bbox 512 1570 2145 1642">
    <p class='ocr_par' dir='ltr' id='par_1_16' title="bbox 512 1570 2145 1642">
     <span class='ocr_line' id='line_1_16' title="bbox 512 1570 2145 1642; baseline -0.004 -12"><span class='ocrx_word' id='word_1_103' title='bbox 512 1576 704 1630; x_wconf 91' lang='lat' dir='ltr'><strong>adhuc</strong></span> <span class='ocrx_word' id='word_1_104' title='bbox 731 1592 860 1629; x_wconf 92' lang='lat' dir='ltr'><strong>esse</strong></span> <span class='ocrx_word' id='word_1_105' title='bbox 889 1574 1318 1641; x_wconf 68' lang='lat' dir='ltr'><strong>virginem9Ad</strong></span> <span class='ocrx_word' id='word_1_106' title='bbox 1342 1575 1467 1630; x_wconf 71' lang='lat' dir='ltr'><strong>haec</strong></span> <span class='ocrx_word' id='word_1_107' title='bbox 1487 1573 1735 1628; x_wconf 89' lang='lat' dir='ltr'><strong>Paulus:</strong></span> <span class='ocrx_word' id='word_1_108' title='bbox 1763 1570 2145 1642; x_wconf 87' lang='lat' dir='ltr'><strong>Scio,inquit,</strong></span> 
     </span>
    </p>
   </div>
   <div class='ocr_carea' id='block_1_17' title="bbox 512 1659 2151 1733">
    <p class='ocr_par' dir='ltr' id='par_1_17' title="bbox 512 1659 2151 1733">
     <span class='ocr_line' id='line_1_17' title="bbox 512 1659 2151 1733; baseline -0.003 -15"><span class='ocrx_word' id='word_1_109' title='bbox 512 1664 677 1718; x_wconf 91' lang='lat' dir='ltr'><strong>illum</strong></span> <span class='ocrx_word' id='word_1_110' title='bbox 705 1664 904 1732; x_wconf 91' lang='lat' dir='ltr'><strong>ipsum</strong></span> <span class='ocrx_word' id='word_1_111' title='bbox 941 1665 1144 1726; x_wconf 92' lang='lat' dir='ltr'><strong>Deum,</strong></span> <span class='ocrx_word' id='word_1_112' title='bbox 1168 1664 1267 1732; x_wconf 91' lang='lat' dir='ltr'><strong>qui</strong></span> <span class='ocrx_word' id='word_1_113' title='bbox 1310 1678 1545 1733; x_wconf 88' lang='lat' dir='ltr'><strong>semper</strong></span> <span class='ocrx_word' id='word_1_114' title='bbox 1575 1678 1608 1716; x_wconf 92' lang='lat' dir='ltr'><strong>a</strong></span> <span class='ocrx_word' id='word_1_115' title='bbox 1631 1661 1743 1714; x_wconf 90' lang='lat' dir='ltr'><strong>tuis</strong></span> <span class='ocrx_word' id='word_1_116' title='bbox 1774 1660 1970 1732; x_wconf 86' lang='lat' dir='ltr'><strong>pravis</strong></span> <span class='ocrx_word' id='word_1_117' title='bbox 1993 1659 2151 1727; x_wconf 83' lang='lat' dir='ltr'><strong>cogi-</strong></span> 
     </span>
    </p>
   </div>
   <div class='ocr_carea' id='block_1_18' title="bbox 2259 501 3914 576">
    <p class='ocr_par' dir='ltr' id='par_1_18' title="bbox 2259 501 3914 576">
     <span class='ocr_line' id='line_1_18' title="bbox 2259 501 3914 576; baseline -0.004 -15"><span class='ocrx_word' id='word_1_118' title='bbox 2259 508 2353 562; x_wconf 89' lang='lat' dir='ltr'><strong>Dei</strong></span> <span class='ocrx_word' id='word_1_119' title='bbox 2389 507 2712 576; x_wconf 86' lang='lat' dir='ltr'><strong>potentiam</strong></span> <span class='ocrx_word' id='word_1_120' title='bbox 2743 501 3236 573; x_wconf 86' lang='lat' dir='ltr'><strong>contemplantes,</strong></span> <span class='ocrx_word' id='word_1_121' title='bbox 3280 501 3484 556; x_wconf 89' lang='lat' dir='ltr'><strong>animo</strong></span> <span class='ocrx_word' id='word_1_122' title='bbox 3527 502 3914 571; x_wconf 85' lang='lat' dir='ltr'><strong>compuncti,</strong></span> 
     </span>
    </p>
   </div>
   <div class='ocr_carea' id='block_1_19' title="bbox 2256 588 3918 661">
    <p class='ocr_par' dir='ltr' id='par_1_19' title="bbox 2256 588 3918 661">
     <span class='ocr_line' id='line_1_19' title="bbox 2256 588 3918 661; baseline -0.002 -13"><span class='ocrx_word' id='word_1_123' title='bbox 2256 595 2334 648; x_wconf 92' lang='lat' dir='ltr'><strong>ab</strong></span> <span class='ocrx_word' id='word_1_124' title='bbox 2382 593 2681 647; x_wconf 90' lang='lat' dir='ltr'><strong>idolorum</strong></span> <span class='ocrx_word' id='word_1_125' title='bbox 2725 589 3144 661; x_wconf 85' lang='lat' dir='ltr'><strong>superstitione</strong></span> <span class='ocrx_word' id='word_1_126' title='bbox 3183 588 3549 653; x_wconf 87' lang='lat' dir='ltr'><strong>defecerunt,</strong></span> <span class='ocrx_word' id='word_1_127' title='bbox 3587 592 3646 643; x_wconf 91' lang='lat' dir='ltr'><strong>et</strong></span> <span class='ocrx_word' id='word_1_128' title='bbox 3693 589 3918 644; x_wconf 88' lang='lat' dir='ltr'><strong>Christi</strong></span> 
     </span>
    </p>
   </div>
   <div class='ocr_carea' id='block_1_20' title="bbox 2255 677 3918 750">
    <p class='ocr_par' dir='ltr' id='par_1_20' title="bbox 2255 677 3918 750">
     <span class='ocr_line' id='line_1_20' title="bbox 2255 677 3918 750; baseline -0.002 -14"><span class='ocrx_word' id='word_1_129' title='bbox 2255 683 2427 737; x_wconf 90' lang='lat' dir='ltr'><strong>ﬁdem</strong></span> <span class='ocrx_word' id='word_1_130' title='bbox 2469 681 2648 736; x_wconf 89' lang='lat' dir='ltr'><strong>secuti</strong></span> <span class='ocrx_word' id='word_1_131' title='bbox 2681 685 2817 734; x_wconf 92' lang='lat' dir='ltr'><strong>sunt</strong></span> <span class='ocrx_word' id='word_1_132' title='bbox 2845 695 2860 745; x_wconf 88' lang='lat'><strong>;</strong></span> <span class='ocrx_word' id='word_1_133' title='bbox 2893 678 3058 734; x_wconf 92' lang='lat' dir='ltr'><strong>multi</strong></span> <span class='ocrx_word' id='word_1_134' title='bbox 3089 679 3270 732; x_wconf 90' lang='lat' dir='ltr'><strong>etiam</strong></span> <span class='ocrx_word' id='word_1_135' title='bbox 3301 677 3634 739; x_wconf 85' lang='lat' dir='ltr'><strong>carniﬁces,</strong></span> <span class='ocrx_word' id='word_1_136' title='bbox 3668 679 3772 750; x_wconf 87' lang='lat' dir='ltr'><strong>qui</strong></span> <span class='ocrx_word' id='word_1_137' title='bbox 3802 695 3918 733; x_wconf 83' lang='lat' dir='ltr'><strong>eos</strong></span> 
     </span>
    </p>
   </div>
   <div class='ocr_carea' id='block_1_21' title="bbox 2256 766 3920 836">
    <p class='ocr_par' dir='ltr' id='par_1_21' title="bbox 2256 766 3920 836">
     <span class='ocr_line' id='line_1_21' title="bbox 2256 766 3920 836; baseline -0.001 -12"><span class='ocrx_word' id='word_1_138' title='bbox 2256 770 2733 836; x_wconf 87' lang='lat' dir='ltr'><strong>verberaverant,</strong></span> <span class='ocrx_word' id='word_1_139' title='bbox 2775 784 2913 823; x_wconf 90' lang='lat' dir='ltr'><strong>cum</strong></span> <span class='ocrx_word' id='word_1_140' title='bbox 2967 770 3064 822; x_wconf 85' lang='lat' dir='ltr'><strong>Dei</strong></span> <span class='ocrx_word' id='word_1_141' title='bbox 3114 772 3274 821; x_wconf 89' lang='lat' dir='ltr'><strong>tanta</strong></span> <span class='ocrx_word' id='word_1_142' title='bbox 3326 767 3386 820; x_wconf 92' lang='lat' dir='ltr'><strong>in</strong></span> <span class='ocrx_word' id='word_1_143' title='bbox 3430 766 3562 820; x_wconf 91' lang='lat' dir='ltr'><strong>illos</strong></span> <span class='ocrx_word' id='word_1_144' title='bbox 3611 768 3920 823; x_wconf 86' lang='lat' dir='ltr'><strong>beneﬁcia</strong></span> 
     </span>
    </p>
   </div>
   <div class='ocr_carea' id='block_1_22' title="bbox 2257 855 3912 922">
    <p class='ocr_par' dir='ltr' id='par_1_22' title="bbox 2257 855 3912 922">
     <span class='ocr_line' id='line_1_22' title="bbox 2257 855 3912 922; baseline -0.002 -7"><span class='ocrx_word' id='word_1_145' title='bbox 2257 860 2469 915; x_wconf 88' lang='lat' dir='ltr'><strong>collata</strong></span> <span class='ocrx_word' id='word_1_146' title='bbox 2519 859 2820 922; x_wconf 89' lang='lat' dir='ltr'><strong>vidissent,</strong></span> <span class='ocrx_word' id='word_1_147' title='bbox 2866 861 3092 910; x_wconf 91' lang='lat' dir='ltr'><strong>mutato</strong></span> <span class='ocrx_word' id='word_1_148' title='bbox 3131 855 3401 919; x_wconf 91' lang='lat' dir='ltr'><strong>consilio,</strong></span> <span class='ocrx_word' id='word_1_149' title='bbox 3467 855 3672 910; x_wconf 88' lang='lat' dir='ltr'><strong>Christi</strong></span> <span class='ocrx_word' id='word_1_150' title='bbox 3715 856 3912 912; x_wconf 87' lang='lat' dir='ltr'><strong>ﬁdem</strong></span> 
     </span>
    </p>
   </div>
   <div class='ocr_carea' id='block_1_23' title="bbox 2255 949 2714 1019">
    <p class='ocr_par' dir='ltr' id='par_1_23' title="bbox 2255 949 2714 1019">
     <span class='ocr_line' id='line_1_23' title="bbox 2255 949 2714 1019; baseline -0.007 -16"><span class='ocrx_word' id='word_1_151' title='bbox 2255 949 2533 1019; x_wconf 87' lang='lat' dir='ltr'><strong>ampilexi</strong></span> <span class='ocrx_word' id='word_1_152' title='bbox 2562 951 2714 1001; x_wconf 91' lang='lat' dir='ltr'><strong>sunt.</strong></span> 
     </span>
    </p>
   </div>
   <div class='ocr_carea' id='block_1_24' title="bbox 2328 1031 3908 1090">
    <p class='ocr_par' dir='ltr' id='par_1_24' title="bbox 2328 1031 3908 1090">
     <span class='ocr_line' id='line_1_24' title="bbox 2328 1031 3908 1090; baseline -0.001 0"><span class='ocrx_word' id='word_1_153' title='bbox 2328 1039 2428 1090; x_wconf 93' lang='lat' dir='ltr'><strong>XX.</strong></span> <span class='ocrx_word' id='word_1_154' title='bbox 2473 1035 2701 1090; x_wconf 90' lang='lat' dir='ltr'><strong>Perlata</strong></span> <span class='ocrx_word' id='word_1_155' title='bbox 2740 1049 2879 1088; x_wconf 92' lang='lat' dir='ltr'><strong>vero</strong></span> <span class='ocrx_word' id='word_1_156' title='bbox 2921 1037 3056 1087; x_wconf 89' lang='lat' dir='ltr'><strong>sunt</strong></span> <span class='ocrx_word' id='word_1_157' title='bbox 3109 1032 3236 1086; x_wconf 71' lang='lat' dir='ltr'><strong>haec</strong></span> <span class='ocrx_word' id='word_1_158' title='bbox 3275 1034 3481 1086; x_wconf 88' lang='lat' dir='ltr'><strong>omnia</strong></span> <span class='ocrx_word' id='word_1_159' title='bbox 3519 1031 3597 1086; x_wconf 89' lang='lat' dir='ltr'><strong>ad</strong></span> <span class='ocrx_word' id='word_1_160' title='bbox 3639 1032 3908 1088; x_wconf 81' lang='lat' dir='ltr'><strong>Aurelia-</strong></span> 
     </span>
    </p>
   </div>
   <div class='ocr_carea' id='block_1_25' title="bbox 2255 1120 3913 1194">
    <p class='ocr_par' dir='ltr' id='par_1_25' title="bbox 2255 1120 3913 1194">
     <span class='ocr_line' id='line_1_25' title="bbox 2255 1120 3913 1194; baseline -0.004 -14"><span class='ocrx_word' id='word_1_161' title='bbox 2255 1141 2422 1186; x_wconf 88' lang='lat' dir='ltr'><strong>num,</strong></span> <span class='ocrx_word' id='word_1_162' title='bbox 2450 1124 2546 1194; x_wconf 88' lang='lat' dir='ltr'><strong>qui</strong></span> <span class='ocrx_word' id='word_1_163' title='bbox 2573 1122 2771 1192; x_wconf 86' lang='lat' dir='ltr'><strong>jussit,</strong></span> <span class='ocrx_word' id='word_1_164' title='bbox 2792 1121 2922 1175; x_wconf 90' lang='lat' dir='ltr'><strong>illos</strong></span> <span class='ocrx_word' id='word_1_165' title='bbox 2949 1121 3026 1175; x_wconf 92' lang='lat' dir='ltr'><strong>ita</strong></span> <span class='ocrx_word' id='word_1_166' title='bbox 3047 1127 3108 1174; x_wconf 93' lang='lat' dir='ltr'><strong>ut</strong></span> <span class='ocrx_word' id='word_1_167' title='bbox 3128 1126 3314 1181; x_wconf 89' lang='lat' dir='ltr'><strong>erant,</strong></span> <span class='ocrx_word' id='word_1_168' title='bbox 3340 1120 3397 1174; x_wconf 91' lang='lat' dir='ltr'><strong>in</strong></span> <span class='ocrx_word' id='word_1_169' title='bbox 3416 1120 3913 1190; x_wconf 85' lang='lat' dir='ltr'><strong>fovealapidibus</strong></span> 
     </span>
    </p>
   </div>
   <div class='ocr_carea' id='block_1_26' title="bbox 2255 1207 3913 1278">
    <p class='ocr_par' dir='ltr' id='par_1_26' title="bbox 2255 1207 3913 1278">
     <span class='ocr_line' id='line_1_26' title="bbox 2255 1207 3913 1278; baseline -0.003 -11"><span class='ocrx_word' id='word_1_170' title='bbox 2255 1211 2566 1267; x_wconf 90' lang='lat' dir='ltr'><strong>obrui.Sed</strong></span> <span class='ocrx_word' id='word_1_171' title='bbox 2598 1226 2729 1264; x_wconf 88' lang='lat' dir='ltr'><strong>ecce</strong></span> <span class='ocrx_word' id='word_1_172' title='bbox 2759 1214 2998 1278; x_wconf 90' lang='lat' dir='ltr'><strong>repente</strong></span> <span class='ocrx_word' id='word_1_173' title='bbox 3021 1207 3262 1262; x_wconf 89' lang='lat' dir='ltr'><strong>tonitrui</strong></span> <span class='ocrx_word' id='word_1_174' title='bbox 3287 1209 3512 1262; x_wconf 90' lang='lat' dir='ltr'><strong>sonitus</strong></span> <span class='ocrx_word' id='word_1_175' title='bbox 3534 1224 3668 1262; x_wconf 92' lang='lat' dir='ltr'><strong>cum</strong></span> <span class='ocrx_word' id='word_1_176' title='bbox 3700 1208 3913 1262; x_wconf 86' lang='lat' dir='ltr'><strong>multis</strong></span> 
     </span>
    </p>
   </div>
   <div class='ocr_carea' id='block_1_27' title="bbox 2256 1295 3917 1368">
    <p class='ocr_par' dir='ltr' id='par_1_27' title="bbox 2256 1295 3917 1368">
     <span class='ocr_line' id='line_1_27' title="bbox 2256 1295 3917 1368; baseline -0.001 -13"><span class='ocrx_word' id='word_1_177' title='bbox 2256 1299 2603 1368; x_wconf 86' lang='lat' dir='ltr'><strong>fulguribus,</strong></span> <span class='ocrx_word' id='word_1_178' title='bbox 2655 1304 2711 1354; x_wconf 88' lang='lat' dir='ltr'><strong>et</strong></span> <span class='ocrx_word' id='word_1_179' title='bbox 2759 1298 2947 1352; x_wconf 92' lang='lat' dir='ltr'><strong>nubes</strong></span> <span class='ocrx_word' id='word_1_180' title='bbox 2999 1297 3115 1351; x_wconf 92' lang='lat' dir='ltr'><strong>huc</strong></span> <span class='ocrx_word' id='word_1_181' title='bbox 3166 1302 3342 1366; x_wconf 91' lang='lat' dir='ltr'><strong>atque</strong></span> <span class='ocrx_word' id='word_1_182' title='bbox 3383 1295 3522 1351; x_wconf 91' lang='lat' dir='ltr'><strong>illuc</strong></span> <span class='ocrx_word' id='word_1_183' title='bbox 3551 1297 3804 1365; x_wconf 66' lang='lat' dir='ltr'><strong>agitatae,</strong></span> <span class='ocrx_word' id='word_1_184' title='bbox 3851 1303 3917 1354; x_wconf 90' lang='lat' dir='ltr'><strong>et</strong></span> 
     </span>
    </p>
   </div>
   <div class='ocr_carea' id='block_1_28' title="bbox 2257 1384 3913 1459">
    <p class='ocr_par' dir='ltr' id='par_1_28' title="bbox 2257 1384 3913 1459">
     <span class='ocr_line' id='line_1_28' title="bbox 2257 1384 3913 1459; baseline -0.002 -16"><span class='ocrx_word' id='word_1_185' title='bbox 2257 1391 2410 1459; x_wconf 89' lang='lat' dir='ltr'><strong>ignis</strong></span> <span class='ocrx_word' id='word_1_186' title='bbox 2443 1388 2651 1458; x_wconf 60' lang='lat' dir='ltr'><strong>plena,</strong></span> <span class='ocrx_word' id='word_1_187' title='bbox 2690 1401 2877 1458; x_wconf 91' lang='lat' dir='ltr'><strong>usque</strong></span> <span class='ocrx_word' id='word_1_188' title='bbox 2925 1386 3000 1440; x_wconf 93' lang='lat' dir='ltr'><strong>ad</strong></span> <span class='ocrx_word' id='word_1_189' title='bbox 3033 1384 3329 1439; x_wconf 83' lang='lat' dir='ltr'><strong>Aureliani</strong></span> <span class='ocrx_word' id='word_1_190' title='bbox 3373 1391 3763 1456; x_wconf 86' lang='lat' dir='ltr'><strong>conspectum</strong></span> <span class='ocrx_word' id='word_1_191' title='bbox 3796 1387 3913 1440; x_wconf 85' lang='lat' dir='ltr'><strong>de-</strong></span> 
     </span>
    </p>
   </div>
   <div class='ocr_carea' id='block_1_29' title="bbox 2260 1474 3908 1544">
    <p class='ocr_par' dir='ltr' id='par_1_29' title="bbox 2260 1474 3908 1544">
     <span class='ocr_line' id='line_1_29' title="bbox 2260 1474 3908 1544; baseline -0.004 -9"><span class='ocrx_word' id='word_1_192' title='bbox 2260 1484 2564 1542; x_wconf 89' lang='lat' dir='ltr'><strong>venerunt,</strong></span> <span class='ocrx_word' id='word_1_193' title='bbox 2594 1482 2650 1531; x_wconf 93' lang='lat' dir='ltr'><strong>et</strong></span> <span class='ocrx_word' id='word_1_194' title='bbox 2697 1477 2899 1544; x_wconf 87' lang='lat' dir='ltr'><strong>ignem</strong></span> <span class='ocrx_word' id='word_1_195' title='bbox 2953 1475 3115 1529; x_wconf 91' lang='lat' dir='ltr'><strong>illum</strong></span> <span class='ocrx_word' id='word_1_196' title='bbox 3169 1476 3228 1528; x_wconf 92' lang='lat' dir='ltr'><strong>in</strong></span> <span class='ocrx_word' id='word_1_197' title='bbox 3261 1478 3477 1529; x_wconf 89' lang='lat' dir='ltr'><strong>terram</strong></span> <span class='ocrx_word' id='word_1_198' title='bbox 3542 1474 3908 1540; x_wconf 77' lang='lat' dir='ltr'><strong>effuderunt,</strong></span> 
     </span>
    </p>
   </div>
   <div class='ocr_carea' id='block_1_30' title="bbox 2260 1563 3914 1638">
    <p class='ocr_par' dir='ltr' id='par_1_30' title="bbox 2260 1563 3914 1638">
     <span class='ocr_line' id='line_1_30' title="bbox 2260 1563 3914 1638; baseline -0.001 -17"><span class='ocrx_word' id='word_1_199' title='bbox 2260 1583 2489 1638; x_wconf 83' lang='lat' dir='ltr'><strong>voxque</strong></span> <span class='ocrx_word' id='word_1_200' title='bbox 2515 1567 2643 1621; x_wconf 60' lang='lat' dir='ltr'><strong>hinc</strong></span> <span class='ocrx_word' id='word_1_201' title='bbox 2669 1581 2700 1620; x_wconf 95' lang='lat' dir='ltr'><strong>e</strong></span> <span class='ocrx_word' id='word_1_202' title='bbox 2739 1565 2889 1620; x_wconf 67' lang='lat' dir='ltr'><strong>caelo</strong></span> <span class='ocrx_word' id='word_1_203' title='bbox 2921 1565 2997 1618; x_wconf 94' lang='lat' dir='ltr'><strong>ad</strong></span> <span class='ocrx_word' id='word_1_204' title='bbox 3047 1580 3184 1618; x_wconf 88' lang='lat' dir='ltr'><strong>eum</strong></span> <span class='ocrx_word' id='word_1_205' title='bbox 3217 1563 3479 1618; x_wconf 89' lang='lat' dir='ltr'><strong>demissa</strong></span> <span class='ocrx_word' id='word_1_206' title='bbox 3540 1570 3627 1618; x_wconf 91' lang='lat' dir='ltr'><strong>est</strong></span> <span class='ocrx_word' id='word_1_207' title='bbox 3675 1581 3686 1617; x_wconf 90' lang='lat'><strong>:</strong></span> <span class='ocrx_word' id='word_1_208' title='bbox 3730 1570 3914 1619; x_wconf 84' lang='lat' dir='ltr'><strong>Aure-</strong></span> 
     </span>
    </p>
   </div>
   <div class='ocr_carea' id='block_1_31' title="bbox 2259 1652 3914 1724">
    <p class='ocr_par' dir='ltr' id='par_1_31' title="bbox 2259 1652 3914 1724">
     <span class='ocr_line' id='line_1_31' title="bbox 2259 1652 3914 1724; baseline -0.002 -12"><span class='ocrx_word' id='word_1_209' title='bbox 2259 1657 2433 1724; x_wconf 90' lang='lat' dir='ltr'><strong>liane,</strong></span> <span class='ocrx_word' id='word_1_210' title='bbox 2465 1654 2773 1723; x_wconf 88' lang='lat' dir='ltr'><strong>ingredere</strong></span> <span class='ocrx_word' id='word_1_211' title='bbox 2797 1654 2854 1707; x_wconf 94' lang='lat' dir='ltr'><strong>in</strong></span> <span class='ocrx_word' id='word_1_212' title='bbox 2878 1652 3175 1723; x_wconf 87' lang='lat' dir='ltr'><strong>abyssum</strong></span> <span class='ocrx_word' id='word_1_213' title='bbox 3208 1652 3497 1719; x_wconf 73' lang='lat' dir='ltr'><strong>gehennae</strong></span> <span class='ocrx_word' id='word_1_214' title='bbox 3527 1652 3703 1723; x_wconf 89' lang='lat' dir='ltr'><strong>ignis,</strong></span> <span class='ocrx_word' id='word_1_215' title='bbox 3732 1669 3914 1723; x_wconf 88' lang='lat' dir='ltr'><strong>para-</strong></span> 
     </span>
    </p>
   </div>
   <div class='ocr_carea' id='block_1_32' title="bbox 511 1739 3909 1818">
    <p class='ocr_par' dir='ltr' id='par_1_32' title="bbox 511 1739 3909 1818">
     <span class='ocr_line' id='line_1_32' title="bbox 511 1739 3909 1818; baseline -0.003 -13"><span class='ocrx_word' id='word_1_216' title='bbox 511 1752 828 1806; x_wconf 89' lang='lat' dir='ltr'><strong>tationibus</strong></span> <span class='ocrx_word' id='word_1_217' title='bbox 865 1768 956 1804; x_wconf 93' lang='lat' dir='ltr'><strong>me</strong></span> <span class='ocrx_word' id='word_1_218' title='bbox 987 1750 1504 1815; x_wconf 88' lang='lat' dir='ltr'><strong>liberavit,sororis</strong></span> <span class='ocrx_word' id='word_1_219' title='bbox 1535 1751 1710 1804; x_wconf 91' lang='lat' dir='ltr'><strong>etiam</strong></span> <span class='ocrx_word' id='word_1_220' title='bbox 1756 1764 1901 1803; x_wconf 66' lang='lat' dir='ltr'><strong>meas</strong></span> <span class='ocrx_word' id='word_1_221' title='bbox 1925 1764 2149 1818; x_wconf 90' lang='lat' dir='ltr'><strong>propu-</strong></span> <span class='ocrx_word' id='word_1_222' title='bbox 2181 1757 2223 1810; x_wconf 85' lang='grc' dir='ltr'>Β</span> <span class='ocrx_word' id='word_1_223' title='bbox 2262 1752 2379 1800; x_wconf 89' lang='lat' dir='ltr'><strong>tam</strong></span> <span class='ocrx_word' id='word_1_224' title='bbox 2407 1744 2510 1798; x_wconf 91' lang='lat' dir='ltr'><strong>tibi</strong></span> <span class='ocrx_word' id='word_1_225' title='bbox 2537 1748 2592 1797; x_wconf 89' lang='lat' dir='ltr'><strong>et</strong></span> <span class='ocrx_word' id='word_1_226' title='bbox 2613 1743 2763 1812; x_wconf 90' lang='lat' dir='ltr'><strong>patri</strong></span> <span class='ocrx_word' id='word_1_227' title='bbox 2787 1748 2884 1796; x_wconf 93' lang='lat' dir='ltr'><strong>tuo</strong></span> <span class='ocrx_word' id='word_1_228' title='bbox 2909 1739 3169 1794; x_wconf 90' lang='lat' dir='ltr'><strong>diabolo.</strong></span> <span class='ocrx_word' id='word_1_229' title='bbox 3202 1743 3485 1794; x_wconf 72' lang='lat' dir='ltr'><strong>Haaccum</strong></span> <span class='ocrx_word' id='word_1_230' title='bbox 3504 1740 3657 1794; x_wconf 90' lang='lat' dir='ltr'><strong>facta</strong></span> <span class='ocrx_word' id='word_1_231' title='bbox 3682 1748 3909 1807; x_wconf 89' lang='lat' dir='ltr'><strong>essent,</strong></span> 
     </span>
    </p>
   </div>
   <div class='ocr_carea' id='block_1_33' title="bbox 512 1836 2150 1909">
    <p class='ocr_par' dir='ltr' id='par_1_33' title="bbox 512 1836 2150 1909">
     <span class='ocr_line' id='line_1_33' title="bbox 512 1836 2150 1909; baseline -0.004 -14"><span class='ocrx_word' id='word_1_232' title='bbox 512 1844 816 1909; x_wconf 89' lang='lat' dir='ltr'><strong>gnatorem</strong></span> <span class='ocrx_word' id='word_1_233' title='bbox 847 1839 1051 1902; x_wconf 90' lang='lat' dir='ltr'><strong>fuisse,</strong></span> <span class='ocrx_word' id='word_1_234' title='bbox 1085 1845 1141 1892; x_wconf 93' lang='lat' dir='ltr'><strong>et</strong></span> <span class='ocrx_word' id='word_1_235' title='bbox 1202 1839 1484 1892; x_wconf 86' lang='lat' dir='ltr'><strong>intactam</strong></span> <span class='ocrx_word' id='word_1_236' title='bbox 1535 1837 1611 1892; x_wconf 91' lang='lat' dir='ltr'><strong>ab</strong></span> <span class='ocrx_word' id='word_1_237' title='bbox 1645 1837 1808 1892; x_wconf 90' lang='lat' dir='ltr'><strong>omni</strong></span> <span class='ocrx_word' id='word_1_238' title='bbox 1847 1836 1981 1890; x_wconf 89' lang='lat' dir='ltr'><strong>labe</strong></span> <span class='ocrx_word' id='word_1_239' title='bbox 2013 1851 2150 1890; x_wconf 90' lang='lat' dir='ltr'><strong>con-</strong></span> 
     </span>
    </p>
   </div>
   <div class='ocr_carea' id='block_1_34' title="bbox 513 1926 2146 1995">
    <p class='ocr_par' dir='ltr' id='par_1_34' title="bbox 513 1926 2146 1995">
     <span class='ocr_line' id='line_1_34' title="bbox 513 1926 2146 1995; baseline -0.003 -12"><span class='ocrx_word' id='word_1_240' title='bbox 513 1927 947 1983; x_wconf 86' lang='lat' dir='ltr'><strong>servasse.Misit</strong></span> <span class='ocrx_word' id='word_1_241' title='bbox 985 1928 1141 1980; x_wconf 90' lang='lat' dir='ltr'><strong>enim</strong></span> <span class='ocrx_word' id='word_1_242' title='bbox 1165 1926 1442 1995; x_wconf 88' lang='lat' dir='ltr'><strong>angelum</strong></span> <span class='ocrx_word' id='word_1_243' title='bbox 1477 1942 1649 1980; x_wconf 91' lang='lat' dir='ltr'><strong>suum</strong></span> <span class='ocrx_word' id='word_1_244' title='bbox 1689 1941 1719 1978; x_wconf 84' lang='lat' dir='ltr'><strong>e</strong></span> <span class='ocrx_word' id='word_1_245' title='bbox 1749 1928 1987 1989; x_wconf 77' lang='lat' dir='ltr'><strong>cmlo,ut</strong></span> <span class='ocrx_word' id='word_1_246' title='bbox 2015 1941 2146 1978; x_wconf 91' lang='lat' dir='ltr'><strong>eam</strong></span> 
     </span>
    </p>
   </div>
   <div class='ocr_carea' id='block_1_35' title="bbox 510 2013 2150 2082">
    <p class='ocr_par' dir='ltr' id='par_1_35' title="bbox 510 2013 2150 2082">
     <span class='ocr_line' id='line_1_35' title="bbox 510 2013 2150 2082; baseline -0.003 -11"><span class='ocrx_word' id='word_1_247' title='bbox 510 2017 849 2071; x_wconf 89' lang='lat' dir='ltr'><strong>custodiret.</strong></span> <span class='ocrx_word' id='word_1_248' title='bbox 887 2018 966 2069; x_wconf 89' lang='lat' dir='ltr'><strong>En</strong></span> <span class='ocrx_word' id='word_1_249' title='bbox 1001 2020 1062 2068; x_wconf 92' lang='lat' dir='ltr'><strong>ut</strong></span> <span class='ocrx_word' id='word_1_250' title='bbox 1091 2016 1214 2069; x_wconf 91' lang='lat' dir='ltr'><strong>sine</strong></span> <span class='ocrx_word' id='word_1_251' title='bbox 1247 2014 1496 2079; x_wconf 89' lang='lat' dir='ltr'><strong>macula,</strong></span> <span class='ocrx_word' id='word_1_252' title='bbox 1531 2019 1588 2068; x_wconf 87' lang='lat' dir='ltr'><strong>et</strong></span> <span class='ocrx_word' id='word_1_253' title='bbox 1622 2013 2017 2082; x_wconf 87' lang='lat' dir='ltr'><strong>virginitatem</strong></span> <span class='ocrx_word' id='word_1_254' title='bbox 2046 2028 2150 2082; x_wconf 92' lang='lat' dir='ltr'><strong>pu-</strong></span> 
     </span>
    </p>
   </div>
   <div class='ocr_carea' id='block_1_36' title="bbox 510 2101 2146 2166">
    <p class='ocr_par' dir='ltr' id='par_1_36' title="bbox 510 2101 2146 2166">
     <span class='ocr_line' id='line_1_36' title="bbox 510 2101 2146 2166; baseline -0.002 -6"><span class='ocrx_word' id='word_1_255' title='bbox 510 2121 637 2160; x_wconf 90' lang='lat' dir='ltr'><strong>ram</strong></span> <span class='ocrx_word' id='word_1_256' title='bbox 663 2103 1254 2166; x_wconf 83' lang='lat' dir='ltr'><strong>habens,revertitur,</strong></span> <span class='ocrx_word' id='word_1_257' title='bbox 1273 2107 1337 2156; x_wconf 91' lang='lat' dir='ltr'><strong>ut</strong></span> <span class='ocrx_word' id='word_1_258' title='bbox 1355 2103 1554 2157; x_wconf 81' lang='lat' dir='ltr'><strong>videat</strong></span> <span class='ocrx_word' id='word_1_259' title='bbox 1571 2103 1807 2157; x_wconf 89' lang='lat' dir='ltr'><strong>vincula</strong></span> <span class='ocrx_word' id='word_1_260' title='bbox 1832 2101 2146 2156; x_wconf 83' lang='lat' dir='ltr'><strong>mea.Mise-</strong></span> 
     </span>
    </p>
   </div>
   <div class='ocr_carea' id='block_1_37' title="bbox 509 2190 2148 2254">
    <p class='ocr_par' dir='ltr' id='par_1_37' title="bbox 509 2190 2148 2254">
     <span class='ocr_line' id='line_1_37' title="bbox 509 2190 2148 2254; baseline -0.003 -7"><span class='ocrx_word' id='word_1_261' title='bbox 509 2200 597 2247; x_wconf 89' lang='lat' dir='ltr'><strong>rat</strong></span> <span class='ocrx_word' id='word_1_262' title='bbox 619 2193 773 2246; x_wconf 89' lang='lat' dir='ltr'><strong>enim</strong></span> <span class='ocrx_word' id='word_1_263' title='bbox 799 2191 1488 2253; x_wconf 86' lang='lat' dir='ltr'><strong>Aurelianus,utJuliana</strong></span> <span class='ocrx_word' id='word_1_264' title='bbox 1512 2190 1993 2254; x_wconf 70' lang='lat' dir='ltr'><strong>duceretur.Quaa</strong></span> <span class='ocrx_word' id='word_1_265' title='bbox 2010 2205 2148 2243; x_wconf 91' lang='lat' dir='ltr'><strong>cum</strong></span> 
     </span>
    </p>
   </div>
   <div class='ocr_carea' id='block_1_38' title="bbox 510 2276 2148 2344">
    <p class='ocr_par' dir='ltr' id='par_1_38' title="bbox 510 2276 2148 2344">
     <span class='ocr_line' id='line_1_38' title="bbox 510 2276 2148 2344; baseline -0.003 -8"><span class='ocrx_word' id='word_1_266' title='bbox 510 2282 764 2336; x_wconf 86' lang='lat' dir='ltr'><strong>venisset</strong></span> <span class='ocrx_word' id='word_1_267' title='bbox 793 2280 866 2334; x_wconf 88' lang='lat' dir='ltr'><strong>ad</strong></span> <span class='ocrx_word' id='word_1_268' title='bbox 890 2279 1232 2344; x_wconf 90' lang='lat' dir='ltr'><strong>tribunal,et</strong></span> <span class='ocrx_word' id='word_1_269' title='bbox 1270 2279 1482 2334; x_wconf 92' lang='lat' dir='ltr'><strong>Paulus</strong></span> <span class='ocrx_word' id='word_1_270' title='bbox 1509 2295 1642 2334; x_wconf 91' lang='lat' dir='ltr'><strong>eam</strong></span> <span class='ocrx_word' id='word_1_271' title='bbox 1667 2277 1930 2341; x_wconf 87' lang='lat' dir='ltr'><strong>vidisset,</strong></span> <span class='ocrx_word' id='word_1_272' title='bbox 1963 2276 2148 2331; x_wconf 93' lang='lat' dir='ltr'><strong>multo</strong></span> 
     </span>
    </p>
   </div>
   <div class='ocr_carea' id='block_1_39' title="bbox 511 2365 2146 2439">
    <p class='ocr_par' dir='ltr' id='par_1_39' title="bbox 511 2365 2146 2439">
     <span class='ocr_line' id='line_1_39' title="bbox 511 2365 2146 2439; baseline -0.003 -16"><span class='ocrx_word' id='word_1_273' title='bbox 511 2370 729 2437; x_wconf 90' lang='lat' dir='ltr'><strong>gaudio</strong></span> <span class='ocrx_word' id='word_1_274' title='bbox 752 2369 962 2439; x_wconf 90' lang='lat' dir='ltr'><strong>plenus</strong></span> <span class='ocrx_word' id='word_1_275' title='bbox 988 2369 1134 2422; x_wconf 90' lang='lat' dir='ltr'><strong>risit.</strong></span> <span class='ocrx_word' id='word_1_276' title='bbox 1157 2368 1506 2422; x_wconf 79' lang='lat' dir='ltr'><strong>Aurelianus</strong></span> <span class='ocrx_word' id='word_1_277' title='bbox 1537 2381 1706 2422; x_wconf 85' lang='lat' dir='ltr'><strong>vero:</strong></span> <span class='ocrx_word' id='word_1_278' title='bbox 1741 2369 1912 2430; x_wconf 87' lang='lat' dir='ltr'><strong>Num,</strong></span> <span class='ocrx_word' id='word_1_279' title='bbox 1937 2365 2146 2437; x_wconf 87' lang='lat' dir='ltr'><strong>inquit,</strong></span> 
     </span>
    </p>
   </div>
   <div class='ocr_carea' id='block_1_40' title="bbox 509 2453 2148 2525">
    <p class='ocr_par' dir='ltr' id='par_1_40' title="bbox 509 2453 2148 2525">
     <span class='ocr_line' id='line_1_40' title="bbox 509 2453 2148 2525; baseline -0.003 -13"><span class='ocrx_word' id='word_1_280' title='bbox 509 2457 760 2525; x_wconf 87' lang='lat' dir='ltr'><strong>Juliana,</strong></span> <span class='ocrx_word' id='word_1_281' title='bbox 786 2461 1082 2510; x_wconf 87' lang='lat' dir='ltr'><strong>amatores</strong></span> <span class='ocrx_word' id='word_1_282' title='bbox 1103 2457 1184 2510; x_wconf 90' lang='lat' dir='ltr'><strong>tui</strong></span> <span class='ocrx_word' id='word_1_283' title='bbox 1203 2454 1637 2525; x_wconf 85' lang='lat' dir='ltr'><strong>pulchritudine</strong></span> <span class='ocrx_word' id='word_1_284' title='bbox 1657 2460 1756 2510; x_wconf 92' lang='lat' dir='ltr'><strong>tua</strong></span> <span class='ocrx_word' id='word_1_285' title='bbox 1773 2455 1958 2509; x_wconf 85' lang='lat' dir='ltr'><strong>satiati</strong></span> <span class='ocrx_word' id='word_1_286' title='bbox 1981 2453 2148 2508; x_wconf 82' lang='lat' dir='ltr'><strong>sunt?</strong></span> 
     </span>
    </p>
   </div>
   <div class='ocr_carea' id='block_1_41' title="bbox 509 2543 2150 2614">
    <p class='ocr_par' dir='ltr' id='par_1_41' title="bbox 509 2543 2150 2614">
     <span class='ocr_line' id='line_1_41' title="bbox 509 2543 2150 2614; baseline -0.002 -14"><span class='ocrx_word' id='word_1_287' title='bbox 509 2545 691 2600; x_wconf 83' lang='lat' dir='ltr'><strong>Atilla</strong></span> <span class='ocrx_word' id='word_1_288' title='bbox 712 2545 882 2599; x_wconf 89' lang='lat' dir='ltr'><strong>dixit:</strong></span> <span class='ocrx_word' id='word_1_289' title='bbox 900 2547 1017 2600; x_wconf 85' lang='lat' dir='ltr'><strong>Mea</strong></span> <span class='ocrx_word' id='word_1_290' title='bbox 1033 2543 1640 2614; x_wconf 90' lang='lat' dir='ltr'><strong>pulchritudo,meum</strong></span> <span class='ocrx_word' id='word_1_291' title='bbox 1659 2549 2079 2597; x_wconf 89' lang='lat' dir='ltr'><strong>ornanemtum</strong></span> <span class='ocrx_word' id='word_1_292' title='bbox 2095 2548 2150 2596; x_wconf 93' lang='lat' dir='ltr'><strong>et</strong></span> 
     </span>
    </p>
   </div>
   <div class='ocr_carea' id='block_1_42' title="bbox 508 2631 2150 2701">
    <p class='ocr_par' dir='ltr' id='par_1_42' title="bbox 508 2631 2150 2701">
     <span class='ocr_line' id='line_1_42' title="bbox 508 2631 2150 2701; baseline -0.002 -13"><span class='ocrx_word' id='word_1_293' title='bbox 508 2633 691 2688; x_wconf 90' lang='lat' dir='ltr'><strong>decus</strong></span> <span class='ocrx_word' id='word_1_294' title='bbox 733 2631 993 2687; x_wconf 90' lang='lat' dir='ltr'><strong>Christus</strong></span> <span class='ocrx_word' id='word_1_295' title='bbox 1018 2639 1121 2696; x_wconf 91' lang='lat' dir='ltr'><strong>est,</strong></span> <span class='ocrx_word' id='word_1_296' title='bbox 1151 2631 1251 2701; x_wconf 92' lang='lat' dir='ltr'><strong>qui</strong></span> <span class='ocrx_word' id='word_1_297' title='bbox 1289 2632 1441 2684; x_wconf 89' lang='lat' dir='ltr'><strong>misit</strong></span> <span class='ocrx_word' id='word_1_298' title='bbox 1466 2631 1744 2698; x_wconf 88' lang='lat' dir='ltr'><strong>angelum</strong></span> <span class='ocrx_word' id='word_1_299' title='bbox 1774 2636 2033 2695; x_wconf 90' lang='lat' dir='ltr'><strong>suum,et</strong></span> <span class='ocrx_word' id='word_1_300' title='bbox 2054 2645 2150 2684; x_wconf 87' lang='lat' dir='ltr'><strong>me</strong></span> 
     </span>
    </p>
   </div>
   <div class='ocr_carea' id='block_1_43' title="bbox 508 2719 2148 2790">
    <p class='ocr_par' dir='ltr' id='par_1_43' title="bbox 508 2719 2148 2790">
     <span class='ocr_line' id='line_1_43' title="bbox 508 2719 2148 2790; baseline -0.002 -14"><span class='ocrx_word' id='word_1_301' title='bbox 508 2720 799 2790; x_wconf 90' lang='lat' dir='ltr'><strong>abjectam</strong></span> <span class='ocrx_word' id='word_1_302' title='bbox 821 2725 994 2790; x_wconf 91' lang='lat' dir='ltr'><strong>atque</strong></span> <span class='ocrx_word' id='word_1_303' title='bbox 1009 2719 1292 2774; x_wconf 92' lang='lat' dir='ltr'><strong>humilem</strong></span> <span class='ocrx_word' id='word_1_304' title='bbox 1310 2735 1542 2772; x_wconf 90' lang='lat' dir='ltr'><strong>servam</strong></span> <span class='ocrx_word' id='word_1_305' title='bbox 1558 2721 1840 2788; x_wconf 87' lang='lat' dir='ltr'><strong>protexit:</strong></span> <span class='ocrx_word' id='word_1_306' title='bbox 1858 2720 2148 2789; x_wconf 89' lang='lat' dir='ltr'><strong>quoniam</strong></span> 
     </span>
    </p>
   </div>
   <div class='ocr_carea' id='block_1_44' title="bbox 507 2805 2148 2879">
    <p class='ocr_par' dir='ltr' id='par_1_44' title="bbox 507 2805 2148 2879">
     <span class='ocr_line' id='line_1_44' title="bbox 507 2805 2148 2879; baseline -0.001 -17"><span class='ocrx_word' id='word_1_307' title='bbox 507 2809 685 2863; x_wconf 88' lang='lat' dir='ltr'><strong>ﬁdem</strong></span> <span class='ocrx_word' id='word_1_308' title='bbox 725 2812 782 2862; x_wconf 90' lang='lat' dir='ltr'><strong>et</strong></span> <span class='ocrx_word' id='word_1_309' title='bbox 807 2823 970 2879; x_wconf 90' lang='lat' dir='ltr'><strong>spem</strong></span> <span class='ocrx_word' id='word_1_310' title='bbox 1007 2823 1200 2862; x_wconf 86' lang='lat' dir='ltr'><strong>meam</strong></span> <span class='ocrx_word' id='word_1_311' title='bbox 1228 2807 1286 2860; x_wconf 92' lang='lat' dir='ltr'><strong>in</strong></span> <span class='ocrx_word' id='word_1_312' title='bbox 1320 2805 1421 2861; x_wconf 91' lang='lat' dir='ltr'><strong>illo</strong></span> <span class='ocrx_word' id='word_1_313' title='bbox 1438 2807 1615 2861; x_wconf 84' lang='lat' dir='ltr'><strong>ﬁxam</strong></span> <span class='ocrx_word' id='word_1_314' title='bbox 1649 2807 1863 2861; x_wconf 86' lang='lat' dir='ltr'><strong>habeo.</strong></span> <span class='ocrx_word' id='word_1_315' title='bbox 1887 2809 2148 2876; x_wconf 88' lang='lat' dir='ltr'><strong>Quapro-</strong></span> 
     </span>
    </p>
   </div>
   <div class='ocr_carea' id='block_1_45' title="bbox 507 2893 2148 2967">
    <p class='ocr_par' dir='ltr' id='par_1_45' title="bbox 507 2893 2148 2967">
     <span class='ocr_line' id='line_1_45' title="bbox 507 2893 2148 2967; baseline -0.002 -17"><span class='ocrx_word' id='word_1_316' title='bbox 507 2902 636 2967; x_wconf 89' lang='lat' dir='ltr'><strong>pter</strong></span> <span class='ocrx_word' id='word_1_317' title='bbox 661 2896 878 2965; x_wconf 86' lang='lat' dir='ltr'><strong>gratias</strong></span> <span class='ocrx_word' id='word_1_318' title='bbox 909 2895 985 2950; x_wconf 90' lang='lat' dir='ltr'><strong>illi</strong></span> <span class='ocrx_word' id='word_1_319' title='bbox 1041 2911 1175 2965; x_wconf 89' lang='lat' dir='ltr'><strong>ago,</strong></span> <span class='ocrx_word' id='word_1_320' title='bbox 1209 2900 1265 2950; x_wconf 92' lang='lat' dir='ltr'><strong>et</strong></span> <span class='ocrx_word' id='word_1_321' title='bbox 1303 2903 1577 2949; x_wconf 89' lang='lat' dir='ltr'><strong>sanctum</strong></span> <span class='ocrx_word' id='word_1_322' title='bbox 1623 2900 1751 2964; x_wconf 91' lang='lat' dir='ltr'><strong>ejus</strong></span> <span class='ocrx_word' id='word_1_323' title='bbox 1788 2910 2004 2950; x_wconf 90' lang='lat' dir='ltr'><strong>nomen</strong></span> <span class='ocrx_word' id='word_1_324' title='bbox 2033 2893 2148 2948; x_wconf 84' lang='lat' dir='ltr'><strong>col-</strong></span> 
     </span>
    </p>
   </div>
   <div class='ocr_carea' id='block_1_46' title="bbox 507 2982 2145 3054">
    <p class='ocr_par' dir='ltr' id='par_1_46' title="bbox 507 2982 2145 3054">
     <span class='ocr_line' id='line_1_46' title="bbox 507 2982 2145 3054; baseline -0.002 -15"><span class='ocrx_word' id='word_1_325' title='bbox 507 2985 708 3047; x_wconf 88' lang='lat' dir='ltr'><strong>laudo,</strong></span> <span class='ocrx_word' id='word_1_326' title='bbox 741 2983 897 3054; x_wconf 93' lang='lat' dir='ltr'><strong>quod</strong></span> <span class='ocrx_word' id='word_1_327' title='bbox 957 2983 1084 3054; x_wconf 91' lang='lat' dir='ltr'><strong>ipse</strong></span> <span class='ocrx_word' id='word_1_328' title='bbox 1122 2990 1227 3047; x_wconf 91' lang='lat' dir='ltr'><strong>est,</strong></span> <span class='ocrx_word' id='word_1_329' title='bbox 1256 2983 1359 3054; x_wconf 90' lang='lat' dir='ltr'><strong>qui</strong></span> <span class='ocrx_word' id='word_1_330' title='bbox 1400 2983 1537 3039; x_wconf 89' lang='lat' dir='ltr'><strong>facit</strong></span> <span class='ocrx_word' id='word_1_331' title='bbox 1576 2983 1872 3038; x_wconf 88' lang='lat' dir='ltr'><strong>mirabilia</strong></span> <span class='ocrx_word' id='word_1_332' title='bbox 1915 2982 2076 3037; x_wconf 90' lang='lat' dir='ltr'><strong>solus</strong></span> <span class='ocrx_word' id='word_1_333' title='bbox 2102 2983 2145 3046; x_wconf 83' lang='grc'>⁴,</span> 
     </span>
    </p>
   </div>
   <div class='ocr_carea' id='block_1_47' title="bbox 509 3072 1662 3142">
    <p class='ocr_par' dir='ltr' id='par_1_47' title="bbox 509 3072 1662 3142">
     <span class='ocr_line' id='line_1_47' title="bbox 509 3072 1662 3142; baseline -0.003 -15"><span class='ocrx_word' id='word_1_334' title='bbox 509 3078 564 3128; x_wconf 91' lang='lat' dir='ltr'><strong>et</strong></span> <span class='ocrx_word' id='word_1_335' title='bbox 593 3089 707 3126; x_wconf 90' lang='lat' dir='ltr'><strong>non</strong></span> <span class='ocrx_word' id='word_1_336' title='bbox 731 3077 817 3126; x_wconf 90' lang='lat' dir='ltr'><strong>est</strong></span> <span class='ocrx_word' id='word_1_337' title='bbox 850 3072 999 3126; x_wconf 90' lang='lat' dir='ltr'><strong>alius</strong></span> <span class='ocrx_word' id='word_1_338' title='bbox 1033 3074 1182 3126; x_wconf 88' lang='lat' dir='ltr'><strong>Deus</strong></span> <span class='ocrx_word' id='word_1_339' title='bbox 1211 3077 1420 3142; x_wconf 56' lang='lat' dir='ltr'><strong>praeter</strong></span> <span class='ocrx_word' id='word_1_340' title='bbox 1449 3072 1662 3141; x_wconf 91' lang='lat' dir='ltr'><strong>ipsum.</strong></span> 
     </span>
    </p>
   </div>
   <div class='ocr_carea' id='block_1_48' title="bbox 580 3159 2144 3230">
    <p class='ocr_par' dir='ltr' id='par_1_48' title="bbox 580 3159 2144 3230">
     <span class='ocr_line' id='line_1_48' title="bbox 580 3159 2144 3230; baseline 0 -15"><span class='ocrx_word' id='word_1_341' title='bbox 580 3161 710 3215; x_wconf 87' lang='lat' dir='ltr'><strong>XIX.</strong></span> <span class='ocrx_word' id='word_1_342' title='bbox 742 3159 922 3214; x_wconf 89' lang='lat' dir='ltr'><strong>Jussit</strong></span> <span class='ocrx_word' id='word_1_343' title='bbox 942 3159 1222 3230; x_wconf 91' lang='lat' dir='ltr'><strong>deinceps</strong></span> <span class='ocrx_word' id='word_1_344' title='bbox 1253 3160 1602 3214; x_wconf 81' lang='lat' dir='ltr'><strong>Aurelianus</strong></span> <span class='ocrx_word' id='word_1_345' title='bbox 1621 3159 1868 3215; x_wconf 88' lang='lat' dir='ltr'><strong>Paulum</strong></span> <span class='ocrx_word' id='word_1_346' title='bbox 1899 3160 2144 3225; x_wconf 84' lang='lat' dir='ltr'><strong>exsolvi,</strong></span> 
     </span>
    </p>
   </div>
   <div class='ocr_carea' id='block_1_49' title="bbox 508 3248 2146 3320">
    <p class='ocr_par' dir='ltr' id='par_1_49' title="bbox 508 3248 2146 3320">
     <span class='ocr_line' id='line_1_49' title="bbox 508 3248 2146 3320; baseline -0.001 -15"><span class='ocrx_word' id='word_1_347' title='bbox 508 3255 562 3305; x_wconf 89' lang='lat' dir='ltr'><strong>et</strong></span> <span class='ocrx_word' id='word_1_348' title='bbox 601 3249 828 3304; x_wconf 87' lang='lat' dir='ltr'><strong>foveam</strong></span> <span class='ocrx_word' id='word_1_349' title='bbox 879 3249 1204 3319; x_wconf 89' lang='lat' dir='ltr'><strong>quamdam</strong></span> <span class='ocrx_word' id='word_1_350' title='bbox 1233 3248 1430 3312; x_wconf 74' lang='lat' dir='ltr'><strong>eﬂ‘odi,</strong></span> <span class='ocrx_word' id='word_1_351' title='bbox 1469 3255 1588 3304; x_wconf 90' lang='lat' dir='ltr'><strong>tam</strong></span> <span class='ocrx_word' id='word_1_352' title='bbox 1619 3249 1885 3317; x_wconf 90' lang='lat' dir='ltr'><strong>longam,</strong></span> <span class='ocrx_word' id='word_1_353' title='bbox 1919 3254 2146 3320; x_wconf 91' lang='lat' dir='ltr'><strong>quanta</strong></span> 
     </span>
    </p>
   </div>
   <div class='ocr_carea' id='block_1_50' title="bbox 508 3336 2144 3407">
    <p class='ocr_par' dir='ltr' id='par_1_50' title="bbox 508 3336 2144 3407">
     <span class='ocr_line' id='line_1_50' title="bbox 508 3336 2144 3407; baseline 0 -15"><span class='ocrx_word' id='word_1_354' title='bbox 508 3343 591 3392; x_wconf 90' lang='lat' dir='ltr'><strong>est</strong></span> <span class='ocrx_word' id='word_1_355' title='bbox 625 3338 798 3391; x_wconf 91' lang='lat' dir='ltr'><strong>trium</strong></span> <span class='ocrx_word' id='word_1_356' title='bbox 838 3336 1150 3391; x_wconf 89' lang='lat' dir='ltr'><strong>hominum</strong></span> <span class='ocrx_word' id='word_1_357' title='bbox 1185 3343 1409 3392; x_wconf 88' lang='lat' dir='ltr'><strong>statura</strong></span> <span class='ocrx_word' id='word_1_358' title='bbox 1452 3354 1464 3403; x_wconf 92' lang='lat'><strong>;</strong></span> <span class='ocrx_word' id='word_1_359' title='bbox 1499 3344 1622 3393; x_wconf 89' lang='lat' dir='ltr'><strong>tum</strong></span> <span class='ocrx_word' id='word_1_360' title='bbox 1654 3338 1815 3407; x_wconf 91' lang='lat' dir='ltr'><strong>ligna</strong></span> <span class='ocrx_word' id='word_1_361' title='bbox 1846 3343 1899 3392; x_wconf 92' lang='lat' dir='ltr'><strong>et</strong></span> <span class='ocrx_word' id='word_1_362' title='bbox 1947 3339 2144 3405; x_wconf 84' lang='lat' dir='ltr'><strong>ignem</strong></span> 
     </span>
    </p>
   </div>
   <div class='ocr_carea' id='block_1_51' title="bbox 509 3424 2149 3496">
    <p class='ocr_par' dir='ltr' id='par_1_51' title="bbox 509 3424 2149 3496">
     <span class='ocr_line' id='line_1_51' title="bbox 509 3424 2149 3496; baseline 0 -16"><span class='ocrx_word' id='word_1_363' title='bbox 509 3424 724 3489; x_wconf 72' lang='lat' dir='ltr'><strong>afferri,</strong></span> <span class='ocrx_word' id='word_1_364' title='bbox 793 3430 969 3496; x_wconf 89' lang='lat' dir='ltr'><strong>atque</strong></span> <span class='ocrx_word' id='word_1_365' title='bbox 1024 3424 1082 3479; x_wconf 92' lang='lat' dir='ltr'><strong>in</strong></span> <span class='ocrx_word' id='word_1_366' title='bbox 1121 3425 1287 3480; x_wconf 89' lang='lat' dir='ltr'><strong>fovea</strong></span> <span class='ocrx_word' id='word_1_367' title='bbox 1364 3426 1462 3480; x_wconf 92' lang='lat' dir='ltr'><strong>illa</strong></span> <span class='ocrx_word' id='word_1_368' title='bbox 1533 3426 1832 3480; x_wconf 89' lang='lat' dir='ltr'><strong>succendi.</strong></span> <span class='ocrx_word' id='word_1_369' title='bbox 1867 3429 2149 3481; x_wconf 86' lang='lat' dir='ltr'><strong>Fecerunt</strong></span> 
     </span>
    </p>
   </div>
   <div class='ocr_carea' id='block_1_52' title="bbox 509 3512 2140 3583">
    <p class='ocr_par' dir='ltr' id='par_1_52' title="bbox 509 3512 2140 3583">
     <span class='ocr_line' id='line_1_52' title="bbox 509 3512 2140 3583; baseline 0 -14"><span class='ocrx_word' id='word_1_370' title='bbox 509 3512 1249 3583; x_wconf 87' lang='lat' dir='ltr'><strong>carniﬁces,quodjussum</strong></span> <span class='ocrx_word' id='word_1_371' title='bbox 1271 3514 1477 3582; x_wconf 86' lang='lat' dir='ltr'><strong>fuerat,</strong></span> <span class='ocrx_word' id='word_1_372' title='bbox 1498 3513 1827 3568; x_wconf 90' lang='lat' dir='ltr'><strong>admodum</strong></span> <span class='ocrx_word' id='word_1_373' title='bbox 1842 3513 2108 3569; x_wconf 88' lang='lat' dir='ltr'><strong>studiose</strong></span> <span class='ocrx_word' id='word_1_374' title='bbox 2130 3536 2140 3579; x_wconf 87' lang='lat'><strong>;</strong></span> 
     </span>
    </p>
   </div>
   <div class='ocr_carea' id='block_1_53' title="bbox 507 3601 2146 3670">
    <p class='ocr_par' dir='ltr' id='par_1_53' title="bbox 507 3601 2146 3670">
     <span class='ocr_line' id='line_1_53' title="bbox 507 3601 2146 3670; baseline 0.001 -13"><span class='ocrx_word' id='word_1_375' title='bbox 507 3617 648 3657; x_wconf 90' lang='lat' dir='ltr'><strong>nam</strong></span> <span class='ocrx_word' id='word_1_376' title='bbox 681 3608 734 3656; x_wconf 91' lang='lat' dir='ltr'><strong>et</strong></span> <span class='ocrx_word' id='word_1_377' title='bbox 763 3601 994 3656; x_wconf 89' lang='lat' dir='ltr'><strong>foveam</strong></span> <span class='ocrx_word' id='word_1_378' title='bbox 1031 3603 1228 3657; x_wconf 89' lang='lat' dir='ltr'><strong>statim</strong></span> <span class='ocrx_word' id='word_1_379' title='bbox 1269 3601 1621 3670; x_wconf 74' lang='lat' dir='ltr'><strong>effoderunt,</strong></span> <span class='ocrx_word' id='word_1_380' title='bbox 1661 3609 1716 3657; x_wconf 90' lang='lat' dir='ltr'><strong>et</strong></span> <span class='ocrx_word' id='word_1_381' title='bbox 1744 3603 1944 3669; x_wconf 75' lang='lat' dir='ltr'><strong>ignem</strong></span> <span class='ocrx_word' id='word_1_382' title='bbox 1977 3604 2146 3658; x_wconf 83' lang='lat' dir='ltr'><strong>vehe-</strong></span> 
     </span>
    </p>
   </div>
   <div class='ocr_carea' id='block_1_54' title="bbox 508 3690 2146 3760">
    <p class='ocr_par' dir='ltr' id='par_1_54' title="bbox 508 3690 2146 3760">
     <span class='ocr_line' id='line_1_54' title="bbox 508 3690 2146 3760; baseline 0 -16"><span class='ocrx_word' id='word_1_383' title='bbox 508 3696 734 3745; x_wconf 88' lang='lat' dir='ltr'><strong>menter</strong></span> <span class='ocrx_word' id='word_1_384' title='bbox 762 3690 1177 3744; x_wconf 89' lang='lat' dir='ltr'><strong>accenderunt.</strong></span> <span class='ocrx_word' id='word_1_385' title='bbox 1202 3691 1406 3760; x_wconf 91' lang='lat' dir='ltr'><strong>Itaque</strong></span> <span class='ocrx_word' id='word_1_386' title='bbox 1439 3691 1788 3744; x_wconf 86' lang='lat' dir='ltr'><strong>Aurelianus</strong></span> <span class='ocrx_word' id='word_1_387' title='bbox 1806 3691 1980 3760; x_wconf 90' lang='lat' dir='ltr'><strong>jussit</strong></span> <span class='ocrx_word' id='word_1_388' title='bbox 2004 3694 2146 3746; x_wconf 88' lang='lat' dir='ltr'><strong>Pau-</strong></span> 
     </span>
    </p>
   </div>
   <div class='ocr_carea' id='block_1_55' title="bbox 507 3776 2144 3847">
    <p class='ocr_par' dir='ltr' id='par_1_55' title="bbox 507 3776 2144 3847">
     <span class='ocr_line' id='line_1_55' title="bbox 507 3776 2144 3847; baseline 0.001 -15"><span class='ocrx_word' id='word_1_389' title='bbox 507 3777 628 3832; x_wconf 91' lang='lat' dir='ltr'><strong>lum</strong></span> <span class='ocrx_word' id='word_1_390' title='bbox 644 3780 700 3832; x_wconf 90' lang='lat' dir='ltr'><strong>et</strong></span> <span class='ocrx_word' id='word_1_391' title='bbox 727 3776 1022 3831; x_wconf 88' lang='lat' dir='ltr'><strong>Julianam</strong></span> <span class='ocrx_word' id='word_1_392' title='bbox 1053 3779 1109 3830; x_wconf 92' lang='lat' dir='ltr'><strong>in</strong></span> <span class='ocrx_word' id='word_1_393' title='bbox 1141 3778 1334 3847; x_wconf 87' lang='lat' dir='ltr'><strong>ignem</strong></span> <span class='ocrx_word' id='word_1_394' title='bbox 1355 3777 1520 3831; x_wconf 90' lang='lat' dir='ltr'><strong>illum</strong></span> <span class='ocrx_word' id='word_1_395' title='bbox 1541 3778 1980 3846; x_wconf 88' lang='lat' dir='ltr'><strong>conjici.Sancti</strong></span> <span class='ocrx_word' id='word_1_396' title='bbox 2006 3794 2144 3833; x_wconf 91' lang='lat' dir='ltr'><strong>vero</strong></span> 
     </span>
    </p>
   </div>
   <div class='ocr_carea' id='block_1_56' title="bbox 506 3864 2146 3935">
    <p class='ocr_par' dir='ltr' id='par_1_56' title="bbox 506 3864 2146 3935">
     <span class='ocr_line' id='line_1_56' title="bbox 506 3864 2146 3935; baseline -0.001 -16"><span class='ocrx_word' id='word_1_397' title='bbox 506 3870 822 3935; x_wconf 89' lang='lat' dir='ltr'><strong>martyres,</strong></span> <span class='ocrx_word' id='word_1_398' title='bbox 843 3867 1024 3918; x_wconf 91' lang='lat' dir='ltr'><strong>Deum</strong></span> <span class='ocrx_word' id='word_1_399' title='bbox 1039 3864 1463 3926; x_wconf 90' lang='lat' dir='ltr'><strong>collaudantes,</strong></span> <span class='ocrx_word' id='word_1_400' title='bbox 1489 3865 1851 3920; x_wconf 67' lang='lat' dir='ltr'><strong>Salvator-em</strong></span> <span class='ocrx_word' id='word_1_401' title='bbox 1871 3883 1938 3920; x_wconf 91' lang='lat' dir='ltr'><strong>ac</strong></span> <span class='ocrx_word' id='word_1_402' title='bbox 1957 3866 2146 3920; x_wconf 88' lang='lat' dir='ltr'><strong>Domi-</strong></span> 
     </span>
    </p>
   </div>
   <div class='ocr_carea' id='block_1_57' title="bbox 505 3949 2143 4024">
    <p class='ocr_par' dir='ltr' id='par_1_57' title="bbox 505 3949 2143 4024">
     <span class='ocr_line' id='line_1_57' title="bbox 505 3949 2143 4024; baseline 0 -16"><span class='ocrx_word' id='word_1_403' title='bbox 505 3969 651 4008; x_wconf 90' lang='lat' dir='ltr'><strong>num</strong></span> <span class='ocrx_word' id='word_1_404' title='bbox 680 3953 878 4006; x_wconf 87' lang='lat' dir='ltr'><strong>Jesum</strong></span> <span class='ocrx_word' id='word_1_405' title='bbox 943 3949 1236 4006; x_wconf 89' lang='lat' dir='ltr'><strong>Christum</strong></span> <span class='ocrx_word' id='word_1_406' title='bbox 1283 3952 1646 4007; x_wconf 90' lang='lat' dir='ltr'><strong>invocabant</strong></span> <span class='ocrx_word' id='word_1_407' title='bbox 1702 3953 1775 4007; x_wconf 87' lang='lat' dir='ltr'><strong>ad</strong></span> <span class='ocrx_word' id='word_1_408' title='bbox 1806 3970 1977 4024; x_wconf 91' lang='lat' dir='ltr'><strong>opem</strong></span> <span class='ocrx_word' id='word_1_409' title='bbox 2033 3954 2143 4008; x_wconf 90' lang='lat' dir='ltr'><strong>sibi</strong></span> 
     </span>
    </p>
   </div>
   <div class='ocr_carea' id='block_1_58' title="bbox 504 4040 2142 4107">
    <p class='ocr_par' dir='ltr' id='par_1_58' title="bbox 504 4040 2142 4107">
     <span class='ocr_line' id='line_1_58' title="bbox 504 4040 2142 4107; baseline 0.001 -11"><span class='ocrx_word' id='word_1_410' title='bbox 504 4040 827 4096; x_wconf 78' lang='lat' dir='ltr'><strong>ferendam.</strong></span> <span class='ocrx_word' id='word_1_411' title='bbox 863 4042 1006 4095; x_wconf 91' lang='lat' dir='ltr'><strong>Cum</strong></span> <span class='ocrx_word' id='word_1_412' title='bbox 1061 4047 1260 4095; x_wconf 88' lang='lat' dir='ltr'><strong>autem</strong></span> <span class='ocrx_word' id='word_1_413' title='bbox 1298 4041 1374 4094; x_wconf 90' lang='lat' dir='ltr'><strong>ad</strong></span> <span class='ocrx_word' id='word_1_414' title='bbox 1414 4057 1551 4096; x_wconf 90' lang='lat' dir='ltr'><strong>eum</strong></span> <span class='ocrx_word' id='word_1_415' title='bbox 1591 4041 1786 4097; x_wconf 91' lang='lat' dir='ltr'><strong>locum</strong></span> <span class='ocrx_word' id='word_1_416' title='bbox 1830 4042 2142 4107; x_wconf 85' lang='lat' dir='ltr'><strong>venissent,</strong></span> 
     </span>
    </p>
   </div>
   <div class='ocr_carea' id='block_1_59' title="bbox 506 4128 2146 4198">
    <p class='ocr_par' dir='ltr' id='par_1_59' title="bbox 506 4128 2146 4198">
     <span class='ocr_line' id='line_1_59' title="bbox 506 4128 2146 4198; baseline 0.002 -16"><span class='ocrx_word' id='word_1_417' title='bbox 506 4145 616 4184; x_wconf 90' lang='lat' dir='ltr'><strong>sua</strong></span> <span class='ocrx_word' id='word_1_418' title='bbox 663 4129 934 4183; x_wconf 88' lang='lat' dir='ltr'><strong>membra</strong></span> <span class='ocrx_word' id='word_1_419' title='bbox 986 4129 1175 4183; x_wconf 90' lang='lat' dir='ltr'><strong>crucis</strong></span> <span class='ocrx_word' id='word_1_420' title='bbox 1227 4128 1432 4183; x_wconf 89' lang='lat' dir='ltr'><strong>Christi</strong></span> <span class='ocrx_word' id='word_1_421' title='bbox 1489 4128 1657 4198; x_wconf 87' lang='lat' dir='ltr'><strong>signo</strong></span> <span class='ocrx_word' id='word_1_422' title='bbox 1700 4131 2059 4194; x_wconf 89' lang='lat' dir='ltr'><strong>munierunt,</strong></span> <span class='ocrx_word' id='word_1_423' title='bbox 2092 4137 2146 4186; x_wconf 88' lang='lat' dir='ltr'><strong>et</strong></span> 
     </span>
    </p>
   </div>
   <div class='ocr_carea' id='block_1_60' title="bbox 507 4216 2143 4289">
    <p class='ocr_par' dir='ltr' id='par_1_60' title="bbox 507 4216 2143 4289">
     <span class='ocr_line' id='line_1_60' title="bbox 507 4216 2143 4289; baseline 0.002 -19"><span class='ocrx_word' id='word_1_424' title='bbox 507 4221 720 4288; x_wconf 88' lang='lat' dir='ltr'><strong>sponte</strong></span> <span class='ocrx_word' id='word_1_425' title='bbox 751 4232 812 4270; x_wconf 91' lang='lat' dir='ltr'><strong>se</strong></span> <span class='ocrx_word' id='word_1_426' title='bbox 869 4216 926 4270; x_wconf 94' lang='lat' dir='ltr'><strong>in</strong></span> <span class='ocrx_word' id='word_1_427' title='bbox 967 4217 1163 4285; x_wconf 86' lang='lat' dir='ltr'><strong>ignem</strong></span> <span class='ocrx_word' id='word_1_428' title='bbox 1197 4217 1597 4289; x_wconf 87' lang='lat' dir='ltr'><strong>conjecerunt.</strong></span> <span class='ocrx_word' id='word_1_429' title='bbox 1634 4222 1810 4274; x_wconf 89' lang='lat' dir='ltr'><strong>Erant</strong></span> <span class='ocrx_word' id='word_1_430' title='bbox 1855 4224 2051 4274; x_wconf 89' lang='lat' dir='ltr'><strong>autem</strong></span> <span class='ocrx_word' id='word_1_431' title='bbox 2085 4221 2143 4275; x_wconf 90' lang='lat' dir='ltr'><strong>in</strong></span> 
     </span>
    </p>
   </div>
   <div class='ocr_carea' id='block_1_61' title="bbox 504 4304 2146 4377">
    <p class='ocr_par' dir='ltr' id='par_1_61' title="bbox 504 4304 2146 4377">
     <span class='ocr_line' id='line_1_61' title="bbox 504 4304 2146 4377; baseline 0.002 -18"><span class='ocrx_word' id='word_1_432' title='bbox 504 4305 640 4373; x_wconf 88' lang='lat' dir='ltr'><strong>igne</strong></span> <span class='ocrx_word' id='word_1_433' title='bbox 670 4304 770 4358; x_wconf 93' lang='lat' dir='ltr'><strong>illo</strong></span> <span class='ocrx_word' id='word_1_434' title='bbox 804 4307 984 4359; x_wconf 90' lang='lat' dir='ltr'><strong>Deum</strong></span> <span class='ocrx_word' id='word_1_435' title='bbox 1012 4305 1340 4372; x_wconf 90' lang='lat' dir='ltr'><strong>laudantes,</strong></span> <span class='ocrx_word' id='word_1_436' title='bbox 1375 4311 1428 4361; x_wconf 87' lang='lat' dir='ltr'><strong>et</strong></span> <span class='ocrx_word' id='word_1_437' title='bbox 1475 4306 1603 4375; x_wconf 88' lang='lat' dir='ltr'><strong>ejus</strong></span> <span class='ocrx_word' id='word_1_438' title='bbox 1641 4307 1890 4376; x_wconf 90' lang='lat' dir='ltr'><strong>gloriam</strong></span> <span class='ocrx_word' id='word_1_439' title='bbox 1936 4309 2146 4377; x_wconf 67' lang='lat' dir='ltr'><strong>praedi-</strong></span> 
     </span>
    </p>
   </div>
   <div class='ocr_carea' id='block_1_62' title="bbox 505 4395 2219 4489">
    <p class='ocr_par' dir='ltr' id='par_1_62' title="bbox 505 4395 2219 4489">
     <span class='ocr_line' id='line_1_62' title="bbox 505 4395 2219 4489; baseline 0.001 -41"><span class='ocrx_word' id='word_1_440' title='bbox 505 4399 719 4489; x_wconf 79' lang='lat' dir='ltr'><strong>cantes.</strong></span> <span class='ocrx_word' id='word_1_441' title='bbox 758 4396 898 4489; x_wconf 56' lang='lat' dir='ltr'><strong>ﬁcce</strong></span> <span class='ocrx_word' id='word_1_442' title='bbox 930 4397 1127 4448; x_wconf 90' lang='lat' dir='ltr'><strong>autem</strong></span> <span class='ocrx_word' id='word_1_443' title='bbox 1164 4395 1413 4462; x_wconf 87' lang='lat' dir='ltr'><strong>angelus</strong></span> <span class='ocrx_word' id='word_1_444' title='bbox 1453 4395 1682 4448; x_wconf 89' lang='lat' dir='ltr'><strong>Domini</strong></span> <span class='ocrx_word' id='word_1_445' title='bbox 1722 4396 2029 4450; x_wconf 90' lang='lat' dir='ltr'><strong>descendit</strong></span> <span class='ocrx_word' id='word_1_446' title='bbox 2072 4397 2143 4451; x_wconf 92' lang='lat' dir='ltr'><strong>de</strong></span> <span class='ocrx_word' id='word_1_447' title='bbox 2175 4435 2219 4489; x_wconf 72' lang='grc' dir='ltr'>Ο</span> 
     </span>
    </p>
   </div>
   <div class='ocr_carea' id='block_1_63' title="bbox 505 4480 2143 4552">
    <p class='ocr_par' dir='ltr' id='par_1_63' title="bbox 505 4480 2143 4552">
     <span class='ocr_line' id='line_1_63' title="bbox 505 4480 2143 4552; baseline 0.002 -17"><span class='ocrx_word' id='word_1_448' title='bbox 505 4481 674 4544; x_wconf 69' lang='lat' dir='ltr'><strong>caelo,</strong></span> <span class='ocrx_word' id='word_1_449' title='bbox 704 4480 998 4535; x_wconf 89' lang='lat' dir='ltr'><strong>etfumum</strong></span> <span class='ocrx_word' id='word_1_450' title='bbox 1027 4496 1144 4534; x_wconf 91' lang='lat' dir='ltr'><strong>una</strong></span> <span class='ocrx_word' id='word_1_451' title='bbox 1159 4497 1293 4533; x_wconf 93' lang='lat' dir='ltr'><strong>cum</strong></span> <span class='ocrx_word' id='word_1_452' title='bbox 1319 4481 1454 4550; x_wconf 87' lang='lat' dir='ltr'><strong>igne</strong></span> <span class='ocrx_word' id='word_1_453' title='bbox 1472 4481 1628 4535; x_wconf 89' lang='lat' dir='ltr'><strong>foras</strong></span> <span class='ocrx_word' id='word_1_454' title='bbox 1653 4483 1925 4547; x_wconf 81' lang='lat' dir='ltr'><strong>excussit,</strong></span> <span class='ocrx_word' id='word_1_455' title='bbox 1951 4499 2143 4552; x_wconf 90' lang='lat' dir='ltr'><strong>neque</strong></span> 
     </span>
    </p>
   </div>
   <div class='ocr_carea' id='block_1_64' title="bbox 505 4567 2143 4640">
    <p class='ocr_par' dir='ltr' id='par_1_64' title="bbox 505 4567 2143 4640">
     <span class='ocr_line' id='line_1_64' title="bbox 505 4567 2143 4640; baseline 0.002 -18"><span class='ocrx_word' id='word_1_456' title='bbox 505 4567 774 4639; x_wconf 89' lang='lat' dir='ltr'><strong>permisit</strong></span> <span class='ocrx_word' id='word_1_457' title='bbox 821 4574 1052 4622; x_wconf 89' lang='lat' dir='ltr'><strong>sanctos</strong></span> <span class='ocrx_word' id='word_1_458' title='bbox 1108 4574 1391 4638; x_wconf 89' lang='lat' dir='ltr'><strong>martyres</strong></span> <span class='ocrx_word' id='word_1_459' title='bbox 1423 4568 1511 4623; x_wconf 91' lang='lat' dir='ltr'><strong>vel</strong></span> <span class='ocrx_word' id='word_1_460' title='bbox 1544 4570 1850 4639; x_wconf 89' lang='lat' dir='ltr'><strong>paululum</strong></span> <span class='ocrx_word' id='word_1_461' title='bbox 1891 4571 1969 4625; x_wconf 89' lang='lat' dir='ltr'><strong>ab</strong></span> <span class='ocrx_word' id='word_1_462' title='bbox 2007 4572 2143 4640; x_wconf 89' lang='lat' dir='ltr'><strong>igne</strong></span> 
     </span>
    </p>
   </div>
   <div class='ocr_carea' id='block_1_65' title="bbox 503 4655 2121 4728">
    <p class='ocr_par' dir='ltr' id='par_1_65' title="bbox 503 4655 2121 4728">
     <span class='ocr_line' id='line_1_65' title="bbox 503 4655 2121 4728; baseline 0.002 -18"><span class='ocrx_word' id='word_1_463' title='bbox 503 4656 852 4728; x_wconf 83' lang='lat' dir='ltr'><strong>perturbari.</strong></span> <span class='ocrx_word' id='word_1_464' title='bbox 880 4655 1125 4712; x_wconf 89' lang='lat' dir='ltr'><strong>Stabant</strong></span> <span class='ocrx_word' id='word_1_465' title='bbox 1155 4657 1350 4728; x_wconf 89' lang='lat' dir='ltr'><strong>itaque</strong></span> <span class='ocrx_word' id='word_1_466' title='bbox 1383 4659 1438 4710; x_wconf 92' lang='lat' dir='ltr'><strong>in</strong></span> <span class='ocrx_word' id='word_1_467' title='bbox 1474 4656 1644 4712; x_wconf 91' lang='lat' dir='ltr'><strong>fovea</strong></span> <span class='ocrx_word' id='word_1_468' title='bbox 1675 4657 1771 4712; x_wconf 91' lang='lat' dir='ltr'><strong>illa</strong></span> <span class='ocrx_word' id='word_1_469' title='bbox 1815 4658 1987 4713; x_wconf 89' lang='lat' dir='ltr'><strong>rectis</strong></span> <span class='ocrx_word' id='word_1_470' title='bbox 2019 4676 2121 4714; x_wconf 91' lang='lat' dir='ltr'><strong>cor</strong></span> 
     </span>
    </p>
   </div>
   <div class='ocr_carea' id='block_1_66' title="bbox 502 4743 2144 4816">
    <p class='ocr_par' dir='ltr' id='par_1_66' title="bbox 502 4743 2144 4816">
     <span class='ocr_line' id='line_1_66' title="bbox 502 4743 2144 4816; baseline 0.002 -17"><span class='ocrx_word' id='word_1_471' title='bbox 502 4745 766 4816; x_wconf 88' lang='lat' dir='ltr'><strong>poribus,</strong></span> <span class='ocrx_word' id='word_1_472' title='bbox 811 4743 1047 4799; x_wconf 91' lang='lat' dir='ltr'><strong>divinas</strong></span> <span class='ocrx_word' id='word_1_473' title='bbox 1103 4744 1312 4799; x_wconf 87' lang='lat' dir='ltr'><strong>laudes</strong></span> <span class='ocrx_word' id='word_1_474' title='bbox 1345 4745 1703 4815; x_wconf 87' lang='lat' dir='ltr'><strong>proferentes</strong></span> <span class='ocrx_word' id='word_1_475' title='bbox 1734 4746 1792 4800; x_wconf 91' lang='lat' dir='ltr'><strong>in</strong></span> <span class='ocrx_word' id='word_1_476' title='bbox 1837 4747 1990 4802; x_wconf 92' lang='lat' dir='ltr'><strong>hanc</strong></span> <span class='ocrx_word' id='word_1_477' title='bbox 2015 4764 2144 4803; x_wconf 84' lang='lat' dir='ltr'><strong>sen-</strong></span> 
     </span>
    </p>
   </div>
   <div class='ocr_carea' id='block_1_67' title="bbox 501 4831 2145 4898">
    <p class='ocr_par' dir='ltr' id='par_1_67' title="bbox 501 4831 2145 4898">
     <span class='ocr_line' id='line_1_67' title="bbox 501 4831 2145 4898; baseline 0.003 -12"><span class='ocrx_word' id='word_1_478' title='bbox 501 4831 746 4886; x_wconf 90' lang='lat' dir='ltr'><strong>tentiam</strong></span> <span class='ocrx_word' id='word_1_479' title='bbox 778 4849 789 4883; x_wconf 90' lang='lat'><strong>:</strong></span> <span class='ocrx_word' id='word_1_480' title='bbox 823 4831 1164 4886; x_wconf 89' lang='lat' dir='ltr'><strong>Benedictas</strong></span> <span class='ocrx_word' id='word_1_481' title='bbox 1193 4849 1274 4898; x_wconf 91' lang='lat' dir='ltr'><strong>es,</strong></span> <span class='ocrx_word' id='word_1_482' title='bbox 1307 4832 1550 4886; x_wconf 90' lang='lat' dir='ltr'><strong>Domine</strong></span> <span class='ocrx_word' id='word_1_483' title='bbox 1575 4835 1724 4887; x_wconf 90' lang='lat' dir='ltr'><strong>Deus</strong></span> <span class='ocrx_word' id='word_1_484' title='bbox 1757 4837 1866 4890; x_wconf 84' lang='lat' dir='ltr'><strong>Rex</strong></span> <span class='ocrx_word' id='word_1_485' title='bbox 1896 4836 2145 4891; x_wconf 66' lang='lat' dir='ltr'><strong>saeculo-</strong></span> 
     </span>
    </p>
   </div>
   <div class='ocr_carea' id='block_1_68' title="bbox 499 4920 2141 4995">
    <p class='ocr_par' dir='ltr' id='par_1_68' title="bbox 499 4920 2141 4995">
     <span class='ocr_line' id='line_1_68' title="bbox 499 4920 2141 4995; baseline 0.004 -21"><span class='ocrx_word' id='word_1_486' title='bbox 499 4937 654 4985; x_wconf 88' lang='lat' dir='ltr'><strong>rum,</strong></span> <span class='ocrx_word' id='word_1_487' title='bbox 682 4920 784 4992; x_wconf 88' lang='lat' dir='ltr'><strong>qui</strong></span> <span class='ocrx_word' id='word_1_488' title='bbox 809 4936 1036 4974; x_wconf 90' lang='lat' dir='ltr'><strong>memor</strong></span> <span class='ocrx_word' id='word_1_489' title='bbox 1069 4920 1224 4974; x_wconf 85' lang='lat' dir='ltr'><strong>fuisti</strong></span> <span class='ocrx_word' id='word_1_490' title='bbox 1279 4921 1623 4975; x_wconf 89' lang='lat' dir='ltr'><strong>humilitatis</strong></span> <span class='ocrx_word' id='word_1_491' title='bbox 1656 4929 1873 4979; x_wconf 71' lang='lat' dir='ltr'><strong>nostrae</strong></span> <span class='ocrx_word' id='word_1_492' title='bbox 1911 4931 1967 4978; x_wconf 89' lang='lat' dir='ltr'><strong>et</strong></span> <span class='ocrx_word' id='word_1_493' title='bbox 1999 4941 2141 4995; x_wconf 65' lang='lat' dir='ltr'><strong>prae-</strong></span> 
     </span>
    </p>
   </div>
   <div class='ocr_carea' id='block_1_69' title="bbox 499 5007 2144 5082">
    <p class='ocr_par' dir='ltr' id='par_1_69' title="bbox 499 5007 2144 5082">
     <span class='ocr_line' id='line_1_69' title="bbox 499 5007 2144 5082; baseline 0.003 -19"><span class='ocrx_word' id='word_1_494' title='bbox 499 5009 688 5063; x_wconf 90' lang='lat' dir='ltr'><strong>sentia</strong></span> <span class='ocrx_word' id='word_1_495' title='bbox 715 5013 813 5062; x_wconf 89' lang='lat' dir='ltr'><strong>tua</strong></span> <span class='ocrx_word' id='word_1_496' title='bbox 838 5008 991 5075; x_wconf 90' lang='lat' dir='ltr'><strong>ignis</strong></span> <span class='ocrx_word' id='word_1_497' title='bbox 1023 5007 1332 5062; x_wconf 88' lang='lat' dir='ltr'><strong>ﬂammam</strong></span> <span class='ocrx_word' id='word_1_498' title='bbox 1366 5009 1692 5064; x_wconf 86' lang='lat' dir='ltr'><strong>exstinxisti</strong></span> <span class='ocrx_word' id='word_1_499' title='bbox 1720 5018 1960 5082; x_wconf 89' lang='lat' dir='ltr'><strong>propter</strong></span> <span class='ocrx_word' id='word_1_500' title='bbox 1977 5013 2144 5068; x_wconf 89' lang='lat' dir='ltr'><strong>boni-</strong></span> 
     </span>
    </p>
   </div>
   <div class='ocr_carea' id='block_1_70' title="bbox 500 5096 2143 5167">
    <p class='ocr_par' dir='ltr' id='par_1_70' title="bbox 500 5096 2143 5167">
     <span class='ocr_line' id='line_1_70' title="bbox 500 5096 2143 5167; baseline 0.005 -18"><span class='ocrx_word' id='word_1_501' title='bbox 500 5101 676 5150; x_wconf 90' lang='lat' dir='ltr'><strong>tatem</strong></span> <span class='ocrx_word' id='word_1_502' title='bbox 699 5103 1022 5167; x_wconf 74' lang='lat' dir='ltr'><strong>tuam,quse</strong></span> <span class='ocrx_word' id='word_1_503' title='bbox 1041 5096 1178 5150; x_wconf 89' lang='lat' dir='ltr'><strong>facit</strong></span> <span class='ocrx_word' id='word_1_504' title='bbox 1193 5101 1250 5150; x_wconf 93' lang='lat' dir='ltr'><strong>ut</strong></span> <span class='ocrx_word' id='word_1_505' title='bbox 1267 5102 1507 5166; x_wconf 90' lang='lat' dir='ltr'><strong>peccata</strong></span> <span class='ocrx_word' id='word_1_506' title='bbox 1522 5105 1721 5153; x_wconf 90' lang='lat' dir='ltr'><strong>nostra</strong></span> <span class='ocrx_word' id='word_1_507' title='bbox 1741 5115 1857 5154; x_wconf 90' lang='lat' dir='ltr'><strong>non</strong></span> <span class='ocrx_word' id='word_1_508' title='bbox 1876 5104 2143 5158; x_wconf 88' lang='lat' dir='ltr'><strong>recorde-</strong></span> 
     </span>
    </p>
   </div>
   <div class='ocr_carea' id='block_1_71' title="bbox 499 5184 2143 5260">
    <p class='ocr_par' dir='ltr' id='par_1_71' title="bbox 499 5184 2143 5260">
     <span class='ocr_line' id='line_1_71' title="bbox 499 5184 2143 5260; baseline 0.005 -24"><span class='ocrx_word' id='word_1_509' title='bbox 499 5184 685 5239; x_wconf 90' lang='lat' dir='ltr'><strong>ris.Tu</strong></span> <span class='ocrx_word' id='word_1_510' title='bbox 704 5199 812 5237; x_wconf 93' lang='lat' dir='ltr'><strong>nos</strong></span> <span class='ocrx_word' id='word_1_511' title='bbox 828 5184 1326 5254; x_wconf 89' lang='lat' dir='ltr'><strong>indignos,salvos</strong></span> <span class='ocrx_word' id='word_1_512' title='bbox 1343 5192 1517 5256; x_wconf 91' lang='lat' dir='ltr'><strong>atque</strong></span> <span class='ocrx_word' id='word_1_513' title='bbox 1534 5185 1865 5243; x_wconf 89' lang='lat' dir='ltr'><strong>incolumes</strong></span> <span class='ocrx_word' id='word_1_514' title='bbox 1882 5190 2143 5260; x_wconf 89' lang='lat' dir='ltr'><strong>eripuisti</strong></span> 
     </span>
    </p>
   </div>
   <div class='ocr_carea' id='block_1_72' title="bbox 499 5270 2144 5348">
    <p class='ocr_par' dir='ltr' id='par_1_72' title="bbox 499 5270 2144 5348">
     <span class='ocr_line' id='line_1_72' title="bbox 499 5270 2144 5348; baseline 0.004 -22"><span class='ocrx_word' id='word_1_515' title='bbox 499 5287 534 5326; x_wconf 91' lang='lat' dir='ltr'><strong>a</strong></span> <span class='ocrx_word' id='word_1_516' title='bbox 557 5270 1009 5341; x_wconf 88' lang='lat' dir='ltr'><strong>cogitationibus</strong></span> <span class='ocrx_word' id='word_1_517' title='bbox 1038 5272 1272 5343; x_wconf 89' lang='lat' dir='ltr'><strong>tyranni</strong></span> <span class='ocrx_word' id='word_1_518' title='bbox 1296 5273 1613 5338; x_wconf 87' lang='lat' dir='ltr'><strong>Aureliani,</strong></span> <span class='ocrx_word' id='word_1_519' title='bbox 1641 5276 1738 5347; x_wconf 91' lang='lat' dir='ltr'><strong>qui</strong></span> <span class='ocrx_word' id='word_1_520' title='bbox 1759 5292 1868 5331; x_wconf 92' lang='lat' dir='ltr'><strong>suo</strong></span> <span class='ocrx_word' id='word_1_521' title='bbox 1895 5278 2144 5348; x_wconf 88' lang='lat' dir='ltr'><strong>imperio</strong></span> 
     </span>
    </p>
   </div>
   <div class='ocr_carea' id='block_1_73' title="bbox 498 5358 2139 5432">
    <p class='ocr_par' dir='ltr' id='par_1_73' title="bbox 498 5358 2139 5432">
     <span class='ocr_line' id='line_1_73' title="bbox 498 5358 2139 5432; baseline 0.005 -20"><span class='ocrx_word' id='word_1_522' title='bbox 498 5358 577 5414; x_wconf 91' lang='lat' dir='ltr'><strong>ita</strong></span> <span class='ocrx_word' id='word_1_523' title='bbox 629 5359 986 5425; x_wconf 87' lang='lat' dir='ltr'><strong>intumescit,</strong></span> <span class='ocrx_word' id='word_1_524' title='bbox 1063 5361 1234 5432; x_wconf 91' lang='lat' dir='ltr'><strong>quasi</strong></span> <span class='ocrx_word' id='word_1_525' title='bbox 1309 5361 1540 5418; x_wconf 89' lang='lat' dir='ltr'><strong>futurus</strong></span> <span class='ocrx_word' id='word_1_526' title='bbox 1615 5365 1688 5418; x_wconf 87' lang='lat' dir='ltr'><strong>sit</strong></span> <span class='ocrx_word' id='word_1_527' title='bbox 1768 5363 2139 5422; x_wconf 84' lang='lat' dir='ltr'><strong>immortalis.</strong></span> 
     </span>
    </p>
   </div>
   <div class='ocr_carea' id='block_1_74' title="bbox 565 5545 1061 5612">
    <p class='ocr_par' dir='ltr' id='par_1_74' title="bbox 565 5545 1061 5612">
     <span class='ocr_line' id='line_1_74' title="bbox 565 5545 1061 5612; baseline 0.014 -14"><span class='ocrx_word' id='word_1_528' title='bbox 565 5549 590 5586; x_wconf 71' lang='grc' dir='ltr'><strong><em>ι</em></strong></span> <span class='ocrx_word' id='word_1_529' title='bbox 620 5545 768 5604; x_wconf 90' lang='lat' dir='ltr'><strong>Psal.</strong></span> <span class='ocrx_word' id='word_1_530' title='bbox 791 5561 940 5612; x_wconf 79' lang='lat' dir='ltr'><strong>Lxxi,</strong></span> <span class='ocrx_word' id='word_1_531' title='bbox 977 5550 1061 5605; x_wconf 88' lang='grc'><strong>18.</strong></span> 
     </span>
    </p>
   </div>
   <div class='ocr_carea' id='block_1_75' title="bbox 2261 1828 3909 1898">
    <p class='ocr_par' dir='ltr' id='par_1_75' title="bbox 2261 1828 3909 1898">
     <span class='ocr_line' id='line_1_75' title="bbox 2261 1828 3909 1898; baseline -0.003 -9"><span class='ocrx_word' id='word_1_532' title='bbox 2261 1834 2417 1889; x_wconf 88' lang='lat' dir='ltr'><strong>misit</strong></span> <span class='ocrx_word' id='word_1_533' title='bbox 2441 1831 2809 1892; x_wconf 78' lang='lat' dir='ltr'><strong>Aurelianus,</strong></span> <span class='ocrx_word' id='word_1_534' title='bbox 2845 1836 2901 1884; x_wconf 93' lang='lat' dir='ltr'><strong>et</strong></span> <span class='ocrx_word' id='word_1_535' title='bbox 2939 1829 3114 1898; x_wconf 89' lang='lat' dir='ltr'><strong>jussit</strong></span> <span class='ocrx_word' id='word_1_536' title='bbox 3137 1828 3388 1882; x_wconf 92' lang='lat' dir='ltr'><strong>athletas</strong></span> <span class='ocrx_word' id='word_1_537' title='bbox 3415 1835 3467 1882; x_wconf 93' lang='lat' dir='ltr'><strong>et</strong></span> <span class='ocrx_word' id='word_1_538' title='bbox 3508 1828 3715 1884; x_wconf 89' lang='lat' dir='ltr'><strong>Christi</strong></span> <span class='ocrx_word' id='word_1_539' title='bbox 3745 1846 3909 1884; x_wconf 83' lang='lat' dir='ltr'><strong>mar-</strong></span> 
     </span>
    </p>
   </div>
   <div class='ocr_carea' id='block_1_76' title="bbox 2259 1917 3906 1993">
    <p class='ocr_par' dir='ltr' id='par_1_76' title="bbox 2259 1917 3906 1993">
     <span class='ocr_line' id='line_1_76' title="bbox 2259 1917 3906 1993; baseline -0.002 -17"><span class='ocrx_word' id='word_1_540' title='bbox 2259 1930 2415 1993; x_wconf 88' lang='lat' dir='ltr'><strong>tyres</strong></span> <span class='ocrx_word' id='word_1_541' title='bbox 2448 1937 2512 1975; x_wconf 84' lang='lat' dir='ltr'><strong>ex</strong></span> <span class='ocrx_word' id='word_1_542' title='bbox 2547 1919 2720 1974; x_wconf 88' lang='lat' dir='ltr'><strong>fovea</strong></span> <span class='ocrx_word' id='word_1_543' title='bbox 2747 1917 2844 1972; x_wconf 92' lang='lat' dir='ltr'><strong>illa</strong></span> <span class='ocrx_word' id='word_1_544' title='bbox 2875 1917 3120 1980; x_wconf 86' lang='lat' dir='ltr'><strong>extrahi,</strong></span> <span class='ocrx_word' id='word_1_545' title='bbox 3150 1922 3207 1971; x_wconf 91' lang='lat' dir='ltr'><strong>et</strong></span> <span class='ocrx_word' id='word_1_546' title='bbox 3235 1917 3292 1971; x_wconf 89' lang='lat' dir='ltr'><strong>in</strong></span> <span class='ocrx_word' id='word_1_547' title='bbox 3326 1933 3622 1972; x_wconf 88' lang='lat' dir='ltr'><strong>carcerem</strong></span> <span class='ocrx_word' id='word_1_548' title='bbox 3665 1918 3906 1988; x_wconf 88' lang='lat' dir='ltr'><strong>conjici.</strong></span> 
     </span>
    </p>
   </div>
   <div class='ocr_carea' id='block_1_77' title="bbox 2259 2005 3907 2080">
    <p class='ocr_par' dir='ltr' id='par_1_77' title="bbox 2259 2005 3907 2080">
     <span class='ocr_line' id='line_1_77' title="bbox 2259 2005 3907 2080; baseline -0.004 -14"><span class='ocrx_word' id='word_1_549' title='bbox 2259 2013 2458 2080; x_wconf 92' lang='lat' dir='ltr'><strong>Itaque</strong></span> <span class='ocrx_word' id='word_1_550' title='bbox 2489 2007 2674 2062; x_wconf 91' lang='lat' dir='ltr'><strong>sancti</strong></span> <span class='ocrx_word' id='word_1_551' title='bbox 2735 2012 3025 2077; x_wconf 88' lang='lat' dir='ltr'><strong>martyres</strong></span> <span class='ocrx_word' id='word_1_552' title='bbox 3053 2005 3148 2060; x_wconf 89' lang='lat' dir='ltr'><strong>Dei</strong></span> <span class='ocrx_word' id='word_1_553' title='bbox 3199 2005 3449 2072; x_wconf 91' lang='lat' dir='ltr'><strong>gloriam</strong></span> <span class='ocrx_word' id='word_1_554' title='bbox 3475 2005 3804 2062; x_wconf 88' lang='lat' dir='ltr'><strong>laudabant</strong></span> <span class='ocrx_word' id='word_1_555' title='bbox 3843 2007 3907 2061; x_wconf 92' lang='lat' dir='ltr'><strong>in</strong></span> 
     </span>
    </p>
   </div>
   <div class='ocr_carea' id='block_1_78' title="bbox 2257 2094 3905 2165">
    <p class='ocr_par' dir='ltr' id='par_1_78' title="bbox 2257 2094 3905 2165">
     <span class='ocr_line' id='line_1_78' title="bbox 2257 2094 3905 2165; baseline -0.003 -10"><span class='ocrx_word' id='word_1_556' title='bbox 2257 2098 2536 2155; x_wconf 89' lang='lat' dir='ltr'><strong>omnibus</strong></span> <span class='ocrx_word' id='word_1_557' title='bbox 2565 2096 2675 2160; x_wconf 89' lang='lat' dir='ltr'><strong>his,</strong></span> <span class='ocrx_word' id='word_1_558' title='bbox 2732 2111 2860 2165; x_wconf 65' lang='lat' dir='ltr'><strong>quae</strong></span> <span class='ocrx_word' id='word_1_559' title='bbox 2910 2098 3061 2149; x_wconf 90' lang='lat' dir='ltr'><strong>Deus</strong></span> <span class='ocrx_word' id='word_1_560' title='bbox 3112 2095 3238 2164; x_wconf 92' lang='lat' dir='ltr'><strong>ipse</strong></span> <span class='ocrx_word' id='word_1_561' title='bbox 3291 2094 3636 2150; x_wconf 89' lang='lat' dir='ltr'><strong>mirabiliter</strong></span> <span class='ocrx_word' id='word_1_562' title='bbox 3664 2095 3905 2151; x_wconf 88' lang='lat' dir='ltr'><strong>illorum</strong></span> 
     </span>
    </p>
   </div>
   <div class='ocr_carea' id='block_1_79' title="bbox 2257 2182 3908 2252">
    <p class='ocr_par' dir='ltr' id='par_1_79' title="bbox 2257 2182 3908 2252">
     <span class='ocr_line' id='line_1_79' title="bbox 2257 2182 3908 2252; baseline -0.002 -10"><span class='ocrx_word' id='word_1_563' title='bbox 2257 2202 2440 2242; x_wconf 90' lang='lat' dir='ltr'><strong>causa</strong></span> <span class='ocrx_word' id='word_1_564' title='bbox 2480 2185 2709 2239; x_wconf 89' lang='lat' dir='ltr'><strong>fecerat.</strong></span> <span class='ocrx_word' id='word_1_565' title='bbox 2745 2183 3008 2252; x_wconf 77' lang='lat' dir='ltr'><strong>Septimo</strong></span> <span class='ocrx_word' id='word_1_566' title='bbox 3048 2182 3140 2236; x_wconf 88' lang='lat' dir='ltr'><strong>die</strong></span> <span class='ocrx_word' id='word_1_567' title='bbox 3181 2189 3386 2250; x_wconf 87' lang='lat' dir='ltr'><strong>postea</strong></span> <span class='ocrx_word' id='word_1_568' title='bbox 3416 2183 3678 2238; x_wconf 89' lang='lat' dir='ltr'><strong>diluculo</strong></span> <span class='ocrx_word' id='word_1_569' title='bbox 3718 2190 3908 2238; x_wconf 79' lang='lat' dir='ltr'><strong>Aure-</strong></span> 
     </span>
    </p>
   </div>
   <div class='ocr_carea' id='block_1_80' title="bbox 2256 2270 3909 2341">
    <p class='ocr_par' dir='ltr' id='par_1_80' title="bbox 2256 2270 3909 2341">
     <span class='ocr_line' id='line_1_80' title="bbox 2256 2270 3909 2341; baseline -0.002 -11"><span class='ocrx_word' id='word_1_570' title='bbox 2256 2276 2452 2330; x_wconf 90' lang='lat' dir='ltr'><strong>lianus</strong></span> <span class='ocrx_word' id='word_1_571' title='bbox 2481 2273 2628 2328; x_wconf 85' lang='lat' dir='ltr'><strong>sedit</strong></span> <span class='ocrx_word' id='word_1_572' title='bbox 2659 2271 2719 2326; x_wconf 92' lang='lat' dir='ltr'><strong>in</strong></span> <span class='ocrx_word' id='word_1_573' title='bbox 2745 2270 3033 2335; x_wconf 88' lang='lat' dir='ltr'><strong>tribunali,</strong></span> <span class='ocrx_word' id='word_1_574' title='bbox 3059 2271 3302 2341; x_wconf 90' lang='lat' dir='ltr'><strong>etjussit</strong></span> <span class='ocrx_word' id='word_1_575' title='bbox 3322 2271 3660 2327; x_wconf 89' lang='lat' dir='ltr'><strong>sacerdotes</strong></span> <span class='ocrx_word' id='word_1_576' title='bbox 3693 2272 3909 2327; x_wconf 78' lang='lat' dir='ltr'><strong>afferre</strong></span> 
     </span>
    </p>
   </div>
   <div class='ocr_carea' id='block_1_81' title="bbox 2257 2359 3910 2436">
    <p class='ocr_par' dir='ltr' id='par_1_81' title="bbox 2257 2359 3910 2436">
     <span class='ocr_line' id='line_1_81' title="bbox 2257 2359 3910 2436; baseline -0.002 -17"><span class='ocrx_word' id='word_1_577' title='bbox 2257 2369 2640 2436; x_wconf 83' lang='lat' dir='ltr'><strong>quotcunque</strong></span> <span class='ocrx_word' id='word_1_578' title='bbox 2654 2359 2811 2415; x_wconf 91' lang='lat' dir='ltr'><strong>idola</strong></span> <span class='ocrx_word' id='word_1_579' title='bbox 2825 2359 3128 2414; x_wconf 88' lang='lat' dir='ltr'><strong>habebant</strong></span> <span class='ocrx_word' id='word_1_580' title='bbox 3141 2366 3388 2428; x_wconf 86' lang='lat' dir='ltr'><strong>argento</strong></span> <span class='ocrx_word' id='word_1_581' title='bbox 3401 2365 3456 2414; x_wconf 92' lang='lat' dir='ltr'><strong>et</strong></span> <span class='ocrx_word' id='word_1_582' title='bbox 3469 2376 3615 2415; x_wconf 92' lang='lat' dir='ltr'><strong>auro</strong></span> <span class='ocrx_word' id='word_1_583' title='bbox 3634 2361 3910 2416; x_wconf 87' lang='lat' dir='ltr'><strong>confecta</strong></span> 
     </span>
    </p>
   </div>
   <div class='ocr_carea' id='block_1_82' title="bbox 2257 2447 3906 2523">
    <p class='ocr_par' dir='ltr' id='par_1_82' title="bbox 2257 2447 3906 2523">
     <span class='ocr_line' id='line_1_82' title="bbox 2257 2447 3906 2523; baseline -0.002 -15"><span class='ocrx_word' id='word_1_584' title='bbox 2257 2469 2326 2508; x_wconf 89' lang='lat' dir='ltr'><strong>ac</strong></span> <span class='ocrx_word' id='word_1_585' title='bbox 2344 2451 2613 2523; x_wconf 89' lang='lat' dir='ltr'><strong>pretiosis</strong></span> <span class='ocrx_word' id='word_1_586' title='bbox 2644 2448 2938 2520; x_wconf 88' lang='lat' dir='ltr'><strong>lapidibus</strong></span> <span class='ocrx_word' id='word_1_587' title='bbox 2982 2453 3213 2503; x_wconf 88' lang='lat' dir='ltr'><strong>ornata.</strong></span> <span class='ocrx_word' id='word_1_588' title='bbox 3248 2447 3389 2514; x_wconf 67' lang='lat' dir='ltr'><strong>Quae</strong></span> <span class='ocrx_word' id='word_1_589' title='bbox 3413 2450 3748 2504; x_wconf 91' lang='lat' dir='ltr'><strong>sacerdotes</strong></span> <span class='ocrx_word' id='word_1_590' title='bbox 3788 2450 3906 2521; x_wconf 91' lang='lat' dir='ltr'><strong>ipsi</strong></span> 
     </span>
    </p>
   </div>
   <div class='ocr_carea' id='block_1_83' title="bbox 2262 2537 3905 2608">
    <p class='ocr_par' dir='ltr' id='par_1_83' title="bbox 2262 2537 3905 2608">
     <span class='ocr_line' id='line_1_83' title="bbox 2262 2537 3905 2608; baseline -0.001 -12"><span class='ocrx_word' id='word_1_591' title='bbox 2262 2558 2399 2596; x_wconf 88' lang='lat' dir='ltr'><strong>mox</strong></span> <span class='ocrx_word' id='word_1_592' title='bbox 2458 2541 2514 2594; x_wconf 93' lang='lat' dir='ltr'><strong>in</strong></span> <span class='ocrx_word' id='word_1_593' title='bbox 2547 2545 2865 2608; x_wconf 88' lang='lat' dir='ltr'><strong>conspectu</strong></span> <span class='ocrx_word' id='word_1_594' title='bbox 2918 2537 3214 2591; x_wconf 81' lang='lat' dir='ltr'><strong>Aureliani</strong></span> <span class='ocrx_word' id='word_1_595' title='bbox 3280 2538 3729 2604; x_wconf 89' lang='lat' dir='ltr'><strong>constituerunt,</strong></span> <span class='ocrx_word' id='word_1_596' title='bbox 3763 2556 3905 2595; x_wconf 90' lang='lat' dir='ltr'><strong>cum</strong></span> 
     </span>
    </p>
   </div>
   <div class='ocr_carea' id='block_1_84' title="bbox 2259 2625 3901 2696">
    <p class='ocr_par' dir='ltr' id='par_1_84' title="bbox 2259 2625 3901 2696">
     <span class='ocr_line' id='line_1_84' title="bbox 2259 2625 3901 2696; baseline -0.001 -12"><span class='ocrx_word' id='word_1_597' title='bbox 2259 2631 2605 2684; x_wconf 88' lang='lat' dir='ltr'><strong>stravissent</strong></span> <span class='ocrx_word' id='word_1_598' title='bbox 2635 2626 2748 2681; x_wconf 88' lang='lat' dir='ltr'><strong>sub</strong></span> <span class='ocrx_word' id='word_1_599' title='bbox 2777 2627 2904 2696; x_wconf 87' lang='lat' dir='ltr'><strong>ejus</strong></span> <span class='ocrx_word' id='word_1_600' title='bbox 2954 2625 3206 2696; x_wconf 92' lang='lat' dir='ltr'><strong>pedibus</strong></span> <span class='ocrx_word' id='word_1_601' title='bbox 3238 2642 3562 2696; x_wconf 89' lang='lat' dir='ltr'><strong>purpuram</strong></span> <span class='ocrx_word' id='word_1_602' title='bbox 3619 2627 3901 2696; x_wconf 87' lang='lat' dir='ltr'><strong>regalem.</strong></span> 
     </span>
    </p>
   </div>
   <div class='ocr_carea' id='block_1_85' title="bbox 2257 2715 3902 2784">
    <p class='ocr_par' dir='ltr' id='par_1_85' title="bbox 2257 2715 3902 2784">
     <span class='ocr_line' id='line_1_85' title="bbox 2257 2715 3902 2784; baseline -0.001 -9"><span class='ocrx_word' id='word_1_603' title='bbox 2257 2723 2401 2775; x_wconf 88' lang='lat' dir='ltr'><strong>Tum</strong></span> <span class='ocrx_word' id='word_1_604' title='bbox 2433 2715 2824 2773; x_wconf 81' lang='lat' dir='ltr'><strong>Aurelianus:</strong></span> <span class='ocrx_word' id='word_1_605' title='bbox 2862 2717 3093 2776; x_wconf 89' lang='lat' dir='ltr'><strong>Vocate,</strong></span> <span class='ocrx_word' id='word_1_606' title='bbox 3124 2715 3327 2784; x_wconf 90' lang='lat' dir='ltr'><strong>inquit,</strong></span> <span class='ocrx_word' id='word_1_607' title='bbox 3367 2715 3613 2770; x_wconf 89' lang='lat' dir='ltr'><strong>Paulum</strong></span> <span class='ocrx_word' id='word_1_608' title='bbox 3642 2723 3698 2772; x_wconf 93' lang='lat' dir='ltr'><strong>et</strong></span> <span class='ocrx_word' id='word_1_609' title='bbox 3722 2718 3902 2773; x_wconf 83' lang='lat' dir='ltr'><strong>Julia-</strong></span> 
     </span>
    </p>
   </div>
   <div class='ocr_carea' id='block_1_86' title="bbox 2259 2803 3900 2872">
    <p class='ocr_par' dir='ltr' id='par_1_86' title="bbox 2259 2803 3900 2872">
     <span class='ocr_line' id='line_1_86' title="bbox 2259 2803 3900 2872; baseline -0.002 -9"><span class='ocrx_word' id='word_1_610' title='bbox 2259 2824 2419 2863; x_wconf 91' lang='lat' dir='ltr'><strong>nam.</strong></span> <span class='ocrx_word' id='word_1_611' title='bbox 2450 2809 2608 2871; x_wconf 88' lang='lat' dir='ltr'><strong>Quos</strong></span> <span class='ocrx_word' id='word_1_612' title='bbox 2630 2820 2768 2860; x_wconf 91' lang='lat' dir='ltr'><strong>cum</strong></span> <span class='ocrx_word' id='word_1_613' title='bbox 2792 2803 3033 2857; x_wconf 90' lang='lat' dir='ltr'><strong>vidisset</strong></span> <span class='ocrx_word' id='word_1_614' title='bbox 3055 2809 3190 2857; x_wconf 89' lang='lat' dir='ltr'><strong>ante</strong></span> <span class='ocrx_word' id='word_1_615' title='bbox 3209 2803 3462 2859; x_wconf 89' lang='lat' dir='ltr'><strong>tribunal</strong></span> <span class='ocrx_word' id='word_1_616' title='bbox 3487 2805 3900 2872; x_wconf 86' lang='lat' dir='ltr'><strong>consistentes,</strong></span> 
     </span>
    </p>
   </div>
   <div class='ocr_carea' id='block_1_87' title="bbox 2257 2891 3899 2958">
    <p class='ocr_par' dir='ltr' id='par_1_87' title="bbox 2257 2891 3899 2958">
     <span class='ocr_line' id='line_1_87' title="bbox 2257 2891 3899 2958; baseline -0.001 -6"><span class='ocrx_word' id='word_1_617' title='bbox 2257 2896 2461 2953; x_wconf 89' lang='lat' dir='ltr'><strong>animo</strong></span> <span class='ocrx_word' id='word_1_618' title='bbox 2482 2901 2538 2950; x_wconf 90' lang='lat' dir='ltr'><strong>et</strong></span> <span class='ocrx_word' id='word_1_619' title='bbox 2566 2894 2723 2948; x_wconf 91' lang='lat' dir='ltr'><strong>vultu</strong></span> <span class='ocrx_word' id='word_1_620' title='bbox 2753 2892 2922 2948; x_wconf 89' lang='lat' dir='ltr'><strong>valde</strong></span> <span class='ocrx_word' id='word_1_621' title='bbox 2966 2891 3110 2947; x_wconf 88' lang='lat' dir='ltr'><strong>irato</strong></span> <span class='ocrx_word' id='word_1_622' title='bbox 3139 2891 3248 2946; x_wconf 91' lang='lat' dir='ltr'><strong>illis</strong></span> <span class='ocrx_word' id='word_1_623' title='bbox 3277 2893 3558 2958; x_wconf 91' lang='lat' dir='ltr'><strong>minatus,</strong></span> <span class='ocrx_word' id='word_1_624' title='bbox 3594 2895 3740 2951; x_wconf 92' lang='lat' dir='ltr'><strong>dixit</strong></span> <span class='ocrx_word' id='word_1_625' title='bbox 3773 2912 3786 2950; x_wconf 92' lang='lat'>:</span> <span class='ocrx_word' id='word_1_626' title='bbox 3820 2897 3899 2951; x_wconf 91' lang='lat' dir='ltr'><strong>lte</strong></span> 
     </span>
    </p>
   </div>
   <div class='ocr_carea' id='block_1_88' title="bbox 2257 2980 3896 3049">
    <p class='ocr_par' dir='ltr' id='par_1_88' title="bbox 2257 2980 3896 3049">
     <span class='ocr_line' id='line_1_88' title="bbox 2257 2980 3896 3049; baseline -0.001 -9"><span class='ocrx_word' id='word_1_627' title='bbox 2257 3001 2437 3048; x_wconf 91' lang='lat' dir='ltr'><strong>nunc,</strong></span> <span class='ocrx_word' id='word_1_628' title='bbox 2479 2988 2535 3038; x_wconf 90' lang='lat' dir='ltr'><strong>et</strong></span> <span class='ocrx_word' id='word_1_629' title='bbox 2563 2983 2676 3036; x_wconf 90' lang='lat' dir='ltr'><strong>diis</strong></span> <span class='ocrx_word' id='word_1_630' title='bbox 2727 2980 3054 3037; x_wconf 89' lang='lat' dir='ltr'><strong>sacriﬁcate</strong></span> <span class='ocrx_word' id='word_1_631' title='bbox 3082 2999 3094 3045; x_wconf 94' lang='lat'><strong>;</strong></span> <span class='ocrx_word' id='word_1_632' title='bbox 3128 2981 3310 3035; x_wconf 91' lang='lat' dir='ltr'><strong>nolim</strong></span> <span class='ocrx_word' id='word_1_633' title='bbox 3344 2982 3503 3036; x_wconf 91' lang='lat' dir='ltr'><strong>enim</strong></span> <span class='ocrx_word' id='word_1_634' title='bbox 3536 2984 3896 3049; x_wconf 85' lang='lat' dir='ltr'><strong>existimetis,</strong></span> 
     </span>
    </p>
   </div>
   <div class='ocr_carea' id='block_1_89' title="bbox 2259 3068 3897 3139">
    <p class='ocr_par' dir='ltr' id='par_1_89' title="bbox 2259 3068 3897 3139">
     <span class='ocr_line' id='line_1_89' title="bbox 2259 3068 3897 3139; baseline 0.001 -11"><span class='ocrx_word' id='word_1_635' title='bbox 2259 3090 2470 3130; x_wconf 89' lang='lat' dir='ltr'><strong>manus</strong></span> <span class='ocrx_word' id='word_1_636' title='bbox 2497 3088 2663 3127; x_wconf 89' lang='lat' dir='ltr'><strong>meas</strong></span> <span class='ocrx_word' id='word_1_637' title='bbox 2696 3086 2800 3124; x_wconf 86' lang='lat' dir='ltr'><strong>vos</strong></span> <span class='ocrx_word' id='word_1_638' title='bbox 2823 3085 3125 3124; x_wconf 87' lang='lat' dir='ltr'><strong>evasuros.</strong></span> <span class='ocrx_word' id='word_1_639' title='bbox 3157 3068 3407 3125; x_wconf 81' lang='lat' dir='ltr'><strong>Subrisit</strong></span> <span class='ocrx_word' id='word_1_640' title='bbox 3438 3070 3673 3139; x_wconf 91' lang='lat' dir='ltr'><strong>Paulus,</strong></span> <span class='ocrx_word' id='word_1_641' title='bbox 3703 3078 3758 3128; x_wconf 90' lang='lat' dir='ltr'><strong>et</strong></span> <span class='ocrx_word' id='word_1_642' title='bbox 3782 3075 3859 3128; x_wconf 88' lang='lat' dir='ltr'><strong>ait</strong></span> <span class='ocrx_word' id='word_1_643' title='bbox 3884 3090 3897 3130; x_wconf 94' lang='lat'>:</span> 
     </span>
    </p>
   </div>
   <div class='ocr_carea' id='block_1_90' title="bbox 2256 3158 3893 3232">
    <p class='ocr_par' dir='ltr' id='par_1_90' title="bbox 2256 3158 3893 3232">
     <span class='ocr_line' id='line_1_90' title="bbox 2256 3158 3893 3232; baseline 0 -16"><span class='ocrx_word' id='word_1_644' title='bbox 2256 3163 2596 3232; x_wconf 87' lang='lat' dir='ltr'><strong>Nunquam,</strong></span> <span class='ocrx_word' id='word_1_645' title='bbox 2619 3158 3076 3230; x_wconf 86' lang='lat' dir='ltr'><strong>tyranne,Deum</strong></span> <span class='ocrx_word' id='word_1_646' title='bbox 3097 3163 3367 3212; x_wconf 90' lang='lat' dir='ltr'><strong>nostrum</strong></span> <span class='ocrx_word' id='word_1_647' title='bbox 3388 3158 3893 3231; x_wconf 91' lang='lat' dir='ltr'><strong>derelinquemus,</strong></span> 
     </span>
    </p>
   </div>
   <div class='ocr_carea' id='block_1_91' title="bbox 2256 3245 3887 3323">
    <p class='ocr_par' dir='ltr' id='par_1_91' title="bbox 2256 3245 3887 3323">
     <span class='ocr_line' id='line_1_91' title="bbox 2256 3245 3887 3323; baseline -0.002 -18"><span class='ocrx_word' id='word_1_648' title='bbox 2256 3252 2358 3323; x_wconf 91' lang='lat' dir='ltr'><strong>qui</strong></span> <span class='ocrx_word' id='word_1_649' title='bbox 2404 3249 2621 3304; x_wconf 63' lang='lat' dir='ltr'><strong>coelum</strong></span> <span class='ocrx_word' id='word_1_650' title='bbox 2674 3253 2726 3300; x_wconf 91' lang='lat' dir='ltr'><strong>et</strong></span> <span class='ocrx_word' id='word_1_651' title='bbox 2754 3253 2963 3300; x_wconf 87' lang='lat' dir='ltr'><strong>terram</strong></span> <span class='ocrx_word' id='word_1_652' title='bbox 3015 3245 3225 3300; x_wconf 74' lang='lat' dir='ltr'><strong>eﬂ‘ecit.</strong></span> <span class='ocrx_word' id='word_1_653' title='bbox 3278 3249 3356 3302; x_wconf 80' lang='lat' dir='ltr'><strong>Ne</strong></span> <span class='ocrx_word' id='word_1_654' title='bbox 3407 3253 3574 3317; x_wconf 80' lang='lat' dir='ltr'><strong>putes</strong></span> <span class='ocrx_word' id='word_1_655' title='bbox 3616 3249 3887 3318; x_wconf 87' lang='lat' dir='ltr'><strong>amplius,</strong></span> 
     </span>
    </p>
   </div>
   <div class='ocr_carea' id='block_1_92' title="bbox 2256 3334 3892 3394">
    <p class='ocr_par' dir='ltr' id='par_1_92' title="bbox 2256 3334 3892 3394">
     <span class='ocr_line' id='line_1_92' title="bbox 2256 3334 3892 3394; baseline 0.001 -1"><span class='ocrx_word' id='word_1_656' title='bbox 2256 3339 2427 3393; x_wconf 90' lang='lat' dir='ltr'><strong>idolis</strong></span> <span class='ocrx_word' id='word_1_657' title='bbox 2459 3336 2574 3391; x_wconf 91' lang='lat' dir='ltr'><strong>tuis</strong></span> <span class='ocrx_word' id='word_1_658' title='bbox 2635 3334 2859 3390; x_wconf 91' lang='lat' dir='ltr'><strong>cultum</strong></span> <span class='ocrx_word' id='word_1_659' title='bbox 2910 3350 3018 3389; x_wconf 91' lang='lat' dir='ltr'><strong>nos</strong></span> <span class='ocrx_word' id='word_1_660' title='bbox 3079 3334 3378 3390; x_wconf 88' lang='lat' dir='ltr'><strong>allaturos.</strong></span> <span class='ocrx_word' id='word_1_661' title='bbox 3435 3334 3581 3390; x_wconf 87' lang='lat' dir='ltr'><strong>Tum</strong></span> <span class='ocrx_word' id='word_1_662' title='bbox 3637 3336 3892 3394; x_wconf 83' lang='lat' dir='ltr'><strong>Aurelia-</strong></span> 
     </span>
    </p>
   </div>
   <div class='ocr_carea' id='block_1_93' title="bbox 2256 3423 3894 3494">
    <p class='ocr_par' dir='ltr' id='par_1_93' title="bbox 2256 3423 3894 3494">
     <span class='ocr_line' id='line_1_93' title="bbox 2256 3423 3894 3494; baseline -0.001 -11"><span class='ocrx_word' id='word_1_663' title='bbox 2256 3445 2412 3482; x_wconf 90' lang='lat' dir='ltr'><strong>nus:</strong></span> <span class='ocrx_word' id='word_1_664' title='bbox 2449 3425 2737 3486; x_wconf 89' lang='lat' dir='ltr'><strong>Violenta,</strong></span> <span class='ocrx_word' id='word_1_665' title='bbox 2790 3423 3001 3494; x_wconf 88' lang='lat' dir='ltr'><strong>inquit,</strong></span> <span class='ocrx_word' id='word_1_666' title='bbox 3045 3430 3230 3478; x_wconf 93' lang='lat' dir='ltr'><strong>morte</strong></span> <span class='ocrx_word' id='word_1_667' title='bbox 3286 3423 3499 3493; x_wconf 90' lang='lat' dir='ltr'><strong>dignus</strong></span> <span class='ocrx_word' id='word_1_668' title='bbox 3529 3440 3610 3490; x_wconf 90' lang='lat' dir='ltr'><strong>es,</strong></span> <span class='ocrx_word' id='word_1_669' title='bbox 3654 3425 3894 3482; x_wconf 91' lang='lat' dir='ltr'><strong>ldolane</strong></span> 
     </span>
    </p>
   </div>
   <div class='ocr_carea' id='block_1_94' title="bbox 2256 3511 3888 3585">
    <p class='ocr_par' dir='ltr' id='par_1_94' title="bbox 2256 3511 3888 3585">
     <span class='ocr_line' id='line_1_94' title="bbox 2256 3511 3888 3585; baseline -0.001 -14"><span class='ocrx_word' id='word_1_670' title='bbox 2256 3515 2360 3571; x_wconf 92' lang='lat' dir='ltr'><strong>tibi</strong></span> <span class='ocrx_word' id='word_1_671' title='bbox 2418 3515 2543 3570; x_wconf 66' lang='lat' dir='ltr'><strong>haec</strong></span> <span class='ocrx_word' id='word_1_672' title='bbox 2575 3513 2892 3568; x_wconf 85' lang='lat' dir='ltr'><strong>videntur?</strong></span> <span class='ocrx_word' id='word_1_673' title='bbox 2923 3515 3122 3581; x_wconf 89' lang='lat' dir='ltr'><strong>Neque</strong></span> <span class='ocrx_word' id='word_1_674' title='bbox 3155 3511 3454 3582; x_wconf 90' lang='lat' dir='ltr'><strong>intelligis,</strong></span> <span class='ocrx_word' id='word_1_675' title='bbox 3512 3529 3646 3585; x_wconf 64' lang='lat' dir='ltr'><strong>qua;</strong></span> <span class='ocrx_word' id='word_1_676' title='bbox 3687 3514 3775 3568; x_wconf 90' lang='lat' dir='ltr'><strong>vis</strong></span> <span class='ocrx_word' id='word_1_677' title='bbox 3834 3515 3888 3570; x_wconf 92' lang='lat' dir='ltr'><strong>in</strong></span> 
     </span>
    </p>
   </div>
   <div class='ocr_carea' id='block_1_95' title="bbox 2257 3602 2517 3661">
    <p class='ocr_par' dir='ltr' id='par_1_95' title="bbox 2257 3602 2517 3661">
     <span class='ocr_line' id='line_1_95' title="bbox 2257 3602 2517 3661; baseline -0.015 0"><span class='ocrx_word' id='word_1_678' title='bbox 2257 3605 2368 3661; x_wconf 84' lang='lat' dir='ltr'><strong>illis</strong></span> <span class='ocrx_word' id='word_1_679' title='bbox 2392 3604 2466 3658; x_wconf 90' lang='lat' dir='ltr'><strong>sit</strong></span> <span class='ocrx_word' id='word_1_680' title='bbox 2489 3602 2517 3657; x_wconf 74' lang='lat' dir='ltr'><strong>‘f</strong></span> 
     </span>
    </p>
   </div>
   <div class='ocr_carea' id='block_1_96' title="bbox 2323 3689 3889 3760">
    <p class='ocr_par' dir='ltr' id='par_1_96' title="bbox 2323 3689 3889 3760">
     <span class='ocr_line' id='line_1_96' title="bbox 2323 3689 3889 3760; baseline -0.001 -12"><span class='ocrx_word' id='word_1_681' title='bbox 2323 3693 2451 3749; x_wconf 85' lang='lat' dir='ltr'><strong>XXI.</strong></span> <span class='ocrx_word' id='word_1_682' title='bbox 2495 3692 2570 3746; x_wconf 90' lang='lat' dir='ltr'><strong>ad</strong></span> <span class='ocrx_word' id='word_1_683' title='bbox 2629 3690 2754 3745; x_wconf 72' lang='lat' dir='ltr'><strong>haec</strong></span> <span class='ocrx_word' id='word_1_684' title='bbox 2808 3689 3027 3744; x_wconf 90' lang='lat' dir='ltr'><strong>Paulus</strong></span> <span class='ocrx_word' id='word_1_685' title='bbox 3073 3706 3085 3742; x_wconf 92' lang='lat'>:</span> <span class='ocrx_word' id='word_1_686' title='bbox 3144 3689 3372 3760; x_wconf 80' lang='lat' dir='ltr'><strong>Jupiter</strong></span> <span class='ocrx_word' id='word_1_687' title='bbox 3415 3689 3544 3754; x_wconf 91' lang='lat' dir='ltr'><strong>iste,</strong></span> <span class='ocrx_word' id='word_1_688' title='bbox 3602 3706 3780 3760; x_wconf 91' lang='lat' dir='ltr'><strong>quem</strong></span> <span class='ocrx_word' id='word_1_689' title='bbox 3827 3694 3889 3746; x_wconf 89' lang='lat' dir='ltr'><strong>tu</strong></span> 
     </span>
    </p>
   </div>
   <div class='ocr_carea' id='block_1_97' title="bbox 2255 3776 3889 3848">
    <p class='ocr_par' dir='ltr' id='par_1_97' title="bbox 2255 3776 3889 3848">
     <span class='ocr_line' id='line_1_97' title="bbox 2255 3776 3889 3848; baseline -0.002 -12"><span class='ocrx_word' id='word_1_690' title='bbox 2255 3781 2432 3836; x_wconf 90' lang='lat' dir='ltr'><strong>deum</strong></span> <span class='ocrx_word' id='word_1_691' title='bbox 2465 3795 2593 3836; x_wconf 91' lang='lat' dir='ltr'><strong>esse</strong></span> <span class='ocrx_word' id='word_1_692' title='bbox 2620 3778 2779 3843; x_wconf 87' lang='lat' dir='ltr'><strong>dicis,</strong></span> <span class='ocrx_word' id='word_1_693' title='bbox 2832 3778 3014 3832; x_wconf 91' lang='lat' dir='ltr'><strong>homo</strong></span> <span class='ocrx_word' id='word_1_694' title='bbox 3053 3777 3299 3847; x_wconf 91' lang='lat' dir='ltr'><strong>quidam</strong></span> <span class='ocrx_word' id='word_1_695' title='bbox 3356 3777 3465 3832; x_wconf 89' lang='lat' dir='ltr'><strong>fuit</strong></span> <span class='ocrx_word' id='word_1_696' title='bbox 3517 3776 3889 3848; x_wconf 85' lang='lat' dir='ltr'><strong>fugitivorum</strong></span> 
     </span>
    </p>
   </div>
   <div class='ocr_carea' id='block_1_98' title="bbox 2255 3865 3889 3939">
    <p class='ocr_par' dir='ltr' id='par_1_98' title="bbox 2255 3865 3889 3939">
     <span class='ocr_line' id='line_1_98' title="bbox 2255 3865 3889 3939; baseline -0.001 -16"><span class='ocrx_word' id='word_1_697' title='bbox 2255 3869 2428 3932; x_wconf 88' lang='lat' dir='ltr'><strong>ﬁlius,</strong></span> <span class='ocrx_word' id='word_1_698' title='bbox 2472 3868 2574 3939; x_wconf 91' lang='lat' dir='ltr'><strong>qui</strong></span> <span class='ocrx_word' id='word_1_699' title='bbox 2605 3872 2790 3922; x_wconf 92' lang='lat' dir='ltr'><strong>artem</strong></span> <span class='ocrx_word' id='word_1_700' title='bbox 2846 3866 3143 3934; x_wconf 89' lang='lat' dir='ltr'><strong>magicam</strong></span> <span class='ocrx_word' id='word_1_701' title='bbox 3177 3865 3328 3920; x_wconf 92' lang='lat' dir='ltr'><strong>bene</strong></span> <span class='ocrx_word' id='word_1_702' title='bbox 3376 3867 3623 3922; x_wconf 91' lang='lat' dir='ltr'><strong>edoctus</strong></span> <span class='ocrx_word' id='word_1_703' title='bbox 3654 3866 3841 3923; x_wconf 86' lang='lat' dir='ltr'><strong>fuerat</strong></span> <span class='ocrx_word' id='word_1_704' title='bbox 3878 3885 3889 3921; x_wconf 89' lang='lat'><strong>:</strong></span> 
     </span>
    </p>
   </div>
   <div class='ocr_carea' id='block_1_99' title="bbox 2253 3955 3893 4027">
    <p class='ocr_par' dir='ltr' id='par_1_99' title="bbox 2253 3955 3893 4027">
     <span class='ocr_line' id='line_1_99' title="bbox 2253 3955 3893 4027; baseline 0 -16"><span class='ocrx_word' id='word_1_705' title='bbox 2253 3972 2508 4027; x_wconf 90' lang='lat' dir='ltr'><strong>cumque</strong></span> <span class='ocrx_word' id='word_1_706' title='bbox 2541 3960 2751 4026; x_wconf 73' lang='lat' dir='ltr'><strong>praeter</strong></span> <span class='ocrx_word' id='word_1_707' title='bbox 2779 3961 3020 4009; x_wconf 74' lang='lat' dir='ltr'><strong>caeteros</strong></span> <span class='ocrx_word' id='word_1_708' title='bbox 3053 3955 3326 4008; x_wconf 90' lang='lat' dir='ltr'><strong>homines</strong></span> <span class='ocrx_word' id='word_1_709' title='bbox 3353 3961 3504 4010; x_wconf 90' lang='lat' dir='ltr'><strong>esset</strong></span> <span class='ocrx_word' id='word_1_710' title='bbox 3533 3956 3893 4011; x_wconf 88' lang='lat' dir='ltr'><strong>incontinen-</strong></span> 
     </span>
    </p>
   </div>
   <div class='ocr_carea' id='block_1_100' title="bbox 2253 4042 3893 4114">
    <p class='ocr_par' dir='ltr' id='par_1_100' title="bbox 2253 4042 3893 4114">
     <span class='ocr_line' id='line_1_100' title="bbox 2253 4042 3893 4114; baseline 0 -15"><span class='ocrx_word' id='word_1_711' title='bbox 2253 4045 2540 4109; x_wconf 91' lang='lat' dir='ltr'><strong>tissimus,</strong></span> <span class='ocrx_word' id='word_1_712' title='bbox 2573 4049 2628 4098; x_wconf 92' lang='lat' dir='ltr'><strong>et</strong></span> <span class='ocrx_word' id='word_1_713' title='bbox 2671 4042 2901 4098; x_wconf 89' lang='lat' dir='ltr'><strong>libidini</strong></span> <span class='ocrx_word' id='word_1_714' title='bbox 2941 4043 3199 4097; x_wconf 85' lang='lat' dir='ltr'><strong>maxime</strong></span> <span class='ocrx_word' id='word_1_715' title='bbox 3225 4042 3475 4106; x_wconf 89' lang='lat' dir='ltr'><strong>deditus,</strong></span> <span class='ocrx_word' id='word_1_716' title='bbox 3509 4059 3579 4097; x_wconf 90' lang='lat' dir='ltr'><strong>ac</strong></span> <span class='ocrx_word' id='word_1_717' title='bbox 3608 4060 3893 4114; x_wconf 91' lang='lat' dir='ltr'><strong>quorum-</strong></span> 
     </span>
    </p>
   </div>
   <div class='ocr_carea' id='block_1_101' title="bbox 2252 4130 3887 4203">
    <p class='ocr_par' dir='ltr' id='par_1_101' title="bbox 2252 4130 3887 4203">
     <span class='ocr_line' id='line_1_101' title="bbox 2252 4130 3887 4203; baseline -0.001 -15"><span class='ocrx_word' id='word_1_718' title='bbox 2252 4133 2393 4188; x_wconf 91' lang='lat' dir='ltr'><strong>dam</strong></span> <span class='ocrx_word' id='word_1_719' title='bbox 2435 4132 2864 4203; x_wconf 88' lang='lat' dir='ltr'><strong>pulcherrimas</strong></span> <span class='ocrx_word' id='word_1_720' title='bbox 2890 4146 3097 4185; x_wconf 76' lang='lat' dir='ltr'><strong>uxores</strong></span> <span class='ocrx_word' id='word_1_721' title='bbox 3141 4135 3319 4200; x_wconf 91' lang='lat' dir='ltr'><strong>atque</strong></span> <span class='ocrx_word' id='word_1_722' title='bbox 3350 4130 3502 4184; x_wconf 87' lang='lat' dir='ltr'><strong>ﬁlias</strong></span> <span class='ocrx_word' id='word_1_723' title='bbox 3528 4131 3887 4196; x_wconf 90' lang='lat' dir='ltr'><strong>adamasset,</strong></span> 
     </span>
    </p>
   </div>
   <div class='ocr_carea' id='block_1_102' title="bbox 2253 4218 3890 4290">
    <p class='ocr_par' dir='ltr' id='par_1_102' title="bbox 2253 4218 3890 4290">
     <span class='ocr_line' id='line_1_102' title="bbox 2253 4218 3890 4290; baseline -0.001 -14"><span class='ocrx_word' id='word_1_724' title='bbox 2253 4238 2315 4276; x_wconf 91' lang='lat' dir='ltr'><strong>se</strong></span> <span class='ocrx_word' id='word_1_725' title='bbox 2345 4222 2642 4276; x_wconf 91' lang='lat' dir='ltr'><strong>continere</strong></span> <span class='ocrx_word' id='word_1_726' title='bbox 2673 4236 2790 4275; x_wconf 93' lang='lat' dir='ltr'><strong>non</strong></span> <span class='ocrx_word' id='word_1_727' title='bbox 2825 4219 3013 4290; x_wconf 91' lang='lat' dir='ltr'><strong>potuit</strong></span> <span class='ocrx_word' id='word_1_728' title='bbox 3060 4219 3200 4289; x_wconf 91' lang='lat' dir='ltr'><strong>quin</strong></span> <span class='ocrx_word' id='word_1_729' title='bbox 3247 4234 3380 4272; x_wconf 93' lang='lat' dir='ltr'><strong>cum</strong></span> <span class='ocrx_word' id='word_1_730' title='bbox 3415 4218 3522 4272; x_wconf 90' lang='lat' dir='ltr'><strong>illis</strong></span> <span class='ocrx_word' id='word_1_731' title='bbox 3553 4221 3890 4274; x_wconf 87' lang='lat' dir='ltr'><strong>commisce-</strong></span> 
     </span>
    </p>
   </div>
   <div class='ocr_carea' id='block_1_103' title="bbox 2253 4308 3885 4374">
    <p class='ocr_par' dir='ltr' id='par_1_103' title="bbox 2253 4308 3885 4374">
     <span class='ocr_line' id='line_1_103' title="bbox 2253 4308 3885 4374; baseline -0.001 -8"><span class='ocrx_word' id='word_1_732' title='bbox 2253 4315 2436 4366; x_wconf 91' lang='lat' dir='ltr'><strong>retur.</strong></span> <span class='ocrx_word' id='word_1_733' title='bbox 2512 4309 2622 4374; x_wconf 89' lang='lat' dir='ltr'><strong>Qui</strong></span> <span class='ocrx_word' id='word_1_734' title='bbox 2691 4309 2870 4364; x_wconf 89' lang='lat' dir='ltr'><strong>modo</strong></span> <span class='ocrx_word' id='word_1_735' title='bbox 2945 4308 3002 4362; x_wconf 91' lang='lat' dir='ltr'><strong>in</strong></span> <span class='ocrx_word' id='word_1_736' title='bbox 3070 4313 3302 4361; x_wconf 89' lang='lat' dir='ltr'><strong>taurum</strong></span> <span class='ocrx_word' id='word_1_737' title='bbox 3363 4312 3647 4370; x_wconf 90' lang='lat' dir='ltr'><strong>mutatus,</strong></span> <span class='ocrx_word' id='word_1_738' title='bbox 3711 4309 3885 4364; x_wconf 93' lang='lat' dir='ltr'><strong>modo</strong></span> 
     </span>
    </p>
   </div>
   <div class='ocr_carea' id='block_1_104' title="bbox 2254 4394 3878 4469">
    <p class='ocr_par' dir='ltr' id='par_1_104' title="bbox 2254 4394 3878 4469">
     <span class='ocr_line' id='line_1_104' title="bbox 2254 4394 3878 4469; baseline -0.002 -15"><span class='ocrx_word' id='word_1_739' title='bbox 2254 4399 2345 4454; x_wconf 86' lang='lat' dir='ltr'><strong>avi</strong></span> <span class='ocrx_word' id='word_1_740' title='bbox 2410 4399 2635 4462; x_wconf 89' lang='lat' dir='ltr'><strong>similis,</strong></span> <span class='ocrx_word' id='word_1_741' title='bbox 2704 4398 2917 4469; x_wconf 65' lang='lat' dir='ltr'><strong>aquilae</strong></span> <span class='ocrx_word' id='word_1_742' title='bbox 2985 4396 3216 4463; x_wconf 90' lang='lat' dir='ltr'><strong>scilicet,</strong></span> <span class='ocrx_word' id='word_1_743' title='bbox 3268 4411 3337 4450; x_wconf 90' lang='lat' dir='ltr'><strong>ac</strong></span> <span class='ocrx_word' id='word_1_744' title='bbox 3399 4410 3616 4466; x_wconf 90' lang='lat' dir='ltr'><strong>cygno,</strong></span> <span class='ocrx_word' id='word_1_745' title='bbox 3686 4394 3878 4450; x_wconf 89' lang='lat' dir='ltr'><strong>mulie-</strong></span> 
     </span>
    </p>
   </div>
   <div class='ocr_carea' id='block_1_105' title="bbox 2254 4483 3879 4555">
    <p class='ocr_par' dir='ltr' id='par_1_105' title="bbox 2254 4483 3879 4555">
     <span class='ocr_line' id='line_1_105' title="bbox 2254 4483 3879 4555; baseline -0.002 -13"><span class='ocrx_word' id='word_1_746' title='bbox 2254 4503 2346 4542; x_wconf 85' lang='lat' dir='ltr'><strong>res</strong></span> <span class='ocrx_word' id='word_1_747' title='bbox 2441 4487 2759 4543; x_wconf 88' lang='lat' dir='ltr'><strong>nonnullas</strong></span> <span class='ocrx_word' id='word_1_748' title='bbox 2846 4501 2915 4540; x_wconf 85' lang='lat' dir='ltr'><strong>ex</strong></span> <span class='ocrx_word' id='word_1_749' title='bbox 3006 4485 3122 4555; x_wconf 89' lang='lat' dir='ltr'><strong>jam</strong></span> <span class='ocrx_word' id='word_1_750' title='bbox 3217 4483 3389 4539; x_wconf 92' lang='lat' dir='ltr'><strong>dictis</strong></span> <span class='ocrx_word' id='word_1_751' title='bbox 3482 4483 3879 4549; x_wconf 88' lang='lat' dir='ltr'><strong>circumvenit,</strong></span> 
     </span>
    </p>
   </div>
   <div class='ocr_carea' id='block_1_106' title="bbox 2253 4573 3883 4630">
    <p class='ocr_par' dir='ltr' id='par_1_106' title="bbox 2253 4573 3883 4630">
     <span class='ocr_line' id='line_1_106' title="bbox 2253 4573 3883 4630; baseline -0.002 0"><span class='ocrx_word' id='word_1_752' title='bbox 2253 4580 2307 4630; x_wconf 88' lang='lat' dir='ltr'><strong>et</strong></span> <span class='ocrx_word' id='word_1_753' title='bbox 2393 4591 2428 4630; x_wconf 93' lang='lat' dir='ltr'><strong>a</strong></span> <span class='ocrx_word' id='word_1_754' title='bbox 2496 4579 2694 4630; x_wconf 89' lang='lat' dir='ltr'><strong>mente</strong></span> <span class='ocrx_word' id='word_1_755' title='bbox 2746 4575 3030 4630; x_wconf 90' lang='lat' dir='ltr'><strong>alienatas</strong></span> <span class='ocrx_word' id='word_1_756' title='bbox 3109 4575 3166 4629; x_wconf 92' lang='lat' dir='ltr'><strong>in</strong></span> <span class='ocrx_word' id='word_1_757' title='bbox 3223 4589 3354 4628; x_wconf 90' lang='lat' dir='ltr'><strong>eam</strong></span> <span class='ocrx_word' id='word_1_758' title='bbox 3425 4573 3722 4628; x_wconf 86' lang='lat' dir='ltr'><strong>miseriam</strong></span> <span class='ocrx_word' id='word_1_759' title='bbox 3786 4574 3883 4626; x_wconf 91' lang='lat' dir='ltr'><strong>im-</strong></span> 
     </span>
    </p>
   </div>
   <div class='ocr_carea' id='block_1_107' title="bbox 2251 4660 3882 4735">
    <p class='ocr_par' dir='ltr' id='par_1_107' title="bbox 2251 4660 3882 4735">
     <span class='ocr_line' id='line_1_107' title="bbox 2251 4660 3882 4735; baseline -0.001 -20"><span class='ocrx_word' id='word_1_760' title='bbox 2251 4663 2418 4735; x_wconf 86' lang='lat' dir='ltr'><strong>pulit,</strong></span> <span class='ocrx_word' id='word_1_761' title='bbox 2451 4669 2515 4718; x_wconf 92' lang='lat' dir='ltr'><strong>ut</strong></span> <span class='ocrx_word' id='word_1_762' title='bbox 2544 4664 2741 4735; x_wconf 90' lang='lat' dir='ltr'><strong>ipsum</strong></span> <span class='ocrx_word' id='word_1_763' title='bbox 2799 4669 3084 4734; x_wconf 90' lang='lat' dir='ltr'><strong>tanquam</strong></span> <span class='ocrx_word' id='word_1_764' title='bbox 3117 4662 3295 4716; x_wconf 90' lang='lat' dir='ltr'><strong>deum</strong></span> <span class='ocrx_word' id='word_1_765' title='bbox 3329 4661 3603 4717; x_wconf 91' lang='lat' dir='ltr'><strong>colerent.</strong></span> <span class='ocrx_word' id='word_1_766' title='bbox 3638 4660 3725 4715; x_wconf 89' lang='lat' dir='ltr'><strong>Ad</strong></span> <span class='ocrx_word' id='word_1_767' title='bbox 3770 4661 3882 4716; x_wconf 73' lang='lat' dir='ltr'><strong>haec</strong></span> 
     </span>
    </p>
   </div>
   <div class='ocr_carea' id='block_1_108' title="bbox 2252 4751 3881 4824">
    <p class='ocr_par' dir='ltr' id='par_1_108' title="bbox 2252 4751 3881 4824">
     <span class='ocr_line' id='line_1_108' title="bbox 2252 4751 3881 4824; baseline -0.002 -17"><span class='ocrx_word' id='word_1_768' title='bbox 2252 4756 2310 4806; x_wconf 88' lang='lat' dir='ltr'><strong>et</strong></span> <span class='ocrx_word' id='word_1_769' title='bbox 2344 4752 2490 4807; x_wconf 90' lang='lat' dir='ltr'><strong>alias</strong></span> <span class='ocrx_word' id='word_1_770' title='bbox 2525 4751 2800 4806; x_wconf 90' lang='lat' dir='ltr'><strong>mulieres</strong></span> <span class='ocrx_word' id='word_1_771' title='bbox 2830 4766 2936 4824; x_wconf 90' lang='lat' dir='ltr'><strong>per</strong></span> <span class='ocrx_word' id='word_1_772' title='bbox 2963 4751 3165 4805; x_wconf 68' lang='lat' dir='ltr'><strong>formae</strong></span> <span class='ocrx_word' id='word_1_773' title='bbox 3221 4751 3611 4804; x_wconf 88' lang='lat' dir='ltr'><strong>mutationem</strong></span> <span class='ocrx_word' id='word_1_774' title='bbox 3663 4755 3717 4803; x_wconf 90' lang='lat' dir='ltr'><strong>et</strong></span> <span class='ocrx_word' id='word_1_775' title='bbox 3742 4765 3881 4820; x_wconf 69' lang='lat' dir='ltr'><strong>prae-</strong></span> 
     </span>
    </p>
   </div>
   <div class='ocr_carea' id='block_1_109' title="bbox 2253 4836 3877 4911">
    <p class='ocr_par' dir='ltr' id='par_1_109' title="bbox 2253 4836 3877 4911">
     <span class='ocr_line' id='line_1_109' title="bbox 2253 4836 3877 4911; baseline -0.002 -17"><span class='ocrx_word' id='word_1_776' title='bbox 2253 4841 2456 4910; x_wconf 88' lang='lat' dir='ltr'><strong>stigias</strong></span> <span class='ocrx_word' id='word_1_777' title='bbox 2509 4841 2757 4911; x_wconf 89' lang='lat' dir='ltr'><strong>decepit,</strong></span> <span class='ocrx_word' id='word_1_778' title='bbox 2801 4855 3014 4895; x_wconf 90' lang='lat' dir='ltr'><strong>aurum</strong></span> <span class='ocrx_word' id='word_1_779' title='bbox 3068 4844 3496 4893; x_wconf 90' lang='lat' dir='ltr'><strong>commutatus.</strong></span> <span class='ocrx_word' id='word_1_780' title='bbox 3560 4840 3621 4893; x_wconf 87' lang='lat' dir='ltr'><strong>Et</strong></span> <span class='ocrx_word' id='word_1_781' title='bbox 3660 4851 3733 4891; x_wconf 91' lang='lat' dir='ltr'><strong>ne</strong></span> <span class='ocrx_word' id='word_1_782' title='bbox 3777 4836 3877 4890; x_wconf 86' lang='lat' dir='ltr'><strong>alia</strong></span> 
     </span>
    </p>
   </div>
   <div class='ocr_carea' id='block_1_110' title="bbox 2252 4923 3875 4997">
    <p class='ocr_par' dir='ltr' id='par_1_110' title="bbox 2252 4923 3875 4997">
     <span class='ocr_line' id='line_1_110' title="bbox 2252 4923 3875 4997; baseline -0.003 -14"><span class='ocrx_word' id='word_1_783' title='bbox 2252 4931 2382 4997; x_wconf 86' lang='lat' dir='ltr'><strong>ejus</strong></span> <span class='ocrx_word' id='word_1_784' title='bbox 2415 4929 2730 4984; x_wconf 90' lang='lat' dir='ltr'><strong>libidinosa</strong></span> <span class='ocrx_word' id='word_1_785' title='bbox 2756 4928 3018 4983; x_wconf 90' lang='lat' dir='ltr'><strong>facinora</strong></span> <span class='ocrx_word' id='word_1_786' title='bbox 3068 4927 3178 4981; x_wconf 91' lang='lat' dir='ltr'><strong>hoc</strong></span> <span class='ocrx_word' id='word_1_787' title='bbox 3207 4925 3337 4980; x_wconf 74' lang='lat' dir='ltr'><strong>loco</strong></span> <span class='ocrx_word' id='word_1_788' title='bbox 3386 4942 3618 4981; x_wconf 91' lang='lat' dir='ltr'><strong>narrem</strong></span> <span class='ocrx_word' id='word_1_789' title='bbox 3672 4923 3807 4992; x_wconf 87' lang='lat' dir='ltr'><strong>(scio</strong></span> <span class='ocrx_word' id='word_1_790' title='bbox 3828 4927 3875 4978; x_wconf 90' lang='lat' dir='ltr'><strong>te</strong></span> 
     </span>
    </p>
   </div>
   <div class='ocr_carea' id='block_1_111' title="bbox 2253 5011 3874 5076">
    <p class='ocr_par' dir='ltr' id='par_1_111' title="bbox 2253 5011 3874 5076">
     <span class='ocr_line' id='line_1_111' title="bbox 2253 5011 3874 5076; baseline -0.004 -4"><span class='ocrx_word' id='word_1_791' title='bbox 2253 5017 2328 5072; x_wconf 90' lang='lat' dir='ltr'><strong>ad</strong></span> <span class='ocrx_word' id='word_1_792' title='bbox 2356 5017 2726 5072; x_wconf 90' lang='lat' dir='ltr'><strong>iracundiam</strong></span> <span class='ocrx_word' id='word_1_793' title='bbox 2748 5015 3029 5071; x_wconf 91' lang='lat' dir='ltr'><strong>concitari</strong></span> <span class='ocrx_word' id='word_1_794' title='bbox 3053 5033 3064 5069; x_wconf 93' lang='lat'>:</span> <span class='ocrx_word' id='word_1_795' title='bbox 3092 5015 3191 5070; x_wconf 91' lang='lat' dir='ltr'><strong>sed</strong></span> <span class='ocrx_word' id='word_1_796' title='bbox 3211 5015 3344 5069; x_wconf 91' lang='lat' dir='ltr'><strong>licet</strong></span> <span class='ocrx_word' id='word_1_797' title='bbox 3375 5013 3669 5076; x_wconf 87' lang='lat' dir='ltr'><strong>irascaris,</strong></span> <span class='ocrx_word' id='word_1_798' title='bbox 3694 5011 3874 5066; x_wconf 90' lang='lat' dir='ltr'><strong>dicam</strong></span> 
     </span>
    </p>
   </div>
   <div class='ocr_carea' id='block_1_112' title="bbox 2254 5101 3877 5175">
    <p class='ocr_par' dir='ltr' id='par_1_112' title="bbox 2254 5101 3877 5175">
     <span class='ocr_line' id='line_1_112' title="bbox 2254 5101 3877 5175; baseline -0.005 -14"><span class='ocrx_word' id='word_1_799' title='bbox 2254 5111 2450 5161; x_wconf 88' lang='lat' dir='ltr'><strong>tamen</strong></span> <span class='ocrx_word' id='word_1_800' title='bbox 2487 5106 2633 5160; x_wconf 91' lang='lat' dir='ltr'><strong>nihil</strong></span> <span class='ocrx_word' id='word_1_801' title='bbox 2667 5107 2907 5175; x_wconf 87' lang='lat' dir='ltr'><strong>veritus)</strong></span> <span class='ocrx_word' id='word_1_802' title='bbox 2935 5106 3061 5170; x_wconf 89' lang='lat' dir='ltr'><strong>iste,</strong></span> <span class='ocrx_word' id='word_1_803' title='bbox 3084 5104 3185 5174; x_wconf 91' lang='lat' dir='ltr'><strong>qui</strong></span> <span class='ocrx_word' id='word_1_804' title='bbox 3219 5119 3404 5174; x_wconf 91' lang='lat' dir='ltr'><strong>prope</strong></span> <span class='ocrx_word' id='word_1_805' title='bbox 3429 5106 3632 5157; x_wconf 81' lang='lat' dir='ltr'><strong>Jovem</strong></span> <span class='ocrx_word' id='word_1_806' title='bbox 3667 5101 3877 5170; x_wconf 87' lang='lat' dir='ltr'><strong>positus</strong></span> 
     </span>
    </p>
   </div>
   <div class='ocr_carea' id='block_1_113' title="bbox 2255 5189 3877 5265">
    <p class='ocr_par' dir='ltr' id='par_1_113' title="bbox 2255 5189 3877 5265">
     <span class='ocr_line' id='line_1_113' title="bbox 2255 5189 3877 5265; baseline -0.002 -18"><span class='ocrx_word' id='word_1_807' title='bbox 2255 5200 2357 5257; x_wconf 90' lang='lat' dir='ltr'><strong>est,</strong></span> <span class='ocrx_word' id='word_1_808' title='bbox 2393 5201 2444 5248; x_wconf 91' lang='lat' dir='ltr'><strong>et</strong></span> <span class='ocrx_word' id='word_1_809' title='bbox 2477 5194 2683 5265; x_wconf 84' lang='lat' dir='ltr'><strong>Apollo</strong></span> <span class='ocrx_word' id='word_1_810' title='bbox 2713 5195 2946 5255; x_wconf 89' lang='lat' dir='ltr'><strong>dicitur,</strong></span> <span class='ocrx_word' id='word_1_811' title='bbox 2979 5209 3055 5247; x_wconf 88' lang='lat' dir='ltr'><strong>an</strong></span> <span class='ocrx_word' id='word_1_812' title='bbox 3087 5207 3206 5246; x_wconf 90' lang='lat' dir='ltr'><strong>non</strong></span> <span class='ocrx_word' id='word_1_813' title='bbox 3245 5207 3314 5245; x_wconf 87' lang='lat' dir='ltr'><strong>ex</strong></span> <span class='ocrx_word' id='word_1_814' title='bbox 3339 5191 3628 5245; x_wconf 89' lang='lat' dir='ltr'><strong>adulterio</strong></span> <span class='ocrx_word' id='word_1_815' title='bbox 3661 5189 3877 5259; x_wconf 89' lang='lat' dir='ltr'><strong>genitus</strong></span> 
     </span>
    </p>
   </div>
   <div class='ocr_carea' id='block_1_114' title="bbox 2254 5271 3876 5353">
    <p class='ocr_par' dir='ltr' id='par_1_114' title="bbox 2254 5271 3876 5353">
     <span class='ocr_line' id='line_1_114' title="bbox 2254 5271 3876 5353; baseline -0.004 -16"><span class='ocrx_word' id='word_1_816' title='bbox 2254 5288 2339 5337; x_wconf 91' lang='lat' dir='ltr'><strong>est</strong></span> <span class='ocrx_word' id='word_1_817' title='bbox 2387 5298 2418 5337; x_wconf 91' lang='lat' dir='ltr'><strong>e</strong></span> <span class='ocrx_word' id='word_1_818' title='bbox 2470 5282 2712 5338; x_wconf 90' lang='lat' dir='ltr'><strong>muliere</strong></span> <span class='ocrx_word' id='word_1_819' title='bbox 2760 5282 3047 5353; x_wconf 89' lang='lat' dir='ltr'><strong>quadam,</strong></span> <span class='ocrx_word' id='word_1_820' title='bbox 3107 5297 3235 5351; x_wconf 66' lang='lat' dir='ltr'><strong>qua:</strong></span> <span class='ocrx_word' id='word_1_821' title='bbox 3293 5280 3515 5334; x_wconf 90' lang='lat' dir='ltr'><strong>Latona</strong></span> <span class='ocrx_word' id='word_1_822' title='bbox 3567 5271 3876 5341; x_wconf 70' lang='lat' dir='ltr'><strong>dicebatur,</strong></span> 
     </span>
    </p>
   </div>
   <div class='ocr_carea' id='block_1_115' title="bbox 2254 5365 3879 5441">
    <p class='ocr_par' dir='ltr' id='par_1_115' title="bbox 2254 5365 3879 5441">
     <span class='ocr_line' id='line_1_115' title="bbox 2254 5365 3879 5441; baseline -0.003 -15"><span class='ocrx_word' id='word_1_823' title='bbox 2254 5385 2508 5441; x_wconf 75' lang='lat' dir='ltr'><strong>quaeque</strong></span> <span class='ocrx_word' id='word_1_824' title='bbox 2533 5369 2699 5424; x_wconf 91' lang='lat' dir='ltr'><strong>illum</strong></span> <span class='ocrx_word' id='word_1_825' title='bbox 2759 5369 2985 5440; x_wconf 88' lang='lat' dir='ltr'><strong>peperit</strong></span> <span class='ocrx_word' id='word_1_826' title='bbox 3009 5368 3157 5422; x_wconf 91' lang='lat' dir='ltr'><strong>inter</strong></span> <span class='ocrx_word' id='word_1_827' title='bbox 3183 5368 3332 5422; x_wconf 89' lang='lat' dir='ltr'><strong>duas</strong></span> <span class='ocrx_word' id='word_1_828' title='bbox 3391 5365 3658 5435; x_wconf 85' lang='lat' dir='ltr'><strong>arbores,</strong></span> <span class='ocrx_word' id='word_1_829' title='bbox 3708 5365 3802 5438; x_wconf 91' lang='lat' dir='ltr'><strong>qui</strong></span> <span class='ocrx_word' id='word_1_830' title='bbox 3829 5370 3879 5422; x_wconf 86' lang='lat' dir='ltr'><strong>et</strong></span> 
     </span>
    </p>
   </div>
  </div>
