4142 6278
166 292 291 349 585

1233 291 1681 350 MARTYRIUM
1713 290 1819 350 SS.
1854 291 2066 351 PAULI
2106 292 2192 351 ΕΤ
2228 296 2551 356 JULIANIE

3487 280 3594 358 586

172 416 445 474 militum
468 414 958 477 Christianorum.
984 416 1305 487 a'l‘rajauo,
1335 417 1482 473 dum
1509 418 1569 473 in
1608 416 1843 475 Oriente
1872 418 1919 473 A
1950 420 2326 477 benefaciens
2349 422 2652 485 omnibus,
2686 437 2756 476 ac
2783 420 3045 478 liberans
3071 439 3171 478 eos
3201 425 3243 488 ⁸,
3276 425 3378 496 qui
3410 441 3446 481 a
3466 425 3593 483 dia-

172 509 317 579 ipse
338 520 525 577 opera
548 504 777 559 nefaria
822 504 1141 572 commisit,
1165 512 1395 577 patrem
1415 508 1620 561 Jovem
1652 507 1843 563 imita-

178 602 284 652 tus
310 594 344 648 ?
371 594 587 650 Eodem
612 591 797 647 modo
826 598 882 647 et
944 592 1257 664 Dionysius
1312 600 1507 649 vester
1536 594 1634 649 ille
1671 594 1843 660 deus,

184 700 270 741 an
310 698 432 739 non
458 687 514 737 et
553 682 681 753 ipse
706 696 777 736 ex
810 680 1099 736 adulterio
1130 683 1362 752 genitus
1394 687 1483 737 est
1508 698 1579 738 ex
1618 682 1844 739 Semele

188 772 405 830 Cadmi
436 769 591 826 tilia?
611 772 888 839 Nugator.
904 768 1097 841 inquit
1113 769 1480 834 Aurelianus,
1504 776 1559 826 et
1580 770 1847 836 sceleste,

1952 508 2092 564 bolo
2119 510 2502 566 vexabantur.
2558 510 2762 565 Postea
2786 510 2844 564 in
2897 510 3057 578 ligno
3108 513 3299 566 crucis
3345 513 3596 569 suffixus

1954 604 2057 660 est,
2090 602 2149 652 ut
2175 598 2427 654 salutem
2457 598 2624 654 daret
2671 598 2918 663 mundo,
2952 598 3055 670 qui
3096 601 3348 669 perierat
3374 601 3599 658 diaboli

1956 684 2232 741 violentia
2260 693 2315 742 et
2359 687 2606 741 fallacia.
2665 686 2828 741 Idem
2873 702 3119 756 corpore
3157 695 3423 744 mortuus
3486 696 3596 745 est.

1961 773 2223 844 Cumque
2250 774 2326 829 ad
2358 773 2576 829 inferos
2596 773 2997 829 descendisset
3036 789 3155 829 una
3195 790 3331 830 cum
3393 782 3601 833 sancta

192 876 275 917 an
308 876 431 916 non
461 875 534 915 ex
566 860 797 913 Junone
826 860 1077 913 deorum
1104 864 1291 913 matre
1322 858 1585 914 Bacchus
1616 860 1851 927 genitus
1960 861 2163 916 anima
2210 862 2310 917 illa
2347 877 2473 925 sua,
2511 861 2783 917 contrivit
2821 867 3026 933 portas
3052 877 3257 928 areas,
3314 869 3369 919 et
3407 870 3603 920 vectes

195 956 287 1007 est
316 950 346 1006 ?
381 948 519 1005 Risit
572 946 805 1011 Paulus,
850 952 903 1001 et
960 945 1041 1001 ait
1100 962 1113 1000 :

198 1040 449 1096 muliere
480 1037 714 1107 genitus
741 1036 985 1107 incipiat
1007 1049 1136 1090 esse
1152 1035 1320 1100 deus,
1349 1040 1448 1091 aut
1477 1037 1583 1108 qui
1612 1052 1853 1092 uxorem

198 1125 635 1184 habeat‘i'Tunc
646 1124 1022 1180 Aurelianus:
1042 1125 1386 1196 Quousque,
1408 1124 1619 1195 inquit,
1639 1124 1856 1179 multas

201 1232 401 1287 nugas
423 1214 695 1272 effudens
720 1215 836 1270 diis
867 1213 1183 1269 maledices
1213 1214 1242 1270 ?
1273 1229 1351 1268 an
1405 1229 1525 1269 non
1568 1218 1624 1269 et
1672 1220 1861 1269 vester

203 1307 672 1376 Christus,quem
706 1319 809 1357 vos
838 1302 1146 1357 Christiani
1190 1303 1375 1358 Deum
1407 1301 1702 1358 cmlestem
1734 1317 1861 1357 esse

202 1394 421 1463 dicitis,
451 1409 522 1449 ex
554 1392 799 1449 mullere
831 1390 1066 1457 genitus
1093 1394 1184 1446 est
1211 1390 1240 1445 ?
1261 1391 1585 1462 Respondit
1607 1390 1858 1445 Paulus:

206 1486 335 1539 Non
356 1499 418 1539 es
435 1489 496 1537 tu
518 1482 758 1550 dignus,
773 1479 877 1551 qui
895 1480 993 1535 Dei
1015 1480 1365 1550 mysterium
1386 1479 1621 1534 audias.
1642 1479 1861 1534 Verum

206 1588 283 1627 ne
311 1572 579 1628 oratione
606 1576 709 1625 tua
738 1570 966 1625 multos
993 1583 1222 1633 eorum,
1241 1568 1343 1639 qui
1372 1572 1686 1638 praesentes
1700 1573 1859 1631 sunt,

206 1660 663 1724 circumvenias,
697 1672 936 1714 necesse
963 1662 1052 1712 est
1082 1656 1311 1726 aperire
1337 1656 1418 1717 id,
1438 1655 1600 1727 quod
1618 1654 1858 1726 quaeris.

1176 949 1345 1002 Estne
1397 946 1569 1011 deus,
1628 946 1732 1018 qui
1779 962 1852 1002 ex
1961 949 2177 1004 ferreos
2207 951 2535 1021 confregit“
2570 967 2582 1004 ε
2614 956 2790 1021 atque
2834 951 2891 1003 in
2921 950 3249 1020 caliginosa
3275 950 3604 1008 inferorum

1966 1038 2289 1108 penetralia
2316 1038 2637 1107 ingressus,
2666 1036 2881 1105 eripuit
2907 1053 3009 1092 eos
3040 1039 3140 1110 qui
3185 1040 3433 1094 vinculis
3463 1040 3608 1096 deti-

1966 1126 2281 1190 nebantur,
2321 1133 2377 1181 et
2401 1142 2472 1182 ex
2500 1141 2734 1182 carcere
2750 1125 2971 1180 diaboli
3001 1126 3128 1181 illos
3156 1126 3215 1181 in
3240 1128 3610 1198 superiorem

1968 1215 2274 1282 regionem
2304 1214 2506 1270 eduxit
2535 1216 2603 1267 ¹⁰.
2634 1212 2802 1277 Quod
2827 1219 3015 1268 totum
3040 1214 3225 1284 ipsius
3266 1215 3614 1285 benignitati

1972 1308 2285 1372 acceptum
2305 1302 2598 1358 referetur.
2632 1303 2777 1356 Cum
2804 1316 2941 1356 vero
2967 1301 3049 1357 ita
3080 1309 3211 1373 post
3267 1310 3380 1358 tres
3425 1304 3552 1360 dies
3578 1321 3613 1361 a

1974 1390 2222 1444 mortuis
2277 1390 2717 1454 resurrexisset,
2795 1390 3072 1462 apparuit
3132 1390 3251 1445 suis
3309 1392 3615 1463 discipulis

1972 1485 2152 1550 atque
2178 1477 2480 1548 apostolis,
2522 1482 2579 1533 et
2640 1480 2768 1534 aliis
2818 1478 3034 1548 multis,
3094 1479 3199 1550 qui
3231 1494 3365 1534 vere
3392 1481 3450 1535 in
3476 1496 3614 1537 eum

1971 1565 2349 1621 crediderant
2364 1585 2375 1623 :
2393 1571 2595 1622 etcum
2610 1566 2915 1638 aliquoties
2930 1568 3347 1623 commedisset
3361 1574 3415 1622 et
3437 1567 3619 1624 bibis-

1973 1659 2058 1709 set
2081 1669 2217 1708 cum
2250 1655 2533 1724 apostolis
2561 1671 2665 1727 per
2686 1656 2812 1710 dies
2843 1654 3264 1727 quadraginta,
3307 1655 3392 1709 sic
3412 1662 3620 1726 postea

279 1750 430 1806 XXII.
481 1747 649 1803 Initio
694 1747 847 1802 Deus
889 1747 1017 1816 ipse
1059 1760 1197 1800 cum
1232 1746 1450 1800 caelum
1500 1748 1556 1799 et
1621 1748 1857 1808 terram,
1894 1763 1943 1821 Β
1976 1744 2033 1798 in
2079 1741 2297 1797 caelum
2329 1748 2671 1813 assumptus
2710 1748 2815 1808 est,
2861 1748 2916 1798 et
2970 1742 3135 1797 sedet
3190 1743 3267 1798 ad
3313 1743 3617 1799 dexteram

211 1854 379 1895 mare
410 1845 466 1895 et
486 1838 709 1903 omnia,
762 1850 898 1907 quas
929 1834 984 1888 in
1018 1836 1100 1890 eis
1144 1838 1297 1897 sunt,
1333 1831 1638 1897 effecisset,
1671 1832 1860 1887 homi-

209 1943 353 1983 nem
393 1926 619 1982 eﬂinxit
649 1924 727 1980 ad
756 1922 1082 1992 imaginem
1110 1926 1167 1976 et
1194 1921 1644 1976 similitudinem
1668 1936 1863 1975 suam.

214 2017 438 2070 Purum
479 2016 638 2070 enim
678 2028 714 2068 a
746 2010 990 2075 malitia,
1024 2011 1422 2077 innocentem,
1452 2009 1699 2079 justum,
1747 2007 1866 2080 pie-

215 2110 333 2160 tate
369 2103 684 2175 praaditum
716 2100 937 2155 creavit
962 2098 1128 2153 illum
1181 2100 1352 2162 Deus,
1386 2102 1442 2152 et
1467 2100 1527 2151 in
1586 2097 1866 2168 paradiso

207 2191 556 2247 deliciarum
575 2189 750 2260 pleno
768 2203 908 2242 eum
923 2186 1252 2241 collocavit.
1280 2188 1446 2240 Pater
1457 2189 1655 2239 autem
1677 2191 1869 2240 vester

206 2277 485 2334 diabolus
512 2292 634 2331 non
678 2276 872 2330 ferens
921 2279 1149 2329 tantam
1203 2273 1464 2328 hominis
1509 2272 1867 2335 felicitatem,

210 2369 390 2422 Evam
424 2365 677 2429 seduxit,
706 2368 763 2418 et
787 2378 894 2434 per
924 2361 1110 2429 illam,
1135 2361 1326 2416 Adam
1354 2361 1430 2416 ad
1478 2360 1667 2415 divini
1719 2376 1868 2431 pra:-

208 2455 361 2525 cepti
390 2452 915 2524 transgressionem
945 2449 1197 2522 impulit.
1244 2450 1369 2513 Quo
1397 2448 1619 2503 factum
1660 2453 1767 2509 est,
1802 2451 1868 2502 ut

207 2551 263 2601 et
311 2545 501 2600 Adam
540 2542 671 2613 ipse
719 2544 1000 2611 tanquam
1040 2544 1450 2607 transgressor
1505 2552 1537 2591 e
1578 2535 1864 2608 paradiso

208 2635 493 2706 expulsus
513 2632 607 2695 sit,
636 2634 693 2685 et
721 2644 911 2699 genus
962 2642 1141 2683 omne
1184 2626 1523 2682 humanum
1585 2625 1761 2680 morti
1808 2628 1866 2680 et

208 2723 434 2795 peccati
486 2735 679 2791 pmnae
745 2716 1072 2773 obnoxium
1134 2714 1404 2770 evaserit.
1460 2713 1862 2779 Quamobrem

208 2811 464 2867 caelestis
497 2808 667 2862 Pater
695 2811 751 2860 et
808 2803 1189 2872 omnipotens
1235 2804 1388 2855 Deus
1455 2800 1862 2855 misericordia

212 2906 431 2959 motus,
470 2895 741 2949 humano
802 2889 1002 2960 generi
1056 2887 1370 2942 subvenire
1425 2886 1651 2953 volens,
1706 2888 1862 2941 misit

212 2985 427 3042 Filium
453 2997 653 3046 suum,
684 2983 747 3034 ut
772 2978 1107 3033 humanam
1137 2989 1378 3029 carnem
1430 2975 1774 3044 susciperet,
1808 2978 1864 3028 et

212 3074 406 3129 Adam
420 3074 705 3132 solveret,
725 3080 945 3138 eosque
957 3064 1061 3137 qui
1083 3064 1161 3119 ab
1178 3062 1404 3133 injusto
1418 3062 1860 3151 detinebantur,
1901 3095 1940 3151 C

216 3169 343 3236 Ipse
375 3162 551 3232 igitur
603 3161 771 3223 Deus,
843 3153 1098 3209 Verbum
1160 3152 1259 3207 Dei
1315 3168 1385 3208 ac
1431 3152 1611 3206 Patris
1664 3150 1859 3217 Filius,

211 3257 349 3309 ante
397 3247 618 3305 saecula
648 3245 851 3302 omnia
888 3247 979 3298 est
1005 3239 1295 3312 sapientia
1325 3238 1535 3309 ipsius,
1579 3244 1635 3295 et
1660 3243 1862 3310 poten-

213 3341 297 3398 tia
321 3345 376 3395 et
413 3338 695 3393 dextera:
746 3331 853 3405 qui
887 3347 992 3403 per
1041 3328 1471 3398 archangelum
1530 3328 1860 3383 Gabrielem

216 3426 604 3486 annuntiatus
651 3421 761 3478 fuit
815 3422 1036 3476 sancta)
1075 3417 1157 3473 illi
1205 3415 1426 3486 Virgini
1475 3431 1637 3488 puras
1684 3421 1862 3488 atque

212 3516 470 3576 honestis
478 3514 730 3580 simaa,ex
745 3508 1090 3581 prophetico
1108 3512 1163 3561 et
1178 3505 1343 3575 regio
1356 3520 1570 3577 genere
1582 3505 1862 3573 originem

211 3604 470 3663 ducenti.
501 3602 563 3657 1n
584 3600 758 3669 cujus
794 3604 959 3652 utero
999 3599 1149 3651 Deus
1173 3594 1318 3666 ipse,
1356 3594 1470 3649 hoc
1506 3597 1614 3659 est,
1638 3593 1865 3648 cceleste

214 3695 493 3757 Verbum,
524 3688 690 3761 quod
721 3685 909 3742 oculis
934 3683 1233 3755 corporeis
1256 3698 1376 3737 non
1402 3681 1682 3747 cernitur,
1702 3680 1863 3737 habi-

215 3792 368 3854 tans,
388 3778 645 3850 suscepit
657 3791 897 3847 corpus,
914 3788 1051 3828 cum
1068 3770 1303 3828 Gabriel
1319 3770 1399 3826 ita
1411 3770 1651 3827 Mariam
1669 3770 1863 3841 ipsam

218 3873 433 3932 affatus
463 3873 619 3926 esset
653 3889 665 3921 :
696 3868 818 3921 Ave
836 3862 1039 3933 gratia
1063 3863 1246 3930 plena
1281 3876 1294 3915 :
1323 3861 1599 3916 Dominus
1632 3865 1821 3915 tecum
1849 3879 1861 3923 ;

222 3969 276 4019 et
305 3961 490 4035 paulo
512 3961 648 4029 post
671 3970 685 4009 ε
707 3953 967 4022 Spiritus
994 3956 1235 4007 sanctus
1252 3947 1697 4019 supervenietin
1719 3954 1791 4013 te,
1812 3951 1866 4003 et

225 4052 413 4109 virtus
434 4043 719 4102 Altissimi
775 4040 1145 4098 obumbrabit
1209 4039 1316 4093 tibi
1363 4055 1377 4093 :
1420 4037 1663 4107 ideoque
1710 4035 1869 4107 quod

226 4145 506 4196 nascetur
537 4150 606 4191 ex
636 4140 690 4190 te
717 4137 1006 4192 sanctum,
1064 4127 1375 4185 vocabitur
1438 4126 1631 4181 Filius
1672 4125 1777 4179 Dei
1805 4125 1826 4158 ⁵
1853 4163 1866 4176 .

231 4229 466 4286 Genitus
502 4224 679 4295 igitur
725 4219 836 4276 fuit
864 4220 1013 4273 Deus
1060 4222 1114 4271 et
1156 4215 1393 4271 cmleste
1440 4214 1702 4268 Verbum
1769 4223 1874 4280 per

232 4317 523 4389 Virginem
534 4356 547 4379 ,
561 4310 725 4369 omni
736 4307 873 4364 labe
888 4304 1293 4376 purissimam,
1307 4306 1874 4389 corpore.tanquam

234 4384 390 4461 veste
432 4401 719 4475 quadam,
763 4394 1007 4451 indutus
1051 4396 1293 4462 propter
1343 4390 1625 4444 humanm
1669 4384 1876 4442 salutis

236 4489 757 4563 dispensationem.
791 4484 973 4537 Nemo
1000 4478 1161 4533 enim
1192 4481 1421 4549 poterat
1440 4478 1623 4530 Deum
1648 4488 1877 4537 verum,

240 4561 406 4635 ita—ut
433 4582 539 4641 est,
577 4574 932 4645 praesentem
964 4566 1183 4631 videre,
1229 4581 1367 4621 cum
1426 4565 1577 4619 Deus
1621 4563 1751 4635 ipse
1808 4561 1882 4616 sit

242 4667 394 4737 ignis
423 4675 781 4720 consumens
801 4658 843 4723 ⁸,
868 4671 1061 4727 neque
1086 4654 1268 4711 homo
1298 4653 1514 4725 aliquis
1542 4652 1741 4707 vivens
1785 4647 1883 4705 Dei

244 4736 445 4812 faciem
471 4750 671 4806 videre
722 4744 931 4819 possit.
969 4744 983 4797 ι
1014 4743 1200 4814 Hujus
1226 4742 1400 4813 igitur
1430 4736 1884 4811 dispensationis

246 4857 433 4901 causa
487 4840 639 4894 Deus
682 4840 901 4899 noster,
960 4832 1124 4906 quod
1167 4831 1246 4887 ad
1310 4845 1554 4885 carnem
1612 4827 1883 4899 pertinet,

1978 1830 2156 1885 Patris
2186 1847 2325 1886 cum
2365 1846 2616 1902 corpore
2643 1830 2764 1894 illo,
2819 1830 2981 1902 quod
3023 1830 3150 1900 ipse
3185 1832 3336 1885 Deus
3364 1832 3616 1887 Verbum

1978 1919 2090 1975 sibi
2106 1919 2475 1991 copulavit.N
2485 1935 2593 1973 unc
2613 1919 2792 1987 igitur
2806 1919 3083 1973 diabolus
3099 1918 3302 1974 dolore
3321 1918 3620 1988 affligitur,

1979 2009 2143 2063 Illum
2175 2008 2334 2062 enim
2379 2006 2640 2062 Christus
2682 2006 2809 2078 ipse
2858 2005 3327 2062 Christianorum
3371 2007 3625 2078 pedibus

1976 2091 2310 2147 conculcari
2362 2091 2517 2156 fecit,
2575 2090 2679 2162 qui
2712 2105 2817 2162 per
2852 2094 3124 2145 sanctum
3167 2090 3353 2160 ipsius
3404 2105 3624 2146 nomen

1976 2180 2383 2249 ingrediuntur
2420 2179 2479 2233 in
2512 2194 2763 2249 regnum
2816 2177 3104 2233 caelorum
3148 2193 3162 2231 :
3200 2193 3236 2232 a
3278 2192 3401 2248 quo
3439 2192 3626 2247 rcgno

1977 2272 2039 2322 tu
2055 2266 2283 2322 alienus
2307 2280 2390 2320 es.
2416 2265 2609 2320 Habes
2641 2264 2803 2320 enim
2844 2268 3066 2319 sortem
3108 2269 3165 2317 et
3209 2270 3437 2333 partem
3460 2269 3626 2320 aeter-

1977 2371 2117 2411 nam
2150 2354 2306 2424 ignis
2331 2351 2692 2423 gehennam,
2746 2350 3155 2407 hmreditatem
3189 2350 3413 2406 diaboli
3442 2351 3624 2422 patris

1977 2443 2060 2499 tui
2092 2443 2445 2514 precipiens.

2044 2532 2268 2587 XXXIII.
2306 2530 2401 2584 His
2431 2528 2672 2593 auditis,
2699 2525 3048 2583 Aurelianus
3081 2542 3199 2598 pres
3232 2526 3429 2583 furore
3460 2527 3623 2584 vultu

1974 2624 2235 2675 mutatus
2300 2623 2408 2681 est,
2469 2622 2527 2671 et
2579 2615 2861 2672 dentibus
2912 2615 3158 2670 stridere
3196 2614 3393 2687 cmpit,
3453 2631 3625 2672 exar-

1970 2708 2222 2765 desccns
2279 2707 2337 2761 in
2391 2704 2581 2768 illum,
2660 2703 2755 2759 cui
2814 2712 2873 2759 et
2918 2704 3330 2775 respondens:
3391 2704 3620 2771 Multas,

1971 2797 2180 2869 inquit,
2211 2810 2402 2864 nugas
2435 2799 2488 2848 te
2544 2793 2722 2847 modo
2767 2790 3169 2847 effundentem
3224 2807 3435 2862 passus
3464 2809 3622 2860 sum,

1973 2884 2316 2954 patientiam
2346 2881 2407 2936 in
2434 2884 2509 2948 te,
2543 2895 2745 2949 nugax
2776 2884 2832 2934 et
2859 2882 3126 2945 sceleste,
3154 2879 3456 2935 audiendo
3492 2880 3625 2937 reti-

1972 2986 2138 3025 nens.
2162 2970 2245 3023 Tu
2271 2984 2411 3023 vero
2458 2968 2729 3039 quandiu
2768 2982 2979 3037 perges
3016 2983 3110 3023 me
3144 2973 3543 3033 contemnere,
3567 2974 3624 3026 et

1972 3057 2087 3112 diis
2111 3056 2465 3111 maledicere
2479 3053 2508 3108 7
2521 3058 2561 3110 N
2572 3071 2685 3111 unc
2702 3054 2876 3123 igitur
2890 3056 2999 3110 nisi
3011 3055 3123 3111 diis
3142 3055 3386 3111 immola
3398 3057 3620 3123 veritis,

1973 3142 2244 3217 pessimis
2269 3142 2465 3197 modis
2487 3157 2590 3196 vos
2621 3142 2887 3211 perdam,
2922 3144 3003 3198 ita
3035 3149 3096 3199 ut
3160 3159 3336 3199 nemo
3382 3145 3570 3215 possit
3590 3160 3623 3201 e

1973 3231 2252 3289 manibus
2280 3229 2425 3285 meis
2445 3244 2549 3284 vos
2568 3229 2814 3298 eripere.
2869 3232 3016 3284 Tum
3058 3230 3273 3285 Paulus
3299 3236 3357 3286 et
3385 3232 3623 3290 Juliana

1972 3320 2252 3377 concordi
2278 3316 2483 3374 animo
2514 3322 2569 3371 et
2621 3330 2842 3383 magna
2891 3332 3036 3371 voce
3080 3316 3446 3374 clamantes:
3480 3324 3617 3392 Nos,

1973 3407 2270 3483 inquiunt,
2293 3404 2603 3463 Christiani
2621 3419 2855 3467 sumus,
2883 3410 2940 3460 et
2965 3405 3024 3460 in
3056 3404 3287 3461 Christo
3321 3406 3457 3478 ipso
3489 3425 3624 3480 spes

1972 3510 2205 3556 nostras
2229 3494 2549 3553 collocatas
2571 3492 2867 3547 habemus
2900 3508 2915 3558 ;
2956 3491 3261 3548 daamones
3279 3510 3396 3549 non
3413 3497 3623 3554 adora-

1977 3604 2111 3643 mus
2141 3584 2314 3640 idolis
2344 3582 2457 3639 tuis
2515 3596 2636 3636 non
2676 3581 2993 3646 servimus,
3057 3586 3351 3637 tormenta
3373 3589 3476 3639 tua
3499 3600 3621 3641 non

1974 3678 2272 3732 timemus.
2317 3671 2592 3738 Excogita
2616 3668 2793 3740 igitur
2827 3684 3222 3741 quoscunque
3288 3672 3370 3726 vis
3401 3673 3624 3729 crucia-

1976 3772 2089 3832 tus,
2122 3762 2298 3817 ﬁdem
2331 3759 2491 3815 enim
2524 3758 2583 3812 in
2627 3760 2742 3812 Deo
2796 3756 3114 3822 habemus,
3148 3758 3268 3815 fore
3304 3766 3366 3814 ut
3393 3777 3429 3816 a
3451 3761 3623 3818 nobis

1977 3852 2291 3925 supereris,
2349 3845 2857 3919 quemadmodum
2909 3852 3079 3917 pater
3105 3851 3236 3903 tuus
3284 3849 3624 3907 diabolusa

1978 3943 2202 4000 Christo
2232 3940 2546 4009 superatus
2576 3933 2703 3999 fuit,
2728 3933 2829 4006 qui
2855 3949 2966 3989 nos
3013 3935 3191 3991 etiam
3238 3937 3518 3994 robustos
3543 3939 3621 3997 fa-

1978 4032 2073 4095 cit,
2100 4034 2158 4084 et
2186 4041 2403 4099 pravas
2429 4028 2586 4078 artes
2616 4026 2747 4076 tuas
2776 4027 3101 4092 expugnat.
3128 4025 3259 4078 Haec
3279 4039 3406 4079 cum
3430 4027 3626 4083 audis-

1979 4109 2655 4178 setAurelianus,jussit
2708 4108 2937 4179 lignum
2990 4109 3301 4180 quoddam
3334 4129 3623 4182 magnum

1984 4199 2200 4258 afferri.
2233 4198 2403 4263 Quod
2443 4211 2580 4250 cum
2633 4195 2883 4249 allatum
2926 4195 3153 4260 fuisset,
3198 4196 3333 4254 fecit
3375 4201 3626 4259 Paulum

1982 4292 2042 4347 in
2074 4304 2143 4344 eo
2170 4283 2418 4354 alligari.
2452 4280 2768 4339 Carniﬁces
2788 4296 2931 4336 vero
2969 4284 3098 4351 ejus
3150 4300 3368 4340 manus
3392 4288 3629 4358 colliga-

1983 4382 2141 4436 runt.
2172 4374 2336 4429 Tunc
2355 4369 2704 4426 Aurelianus
2716 4370 2999 4441 przecepit
3019 4386 3302 4429 accensas
3318 4372 3630 4447 lampades

1987 4464 2204 4530 afferri,
2240 4469 2296 4518 et
2325 4462 2383 4517 in
2409 4460 2537 4530 ejus
2578 4458 2789 4514 faciem
2819 4457 3000 4528 injici,
3034 4475 3310 4530 praecone
3366 4463 3448 4521 ita
3474 4466 3632 4523 voci-

1988 4557 2251 4613 ferante:
2288 4553 2365 4605 Ne
2395 4549 2455 4604 iu
2489 4546 2651 4602 orbis
2682 4551 2971 4603 terrarum
3009 4547 3295 4607 dominos
3320 4558 3635 4610 coutume-

1989 4645 2177 4701 liosus
2229 4641 2328 4705 sis,
2383 4652 2531 4693 neve
2578 4636 2639 4691 in
2698 4635 2863 4706 ipsos
2944 4636 3261 4695 maledicta
3322 4641 3632 4711 conjicias.

2061 4731 2231 4788 XXIV.
2262 4727 2495 4783 Juliana
2524 4739 2663 4779 cum
2686 4722 2926 4778 fratrem
2974 4739 3152 4779 suum
3200 4726 3337 4796 igne
3363 4728 3638 4787 comburi

1992 4823 2303 4893 spectaret,
2352 4827 2592 4869 summa
2636 4825 2775 4866 voce
2823 4810 3141 4867 clamavit:
3205 4814 3248 4869 Ο
3304 4819 3554 4884 tyranne
3584 4820 3642 4874 et

249 4898 476 5005 genitus
498 4928 621 4997 fuit,
670 4929 727 4981 et
779 4930 841 4978 ut
892 4898 1091 4977 infans
1115 4920 1264 4975 lacte
1321 4918 1578 4974 nutritus
1613 4898 1721 4982 est,
1748 4930 1887 4971 cum
1994 4909 2257 5005 sceleste,
2289 4902 2429 4977 quid
2466 4899 2606 4957 mali
2662 4898 2841 4996 frater
2870 4914 3064 5005 “meus
3100 4902 3436 5005 commisit,
3471 4910 3529 4960 ut
3559 4904 3643 5005 ita

250 4986 400 5079 Esset
423 4986 622 5074 tamen
649 5011 955 5069 divinitate
985 5009 1295 5081 perfectus.
1318 5008 1555 5077 Insuper
1584 5005 1771 5062 factus
1803 5008 1892 5060 est
1998 4994 2307 5054 crudeliter
2373 5006 2508 5081 eum
2562 4986 2818 5081 (δι’ξξσᾷίθδ-
2870 4987 2921 5081 Ῥγ
2955 4986 3138 5042 δυεθίί
3206 4990 3559 5081 Αυῗθηθοηυε
3588 4998 3645 5051 et

252 5125 415 5184 puer,
457 5103 789 5175 etjuvenis,
848 5114 1105 5170 cumque
1169 5096 1533 5161 hominibus,
1575 5103 1642 5151 ut
1686 5094 1890 5157 homo,

254 5181 631 5256 conversatus
663 5194 754 5246 est
783 5203 975 5245 annos
1029 5185 1266 5254 triginta
1290 5192 1424 5250 tres,
1456 5185 1654 5249 urbes,
1707 5181 1895 5252 regio-

1997 5085 2293 5145 Julianam
2323 5096 2383 5137 in
2406 5079 2569 5149 ligno
2595 5075 2823 5145 alligari
2874 5080 2930 5130 et
2976 5091 3257 5132 accensas
3281 5077 3440 5134 faces
3479 5082 3540 5136 in
3574 5096 3644 5139 os

2001 5177 2129 5247 ejus
2150 5172 2287 5228 etin
2314 5174 2502 5225 totum
2559 5179 2775 5233 corpus
2801 5162 3070 5218 adhiberi
3122 5182 3136 5231 ;
3193 5166 3287 5220 cui
3343 5174 3402 5223 ct
3455 5168 3644 5227 dixit;

258 5251 381 5353 nes,
421 5291 478 5340 et
533 5278 773 5338 castella
819 5275 982 5334 orbis
1043 5251 1334 5330 terrarum
1385 5251 1803 5345 pertransiens,
1840 5274 1897 5325 et
2002 5258 2518 5335 impudentissima
2548 5251 2754 5308 mulier
2782 5251 3085 5316 erubesco,
3130 5256 3649 5325 quemadmodum

326 5483 346 5517 ⁵
372 5466 514 5535 Luc.
544 5494 584 5544 ι,
615 5480 700 5536 28.
735 5477 820 5531 32.
935 5474 955 5507 ⁸
989 5473 1149 5526 Deut.
1181 5485 1259 5525 1v.
1287 5469 1354 5524 ‘24
1386 5484 1400 5535 ;
1438 5467 1608 5531 Hebr,
1649 5482 1752 5530 xu,
1783 5467 1874 5520 29.

267 5554 311 5588 1°
342 5554 361 5606 Ι
392 5555 539 5607 Petr.
570 5564 650 5613 ιιι,
682 5547 769 5601 19ε

550 5672 794 5728 Ρλτιιοι..
837 5668 940 5725 Gn.
982 5662 1147 5722 CXV.

2661 5447 2682 5481 ⁸
2716 5447 2836 5502 Act.
2857 5461 2913 5510 ι,
2947 5444 3037 5503 38.

1988 5459 2163 5516 Exod.
2207 5468 2403 5512 χχχιιι.
2464 5454 2548 5506 '20.
2661 5451 2682 5481 '
2716 5451 2836 5502 Act.
2857 5461 2913 5510 ι,
2947 5451 3037 5503 38.
3151 5451 3173 5485 ’
3214 5451 3365 5508 Psal.
3399 5468 3509 5521 cvi,
3550 5452 3649 5511 16,

3240 5645 3308 5702 19
