  <div class='ocr_page' id='page_1' title='image "/cluster/home/n/w/nwhite01/storage/ocr_20150623/115/mdp.39015028574336/305.png"; bbox 0 0 4142 6278; ppageno 0'>
   <div class='ocr_carea' id='block_1_1' title="bbox 523 309 627 361">
    <p class='ocr_par' dir='ltr' id='par_1_1' title="bbox 523 309 627 361">
     <span class='ocr_line' id='line_1_1' title="bbox 523 309 627 361; baseline 0 -1"><span class='ocrx_word' id='word_1_1' title='bbox 523 309 627 361; x_wconf 82' lang='lat'><strong>587</strong></span> 
     </span>
    </p>
   </div>
   <div class='ocr_carea' id='block_1_2' title="bbox 1893 303 2556 375">
    <p class='ocr_par' dir='ltr' id='par_1_2' title="bbox 1893 303 2556 375">
     <span class='ocr_line' id='line_1_2' title="bbox 1893 303 2556 375; baseline -0.002 -15"><span class='ocrx_word' id='word_1_2' title='bbox 1893 305 2151 361; x_wconf 80' lang='lat' dir='ltr'><strong>MENSIS</strong></span> <span class='ocrx_word' id='word_1_3' title='bbox 2174 303 2556 375; x_wconf 63' lang='lat' dir='ltr'><strong>AUGUSTUS</strong></span> 
     </span>
    </p>
   </div>
   <div class='ocr_carea' id='block_1_3' title="bbox 3825 297 3946 352">
    <p class='ocr_par' dir='ltr' id='par_1_3' title="bbox 3825 297 3946 352">
     <span class='ocr_line' id='line_1_3' title="bbox 3825 297 3946 352; baseline 0 0"><span class='ocrx_word' id='word_1_4' title='bbox 3825 297 3946 352; x_wconf 76' lang='lat'><strong>588</strong></span> 
     </span>
    </p>
   </div>
   <div class='ocr_carea' id='block_1_4' title="bbox 521 422 3943 502">
    <p class='ocr_par' dir='ltr' id='par_1_4' title="bbox 521 422 3943 502">
     <span class='ocr_line' id='line_1_4' title="bbox 521 422 3943 502; baseline -0.003 -16"><span class='ocrx_word' id='word_1_5' title='bbox 521 432 799 488; x_wconf 84' lang='lat' dir='ltr'><strong>mulieres</strong></span> <span class='ocrx_word' id='word_1_6' title='bbox 830 433 1016 488; x_wconf 88' lang='lat' dir='ltr'><strong>decet.</strong></span> <span class='ocrx_word' id='word_1_7' title='bbox 1049 436 1193 488; x_wconf 81' lang='lat' dir='ltr'><strong>Tum</strong></span> <span class='ocrx_word' id='word_1_8' title='bbox 1215 433 1446 489; x_wconf 88' lang='lat' dir='ltr'><strong>Juliana</strong></span> <span class='ocrx_word' id='word_1_9' title='bbox 1471 433 1670 488; x_wconf 86' lang='lat' dir='ltr'><strong>ridens</strong></span> <span class='ocrx_word' id='word_1_10' title='bbox 1715 433 1912 495; x_wconf 86' lang='lat' dir='ltr'><strong>:Vere,</strong></span> <span class='ocrx_word' id='word_1_11' title='bbox 1942 430 2154 502; x_wconf 90' lang='lat' dir='ltr'><strong>inquit,</strong></span> <span class='ocrx_word' id='word_1_12' title='bbox 2195 437 2236 488; x_wconf 94' lang='lat' dir='ltr'><strong>A</strong></span> <span class='ocrx_word' id='word_1_13' title='bbox 2269 429 2326 484; x_wconf 91' lang='lat' dir='ltr'><strong>in</strong></span> <span class='ocrx_word' id='word_1_14' title='bbox 2358 428 2576 484; x_wconf 66' lang='lat' dir='ltr'><strong>caelum</strong></span> <span class='ocrx_word' id='word_1_15' title='bbox 2603 426 2805 488; x_wconf 83' lang='lat' dir='ltr'><strong>erexit,</strong></span> <span class='ocrx_word' id='word_1_16' title='bbox 2831 431 2886 480; x_wconf 90' lang='lat' dir='ltr'><strong>et</strong></span> <span class='ocrx_word' id='word_1_17' title='bbox 2917 428 3033 480; x_wconf 91' lang='lat' dir='ltr'><strong>Deo</strong></span> <span class='ocrx_word' id='word_1_18' title='bbox 3065 423 3283 492; x_wconf 80' lang='lat' dir='ltr'><strong>gratias</strong></span> <span class='ocrx_word' id='word_1_19' title='bbox 3314 422 3447 492; x_wconf 91' lang='lat' dir='ltr'><strong>egit,</strong></span> <span class='ocrx_word' id='word_1_20' title='bbox 3505 437 3575 476; x_wconf 88' lang='lat' dir='ltr'><strong>ac</strong></span> <span class='ocrx_word' id='word_1_21' title='bbox 3631 422 3830 480; x_wconf 89' lang='lat' dir='ltr'><strong>crucis</strong></span> <span class='ocrx_word' id='word_1_22' title='bbox 3860 423 3943 477; x_wconf 82' lang='lat' dir='ltr'><strong>si-</strong></span> 
     </span>
    </p>
   </div>
   <div class='ocr_carea' id='block_1_5' title="bbox 518 520 2159 592">
    <p class='ocr_par' dir='ltr' id='par_1_5' title="bbox 518 520 2159 592">
     <span class='ocr_line' id='line_1_5' title="bbox 518 520 2159 592; baseline 0.001 -19"><span class='ocrx_word' id='word_1_23' title='bbox 518 520 846 585; x_wconf 84' lang='lat' dir='ltr'><strong>Aureliane,</strong></span> <span class='ocrx_word' id='word_1_24' title='bbox 892 527 942 576; x_wconf 90' lang='lat' dir='ltr'><strong>te</strong></span> <span class='ocrx_word' id='word_1_25' title='bbox 991 521 1413 578; x_wconf 77' lang='lat' dir='ltr'><strong>admonentem</strong></span> <span class='ocrx_word' id='word_1_26' title='bbox 1455 527 1764 592; x_wconf 92' lang='lat' dir='ltr'><strong>acceptum</strong></span> <span class='ocrx_word' id='word_1_27' title='bbox 1816 521 2032 586; x_wconf 82' lang='lat' dir='ltr'><strong>habeo,</strong></span> <span class='ocrx_word' id='word_1_28' title='bbox 2089 534 2159 574; x_wconf 91' lang='lat' dir='ltr'><strong>eo</strong></span> 
     </span>
    </p>
   </div>
   <div class='ocr_carea' id='block_1_6' title="bbox 517 609 2159 678">
    <p class='ocr_par' dir='ltr' id='par_1_6' title="bbox 517 609 2159 678">
     <span class='ocr_line' id='line_1_6' title="bbox 517 609 2159 678; baseline -0.001 -16"><span class='ocrx_word' id='word_1_29' title='bbox 517 610 680 678; x_wconf 88' lang='lat' dir='ltr'><strong>quod</strong></span> <span class='ocrx_word' id='word_1_30' title='bbox 707 609 894 663; x_wconf 86' lang='lat' dir='ltr'><strong>dixisti</strong></span> <span class='ocrx_word' id='word_1_31' title='bbox 926 626 938 663; x_wconf 88' lang='grc'>;</span> <span class='ocrx_word' id='word_1_32' title='bbox 965 609 1112 665; x_wconf 91' lang='lat' dir='ltr'><strong>Cum</strong></span> <span class='ocrx_word' id='word_1_33' title='bbox 1136 611 1211 664; x_wconf 90' lang='lat' dir='ltr'><strong>sis</strong></span> <span class='ocrx_word' id='word_1_34' title='bbox 1255 609 1482 674; x_wconf 84' lang='lat' dir='ltr'><strong>mulier,</strong></span> <span class='ocrx_word' id='word_1_35' title='bbox 1518 609 1800 664; x_wconf 86' lang='lat' dir='ltr'><strong>erubesce</strong></span> <span class='ocrx_word' id='word_1_36' title='bbox 1841 626 1853 674; x_wconf 91' lang='lat'>;</span> <span class='ocrx_word' id='word_1_37' title='bbox 1887 622 2159 662; x_wconf 91' lang='lat' dir='ltr'><strong>revereor</strong></span> 
     </span>
    </p>
   </div>
   <div class='ocr_carea' id='block_1_7' title="bbox 516 696 2154 761">
    <p class='ocr_par' dir='ltr' id='par_1_7' title="bbox 516 696 2154 761">
     <span class='ocr_line' id='line_1_7' title="bbox 516 696 2154 761; baseline 0.001 -12"><span class='ocrx_word' id='word_1_38' title='bbox 516 697 694 761; x_wconf 90' lang='lat' dir='ltr'><strong>enim,</strong></span> <span class='ocrx_word' id='word_1_39' title='bbox 736 701 790 750; x_wconf 90' lang='lat' dir='ltr'><strong>et</strong></span> <span class='ocrx_word' id='word_1_40' title='bbox 837 698 1120 753; x_wconf 87' lang='lat' dir='ltr'><strong>erubesco</strong></span> <span class='ocrx_word' id='word_1_41' title='bbox 1163 698 1454 753; x_wconf 79' lang='lat' dir='ltr'><strong>Christum</strong></span> <span class='ocrx_word' id='word_1_42' title='bbox 1502 697 1600 752; x_wconf 86' lang='lat' dir='ltr'><strong>Dei</strong></span> <span class='ocrx_word' id='word_1_43' title='bbox 1635 698 1882 753; x_wconf 81' lang='lat' dir='ltr'><strong>viventis</strong></span> <span class='ocrx_word' id='word_1_44' title='bbox 1928 696 2154 760; x_wconf 87' lang='lat' dir='ltr'><strong>Filium,</strong></span> 
     </span>
    </p>
   </div>
   <div class='ocr_carea' id='block_1_8' title="bbox 515 785 2154 858">
    <p class='ocr_par' dir='ltr' id='par_1_8' title="bbox 515 785 2154 858">
     <span class='ocr_line' id='line_1_8' title="bbox 515 785 2154 858; baseline -0.001 -20"><span class='ocrx_word' id='word_1_45' title='bbox 515 785 616 855; x_wconf 91' lang='lat' dir='ltr'><strong>qui</strong></span> <span class='ocrx_word' id='word_1_46' title='bbox 647 789 733 839; x_wconf 90' lang='lat' dir='ltr'><strong>est</strong></span> <span class='ocrx_word' id='word_1_47' title='bbox 762 791 895 839; x_wconf 88' lang='lat' dir='ltr'><strong>ante</strong></span> <span class='ocrx_word' id='word_1_48' title='bbox 946 785 1155 840; x_wconf 80' lang='lat' dir='ltr'><strong>faciem</strong></span> <span class='ocrx_word' id='word_1_49' title='bbox 1196 802 1418 852; x_wconf 85' lang='lat' dir='ltr'><strong>meam,</strong></span> <span class='ocrx_word' id='word_1_50' title='bbox 1461 802 1655 858; x_wconf 90' lang='lat' dir='ltr'><strong>neque</strong></span> <span class='ocrx_word' id='word_1_51' title='bbox 1700 786 1862 841; x_wconf 90' lang='lat' dir='ltr'><strong>illum</strong></span> <span class='ocrx_word' id='word_1_52' title='bbox 1909 801 2154 856; x_wconf 89' lang='lat' dir='ltr'><strong>possum</strong></span> 
     </span>
    </p>
   </div>
   <div class='ocr_carea' id='block_1_9' title="bbox 514 872 2155 944">
    <p class='ocr_par' dir='ltr' id='par_1_9' title="bbox 514 872 2155 944">
     <span class='ocr_line' id='line_1_9' title="bbox 514 872 2155 944; baseline 0 -17"><span class='ocrx_word' id='word_1_53' title='bbox 514 872 941 944; x_wconf 78' lang='lat' dir='ltr'><strong>derelinquere,</strong></span> <span class='ocrx_word' id='word_1_54' title='bbox 975 880 1028 928; x_wconf 92' lang='lat' dir='ltr'><strong>et</strong></span> <span class='ocrx_word' id='word_1_55' title='bbox 1050 873 1354 929; x_wconf 76' lang='lat' dir='ltr'><strong>daemones</strong></span> <span class='ocrx_word' id='word_1_56' title='bbox 1380 875 1590 930; x_wconf 90' lang='lat' dir='ltr'><strong>colere.</strong></span> <span class='ocrx_word' id='word_1_57' title='bbox 1621 876 1838 930; x_wconf 87' lang='lat' dir='ltr'><strong>Furore</strong></span> <span class='ocrx_word' id='word_1_58' title='bbox 1869 889 2155 929; x_wconf 89' lang='lat' dir='ltr'><strong>accensus</strong></span> 
     </span>
    </p>
   </div>
   <div class='ocr_carea' id='block_1_10' title="bbox 515 962 2152 1028">
    <p class='ocr_par' dir='ltr' id='par_1_10' title="bbox 515 962 2152 1028">
     <span class='ocr_line' id='line_1_10' title="bbox 515 962 2152 1028; baseline -0.001 -12"><span class='ocrx_word' id='word_1_59' title='bbox 515 967 602 1016; x_wconf 92' lang='lat' dir='ltr'><strong>est</strong></span> <span class='ocrx_word' id='word_1_60' title='bbox 631 962 998 1028; x_wconf 84' lang='lat' dir='ltr'><strong>Aurelianus,</strong></span> <span class='ocrx_word' id='word_1_61' title='bbox 1055 979 1193 1017; x_wconf 92' lang='lat' dir='ltr'><strong>cum</strong></span> <span class='ocrx_word' id='word_1_62' title='bbox 1247 980 1304 1016; x_wconf 89' lang='lat' dir='ltr'><strong>se</strong></span> <span class='ocrx_word' id='word_1_63' title='bbox 1347 965 1424 1018; x_wconf 89' lang='lat' dir='ltr'><strong>ab</strong></span> <span class='ocrx_word' id='word_1_64' title='bbox 1460 963 1575 1018; x_wconf 89' lang='lat' dir='ltr'><strong>illis</strong></span> <span class='ocrx_word' id='word_1_65' title='bbox 1631 965 1868 1018; x_wconf 90' lang='lat' dir='ltr'><strong>irrisum</strong></span> <span class='ocrx_word' id='word_1_66' title='bbox 1913 963 2152 1018; x_wconf 91' lang='lat' dir='ltr'><strong>videret.</strong></span> 
     </span>
    </p>
   </div>
   <div class='ocr_carea' id='block_1_11' title="bbox 517 1050 2153 1123">
    <p class='ocr_par' dir='ltr' id='par_1_11' title="bbox 517 1050 2153 1123">
     <span class='ocr_line' id='line_1_11' title="bbox 517 1050 2153 1123; baseline 0.001 -19"><span class='ocrx_word' id='word_1_67' title='bbox 517 1053 714 1121; x_wconf 83' lang='lat' dir='ltr'><strong>Itaque</strong></span> <span class='ocrx_word' id='word_1_68' title='bbox 745 1050 920 1119; x_wconf 80' lang='lat' dir='ltr'><strong>jussit</strong></span> <span class='ocrx_word' id='word_1_69' title='bbox 968 1051 1275 1106; x_wconf 83' lang='lat' dir='ltr'><strong>carniﬁces</strong></span> <span class='ocrx_word' id='word_1_70' title='bbox 1315 1051 1513 1123; x_wconf 83' lang='lat' dir='ltr'><strong>ignem</strong></span> <span class='ocrx_word' id='word_1_71' title='bbox 1545 1067 1651 1123; x_wconf 93' lang='lat' dir='ltr'><strong>per</strong></span> <span class='ocrx_word' id='word_1_72' title='bbox 1703 1057 1888 1106; x_wconf 90' lang='lat' dir='ltr'><strong>totum</strong></span> <span class='ocrx_word' id='word_1_73' title='bbox 1936 1067 2153 1123; x_wconf 90' lang='lat' dir='ltr'><strong>corpus</strong></span> 
     </span>
    </p>
   </div>
   <div class='ocr_carea' id='block_1_12' title="bbox 514 1136 2151 1206">
    <p class='ocr_par' dir='ltr' id='par_1_12' title="bbox 514 1136 2151 1206">
     <span class='ocr_line' id='line_1_12' title="bbox 514 1136 2151 1206; baseline 0.003 -17"><span class='ocrx_word' id='word_1_74' title='bbox 514 1136 749 1192; x_wconf 89' lang='lat' dir='ltr'><strong>illorum</strong></span> <span class='ocrx_word' id='word_1_75' title='bbox 781 1138 1174 1193; x_wconf 79' lang='lat' dir='ltr'><strong>circumferre.</strong></span> <span class='ocrx_word' id='word_1_76' title='bbox 1209 1140 1380 1204; x_wconf 86' lang='lat' dir='ltr'><strong>Quod</strong></span> <span class='ocrx_word' id='word_1_77' title='bbox 1409 1156 1546 1196; x_wconf 91' lang='lat' dir='ltr'><strong>cum</strong></span> <span class='ocrx_word' id='word_1_78' title='bbox 1582 1140 1663 1194; x_wconf 90' lang='lat' dir='ltr'><strong>illi</strong></span> <span class='ocrx_word' id='word_1_79' title='bbox 1691 1156 1828 1195; x_wconf 84' lang='lat' dir='ltr'><strong>mox</strong></span> <span class='ocrx_word' id='word_1_80' title='bbox 1860 1139 2151 1206; x_wconf 84' lang='lat' dir='ltr'><strong>fecissent,</strong></span> 
     </span>
    </p>
   </div>
   <div class='ocr_carea' id='block_1_13' title="bbox 513 1227 2154 1298">
    <p class='ocr_par' dir='ltr' id='par_1_13' title="bbox 513 1227 2154 1298">
     <span class='ocr_line' id='line_1_13' title="bbox 513 1227 2154 1298; baseline 0.001 -18"><span class='ocrx_word' id='word_1_81' title='bbox 513 1230 634 1280; x_wconf 89' lang='lat' dir='ltr'><strong>tota</strong></span> <span class='ocrx_word' id='word_1_82' title='bbox 660 1227 880 1291; x_wconf 90' lang='lat' dir='ltr'><strong>civitas,</strong></span> <span class='ocrx_word' id='word_1_83' title='bbox 913 1242 1046 1298; x_wconf 62' lang='lat' dir='ltr'><strong>quae</strong></span> <span class='ocrx_word' id='word_1_84' title='bbox 1078 1231 1422 1282; x_wconf 90' lang='lat' dir='ltr'><strong>sanctorum</strong></span> <span class='ocrx_word' id='word_1_85' title='bbox 1452 1233 1781 1298; x_wconf 77' lang='lat' dir='ltr'><strong>martyrum</strong></span> <span class='ocrx_word' id='word_1_86' title='bbox 1813 1228 2154 1298; x_wconf 91' lang='lat' dir='ltr'><strong>spectaculo</strong></span> 
     </span>
    </p>
   </div>
   <div class='ocr_carea' id='block_1_14' title="bbox 513 1315 2152 1386">
    <p class='ocr_par' dir='ltr' id='par_1_14' title="bbox 513 1315 2152 1386">
     <span class='ocr_line' id='line_1_14' title="bbox 513 1315 2152 1386; baseline 0.002 -19"><span class='ocrx_word' id='word_1_87' title='bbox 513 1317 808 1379; x_wconf 86' lang='lat' dir='ltr'><strong>intererat,</strong></span> <span class='ocrx_word' id='word_1_88' title='bbox 845 1330 986 1370; x_wconf 92' lang='lat' dir='ltr'><strong>voce</strong></span> <span class='ocrx_word' id='word_1_89' title='bbox 1015 1330 1235 1384; x_wconf 90' lang='lat' dir='ltr'><strong>magna</strong></span> <span class='ocrx_word' id='word_1_90' title='bbox 1263 1315 1562 1372; x_wconf 89' lang='lat' dir='ltr'><strong>clamabat</strong></span> <span class='ocrx_word' id='word_1_91' title='bbox 1586 1336 1597 1374; x_wconf 92' lang='grc'>;</span> <span class='ocrx_word' id='word_1_92' title='bbox 1619 1317 1946 1386; x_wconf 87' lang='lat' dir='ltr'><strong>Imperator</strong></span> <span class='ocrx_word' id='word_1_93' title='bbox 1970 1322 2152 1370; x_wconf 85' lang='lat' dir='ltr'><strong>Aure-</strong></span> 
     </span>
    </p>
   </div>
   <div class='ocr_carea' id='block_1_15' title="bbox 509 1400 2155 1473">
    <p class='ocr_par' dir='ltr' id='par_1_15' title="bbox 509 1400 2155 1473">
     <span class='ocr_line' id='line_1_15' title="bbox 509 1400 2155 1473; baseline 0.002 -17"><span class='ocrx_word' id='word_1_94' title='bbox 509 1400 686 1467; x_wconf 88' lang='lat' dir='ltr'><strong>liane,</strong></span> <span class='ocrx_word' id='word_1_95' title='bbox 720 1401 936 1472; x_wconf 87' lang='lat' dir='ltr'><strong>injuste</strong></span> <span class='ocrx_word' id='word_1_96' title='bbox 975 1403 1230 1471; x_wconf 88' lang='lat' dir='ltr'><strong>judicas,</strong></span> <span class='ocrx_word' id='word_1_97' title='bbox 1261 1402 1477 1473; x_wconf 90' lang='lat' dir='ltr'><strong>injuste</strong></span> <span class='ocrx_word' id='word_1_98' title='bbox 1520 1403 1651 1458; x_wconf 90' lang='lat' dir='ltr'><strong>illos</strong></span> <span class='ocrx_word' id='word_1_99' title='bbox 1682 1404 1930 1458; x_wconf 86' lang='lat' dir='ltr'><strong>crucias.</strong></span> <span class='ocrx_word' id='word_1_100' title='bbox 1967 1404 2020 1459; x_wconf 93' lang='lat' dir='ltr'><strong>Si</strong></span> <span class='ocrx_word' id='word_1_101' title='bbox 2049 1420 2155 1459; x_wconf 89' lang='lat' dir='ltr'><strong>no-</strong></span> 
     </span>
    </p>
   </div>
   <div class='ocr_carea' id='block_1_16' title="bbox 509 1489 2146 1556">
    <p class='ocr_par' dir='ltr' id='par_1_16' title="bbox 509 1489 2146 1556">
     <span class='ocr_line' id='line_1_16' title="bbox 509 1489 2146 1556; baseline 0.001 -12"><span class='ocrx_word' id='word_1_102' title='bbox 509 1489 640 1544; x_wconf 89' lang='lat' dir='ltr'><strong>lunt</strong></span> <span class='ocrx_word' id='word_1_103' title='bbox 663 1489 776 1544; x_wconf 90' lang='lat' dir='ltr'><strong>diis</strong></span> <span class='ocrx_word' id='word_1_104' title='bbox 803 1490 1156 1556; x_wconf 75' lang='lat' dir='ltr'><strong>sacrificare,</strong></span> <span class='ocrx_word' id='word_1_105' title='bbox 1187 1493 1537 1546; x_wconf 87' lang='lat' dir='ltr'><strong>sententiam</strong></span> <span class='ocrx_word' id='word_1_106' title='bbox 1584 1500 1789 1546; x_wconf 91' lang='lat' dir='ltr'><strong>contra</strong></span> <span class='ocrx_word' id='word_1_107' title='bbox 1821 1491 1948 1546; x_wconf 91' lang='lat' dir='ltr'><strong>illos</strong></span> <span class='ocrx_word' id='word_1_108' title='bbox 1975 1491 2146 1548; x_wconf 88' lang='lat' dir='ltr'><strong>feras.</strong></span> 
     </span>
    </p>
   </div>
   <div class='ocr_carea' id='block_1_17' title="bbox 507 1578 2150 1650">
    <p class='ocr_par' dir='ltr' id='par_1_17' title="bbox 507 1578 2150 1650">
     <span class='ocr_line' id='line_1_17' title="bbox 507 1578 2150 1650; baseline 0.002 -18"><span class='ocrx_word' id='word_1_109' title='bbox 507 1579 654 1639; x_wconf 84' lang='lat' dir='ltr'><strong>Tum</strong></span> <span class='ocrx_word' id='word_1_110' title='bbox 727 1578 1102 1646; x_wconf 85' lang='lat' dir='ltr'><strong>Aurelianus,</strong></span> <span class='ocrx_word' id='word_1_111' title='bbox 1169 1594 1303 1634; x_wconf 90' lang='lat' dir='ltr'><strong>cum</strong></span> <span class='ocrx_word' id='word_1_112' title='bbox 1376 1586 1681 1645; x_wconf 90' lang='lat' dir='ltr'><strong>metueret,</strong></span> <span class='ocrx_word' id='word_1_113' title='bbox 1759 1595 1832 1634; x_wconf 92' lang='lat' dir='ltr'><strong>ne</strong></span> <span class='ocrx_word' id='word_1_114' title='bbox 1890 1580 2150 1650; x_wconf 90' lang='lat' dir='ltr'><strong>populus</strong></span> 
     </span>
    </p>
   </div>
   <div class='ocr_carea' id='block_1_18' title="bbox 509 1665 2150 1738">
    <p class='ocr_par' dir='ltr' id='par_1_18' title="bbox 509 1665 2150 1738">
     <span class='ocr_line' id='line_1_18' title="bbox 509 1665 2150 1738; baseline 0.004 -20"><span class='ocrx_word' id='word_1_115' title='bbox 509 1665 857 1720; x_wconf 87' lang='lat' dir='ltr'><strong>seditionem</strong></span> <span class='ocrx_word' id='word_1_116' title='bbox 890 1667 1172 1721; x_wconf 90' lang='lat' dir='ltr'><strong>adversus</strong></span> <span class='ocrx_word' id='word_1_117' title='bbox 1199 1667 1394 1738; x_wconf 90' lang='lat' dir='ltr'><strong>ipsum</strong></span> <span class='ocrx_word' id='word_1_118' title='bbox 1430 1669 1767 1734; x_wconf 86' lang='lat' dir='ltr'><strong>concitaret,</strong></span> <span class='ocrx_word' id='word_1_119' title='bbox 1801 1671 2150 1724; x_wconf 91' lang='lat' dir='ltr'><strong>sententiam</strong></span> 
     </span>
    </p>
   </div>
   <div class='ocr_carea' id='block_1_19' title="bbox 509 1751 2224 1837">
    <p class='ocr_par' dir='ltr' id='par_1_19' title="bbox 509 1751 2224 1837">
     <span class='ocr_line' id='line_1_19' title="bbox 509 1751 2224 1837; baseline 0.004 -31"><span class='ocrx_word' id='word_1_120' title='bbox 509 1751 651 1817; x_wconf 92' lang='lat' dir='ltr'><strong>tulit,</strong></span> <span class='ocrx_word' id='word_1_121' title='bbox 709 1758 772 1807; x_wconf 91' lang='lat' dir='ltr'><strong>ut</strong></span> <span class='ocrx_word' id='word_1_122' title='bbox 822 1769 1028 1807; x_wconf 89' lang='lat' dir='ltr'><strong>eorum</strong></span> <span class='ocrx_word' id='word_1_123' title='bbox 1073 1755 1267 1825; x_wconf 89' lang='lat' dir='ltr'><strong>capita</strong></span> <span class='ocrx_word' id='word_1_124' title='bbox 1324 1761 1755 1820; x_wconf 89' lang='lat' dir='ltr'><strong>truncarentur,</strong></span> <span class='ocrx_word' id='word_1_125' title='bbox 1800 1761 1855 1811; x_wconf 92' lang='lat' dir='ltr'><strong>et</strong></span> <span class='ocrx_word' id='word_1_126' title='bbox 1905 1773 2152 1828; x_wconf 88' lang='lat' dir='ltr'><strong>corpora</strong></span> <span class='ocrx_word' id='word_1_127' title='bbox 2182 1785 2224 1837; x_wconf 79' lang='grc' dir='ltr'>Β</span> 
     </span>
    </p>
   </div>
   <div class='ocr_carea' id='block_1_20' title="bbox 506 1840 2144 1915">
    <p class='ocr_par' dir='ltr' id='par_1_20' title="bbox 506 1840 2144 1915">
     <span class='ocr_line' id='line_1_20' title="bbox 506 1840 2144 1915; baseline 0.004 -21"><span class='ocrx_word' id='word_1_128' title='bbox 506 1840 757 1895; x_wconf 91' lang='lat' dir='ltr'><strong>canibus</strong></span> <span class='ocrx_word' id='word_1_129' title='bbox 787 1857 856 1896; x_wconf 90' lang='lat' dir='ltr'><strong>ac</strong></span> <span class='ocrx_word' id='word_1_130' title='bbox 885 1841 1020 1896; x_wconf 87' lang='lat' dir='ltr'><strong>feris</strong></span> <span class='ocrx_word' id='word_1_131' title='bbox 1069 1847 1122 1897; x_wconf 92' lang='lat' dir='ltr'><strong>et</strong></span> <span class='ocrx_word' id='word_1_132' title='bbox 1154 1842 1493 1898; x_wconf 89' lang='lat' dir='ltr'><strong>volucribus</strong></span> <span class='ocrx_word' id='word_1_133' title='bbox 1536 1844 1666 1898; x_wconf 71' lang='lat' dir='ltr'><strong>cmli</strong></span> <span class='ocrx_word' id='word_1_134' title='bbox 1702 1845 2144 1915; x_wconf 89' lang='lat' dir='ltr'><strong>projicerentur.</strong></span> 
     </span>
    </p>
   </div>
   <div class='ocr_carea' id='block_1_21' title="bbox 573 1929 2148 2004">
    <p class='ocr_par' dir='ltr' id='par_1_21' title="bbox 573 1929 2148 2004">
     <span class='ocr_line' id='line_1_21' title="bbox 573 1929 2148 2004; baseline 0.005 -21"><span class='ocrx_word' id='word_1_135' title='bbox 573 1929 738 1984; x_wconf 87' lang='lat' dir='ltr'><strong>XXV.</strong></span> <span class='ocrx_word' id='word_1_136' title='bbox 769 1931 971 1994; x_wconf 84' lang='lat' dir='ltr'><strong>itaque</strong></span> <span class='ocrx_word' id='word_1_137' title='bbox 1003 1931 1236 1986; x_wconf 90' lang='lat' dir='ltr'><strong>decimo</strong></span> <span class='ocrx_word' id='word_1_138' title='bbox 1254 1932 1506 2003; x_wconf 92' lang='lat' dir='ltr'><strong>septimo</strong></span> <span class='ocrx_word' id='word_1_139' title='bbox 1537 1933 1633 1988; x_wconf 93' lang='lat' dir='ltr'><strong>die</strong></span> <span class='ocrx_word' id='word_1_140' title='bbox 1661 1935 1880 1988; x_wconf 91' lang='lat' dir='ltr'><strong>mensis</strong></span> <span class='ocrx_word' id='word_1_141' title='bbox 1902 1936 2148 2004; x_wconf 81' lang='lat' dir='ltr'><strong>Augusti</strong></span> 
     </span>
    </p>
   </div>
   <div class='ocr_carea' id='block_1_22' title="bbox 504 2017 2148 2094">
    <p class='ocr_par' dir='ltr' id='par_1_22' title="bbox 504 2017 2148 2094">
     <span class='ocr_line' id='line_1_22' title="bbox 504 2017 2148 2094; baseline 0.005 -23"><span class='ocrx_word' id='word_1_142' title='bbox 504 2017 768 2072; x_wconf 87' lang='lat' dir='ltr'><strong>exierunt</strong></span> <span class='ocrx_word' id='word_1_143' title='bbox 786 2017 961 2072; x_wconf 88' lang='lat' dir='ltr'><strong>simul</strong></span> <span class='ocrx_word' id='word_1_144' title='bbox 984 2018 1268 2083; x_wconf 65' lang='lat' dir='ltr'><strong>laetantes,</strong></span> <span class='ocrx_word' id='word_1_145' title='bbox 1299 2025 1471 2092; x_wconf 92' lang='lat' dir='ltr'><strong>atque</strong></span> <span class='ocrx_word' id='word_1_146' title='bbox 1500 2037 1734 2076; x_wconf 90' lang='lat' dir='ltr'><strong>versum</strong></span> <span class='ocrx_word' id='word_1_147' title='bbox 1752 2021 1911 2077; x_wconf 92' lang='lat' dir='ltr'><strong>hunc</strong></span> <span class='ocrx_word' id='word_1_148' title='bbox 1934 2024 2148 2094; x_wconf 90' lang='lat' dir='ltr'><strong>psalmi</strong></span> 
     </span>
    </p>
   </div>
   <div class='ocr_carea' id='block_1_23' title="bbox 503 2106 2148 2180">
    <p class='ocr_par' dir='ltr' id='par_1_23' title="bbox 503 2106 2148 2180">
     <span class='ocr_line' id='line_1_23' title="bbox 503 2106 2148 2180; baseline 0.006 -21"><span class='ocrx_word' id='word_1_149' title='bbox 503 2106 881 2160; x_wconf 82' lang='lat' dir='ltr'><strong>concinentes</strong></span> <span class='ocrx_word' id='word_1_150' title='bbox 898 2123 910 2160; x_wconf 94' lang='lat'><strong>:</strong></span> <span class='ocrx_word' id='word_1_151' title='bbox 927 2107 1194 2162; x_wconf 80' lang='lat' dir='ltr'><strong>Satvasti</strong></span> <span class='ocrx_word' id='word_1_152' title='bbox 1212 2124 1338 2174; x_wconf 89' lang='lat' dir='ltr'><strong>nos,</strong></span> <span class='ocrx_word' id='word_1_153' title='bbox 1365 2110 1629 2172; x_wconf 80' lang='lat' dir='ltr'><strong>Domine,</strong></span> <span class='ocrx_word' id='word_1_154' title='bbox 1654 2111 1728 2165; x_wconf 82' lang='lat' dir='ltr'><strong>ab</strong></span> <span class='ocrx_word' id='word_1_155' title='bbox 1749 2111 2148 2180; x_wconf 84' lang='lat' dir='ltr'><strong>a/ﬂigentibus</strong></span> 
     </span>
    </p>
   </div>
   <div class='ocr_carea' id='block_1_24' title="bbox 500 2195 2143 2265">
    <p class='ocr_par' dir='ltr' id='par_1_24' title="bbox 500 2195 2143 2265">
     <span class='ocr_line' id='line_1_24' title="bbox 500 2195 2143 2265; baseline 0.005 -18"><span class='ocrx_word' id='word_1_156' title='bbox 500 2208 606 2248; x_wconf 82' lang='lat' dir='ltr'><strong>nos</strong></span> <span class='ocrx_word' id='word_1_157' title='bbox 627 2197 679 2250; x_wconf 89' lang='lat' dir='ltr'><strong>et</strong></span> <span class='ocrx_word' id='word_1_158' title='bbox 710 2195 968 2250; x_wconf 85' lang='lat' dir='ltr'><strong>odientes</strong></span> <span class='ocrx_word' id='word_1_159' title='bbox 986 2211 1087 2250; x_wconf 82' lang='lat' dir='ltr'><strong>nos</strong></span> <span class='ocrx_word' id='word_1_160' title='bbox 1119 2197 1464 2265; x_wconf 78' lang='lat' dir='ltr'><strong>confudisti.</strong></span> <span class='ocrx_word' id='word_1_161' title='bbox 1495 2201 1640 2254; x_wconf 91' lang='lat' dir='ltr'><strong>Cum</strong></span> <span class='ocrx_word' id='word_1_162' title='bbox 1672 2215 1812 2253; x_wconf 92' lang='lat' dir='ltr'><strong>vero</strong></span> <span class='ocrx_word' id='word_1_163' title='bbox 1842 2200 1918 2254; x_wconf 92' lang='lat' dir='ltr'><strong>ad</strong></span> <span class='ocrx_word' id='word_1_164' title='bbox 1946 2200 2143 2256; x_wconf 89' lang='lat' dir='ltr'><strong>locum</strong></span> 
     </span>
    </p>
   </div>
   <div class='ocr_carea' id='block_1_25' title="bbox 502 2281 2145 2354">
    <p class='ocr_par' dir='ltr' id='par_1_25' title="bbox 502 2281 2145 2354">
     <span class='ocr_line' id='line_1_25' title="bbox 502 2281 2145 2354; baseline 0.006 -20"><span class='ocrx_word' id='word_1_165' title='bbox 502 2281 758 2351; x_wconf 78' lang='lat' dir='ltr'><strong>martyrii</strong></span> <span class='ocrx_word' id='word_1_166' title='bbox 776 2283 1067 2337; x_wconf 90' lang='lat' dir='ltr'><strong>venissent</strong></span> <span class='ocrx_word' id='word_1_167' title='bbox 1085 2288 1249 2339; x_wconf 89' lang='lat' dir='ltr'><strong>extra</strong></span> <span class='ocrx_word' id='word_1_168' title='bbox 1264 2285 1483 2348; x_wconf 90' lang='lat' dir='ltr'><strong>urbem,</strong></span> <span class='ocrx_word' id='word_1_169' title='bbox 1501 2285 1702 2340; x_wconf 89' lang='lat' dir='ltr'><strong>Paulus</strong></span> <span class='ocrx_word' id='word_1_170' title='bbox 1716 2288 1947 2354; x_wconf 84' lang='lat' dir='ltr'><strong>rogavit</strong></span> <span class='ocrx_word' id='word_1_171' title='bbox 1959 2292 2145 2344; x_wconf 88' lang='lat' dir='ltr'><strong>carni-</strong></span> 
     </span>
    </p>
   </div>
   <div class='ocr_carea' id='block_1_26' title="bbox 498 2369 2145 2446">
    <p class='ocr_par' dir='ltr' id='par_1_26' title="bbox 498 2369 2145 2446">
     <span class='ocr_line' id='line_1_26' title="bbox 498 2369 2145 2446; baseline 0.005 -23"><span class='ocrx_word' id='word_1_172' title='bbox 498 2369 695 2433; x_wconf 87' lang='lat' dir='ltr'><strong>ﬁcem,</strong></span> <span class='ocrx_word' id='word_1_173' title='bbox 712 2375 774 2424; x_wconf 89' lang='lat' dir='ltr'><strong>ut</strong></span> <span class='ocrx_word' id='word_1_174' title='bbox 794 2370 1086 2425; x_wconf 83' lang='lat' dir='ltr'><strong>Julianam</strong></span> <span class='ocrx_word' id='word_1_175' title='bbox 1109 2373 1270 2442; x_wconf 90' lang='lat' dir='ltr'><strong>prius</strong></span> <span class='ocrx_word' id='word_1_176' title='bbox 1287 2388 1473 2443; x_wconf 92' lang='lat' dir='ltr'><strong>quam</strong></span> <span class='ocrx_word' id='word_1_177' title='bbox 1497 2374 1714 2444; x_wconf 89' lang='lat' dir='ltr'><strong>ipsum,</strong></span> <span class='ocrx_word' id='word_1_178' title='bbox 1732 2377 1921 2429; x_wconf 86' lang='lat' dir='ltr'><strong>securi</strong></span> <span class='ocrx_word' id='word_1_179' title='bbox 1941 2393 2074 2446; x_wconf 87' lang='lat' dir='ltr'><strong>perc</strong></span> <span class='ocrx_word' id='word_1_180' title='bbox 2086 2395 2145 2432; x_wconf 90' lang='lat' dir='ltr'><strong>u-</strong></span> 
     </span>
    </p>
   </div>
   <div class='ocr_carea' id='block_1_27' title="bbox 499 2457 2143 2536">
    <p class='ocr_par' dir='ltr' id='par_1_27' title="bbox 499 2457 2143 2536">
     <span class='ocr_line' id='line_1_27' title="bbox 499 2457 2143 2536; baseline 0.007 -26"><span class='ocrx_word' id='word_1_181' title='bbox 499 2462 656 2512; x_wconf 91' lang='lat' dir='ltr'><strong>teret.</strong></span> <span class='ocrx_word' id='word_1_182' title='bbox 689 2457 924 2513; x_wconf 88' lang='lat' dir='ltr'><strong>Juliana</strong></span> <span class='ocrx_word' id='word_1_183' title='bbox 955 2474 1110 2523; x_wconf 89' lang='lat' dir='ltr'><strong>vero,</strong></span> <span class='ocrx_word' id='word_1_184' title='bbox 1141 2475 1275 2516; x_wconf 91' lang='lat' dir='ltr'><strong>cum</strong></span> <span class='ocrx_word' id='word_1_185' title='bbox 1309 2461 1519 2516; x_wconf 86' lang='lat' dir='ltr'><strong>faciem</strong></span> <span class='ocrx_word' id='word_1_186' title='bbox 1540 2478 1712 2516; x_wconf 88' lang='lat' dir='ltr'><strong>suam</strong></span> <span class='ocrx_word' id='word_1_187' title='bbox 1734 2463 1943 2518; x_wconf 85' lang='lat' dir='ltr'><strong>Christi</strong></span> <span class='ocrx_word' id='word_1_188' title='bbox 1973 2466 2143 2536; x_wconf 92' lang='lat' dir='ltr'><strong>signo</strong></span> 
     </span>
    </p>
   </div>
   <div class='ocr_carea' id='block_1_28' title="bbox 497 2544 2142 2625">
    <p class='ocr_par' dir='ltr' id='par_1_28' title="bbox 497 2544 2142 2625">
     <span class='ocr_line' id='line_1_28' title="bbox 497 2544 2142 2625; baseline 0.005 -25"><span class='ocrx_word' id='word_1_189' title='bbox 497 2544 807 2609; x_wconf 90' lang='lat' dir='ltr'><strong>munisset,</strong></span> <span class='ocrx_word' id='word_1_190' title='bbox 840 2546 1160 2602; x_wconf 88' lang='lat' dir='ltr'><strong>admodum</strong></span> <span class='ocrx_word' id='word_1_191' title='bbox 1192 2547 1326 2604; x_wconf 65' lang='lat' dir='ltr'><strong>laeta</strong></span> <span class='ocrx_word' id='word_1_192' title='bbox 1348 2549 1566 2605; x_wconf 90' lang='lat' dir='ltr'><strong>collum</strong></span> <span class='ocrx_word' id='word_1_193' title='bbox 1586 2551 1863 2616; x_wconf 84' lang='lat' dir='ltr'><strong>extendit,</strong></span> <span class='ocrx_word' id='word_1_194' title='bbox 1889 2567 2142 2625; x_wconf 89' lang='lat' dir='ltr'><strong>eamque</strong></span> 
     </span>
    </p>
   </div>
   <div class='ocr_carea' id='block_1_29' title="bbox 496 2634 2142 2706">
    <p class='ocr_par' dir='ltr' id='par_1_29' title="bbox 496 2634 2142 2706">
     <span class='ocr_line' id='line_1_29' title="bbox 496 2634 2142 2706; baseline 0.007 -19"><span class='ocrx_word' id='word_1_195' title='bbox 496 2634 819 2704; x_wconf 89' lang='lat' dir='ltr'><strong>spiculator</strong></span> <span class='ocrx_word' id='word_1_196' title='bbox 848 2635 1034 2689; x_wconf 90' lang='lat' dir='ltr'><strong>securi</strong></span> <span class='ocrx_word' id='word_1_197' title='bbox 1057 2637 1366 2704; x_wconf 89' lang='lat' dir='ltr'><strong>percussit.</strong></span> <span class='ocrx_word' id='word_1_198' title='bbox 1388 2637 1605 2692; x_wconf 88' lang='lat' dir='ltr'><strong>Paulus</strong></span> <span class='ocrx_word' id='word_1_199' title='bbox 1628 2638 1802 2706; x_wconf 88' lang='lat' dir='ltr'><strong>igitur</strong></span> <span class='ocrx_word' id='word_1_200' title='bbox 1824 2655 1960 2694; x_wconf 91' lang='lat' dir='ltr'><strong>cum</strong></span> <span class='ocrx_word' id='word_1_201' title='bbox 1977 2658 2142 2698; x_wconf 90' lang='lat' dir='ltr'><strong>soro-</strong></span> 
     </span>
    </p>
   </div>
   <div class='ocr_carea' id='block_1_30' title="bbox 493 2720 2133 2793">
    <p class='ocr_par' dir='ltr' id='par_1_30' title="bbox 493 2720 2133 2793">
     <span class='ocr_line' id='line_1_30' title="bbox 493 2720 2133 2793; baseline 0.007 -19"><span class='ocrx_word' id='word_1_202' title='bbox 493 2735 621 2775; x_wconf 89' lang='lat' dir='ltr'><strong>rem</strong></span> <span class='ocrx_word' id='word_1_203' title='bbox 650 2720 860 2776; x_wconf 88' lang='lat' dir='ltr'><strong>Christi</strong></span> <span class='ocrx_word' id='word_1_204' title='bbox 901 2723 1179 2792; x_wconf 89' lang='lat' dir='ltr'><strong>martyrio</strong></span> <span class='ocrx_word' id='word_1_205' title='bbox 1224 2724 1588 2793; x_wconf 87' lang='lat' dir='ltr'><strong>perfunctam</strong></span> <span class='ocrx_word' id='word_1_206' title='bbox 1632 2726 1893 2793; x_wconf 89' lang='lat' dir='ltr'><strong>vidisset,</strong></span> <span class='ocrx_word' id='word_1_207' title='bbox 1927 2730 2133 2786; x_wconf 89' lang='lat' dir='ltr'><strong>oculos</strong></span> 
     </span>
    </p>
   </div>
   <div class='ocr_carea' id='block_1_31' title="bbox 567 2895 1084 2962">
    <p class='ocr_par' dir='ltr' id='par_1_31' title="bbox 567 2895 1084 2962">
     <span class='ocr_line' id='line_1_31' title="bbox 567 2895 1084 2962; baseline 0.002 -13"><span class='ocrx_word' id='word_1_208' title='bbox 567 2895 608 2929; x_wconf 90' lang='grc'>¹¹</span> <span class='ocrx_word' id='word_1_209' title='bbox 643 2897 797 2951; x_wconf 86' lang='lat' dir='ltr'><strong>Psal.</strong></span> <span class='ocrx_word' id='word_1_210' title='bbox 830 2898 988 2962; x_wconf 76' lang='lat' dir='ltr'><strong>xuii,</strong></span> <span class='ocrx_word' id='word_1_211' title='bbox 1032 2901 1084 2954; x_wconf 92' lang='lat'><strong>8.</strong></span> 
     </span>
    </p>
   </div>
   <div class='ocr_carea' id='block_1_32' title="bbox 2270 510 3938 584">
    <p class='ocr_par' dir='ltr' id='par_1_32' title="bbox 2270 510 3938 584">
     <span class='ocr_line' id='line_1_32' title="bbox 2270 510 3938 584; baseline -0.002 -14"><span class='ocrx_word' id='word_1_212' title='bbox 2270 531 2389 584; x_wconf 93' lang='lat' dir='ltr'><strong>gno</strong></span> <span class='ocrx_word' id='word_1_213' title='bbox 2402 532 2461 570; x_wconf 92' lang='lat' dir='ltr'><strong>se</strong></span> <span class='ocrx_word' id='word_1_214' title='bbox 2475 516 2669 570; x_wconf 87' lang='lat' dir='ltr'><strong>itidem</strong></span> <span class='ocrx_word' id='word_1_215' title='bbox 2688 516 2964 568; x_wconf 90' lang='lat' dir='ltr'><strong>muniens</strong></span> <span class='ocrx_word' id='word_1_216' title='bbox 2978 513 3199 568; x_wconf 91' lang='lat' dir='ltr'><strong>collum</strong></span> <span class='ocrx_word' id='word_1_217' title='bbox 3217 528 3394 566; x_wconf 92' lang='lat' dir='ltr'><strong>suum</strong></span> <span class='ocrx_word' id='word_1_218' title='bbox 3412 510 3677 566; x_wconf 78' lang='lat' dir='ltr'><strong>extendit</strong></span> <span class='ocrx_word' id='word_1_219' title='bbox 3705 534 3716 565; x_wconf 92' lang='lat'><strong>:</strong></span> <span class='ocrx_word' id='word_1_220' title='bbox 3741 527 3938 582; x_wconf 88' lang='lat' dir='ltr'><strong>quem</strong></span> 
     </span>
    </p>
   </div>
   <div class='ocr_carea' id='block_1_33' title="bbox 2267 602 3252 674">
    <p class='ocr_par' dir='ltr' id='par_1_33' title="bbox 2267 602 3252 674">
     <span class='ocr_line' id='line_1_33' title="bbox 2267 602 3252 674; baseline -0.004 -15"><span class='ocrx_word' id='word_1_221' title='bbox 2267 610 2323 660; x_wconf 93' lang='lat' dir='ltr'><strong>et</strong></span> <span class='ocrx_word' id='word_1_222' title='bbox 2340 604 2660 674; x_wconf 91' lang='lat' dir='ltr'><strong>spiculator</strong></span> <span class='ocrx_word' id='word_1_223' title='bbox 2689 618 2824 658; x_wconf 89' lang='lat' dir='ltr'><strong>mox</strong></span> <span class='ocrx_word' id='word_1_224' title='bbox 2857 602 3252 658; x_wconf 90' lang='lat' dir='ltr'><strong>obtruncavit.</strong></span> 
     </span>
    </p>
   </div>
   <div class='ocr_carea' id='block_1_34' title="bbox 2341 687 3930 761">
    <p class='ocr_par' dir='ltr' id='par_1_34' title="bbox 2341 687 3930 761">
     <span class='ocr_line' id='line_1_34' title="bbox 2341 687 3930 761; baseline -0.001 -15"><span class='ocrx_word' id='word_1_225' title='bbox 2341 693 2517 747; x_wconf 78' lang='lat' dir='ltr'><strong>XXVI.</strong></span> <span class='ocrx_word' id='word_1_226' title='bbox 2551 695 2725 748; x_wconf 89' lang='lat' dir='ltr'><strong>Erant</strong></span> <span class='ocrx_word' id='word_1_227' title='bbox 2768 692 3001 746; x_wconf 89' lang='lat' dir='ltr'><strong>illorum</strong></span> <span class='ocrx_word' id='word_1_228' title='bbox 3047 705 3302 761; x_wconf 89' lang='lat' dir='ltr'><strong>corpora</strong></span> <span class='ocrx_word' id='word_1_229' title='bbox 3356 694 3526 744; x_wconf 88' lang='lat' dir='ltr'><strong>extra</strong></span> <span class='ocrx_word' id='word_1_230' title='bbox 3580 687 3789 744; x_wconf 91' lang='lat' dir='ltr'><strong>urbem</strong></span> <span class='ocrx_word' id='word_1_231' title='bbox 3836 689 3930 759; x_wconf 86' lang='lat' dir='ltr'><strong>ja-</strong></span> 
     </span>
    </p>
   </div>
   <div class='ocr_carea' id='block_1_35' title="bbox 2267 777 3935 851">
    <p class='ocr_par' dir='ltr' id='par_1_35' title="bbox 2267 777 3935 851">
     <span class='ocr_line' id='line_1_35' title="bbox 2267 777 3935 851; baseline -0.002 -14"><span class='ocrx_word' id='word_1_232' title='bbox 2267 783 2476 851; x_wconf 89' lang='lat' dir='ltr'><strong>centia,</strong></span> <span class='ocrx_word' id='word_1_233' title='bbox 2507 798 2644 836; x_wconf 92' lang='lat' dir='ltr'><strong>cum</strong></span> <span class='ocrx_word' id='word_1_234' title='bbox 2676 797 2706 835; x_wconf 93' lang='lat' dir='ltr'>e</span> <span class='ocrx_word' id='word_1_235' title='bbox 2735 780 2863 835; x_wconf 93' lang='lat' dir='ltr'><strong>loco</strong></span> <span class='ocrx_word' id='word_1_236' title='bbox 2891 779 2991 834; x_wconf 93' lang='lat' dir='ltr'><strong>illo</strong></span> <span class='ocrx_word' id='word_1_237' title='bbox 3017 795 3086 834; x_wconf 89' lang='lat' dir='ltr'><strong>ea</strong></span> <span class='ocrx_word' id='word_1_238' title='bbox 3142 779 3345 834; x_wconf 89' lang='lat' dir='ltr'><strong>tollere</strong></span> <span class='ocrx_word' id='word_1_239' title='bbox 3381 777 3691 833; x_wconf 89' lang='lat' dir='ltr'><strong>Christiani</strong></span> <span class='ocrx_word' id='word_1_240' title='bbox 3724 779 3935 850; x_wconf 88' lang='lat' dir='ltr'><strong>prohi—</strong></span> 
     </span>
    </p>
   </div>
   <div class='ocr_carea' id='block_1_36' title="bbox 2266 867 3927 938">
    <p class='ocr_par' dir='ltr' id='par_1_36' title="bbox 2266 867 3927 938">
     <span class='ocr_line' id='line_1_36' title="bbox 2266 867 3927 938; baseline -0.004 -10"><span class='ocrx_word' id='word_1_241' title='bbox 2266 872 2564 928; x_wconf 88' lang='lat' dir='ltr'><strong>berentur.</strong></span> <span class='ocrx_word' id='word_1_242' title='bbox 2601 872 2796 926; x_wconf 85' lang='lat' dir='ltr'><strong>Milites</strong></span> <span class='ocrx_word' id='word_1_243' title='bbox 2820 871 2999 936; x_wconf 90' lang='lat' dir='ltr'><strong>enim,</strong></span> <span class='ocrx_word' id='word_1_244' title='bbox 3035 870 3114 925; x_wconf 87' lang='lat' dir='ltr'><strong>ita</strong></span> <span class='ocrx_word' id='word_1_245' title='bbox 3149 874 3210 923; x_wconf 93' lang='lat' dir='ltr'><strong>ut</strong></span> <span class='ocrx_word' id='word_1_246' title='bbox 3243 870 3504 938; x_wconf 90' lang='lat' dir='ltr'><strong>jusserat</strong></span> <span class='ocrx_word' id='word_1_247' title='bbox 3546 867 3927 932; x_wconf 86' lang='lat' dir='ltr'><strong>Aurelianus,</strong></span> 
     </span>
    </p>
   </div>
   <div class='ocr_carea' id='block_1_37' title="bbox 2265 955 3932 1030">
    <p class='ocr_par' dir='ltr' id='par_1_37' title="bbox 2265 955 3932 1030">
     <span class='ocr_line' id='line_1_37' title="bbox 2265 955 3932 1030; baseline -0.003 -15"><span class='ocrx_word' id='word_1_248' title='bbox 2265 960 2684 1025; x_wconf 88' lang='lat' dir='ltr'><strong>observabant,</strong></span> <span class='ocrx_word' id='word_1_249' title='bbox 2701 975 2773 1014; x_wconf 92' lang='lat' dir='ltr'><strong>ne</strong></span> <span class='ocrx_word' id='word_1_250' title='bbox 2794 958 2930 1030; x_wconf 91' lang='lat' dir='ltr'><strong>quis</strong></span> <span class='ocrx_word' id='word_1_251' title='bbox 2957 957 3235 1029; x_wconf 89' lang='lat' dir='ltr'><strong>reliquias</strong></span> <span class='ocrx_word' id='word_1_252' title='bbox 3258 957 3393 1014; x_wconf 88' lang='lat' dir='ltr'><strong>illas</strong></span> <span class='ocrx_word' id='word_1_253' title='bbox 3414 955 3690 1011; x_wconf 89' lang='lat' dir='ltr'><strong>auferret.</strong></span> <span class='ocrx_word' id='word_1_254' title='bbox 3720 956 3932 1011; x_wconf 87' lang='lat' dir='ltr'><strong>Venie-</strong></span> 
     </span>
    </p>
   </div>
   <div class='ocr_carea' id='block_1_38' title="bbox 2264 1045 3928 1117">
    <p class='ocr_par' dir='ltr' id='par_1_38' title="bbox 2264 1045 3928 1117">
     <span class='ocr_line' id='line_1_38' title="bbox 2264 1045 3928 1117; baseline -0.004 -13"><span class='ocrx_word' id='word_1_255' title='bbox 2264 1048 2408 1104; x_wconf 91' lang='lat' dir='ltr'><strong>bant</strong></span> <span class='ocrx_word' id='word_1_256' title='bbox 2433 1055 2630 1104; x_wconf 88' lang='lat' dir='ltr'><strong>autem</strong></span> <span class='ocrx_word' id='word_1_257' title='bbox 2653 1049 2709 1102; x_wconf 92' lang='lat' dir='ltr'><strong>in</strong></span> <span class='ocrx_word' id='word_1_258' title='bbox 2733 1063 2870 1102; x_wconf 89' lang='lat' dir='ltr'><strong>eum</strong></span> <span class='ocrx_word' id='word_1_259' title='bbox 2896 1046 3094 1102; x_wconf 87' lang='lat' dir='ltr'><strong>locum</strong></span> <span class='ocrx_word' id='word_1_260' title='bbox 3143 1046 3288 1117; x_wconf 91' lang='lat' dir='ltr'><strong>lupi,</strong></span> <span class='ocrx_word' id='word_1_261' title='bbox 3331 1061 3510 1100; x_wconf 89' lang='lat' dir='ltr'><strong>canes</strong></span> <span class='ocrx_word' id='word_1_262' title='bbox 3539 1049 3597 1100; x_wconf 91' lang='lat' dir='ltr'><strong>et</strong></span> <span class='ocrx_word' id='word_1_263' title='bbox 3626 1045 3928 1109; x_wconf 87' lang='lat' dir='ltr'><strong>volucres,</strong></span> 
     </span>
    </p>
   </div>
   <div class='ocr_carea' id='block_1_39' title="bbox 2265 1134 3928 1206">
    <p class='ocr_par' dir='ltr' id='par_1_39' title="bbox 2265 1134 3928 1206">
     <span class='ocr_line' id='line_1_39' title="bbox 2265 1134 3928 1206; baseline -0.002 -14"><span class='ocrx_word' id='word_1_264' title='bbox 2265 1144 2320 1193; x_wconf 92' lang='lat' dir='ltr'><strong>et</strong></span> <span class='ocrx_word' id='word_1_265' title='bbox 2343 1139 2499 1192; x_wconf 89' lang='lat' dir='ltr'><strong>circa</strong></span> <span class='ocrx_word' id='word_1_266' title='bbox 2540 1143 2884 1192; x_wconf 90' lang='lat' dir='ltr'><strong>sanctorum</strong></span> <span class='ocrx_word' id='word_1_267' title='bbox 2945 1141 3277 1206; x_wconf 86' lang='lat' dir='ltr'><strong>martyrum</strong></span> <span class='ocrx_word' id='word_1_268' title='bbox 3325 1149 3574 1205; x_wconf 90' lang='lat' dir='ltr'><strong>corpora</strong></span> <span class='ocrx_word' id='word_1_269' title='bbox 3626 1134 3928 1199; x_wconf 87' lang='lat' dir='ltr'><strong>sedentes,</strong></span> 
     </span>
    </p>
   </div>
   <div class='ocr_carea' id='block_1_40' title="bbox 2263 1223 3927 1295">
    <p class='ocr_par' dir='ltr' id='par_1_40' title="bbox 2263 1223 3927 1295">
     <span class='ocr_line' id='line_1_40' title="bbox 2263 1223 3927 1295; baseline -0.002 -15"><span class='ocrx_word' id='word_1_270' title='bbox 2263 1225 2362 1280; x_wconf 89' lang='lat' dir='ltr'><strong>illa</strong></span> <span class='ocrx_word' id='word_1_271' title='bbox 2413 1225 2830 1281; x_wconf 89' lang='lat' dir='ltr'><strong>custodiebant</strong></span> <span class='ocrx_word' id='word_1_272' title='bbox 2906 1243 2916 1278; x_wconf 92' lang='lat'><strong>:</strong></span> <span class='ocrx_word' id='word_1_273' title='bbox 2961 1240 3216 1295; x_wconf 89' lang='lat' dir='ltr'><strong>cumque</strong></span> <span class='ocrx_word' id='word_1_274' title='bbox 3249 1240 3490 1279; x_wconf 87' lang='lat' dir='ltr'><strong>muscas</strong></span> <span class='ocrx_word' id='word_1_275' title='bbox 3525 1228 3581 1278; x_wconf 89' lang='lat' dir='ltr'><strong>et</strong></span> <span class='ocrx_word' id='word_1_276' title='bbox 3623 1223 3927 1293; x_wconf 87' lang='lat' dir='ltr'><strong>ejusmodi</strong></span> 
     </span>
    </p>
   </div>
   <div class='ocr_carea' id='block_1_41' title="bbox 2263 1312 3928 1385">
    <p class='ocr_par' dir='ltr' id='par_1_41' title="bbox 2263 1312 3928 1385">
     <span class='ocr_line' id='line_1_41' title="bbox 2263 1312 3928 1385; baseline -0.002 -15"><span class='ocrx_word' id='word_1_277' title='bbox 2263 1314 2547 1370; x_wconf 85' lang='lat' dir='ltr'><strong>animalia</strong></span> <span class='ocrx_word' id='word_1_278' title='bbox 2573 1329 2754 1384; x_wconf 90' lang='lat' dir='ltr'><strong>supra</strong></span> <span class='ocrx_word' id='word_1_279' title='bbox 2785 1329 3035 1385; x_wconf 90' lang='lat' dir='ltr'><strong>corpora</strong></span> <span class='ocrx_word' id='word_1_280' title='bbox 3057 1313 3155 1368; x_wconf 92' lang='lat' dir='ltr'><strong>illa</strong></span> <span class='ocrx_word' id='word_1_281' title='bbox 3187 1313 3455 1368; x_wconf 89' lang='lat' dir='ltr'><strong>sedentia</strong></span> <span class='ocrx_word' id='word_1_282' title='bbox 3484 1312 3755 1367; x_wconf 88' lang='lat' dir='ltr'><strong>viderent</strong></span> <span class='ocrx_word' id='word_1_283' title='bbox 3782 1327 3928 1368; x_wconf 86' lang='lat' dir='ltr'><strong>aves</strong></span> 
     </span>
    </p>
   </div>
   <div class='ocr_carea' id='block_1_42' title="bbox 2262 1402 3926 1474">
    <p class='ocr_par' dir='ltr' id='par_1_42' title="bbox 2262 1402 3926 1474">
     <span class='ocr_line' id='line_1_42' title="bbox 2262 1402 3926 1474; baseline -0.001 -17"><span class='ocrx_word' id='word_1_284' title='bbox 2262 1403 2403 1474; x_wconf 63' lang='lat' dir='ltr'><strong>ipsa:</strong></span> <span class='ocrx_word' id='word_1_285' title='bbox 2432 1402 2540 1458; x_wconf 93' lang='lat' dir='ltr'><strong>alis</strong></span> <span class='ocrx_word' id='word_1_286' title='bbox 2567 1419 2637 1458; x_wconf 89' lang='lat' dir='ltr'><strong>ea</strong></span> <span class='ocrx_word' id='word_1_287' title='bbox 2661 1403 3058 1474; x_wconf 82' lang='lat' dir='ltr'><strong>expellebant,</strong></span> <span class='ocrx_word' id='word_1_288' title='bbox 3113 1417 3233 1456; x_wconf 93' lang='lat' dir='ltr'><strong>non</strong></span> <span class='ocrx_word' id='word_1_289' title='bbox 3295 1402 3718 1473; x_wconf 90' lang='lat' dir='ltr'><strong>permittentes,</strong></span> <span class='ocrx_word' id='word_1_290' title='bbox 3772 1405 3839 1455; x_wconf 91' lang='lat' dir='ltr'><strong>ut</strong></span> <span class='ocrx_word' id='word_1_291' title='bbox 3864 1402 3926 1456; x_wconf 89' lang='lat' dir='ltr'><strong>in</strong></span> 
     </span>
    </p>
   </div>
   <div class='ocr_carea' id='block_1_43' title="bbox 2263 1490 3922 1562">
    <p class='ocr_par' dir='ltr' id='par_1_43' title="bbox 2263 1490 3922 1562">
     <span class='ocr_line' id='line_1_43' title="bbox 2263 1490 3922 1562; baseline 0.001 -17"><span class='ocrx_word' id='word_1_292' title='bbox 2263 1493 2480 1546; x_wconf 89' lang='lat' dir='ltr'><strong>sanctis</strong></span> <span class='ocrx_word' id='word_1_293' title='bbox 2509 1491 2622 1546; x_wconf 90' lang='lat' dir='ltr'><strong>illis</strong></span> <span class='ocrx_word' id='word_1_294' title='bbox 2655 1491 3005 1562; x_wconf 91' lang='lat' dir='ltr'><strong>corporibus</strong></span> <span class='ocrx_word' id='word_1_295' title='bbox 3035 1491 3374 1545; x_wconf 89' lang='lat' dir='ltr'><strong>insiderent.</strong></span> <span class='ocrx_word' id='word_1_296' title='bbox 3431 1490 3632 1561; x_wconf 85' lang='lat' dir='ltr'><strong>Itaque</strong></span> <span class='ocrx_word' id='word_1_297' title='bbox 3689 1497 3922 1560; x_wconf 89' lang='lat' dir='ltr'><strong>septem</strong></span> 
     </span>
    </p>
   </div>
   <div class='ocr_carea' id='block_1_44' title="bbox 2261 1578 3926 1650">
    <p class='ocr_par' dir='ltr' id='par_1_44' title="bbox 2261 1578 3926 1650">
     <span class='ocr_line' id='line_1_44' title="bbox 2261 1578 3926 1650; baseline 0.001 -17"><span class='ocrx_word' id='word_1_298' title='bbox 2261 1580 2388 1633; x_wconf 91' lang='lat' dir='ltr'><strong>dies</strong></span> <span class='ocrx_word' id='word_1_299' title='bbox 2412 1584 2468 1635; x_wconf 93' lang='lat' dir='ltr'><strong>et</strong></span> <span class='ocrx_word' id='word_1_300' title='bbox 2491 1585 2718 1650; x_wconf 90' lang='lat' dir='ltr'><strong>septem</strong></span> <span class='ocrx_word' id='word_1_301' title='bbox 2751 1584 2953 1635; x_wconf 92' lang='lat' dir='ltr'><strong>noctes</strong></span> <span class='ocrx_word' id='word_1_302' title='bbox 2983 1579 3120 1634; x_wconf 60' lang='lat' dir='ltr'><strong>ferai</strong></span> <span class='ocrx_word' id='word_1_303' title='bbox 3152 1596 3221 1635; x_wconf 87' lang='lat' dir='ltr'><strong>ac</strong></span> <span class='ocrx_word' id='word_1_304' title='bbox 3279 1579 3548 1634; x_wconf 90' lang='lat' dir='ltr'><strong>volucres</strong></span> <span class='ocrx_word' id='word_1_305' title='bbox 3592 1578 3724 1634; x_wconf 70' lang='lat' dir='ltr'><strong>coeli</strong></span> <span class='ocrx_word' id='word_1_306' title='bbox 3765 1579 3926 1634; x_wconf 89' lang='lat' dir='ltr'><strong>circa</strong></span> 
     </span>
    </p>
   </div>
   <div class='ocr_carea' id='block_1_45' title="bbox 2262 1668 3926 1738">
    <p class='ocr_par' dir='ltr' id='par_1_45' title="bbox 2262 1668 3926 1738">
     <span class='ocr_line' id='line_1_45' title="bbox 2262 1668 3926 1738; baseline 0 -17"><span class='ocrx_word' id='word_1_307' title='bbox 2262 1673 2592 1738; x_wconf 85' lang='lat' dir='ltr'><strong>martyrum</strong></span> <span class='ocrx_word' id='word_1_308' title='bbox 2634 1668 2910 1738; x_wconf 89' lang='lat' dir='ltr'><strong>reliquias</strong></span> <span class='ocrx_word' id='word_1_309' title='bbox 2954 1668 3373 1724; x_wconf 90' lang='lat' dir='ltr'><strong>consederunt.</strong></span> <span class='ocrx_word' id='word_1_310' title='bbox 3429 1670 3717 1723; x_wconf 69' lang='lat' dir='ltr'><strong>Caeterum</strong></span> <span class='ocrx_word' id='word_1_311' title='bbox 3768 1683 3926 1721; x_wconf 86' lang='lat' dir='ltr'><strong>nnn-</strong></span> 
     </span>
    </p>
   </div>
   <div class='ocr_carea' id='block_1_46' title="bbox 2260 1755 3922 1820">
    <p class='ocr_par' dir='ltr' id='par_1_46' title="bbox 2260 1755 3922 1820">
     <span class='ocr_line' id='line_1_46' title="bbox 2260 1755 3922 1820; baseline 0 -10"><span class='ocrx_word' id='word_1_312' title='bbox 2260 1755 2406 1810; x_wconf 89' lang='lat' dir='ltr'><strong>tiata</strong></span> <span class='ocrx_word' id='word_1_313' title='bbox 2451 1759 2589 1810; x_wconf 91' lang='lat' dir='ltr'><strong>sunt</strong></span> <span class='ocrx_word' id='word_1_314' title='bbox 2614 1757 2820 1811; x_wconf 92' lang='lat' dir='ltr'><strong>omnia</strong></span> <span class='ocrx_word' id='word_1_315' title='bbox 2852 1755 2979 1812; x_wconf 61' lang='lat' dir='ltr'><strong>haec</strong></span> <span class='ocrx_word' id='word_1_316' title='bbox 3013 1772 3048 1812; x_wconf 89' lang='lat' dir='ltr'><strong>a</strong></span> <span class='ocrx_word' id='word_1_317' title='bbox 3089 1755 3373 1810; x_wconf 89' lang='lat' dir='ltr'><strong>militibus</strong></span> <span class='ocrx_word' id='word_1_318' title='bbox 3436 1755 3774 1811; x_wconf 76' lang='lat' dir='ltr'><strong>Aureliano.</strong></span> <span class='ocrx_word' id='word_1_319' title='bbox 3807 1757 3922 1820; x_wconf 86' lang='lat' dir='ltr'><strong>Qui</strong></span> 
     </span>
    </p>
   </div>
   <div class='ocr_carea' id='block_1_47' title="bbox 2260 1844 3923 1916">
    <p class='ocr_par' dir='ltr' id='par_1_47' title="bbox 2260 1844 3923 1916">
     <span class='ocr_line' id='line_1_47' title="bbox 2260 1844 3923 1916; baseline 0.002 -18"><span class='ocrx_word' id='word_1_320' title='bbox 2260 1860 2396 1898; x_wconf 93' lang='lat' dir='ltr'><strong>cum</strong></span> <span class='ocrx_word' id='word_1_321' title='bbox 2417 1859 2489 1900; x_wconf 91' lang='lat' dir='ltr'><strong>ea</strong></span> <span class='ocrx_word' id='word_1_322' title='bbox 2509 1845 2833 1900; x_wconf 90' lang='lat' dir='ltr'><strong>audivisset</strong></span> <span class='ocrx_word' id='word_1_323' title='bbox 2861 1860 2872 1897; x_wconf 76' lang='grc' dir='ltr'>ε</span> <span class='ocrx_word' id='word_1_324' title='bbox 2904 1846 2947 1901; x_wconf 93' lang='lat' dir='ltr'><strong>O</strong></span> <span class='ocrx_word' id='word_1_325' title='bbox 3002 1844 3283 1911; x_wconf 89' lang='lat' dir='ltr'><strong>furorem,</strong></span> <span class='ocrx_word' id='word_1_326' title='bbox 3342 1845 3548 1915; x_wconf 89' lang='lat' dir='ltr'><strong>inquit,</strong></span> <span class='ocrx_word' id='word_1_327' title='bbox 3586 1845 3923 1916; x_wconf 89' lang='lat' dir='ltr'><strong>pessimum</strong></span> 
     </span>
    </p>
   </div>
   <div class='ocr_carea' id='block_1_48' title="bbox 2259 1932 3923 2006">
    <p class='ocr_par' dir='ltr' id='par_1_48' title="bbox 2259 1932 3923 2006">
     <span class='ocr_line' id='line_1_48' title="bbox 2259 1932 3923 2006; baseline 0.001 -18"><span class='ocrx_word' id='word_1_328' title='bbox 2259 1932 2725 1988; x_wconf 89' lang='lat' dir='ltr'><strong>Christianorum</strong></span> <span class='ocrx_word' id='word_1_329' title='bbox 2755 1934 3028 1998; x_wconf 90' lang='lat' dir='ltr'><strong>istorum,</strong></span> <span class='ocrx_word' id='word_1_330' title='bbox 3063 1949 3217 2005; x_wconf 92' lang='lat' dir='ltr'><strong>quos</strong></span> <span class='ocrx_word' id='word_1_331' title='bbox 3271 1950 3344 1989; x_wconf 89' lang='lat' dir='ltr'><strong>ne</strong></span> <span class='ocrx_word' id='word_1_332' title='bbox 3376 1941 3644 1989; x_wconf 88' lang='lat' dir='ltr'><strong>mortuos</strong></span> <span class='ocrx_word' id='word_1_333' title='bbox 3667 1934 3923 2006; x_wconf 90' lang='lat' dir='ltr'><strong>quidem</strong></span> 
     </span>
    </p>
   </div>
   <div class='ocr_carea' id='block_1_49' title="bbox 2257 2021 3924 2094">
    <p class='ocr_par' dir='ltr' id='par_1_49' title="bbox 2257 2021 3924 2094">
     <span class='ocr_line' id='line_1_49' title="bbox 2257 2021 3924 2094; baseline 0.002 -18"><span class='ocrx_word' id='word_1_334' title='bbox 2257 2037 2539 2092; x_wconf 90' lang='lat' dir='ltr'><strong>superare</strong></span> <span class='ocrx_word' id='word_1_335' title='bbox 2569 2023 2893 2092; x_wconf 87' lang='lat' dir='ltr'><strong>potuimus,</strong></span> <span class='ocrx_word' id='word_1_336' title='bbox 2933 2021 3082 2077; x_wconf 82' lang='lat' dir='ltr'><strong>Misit</strong></span> <span class='ocrx_word' id='word_1_337' title='bbox 3125 2023 3322 2093; x_wconf 90' lang='lat' dir='ltr'><strong>igitur,</strong></span> <span class='ocrx_word' id='word_1_338' title='bbox 3384 2029 3442 2079; x_wconf 93' lang='lat' dir='ltr'><strong>et</strong></span> <span class='ocrx_word' id='word_1_339' title='bbox 3489 2023 3726 2078; x_wconf 90' lang='lat' dir='ltr'><strong>millites</strong></span> <span class='ocrx_word' id='word_1_340' title='bbox 3752 2023 3924 2094; x_wconf 90' lang='lat' dir='ltr'><strong>ipsos</strong></span> 
     </span>
    </p>
   </div>
   <div class='ocr_carea' id='block_1_50' title="bbox 2256 2110 3922 2183">
    <p class='ocr_par' dir='ltr' id='par_1_50' title="bbox 2256 2110 3922 2183">
     <span class='ocr_line' id='line_1_50' title="bbox 2256 2110 3922 2183; baseline 0.002 -18"><span class='ocrx_word' id='word_1_341' title='bbox 2256 2117 2435 2166; x_wconf 91' lang='lat' dir='ltr'><strong>noctu</strong></span> <span class='ocrx_word' id='word_1_342' title='bbox 2461 2110 2617 2166; x_wconf 91' lang='lat' dir='ltr'><strong>illinc</strong></span> <span class='ocrx_word' id='word_1_343' title='bbox 2649 2111 2899 2166; x_wconf 88' lang='lat' dir='ltr'><strong>abduxit</strong></span> <span class='ocrx_word' id='word_1_344' title='bbox 2941 2133 2953 2166; x_wconf 89' lang='lat'><strong>:</strong></span> <span class='ocrx_word' id='word_1_345' title='bbox 3001 2127 3198 2183; x_wconf 92' lang='lat' dir='ltr'><strong>neque</strong></span> <span class='ocrx_word' id='word_1_346' title='bbox 3219 2112 3379 2167; x_wconf 92' lang='lat' dir='ltr'><strong>enim</strong></span> <span class='ocrx_word' id='word_1_347' title='bbox 3428 2111 3665 2168; x_wconf 91' lang='lat' dir='ltr'><strong>volebat</strong></span> <span class='ocrx_word' id='word_1_348' title='bbox 3715 2111 3789 2168; x_wconf 90' lang='lat' dir='ltr'><strong>de</strong></span> <span class='ocrx_word' id='word_1_349' title='bbox 3821 2111 3922 2168; x_wconf 89' lang='lat' dir='ltr'><strong>die</strong></span> 
     </span>
    </p>
   </div>
   <div class='ocr_carea' id='block_1_51' title="bbox 2255 2198 3915 2269">
    <p class='ocr_par' dir='ltr' id='par_1_51' title="bbox 2255 2198 3915 2269">
     <span class='ocr_line' id='line_1_51' title="bbox 2255 2198 3915 2269; baseline 0.002 -17"><span class='ocrx_word' id='word_1_350' title='bbox 2255 2213 2357 2253; x_wconf 92' lang='lat' dir='ltr'><strong>eos</strong></span> <span class='ocrx_word' id='word_1_351' title='bbox 2386 2198 2547 2253; x_wconf 89' lang='lat' dir='ltr'><strong>illinc</strong></span> <span class='ocrx_word' id='word_1_352' title='bbox 2577 2215 2900 2264; x_wconf 89' lang='lat' dir='ltr'><strong>removere,</strong></span> <span class='ocrx_word' id='word_1_353' title='bbox 2926 2216 2999 2255; x_wconf 93' lang='lat' dir='ltr'><strong>ne</strong></span> <span class='ocrx_word' id='word_1_354' title='bbox 3038 2215 3074 2255; x_wconf 90' lang='lat' dir='ltr'><strong>a</strong></span> <span class='ocrx_word' id='word_1_355' title='bbox 3111 2199 3480 2265; x_wconf 87' lang='lat' dir='ltr'><strong>Christianis,</strong></span> <span class='ocrx_word' id='word_1_356' title='bbox 3504 2200 3915 2269; x_wconf 89' lang='lat' dir='ltr'><strong>irriderentur,</strong></span> 
     </span>
    </p>
   </div>
   <div class='ocr_carea' id='block_1_52' title="bbox 2256 2287 3919 2356">
    <p class='ocr_par' dir='ltr' id='par_1_52' title="bbox 2256 2287 3919 2356">
     <span class='ocr_line' id='line_1_52' title="bbox 2256 2287 3919 2356; baseline 0.004 -16"><span class='ocrx_word' id='word_1_357' title='bbox 2256 2288 2400 2340; x_wconf 92' lang='lat' dir='ltr'><strong>Cum</strong></span> <span class='ocrx_word' id='word_1_358' title='bbox 2439 2303 2576 2343; x_wconf 93' lang='lat' dir='ltr'><strong>vero</strong></span> <span class='ocrx_word' id='word_1_359' title='bbox 2602 2287 2727 2342; x_wconf 91' lang='lat' dir='ltr'><strong>dies</strong></span> <span class='ocrx_word' id='word_1_360' title='bbox 2776 2289 3087 2353; x_wconf 86' lang='lat' dir='ltr'><strong>illuxisset,</strong></span> <span class='ocrx_word' id='word_1_361' title='bbox 3144 2290 3414 2344; x_wconf 87' lang='lat' dir='ltr'><strong>exierunt</strong></span> <span class='ocrx_word' id='word_1_362' title='bbox 3480 2289 3814 2356; x_wconf 89' lang='lat' dir='ltr'><strong>Christiani,</strong></span> <span class='ocrx_word' id='word_1_363' title='bbox 3857 2295 3919 2346; x_wconf 90' lang='lat' dir='ltr'><strong>et</strong></span> 
     </span>
    </p>
   </div>
   <div class='ocr_carea' id='block_1_53' title="bbox 2255 2379 3915 2449">
    <p class='ocr_par' dir='ltr' id='par_1_53' title="bbox 2255 2379 3915 2449">
     <span class='ocr_line' id='line_1_53' title="bbox 2255 2379 3915 2449; baseline 0.003 -21"><span class='ocrx_word' id='word_1_364' title='bbox 2255 2381 2586 2446; x_wconf 89' lang='lat' dir='ltr'><strong>martyrum</strong></span> <span class='ocrx_word' id='word_1_365' title='bbox 2629 2392 2876 2447; x_wconf 91' lang='lat' dir='ltr'><strong>corpora</strong></span> <span class='ocrx_word' id='word_1_366' title='bbox 2927 2383 3225 2443; x_wconf 89' lang='lat' dir='ltr'><strong>curantes,</strong></span> <span class='ocrx_word' id='word_1_367' title='bbox 3266 2383 3618 2449; x_wconf 91' lang='lat' dir='ltr'><strong>sumptuose</strong></span> <span class='ocrx_word' id='word_1_368' title='bbox 3671 2379 3731 2432; x_wconf 90' lang='lat' dir='ltr'><strong>in</strong></span> <span class='ocrx_word' id='word_1_369' title='bbox 3765 2394 3915 2449; x_wconf 89' lang='lat' dir='ltr'><strong>pace</strong></span> 
     </span>
    </p>
   </div>
   <div class='ocr_carea' id='block_1_54' title="bbox 2252 2462 3912 2534">
    <p class='ocr_par' dir='ltr' id='par_1_54' title="bbox 2252 2462 3912 2534">
     <span class='ocr_line' id='line_1_54' title="bbox 2252 2462 3912 2534; baseline 0.004 -18"><span class='ocrx_word' id='word_1_370' title='bbox 2252 2462 2669 2528; x_wconf 90' lang='lat' dir='ltr'><strong>condiderunt,</strong></span> <span class='ocrx_word' id='word_1_371' title='bbox 2689 2471 2968 2534; x_wconf 89' lang='lat' dir='ltr'><strong>regnante</strong></span> <span class='ocrx_word' id='word_1_372' title='bbox 2985 2465 3235 2521; x_wconf 90' lang='lat' dir='ltr'><strong>Domino</strong></span> <span class='ocrx_word' id='word_1_373' title='bbox 3273 2471 3470 2522; x_wconf 91' lang='lat' dir='ltr'><strong>nostro</strong></span> <span class='ocrx_word' id='word_1_374' title='bbox 3504 2465 3636 2521; x_wconf 89' lang='lat' dir='ltr'><strong>Jesu</strong></span> <span class='ocrx_word' id='word_1_375' title='bbox 3660 2466 3912 2528; x_wconf 89' lang='lat' dir='ltr'><strong>Christo,</strong></span> 
     </span>
    </p>
   </div>
   <div class='ocr_carea' id='block_1_55' title="bbox 2253 2553 3910 2625">
    <p class='ocr_par' dir='ltr' id='par_1_55' title="bbox 2253 2553 3910 2625">
     <span class='ocr_line' id='line_1_55' title="bbox 2253 2553 3910 2625; baseline 0.004 -20"><span class='ocrx_word' id='word_1_376' title='bbox 2253 2567 2392 2606; x_wconf 90' lang='lat' dir='ltr'><strong>cum</strong></span> <span class='ocrx_word' id='word_1_377' title='bbox 2419 2568 2540 2623; x_wconf 92' lang='lat' dir='ltr'><strong>quo</strong></span> <span class='ocrx_word' id='word_1_378' title='bbox 2579 2553 2731 2609; x_wconf 88' lang='lat' dir='ltr'><strong>Patri</strong></span> <span class='ocrx_word' id='word_1_379' title='bbox 2757 2554 2933 2610; x_wconf 92' lang='lat' dir='ltr'><strong>simul</strong></span> <span class='ocrx_word' id='word_1_380' title='bbox 2965 2560 3021 2610; x_wconf 93' lang='lat' dir='ltr'><strong>et</strong></span> <span class='ocrx_word' id='word_1_381' title='bbox 3053 2559 3259 2610; x_wconf 90' lang='lat' dir='ltr'><strong>sancto</strong></span> <span class='ocrx_word' id='word_1_382' title='bbox 3291 2555 3530 2625; x_wconf 90' lang='lat' dir='ltr'><strong>Spiritui</strong></span> <span class='ocrx_word' id='word_1_383' title='bbox 3580 2555 3654 2610; x_wconf 89' lang='lat' dir='ltr'><strong>sit</strong></span> <span class='ocrx_word' id='word_1_384' title='bbox 3692 2554 3910 2624; x_wconf 87' lang='lat' dir='ltr'><strong>gloria,</strong></span> 
     </span>
    </p>
   </div>
   <div class='ocr_carea' id='block_1_56' title="bbox 2252 2648 3909 2723">
    <p class='ocr_par' dir='ltr' id='par_1_56' title="bbox 2252 2648 3909 2723">
     <span class='ocr_line' id='line_1_56' title="bbox 2252 2648 3909 2723; baseline 0.004 -21"><span class='ocrx_word' id='word_1_385' title='bbox 2252 2648 2520 2705; x_wconf 89' lang='lat' dir='ltr'><strong>honoret</strong></span> <span class='ocrx_word' id='word_1_386' title='bbox 2559 2651 2876 2722; x_wconf 90' lang='lat' dir='ltr'><strong>imperium</strong></span> <span class='ocrx_word' id='word_1_387' title='bbox 2907 2667 3068 2707; x_wconf 91' lang='lat' dir='ltr'><strong>nunc</strong></span> <span class='ocrx_word' id='word_1_388' title='bbox 3094 2657 3152 2708; x_wconf 92' lang='lat' dir='ltr'><strong>et</strong></span> <span class='ocrx_word' id='word_1_389' title='bbox 3203 2667 3454 2723; x_wconf 90' lang='lat' dir='ltr'><strong>semper,</strong></span> <span class='ocrx_word' id='word_1_390' title='bbox 3487 2657 3543 2707; x_wconf 93' lang='lat' dir='ltr'><strong>et</strong></span> <span class='ocrx_word' id='word_1_391' title='bbox 3571 2653 3632 2707; x_wconf 90' lang='lat' dir='ltr'><strong>in</strong></span> <span class='ocrx_word' id='word_1_392' title='bbox 3685 2653 3909 2709; x_wconf 67' lang='lat' dir='ltr'><strong>secula</strong></span> 
     </span>
    </p>
   </div>
   <div class='ocr_carea' id='block_1_57' title="bbox 2255 2736 2853 2795">
    <p class='ocr_par' dir='ltr' id='par_1_57' title="bbox 2255 2736 2853 2795">
     <span class='ocr_line' id='line_1_57' title="bbox 2255 2736 2853 2795; baseline 0.008 -5"><span class='ocrx_word' id='word_1_393' title='bbox 2255 2736 2622 2793; x_wconf 57' lang='lat' dir='ltr'><strong>saeculorum.</strong></span> <span class='ocrx_word' id='word_1_394' title='bbox 2645 2745 2853 2795; x_wconf 88' lang='lat' dir='ltr'><strong>Amen.</strong></span> 
     </span>
    </p>
   </div>
   <div class='ocr_carea' id='block_1_58' title="bbox 504 3073 3842 3126">
    <p class='ocr_par' dir='ltr' id='par_1_58' title="bbox 504 3073 3842 3126">
     <span class='ocr_line' id='line_1_58' title="bbox 504 3073 3842 3126; baseline 0.002 -8"><span class='ocrx_word' id='word_1_395' title='bbox 504 3073 3842 3126; x_wconf 37' lang='lat'><strong>2::222</strong></span> 
     </span>
    </p>
   </div>
   <div class='ocr_carea' id='block_1_59' title="bbox 1130 3234 3234 3375">
    <p class='ocr_par' dir='ltr' id='par_1_59' title="bbox 1130 3234 3234 3375">
     <span class='ocr_line' id='line_1_59' title="bbox 1130 3234 3234 3375; baseline 0.009 -20"><span class='ocrx_word' id='word_1_396' title='bbox 1130 3235 1344 3356; x_wconf 91' lang='lat' dir='ltr'><strong>DE</strong></span> <span class='ocrx_word' id='word_1_397' title='bbox 1432 3234 1557 3359; x_wconf 90' lang='lat' dir='ltr'><strong>S.</strong></span> <span class='ocrx_word' id='word_1_398' title='bbox 1671 3240 2376 3368; x_wconf 80' lang='lat' dir='ltr'><strong>ANDREA</strong></span> <span class='ocrx_word' id='word_1_399' title='bbox 2484 3251 3234 3375; x_wconf 81' lang='lat' dir='ltr'><strong>TRIBUNO</strong></span> 
     </span>
    </p>
   </div>
   <div class='ocr_carea' id='block_1_60' title="bbox 1836 3547 2541 3649">
    <p class='ocr_par' dir='ltr' id='par_1_60' title="bbox 1836 3547 2541 3649">
     <span class='ocr_line' id='line_1_60' title="bbox 1836 3547 2541 3649; baseline 0.016 -13"><span class='ocrx_word' id='word_1_400' title='bbox 1836 3547 1990 3638; x_wconf 84' lang='lat' dir='ltr'><strong>AC</strong></span> <span class='ocrx_word' id='word_1_401' title='bbox 2128 3553 2541 3649; x_wconf 82' lang='lat' dir='ltr'><strong>SOGIIS</strong></span> 
     </span>
    </p>
   </div>
   <div class='ocr_carea' id='block_1_61' title="bbox 1717 3807 2646 3874">
    <p class='ocr_par' dir='ltr' id='par_1_61' title="bbox 1717 3807 2646 3874">
     <span class='ocr_line' id='line_1_61' title="bbox 1717 3807 2646 3874; baseline 0.014 -13"><span class='ocrx_word' id='word_1_402' title='bbox 1717 3807 2158 3870; x_wconf 84' lang='lat' dir='ltr'><strong>MATYRIBUS</strong></span> <span class='ocrx_word' id='word_1_403' title='bbox 2217 3814 2293 3870; x_wconf 86' lang='lat' dir='ltr'><strong>IN</strong></span> <span class='ocrx_word' id='word_1_404' title='bbox 2353 3815 2646 3874; x_wconf 81' lang='lat' dir='ltr'><strong>CILICIA.</strong></span> 
     </span>
    </p>
   </div>
   <div class='ocr_carea' id='block_1_62' title="bbox 1542 3987 2732 4061">
    <p class='ocr_par' dir='ltr' id='par_1_62' title="bbox 1542 3987 2732 4061">
     <span class='ocr_line' id='line_1_62' title="bbox 1542 3987 2732 4061; baseline 0.013 -28"><span class='ocrx_word' id='word_1_405' title='bbox 1542 3987 1696 4044; x_wconf 83' lang='lat' dir='ltr'><strong>(Acta</strong></span> <span class='ocrx_word' id='word_1_406' title='bbox 1715 3988 1800 4037; x_wconf 92' lang='lat' dir='ltr'><strong>SS.</strong></span> <span class='ocrx_word' id='word_1_407' title='bbox 1841 3990 2078 4041; x_wconf 85' lang='lat' dir='ltr'><strong>Bolland.</strong></span> <span class='ocrx_word' id='word_1_408' title='bbox 2104 3994 2169 4041; x_wconf 90' lang='lat' dir='ltr'><strong>ad</strong></span> <span class='ocrx_word' id='word_1_409' title='bbox 2201 3995 2341 4043; x_wconf 89' lang='lat' dir='ltr'><strong>diem</strong></span> <span class='ocrx_word' id='word_1_410' title='bbox 2373 3998 2432 4043; x_wconf 81' lang='grc'><strong>19</strong></span> <span class='ocrx_word' id='word_1_411' title='bbox 2456 3999 2732 4061; x_wconf 87' lang='lat' dir='ltr'><strong>Augusti.)</strong></span> 
     </span>
    </p>
   </div>
   <div class='ocr_carea' id='block_1_63' title="bbox 551 4324 3886 4416">
    <p class='ocr_par' dir='ltr' id='par_1_63' title="bbox 551 4324 3886 4416">
     <span class='ocr_line' id='line_1_63' title="bbox 551 4324 3886 4416; baseline 0.007 -36"><span class='ocrx_word' id='word_1_412' title='bbox 551 4326 579 4398; x_wconf 84' lang='lat'>§</span> <span class='ocrx_word' id='word_1_413' title='bbox 598 4327 637 4381; x_wconf 94' lang='grc' dir='ltr'>Ι.</span> <span class='ocrx_word' id='word_1_414' title='bbox 658 4324 1107 4416; x_wconf 52' lang='grc' dir='ltr'><strong>Ραξζξςᾳςονξιηξ</strong></span> <span class='ocrx_word' id='word_1_415' title='bbox 1120 4333 1432 4416; x_wconf 52' lang='lat' dir='ltr'><strong>pancratio,</strong></span> <span class='ocrx_word' id='word_1_416' title='bbox 1451 4348 1650 4390; x_wconf 85' lang='lat' dir='ltr'><strong>nomen</strong></span> <span class='ocrx_word' id='word_1_417' title='bbox 1663 4335 1724 4390; x_wconf 88' lang='lat' dir='ltr'><strong>S.</strong></span> <span class='ocrx_word' id='word_1_418' title='bbox 1747 4337 1981 4393; x_wconf 65' lang='lat' dir='ltr'><strong>Andreae</strong></span> <span class='ocrx_word' id='word_1_419' title='bbox 1993 4354 2124 4394; x_wconf 87' lang='lat' dir='ltr'><strong>con-</strong></span> <span class='ocrx_word' id='word_1_420' title='bbox 2163 4349 2201 4401; x_wconf 91' lang='lat' dir='ltr'><strong>C</strong></span> <span class='ocrx_word' id='word_1_421' title='bbox 2237 4343 2381 4412; x_wconf 90' lang='lat' dir='ltr'><strong>tyris</strong></span> <span class='ocrx_word' id='word_1_422' title='bbox 2413 4358 2518 4398; x_wconf 92' lang='lat' dir='ltr'><strong>nec</strong></span> <span class='ocrx_word' id='word_1_423' title='bbox 2539 4361 2656 4400; x_wconf 91' lang='lat' dir='ltr'><strong>non</strong></span> <span class='ocrx_word' id='word_1_424' title='bbox 2673 4346 2914 4402; x_wconf 90' lang='lat' dir='ltr'><strong>eosdem</strong></span> <span class='ocrx_word' id='word_1_425' title='bbox 2930 4363 3178 4402; x_wconf 92' lang='lat' dir='ltr'><strong>numero</strong></span> <span class='ocrx_word' id='word_1_426' title='bbox 3198 4346 3385 4402; x_wconf 89' lang='lat' dir='ltr'><strong>socios</strong></span> <span class='ocrx_word' id='word_1_427' title='bbox 3404 4345 3646 4416; x_wconf 88' lang='lat' dir='ltr'><strong>signant</strong></span> <span class='ocrx_word' id='word_1_428' title='bbox 3661 4346 3886 4403; x_wconf 71' lang='lat' dir='ltr'><strong>Mentea</strong></span> 
     </span>
    </p>
   </div>
   <div class='ocr_carea' id='block_1_64' title="bbox 742 4397 1862 4469">
    <p class='ocr_par' dir='ltr' id='par_1_64' title="bbox 742 4397 1862 4469">
     <span class='ocr_line' id='line_1_64' title="bbox 742 4397 1862 4469; baseline 0.006 -20"><span class='ocrx_word' id='word_1_429' title='bbox 742 4397 967 4464; x_wconf 83' lang='lat' dir='ltr'><strong>fusum,</strong></span> <span class='ocrx_word' id='word_1_430' title='bbox 996 4401 1163 4462; x_wconf 82' lang='lat' dir='ltr'><strong>Acta,</strong></span> <span class='ocrx_word' id='word_1_431' title='bbox 1192 4408 1529 4469; x_wconf 80' lang='lat' dir='ltr'><strong>martyrum</strong></span> <span class='ocrx_word' id='word_1_432' title='bbox 1561 4421 1862 4461; x_wconf 83' lang='lat' dir='ltr'><strong>numerus.</strong></span> 
     </span>
    </p>
   </div>
   <div class='ocr_carea' id='block_1_65' title="bbox 554 4502 2124 4580">
    <p class='ocr_par' dir='ltr' id='par_1_65' title="bbox 554 4502 2124 4580">
     <span class='ocr_line' id='line_1_65' title="bbox 554 4502 2124 4580; baseline 0.009 -23"><span class='ocrx_word' id='word_1_433' title='bbox 554 4507 780 4557; x_wconf 85' lang='lat' dir='ltr'><strong>Nomen</strong></span> <span class='ocrx_word' id='word_1_434' title='bbox 812 4502 988 4570; x_wconf 90' lang='lat' dir='ltr'><strong>hujus</strong></span> <span class='ocrx_word' id='word_1_435' title='bbox 1020 4503 1387 4558; x_wconf 89' lang='lat' dir='ltr'><strong>celeberrimi</strong></span> <span class='ocrx_word' id='word_1_436' title='bbox 1421 4511 1694 4580; x_wconf 84' lang='lat' dir='ltr'><strong>martyris</strong></span> <span class='ocrx_word' id='word_1_437' title='bbox 1721 4527 1790 4566; x_wconf 87' lang='lat' dir='ltr'><strong>ac</strong></span> <span class='ocrx_word' id='word_1_438' title='bbox 1824 4514 2124 4570; x_wconf 91' lang='lat' dir='ltr'><strong>sociorum</strong></span> 
     </span>
    </p>
   </div>
   <div class='ocr_carea' id='block_1_66' title="bbox 481 4588 2127 4671">
    <p class='ocr_par' dir='ltr' id='par_1_66' title="bbox 481 4588 2127 4671">
     <span class='ocr_line' id='line_1_66' title="bbox 481 4588 2127 4671; baseline 0.009 -27"><span class='ocrx_word' id='word_1_439' title='bbox 481 4606 659 4663; x_wconf 90' lang='lat' dir='ltr'><strong>quam</strong></span> <span class='ocrx_word' id='word_1_440' title='bbox 682 4590 755 4643; x_wconf 91' lang='lat' dir='ltr'><strong>sit</strong></span> <span class='ocrx_word' id='word_1_441' title='bbox 797 4588 1206 4653; x_wconf 90' lang='lat' dir='ltr'><strong>memorabile,</strong></span> <span class='ocrx_word' id='word_1_442' title='bbox 1253 4599 1596 4665; x_wconf 90' lang='lat' dir='ltr'><strong>quantaque</strong></span> <span class='ocrx_word' id='word_1_443' title='bbox 1649 4601 1807 4670; x_wconf 90' lang='lat' dir='ltr'><strong>aqud</strong></span> <span class='ocrx_word' id='word_1_444' title='bbox 1863 4609 2127 4671; x_wconf 81' lang='lat' dir='ltr'><strong>posteros</strong></span> 
     </span>
    </p>
   </div>
   <div class='ocr_carea' id='block_1_67' title="bbox 484 4676 2127 4746">
    <p class='ocr_par' dir='ltr' id='par_1_67' title="bbox 484 4676 2127 4746">
     <span class='ocr_line' id='line_1_67' title="bbox 484 4676 2127 4746; baseline 0.007 -12"><span class='ocrx_word' id='word_1_445' title='bbox 484 4678 766 4734; x_wconf 88' lang='lat' dir='ltr'><strong>manserit</strong></span> <span class='ocrx_word' id='word_1_446' title='bbox 789 4678 845 4730; x_wconf 90' lang='lat' dir='ltr'><strong>in</strong></span> <span class='ocrx_word' id='word_1_447' title='bbox 876 4676 1315 4745; x_wconf 89' lang='lat' dir='ltr'><strong>benedictione,</strong></span> <span class='ocrx_word' id='word_1_448' title='bbox 1353 4686 1634 4738; x_wconf 90' lang='lat' dir='ltr'><strong>testantur</strong></span> <span class='ocrx_word' id='word_1_449' title='bbox 1664 4687 1887 4742; x_wconf 82' lang='lat' dir='ltr'><strong>affatim</strong></span> <span class='ocrx_word' id='word_1_450' title='bbox 1922 4706 2127 4746; x_wconf 87' lang='lat' dir='ltr'><strong>monu-</strong></span> 
     </span>
    </p>
   </div>
   <div class='ocr_carea' id='block_1_68' title="bbox 482 4765 2125 4840">
    <p class='ocr_par' dir='ltr' id='par_1_68' title="bbox 482 4765 2125 4840">
     <span class='ocr_line' id='line_1_68' title="bbox 482 4765 2125 4840; baseline 0.007 -17"><span class='ocrx_word' id='word_1_451' title='bbox 482 4765 1093 4836; x_wconf 85' lang='lat' dir='ltr'><strong>mentaantiqua,quae</strong></span> <span class='ocrx_word' id='word_1_452' title='bbox 1121 4767 1195 4821; x_wconf 90' lang='lat' dir='ltr'><strong>ad</strong></span> <span class='ocrx_word' id='word_1_453' title='bbox 1215 4783 1324 4822; x_wconf 92' lang='lat' dir='ltr'><strong>nos</strong></span> <span class='ocrx_word' id='word_1_454' title='bbox 1348 4785 1537 4840; x_wconf 92' lang='lat' dir='ltr'><strong>usque</strong></span> <span class='ocrx_word' id='word_1_455' title='bbox 1551 4773 1621 4826; x_wconf 92' lang='lat' dir='ltr'><strong>de</strong></span> <span class='ocrx_word' id='word_1_456' title='bbox 1638 4773 1752 4828; x_wconf 81' lang='lat' dir='ltr'><strong>illis</strong></span> <span class='ocrx_word' id='word_1_457' title='bbox 1775 4783 1911 4833; x_wconf 91' lang='lat' dir='ltr'><strong>sunt</strong></span> <span class='ocrx_word' id='word_1_458' title='bbox 1943 4784 2125 4834; x_wconf 89' lang='lat' dir='ltr'><strong>trans-</strong></span> 
     </span>
    </p>
   </div>
   <div class='ocr_carea' id='block_1_69' title="bbox 480 4854 2127 4939">
    <p class='ocr_par' dir='ltr' id='par_1_69' title="bbox 480 4854 2127 4939">
     <span class='ocr_line' id='line_1_69' title="bbox 480 4854 2127 4939; baseline 0.009 -30"><span class='ocrx_word' id='word_1_459' title='bbox 480 4856 682 4910; x_wconf 88' lang='lat' dir='ltr'><strong>missa.</strong></span> <span class='ocrx_word' id='word_1_460' title='bbox 711 4854 1061 4924; x_wconf 90' lang='lat' dir='ltr'><strong>Incipiamus</strong></span> <span class='ocrx_word' id='word_1_461' title='bbox 1088 4870 1124 4909; x_wconf 93' lang='lat' dir='ltr'><strong>a</strong></span> <span class='ocrx_word' id='word_1_462' title='bbox 1155 4855 1342 4910; x_wconf 89' lang='lat' dir='ltr'><strong>Fastis</strong></span> <span class='ocrx_word' id='word_1_463' title='bbox 1365 4857 1597 4914; x_wconf 75' lang='lat' dir='ltr'><strong>Graecis.</strong></span> <span class='ocrx_word' id='word_1_464' title='bbox 1627 4864 1926 4933; x_wconf 78' lang='lat' dir='ltr'><strong>&#39;l‘ypicum,</strong></span> <span class='ocrx_word' id='word_1_465' title='bbox 1961 4868 2127 4939; x_wconf 91' lang='lat' dir='ltr'><strong>quod</strong></span> 
     </span>
    </p>
   </div>
   <div class='ocr_carea' id='block_1_70' title="bbox 479 4941 2126 5012">
    <p class='ocr_par' dir='ltr' id='par_1_70' title="bbox 479 4941 2126 5012">
     <span class='ocr_line' id='line_1_70' title="bbox 479 4941 2126 5012; baseline 0.01 -16"><span class='ocrx_word' id='word_1_466' title='bbox 479 4943 593 4998; x_wconf 86' lang='lat' dir='ltr'><strong>sub</strong></span> <span class='ocrx_word' id='word_1_467' title='bbox 625 4945 681 5008; x_wconf 92' lang='lat' dir='ltr'><strong>S,</strong></span> <span class='ocrx_word' id='word_1_468' title='bbox 729 4941 950 4997; x_wconf 70' lang='lat' dir='ltr'><strong>Sabbaa</strong></span> <span class='ocrx_word' id='word_1_469' title='bbox 991 4943 1234 4998; x_wconf 90' lang='lat' dir='ltr'><strong>nomine</strong></span> <span class='ocrx_word' id='word_1_470' title='bbox 1279 4945 1508 5012; x_wconf 91' lang='lat' dir='ltr'><strong>citatur,</strong></span> <span class='ocrx_word' id='word_1_471' title='bbox 1562 4952 1833 5008; x_wconf 83' lang='lat' dir='ltr'><strong>meminit</strong></span> <span class='ocrx_word' id='word_1_472' title='bbox 1877 4954 1986 5012; x_wconf 91' lang='lat' dir='ltr'><strong>hoc</strong></span> <span class='ocrx_word' id='word_1_473' title='bbox 2031 4958 2126 5012; x_wconf 88' lang='lat' dir='ltr'><strong>die</strong></span> 
     </span>
    </p>
   </div>
   <div class='ocr_carea' id='block_1_71' title="bbox 483 5031 2125 5107">
    <p class='ocr_par' dir='ltr' id='par_1_71' title="bbox 483 5031 2125 5107">
     <span class='ocr_line' id='line_1_71' title="bbox 483 5031 2125 5107; baseline 0.013 -26"><span class='ocrx_word' id='word_1_474' title='bbox 483 5050 507 5081; x_wconf 75' lang='grc' dir='ltr'>ι</span> <span class='ocrx_word' id='word_1_475' title='bbox 541 5033 734 5086; x_wconf 89' lang='lat' dir='ltr'><strong>Sancti</strong></span> <span class='ocrx_word' id='word_1_476' title='bbox 766 5032 1042 5101; x_wconf 88' lang='lat' dir='ltr'><strong>martyris</strong></span> <span class='ocrx_word' id='word_1_477' title='bbox 1067 5031 1325 5101; x_wconf 84' lang='lat' dir='ltr'><strong>Andreae,</strong></span> <span class='ocrx_word' id='word_1_478' title='bbox 1347 5034 1514 5089; x_wconf 92' lang='lat' dir='ltr'><strong>ducis</strong></span> <span class='ocrx_word' id='word_1_479' title='bbox 1539 5038 1830 5107; x_wconf 90' lang='lat' dir='ltr'><strong>militaris,</strong></span> <span class='ocrx_word' id='word_1_480' title='bbox 1854 5059 1922 5098; x_wconf 92' lang='lat' dir='ltr'><strong>ac</strong></span> <span class='ocrx_word' id='word_1_481' title='bbox 1941 5047 2125 5102; x_wconf 89' lang='lat' dir='ltr'><strong>socio-</strong></span> 
     </span>
    </p>
   </div>
   <div class='ocr_carea' id='block_1_72' title="bbox 473 5119 2122 5198">
    <p class='ocr_par' dir='ltr' id='par_1_72' title="bbox 473 5119 2122 5198">
     <span class='ocr_line' id='line_1_72' title="bbox 473 5119 2122 5198; baseline 0.01 -24"><span class='ocrx_word' id='word_1_482' title='bbox 473 5134 609 5175; x_wconf 93' lang='lat' dir='ltr'><strong>rum</strong></span> <span class='ocrx_word' id='word_1_483' title='bbox 631 5120 720 5173; x_wconf 91' lang='lat' dir='ltr'><strong>bis</strong></span> <span class='ocrx_word' id='word_1_484' title='bbox 743 5120 903 5174; x_wconf 92' lang='lat' dir='ltr'><strong>mille</strong></span> <span class='ocrx_word' id='word_1_485' title='bbox 916 5119 1377 5190; x_wconf 89' lang='lat' dir='ltr'><strong>quingentorum</strong></span> <span class='ocrx_word' id='word_1_486' title='bbox 1395 5128 1788 5198; x_wconf 90' lang='lat' dir='ltr'><strong>etnonaginta</strong></span> <span class='ocrx_word' id='word_1_487' title='bbox 1805 5132 2122 5190; x_wconf 88' lang='lat' dir='ltr'><strong>trium.Me-</strong></span> 
     </span>
    </p>
   </div>
   <div class='ocr_carea' id='block_1_73' title="bbox 471 5205 2122 5279">
    <p class='ocr_par' dir='ltr' id='par_1_73' title="bbox 471 5205 2122 5279">
     <span class='ocr_line' id='line_1_73' title="bbox 471 5205 2122 5279; baseline 0.01 -17"><span class='ocrx_word' id='word_1_488' title='bbox 471 5205 776 5275; x_wconf 85' lang='lat' dir='ltr'><strong>nalogium</strong></span> <span class='ocrx_word' id='word_1_489' title='bbox 802 5207 988 5262; x_wconf 88' lang='lat' dir='ltr'><strong>Sirleti</strong></span> <span class='ocrx_word' id='word_1_490' title='bbox 1003 5207 1084 5262; x_wconf 92' lang='lat' dir='ltr'><strong>sic</strong></span> <span class='ocrx_word' id='word_1_491' title='bbox 1099 5207 1306 5264; x_wconf 89' lang='lat' dir='ltr'><strong>habet:</strong></span> <span class='ocrx_word' id='word_1_492' title='bbox 1329 5213 1589 5268; x_wconf 88' lang='lat' dir='ltr'><strong>«Natalis</strong></span> <span class='ocrx_word' id='word_1_493' title='bbox 1608 5223 1948 5275; x_wconf 91' lang='lat' dir='ltr'><strong>sanctorum</strong></span> <span class='ocrx_word' id='word_1_494' title='bbox 1971 5239 2122 5279; x_wconf 90' lang='lat' dir='ltr'><strong>mar-</strong></span> 
     </span>
    </p>
   </div>
   <div class='ocr_carea' id='block_1_74' title="bbox 470 5294 2116 5368">
    <p class='ocr_par' dir='ltr' id='par_1_74' title="bbox 470 5294 2116 5368">
     <span class='ocr_line' id='line_1_74' title="bbox 470 5294 2116 5368; baseline 0.012 -19"><span class='ocrx_word' id='word_1_495' title='bbox 470 5301 659 5366; x_wconf 89' lang='lat' dir='ltr'><strong>tyrum</strong></span> <span class='ocrx_word' id='word_1_496' title='bbox 677 5294 947 5360; x_wconf 67' lang='lat' dir='ltr'><strong>Andreae,</strong></span> <span class='ocrx_word' id='word_1_497' title='bbox 963 5296 1134 5350; x_wconf 89' lang='lat' dir='ltr'><strong>ducis</strong></span> <span class='ocrx_word' id='word_1_498' title='bbox 1159 5301 1464 5362; x_wconf 85' lang='lat' dir='ltr'><strong>exercitus.</strong></span> <span class='ocrx_word' id='word_1_499' title='bbox 1483 5305 1841 5361; x_wconf 82' lang='lat' dir='ltr'><strong>etsociorum</strong></span> <span class='ocrx_word' id='word_1_500' title='bbox 1861 5308 2116 5368; x_wconf 90' lang='lat' dir='ltr'><strong>duorum</strong></span> 
     </span>
    </p>
   </div>
   <div class='ocr_carea' id='block_1_75' title="bbox 473 5382 2114 5467">
    <p class='ocr_par' dir='ltr' id='par_1_75' title="bbox 473 5382 2114 5467">
     <span class='ocr_line' id='line_1_75' title="bbox 473 5382 2114 5467; baseline 0.01 -29"><span class='ocrx_word' id='word_1_501' title='bbox 473 5382 726 5438; x_wconf 91' lang='lat' dir='ltr'><strong>millium</strong></span> <span class='ocrx_word' id='word_1_502' title='bbox 761 5382 1228 5451; x_wconf 88' lang='lat' dir='ltr'><strong>quingentorum</strong></span> <span class='ocrx_word' id='word_1_503' title='bbox 1257 5391 1584 5458; x_wconf 87' lang='lat' dir='ltr'><strong>nonaginta</strong></span> <span class='ocrx_word' id='word_1_504' title='bbox 1605 5394 1800 5463; x_wconf 89' lang='lat' dir='ltr'><strong>trium,</strong></span> <span class='ocrx_word' id='word_1_505' title='bbox 1825 5398 1925 5467; x_wconf 91' lang='lat' dir='ltr'><strong>qui</strong></span> <span class='ocrx_word' id='word_1_506' title='bbox 1946 5401 2114 5454; x_wconf 78' lang='lat' dir='ltr'><strong>Maxi-</strong></span> 
     </span>
    </p>
   </div>
   <div class='ocr_carea' id='block_1_76' title="bbox 466 5471 2116 5554">
    <p class='ocr_par' dir='ltr' id='par_1_76' title="bbox 466 5471 2116 5554">
     <span class='ocr_line' id='line_1_76' title="bbox 466 5471 2116 5554; baseline 0.01 -26"><span class='ocrx_word' id='word_1_507' title='bbox 466 5471 651 5528; x_wconf 91' lang='lat' dir='ltr'><strong>miani</strong></span> <span class='ocrx_word' id='word_1_508' title='bbox 685 5472 1070 5541; x_wconf 84' lang='lat' dir='ltr'><strong>persecutoris</strong></span> <span class='ocrx_word' id='word_1_509' title='bbox 1096 5477 1464 5546; x_wconf 91' lang='lat' dir='ltr'><strong>temporibus</strong></span> <span class='ocrx_word' id='word_1_510' title='bbox 1503 5480 1672 5536; x_wconf 91' lang='lat' dir='ltr'><strong>delati</strong></span> <span class='ocrx_word' id='word_1_511' title='bbox 1720 5485 1880 5554; x_wconf 90' lang='lat' dir='ltr'><strong>apud</strong></span> <span class='ocrx_word' id='word_1_512' title='bbox 1914 5489 2116 5544; x_wconf 86' lang='lat' dir='ltr'><strong>Antio-</strong></span> 
     </span>
    </p>
   </div>
   <div class='ocr_carea' id='block_1_77' title="bbox 467 5559 2108 5636">
    <p class='ocr_par' dir='ltr' id='par_1_77' title="bbox 467 5559 2108 5636">
     <span class='ocr_line' id='line_1_77' title="bbox 467 5559 2108 5636; baseline 0.011 -20"><span class='ocrx_word' id='word_1_513' title='bbox 467 5560 641 5616; x_wconf 90' lang='lat' dir='ltr'><strong>chum</strong></span> <span class='ocrx_word' id='word_1_514' title='bbox 711 5559 926 5613; x_wconf 91' lang='lat' dir='ltr'><strong>ducem</strong></span> <span class='ocrx_word' id='word_1_515' title='bbox 984 5564 1264 5617; x_wconf 85' lang='lat' dir='ltr'><strong>exercitus</strong></span> <span class='ocrx_word' id='word_1_516' title='bbox 1318 5567 1483 5636; x_wconf 93' lang='lat' dir='ltr'><strong>quod</strong></span> <span class='ocrx_word' id='word_1_517' title='bbox 1544 5577 1734 5626; x_wconf 89' lang='lat' dir='ltr'><strong>essent</strong></span> <span class='ocrx_word' id='word_1_518' title='bbox 1790 5571 2108 5634; x_wconf 90' lang='lat' dir='ltr'><strong>Christiani</strong></span> 
     </span>
    </p>
   </div>
   <div class='ocr_carea' id='block_1_78' title="bbox 2239 4433 3881 4508">
    <p class='ocr_par' dir='ltr' id='par_1_78' title="bbox 2239 4433 3881 4508">
     <span class='ocr_line' id='line_1_78' title="bbox 2239 4433 3881 4508; baseline 0.004 -24"><span class='ocrx_word' id='word_1_519' title='bbox 2239 4446 2459 4499; x_wconf 91' lang='lat' dir='ltr'><strong>magna</strong></span> <span class='ocrx_word' id='word_1_520' title='bbox 2481 4433 2795 4505; x_wconf 88' lang='lat' dir='ltr'><strong>impressa,</strong></span> <span class='ocrx_word' id='word_1_521' title='bbox 2819 4451 2887 4492; x_wconf 89' lang='lat' dir='ltr'><strong>ac</strong></span> <span class='ocrx_word' id='word_1_522' title='bbox 2922 4440 3236 4508; x_wconf 88' lang='lat' dir='ltr'><strong>sequentes</strong></span> <span class='ocrx_word' id='word_1_523' title='bbox 3262 4434 3376 4489; x_wconf 89' lang='lat' dir='ltr'><strong>illis</strong></span> <span class='ocrx_word' id='word_1_524' title='bbox 3405 4434 3685 4490; x_wconf 89' lang='lat' dir='ltr'><strong>accinunt</strong></span> <span class='ocrx_word' id='word_1_525' title='bbox 3702 4438 3881 4490; x_wconf 90' lang='lat' dir='ltr'><strong>versi-</strong></span> 
     </span>
    </p>
   </div>
   <div class='ocr_carea' id='block_1_79' title="bbox 2237 4521 2444 4574">
    <p class='ocr_par' dir='ltr' id='par_1_79' title="bbox 2237 4521 2444 4574">
     <span class='ocr_line' id='line_1_79' title="bbox 2237 4521 2444 4574; baseline 0.01 -2"><span class='ocrx_word' id='word_1_526' title='bbox 2237 4521 2402 4574; x_wconf 90' lang='lat' dir='ltr'><strong>culos</strong></span> <span class='ocrx_word' id='word_1_527' title='bbox 2433 4538 2444 4574; x_wconf 93' lang='lat'><strong>:</strong></span> 
     </span>
    </p>
   </div>
   <div class='ocr_carea' id='block_1_80' title="bbox 2233 4624 3350 4702">
    <p class='ocr_par' dir='ltr' id='par_1_80' title="bbox 2233 4624 3350 4702">
     <span class='ocr_line' id='line_1_80' title="bbox 2233 4624 3350 4702; baseline 0.004 -26"><span class='ocrx_word' id='word_1_528' title='bbox 2233 4624 2462 4684; x_wconf 73' lang='grc' dir='ltr'><strong>⁴Εστησε</strong></span> <span class='ocrx_word' id='word_1_529' title='bbox 2491 4632 2697 4699; x_wconf 70' lang='grc' dir='ltr'><strong>τμηθεὶς</strong></span> <span class='ocrx_word' id='word_1_530' title='bbox 2729 4631 2958 4702; x_wconf 68' lang='grc' dir='ltr'><strong>αἱμάτων</strong></span> <span class='ocrx_word' id='word_1_531' title='bbox 2989 4630 3168 4702; x_wconf 58' lang='lat' dir='ltr'><strong>Minor;</strong></span> <span class='ocrx_word' id='word_1_532' title='bbox 3192 4630 3350 4701; x_wconf 78' lang='grc' dir='ltr'>ὄχλος</span> 
     </span>
    </p>
   </div>
   <div class='ocr_carea' id='block_1_81' title="bbox 2237 4701 3314 4772">
    <p class='ocr_par' dir='ltr' id='par_1_81' title="bbox 2237 4701 3314 4772">
     <span class='ocr_line' id='line_1_81' title="bbox 2237 4701 3314 4772; baseline 0.004 -25"><span class='ocrx_word' id='word_1_533' title='bbox 2237 4703 2320 4772; x_wconf 53' lang='grc' dir='ltr'><strong>Σοὶ</strong></span> <span class='ocrx_word' id='word_1_534' title='bbox 2350 4707 2420 4767; x_wconf 80' lang='grc' dir='ltr'><strong>τῷ</strong></span> <span class='ocrx_word' id='word_1_535' title='bbox 2453 4701 2848 4772; x_wconf 61' lang='grc' dir='ltr'><strong>παραστήσαύτι</strong></span> <span class='ocrx_word' id='word_1_536' title='bbox 2879 4701 3058 4772; x_wconf 68' lang='grc' dir='ltr'><strong>λίμνας</strong></span> <span class='ocrx_word' id='word_1_537' title='bbox 3088 4701 3314 4772; x_wconf 71' lang='grc' dir='ltr'><strong>ὑδάτῳν.</strong></span> 
     </span>
    </p>
   </div>
   <div class='ocr_carea' id='block_1_82' title="bbox 2237 4768 3881 4846">
    <p class='ocr_par' dir='ltr' id='par_1_82' title="bbox 2237 4768 3881 4846">
     <span class='ocr_line' id='line_1_82' title="bbox 2237 4768 3881 4846; baseline 0.001 -26"><span class='ocrx_word' id='word_1_538' title='bbox 2237 4768 2407 4821; x_wconf 78' lang='grc' dir='ltr'><strong>Ἐννέα</strong></span> <span class='ocrx_word' id='word_1_539' title='bbox 2471 4768 2558 4824; x_wconf 67' lang='lat' dir='ltr'><strong>xui</strong></span> <span class='ocrx_word' id='word_1_540' title='bbox 2640 4771 2841 4844; x_wconf 72' lang='grc' dir='ltr'><strong>δεκάτῳ</strong></span> <span class='ocrx_word' id='word_1_541' title='bbox 2911 4768 3070 4846; x_wconf 56' lang='grc' dir='ltr'><strong>έάμον</strong></span> <span class='ocrx_word' id='word_1_542' title='bbox 3142 4771 3390 4845; x_wconf 75' lang='grc' dir='ltr'><strong>’Λνδρέου</strong></span> <span class='ocrx_word' id='word_1_543' title='bbox 3471 4771 3881 4846; x_wconf 59' lang='grc' dir='ltr'><strong>αὖχενα-λαμο</strong></span> 
     </span>
    </p>
   </div>
   <div class='ocr_carea' id='block_1_83' title="bbox 2246 4841 3876 4983">
    <p class='ocr_par' dir='ltr' id='par_1_83' title="bbox 2246 4841 3876 4983">
     <span class='ocr_line' id='line_1_83' title="bbox 3731 4862 3876 4896; baseline 0.021 -3"><span class='ocrx_word' id='word_1_544' title='bbox 3731 4862 3766 4893; x_wconf 87' lang='grc' dir='ltr'>π</span> <span class='ocrx_word' id='word_1_545' title='bbox 3803 4862 3876 4896; x_wconf 82' lang='grc' dir='ltr'><strong>ον.</strong></span> 
     </span>
     <span class='ocr_line' id='line_1_84' title="bbox 2246 4841 3796 4983; baseline 0.003 -20"><span class='ocrx_word' id='word_1_546' title='bbox 2246 4911 2547 4968; x_wconf 78' lang='lat' dir='ltr'><strong>Truncata</strong></span> <span class='ocrx_word' id='word_1_547' title='bbox 2579 4914 2728 4968; x_wconf 88' lang='lat' dir='ltr'><strong>rivos</strong></span> <span class='ocrx_word' id='word_1_548' title='bbox 2756 4914 3064 4983; x_wconf 74' lang='lat' dir='ltr'><strong>sanguinis</strong></span> <span class='ocrx_word' id='word_1_549' title='bbox 3092 4931 3201 4981; x_wconf 80' lang='lat' dir='ltr'><strong>pro</strong></span> <span class='ocrx_word' id='word_1_550' title='bbox 3243 4920 3297 4970; x_wconf 89' lang='lat' dir='ltr'><strong>te</strong></span> <span class='ocrx_word' id='word_1_551' title='bbox 3327 4914 3484 4969; x_wconf 74' lang='lat' dir='ltr'><strong>dedit</strong></span> <span class='ocrx_word' id='word_1_552' title='bbox 3705 4841 3726 4915; x_wconf 77' lang='lat'>[</span> <span class='ocrx_word' id='word_1_553' title='bbox 3767 4862 3796 4916; x_wconf 66' lang='grc' dir='ltr'><em>ρ</em></span> 
     </span>
    </p>
   </div>
   <div class='ocr_carea' id='block_1_84' title="bbox 2246 4983 3878 5055">
    <p class='ocr_par' dir='ltr' id='par_1_84' title="bbox 2246 4983 3878 5055">
     <span class='ocr_line' id='line_1_85' title="bbox 2246 4983 3878 5055; baseline 0.002 -21"><span class='ocrx_word' id='word_1_554' title='bbox 2246 4983 2440 5055; x_wconf 50' lang='lat' dir='ltr'><strong>Iarba</strong></span> <span class='ocrx_word' id='word_1_555' title='bbox 2475 4984 2611 5048; x_wconf 66' lang='lat' dir='ltr'><strong>haec,</strong></span> <span class='ocrx_word' id='word_1_556' title='bbox 2655 5001 2964 5054; x_wconf 83' lang='lat' dir='ltr'><strong>aquarum,</strong></span> <span class='ocrx_word' id='word_1_557' title='bbox 3003 4986 3257 5049; x_wconf 80' lang='lat' dir='ltr'><strong>Christe,</strong></span> <span class='ocrx_word' id='word_1_558' title='bbox 3313 4985 3417 5055; x_wconf 83' lang='lat' dir='ltr'><strong>qui</strong></span> <span class='ocrx_word' id='word_1_559' title='bbox 3446 4984 3603 5038; x_wconf 78' lang='lat' dir='ltr'><strong>rivos</strong></span> <span class='ocrx_word' id='word_1_560' title='bbox 3669 4983 3878 5038; x_wconf 84' lang='lat' dir='ltr'><strong>dabas.</strong></span> 
     </span>
    </p>
   </div>
   <div class='ocr_carea' id='block_1_85' title="bbox 2233 5053 3876 5122">
    <p class='ocr_par' dir='ltr' id='par_1_85' title="bbox 2233 5053 3876 5122">
     <span class='ocr_line' id='line_1_86' title="bbox 2233 5053 3876 5122; baseline 0.004 -19"><span class='ocrx_word' id='word_1_561' title='bbox 2233 5053 2405 5108; x_wconf 78' lang='lat' dir='ltr'><strong>Nona</strong></span> <span class='ocrx_word' id='word_1_562' title='bbox 2416 5064 2544 5122; x_wconf 86' lang='lat' dir='ltr'><strong>post</strong></span> <span class='ocrx_word' id='word_1_563' title='bbox 2567 5053 2849 5111; x_wconf 75' lang='lat' dir='ltr'><strong>decimam</strong></span> <span class='ocrx_word' id='word_1_564' title='bbox 2877 5059 3098 5111; x_wconf 79' lang='lat' dir='ltr'><strong>collum</strong></span> <span class='ocrx_word' id='word_1_565' title='bbox 3121 5053 3376 5111; x_wconf 68' lang='lat' dir='ltr'><strong>Andreae</strong></span> <span class='ocrx_word' id='word_1_566' title='bbox 3414 5055 3679 5110; x_wconf 83' lang='lat' dir='ltr'><strong>Abscidit</strong></span> <span class='ocrx_word' id='word_1_567' title='bbox 3702 5055 3876 5110; x_wconf 82' lang='lat' dir='ltr'><strong>ensis.</strong></span> 
     </span>
    </p>
   </div>
   <div class='ocr_carea' id='block_1_86' title="bbox 2234 5158 3878 5231">
    <p class='ocr_par' dir='ltr' id='par_1_86' title="bbox 2234 5158 3878 5231">
     <span class='ocr_line' id='line_1_87' title="bbox 2234 5158 3878 5231; baseline 0 -19"><span class='ocrx_word' id='word_1_568' title='bbox 2234 5159 2454 5212; x_wconf 89' lang='lat' dir='ltr'><strong>Censeo</strong></span> <span class='ocrx_word' id='word_1_569' title='bbox 2485 5159 2745 5214; x_wconf 90' lang='lat' dir='ltr'><strong>alludere</strong></span> <span class='ocrx_word' id='word_1_570' title='bbox 2779 5171 3015 5231; x_wconf 85' lang='lat' dir='ltr'><strong>poetam</strong></span> <span class='ocrx_word' id='word_1_571' title='bbox 3047 5160 3120 5215; x_wconf 91' lang='lat' dir='ltr'><strong>ad</strong></span> <span class='ocrx_word' id='word_1_572' title='bbox 3163 5176 3350 5230; x_wconf 85' lang='lat' dir='ltr'><strong>genus</strong></span> <span class='ocrx_word' id='word_1_573' title='bbox 3385 5158 3668 5230; x_wconf 86' lang='lat' dir='ltr'><strong>martyrii,</strong></span> <span class='ocrx_word' id='word_1_574' title='bbox 3715 5163 3771 5212; x_wconf 92' lang='lat' dir='ltr'><strong>et</strong></span> <span class='ocrx_word' id='word_1_575' title='bbox 3801 5158 3878 5212; x_wconf 91' lang='lat' dir='ltr'><strong>ad</strong></span> 
     </span>
    </p>
   </div>
   <div class='ocr_carea' id='block_1_87' title="bbox 2231 5235 3880 5312">
    <p class='ocr_par' dir='ltr' id='par_1_87' title="bbox 2231 5235 3880 5312">
     <span class='ocr_line' id='line_1_88' title="bbox 2231 5235 3880 5312; baseline 0.003 -24"><span class='ocrx_word' id='word_1_576' title='bbox 2231 5235 2549 5292; x_wconf 88' lang='lat' dir='ltr'><strong>salutarem</strong></span> <span class='ocrx_word' id='word_1_577' title='bbox 2573 5239 2792 5294; x_wconf 89' lang='lat' dir='ltr'><strong>fontem</strong></span> <span class='ocrx_word' id='word_1_578' title='bbox 2828 5259 2840 5295; x_wconf 84' lang='lat'><strong>:</strong></span> <span class='ocrx_word' id='word_1_579' title='bbox 2871 5241 2943 5295; x_wconf 93' lang='lat' dir='ltr'><strong>de</strong></span> <span class='ocrx_word' id='word_1_580' title='bbox 2962 5257 3082 5312; x_wconf 90' lang='lat' dir='ltr'><strong>quo</strong></span> <span class='ocrx_word' id='word_1_581' title='bbox 3105 5240 3238 5294; x_wconf 91' lang='lat' dir='ltr'><strong>vide</strong></span> <span class='ocrx_word' id='word_1_582' title='bbox 3264 5243 3405 5294; x_wconf 87' lang='lat' dir='ltr'><strong>Acta</strong></span> <span class='ocrx_word' id='word_1_583' title='bbox 3436 5254 3602 5307; x_wconf 90' lang='lat' dir='ltr'><strong>num,</strong></span> <span class='ocrx_word' id='word_1_584' title='bbox 3639 5239 3692 5291; x_wconf 81' lang='grc' dir='ltr'>Η</span> <span class='ocrx_word' id='word_1_585' title='bbox 3735 5240 3799 5291; x_wconf 83' lang='lat' dir='ltr'><strong>i2</strong></span> <span class='ocrx_word' id='word_1_586' title='bbox 3823 5243 3880 5293; x_wconf 87' lang='lat' dir='ltr'><strong>et</strong></span> 
     </span>
    </p>
   </div>
   <div class='ocr_carea' id='block_1_88' title="bbox 2234 5315 3879 5392">
    <p class='ocr_par' dir='ltr' id='par_1_88' title="bbox 2234 5315 3879 5392">
     <span class='ocr_line' id='line_1_89' title="bbox 2234 5315 3879 5392; baseline 0.002 -24"><span class='ocrx_word' id='word_1_587' title='bbox 2234 5322 2314 5370; x_wconf 83' lang='lat' dir='ltr'><strong>i3.</strong></span> <span class='ocrx_word' id='word_1_588' title='bbox 2350 5318 2510 5372; x_wconf 90' lang='lat' dir='ltr'><strong>Dicta</strong></span> <span class='ocrx_word' id='word_1_589' title='bbox 2557 5322 2772 5375; x_wconf 66' lang='lat' dir='ltr'><strong>Menaea</strong></span> <span class='ocrx_word' id='word_1_590' title='bbox 2794 5321 3151 5392; x_wconf 90' lang='lat' dir='ltr'><strong>peculiarem</strong></span> <span class='ocrx_word' id='word_1_591' title='bbox 3181 5336 3250 5375; x_wconf 92' lang='lat' dir='ltr'><strong>ac</strong></span> <span class='ocrx_word' id='word_1_592' title='bbox 3307 5319 3615 5375; x_wconf 88' lang='lat' dir='ltr'><strong>solennem</strong></span> <span class='ocrx_word' id='word_1_593' title='bbox 3651 5315 3879 5372; x_wconf 85' lang='lat' dir='ltr'><strong>faciunt</strong></span> 
     </span>
    </p>
   </div>
   <div class='ocr_carea' id='block_1_89' title="bbox 2225 5405 3878 5476">
    <p class='ocr_par' dir='ltr' id='par_1_89' title="bbox 2225 5405 3878 5476">
     <span class='ocr_line' id='line_1_90' title="bbox 2225 5405 3878 5476; baseline 0.001 -18"><span class='ocrx_word' id='word_1_594' title='bbox 2225 5405 2298 5458; x_wconf 88' lang='lat' dir='ltr'><strong>de</strong></span> <span class='ocrx_word' id='word_1_595' title='bbox 2323 5408 2376 5460; x_wconf 91' lang='lat' dir='ltr'><strong>S.</strong></span> <span class='ocrx_word' id='word_1_596' title='bbox 2416 5409 2669 5463; x_wconf 68' lang='lat' dir='ltr'><strong>Andraza</strong></span> <span class='ocrx_word' id='word_1_597' title='bbox 2702 5412 3051 5465; x_wconf 91' lang='lat' dir='ltr'><strong>memoriam</strong></span> <span class='ocrx_word' id='word_1_598' title='bbox 3119 5410 3174 5463; x_wconf 92' lang='lat' dir='ltr'><strong>in</strong></span> <span class='ocrx_word' id='word_1_599' title='bbox 3240 5408 3446 5464; x_wconf 81' lang='lat' dir='ltr'><strong>Ofﬁcio</strong></span> <span class='ocrx_word' id='word_1_600' title='bbox 3499 5423 3669 5462; x_wconf 90' lang='lat' dir='ltr'><strong>sacro</strong></span> <span class='ocrx_word' id='word_1_601' title='bbox 3693 5406 3878 5476; x_wconf 86' lang='lat' dir='ltr'><strong>hujus</strong></span> 
     </span>
    </p>
   </div>
   <div class='ocr_carea' id='block_1_90' title="bbox 2224 5492 3872 5561">
    <p class='ocr_par' dir='ltr' id='par_1_90' title="bbox 2224 5492 3872 5561">
     <span class='ocr_line' id='line_1_91' title="bbox 2224 5492 3872 5561; baseline 0.002 -16"><span class='ocrx_word' id='word_1_602' title='bbox 2224 5492 2354 5561; x_wconf 87' lang='lat' dir='ltr'><strong>diei,</strong></span> <span class='ocrx_word' id='word_1_603' title='bbox 2391 5496 2629 5552; x_wconf 87' lang='lat' dir='ltr'><strong>condito</strong></span> <span class='ocrx_word' id='word_1_604' title='bbox 2690 5499 2865 5554; x_wconf 89' lang='lat' dir='ltr'><strong>etiam</strong></span> <span class='ocrx_word' id='word_1_605' title='bbox 2928 5503 3164 5554; x_wconf 87' lang='lat' dir='ltr'><strong>Canone</strong></span> <span class='ocrx_word' id='word_1_606' title='bbox 3217 5498 3276 5551; x_wconf 91' lang='lat' dir='ltr'><strong>in</strong></span> <span class='ocrx_word' id='word_1_607' title='bbox 3320 5495 3605 5551; x_wconf 89' lang='lat' dir='ltr'><strong>honorem</strong></span> <span class='ocrx_word' id='word_1_608' title='bbox 3650 5496 3872 5559; x_wconf 91' lang='lat' dir='ltr'><strong>Sancti,</strong></span> 
     </span>
    </p>
   </div>
   <div class='ocr_carea' id='block_1_91' title="bbox 2223 5583 3083 5649">
    <p class='ocr_par' dir='ltr' id='par_1_91' title="bbox 2223 5583 3083 5649">
     <span class='ocr_line' id='line_1_92' title="bbox 2223 5583 3083 5649; baseline 0.006 -16"><span class='ocrx_word' id='word_1_609' title='bbox 2223 5583 2394 5649; x_wconf 83' lang='lat' dir='ltr'><strong>cujus</strong></span> <span class='ocrx_word' id='word_1_610' title='bbox 2424 5583 2549 5638; x_wconf 80' lang='lat' dir='ltr'><strong>haec</strong></span> <span class='ocrx_word' id='word_1_611' title='bbox 2580 5591 2672 5641; x_wconf 90' lang='lat' dir='ltr'><strong>est</strong></span> <span class='ocrx_word' id='word_1_612' title='bbox 2699 5586 3041 5642; x_wconf 91' lang='lat' dir='ltr'><strong>acrostichis</strong></span> <span class='ocrx_word' id='word_1_613' title='bbox 3071 5603 3083 5638; x_wconf 92' lang='lat'><strong>:</strong></span> 
     </span>
    </p>
   </div>
   <div class='ocr_carea' id='block_1_92' title="bbox 461 5647 2140 5752">
    <p class='ocr_par' dir='ltr' id='par_1_92' title="bbox 461 5647 2102 5731">
     <span class='ocr_line' id='line_1_93' title="bbox 461 5647 2102 5731; baseline 0.01 -27"><span class='ocrx_word' id='word_1_614' title='bbox 461 5650 897 5720; x_wconf 87' lang='lat' dir='ltr'><strong>perseverantes</strong></span> <span class='ocrx_word' id='word_1_615' title='bbox 927 5647 986 5701; x_wconf 93' lang='lat' dir='ltr'><strong>in</strong></span> <span class='ocrx_word' id='word_1_616' title='bbox 1015 5648 1223 5706; x_wconf 88' lang='lat' dir='ltr'><strong>Christi</strong></span> <span class='ocrx_word' id='word_1_617' title='bbox 1257 5651 1645 5721; x_wconf 81' lang='lat' dir='ltr'><strong>confessione,</strong></span> <span class='ocrx_word' id='word_1_618' title='bbox 1668 5673 1808 5714; x_wconf 91' lang='lat' dir='ltr'><strong>ense</strong></span> <span class='ocrx_word' id='word_1_619' title='bbox 1840 5667 2102 5731; x_wconf 89' lang='lat' dir='ltr'><strong>percussi</strong></span> 
     </span>
    </p>
   </div>
   <div class='ocr_carea' id='block_1_93' title="bbox 2255 5647 3384 5752">
    <p class='ocr_par' dir='ltr' id='par_1_93' title="bbox 2255 5647 3384 5748">
     <span class='ocr_line' id='line_1_94' title="bbox 2255 5647 3384 5748; baseline 0.006 -29"><span class='ocrx_word' id='word_1_620' title='bbox 2255 5647 2424 5741; x_wconf 42' lang='lat' dir='ltr'><strong>nam;</strong></span> <span class='ocrx_word' id='word_1_621' title='bbox 2453 5685 2630 5743; x_wconf 84' lang='grc' dir='ltr'><strong>κροτώ</strong></span> <span class='ocrx_word' id='word_1_622' title='bbox 2661 5695 2736 5740; x_wconf 76' lang='grc' dir='ltr'><strong>σε,</strong></span> <span class='ocrx_word' id='word_1_623' title='bbox 2763 5672 3003 5747; x_wconf 78' lang='grc' dir='ltr'><strong>Ἀνδρέα,</strong></span> <span class='ocrx_word' id='word_1_624' title='bbox 3036 5673 3384 5748; x_wconf 80' lang='grc' dir='ltr'><strong>Στρατηλάτα.</strong></span> 
     </span>
    </p>
   </div>
   <div class='ocr_carea' id='block_1_94' title="bbox 461 5735 2098 5818">
    <p class='ocr_par' dir='ltr' id='par_1_94' title="bbox 461 5735 2098 5818">
     <span class='ocr_line' id='line_1_95' title="bbox 461 5735 2098 5818; baseline 0.01 -24"><span class='ocrx_word' id='word_1_625' title='bbox 461 5743 654 5794; x_wconf 80' lang='lat' dir='ltr'><strong>sunt.»</strong></span> <span class='ocrx_word' id='word_1_626' title='bbox 672 5735 964 5793; x_wconf 89' lang='lat' dir='ltr'><strong>Eumdem</strong></span> <span class='ocrx_word' id='word_1_627' title='bbox 985 5753 1113 5792; x_wconf 89' lang='lat' dir='ltr'><strong>cum</strong></span> <span class='ocrx_word' id='word_1_628' title='bbox 1129 5737 1457 5798; x_wconf 81' lang='lat' dir='ltr'><strong>honoriﬁco</strong></span> <span class='ocrx_word' id='word_1_629' title='bbox 1478 5745 1707 5801; x_wconf 87' lang='lat' dir='ltr'><strong>nomine</strong></span> <span class='ocrx_word' id='word_1_630' title='bbox 1724 5751 2098 5818; x_wconf 83' lang='lat' dir='ltr'><strong>megalomar-</strong></span> 
     </span>
    </p>
   </div>
   <div class='ocr_carea' id='block_1_95' title="bbox 2220 5759 3418 5835">
    <p class='ocr_par' dir='ltr' id='par_1_95' title="bbox 2220 5759 3418 5835">
     <span class='ocr_line' id='line_1_96' title="bbox 2220 5759 3418 5835; baseline 0.001 -23"><span class='ocrx_word' id='word_1_631' title='bbox 2220 5759 2613 5827; x_wconf 86' lang='lat' dir='ltr'><strong>Laudestuas,</strong></span> <span class='ocrx_word' id='word_1_632' title='bbox 2645 5779 2677 5819; x_wconf 94' lang='lat' dir='ltr'><strong>o</strong></span> <span class='ocrx_word' id='word_1_633' title='bbox 2713 5766 2932 5820; x_wconf 86' lang='lat' dir='ltr'><strong>Ductor</strong></span> <span class='ocrx_word' id='word_1_634' title='bbox 2958 5763 3219 5835; x_wconf 86' lang='lat' dir='ltr'><strong>Andrea,</strong></span> <span class='ocrx_word' id='word_1_635' title='bbox 3252 5774 3418 5819; x_wconf 86' lang='lat' dir='ltr'><strong>cane.</strong></span> 
     </span>
    </p>
   </div>
  </div>
