4142 6278
218 331 328 387 589

1581 378 1590 388 .
1615 333 1775 389 VITA
1817 332 1881 389 S.
1928 332 2260 397 ANDREJE.

3527 350 3634 404 590

288 460 346 512 2.
381 458 559 512 Porro
606 454 877 512 hodierni
926 456 1112 512 nostri
1159 457 1392 529 pugiles
1430 458 1491 515 in
1522 457 1701 514 variis
1740 456 1870 514 aliis
1900 458 1951 516 Α
1984 458 2075 513 cia
2105 460 2316 517 natalis
2353 464 2540 520 sancti
2567 465 2814 521 Andreae
2853 466 3096 536 tribuni,
3123 471 3496 527 etsociorum
3525 474 3629 530 mi-

218 546 414 602 Fastis
453 545 636 601 sacris
678 552 1107 601 memorantur:
1140 552 1197 602 et
1227 549 1387 602 enim
1426 548 1488 602 in
1520 547 1869 603 Kalendario

220 636 626 692 Ruthenorum
656 634 820 706 apud
851 635 1235 691 Possevinum
1278 634 1341 690 ﬁt
1372 636 1592 692 mentio
1625 638 1681 691 S.
1707 638 1868 692 Mart.

220 724 468 779 Andreae
500 739 511 777 ε
541 723 600 778 in
629 723 857 779 Menmo
896 723 1188 791 Chiﬂlelii,
1229 721 1476 797 Ἀνδρέου
1518 724 1869 798 Σρατηλάτου,

1982 546 2173 612 litum,
2204 551 2303 621 qui
2338 552 2580 609 victoria
2609 553 2684 609 de
2725 554 2916 610 Persis
2966 555 3248 612 divinitus
3278 558 3517 631 adepta,
3550 561 3627 618 ad

1980 636 2162 691 ﬁdem
2194 638 2402 695 Christi
2425 642 2712 712 conversi,
2731 643 2916 699 ethoc
2937 643 3181 700 nomine
3203 648 3484 711 accusati.
3511 650 3625 706 sub

1980 727 2332 785 Maximiano
2362 728 2719 801 imperatore
2749 731 2808 785 in
2858 732 3150 800 angustiis
3201 735 3374 791 Tauri
3407 738 3625 793 montis

218 813 469 868 Andrea:
511 812 777 867 militaris
804 812 998 868 ducis.
1058 812 1542 884 Martyrologium
1590 813 1872 869 Arabico-
1979 813 2056 869 ab
2087 817 2340 873 exercitu
2373 817 2595 873 Seleuci
2618 819 2889 890 praesidis
2918 820 3190 877 trucidati
3224 828 3381 879 sunt.
3415 844 3444 875 »

218 901 562 973 As‘gyptium
596 917 667 958 ac
685 918 796 957 ms.
828 902 1187 957 Taurinense
1220 918 1356 957 cum
1388 902 1577 974 ipsius
1609 906 1738 958 tum
1778 918 1869 958 so-

218 993 449 1047 ciorum
489 990 548 1045 in
578 1005 791 1060 genere
824 991 1145 1046 meminere
1192 1006 1205 1056 ;
1255 1008 1514 1063 quorum
1546 1007 1866 1047 numerum

217 1080 577 1136 determinat
640 1078 1039 1149 MenOIOgium
1106 1080 1628 1136 Slavo-Russicum
1688 1082 1867 1151 Spar-

218 1167 681 1223 wenfeldianum
740 1168 953 1223 eodem
1016 1169 1218 1233 modo,
1274 1184 1398 1240 quo
1449 1168 1739 1241 Typicum
1794 1184 1864 1224 ac

216 1255 612 1325 Menologium
641 1255 1255 1328 Sirleti.Synaxarium
1286 1272 1318 1312 e
1342 1257 1865 1328 Menologiojussu

219 1343 416 1399 Basilii
454 1343 829 1415 imperatoris
885 1344 1155 1411 collecto,
1196 1350 1335 1416 post
1389 1346 1550 1401 hunc
1606 1344 1864 1411 titulum,

226 1436 536 1489 Certamen
569 1432 757 1488 sancti
795 1433 1314 1506 megalomartyris
1361 1434 1615 1490 Andreae
1646 1434 1866 1489 militias

220 1522 411 1589 ducis,
444 1536 515 1577 ac
547 1522 846 1577 sociorum
874 1522 1029 1593 ejus,
1061 1522 1229 1593 ponit
1269 1524 1551 1578 Actorum
1581 1538 1865 1593 compen-

214 1609 583 1681 dium,cujus
602 1615 792 1666 textus
812 1612 1049 1666 Graecus
1069 1626 1323 1666 excusus
1344 1612 1523 1666 datur
1543 1610 1619 1667 ad
1636 1610 1863 1667 calcem

215 1700 359 1756 tomi
392 1700 413 1752 1
468 1699 690 1755 mensis
730 1699 1006 1771 Augusti,
1050 1699 1247 1754 Latine
1295 1705 1496 1754 autem
1528 1699 1613 1754 sic
1646 1704 1859 1754 sonat:

2046 908 2097 958 4.
2129 906 2279 970 Quia
2302 921 2439 960 vero
2461 906 2615 962 circa
2651 908 3165 964 annuntiationem
3206 911 3369 982 apud
3409 913 3622 970 Galesi-

1974 992 2141 1047 nium
2173 993 2461 1049 nonnulla
2488 1010 2623 1050 mox
2664 1002 2833 1050 erunt
2859 996 3146 1062 notanda,
3178 998 3338 1053 illam
3378 1016 3619 1074 quoque

1973 1080 2069 1136 hic
2100 1084 2451 1153 praemittere
2476 1084 2670 1139 visum
2702 1090 2810 1139 est.
2856 1085 2947 1141 Sic
2975 1085 3151 1155 igitur
3188 1091 3364 1143 sonat
3395 1105 3408 1144 :
3442 1109 3465 1139 α
3496 1088 3617 1146 Ca3-

1974 1185 2179 1239 sareae,
2205 1177 2547 1227 sanctorum
2573 1177 2906 1244 martyrum
2928 1174 3138 1245 Magni,
3161 1176 3422 1248 Andreas,
3448 1182 3504 1233 et
3526 1195 3618 1234 so-

1974 1257 2223 1323 ciorum,
2264 1259 2572 1331 quingenti
2596 1265 2653 1315 et
2688 1262 3016 1330 nonaginta
3040 1266 3289 1332 septem,
3330 1280 3468 1320 cum
3500 1265 3617 1323 leo-

1974 1356 2110 1401 nem
2144 1349 2586 1418 conspexissent
2616 1349 2674 1403 in
2706 1349 2983 1403 homines
3025 1366 3061 1405 a
3098 1349 3215 1406 ﬁde
3247 1352 3473 1409 alienos
3513 1370 3617 1410 saa-

1976 1434 2335 1499 vientem,ad
2358 1435 2515 1490 beati
2536 1436 2810 1507 martyris
2826 1436 3012 1507 Magni
3031 1438 3212 1509 pedes
3230 1445 3616 1498 mansuetum

1972 1529 2027 1577 et
2056 1528 2417 1594 prostratum
2438 1525 2669 1594 jacere;
2692 1525 2772 1579 rei
2795 1525 3250 1583 admirabilitate
3305 1530 3611 1595 commoti,

1971 1610 2044 1666 ad
2076 1611 2283 1666 Christi
2314 1612 2495 1667 ﬁdem
2527 1628 2590 1666 se
2616 1614 3013 1669 contulerunt.
3055 1615 3457 1679 Quamobrem
3488 1618 3620 1674 Ale-

1974 1698 2465 1769 xandripraesidis
2470 1703 2653 1770 jussu
2666 1701 2850 1772 capite
2864 1701 3466 1774 plectuntur,Magnus
3479 1721 3618 1763 vero

220 1809 245 1841 ι
279 1789 415 1845 Erat
456 1788 572 1852 hic,
607 1787 930 1859 imperante
962 1786 1333 1851 Maximiano,
1365 1787 1488 1843 dux
1516 1786 1770 1842 militum
1802 1786 1862 1842 in
1896 1803 1937 1859 Β
1970 1786 2267 1857 lapidibus
2297 1790 2585 1844 obruitur.
2620 1808 2649 1840 »
2670 1789 3055 1845 Annuntiatio
3085 1789 3214 1846 haec
3241 1794 3515 1849 convenit
3554 1797 3612 1851 S.

214 1875 485 1935 orientali
510 1877 748 1945 regione
776 1877 888 1931 sub
918 1877 1216 1941 Antiocho,
1258 1878 1362 1947 qui
1404 1875 1677 1932 universo
1710 1875 1861 1930 mili-

214 1968 345 2022 tum
406 1965 631 2036 agmini
663 1970 929 2036 prmerat.
986 1971 1029 2020 A
1058 1980 1181 2037 quo
1207 1970 1523 2035 postquam
1570 1980 1687 2020 una
1724 1980 1863 2019 cum

215 2052 349 2109 aliis
369 2054 588 2110 militis
608 2053 858 2109 ducibus
883 2053 1102 2108 missus
1136 2059 1291 2109 esset
1323 2053 1609 2109 adversus
1640 2056 1861 2119 Persas,

213 2147 274 2196 et
304 2140 603 2199 Christum
618 2141 1036 2207 invocasset,in
1056 2141 1260 2211 fugam
1291 2142 1409 2211 egit
1430 2144 1715 2207 Persas,et
1736 2145 1868 2211 post

212 2230 575 2299 insperatam
606 2230 914 2285 victoriam
947 2231 1134 2285 socios
1184 2245 1294 2285 nos
1326 2230 1403 2285 ad
1448 2229 1655 2286 Christi
1685 2230 1865 2287 ﬁdem

214 2317 517 2387 pertraxit.
540 2317 814 2373 Acensati
839 2332 977 2372 vero
999 2317 1159 2389 apud
1184 2318 1566 2383 Antiochum,
1584 2323 1868 2390 tanquam

210 2404 294 2459 rei
320 2403 565 2474 judicio,
590 2420 794 2464 coram
824 2405 955 2477 ipso
986 2404 1253 2460 astitere:
1287 2411 1344 2460 et
1367 2407 1497 2476 ipse
1521 2405 1767 2476 quidem
1807 2408 1868 2462 in

211 2491 366 2547 lecto
398 2491 585 2547 ferreo
617 2495 805 2565 ignito
831 2492 942 2551 fuit
971 2500 1284 2555 extensus;
1332 2493 1632 2548 sociorum
1668 2500 1867 2549 autem

214 2596 247 2636 e
319 2581 622 2652 quadratis
670 2581 850 2651 lignis
911 2598 1128 2640 manus
1170 2580 1433 2636 transﬁxi
1475 2587 1612 2636 sunt
1660 2581 1863 2637 clavis.

216 2669 434 2725 Deinde
463 2677 663 2726 autem
715 2686 787 2726 ex
829 2671 961 2727 aliis
993 2669 1169 2742 mille,
1202 2670 1451 2741 jubente
1490 2670 1804 2735 Antiocho,
1835 2687 1867 2727 e

210 2758 470 2830 regionis
491 2758 716 2814 ﬁnibus
739 2759 930 2815 exacti
966 2776 979 2814 :
1012 2776 1161 2831 quos
1181 2758 1280 2815 ubi
1307 2759 1678 2814 instruxisset
1722 2760 1866 2814 San-

210 2851 358 2912 ctus,
391 2849 469 2903 ad
522 2846 737 2902 Christi
766 2847 947 2902 ﬁdem
987 2846 1258 2903 adduxit.
1311 2849 1455 2901 Rem
1502 2846 1605 2900 ubi
1629 2862 1867 2917 compe-

207 2933 385 2990 risset
437 2936 783 3005 Antiochus,
827 2950 1050 3005 eosque
1109 2933 1287 2989 simul
1336 2948 1473 2987 cum
1508 2933 1599 2987 his
1645 2934 1866 3003 quibus

208 3027 484 3092 praeerat,
503 3029 658 3078 esset
684 3024 1226 3087 insecutus,omnes
1251 3036 1388 3077 ense
1412 3021 1866 3083 interemit,om-

211 3108 507 3182 niumque
547 3116 917 3183 postremum
958 3109 1277 3173 Andream,
1316 3108 1601 3165 illustrem
1653 3107 1864 3163 Christi

210 3201 561 3269 martyrem,
587 3204 643 3255 et
672 3200 824 3255 inter
853 3198 1107 3255 athletas
1140 3198 1301 3253 fama
1330 3197 1684 3254 celebrem.»

289 3292 479 3356 Quam
511 3287 902 3343 memorabile
933 3288 1114 3357 hujus
1139 3285 1326 3341 nostri
1352 3284 1863 3357 Megalomarlyris

207 3396 314 3437 seu
345 3379 537 3446 Magni
565 3377 843 3447 martyris
884 3391 1103 3431 nomen
1129 3382 1215 3430 est
1249 3374 1412 3446 apud
1442 3374 1695 3441 Gmcos,
1738 3379 1859 3429 tam

208 3468 440 3526 celebre
470 3465 648 3521 etiam
681 3470 773 3519 est
795 3463 957 3535 apud
981 3464 1239 3527 Latinos,
1284 3462 1718 3535 antiquissimis
1751 3462 1861 3517 uti-

207 3573 326 3631 que
341 3572 411 3612 ac
437 3555 647 3627 primas
666 3558 818 3609 notas
845 3552 1273 3624 Martyrologiis
1306 3552 1675 3622 inscriptum.
1709 3554 1858 3608 Nam

212 3644 515 3702 Usuardus
567 3643 680 3697 hac
704 3642 798 3697 die
829 3642 912 3697 ita
953 3657 1087 3696 eum
1113 3640 1323 3697 refert:
1363 3660 1391 3693 «
1416 3640 1639 3697 Natalis
1668 3640 1859 3698 sancti

210 3733 424 3804 Magni,
476 3748 584 3787 seu
637 3730 825 3786 sancti
871 3728 1122 3785 Andreae
1154 3729 1455 3800 martyris,
1509 3744 1648 3785 cum
1680 3729 1857 3785 sociis

208 3824 331 3878 suis
369 3820 610 3877 duobus
634 3818 895 3874 millibus
923 3818 1266 3890 quingentis
1297 3818 1620 3889 nonaginta
1645 3822 1702 3873 et
1731 3834 1858 3890 sep-

206 3914 349 3968 tem.
381 3931 408 3960 »
441 3908 532 3963 Ad
562 3923 747 3980 quam
778 3907 1292 3962 annuntiationem
1322 3907 1434 3962 ista
1469 3907 1590 3977 jam
1626 3906 1856 3977 pridem

203 3999 265 4055 in
296 3998 569 4054 Usuardo
599 4013 636 4053 a
678 3996 851 4051 nobis
906 3995 1064 4052 edito
1090 4002 1146 4051 et
1191 3996 1487 4051 iIIustrato
1543 3994 1856 4052 observata

205 4092 364 4143 sunt.
395 4107 423 4140 ι(
452 4086 751 4141 Andream
777 4084 1855 4155 apudGrtecosinclytissimumMega-

201 4176 595 4248 lomartyrem
615 4173 987 4245 Martyrologi
1002 4176 1180 4229 nostri
1199 4173 1387 4229 Latini
1406 4171 1854 4228 verosimillime

204 4282 278 4320 ex
300 4262 914 4335 Graecaappellatione
949 4261 1283 4317 binomium
1313 4261 1854 4328 fecerintMagnum

203 4369 306 4409 seu
334 4352 654 4407 Andream.
697 4351 791 4408 Sic
822 4350 1041 4406 etenim
1098 4350 1274 4414 Beda,
1331 4352 1507 4418 prout
1540 4346 1702 4415 apud
1745 4360 1856 4400 nos

205 4441 400 4497 editus
426 4445 597 4505 est,et
615 4455 687 4494 eo
705 4438 1004 4501 Babanus,
1034 4438 1372 4491 Romanum
1415 4449 1684 4505 parvum,
1706 4433 1851 4499 Ado,

1974 1877 2385 1946 Magno,cujus
2416 1877 2764 1948 martyrium
2820 1876 3093 1948 pluribus
3120 1878 3402 1937 describit
3420 1882 3622 1938 Petrus

1973 1963 2047 2018 de
2078 1963 2380 2019 Natalibus
2410 1964 2511 2019 lib.
2545 1966 2594 2028 7,
2644 1981 2778 2035 cap.
2805 1966 2874 2020 79
2907 1982 2922 2033 ;
2955 1965 3016 2021 in
3048 1982 3164 2037 quo
3217 1973 3418 2024 tamen
3482 1985 3621 2026 cum

1973 2051 2201 2107 nullum
2233 2052 2307 2107 de
2336 2054 2390 2109 S.
2419 2053 2656 2109 Andrea
2683 2053 2989 2110 inveniam
3034 2056 3366 2125 vestigium,
3404 2058 3622 2115 mirum

1976 2140 2120 2196 mihi
2175 2140 2409 2208 accidit,
2467 2141 2657 2213 ipsius
2714 2157 2934 2198 nomen
3001 2143 3296 2199 intrusum
3374 2144 3489 2216 legi
3560 2147 3619 2201 in

1976 2229 2133 2284 dicta
2153 2230 2746 2287 annuntiatione.Sed
2776 2246 2870 2286 res
2891 2232 3020 2287 haec
3042 2231 3319 2303 pluribus
3338 2238 3623 2291 tractatur

1980 2317 2139 2388 apud
2173 2334 2279 2373 nos
2309 2318 2424 2373 hac
2443 2318 2558 2383 die,
2583 2335 2705 2390 qua
2718 2318 2791 2374 de
2814 2324 3018 2375 sancto
3039 2323 3249 2389 Magno
3271 2322 3623 2393 Cappadoce

1980 2404 2191 2473 agitur,
2218 2420 2354 2477 pag.
2386 2406 2509 2460 717.
2529 2408 2689 2462 Nunc
2704 2407 2777 2461 de
2798 2406 3263 2463 hallucinatione
3288 2410 3625 2482 Martyrolo-

1978 2506 2191 2560 gorum
2225 2495 2494 2564 superius
2512 2494 2771 2551 indicata
2796 2501 2851 2550 et
2871 2496 2963 2550 hic
2999 2495 3268 2567 pluribus
3301 2496 3625 2555 refellenda

1976 2581 2366 2636 tractabimus
2394 2600 2411 2653 ;
2437 2598 2467 2637 e
2497 2598 2619 2653 qua
2647 2583 2876 2638 videtur
2911 2583 3203 2654 originem
3236 2584 3483 2642 traxisse
3508 2586 3626 2644 Ga-

1974 2666 2287 2725 lesiniana.

2047 2762 2096 2811 5.
2135 2760 2197 2813 Et
2235 2774 2305 2814 ea
2333 2757 2580 2830 quidem
2610 2762 2698 2813 est
2726 2758 2946 2831 duplex
2981 2775 2995 2826 ;
3036 2759 3221 2817 altera
3278 2761 3340 2819 in
3388 2779 3458 2818 eo
3491 2779 3618 2820 ver-

1976 2851 2161 2913 satur,
2209 2847 2375 2916 quod
2424 2848 2479 2903 S.
2533 2847 2783 2903 Andreae
2842 2848 3182 2905 addiderint
3223 2866 3443 2907 nomen
3499 2868 3621 2908 non

1977 2949 2179 2997 suum,
2239 2934 2428 3002 Magni
2476 2934 2745 2991 videlicet
2792 2936 3024 3001 ;altera
3071 2938 3351 2993 incertior
3403 2938 3616 3011 priore,

1974 3020 2139 3091 quod
2178 3021 2395 3077 alicubi
2436 3021 2581 3078 forte
2637 3025 2691 3080 S.
2724 3027 2972 3094 Magnus
3015 3026 3184 3082 aliter
3210 3028 3615 3095 annuntietur,

1974 3123 2159 3179 quam
2189 3108 2424 3175 debeat,
2458 3112 2538 3165 uti
2574 3128 2709 3167 mox
2739 3114 3011 3169 referam.
3045 3114 3133 3169 Ad
3155 3114 3411 3186 priorem
3453 3117 3617 3187 quod

1947 3197 2197 3260 'attinet,
2229 3203 2442 3267 praeter
2479 3197 2600 3263 illa,
2629 3214 2760 3269 qua;
2807 3200 2986 3270 paulo
3016 3206 3155 3257 ante
3196 3203 3615 3274 praemisimus,

1970 3285 2099 3341 haec
2124 3285 2277 3342 addo
2293 3287 2367 3341 ad
2395 3287 2685 3358 majorem
2707 3287 2940 3344 illorum
2958 3290 3495 3347 conﬁrmationem.
3517 3295 3618 3349 Ba-

1970 3374 2175 3429 ronius
2207 3375 2265 3428 in
2289 3374 2699 3429 notationibus
2732 3376 2843 3430 hac
2872 3376 2960 3430 die
2990 3379 3057 3433 19
3102 3378 3353 3447 Augusti
3398 3379 3475 3434 ad
3507 3396 3618 3435 an-

1969 3462 2394 3517 nuntiationem
2418 3462 2813 3534 Martyrologii
2846 3464 3096 3519 Romani
3128 3464 3374 3521 Andreae
3400 3466 3616 3523 tribuni

1969 3556 2026 3606 et
2063 3567 2207 3618 soc.,
2244 3570 2269 3601 α
2305 3552 2385 3606 De
2450 3551 2565 3617 his,
2607 3551 2707 3617 ait,
2737 3551 2852 3607 hac
2908 3551 3005 3607 die
3060 3551 3312 3610 Usuard.
3365 3561 3423 3610 et
3447 3555 3611 3625 Ado;

1967 3639 2100 3695 licet
2126 3643 2422 3695 An‘lream
2449 3656 2587 3696 cum
2640 3642 2698 3698 S.
2725 3643 2934 3710 Magno
2960 3642 3352 3699 confundant.
3386 3665 3415 3697 »
3449 3646 3613 3700 Hunc

1969 3745 2227 3784 errorem
2240 3729 2420 3784 etiam
2434 3729 2680 3798 castigat
2695 3730 3037 3786 Lambecius
3052 3733 3610 3790 Commentariorum

1967 3819 2041 3874 de
2060 3816 2663 3873 biblithecaCassarea
2699 3817 3160 3886 Vindobonensi,
3188 3819 3290 3876 lib.
3318 3837 3432 3886 vm,
3471 3836 3604 3893 pag.

1967 3909 2089 3972 202,
2120 3906 2218 3961 ubi
2256 3921 2395 3961 occa
2407 3905 2573 3961 sione
2615 3906 2903 3962 versionis
2923 3908 3134 3964 Latinas
3163 3913 3222 3963 et
3248 3910 3476 3965 exordii
3505 3916 3611 3967 Ac-

1964 4001 2161 4052 torum
2186 3996 2242 4051 S.
2261 3994 2509 4050 Andreas
2524 4010 2595 4050 ac
2613 3994 2906 4050 sociorum
2922 3996 3086 4067 apud
3105 3996 3345 4053 Surium
3364 3998 3477 4054 hac
3488 3999 3606 4068 die,

1964 4084 2301 4155 Martyrium
2336 4084 2392 4137 S.
2444 4082 2716 4150 Androm,
2770 4082 2942 4138 ducis
2995 4085 3303 4147 exercitus,
3332 4090 3388 4140 et
3422 4087 3608 4143 socio-

1963 4188 2118 4234 rum,
2146 4175 2385 4224 auctore
2416 4172 2708 4240 Symeone
2741 4171 3151 4241 Metaphraste.
3197 4171 3453 4227 Vocatur
3499 4189 3610 4229 au-

1964 4264 2081 4314 tem
2111 4256 2208 4312 hic
2233 4255 2500 4311 Andreas
2527 4256 2705 4310 etiam
2737 4272 3047 4325 magnus,»
3079 4262 3224 4323 etc.,
3257 4259 3341 4314 sic
3361 4261 3602 4317 scribit:

1966 4364 1995 4397 α
2027 4347 2144 4401 Hoc
2174 4359 2294 4399 non
2324 4347 2408 4398 est
2459 4341 2911 4411 intelligendum
2957 4343 3032 4399 de
3062 4345 3305 4400 nomine
3363 4348 3605 4418 proprio

1965 4432 2152 4503 Magni
2182 4430 2440 4504 ;quippe
2468 4430 2635 4502 quod
2680 4433 2737 4487 S.
2767 4430 3034 4487 Andreas
3079 4432 3421 4491 Stratelates
3481 4451 3606 4493 non

206 4535 285 4597 et,
321 4529 490 4599 cujus
528 4529 656 4598 jam
706 4526 885 4581 verba
928 4525 1222 4584 dedimus,
1288 4520 1614 4578 Usuardus.
1657 4521 1854 4576 Melius
1887 4511 1932 4565 ι)
1961 4520 2188 4585 habuit,
2225 4521 2331 4576 sed
2385 4524 2611 4575 tantum
2656 4519 2730 4574 de
2780 4519 2946 4581 titulo
2985 4521 3452 4597 Μεγαλομάρτυρος
3482 4524 3606 4580 sive

212 4617 460 4672 fortasse
489 4615 790 4685 legissent,
819 4613 1021 4684 magni
1046 4612 1323 4668 Andreae:
1358 4625 1553 4681 neque
1573 4610 1731 4664 enim
1767 4625 1856 4665 ve-

209 4703 477 4761 rosimile
509 4709 675 4774 puto,
713 4701 1137 4774 Martyrologos
1162 4706 1397 4756 nostros
1436 4697 1734 4754 Andream
1763 4699 1857 4753 tri-

210 4793 445 4849 bunum
479 4790 731 4846 militum
782 4806 917 4846 cum
950 4793 1157 4863 Magno
1213 4789 1497 4861 episcopo
1535 4785 1852 4855 Anagnino

209 4878 576 4936 confundere
602 4878 878 4933 voluisse.
915 4898 943 4930 ››
965 4876 1617 4934 Hancobservationem
1648 4874 1721 4929 de
1744 4875 1858 4929 du-

210 4969 342 5042 plici
366 4966 611 5024 nomine
624 4966 816 5022 eidem
832 4973 1034 5023 nostro
1048 4967 1296 5039 martyri
1316 4980 1629 5038 perperam
1644 4962 1851 5029 indito,

207 5058 456 5115 inferius
485 5055 843 5112 conﬁrmare
898 5057 1268 5112 conabimur.
1299 5056 1588 5111 Habemus
1617 5052 1853 5108 interim

210 5164 285 5204 ex
309 5146 480 5203 dictis
512 5145 683 5214 (nihil
713 5144 933 5217 quippe
963 5146 1119 5214 cogit
1147 5161 1354 5201 omnes
1385 5143 1517 5214 illas
1537 5142 1856 5197 annuntia-

211 5237 400 5292 tiones
427 5235 547 5289 huc
577 5234 841 5303 integras
895 5233 1305 5303 transcribere)
1362 5231 1564 5299 magni
1592 5229 1853 5285 nominis

210 5329 530 5395 martyrem
562 5320 743 5377 fuisse
776 5322 830 5378 S.
864 5323 1170 5378 Andream
1202 5322 1262 5376 in
1310 5319 1567 5375 Ecclesia
1631 5317 1852 5374 Latina.

213 5415 290 5467 De
341 5410 765 5467 Wandelberto
808 5417 1018 5482 postea
1065 5425 1332 5478 agemus.
1373 5405 1855 5478 Martyrologium

212 5501 548 5555 Romanum
582 5500 936 5554 modernum
970 5498 1052 5554 ita
1089 5498 1163 5552 de
1189 5497 1285 5552 illo
1337 5497 1479 5566 legit
1545 5511 1613 5551 ac
1658 5493 1855 5560 sociis,

211 5604 467 5661 quorum
486 5592 685 5643 tamen
702 5603 1019 5643 numerum
1034 5602 1151 5643 non
1179 5585 1533 5642 determinat
1565 5601 1576 5639 :
1607 5586 1700 5639 «in
1726 5581 1853 5638 Cili-

1962 4609 2163 4679 Magni
2184 4610 2487 4679 martyris,
2529 4608 2631 4679 qui
2662 4608 2746 4663 illi
2776 4608 2835 4663 in
2873 4608 3054 4679 hujus
3110 4612 3469 4668 narrationis
3520 4614 3608 4669 in-

1962 4698 2276 4767 scriptione
2346 4696 2549 4752 Graaca
2606 4696 2847 4751 honoris
2898 4712 3080 4753 causa
3128 4699 3419 4755 tribuitur.
3473 4702 3609 4757 Per-

1962 4801 2165 4857 peram
2194 4784 2370 4853 igitur
2423 4788 2483 4839 et
2519 4783 2782 4839 absurde
2811 4783 2871 4839 in
2901 4785 3121 4840 Adonis
3168 4787 3605 4861 archiepiscopi

1966 4872 2308 4929 Viennensis
2320 4872 2727 4943 Martyrologio
2752 4872 2849 4928 die
2870 4872 2937 4929 19
2960 4874 3213 4943 Augusti
3240 4873 3472 4946 legitur:
3496 4880 3605 4934 Na-

1963 4961 2094 5018 talis
2126 4962 2311 5018 sancti
2350 4961 2540 5029 Magni
2570 4978 2674 5016 seu
2708 4963 2896 5018 sancti
2924 4963 3230 5029 Andreae,»
3264 4967 3375 5020 etc.
3407 4966 3606 5022 Merito

1964 5050 2163 5120 itaque
2204 5049 2339 5114 ista,
2372 5068 2401 5101 (ι
2432 5048 2691 5105 Vocatur
2719 5055 2917 5105 autem
2964 5049 3061 5105 hic
3110 5050 3375 5107 Andreas
3424 5053 3604 5110 etiam

1964 5143 2208 5208 Magnus
2238 5158 2266 5187 ››
2298 5137 2522 5192 omissa
2547 5142 2685 5192 sunt
2709 5137 2768 5193 in
2798 5136 3055 5194 editione
3079 5137 3250 5203 Surii,
3278 5154 3439 5196 anno
3470 5145 3605 5199 me

1966 5225 2219 5282 Coloniae
2266 5224 2583 5281 edita.Haac
2635 5225 2709 5280 de
2756 5240 2952 5281 errore
3005 5226 3114 5283 isto
3150 5226 3216 5281 In
3241 5226 3424 5283 alium
3457 5228 3606 5286 forte

1964 5315 2170 5388 lapsus
2208 5319 2294 5370 est
2334 5312 2798 5377 Wandelbertus,
2839 5312 2985 5369 dum
3036 5314 3231 5371 eidem
3272 5321 3605 5388 martyrum

1965 5401 2272 5475 manipulo
2300 5401 2532 5457 videtur
2574 5400 2921 5471 adjunxisse
2953 5404 3012 5459 S.
3059 5404 3339 5472 Magnum
3379 5406 3609 5479 Cappa-

1964 5493 2198 5556 docem,
2233 5490 2327 5547 cui
2353 5490 2531 5545 aliam
2567 5488 2832 5560 martyrii
2876 5488 3219 5560 palwstram
3249 5508 3434 5564 supra
3462 5495 3606 5553 assi-

1973 5580 2309 5652 gnavimus.
2351 5579 2441 5634 Sic
2464 5581 2624 5634 enim
2645 5579 2823 5636 canit.
