4142 6278
246 274 354 331 593

1640 274 1803 331 νιΤΑ
1845 277 1902 334 S.
1947 276 2277 335 ANDREE.

3552 282 3660 339 594

228 414 303 456 ac
379 413 710 465 recensere,
770 400 829 454 et
878 397 1225 454 Christianis
1306 398 1560 457 liberam
1635 400 1891 471 eligendi
1924 400 1968 456 A
2003 417 2231 460 annum
2250 404 2455 462 Christi
2472 409 2779 475 30t,num.
2816 413 2863 480 t,
2891 406 3317 464 Diocletianum
3343 406 3655 479 imperato-

221 494 573 562 potestatem
633 486 883 552 fecisset,
939 492 1002 541 ut
1081 485 1171 541 vel
1219 487 1653 559 imperatorum
1699 490 1888 561 jussis

219 578 706 651 obtemperantes
745 575 993 631 honoris
1025 575 1115 630 sui
1147 576 1403 645 gradum
1438 577 1774 640 retinerent,
1800 580 1889 635 vel

217 667 267 722 si
303 681 510 739 parere
541 664 780 727 nollent,
806 664 1031 720 honore
1059 663 1280 720 militias
1308 665 1698 731 nudarentur;
1726 681 1888 723 com-

217 755 419 829 plures
466 754 634 826 regni
658 755 798 809 Jesu
852 753 1067 809 Christi
1127 752 1364 819 milites,
1419 754 1686 810 nominis
1729 754 1887 811 illius

219 843 655 902 confessionem
677 841 944 898 saaculari
959 840 1163 911 gloria:
1186 857 1255 898 ac
1271 841 1560 907 felicitati,
1580 859 1702 917 qua
1723 843 1887 900 frue-

224 933 446 991 bantur
474 933 707 1006 absque
746 930 865 987 ulla
921 930 1297 986 cunctatione
1352 931 1753 1004 praetulerunt.
1806 935 1886 989 Ex

228 1022 452 1096 quibus
491 1021 669 1095 pauci
707 1018 1041 1076 admodum
1075 1018 1158 1090 (in
1198 1018 1401 1077 Graeco
1439 1025 1525 1077 est
1551 1022 1622 1082 εἷς
1650 1040 1751 1073 που
1794 1027 1885 1075 καὶ

231 1108 493 1184 δεύτερος,
521 1109 582 1165 id
612 1114 719 1178 est,
754 1124 909 1163 unus
928 1112 986 1164 et
1009 1107 1177 1177 alter)
1220 1123 1343 1164 non
1400 1109 1580 1165 modo
1636 1110 1887 1179 dignita-

228 1202 373 1266 tem,
399 1214 606 1256 verum
637 1197 816 1253 etiam
855 1196 1033 1252 vitam
1075 1196 1344 1252 amittere
1383 1213 1493 1268 pro
1539 1196 1886 1254 defensione

232 1289 464 1361 pietatis
484 1288 892 1343 sustinuerunt
920 1302 932 1341 :
963 1302 1101 1341 cum
1127 1286 1179 1341 is
1211 1284 1317 1357 qui
1354 1286 1626 1357 religioni
1665 1292 1887 1342 nostra

230 1376 496 1432 struebat
527 1375 796 1441 insidias,
830 1389 1008 1446 parce
1033 1374 1232 1429 adhuc
1261 1379 1318 1430 et
1354 1390 1493 1430 raro
1527 1374 1886 1446 sanguinem

226 1464 632 1539 quorumdam
664 1463 912 1519 fundere
933 1462 1198 1519 auderet.
1232 1465 1445 1519 Verum
1475 1463 1577 1520 ubi
1626 1465 1885 1536 apertius

226 1570 289 1611 se
317 1553 395 1609 ad
419 1553 641 1609 bellum
682 1552 953 1615 accinxit,
1005 1550 1124 1606 dici
1174 1566 1293 1607 non
1353 1557 1565 1622 potest,
1619 1556 1767 1623 quot
1828 1557 1886 1608 et

225 1647 483 1716 quantos
511 1641 723 1698 Christi
777 1644 1069 1711 martyres
1093 1640 1152 1695 in
1185 1639 1468 1695 omnibus
1513 1639 1662 1695 locis
1707 1645 1884 1712 atque

228 1731 476 1788 urbibus
495 1731 721 1802 passim
748 1742 987 1785 cernere
1032 1727 1279 1792 licuerit,
1324 1750 1352 1778 ››
1394 1732 1528 1799 post
1580 1728 1882 1784 famosum
1913 1753 1952 1807 Β

224 1819 499 1876 videlicet
528 1819 787 1875 edictum
815 1822 1021 1873 contra
1046 1816 1328 1873 ecclesias
1365 1817 1737 1889 propositum
1793 1818 1885 1874 Ni-

229 1909 536 1975 comediae,
569 1909 644 1964 de
672 1923 795 1981 quo
833 1922 967 1979 cap.
993 1909 1027 1962 5
1059 1906 1329 1962 meminit
1356 1906 1515 1962 idem
1570 1908 1880 1963 Eusebius.

306 2002 393 2056 1ο.
466 1998 523 2055 Si
578 1997 772 2069 itaque
819 1995 1086 2068 pugilum
1127 2000 1466 2051 nostrorum
1533 1997 1881 2069 martyrium

226 2087 466 2144 diﬁ'erre
504 2086 701 2141 liceret
773 2090 954 2157 atquc
1025 2083 1103 2140 ad
1173 2083 1337 2140 illam
1404 2084 1880 2141 crudelissimam

225 2175 726 2247 persecutionem,
758 2188 881 2244 qua
910 2172 970 2228 in
996 2187 1175 2228 omne
1202 2188 1393 2241 genus
1416 2172 1733 2228 hominum
1752 2178 1883 2244 aty-

221 2262 427 2319 rannis
445 2263 721 2316 sasvitum
741 2266 849 2326 est,
881 2265 1074 2316 textus
1101 2260 1333 2316 Eusebii
1352 2276 1469 2316 non
1482 2267 1707 2316 crearet
1734 2259 1886 2316 difﬁ-

220 2350 500 2408 cultatem
526 2365 540 2415 ;
572 2348 678 2404 sed
710 2364 847 2404 cum
866 2364 939 2403 eo
961 2363 1151 2420 usque
1174 2363 1295 2404 non
1315 2348 1586 2404 videatur
1611 2348 1885 2405 differen-

226 2440 398 2505 dum,
435 2438 645 2494 saltem
677 2436 1011 2492 secundum
1064 2441 1226 2500 Acta,
1260 2440 1440 2507 prout
1489 2436 1752 2492 videlicet
1815 2454 1885 2493 ea

218 2543 380 2584 nunc
396 2530 633 2582 exstant
662 2544 674 2593 ;
700 2541 821 2580 non
843 2524 1178 2591 videamus,
1199 2539 1321 2595 quo
1349 2531 1525 2596 pacto
1554 2524 1695 2579 satis
1724 2540 1884 2580 com-

220 2616 399 2673 mode
429 2616 504 2671 ad
527 2614 713 2670 verba
734 2613 965 2670 Eusebii
989 2612 1338 2685 responderi
1359 2617 1554 2685 queat.
1593 2611 1881 2681 Diximus,

221 2705 432 2761 saltem
461 2703 795 2760 secundum
820 2706 965 2757 Acta
987 2706 1117 2766 etc.,
1158 2717 1296 2773 quas
1317 2700 1378 2756 S.
1405 2702 1658 2758 Andrea
1692 2717 1763 2757 ac
1792 2718 1883 2758 so-

223 2794 453 2850 ciorum
508 2792 765 2847 militum
839 2789 1065 2844 eadem
1110 2794 1359 2844 narrant
1410 2790 1698 2844 accidisse
1752 2796 1885 2861 post

222 2882 452 2939 bellum
483 2880 781 2935 Persicum
813 2896 828 2945 ;
860 2877 1307 2932 circumstantia
1334 2890 1475 2932 vero
1500 2876 1600 2931 illa
1630 2875 1884 2933 fortasse

224 2970 463 3040 adjecta
494 2966 603 3022 fuit
631 2980 805 3021 anon
837 2964 981 3019 satis
1010 2968 1187 3019 cauto
1215 2968 1563 3019 exornatore
1582 2968 1882 3031 Actorum,

223 3073 356 3131 qua:
397 3054 639 3111 aliunde
660 3068 773 3109 non
807 3057 938 3107 sunt
961 3067 1200 3124 magna;
1214 3050 1544 3107 admodum
1570 3052 1887 3108 auctorita-

222 3146 298 3203 tis
328 3141 633 3215 Quidquid
688 3141 782 3207 sit,
837 3156 950 3196 nos
1003 3141 1302 3208 ingentem
1364 3139 1531 3195 illum
1585 3142 1886 3197 sociorum

222 3239 555 3304 martyrum
588 3246 929 3295 numerum,
964 3228 1025 3284 in
1069 3229 1281 3284 Graecis
1304 3228 1524 3300 pariter
1550 3244 1622 3284 ac
1670 3229 1885 3285 Latinis

218 3322 404 3381 Fastis
425 3320 869 3390 consignatum,
918 3317 1311 3389 relinquimus
1360 3318 1419 3371 in
1472 3316 1715 3389 antiqua
1777 3332 1884 3373 sua

214 3410 618 3485 possessione,
635 3407 715 3463 ita
731 3412 932 3463 tamen
952 3412 1032 3471 ut,
1048 3404 1530 3479 Martyrologium
1550 3408 1883 3461 Romanum

218 3499 423 3563 secuti,
455 3512 592 3553 eum
646 3497 705 3551 in
752 3495 918 3551 titulo
979 3502 1117 3550 ante
1164 3494 1325 3549 hunc
1380 3494 1883 3550 Commentarium

218 3593 495 3645 nostrum
527 3600 647 3641 non
677 3584 1010 3639 determina
1060 3582 1343 3638 verimus.
1373 3585 1538 3637 Nunc
1561 3599 1596 3637 8
1636 3598 1885 3639 numero

223 3682 556 3749 martyrum
587 3688 913 3747 pergamus
935 3671 1011 3727 ad
1036 3678 1272 3743 tempus
1311 3670 1599 3744 martyrii.

995 3760 1023 3832 ς
1062 3760 1131 3814 1|.

630 3851 875 3922 Tempus
899 3848 1182 3919 martyrii
1196 3863 1531 3918 expensum.

303 3964 333 3995 ‹‹
376 3943 650 4007 Cursum,
679 3940 954 4011 inquiunt
994 3943 1160 4003 Acta,
1207 3938 1461 4009 martyrii
1494 3937 1585 3993 sui
1614 3937 1885 3993 beatissi-

233 4048 369 4088 mus
389 4030 657 4087 Andreas
699 4044 835 4084 cum
866 4032 990 4085 tota
1016 4043 1125 4083 sua
1157 4026 1287 4084 forti
1340 4032 1399 4083 et
1452 4043 1487 4082 a
1542 4028 1661 4084 Deo
1704 4027 1887 4083 electa

232 4119 526 4190 Phalauge
552 4116 794 4189 perfecit
810 4116 1044 4173 decimo
1061 4132 1220 4172 nono
1251 4115 1347 4171 die
1368 4116 1592 4172 mensis
1615 4115 1881 4186 Augusti,

227 4210 324 4266 die
354 4208 679 4263 Dominico.
720 4226 748 4258 »
794 4206 1004 4261 Littera
1036 4206 1101 4272 G,
1125 4221 1259 4276 quas
1286 4204 1383 4259 hic
1426 4211 1514 4259 est
1544 4203 1731 4259 littera
1769 4203 1885 4257 diei

229 4302 291 4355 t9
318 4296 590 4367 Augusti,
624 4310 743 4351 non
764 4293 1058 4349 invenitur
1090 4300 1377 4363 tanquam
1408 4292 1599 4346 littera
1628 4289 1887 4345 Domini-

2000 506 2126 547 rem
2150 508 2285 550 cum
2320 511 2431 551 suo
2452 497 2672 568 collega
2701 497 3055 554 Maximiano
3087 502 3227 552 tunc
3258 495 3657 568 triumphasse

1998 578 2073 635 de
2099 582 2286 638 Persis
2311 583 2570 641 afﬁrmat
2630 606 2644 652 ;
2699 592 2755 641 et
2806 586 3024 641 ibidem
3080 601 3236 640 num.
3268 589 3320 640 2.
3365 606 3391 635 ‹‹
3453 587 3651 651 Porro,

1998 670 2096 734 ait,
2138 671 2346 728 enituit
2367 672 2429 727 in
2450 673 2603 729 bello
2630 673 2865 730 Persico
2895 673 3113 730 eximia
3158 674 3346 729 virtus
3403 672 3653 730 Andrea!

1998 757 2216 814 tribuni
2238 760 2512 825 militum,
2547 783 2571 814 υ
2618 767 2729 819 etc.

2074 851 2154 902 11.
2185 848 2296 905 Sed
2325 850 2535 922 Pagius
2560 851 2638 907 ad
2664 850 2888 907 dictum
2922 866 3168 917 annum,
3203 865 3371 906 num.
3404 854 3460 915 2,
3481 849 3651 907 illum

1998 935 2364 1008 triumphum
2396 938 2760 995 celebratum
2800 938 3059 996 afﬁrmat
3086 958 3112 988 α
3136 953 3298 994 anno
3321 938 3425 994 303
3465 958 3494 991 ιι
3536 955 3648 1010 quo

1996 1024 2332 1081 Lactantius
2359 1026 2461 1083 lib.
2496 1030 2581 1084 De
2600 1029 2879 1085 mortibus
2909 1032 3374 1096 persecutorum,
3406 1027 3644 1099 cap.t7,

2001 1112 2427 1171 Diocletianum
2458 1119 2657 1173 Romae
2680 1116 3020 1173 Vicennalia
3075 1115 3406 1171 celebrasse
3444 1115 3642 1171 tradit.

1995 1200 2141 1256 Nam
2177 1218 2316 1258 cum
2370 1204 2704 1276 triumphus
2756 1204 2852 1260 ille
2883 1207 3079 1259 Romae
3125 1202 3421 1259 exhibitus
3446 1201 3642 1272 fuerit,

1996 1293 2058 1345 ut
2090 1290 2376 1346 Eusebius
2407 1290 2467 1347 in
2499 1292 2809 1359 Chronico,
2842 1290 3155 1362 Eutropius
3179 1296 3233 1347 et
3261 1290 3645 1347 Cassiodorus

1996 1381 2305 1443 testantur,
2376 1383 2434 1434 et
2491 1385 2627 1435 ante
2693 1395 2920 1435 annum
2977 1383 3078 1436 303
3140 1384 3275 1450 post
3333 1379 3642 1435 victoriam

1995 1466 2286 1522 Persicam
2312 1466 2704 1523 Diocletianus
2736 1469 2935 1523 Romae
2965 1482 3089 1523 non
3137 1465 3332 1532 fuerit,
3363 1466 3549 1540 liquet
3572 1482 3643 1523 eo

1994 1570 2155 1610 anno
2181 1555 2548 1627 triumphum
2570 1556 2728 1611 hunc
2745 1562 2943 1612 actum
2965 1571 3114 1611 esse.
3144 1555 3423 1611 Praeterea
3443 1555 3645 1612 trium-

1994 1642 2148 1714 phos
2178 1659 2314 1699 cum
2348 1643 2758 1699 Viceunalibus
2796 1648 2851 1699 et
2882 1644 2939 1699 id
2967 1660 3155 1714 genus
3188 1642 3346 1699 festis
3378 1644 3453 1698 de
3483 1657 3644 1700 more

1994 1731 2279 1787 exhibitos
2292 1732 2492 1803 fuisse,
2504 1748 2777 1805 saepeque
2791 1731 2999 1789 dilatos
3012 1748 3127 1787 non
3142 1731 3315 1787 semel
3328 1731 3640 1787 insinuavi.

1995 1820 2187 1885 Quare
2216 1820 2347 1875 licet
2372 1836 2489 1892 pax
2519 1822 2669 1875 inter
2707 1823 3006 1876 Romanos
3033 1824 3088 1875 et
3138 1820 3343 1875 Persas
3382 1818 3511 1891 jam
3566 1817 3643 1874 ab

1993 1923 2150 1964 anno
2216 1909 2316 1964 297
2375 1908 2602 1964 sancita
2656 1906 2880 1973 fuisset,
2936 1912 3135 1963 tamen
3187 1905 3524 1976 triumphus
3569 1905 3645 1963 de

1994 1995 2181 2052 Persis
2211 2012 2370 2053 anno
2396 2001 2625 2051 tantum
2657 1996 2761 2051 303
2789 2000 2977 2052 actus.
3011 1997 3095 2066 Et,
3130 1993 3433 2051 nonnullis
3466 1994 3647 2050 inter-

1990 2086 2181 2157 jectis,
2211 2085 2289 2141 ad
2311 2085 2449 2140 anni
2470 2084 2566 2140 301
2612 2100 2930 2139 numerum
2989 2088 3042 2147 2,
3110 2098 3266 2156 quos
3313 2098 3346 2139 e
3396 2081 3646 2139 Baronio

1996 2174 2276 2237 citabam,
2308 2179 2365 2228 et
2394 2189 2564 2245 seqq.
2621 2172 2901 2228 observat
2919 2173 3076 2228 ista:
3124 2194 3145 2221 ι
3206 2171 3645 2227 Diocletianus..

1995 2261 2226 2318 nullum
2248 2262 2362 2317 hoc
2400 2276 2559 2317 anno
2589 2260 2659 2317 de
2714 2261 3128 2332 persecutione
3175 2258 3647 2315 Christianorum

1995 2350 2399 2423 promulgavit
2429 2349 2710 2416 edictum,
2738 2349 2841 2404 sed
2864 2353 3093 2405 tantum
3140 2348 3201 2403 in
3229 2347 3442 2402 milites
3481 2346 3649 2402 saevi-

1997 2442 2144 2503 tum.
2179 2441 2367 2504 Quare
2418 2445 2724 2510 martyres,
2771 2438 2841 2493 de
2887 2436 3108 2509 quibus
3158 2434 3466 2501 Baronius,
3515 2439 3652 2491 ante

1993 2542 2223 2583 annum
2253 2528 2357 2583 303
2392 2527 2549 2599 passi
2604 2542 2724 2583 non
2771 2531 2928 2582 sunt.
2979 2545 3008 2578 io
3048 2523 3157 2581 Alii
3206 2529 3498 2596 martyres
3560 2523 3655 2579 isti

1992 2615 2111 2671 huc
2140 2629 2262 2670 non
2294 2619 2585 2686 spectant,
2618 2615 2717 2670 sed
2752 2616 2810 2670 L.
2844 2613 3111 2669 Andreas
3131 2628 3269 2667 cum
3328 2611 3451 2667 suis
3500 2611 3649 2668 mili-

1991 2703 2167 2770 tibus,
2195 2718 2453 2775 quorum
2486 2702 2839 2774 martyrium
2864 2717 2935 2757 ex
2957 2700 3085 2772 jam
3139 2699 3313 2755 dictis
3357 2698 3520 2769 apud
3548 2700 3657 2755 Ba-

1992 2792 2250 2857 ronium,
2285 2807 2356 2847 ac
2380 2790 2649 2848 criticum
2680 2791 2830 2862 ejus,
2858 2793 3348 2847 consummatum
3381 2788 3456 2843 sit
3494 2803 3655 2846 anno

1992 2871 2117 2927 30L

2067 3045 2153 3099 t2.
2198 3046 2309 3101 Sed
2348 3061 2471 3117 quo
2497 3046 2697 3101 minus
2726 3060 2935 3102 eorum
2961 3045 3395 3118 adstipulemur
3425 3048 3657 3101 senten-

1998 3132 2111 3197 tiae,
2144 3133 2341 3188 obstat
2360 3139 2415 3188 1ο
2439 3150 2452 3189 :
2481 3134 2598 3189 Pax
2619 3133 2770 3188 inter
2790 3136 3089 3191 Romanos
3102 3140 3157 3189 et
3197 3134 3411 3189 Persas
3428 3133 3557 3205 jam
3576 3132 3655 3189 ab

1995 3236 2158 3277 anno
2179 3224 2280 3276 297
2307 3221 2531 3276 sancita
2563 3220 2773 3286 fuerat,
2798 3223 2879 3278 uti
2904 3221 3083 3278 modo
3096 3222 3393 3278 fatebatur
3409 3222 3655 3291 Pagius,

1998 3308 2189 3365 Persis
2220 3307 2795 3365 videlicetaGalerio
2845 3312 3073 3365 Caesare
3122 3314 3261 3365 tunc
3335 3309 3525 3375 victis,
3584 3324 3655 3366 ex

1995 3398 2206 3454 eodem
2238 3400 2480 3454 auctore
2505 3397 2581 3453 ad
2615 3396 2794 3452 istum
2835 3412 3059 3453 annum
3089 3413 3255 3452 num-
3282 3402 3312 3453 6
3334 3402 3391 3452 et
3440 3403 3493 3452 7.
3542 3397 3659 3455 Cur

1996 3502 2140 3557 ergo
2160 3492 2497 3543 sanctorum
2524 3491 2864 3541 nostrorum
2887 3485 3138 3540 militum
3164 3487 3517 3556 martyrium
3544 3487 3658 3543 dif-

1997 3576 2130 3632 ferri
2183 3576 2398 3631 debeat
2440 3575 2517 3630 ad
2547 3591 2775 3631 annum
2830 3574 3034 3630 Christi
3072 3574 3167 3631 30t
3212 3573 3241 3629 7
3284 3574 3401 3630 Cur
3443 3576 3654 3646 Pagius

1998 3666 2329 3722 secundum
2365 3679 2470 3719 sua
2505 3663 2796 3736 principia
2849 3663 2994 3718 illud
3050 3678 3171 3719 non
3229 3664 3397 3736 ponit
3460 3662 3653 3731 citius,

1998 3770 2136 3811 cum
2159 3768 2320 3810 anno
2349 3756 2452 3808 298
2479 3751 2732 3808 militum
2771 3751 3248 3824 persecutionem
3300 3750 3520 3823 afﬁgat,
3571 3751 3657 3808 di-

1997 3859 2139 3900 cens
2162 3842 2239 3899 ad
2276 3842 2555 3898 eumdem
2595 3856 2822 3897 annum
2838 3856 3012 3896 num.
3035 3844 3067 3895 2
3098 3860 3110 3893 :
3146 3862 3175 3890 ‹‹
3209 3841 3537 3897 Persecutio
3554 3840 3655 3897 ad-

2000 3948 2203 3989 versus
2236 3931 2450 3987 milites
2480 3931 2594 3986 hoc
2627 3944 2789 3985 anno
2850 3929 3150 3994 inchoata,
3205 3932 3269 3984 ut
3296 3933 3450 3985 recte
3488 3929 3657 3986 Pros~

1997 4037 2102 4094 per
2128 4023 2185 4076 in
2201 4018 2512 4077 Chronico.
2544 4017 2816 4088 Sicutigit
2829 4033 2895 4073 ur
2914 4017 3246 4089 persecutio
3259 4017 3554 4087 generalis
3570 4018 3654 4074 in-

1997 4110 2141 4181 ipsis
2167 4110 2469 4180 utriusque
2494 4107 2741 4176 Augusti
2771 4107 2994 4176 (sermo
3021 4110 3111 4159 est
3131 4103 3203 4159 de
3225 4105 3583 4161 Diocletiano
3597 4111 3655 4162 et

1998 4198 2350 4252 Maximiano
2384 4193 2676 4263 Herculio)
2739 4191 3158 4248 Vicennalibus
3217 4192 3425 4264 coepit;
3484 4192 3569 4249 sic
3596 4200 3653 4250 et

1989 4284 2122 4354 jeus
2170 4282 2447 4354 quaedam
2484 4279 2741 4334 velitatio
2772 4279 2829 4333 in
2863 4278 3172 4348 utriusque
3226 4279 3652 4343 Quindecenna

220 4386 366 4442 catis
405 4366 640 4455 signata
669 4382 747 4438 ad
780 4389 1050 4437 nostrum
1087 4378 1486 4450 propositum,
1548 4377 1658 4432 nisi
1724 4392 1883 4431 anno
1992 4371 2167 4455 libus.
2200 4391 2231 4424 »
2258 4373 2351 4425 2°:
2397 4371 2541 4425 Cum
2568 4366 2766 4423 dicant
2791 4366 2955 4431 Acta,
2984 4381 3151 4421 num.
3198 4368 3232 4419 2
3268 4381 3281 4420 :
3313 4386 3337 4417 α
3361 4367 3649 4439 Tempore

221 4477 328 4531 294
357 4478 415 4528 et
442 4450 547 4528 395
580 4490 595 4538 ;
630 4471 785 4525 unde
842 4481 1221 4538 consequens
1262 4471 1371 4529 est,
1432 4470 1495 4520 ut
1550 4464 1882 4520 secundum
1918 4455 1961 4509 Ι)
1993 4450 2093 4517 illo
2119 4460 2346 4525 accidit,
2378 4463 2439 4514 ut
2470 4457 2830 4513 Persicarum
2872 4455 3181 4527 copiarum
3203 4470 3340 4527 pars
3370 4455 3648 4528 quaedam

224 4566 370 4620 Acta
392 4559 609 4616 innecti
638 4558 854 4613 debeat
875 4555 1225 4627 martyrium
1253 4553 1395 4609 illud
1421 4568 1581 4611 anno
1599 4553 1881 4610 alterutri.

231 4651 291 4709 Si
321 4655 522 4705 autem
549 4662 708 4703 anno
737 4645 842 4701 305
874 4644 934 4699 id
965 4643 1202 4712 afﬁgas,
1236 4642 1633 4712 satagendum
1666 4648 1771 4706 est,
1824 4647 1887 4698 ut

232 4739 429 4795 dictus
447 4752 642 4792 annus
660 4738 1051 4807 componatur
1067 4748 1201 4788 cum
1224 4732 1423 4797 modo.
1448 4747 1571 4804 quo
1594 4731 1882 4787 Maximia-

237 4843 353 4885 nus
385 4832 674 4898 martyres
706 4822 939 4879 tractari
977 4821 1226 4893 jussisse
1257 4820 1438 4877 fertur
1484 4820 1544 4875 in
1604 4820 1779 4881 Actis,
1833 4824 1890 4875 et

238 4931 378 4973 cum
407 4913 637 4986 reliqua
661 4911 1011 4968 eorumdem
1042 4915 1320 4967 Actorum
1368 4908 1537 4973 serie,
1578 4907 1758 4964 rebus
1790 4906 1890 4962 ibi-

236 5005 372 5061 dem
401 5002 482 5059 ita
510 5000 815 5074 expositis,
844 5004 907 5055 ut
955 4999 1115 5054 dictu
1169 4997 1403 5053 difficile
1457 4998 1742 5061 videatur,
1787 5011 1889 5051 eas

237 5091 532 5151 accidisse
545 5096 661 5147 tem
672 5104 813 5160 pore
831 5087 1254 5160 persecutionis
1267 5085 1560 5156 generalis
1582 5083 1891 5141 Diocletia-

236 5196 386 5238 nete.
421 5178 584 5234 Adde
601 5176 768 5250 quod
789 5181 1120 5230 memorent
1147 5174 1437 5229 accidisse
1455 5173 1719 5245 palmam
1741 5188 1892 5228 mar-

237 5269 372 5341 tyrii
400 5265 649 5339 quando
673 5269 797 5320 erat
824 5263 1045 5319 bellum
1079 5261 1222 5317 illud
1247 5267 1454 5318 contra
1485 5265 1707 5325 Persas,
1766 5275 1891 5333 quo

234 5373 273 5414 a
295 5358 351 5415 S.
369 5354 606 5412 Andrea
626 5353 676 5425 ej
687 5367 876 5425 usque
896 5351 1072 5407 sociis
1087 5350 1334 5421 insignis
1357 5349 1603 5406 victoria
1620 5348 1801 5404 relata
1815 5348 1890 5404 de

233 5445 381 5517 ipsis
403 5444 515 5500 fuit
556 5442 764 5510 ;undc
810 5440 895 5505 ﬁt,
924 5445 984 5496 ut
1036 5445 1270 5511 tempus
1318 5438 1587 5510 martyrii
1636 5437 1889 5509 pendeat

235 5550 273 5593 a
301 5538 569 5606 tempore
593 5530 761 5588 istius
789 5528 930 5587 belli
962 5527 1294 5585 secundum
1324 5522 1485 5584 Acta.
1507 5527 1794 5583 Baronius
1813 5526 1889 5584 ad

1993 4551 2142 4607 ﬁnes
2185 4547 2514 4611 transiliret,
2582 4550 2639 4601 et
2676 4544 2892 4600 bellum
2948 4544 3231 4599 adversus
3286 4543 3647 4601 Antiochum

1994 4640 2340 4702 suscitaret;
2374 4656 2401 4689 »
2441 4650 2696 4707 cumque
2726 4633 2948 4689 bellum
2990 4632 3132 4688 illud
3181 4634 3237 4688 S.
3285 4634 3534 4689 Andrea;
3569 4633 3649 4690 ab

1994 4728 2281 4785 Antiocho
2310 4723 2739 4781 demandatum
2775 4722 2965 4786 fuerit,
2994 4736 3113 4776 non
3146 4720 3347 4791 utique
3373 4737 3443 4776 ex
3472 4720 3649 4777 dictis

1999 4822 2133 4890 post
2162 4831 2389 4872 annum
2428 4817 2551 4879 297,
2577 4828 2700 4884 quo
2722 4834 2742 4861 ι
2777 4826 2896 4883 pax
2930 4810 3081 4865 inter
3118 4811 3414 4864 Romanos
3435 4814 3490 4865 et
3516 4809 3649 4866 Per-

1999 4923 2096 4963 sas
2116 4905 2363 4971 sancita;
2400 4923 2426 4955 ›
2470 4901 2763 4975 quidnam
2815 4900 2973 4969 cogit
3018 4896 3172 4954 illius
3217 4913 3287 4953 ac
3345 4897 3644 4953 sociorum

2002 4995 2351 5065 martyrium
2388 4988 2823 5064 procrastinare
2867 5002 3055 5059 usque
3080 4986 3150 5042 ad
3179 5000 3407 5041 annum
3438 4985 3648 5043 Christi

1999 5083 2091 5141 301
2116 5084 2219 5138 ?3°
2271 5099 2282 5137 :
2325 5083 2471 5137 Cum
2502 5077 2762 5150 denique
2791 5075 2886 5133 hic
2945 5090 3143 5131 annus
3182 5073 3466 5145 componi
3525 5089 3647 5132 non

2002 5172 2336 5245 possitcum
2366 5168 2592 5224 ratione
2618 5163 2916 5238 temporis,
2956 5178 3078 5235 quo
3116 5161 3468 5233 martyrium
3501 5162 3650 5219 acci-

1999 5262 2159 5317 disse
2179 5262 2511 5314 memorant
2541 5257 2705 5317 Acta,
2735 5252 3020 5309 nimirum
3052 5269 3078 5301 ¢
3109 5250 3346 5307 decimo
3372 5265 3530 5307 nono
3551 5250 3650 5308 die

2000 5348 2221 5406 mensis
2250 5344 2620 5417 Augusti,die
2652 5341 2980 5410 Dominico,
3006 5358 3034 5390 ι
3065 5341 3217 5396 sicut
3246 5354 3430 5412 supra
3449 5339 3652 5396 obser-

1998 5443 2205 5495 vatum
2236 5442 2323 5491 est
2355 5451 2369 5500 ;
2398 5432 2606 5489 melius
2642 5430 2889 5503 quidem
2913 5428 3087 5485 nobis
3136 5428 3448 5494 videretur,
3507 5428 3651 5485 Acta

1998 5528 2057 5584 in
2089 5527 2204 5584 hoc
2232 5521 2571 5585 defendere,
2615 5524 2672 5577 et
2709 5518 2922 5576 erroris
2966 5532 3088 5576 non
3130 5516 3556 5581 condemnare,
3600 5514 3649 5569 si
