4142 6278
517 269 632 323 595

1886 258 2143 316 MENSIS
2184 257 2581 314 AUGUSTUS.

3850 255 3974 311 596

517 393 1022 466 probabilialiquo
1053 395 1406 463 argumento
1435 406 1504 447 eo
1518 387 2162 460 noncompelleremur.
2195 383 2241 436 A
2278 384 2552 453 gentibus
2579 383 2854 439 barbaris
2883 383 3151 449 luctaret,
3183 395 3319 436 cum
3348 381 3446 436 alii
3483 382 3637 437 intra
3685 380 3972 436 laxiores

518 485 618 538 Est
656 486 854 538 autem
889 481 1052 536 illud.

593 660 676 712 l3.
707 657 1100 714 Theodericus
1147 657 1480 712 Ruinarlius
1535 656 1684 710 inter
1749 656 1892 708 Acta
1941 651 2169 706 sincera

516 750 573 801 et
613 746 827 800 selecla
856 761 891 800 a
915 760 975 799 se
999 744 1259 814 vulgata,
1308 760 1445 814 pag.
1478 749 1580 800 309
1611 749 1665 798 et
1691 758 1855 814 seqq.
1899 738 2170 795 editionis

519 835 749 905 primae,
782 833 1014 888 exhibet
1068 838 1204 887 Acta
1254 835 1309 889 S.
1345 831 1722 888 Maximiliani
1763 829 2058 900 martyris,
2109 827 2168 880 in

518 923 740 995 quibus
785 927 996 992 praeter
1025 921 1162 988 alia,
1186 937 1347 976 anno
1373 921 1584 976 Christi
1626 924 1727 976 295
1771 923 1985 991 quarto
2035 916 2171 970 ldus

520 1011 699 1066 Martii
731 1027 868 1065 eum
916 1009 1278 1081 impellentia
1319 1015 1381 1064 ut
1430 1009 1648 1064 militiae
1708 1023 1929 1064 nomen
1979 1006 2170 1068 daret,

519 1100 792 1155 dicuntur
823 1099 931 1153 ista
964 1114 976 1152 :
1012 1119 1040 1147 «
1083 1097 1515 1152 Maximilianus
1551 1097 1856 1168 respondit
1911 1113 1924 1150 :
1977 1093 2172 1150 Militia

521 1203 655 1244 mea
685 1188 762 1242 ad
789 1185 1103 1242 Dominum
1139 1203 1340 1240 meum
1371 1190 1476 1241 est.
1512 1189 1634 1242 Non
1659 1201 1899 1256 possum
1955 1182 2171 1238 saaculo

521 1276 792 1331 militare.
841 1274 1126 1344 Jamdixi,
1197 1274 1559 1330 Christianus
1615 1289 1770 1327 sum.
1833 1270 1984 1326 Dixit
2024 1271 2170 1324 Dion

521 1363 840 1436 proconsul
871 1384 882 1418 :
910 1367 970 1418 In
1018 1378 1186 1418 sacro
1217 1363 1504 1418 comitatu
1529 1361 1913 1416 dominorum
1940 1363 2174 1414 nostro-

521 1469 654 1508 rum
687 1451 1019 1506 Diocletiani
1044 1457 1100 1505 et
1128 1450 1480 1518 Maximiani,
1509 1448 1832 1505 Constantii
1854 1447 2172 1511 etMaximi,

525 1540 737 1596 milites
758 1538 1066 1594 Christiani
1117 1544 1254 1594 sunt
1309 1544 1366 1594 et
1419 1539 1712 1594 militant.
1773 1559 1800 1588 »
1860 1537 2174 1603 Quomodo

524 1628 722 1697 igitur,
749 1629 795 1681 si
839 1643 997 1683 anuo
1028 1628 1131 1682 '295
1178 1627 1393 1682 milites
1439 1628 1750 1683 Christiani
1793 1625 2178 1681 fuerintinter

2277 478 2335 528 et
2371 473 2668 543 quietores
2707 477 2891 527 terras
2918 470 3167 525 delicate
3207 470 3589 541 imperarent.
3625 491 3654 523 ι)

2355 563 2439 615 14.
2473 563 2661 632 Atque
2699 559 2793 614 ha:
2832 565 2969 614 sunt
2997 557 3400 624 difﬁcultates,
3430 576 3564 631 qua
3601 559 3661 614 in
3704 558 3968 629 ﬁgendo

2279 655 2546 720 tempore
2605 648 2872 720 martyrii
2927 663 3056 703 sese
3113 647 3387 703 offerunt.
3451 648 3964 719 Quandoquidem

2280 753 2420 793 vero
2446 754 2566 793 non
2595 743 2682 793 est
2715 737 2856 792 mihi
2889 742 3236 808 promptum
3272 737 3502 792 solvere
3533 738 3696 792 hunc
3715 737 3962 791 nodum

2281 826 2489 882 saltem
2522 827 2866 882 inhaerendo
2892 826 3070 891 Actis,
3097 826 3284 881 satius
3313 843 3442 882 esse
3482 826 3623 882 duxi
3660 826 3962 881 eumdem

2283 916 2570 981 scindere,
2603 922 2658 970 et
2681 922 3017 970 nostrorum
3033 915 3309 985 Pugilum
3337 917 3685 988 martyrium
3717 931 3958 987 ponere

2282 1022 2419 1060 cum
2452 1007 2608 1059 Actis
2635 1005 2746 1059 sub
2775 1003 3149 1068 Maximiano,
3186 1004 3301 1059 sub
3331 1020 3454 1076 quo
3485 1006 3663 1060 etiam
3691 1004 3846 1059 illud
3876 1005 3961 1056 si-

2284 1101 2426 1162 gnat
2452 1093 2936 1164 Martyrologium
2991 1096 3344 1161 Romanum,
3391 1109 3512 1149 non
3553 1093 3964 1149 determinato

2284 1183 2556 1252 ejusdem
2588 1182 2854 1254 martyrii
2884 1197 3063 1237 anno.
3110 1182 3236 1237 Dixi
3265 1203 3289 1233 α
3347 1183 3555 1238 saltem
3601 1183 3962 1238 inhaerendo

2285 1272 2440 1325 Actis
2470 1291 2483 1334 ;
2515 1291 2538 1320 ν
2572 1286 2712 1325 nam
2737 1271 2784 1324 si
2815 1271 3165 1325 eorumdem
3198 1271 3448 1342 scriptor
3487 1272 3764 1328 habuerit
3815 1278 3962 1325 ante

2286 1374 2348 1414 se
2374 1359 2735 1414 documenta
2761 1359 3019 1414 melioris
3044 1365 3222 1427 notae,
3253 1359 3474 1432 illaque
3530 1361 3611 1416 ita
3665 1359 3962 1416 transfor-

2286 1448 2689 1502 maritornatu
2722 1463 2791 1503 ac
2821 1448 3291 1519 interpolatione,
3333 1455 3393 1503 ut
3425 1449 3812 1504 incommoda
3857 1465 3964 1502 su-

2286 1538 2485 1608 perius
2509 1552 2772 1608 expensa
2801 1537 2877 1592 ad
2909 1537 3084 1592 istam
3129 1553 3378 1593 causam
3435 1538 3556 1592 sint
3610 1537 3958 1603 referenda;

2290 1630 2427 1682 tunc
2457 1642 2577 1680 non
2605 1626 2776 1680 video
2807 1642 2911 1680 cur
2949 1634 3183 1697 tempus
3227 1627 3492 1698 martyrii
3546 1627 3766 1681 innecti
3830 1642 3960 1680 non

525 1715 1227 1772 turmasMaximianietin
1257 1715 2170 1788 aulaejus,quomudo,inquam
2209 1727 2252 1781 Β
2288 1716 2473 1785 possit
2529 1716 2922 1784 persecutioni
2973 1714 3421 1779 Diocletianeae;
3472 1731 3577 1770 cur
3633 1731 3757 1770 non
3809 1716 3957 1769 item

524 1803 584 1858 in
616 1803 824 1858 milites
855 1807 1091 1857 nostros
1119 1803 1477 1858 Christianos
1510 1819 1670 1859 anno
1701 1803 1907 1858 Christi
1938 1802 2040 1858 294
2063 1802 2175 1857 sub

525 1893 877 1950 Maximiano
906 1893 1176 1947 saevitum
1205 1893 1337 1947 est?
1363 1894 1594 1948 Accedit
1623 1909 1711 1959 eo,
1745 1893 1910 1965 quod
1934 1908 2053 1948 non
2087 1908 2175 1945 sa-

525 1982 597 2036 tis
626 1981 958 2036 verosimile
1011 1980 1300 2046 videatur,
1357 1982 1732 2052 tyrannidem
1779 1982 2175 2054 persequendi

525 2069 885 2125 Christianos
961 2085 996 2125 a
1053 2069 1180 2124 solo
1233 2070 1586 2126 Maximiano
1641 2086 1768 2125 esse
1846 2072 2176 2128 executioni

523 2159 893 2223 mandatam,
927 2158 1040 2212 nisi
1077 2163 1209 2227 post
1239 2157 1568 2224 victoriam,
1598 2175 1728 2230 quae
1757 2175 1916 2215 anno
1948 2163 2050 2214 297
2103 2162 2178 2216 de

523 2245 714 2300 Persis
737 2248 917 2300 relata
943 2244 1132 2309 fuerit,
1166 2261 1421 2317 quaeque
1462 2247 1731 2302 animum
1759 2247 1886 2319 ejus
1937 2247 2175 2317 inﬂarit,

521 2333 846 2404 cristasque
869 2335 996 2403 ejus
1023 2335 1268 2389 erexerit
1300 2334 1376 2388 ad
1409 2335 1756 2390 audendum
1776 2336 2080 2408 quidlibet.
2114 2338 2180 2394 Et

521 2436 660 2476 vero
687 2426 992 2477 contextus
1045 2423 1322 2478 Actorum
1353 2424 1405 2478 S.
1458 2424 1702 2479 Andreae
1765 2441 1881 2480 non
1927 2427 2177 2482 obscure

520 2509 796 2574 insinuat,
820 2509 1241 2565 Maximianum
1274 2516 1412 2566 tunc
1441 2512 1720 2584 temporis
1765 2529 1888 2568 rem
1922 2515 2176 2585 gessisse

520 2597 584 2652 in
624 2598 887 2653 Oriente:
923 2602 976 2652 et
1003 2603 1167 2653 extra
1217 2605 1447 2669 tempus
1499 2600 1634 2654 belli
1683 2603 1890 2656 Persici
1947 2602 2178 2657 videtur

522 2700 756 2756 semper
780 2685 968 2754 egisse
989 2701 1128 2740 suas
1170 2691 1365 2757 partes
1395 2686 1690 2757 Illyricum
1751 2705 1977 2756 versus,
2037 2706 2175 2746 cum

521 2773 682 2844 apud
701 2773 1062 2828 Lactantium
1076 2773 1175 2828 lib.
1202 2776 1287 2830 De
1302 2777 1585 2830 mortibus
1601 2784 2051 2847 persecutorum,
2067 2795 2176 2850 cap

529 2863 587 2916 l8
617 2861 805 2916 dicat:
840 2879 870 2914 ‹
891 2863 1021 2916 Jam
1049 2861 1287 2917 ﬂuxisse
1314 2879 1504 2919 annos
1535 2866 1878 2936 quindecim
1929 2868 1987 2922 in
2041 2868 2172 2941 Illy-

520 2950 642 3005 rico
672 2949 765 3005 vel
793 2950 871 3005 ad
900 2951 1092 3022 ripam
1134 2951 1408 3020 Danubii,
1434 2954 1655 3024 quibus
1708 2954 2004 3024 relegatus
2036 2974 2172 3012 cum

2285 1804 2400 1859 diei
2433 1804 2760 1868 Dominico,
2795 1809 2972 1875 atque
3002 1804 3153 1859 adeo
3179 1819 3339 1860 anno
3365 1820 3494 1860 aera:
3536 1805 3796 1874 vulgaris
3824 1805 3954 1867 305,

2287 1898 2420 1966 post
2457 1892 2844 1964 imperatoria
2882 1892 3146 1948 videlicet
3205 1892 3302 1947 illa
3353 1893 3549 1949 edicta
3590 1893 3753 1962 (vide
3806 1897 3958 1948 Acta

2285 1998 2450 2038 num.
2484 1984 2538 2051 8)
2565 1997 2693 2053 quae
2716 1981 2851 2036 inde
2878 1997 3038 2037 anno
3065 1982 3142 2038 ab
3171 1982 3275 2037 303
3293 1983 3577 2037 adversus
3590 1982 3957 2038 Christianos

2289 2071 2604 2142 prodiere;
2652 2086 2757 2124 cur
2803 2070 3061 2142 denique
3127 2087 3262 2126 cum
3311 2073 3466 2126 Actis
3516 2072 3633 2126 dici
3692 2077 3958 2143 nequeat

2287 2160 2429 2215 illud
2455 2159 2738 2214 accidisse
2781 2159 3139 2230 imperatore
3171 2161 3544 2225 Maximiano,
3576 2177 3794 2231 nempe
3825 2161 3950 2215 veri

2289 2266 2359 2305 ac
2397 2249 2618 2320 proprii
2677 2249 2937 2303 nominis
2977 2250 3329 2319 imperatore
3383 2249 3794 2320 intelligendo,
3847 2252 3952 2322 qui

2289 2341 2425 2393 ante
2456 2337 2680 2392 dictum
2711 2352 2935 2392 annum
2988 2341 3090 2392 305
3149 2341 3347 2394 Caesar
3398 2339 3690 2394 duntaxat
3732 2339 3948 2403 fuerat,

2287 2443 2663 2498 quamquam
2691 2442 2828 2481 cum
2843 2425 3071 2497 adjecto
3092 2426 3219 2497 jam
3235 2433 3358 2482 tum
3375 2427 3452 2482 ab
3465 2444 3624 2483 anno
3637 2429 3742 2482 292
3765 2429 3948 2483 etiam

2288 2515 2456 2569 titulo
2487 2514 2880 2584 imperatoris,
2914 2514 2995 2567 uti
3025 2514 3236 2583 legitur
3265 2517 3429 2586 apud
3460 2524 3768 2572 auctorem
3810 2532 3950 2571 neo-

2287 2605 2532 2660 tericum
2563 2602 2797 2658 Gallum
2828 2603 3102 2659 Historiae
3129 2605 3572 2674 imperatorum,
3611 2613 3756 2662 tom.
3787 2606 3860 2660 ιν
3887 2607 3942 2660 in

2288 2691 2669 2756 Diocletiano,
2702 2697 2815 2746 art.
2852 2693 2904 2761 9,
2951 2707 3088 2761 pag.
3121 2697 3207 2746 2t.
3237 2692 3386 2760 Quia
3425 2710 3560 2750 vero
3619 2695 3797 2766 plane
3853 2712 3944 2750 su-

2286 2795 2726 2852 pervacaneum
2755 2779 2979 2850 judico,
3039 2781 3382 2836 alterutrum
3430 2799 3460 2838 e
3513 2784 3768 2848 duobus,
3809 2801 3944 2857 quae

2287 2868 2447 2938 apud
2481 2884 2574 2924 me
2597 2869 2979 2933 sunt,Graacis
2997 2871 3432 2942 exemplaribus
3465 2874 3941 2945 supraindicatis

2286 2957 2345 3012 in
2387 2958 2658 3012 Latinum
2701 2963 3058 3023 convertere,
3101 2960 3373 3016 exhibeo.

522 3107 3927 3134 Μ

984 3231 1858 3349 ΜΑΡΤΥΡΙΟΝ
1924 3238 2188 3349 ΤΟΥ
2249 3237 2678 3351 ΑΓΙΟΥ
2735 3239 3428 3356 ΑΝΔΡΕΟΥ

1681 3484 1897 3569 ΤΟΥ
1936 3485 2756 3575 ΣἸῬΑΤΗΛΑΤΟΥ

1875 3692 1986 3740 ΚΑΙ
2026 3693 2163 3742 ΤΩΝ
2201 3697 2326 3743 ΣΥΝ

2381 3697 2573 3749 ΑΥΤΩ.

533 4035 1688 4189 MARTYBIUM
1839 4046 1972 4190 S.
2125 4053 2983 4200 ANDRE/E
3109 4065 3915 4212 TRIBUNI

1715 4303 1900 4422 ET
1981 4305 2751 4435 SOCIORUM.

1227 4542 1423 4602 (Graece
1449 4557 1589 4595 nunc
1620 4548 1854 4609 primum
1886 4550 2059 4601 editur
2084 4566 2146 4601 ex
2179 4556 2295 4604 cod.
2329 4572 2423 4607 ms.
2465 4562 2654 4618 Paris,
2688 4576 2740 4612 η.
2779 4564 2887 4620 548,
2927 4580 3050 4620 suac.
3093 4571 3205 4630 xii.)

586 4885 634 4939 l.
670 4886 1028 4954 lmperatore
1074 4885 1426 4944 Maximanio
1473 4889 1715 4949 homine
1743 4894 1915 4951 valde
1963 4896 2166 4969 impio,
2207 4900 2244 4953 C

513 4973 842 5043 persecutio
858 4973 1137 5044 quaedam
1169 4990 1391 5045 magna
1405 4985 1612 5036 contra
1639 4982 1995 5040 Christianos
2008 5001 2168 5042 com-

516 5066 677 5116 mota
731 5064 819 5116 est
862 5063 1159 5133 praecipue
1226 5071 1425 5122 autem
1478 5069 1536 5123 in
1577 5070 1922 5139 regionibus
1965 5077 2162 5147 Syriae.

511 5151 643 5203 Erat
670 5153 938 5219 tempore
968 5151 1066 5206 illo
1097 5153 1421 5211 Antiochus
1451 5158 1719 5229 quidam,
1763 5165 2161 5233 superstitioni

509 5236 834 5307 plurimum
854 5238 1106 5304 deditus,
1141 5242 1422 5301 militares
1461 5247 1700 5304 ordines
1753 5252 1864 5306 sub
1912 5252 2162 5324 imperio

511 5339 621 5379 suo
648 5338 858 5390 regens
894 5342 905 5378 :
935 5328 1036 5396 qui
1064 5337 1300 5399 propter
1328 5333 1622 5391 idolorum
1676 5338 1991 5407 insaniam,
2026 5358 2160 5399 con-

509 5417 598 5468 tra
624 5410 754 5480 pios
779 5410 1045 5467 homines
1073 5417 1327 5476 furorem
1356 5439 1551 5479 acrem
1581 5427 1864 5498 spirabat,
1917 5431 2038 5487 Sub
2090 5449 2159 5488 eo

508 5499 658 5562 viro,
685 5510 867 5567 quem
897 5499 1249 5562 Antiochum
1276 5510 1646 5570 nominatum
1686 5516 1966 5587 diximus,
1989 5520 2157 5577 multi

2186 4753 2246 4764 .—

2352 4903 2425 4957 A'.
2478 4907 2559 4959 Ἐν
2606 4916 2712 4970 τοῖς
2756 4915 2965 4982 χρόνοις
2995 4921 3090 4975 τῆς
3133 4923 3222 4966 τοῦ
3275 4915 3624 4972 ἀσεϐεστάτου
3658 4923 3912 4994 Mazicum-

2275 5001 2362 5044 νοῦ
2420 4993 2711 5065 βασιλείας,
2771 4997 3000 5071 διωγμὸς
3048 5007 3182 5056 κατὰ
3230 5014 3328 5057 τῶν
3362 5016 3688 5080 Χριστιανῶν
3723 5011 3910 5084 ἐγένετο

2273 5086 2444 5150 μέγας,
2481 5092 2567 5135 καὶ
2610 5087 2842 5157 μάλιστα
2889 5093 2936 5141 ἐν
2986 5100 3087 5151 τοῖς
3134 5098 3313 5167 μέρεσι
3354 5106 3448 5156 τῶς
3504 5105 3707 5171 Συρίας.
3762 5099 3912 5174 Εἶχεν

2274 5166 2332 5220 δὲ
2383 5175 2494 5222 τότε
2549 5181 2642 5233 τῆς
2716 5174 2878 5227 ἐκεῖσε
2935 5190 3294 5251 στρατηγικῆς
3350 5185 3539 5247 τάξεως
3591 5193 3683 5244 τὸν
3742 5189 3911 5262 ἀρχὴν

2273 5257 2544 5329 Ἀντίοχος
2576 5259 2924 5335 δεισιδαίμων
2974 5287 3070 5333 τις,
3126 5277 3213 5321 καὶ
3263 5271 3490 5346 σφοδρὸν
3526 5284 3624 5326 τῶν
3664 5279 3789 5351 ὑπὲρ
3822 5289 3910 5342 τῆς

2270 5343 2638 5416 ἐιδωλομανίας
2705 5358 2837 5404 κατὰ
2908 5364 3006 5407 τῶν
3088 5359 3430 5412 εὐσεϐούντων
3509 5369 3669 5416 πνέων
3732 5370 3906 5425 θυμόν.

3797 5425 3805 5440 .

2266 5435 2386 5487 Ὑπὸ
2442 5447 2615 5490 τοῦτον
2687 5439 2772 5492 οὖν
2833 5449 2917 5494 τὸν
2990 5445 3259 5519 Ἀντίοχον
3322 5452 3496 5504 πολλοὶ
3556 5452 3910 5526 στρατηλάται

2266 5534 2356 5584 τῆς
2437 5526 2598 5588 αὐτῆς
2668 5536 3077 5605 συμμετέχοντες
3153 5537 3348 5601 πλάνης
3415 5540 3708 5599 ἐτάττοντο.

3789 5547 3911 5602 Ἀνὰ
