4142 6278
275 247 389 302 597

1642 246 1837 302 -νΙτΑ
1865 244 1925 300 s.
1948 230 2295 313 QNDREE;

3533 262 3640 319 598

272 374 437 441 μέσον
468 366 527 423 δε
566 368 733 421 αὐτῶν
782 370 955 442 ὥσπερ
1006 368 1080 430 εἰς
1117 367 1340 432 ἀκάνθας
1369 368 1530 445 ῥόδον
1563 375 1653 424 καὶ
1684 369 1881 443 μεταξὺ

1993 370 2212 430 tribuni
2244 377 2527 435 militares
2550 380 2818 453 ejusdem
2846 382 3058 438 erroris
3080 383 3401 456 participes
3432 400 3639 441 nume-

275 455 558 520 δυσωδίας
592 460 833 529 θυμίαμα
860 459 885 509 ὁ
917 461 1108 520 πιστὸς
1135 467 1227 511 τοῦ
1259 466 1393 513 Θεοῦ
1425 461 1605 521 δοῦλος
1628 464 1717 512 καὶ
1747 462 1884 531 μάρ-

274 568 371 608 τυς
425 544 673 615 Ἀνδρίας
724 545 985 598 λανθάνων
1047 546 1303 619 ἐφαίνετο.
1368 550 1460 600 Διά
1506 552 1607 622 γὰρ
1658 552 1754 606 τὴν
1790 556 1881 599 τοῦ

274 641 565 709 προσόντος
642 635 785 705 αύτῷ
853 635 1014 695 ζήλου
1075 637 1370 707 θερμότητα
1433 644 1523 696 τῆς
1580 639 1724 709 παρά
1790 643 1882 687 τοῦ

274 724 516 798 μαγάλου
566 728 843 798 ΘεοῦΔκαὶ
902 730 1132 795 Σωτῆρος
1199 726 1344 795 ἡμῶν
1418 725 1592 782 Ἰησοῦ
1647 725 1882 798 Χριστοῦ

280 772 508 798 ,πη-νη--
573 772 693 778 ---ν
902 772 1131 795 mh”--.
1434 772 1584 782 --.---
1647 772 1874 798 --Γ---η

280 818 558 886 συνεργίας
614 772 1035 885 καῼξιούμενος,
1093 820 1193 864 τῶν
1258 815 1568 865 ὑπεναντίων
1646 812 1694 865 έν
1773 820 1880 875 τοῖς

277 903 517 974 πολέμοις
569 900 772 975 ἔκράτει
831 906 920 954 καὶ
972 900 1181 964 πολλοῖς
1223 899 1467 975 διέπρεπε
1520 909 1625 963 τοῖς
1683 898 1879 977 ἀνδρα-

276 993 413 1063 γαθή
420 1010 581 1064 μασιν
596 1036 608 1048 ,

354 1256 426 1310 Β’.
494 1257 621 1309 Κατ’
677 1255 864 1308 ἐκεῖνον
911 1274 997 1307 τον
1062 1257 1242 1326 καιρὸν
1298 1253 1619 1326 συμϐέϐηκεν
1693 1256 1879 1328 μοῖράν

279 1364 397 1397 τινα
456 1352 719 1416 Περσικῆς
772 1340 1043 1415 δυνάμεως
1089 1340 1475 1416 παραδραμεῖν
1528 1346 1592 1394 τὰ
1639 1344 1877 1414 μεθόρια,

278 1438 370 1485 καὶ
400 1432 617 1505 πόλεμον
667 1437 794 1507 πρὸς
833 1436 921 1484 τὸν
968 1432 1243 1502 ’Δντίοχον
1291 1432 1541 1505 ἄρασθαι.
1601 1432 1741 1483 Ἐπεὶ
1791 1428 1878 1482 οὖν

278 1527 365 1573 καὶ
396 1526 455 1574 τὸ
486 1518 745 1590 αἰφνίδιον
788 1530 879 1582 τῆς
911 1517 1098 1591 ἔφοδον
1128 1524 1216 1571 καὶ
1259 1524 1317 1572 τὸ
1358 1520 1555 1580 πλῆθος
1603 1528 1701 1571 τῶν
1731 1518 1878 1571 ἐπελ-

281 1613 471 1664 θόντων
523 1611 582 1663 ού
635 1614 855 1685 μετρίως
903 1618 1081 1662 τοῦτον
1136 1608 1392 1682 ἐτάραξεν,
1434 1608 1505 1669 εἰς
1551 1612 1759 1678 μνήμην
1800 1606 1873 1658 ἕλ-

1989 459 2298 518 rabantur.
2328 467 2486 522 Inter
2507 484 2663 539 quos
2681 470 2841 525 velut
2860 486 2999 525 rosa
3018 470 3423 528 ﬂorebatinter
3434 490 3638 544 spinas

1989 552 2045 602 et
2065 547 2217 606 inter
2234 556 2647 622 graveolentes
2669 558 2883 613 odores
2915 558 3184 626 fragrans
3195 559 3412 632 aliquis
3434 577 3633 632 vapor,

1990 635 2376 697 ﬁdelissimus
2408 644 2507 698 Dei
2550 660 2756 701 servus
2786 652 2841 701 et
2868 653 3094 719 martyr
3115 648 3538 721 Andreas:qui
3558 650 3639 705 la-

1990 729 2179 783 tuerat
2209 731 2453 801 quidem
2488 739 2685 800 antea,
2720 735 2823 789 sed
2854 739 3058 805 postea
3112 736 3423 792 manifeste
3454 753 3639 809 appa-

1989 815 2121 870 ruit.
2157 817 2255 872 Hic
2287 824 2529 891 prapter
2566 823 2868 878 ardentem
2898 823 3086 878 zelum
3115 830 3294 895 atque
3333 825 3634 895 pietatem,

1991 906 2193 973 magni
2230 909 2329 963 Dei
2357 915 2413 964 et
2439 909 2762 966 Salvatoris
2821 910 3003 966 nostri
3055 913 3192 967 Jesu
3227 912 3432 968 Christi
3457 929 3636 984 opem

1987 999 2319 1058 assecutus,
2334 998 2766 1054 adversantium
2782 998 3062 1054 bellorum
3079 1000 3279 1055 hostes
3295 1001 3634 1072 superabat,

1984 1082 2283 1224 letbmultis
2325 1086 2576 1157 egregiis
2626 1102 2697 1143 ac
2726 1088 2979 1142 strenuis
3027 1086 3393 1145 facinoribus
3451 1090 3638 1146 excel-

2008 1184 2038 1224 e
2087 1175 2163 1224 at.

2008 1175 2163 1226 ebat.

2057 1258 2121 1313 ll.
2148 1259 2437 1332 Tempore
2453 1262 2553 1319 illo
2574 1262 2807 1327 accidit,
2835 1267 2898 1318 ut
2921 1264 3287 1319 Persicarum
3319 1265 3634 1336 copiarum

1987 1361 2119 1416 pars
2148 1350 2430 1420 quaedam
2460 1351 2611 1406 ﬁnes
2642 1351 2977 1418 transiliret,
3011 1358 3066 1406 et
3090 1351 3313 1407 bellum
3348 1353 3636 1408 adversus

1985 1436 2341 1493 Antiochum
2396 1441 2723 1495 suscitaret.
2781 1439 3076 1505 Quoniam
3111 1440 3283 1511 igitur
3323 1441 3636 1512 repentina

1982 1522 2243 1578 hostium
2277 1527 2561 1593 incursio,
2590 1534 2644 1582 et
2671 1544 2878 1583 eorum
2909 1528 3229 1583 multitudo
3259 1544 3373 1583 non
3413 1530 3636 1585 medio-

1982 1611 2365 1683 criteripsum
2397 1616 2785 1687 perturbavit,
2815 1616 3066 1671 Andreas
3090 1622 3229 1672 tunc
3260 1616 3485 1672 tribuni
3520 1617 3631 1672 mi-

281 1702 381 1753 θῶν
467 1708 567 1753 τῶν
640 1696 891 1773 Ἀνδρέου
969 1700 1441 1771 στρατηγημάτων,
1512 1700 1873 1768 μετάπεμπτον

1993 1699 2209 1755 titarem
2239 1702 2319 1773 (l)
2347 1704 2614 1774 peritiam
2647 1708 2703 1759 et
2734 1705 3138 1759 strenuitatem
3162 1705 3527 1769 recordatus,
3565 1704 3626 1759 il-

280 1786 401 1860 ἦγεν
458 1788 612 1840 αὐτὸν
676 1787 761 1839 ἐπὶ
809 1793 901 1844 την
954 1783 1152 1851 ἠθάδα,
1213 1785 1523 1857 παρακαλῶν
1581 1784 1870 1856 εὐτολμίαν,

277 1883 367 1929 καὶ
418 1880 672 1937 τοιούτοις
736 1878 866 1947 πρὸς
921 1875 1076 1927 αύτόν
1124 1881 1393 1948 χρώμενος
1447 1874 1622 1943 λόγοις
1674 1873 1863 1943 ἔλεγεν

275 1969 352 2017 Τὰ
398 1974 493 2027 τῆς
542 1963 785 2037 ἀνδρείας
842 1983 959 2028 σου,
1009 1968 1189 2035 φησὶν,
1245 1966 1392 2035 ἔργα,
1450 1967 1539 2013 καὶ
1588 1963 1688 2013 ὅσα
1737 1964 1874 2013 κατά

277 2061 377 2105 τῶν
405 2054 660 2125 πολεμίων
708 2054 1048 2125 ἠρίστευσας,
1111 2057 1200 2104 καὶ
1254 2050 1367 2123 ἐμοὶ
1415 2046 1556 2108 δῆλα
1602 2055 1691 2101 καὶ
1734 2049 1873 2119 αύτῷ

274 2144 637 2198 καθεστήκασι
684 2149 756 2210 τῷ
804 2143 870 2192 τὰ
925 2150 1171 2213 σκῆπτρά
1212 2136 1474 2204 διέποντι,
1506 2137 1622 2191 ἀνθ’
1671 2139 1738 2189 ὧν
1788 2143 1875 2189 καὶ

272 2238 369 2291 τῆς
414 2228 559 2292 ἀξίας
601 2230 785 2300 ἔλαχες
836 2234 1052 2289 ταύτης.
1115 2231 1394 2303 Τοιγάρτοι
1436 2233 1526 2280 καὶ
1582 2230 1669 2279 τὸν
1719 2230 1876 2298 μέγαν

274 2323 396 2371 ὄντα
427 2324 517 2372 καὶ
566 2315 787 2391 σχέδιον
825 2327 888 2391 τῇ
946 2326 1011 2390 σῇ
1058 2320 1329 2391 προθυμίᾳ
1373 2318 1740 2368 καταπιστεύω
1786 2318 1879 2367 πό-

268 2407 439 2480 λεμον,
493 2409 577 2460 ἵνα
620 2426 706 2460 σοι
751 2408 843 2459 κὰὶ
894 2406 1083 2477 μᾶλλον
1130 2403 1222 2457 διὰ
1246 2414 1344 2457 τῶν
1391 2407 1475 2457 ἐπὶ
1504 2410 1595 2456 τοῦ
1627 2408 1878 2476 παρόντος

270 2495 480 2567 ἀγώνων
531 2499 562 2555 ἠ
599 2496 801 2549 εὔκλεια
830 2499 1181 2568 περιγένηται.
1214 2496 1419 2547 Τούτων
1450 2494 1475 2544 ὁ
1503 2498 1598 2544 τοῦ
1638 2496 1877 2563 Χριστοῦ

269 2583 511 2656 ἀριστεὺς
566 2594 667 2637 τῶν
723 2585 887 2656 λόγων
941 2583 1198 2648 ἀκηκοὼς,
1258 2586 1348 2635 καὶ
1403 2580 1463 2633 οὐ
1518 2579 1702 2637 πλήθει
1784 2583 1874 2629 καὶ

268 2672 447 2737 ὅπλοις
494 2680 585 2727 καὶ
632 2675 885 2747 ἅρμασιν,
941 2678 1079 2745 μόνῳ
1125 2670 1184 2726 δε
1212 2680 1281 2741 τῷ
1311 2664 1712 2741 παντοδυνάστῃ
1759 2673 1875 2736 Θεῷ

264 2765 547 2829 πεποιθὼς,
607 2766 694 2813 τὸν
744 2765 906 2833 μέγαν
959 2760 1148 2812 ἐκεῖνον
1218 2759 1447 2822 ἐζήλωσε
1514 2753 1729 2818 Γεδεὼν,
1786 2760 1876 2807 καί

266 2871 412 2913 τινας
466 2861 567 2903 τῶν
622 2851 878 2921 ἑπομένων
931 2848 1135 2918 ὀλίγους
1207 2852 1297 2898 καὶ
1373 2846 1755 2917 εὐαριθμήτους
1810 2844 1877 2903 εἰς

268 2945 362 2998 τήν
410 2938 731 2996 τηλικαύτην
788 2935 1077 3009 παράταξιν
1129 2931 1463 3006 παραλαϐὼν,
1522 2932 1612 2992 οὖς
1668 2926 1878 3003 προδή-

268 3028 369 3089 λως
404 3028 436 3084 ἡ
471 3027 663 3078 ἄνωθεν
694 3026 858 3096 χάρις
887 3023 1027 3092 αύτῷ
1064 3024 1437 3092 κατεσὴμανεν,
1467 3024 1559 3076 τὴν
1590 3021 1718 3091 πρὸς
1759 3021 1879 3076 τούς

272 3116 727 3184 ἀντιτεταγμένους
766 3110 1057 3184 παράταξιν
1083 3109 1386 3167 ἐποιήσατο.

348 3290 422 3343 Γ’.
471 3285 613 3347 Ἤδη
675 3285 735 3342 δι
782 3296 875 3348 τῆς
907 3286 1215 3359 συμπλοκῆς
1242 3286 1506 3359 ἄρχεσθαι
1535 3282 1750 3355 μέλλων,
1786 3289 1881 3343 τῆς

274 3387 374 3432 τῶν
426 3376 664 3430 ἐναντίων
717 3376 949 3437 πληθύος
1019 3379 1113 3433 τὴν
1202 3371 1485 3446 ὑπερϐολὴν
1565 3373 1881 3441 θεογνωσίας

275 3468 522 3519 ὑπόθεσιν
571 3472 681 3525 τοῖς
734 3461 895 3525 ἰδίοις
936 3467 1236 3538 παρείχετο·
1284 3463 1427 3513 οῦπω
1470 3462 1570 3532 γὰρ
1624 3455 1759 3517 ἦσαν
1791 3466 1880 3519 τῆς

276 3556 343 3617 εἰς
393 3559 626 3630 Χριστὸν
675 3558 761 3607 τὸν
821 3557 951 3607 Θεὸν
995 3558 1223 3612 πίστεως
1264 3549 1662 3621 κατηξιωμένοι’
1712 3555 1880 3600 ταῦτα

281 3643 487 3707 διεξιὼν
533 3648 665 3719 πρὸς
711 3644 920 3704 αὐτούς’
979 3644 1171 3713 καιρὸς
1201 3641 1323 3711 ὑμῖν
1371 3634 1541 3705 οὗτος,
1573 3643 1753 3709 φησιν,
1785 3645 1881 3694 τῆς

278 3742 370 3787 τοῦ
419 3734 727 3805 ἐπουρανίου
782 3739 915 3786 Θεοῦ
969 3730 1307 3800 ἐπιγνώσεως
1364 3727 1553 3778 αὐτίκα
1601 3728 1703 3800 γὰρ
1753 3730 1883 3795 γνὼ-

279 3824 432 3876 σεσθε
479 3825 546 3885 ὡς
600 3824 648 3875 οἱ
706 3823 810 3873 θεοὶ
861 3828 960 3871 τῶν
1014 3818 1167 3871 ἐθνῶν
1217 3820 1375 3877 ὅντως
1405 3812 1673 3887 ἰδαιμόνιά
1726 3813 1876 3866 εἰσιν.

280 3914 405 3972 Θεὸς
455 3913 556 3983 γάρ
609 3913 751 3962 ἑστιν
785 3907 1025 3968 ἀληθινὸς
1073 3908 1098 3957 ὁ
1136 3907 1279 3978 ἐμὸς,
1313 3905 1368 3966 ὃς
1411 3907 1497 3955 τὸν
1548 3903 1762 3975 οὐρανὸν
1793 3906 1880 3953 καὶ

277 4005 368 4059 τὴν
396 4009 496 4071 γῆν
538 3997 797 4057 ἐποίησεν.
836 3997 999 4058 Αὐτὸς
1045 4001 1321 4068 τοιγαροῦν
1372 3988 1773 4063 παντοδύναμος
1811 3994 1880 4041 ὢν

282 4089 469 4162 βοηθεῖ
528 4095 636 4150 τοῖς
710 4086 1125 4158 ἐπικαλουμένοις
1174 4083 1349 4147 αὐτὸν,
1413 4078 1749 4133 ἀναδείκνυσι
1829 4097 1883 4130 τε

282 4180 466 4239 αὐτοὺς
516 4178 775 4251 ἰσχυροὺς
819 4176 867 4228 ἐν
914 4175 1138 4246 πολέμῳ,
1171 4178 1260 4225 καὶ
1303 4172 1631 4246 παρεμϐολὰς
1683 4170 1880 4222 κλίνου-

283 4288 364 4321 σιν
413 4266 706 4340 ἀλλοτρίων.
766 4261 907 4317 ’ἰδοὺ
978 4268 1151 4314 τοίνυν
1208 4262 1357 4334 ὁρᾶτε
1404 4264 1471 4320 ὡς
1539 4259 1589 4319 ἐξ
1651 4257 1882 4316 ἐναντίας

284 4361 426 4429 ἡμῶν
475 4358 523 4408 οἱ
559 4355 797 4426 πολέμιοι
850 4352 897 4404 ἓν
945 4351 1115 4420 πολλῷ
1159 4352 1387 4406 ἔστησαν
1433 4347 1637 4419 ἀριθμῷ
1673 4349 1763 4396 καὶ
1792 4362 1881 4394 κε·-

283 4449 628 4518 κραταίωνται
704 4445 828 4501 τέως
912 4441 1039 4511 ὑπερ
1120 4439 1276 4507 ἡμᾶς·
1356 4434 1483 4485 ἀλλά
1558 4430 1706 4485 δεῦτε
1785 4435 1879 4489 τὴν

286 4533 480 4590 πλάνην
538 4530 762 4603 ἀφέντες,
807 4531 895 4579 τὸν
943 4531 1099 4586 ὅντως
1153 4528 1275 4576 ὄντα
1323 4525 1451 4576 Θεὸν
1505 4520 1882 4573 έπικαλέσασθε

292 4625 385 4675 σὺν
431 4622 564 4691 ἐμοὶ,
640 4622 729 4669 καὶ
796 4615 948 4687 ὃψεθε
1027 4616 1238 4673 τούτους
1320 4611 1675 4670 ἐκλελοιπότας
1749 4610 1884 4661 ὥστε

292 4711 483 4762 καπνὸν
553 4711 642 4759 καὶ
709 4709 773 4766 ὡς
828 4706 1087 4777 κονιορτὸν
1164 4701 1264 4753 ἀπὸ
1336 4700 1529 4760 ἅλωνος
1598 4700 1883 4770 ἔμπροσθεν

293 4802 435 4873 ὑμῶν
482 4796 908 4867 ἀπεληλαμενους.
956 4800 1135 4846 Ταῦτα
1176 4792 1202 4843 ὁ
1249 4794 1339 4863 μεν
1383 4786 1537 4842 εἶπεν
1571 4788 1620 4840 οἰ
1673 4785 1731 4840 δε
1776 4795 1885 4848 τοῖς

368 4972 448 5045 (1)
477 4971 800 5045 Tribunus
825 4967 1093 5045 militaris
1110 4970 1368 5045 prmerat
1392 4963 1648 5045 militum
1673 4962 1888 5035 legioni

298 5038 402 5102 seu
430 5038 586 5115 parti
612 5041 923 5115 exercitus.
954 5038 1133 5110 Apud
1159 5038 1392 5115 Graecos
1422 5040 1670 5115 vocatur
1701 5053 1887 5115 στραττ

303 5104 505 5180 πλάτης,
540 5113 705 5187 quod
736 5114 950 5187 ducem
978 5104 1277 5187 exercitus
1304 5107 1482 5187 etiam
1521 5104 1890 5187 interpretari

341 5176 513 5251 ossis,
559 5176 670 5241 etsi
719 5183 992 5238 subesset
1031 5179 1318 5251 Antiocho
1374 5179 1544 5251 totius
1603 5176 1890 5251 exercitus

341 5206 513 5251 08815,
563 5206 670 5241 BKS!
719 5206 992 5238 ευυυδδηι
1031 5206 1318 5234 Λυιιυυυυ
1376 5206 1544 5233 luuua
1603 5206 1890 5232 cxcruuua

297 5206 433 5315 guci
462 5274 474 5312 :
507 5273 645 5313 nam
677 5253 989 5310 dicebatur
1015 5257 1069 5306 et
1096 5250 1191 5306 ille
1218 5250 1392 5304 etiam
1444 5249 1565 5303 dux
1605 5247 1895 5302 exercitus

297 5330 399 5404 qui
412 5328 504 5385 vel
520 5328 624 5404 uni
639 5332 869 5404 tantum
889 5328 967 5404 ab
981 5322 1338 5404 imperatore
1352 5319 1567 5404 Legionti
1585 5317 1894 5404 praefectus

298 5389 438 5464 erat,
475 5405 539 5455 ut
565 5398 852 5471 Ulpiauus
878 5389 1325 5471 declarat‘apud
1352 5391 1667 5471 Baronium
1696 5389 1773 5443 ad
1794 5403 1897 5469 an-

303 5459 447 5528 num
476 5459 685 5529 Christi
718 5470 843 5533 301,
878 5481 1023 5521 num
1056 5469 1109 5520 2.
1131 5459 1475 5519 De’tribunis
1506 5466 1707 5533 autem
1738 5459 1905 5533 varia

303 5544 579 5599 observat
592 5529 911 5597 Vossius'in
930 5533 1339 5609 Etymologico
1356 5533 1570 5603 linguas
1596 5531 1809 5588 Latina
1826 5529 1906 5587 ad

1981 1787 2105 1842 lum
2137 1790 2213 1843 ad
2236 1796 2549 1847 consuetos
2574 1792 2810 1847 ordines
2830 1792 3103 1848 accersiri
3129 1792 3329 1862 jussit,
3360 1792 3637 1848 hortans-

1982 1891 2142 1942 eum,
2178 1882 2239 1933 ut
2268 1878 2399 1934 forti
2433 1880 2636 1935 animo
2668 1885 2842 1945 esset,
2870 1886 3040 1935 utens
3072 1885 3271 1935 autem
3302 1880 3395 1935 his
3411 1895 3636 1936 sermo-

1982 1964 2162 2020 nibus
2204 1968 2614 2039 :Tuae,inquit,
2658 1967 3021 2023 fortitudinis
3060 1966 3325 2023 facinora
3378 1982 3635 2040 quaeque

1982 2052 2269 2109 adversus
2296 2055 2519 2122 hostes,
2554 2061 2610 2112 et
2632 2056 2778 2111 mihi
2827 2060 2884 2112 et
2912 2056 2984 2119 ei,
3010 2055 3107 2127 qui
3142 2061 3375 2126 sceptra
3398 2055 3645 2127 imperii

1982 2146 2157 2210 tenet,
2191 2143 2451 2199 maxime
2481 2149 2624 2201 nota
2654 2151 2812 2213 sunt,
2843 2148 2900 2200 et
2932 2143 3254 2200 admodum
3280 2143 3631 2200 manifesta:

1983 2237 2347 2303 quaprOpter
2372 2238 2429 2288 et
2456 2233 2766 2303 dignitatis
2798 2233 2966 2288 istius
2999 2231 3255 2301 gradum
3286 2232 3523 2288 sortitus
3548 2247 3633 2287 es.

1986 2322 2186 2391 Itaque
2218 2335 2510 2389 magnum
2532 2321 2646 2375 hoc
2677 2326 2732 2375 et
2758 2322 3133 2390 repentinum
3157 2319 3382 2375 bellum
3409 2319 3635 2375 fortitu-

1983 2406 2108 2462 dini
2132 2408 2207 2479 (2)
2242 2412 2352 2463 tuaa
2372 2424 2503 2463 com
2515 2408 2703 2471 mitto,
2740 2412 2802 2463 ut
2826 2423 2933 2480 per
2963 2407 3269 2479 prmaentis
3292 2406 3638 2463 certaminis

1984 2496 2361 2551 occasionem
2403 2497 2474 2551 ad
2511 2496 2767 2566 gloriam
2821 2501 2983 2551 tuam
3017 2496 3383 2568 superiorem
3443 2495 3640 2565 major

1984 2582 2262 2638 cumulus
2290 2584 2553 2639 accedat.
2589 2584 2706 2639 Hos
2733 2600 2869 2639 cum
2896 2583 3162 2640 audisset
3182 2598 3487 2639 sermones
3528 2599 3637 2655 op-

1983 2673 2166 2729 timus
2199 2671 2412 2727 Christi
2432 2672 2609 2726 miles
2629 2673 2919 2736 Andreas,
2940 2686 3060 2726 non
3086 2671 3294 2743 copiis,
3315 2686 3435 2727 non
3458 2670 3639 2727 armis

1986 2766 2087 2816 aut
2127 2760 2424 2827 curribus,
2450 2760 2557 2815 sed
2584 2759 2709 2815 solo
2735 2763 3100 2832 praepotente
3125 2760 3244 2813 Deo
3278 2758 3477 2826 fretus,
3506 2774 3631 2814 ma-

1986 2863 2175 2917 gnum
2214 2848 2380 2903 illum
2430 2849 2767 2904 Gedeonem
2819 2847 3133 2903 aemulatus
3164 2852 3276 2915 est,
3305 2853 3361 2902 et
3412 2862 3639 2917 paucos

1987 2935 2286 3007 quosdam
2311 2935 2525 2990 milites
2545 2935 2621 2991 ad
2641 2935 2939 3005 ejusmodi
2954 2934 3143 2990 aciem
3172 2935 3638 3006 assumpsit.Eos

1916 3047 1958 3104 ο
1988 3023 2149 3078 enim
2177 3022 2360 3091 solos,
2394 3038 2548 3095 quos
2577 3023 2889 3079 manifeste
2945 3023 3202 3079 caalestis
3230 3022 3420 3091 gratia
3460 3022 3511 3077 ei
3535 3022 3634 3077 de-

1990 3111 2474 3180 signavit,secum
2496 3111 3042 3183 habens,oppositis
3074 3109 3349 3166 hostibus
3363 3109 3638 3182 praelium

1988 3198 2184 3255 intulit
2210 3200 2303 3268 (3).

2061 3288 2154 3342 Ill.
2186 3288 2318 3342 Jam
2348 3300 2484 3341 vero
2501 3300 2633 3339 cum
2647 3290 2801 3341 esset
2825 3300 3253 3355 congressurus
3281 3299 3420 3340 cum
3447 3284 3627 3341 hosti-

1987 3376 2122 3439 bus,
2175 3389 2381 3429 eorum
2441 3373 2741 3444 ingentem
2803 3370 3246 3428 multitudinem
3301 3371 3518 3427 divinas
3543 3386 3641 3427 co-

1988 3463 2268 3536 gnitionis
2310 3466 2734 3531 argumentum
2783 3460 2910 3515 suis
2966 3459 3254 3515 militibus
3286 3459 3633 3531 proposuit:

1989 3552 2263 3608 nondum
2287 3551 2444 3606 enim
2492 3549 2700 3605 Christi
2726 3550 2831 3605 Dei
2890 3548 3078 3604 nostri
3105 3548 3222 3604 ﬁde
3273 3547 3477 3604 donati
3520 3547 3639 3604 fue-

1990 3645 2141 3696 rant.
2196 3642 2321 3695 Haec
2352 3638 2532 3708 igitur
2569 3637 3032 3703 illis,enarrabat
3072 3653 3086 3692 :
3138 3640 3400 3693 Praesens
3424 3652 3642 3709 oppor-

1990 3728 2230 3793 tunitas,
2288 3726 2541 3783 caelestis
2588 3733 2644 3783 et
2682 3726 2900 3782 divinae
2947 3726 3305 3796 cognitionis
3358 3725 3641 3781 concilia-

1991 3818 2117 3882 trix,
2144 3816 2313 3872 vobis
2352 3815 2462 3871 erit
2494 3832 2507 3870 :
2540 3814 2741 3871 statim
2797 3814 2957 3870 enim
3020 3813 3412 3883 cognoscetis,
3474 3813 3641 3887 quod

1989 3905 2069 3961 dii
2095 3905 2361 3974 gentium
2393 3919 2527 3959 vere
2589 3903 2893 3960 daemonia
2918 3907 3074 3968 sunt,
3132 3902 3419 3975 quodque
3470 3918 3641 3958 verus

1991 3996 2145 4050 Deus
2169 3992 2261 4049 ille
2302 4000 2412 4057 est,
2438 4007 2620 4064 quem
2671 4007 2784 4061 ego
2814 3991 2965 4057 colo,
3024 3992 3127 4063 qui
3170 3991 3390 4047 ccelum
3448 3995 3504 4045 et
3535 3996 3641 4046 ter-

1990 4099 2119 4138 ram
2151 4081 2361 4137 effecit.
2412 4082 2542 4152 Ipse
2572 4080 2753 4147 igitur
2800 4096 2937 4134 cum
2981 4078 3189 4133 omnia
3220 4078 3427 4149 possit,
3459 4093 3637 4149 opem

1992 4170 2158 4223 affert
2180 4168 2248 4221 iis
2278 4170 2380 4237 qui
2418 4183 2557 4221 eum
2597 4167 2899 4230 invocant,
2927 4179 3144 4236 eosque
3188 4164 3368 4221 fortes
3398 4164 3457 4219 in
3483 4165 3639 4221 bello

1990 4255 2186 4319 efﬁcit,
2228 4260 2282 4308 et
2338 4252 2604 4308 hostium
2654 4254 2925 4308 cohortes
2982 4251 3124 4307 facit
3173 4255 3335 4321 terga
3388 4256 3634 4318 vertere,

1994 4346 2075 4399 En
2106 4342 2301 4412 igitur,
2368 4344 2430 4396 ut
2461 4339 2687 4406 videtis,
2747 4340 2948 4395 hostes
2981 4338 3094 4409 ipsi
3132 4354 3163 4394 e
3194 4338 3438 4409 regione
3462 4339 3639 4396 nobis

1992 4436 2127 4487 sunt
2157 4430 2439 4502 Oppositi,
2468 4428 2656 4499 copiis
2686 4426 3162 4483 innumerabiles
3201 4432 3258 4484 et
3285 4427 3463 4483 nobis
3494 4427 3637 4484 vali-

1992 4521 2222 4585 diores;
2256 4517 2379 4583 sed,
2413 4517 2587 4587 agite,
2639 4530 2901 4571 errorem
2928 4514 3220 4571 idolorum
3274 4515 3636 4583 amittentes,

1994 4623 2229 4665 mecum
2263 4622 2383 4661 una
2437 4608 2641 4669 Deum,
2688 4603 2794 4676 qui
2828 4618 2963 4658 vere
2995 4604 3146 4659 Deus
3190 4610 3298 4671 est,
3345 4604 3636 4670 iuvocate,

1996 4713 2066 4754 ac
2086 4695 2282 4752 statim
2303 4693 2573 4750 videbitis
2590 4694 2789 4748 hostes
2805 4692 3161 4764 ipsos,velut
3185 4693 3412 4748 fumum
3428 4707 3638 4764 quem-

1997 4786 2137 4841 dam
2168 4790 2266 4839 aut
2295 4782 2619 4855 pulverem,
2655 4795 2860 4837 coram
2892 4779 3060 4835 vobis
3110 4779 3474 4836 deﬁcientes.
3508 4782 3641 4837 Hac

1999 4977 2205 5018 vocem
2233 4960 2445 5017 tribus.

2069 5034 2145 5104 ('2)
2177 5032 2257 5087 De
2286 5031 2436 5087 bello
2464 5044 2534 5104 ac
2563 5043 2705 5101 pace
2735 5043 2874 5084 cum
2900 5027 3088 5084 Persis
3113 5026 3235 5098 agit
3263 5025 3640 5085 Commenta-

2002 5102 2134 5161 rius‘
2161 5104 2441 5175 praevius,
2470 5102 2497 5173 §
2521 5104 2574 5155 2.

2074 5166 2610 5246 (3)'Mirum,qu_od
2640 5171 2764 5246 jam
2824 5167 3134 5246 amplexus
3184 5167 3389 5246 Christi
3434 5166 3639 5246 fidem,

2003 5239 2889 5321 nondumtamenﬂbaptizatus,
2924 5239 3129 5321 mortis
3159 5256 3223 5293 se
3254 5239 3515 5321 periculo
3546 5255 3642 5294 ex-

2009 5319 2257 5391 posuerit
2283 5316 2441 5391 (vide
2494 5310 2999 5391 Commentarium
3026 5310 3053 5383 δ
3084 5311 3169 5391 1),”
3209 5310 3323 5391 nisi
3375 5326 3646 5391 recurras

2010 5381 2086 5445 ad
2100 5381 2474 5452 miraculum,
2490 5398 2612 5455 quo
2631 5381 2937 5455 victoriam
2964 5381 3337 5453 prmsciverit,
3363 5381 3648 5454 quodque

2012 5462 2106 5518 hic
2144 5459 2375 5515 videtur
2399 5454 2708 5512 insinuari.
