4142 6278
510 247 616 307 599

1843 222 2094 284 MENSIS
2134 215 2537 278 AUGUSTUS.

3812 211 3964 266 600

519 372 615 427 ille
646 369 902 425 dicebat.
934 365 1058 431 Cui,
1091 363 1303 420 milites
1334 359 1658 423 credentes,
1690 358 1749 411 et
1799 367 1934 408 cum
1989 345 2177 404 multa

2296 347 2546 416 λεχθεῖσιν
2599 343 2989 405 πιστεύσαντες,
3042 341 3129 390 καὶ
3185 337 3316 409 μετὰ
3366 334 3557 389 πολλοῦ
3611 342 3711 388 τοῦ
3777 337 3953 409 θάρ-

520 460 742 515 ﬁducia
789 458 1074 512 irruentes
1117 451 1420 523 oppositas
1479 445 1807 519 phalanges
1857 443 1913 494 in
1970 436 2173 503 fugam

523 550 956 607 converterunt,
996 547 1050 596 et
1085 540 1367 595 illustrem
1399 537 1472 590 de
1512 532 1784 590 hostibus
1815 527 1960 599 ipsis
1993 525 2178 578 victo-

526 635 677 691 riam
710 635 1117 704 deportarunt.
1139 627 1341 684 Milites
1358 629 1556 680 autem
1582 622 1713 677 illos
1735 621 1863 688 ejus
1888 613 2072 688 praelii
2096 609 2177 663 vi-

521 703 940 790 ctores,reique
953 715 1326 772 admirabilis
1346 727 1531 783 supra
1544 709 1815 765 omnium
1831 703 2176 775 opinionem

523 817 723 873 testes,
757 785 997 863 sanctus
1048 821 1136 860 v1r
1163 805 1262 858 Dei
1295 802 1582 864 Andreas,
1623 803 1688 852 ut
1727 797 1940 851 electos
1967 785 2180 846 Christi

520 900 709 964 viros,
737 896 1018 969 perfecte,
1043 897 1340 966 quantum
1365 891 1423 945 in
1448 890 1546 944 illo
1572 892 1698 943 erat
1713 879 2107 943 conﬁrmavit,
2124 880 2183 933 et

525 989 604 1049 ad
639 987 738 1042 Dei
769 983 1167 1055 cognitionem
1202 979 1475 1036 adduxit.

549 1122 554 1124 .
600 1077 688 1131 ιν.
708 1077 788 1130 Ea
799 1089 860 1128 re
882 1071 1176 1143 putatisne
1196 1084 1411 1140 parum
1435 1063 1852 1122 adversarium
1869 1056 2180 1114 diabolum

530 1159 1084 1230 conturbatum,qui
1101 1157 1408 1212 victoriam
1423 1155 1584 1209 illam
1600 1157 1799 1207 contra
1814 1165 1876 1204 se
1890 1157 2178 1217 tropaeum

531 1252 843 1319 quoddam
897 1254 1156 1303 erectum
1209 1242 1508 1312 cogitavit,
1541 1255 1732 1312 neque
1763 1235 1986 1306 aliquid
2017 1230 2179 1287 aliud

531 1356 665 1396 eam
695 1355 819 1394 rem
883 1337 1081 1397 fuisse,
1133 1333 1240 1388 nisi
1269 1330 1523 1403 propriae
1581 1324 1889 1399 potestatis
1945 1336 2177 1386 casum,

530 1423 942 1484 existimavit?
993 1425 1278 1478 Craterum
1337 1420 1633 1474 maximus
1667 1415 1764 1470 Dei
1818 1411 2054 1475 athleta,
2104 1407 2180 1463 ad

543 1515 802 1570 stadium
836 1511 1111 1584 progredi
1133 1513 1397 1581 paratus,
1419 1506 1590 1578 quasi
1621 1504 1872 1574 pignora
1900 1498 2177 1571 quaedam

539 1602 822 1664 coelestia,
852 1598 1198 1672 praestantia
1218 1596 1380 1651 dona
1405 1595 1476 1649 ab
1503 1593 1631 1664 ipso
1650 1591 1768 1645 Deo
1796 1585 2178 1660 percipiebat,

2288 454 2411 494 σους
2461 435 2799 505 ὁρμήσαντες·
2859 432 2951 490 τὰς
3009 427 3395 497 ἀντιμετώπους
3457 425 3748 498 ἐτρέψαντο
3815 428 3950 496 φοί-

2285 522 2496 593 λαγγας,
2531 525 2621 572 καὶ
2653 518 2880 591 μεγάλην
2919 517 3033 569 κατ’
3065 515 3232 567 αὐτῶν
3262 515 3451 588 ἣραντο
3480 520 3648 571 νίκην.
3685 517 3950 575 Ταύτης

2289 607 2346 662 δὲ
2371 613 2637 681 μάρτυρας
2663 616 2752 667 τῆς
2782 605 3114 678 παρατάξεως
3145 609 3233 656 καὶ
3264 612 3356 665 τῆς
3383 599 3878 675 παραδοξοπιοῖας
3914 605 3942 652 ὁ

2288 699 2432 770 οἷγιος
2479 705 2568 750 τοῦ
2620 703 2752 751 Θεοῦ
2798 699 2914 755 τοὺς
2969 693 3231 752 ἐκλεκτοὺς
3283 692 3472 770 ἑαυτοῦ
3512 695 3936 762 ποιησάμενος,

2289 793 2377 840 καὶ
2406 787 2610 848 τελείως
2640 786 2861 838 ἐντεῦθεν
2907 783 3092 844 αὐτοὺς
3121 758 3535 854 βεϐαιώσαςθῇ
3570 789 3663 834 τοῦ
3695 785 3936 853 Κυρίου

2290 882 2622 952 προσήγαγεν
2652 875 2945 946 ἐπιγνώσει.

2361 1053 2430 1107 Δ’.
2481 1058 2581 1107 Καὶ
2625 1061 2733 1114 πῶς
2781 1052 2950 1104 οἴεσθε
2990 1057 3138 1103 τοῦτο
3199 1052 3285 1102 τὸν
3325 1047 3668 1122 ἀντικείμενον
3712 1044 3932 1100 διάϐο-

2288 1144 2372 1196 λον
2405 1142 2762 1213 συνετάραξεν,
2813 1141 2929 1192 καθ’
2977 1139 3161 1192 ἑαυτοῦ
3205 1144 3261 1191 τὸ
3315 1144 3561 1211 τρόπαιον
3612 1139 3929 1210 λογισάμε-

2478 1236 2568 1282 καὶ
2624 1227 2774 1283 οὐδὲν
2848 1231 2928 1281 ὅτι
2990 1234 3060 1300 μὴ
3112 1238 3312 1281 πτῶσιν
3375 1225 3514 1280 ἰδίαν
3568 1232 3626 1280 τὸ
3683 1232 3926 1299 γεγονὸς

2701 1318 2834 1370 Ἀλλ’
2866 1320 2890 1370 ὁ
2923 1325 3014 1370 τοῦ
3055 1325 3188 1371 Θεοῦ
3232 1323 3452 1389 μέγιστο
3485 1334 3498 1383 ;
3535 1317 3769 1376 ἀθλητὴς
3829 1316 3928 1369 ἐπὶ

2288 1252 2391 1299 νον,

2289 1323 2618 1392 ἡγησάμενον
2655 1336 2667 1381 ;

2289 1413 2346 1462 τὸ
2395 1405 2610 1461 στάδιον
2660 1411 2793 1460 κατά
2849 1411 3000 1479 μέρος
3052 1415 3262 1480 χωρῶν,
3315 1408 3487 1478 ὥσπερ
3536 1409 3683 1468 τινὰς
3741 1405 3929 1478 ἀρρα-

2291 1498 2456 1558 ϐῶνας
2510 1498 2841 1570 ἐπουρανίους
2897 1500 2964 1548 τὰ
3022 1499 3288 1568 κρείττονα
3357 1503 3453 1546 τῶν
3537 1497 3924 1569 χαρισμάτων

2292 1587 2570 1659 ἐλάμϐανεν
2624 1588 2833 1651 ἄνωθεν,
2892 1590 2981 1637 καὶ
3036 1592 3095 1656 τῇ
3152 1587 3287 1637 κατὰ
3351 1580 3610 1654 δαιμόνων
3665 1582 3928 1635 ἐπλούτει

535 1708 670 1747 cum
697 1696 754 1745 et
773 1687 1197 1760 ejiciendorum
1226 1686 1566 1739 daemonum
1593 1677 1895 1735 miraculis
1915 1674 2183 1730 abunda—

2296 1680 2708 1749 θαυματουργία.
2785 1674 3009 1734 Πολλοὺς
3088 1678 3212 1744 γοῦό
3265 1675 3465 1746 ἡμέρας
3521 1673 3749 1732 ἑκάστης
3808 1674 3924 1722 ὑπὸ

537 1785 643 1836 ret.
670 1778 874 1834 Multos
903 1776 1077 1844 igitur
1095 1775 1151 1828 in
1179 1771 1441 1839 singulos
1460 1770 1585 1823 dies
1607 1767 1853 1838 impuris
1880 1762 2184 1836 spiritibus

537 1861 1449 1938 perturbatosliberabat,sicque
1466 1856 1680 1912 lethale
1705 1854 1923 1910 vulnus
1941 1850 2184 1907 diabolo

536 1953 862 2023 inﬂigebat,
888 1960 944 2007 et
960 1949 1228 2006 invidum
1248 1952 1302 2003 et
1327 1946 1642 2017 superbum
1665 1945 1898 1998 hostem
1923 1939 2184 1995 maxime

540 2041 908 2113 subjiciebat.
934 2041 1076 2095 Cum
1103 2053 1241 2093 vero
1271 2052 1407 2108 quae
1430 2035 1504 2090 ad
1536 2034 1759 2090 bellum
1785 2029 2184 2104 pertinebant,

539 2132 665 2186 viro
697 2135 904 2185 sancto
934 2145 1002 2183 ex
1019 2126 1303 2182 sententia
1333 2122 1782 2194 processissent,
1813 2123 1869 2175 et
1898 2118 2187 2173 adversus

543 2219 754 2274 Persas
779 2225 1063 2286 tropaeum
1093 2213 1578 2276 statuisset,venit
1597 2227 1732 2266 cum
1753 2210 1875 2264 suis
1905 2205 2188 2262 militibus

540 2310 600 2363 in
634 2306 843 2362 urbem
876 2305 1268 2360 Antiochiam.
1304 2301 1509 2355 Statim
1542 2303 1742 2354 autem
1771 2297 1941 2354 illum
1974 2295 2188 2350 milites

541 2395 792 2467 quidam
823 2409 892 2449 ex
923 2393 994 2448 iis
1023 2392 1125 2462 qui
1167 2405 1302 2445 cum
1333 2390 1461 2460 ipso
1491 2387 1742 2451 fuerant,
1786 2385 2011 2440 invidia
2039 2387 2094 2438 et
2125 2382 2190 2437 li-

541 2498 682 2538 vore
701 2480 948 2546 incitati,
982 2495 1117 2534 cum
1149 2479 1374 2535 bonum
1406 2476 1550 2532 illud
1581 2491 1700 2531 non
1751 2473 2083 2529 voluntarie
2109 2472 2186 2541 (4)

540 2571 920 2638 delegissent,
978 2567 1140 2638 apud
1209 2566 1562 2621 Antiochum
1620 2563 1976 2627 detulerunt,
2022 2558 2188 2631 quod

543 2660 728 2714 Deum
760 2658 881 2711 dux
904 2656 1282 2711 conﬁteretur
1308 2660 1363 2708 et
1413 2651 1760 2717 celebraret,
1792 2651 1893 2721 qui
1926 2650 1983 2703 in
2015 2663 2188 2703 cruce

543 2747 791 2802 sufﬁxus
818 2745 1029 2800 fuerat.
1059 2746 1137 2798 Ea
1196 2757 1286 2796 res
1337 2741 1666 2796 maximam
1712 2739 1860 2794 iram
1903 2736 2188 2792 Antiocho

542 2835 753 2899 attulit,
782 2839 839 2889 et
865 2833 1019 2887 misit
1038 2829 1339 2902 quosdam
1368 2845 1439 2883 ex
1464 2828 1672 2883 ordine
1705 2827 1964 2888 militari,
1984 2827 2086 2897 qui
2109 2824 2187 2879 ab

539 2939 611 2979 eo
641 2923 934 2977 discerent
961 2918 1126 2991 quod
1154 2933 1362 2972 verum
1386 2922 1528 2980 erat,
1561 2922 1614 2971 et
1633 2917 1879 2986 planum
1904 2914 2181 2969 facerent.

540 3011 803 3082 Cumque
822 3024 926 3080 per
946 3023 1047 3062 eos
1063 3007 1164 3079 qui
1186 3004 1354 3060 missi
1379 3005 1626 3069 fuerant,
1645 3020 1766 3058 rem
1788 3005 1866 3059 ita
1883 3019 1944 3058 se
1965 3002 2186 3056 habere

541 3101 702 3153 certo
720 3095 1062 3159 audivisset,
1088 3094 1247 3165 apud
1277 3108 1413 3147 eum
1436 3091 1941 3163 perinternuntios
1966 3091 2183 3162 partim

541 3182 1052 3239 admonitionibus
1074 3198 1216 3235 usus
1245 3185 1330 3234 est
1354 3195 1364 3234 :
1390 3195 1988 3251 commemoransque
2007 3196 2184 3235 suum

540 3272 598 3326 in
617 3269 978 3326 Christianos
1000 3269 1205 3324 odium
1225 3275 1280 3322 et
1298 3267 1810 3338 acerbitatem,per
1826 3268 1987 3338 ipsos
2009 3268 2183 3323 inter-

536 3359 775 3414 nuntios
813 3359 864 3413 ei
896 3358 1158 3413 dicebat:
1197 3357 1341 3412 Cum
1374 3356 1628 3420 noveris,
1664 3356 2181 3426 quemadmodum

535 3452 590 3502 et
620 3446 899 3518 qualibus
927 3445 1231 3501 tormentis
1288 3443 1631 3499 sustulerim
1677 3443 2030 3512 Eutychium
2080 3444 2182 3499 Po-

534 3536 750 3604 lyeucti
789 3534 977 3589 filium
1027 3535 1123 3601 (5),
1183 3539 1239 3588 et
1265 3531 1485 3588 multos
1522 3547 1728 3586 eorum
1759 3531 1860 3602 qui
1897 3547 2012 3585 una
2045 3547 2182 3587 cum

534 3622 852 3677 illoChristi
873 3622 1053 3677 ﬁdem
1078 3623 1260 3677 secuti
1280 3627 1438 3689 sunt,
1462 3637 1531 3675 ac
1545 3620 2060 3692 quemadmodum
2085 3637 2183 3677 ne-

533 3711 754 3766 minem
807 3710 1072 3780 ipsorum
1116 3709 1518 3764 misericordia
1568 3715 1915 3779 prosecutus
1948 3709 2180 3775 fuerim,

532 3803 596 3852 tu
622 3812 743 3868 quo
776 3811 931 3850 nunc
959 3796 1337 3859 consilio,aut
1359 3811 1476 3865 qua
1505 3810 1610 3865 spe
1643 3794 1905 3849 hominis
1927 3795 1986 3849 in
2014 3812 2184 3853 cruce

534 3884 729 3941 sufﬁxi
757 3885 1120 3940 mentionem
1144 3884 1430 3953 proponis
1455 3883 1483 3938 ?

600 3976 662 4027 V.
694 3973 781 4028 Ad
831 3972 958 4027 haec
1007 3971 1292 4025 Andraeas
1341 3971 1646 4041 respondit
1687 3987 1700 4026 :
1749 3972 2004 4027 Maxime
2058 3973 2185 4029 istis

530 4062 744 4126 verbis,
785 4076 917 4132 qua:
948 4059 1104 4124 dicit,
1153 4060 1552 4115 constantiam
1606 4077 1803 4118 meam
1859 4063 2183 4118 Antiochus

532 4150 894 4206 corroborat.
923 4152 1069 4205 Nam
1089 4149 1420 4221 siomnes,q
1431 4166 1534 4204 uos
1551 4151 1902 4207 nominatim
1921 4152 2182 4224 protulit,

531 4239 813 4309 gravibus
839 4237 1144 4293 tormentis
1171 4239 1248 4294 ab
1270 4238 1368 4294 illo
1400 4238 1673 4309 subjecti,
1716 4241 1966 4296 victores
1999 4242 2185 4313 ipsius

532 4327 894 4390 exstiterunt,
946 4331 1002 4383 et
1024 4327 1254 4382 Christo
1282 4331 1398 4383 Deo
1431 4329 1698 4385 coronati
1727 4331 1960 4385 athletae
1995 4333 2185 4387 astite-

535 4420 690 4478 runt,
725 4431 908 4487 quare
937 4431 1053 4470 non
1089 4420 1144 4468 et
1162 4431 1272 4483 ego
1300 4415 1530 4470 studere
1583 4418 1774 4472 debeo
1807 4420 2058 4488 amicus,
2096 4421 2186 4475 vel
2220 4412 2264 4468 D

539 4504 735 4575 potius
773 4503 1003 4556 Domini
1036 4503 1147 4556 mei
1181 4503 1316 4556 Jesu
1349 4504 1551 4557 Christi
1586 4521 1808 4569 servus,
1841 4509 2004 4561 omni
2038 4513 2183 4563 tem-

540 4606 686 4662 pore
714 4606 1079 4661 permanere,
1125 4594 1189 4643 ut
1231 4591 1461 4659 eadem,
1531 4608 1666 4664 qua:
1697 4595 1799 4657 illi,
1851 4612 2188 4667 consequar

539 4680 790 4752 praamia
823 4679 850 4733 ‘I
887 4681 1001 4734 Has
1024 4694 1198 4735 voces
1229 4695 1334 4749 per
1363 4696 1463 4735 eos
1496 4683 1596 4751 qui
1624 4682 1906 4747 celeriter,
1939 4701 2074 4756 quae
2102 4687 2187 4742 di-

541 4769 856 4836 cebantur,
928 4767 1326 4839 excipiebant,
1383 4774 1439 4824 et
1483 4769 1686 4825 litteris
1726 4773 2118 4842 mandabant,
2153 4793 2189 4832 a

546 4862 754 4912 sancto
769 4857 893 4912 viro
909 4856 1168 4927 prolatas
1181 4857 1744 4928 accepitAntiochus
1761 4859 1853 4915 ille
1875 4878 2187 4934 arrogans,

543 4950 600 5000 et
625 4962 660 5000 a
691 4946 787 5001 Dei
817 4946 1032 5018 pietate
1061 4946 1418 5011 abhorrens,
1452 4963 1710 5018 eumque
1739 4949 2002 5007 vinctum
2020 4953 2088 5007 ad
2126 4971 2188 5010 se

543 5033 899 5104 ducijussit,
928 5041 982 5090 et
1045 5034 1329 5090 omnibus
1386 5036 1766 5091 audientibus
1817 5040 2184 5110 interrogari,

545 5126 602 5176 et
638 5127 835 5193 aperte
867 5123 1055 5194 fateri,
1097 5139 1240 5178 num
1300 5123 1675 5196 imperatoris
1696 5126 1906 5192 edicto,
1969 5145 2039 5184 an
2081 5148 2187 5188 suo

730 5300 948 5384 Il‘icq‘ui‘s
972 5301 1149 5384 igitur
1181 5302 1416 5384 illo_s_ad
1445 5303 1560 5384 hoc
1586 5307 1776 5374 coegit
1807 5307 1834 5384 2

554 5437 564 5448 _
621 5370 701 5452 (ἒξ)
730 5371 784 5424 S.
835 5370 1177 5452 P_olyeuc'ti,.
1206 5374 1563 5452 celeberrimi
1588 5370 1874 5452 martyris
1905 5380 2188 5452 Melitenaa

551 5440 608 5492 in
642 5440 1291 5518 Armenia-passijtcta
1309 5444 1444 5518 jam
1473 5448 1701 5517 pridem
1733 5440 1871 5505 s'unt
1900 5450 2187 5508 illustrata

553 5508 711 5579 apud
745 5523 856 5563 nos
882 5508 974 5564 die
1009 5515 1068 5567 t3
1104 5508 1400 5570 Februarii
1433 5508 1491 5571 iri
1534 5519 1753 5590 quibus
1794 5521 2015 5577 ibidem
2047 5538 2184 5595 pag.

2294 1767 2595 1837 πνευμάτων
2697 1763 3000 1834 ἀκαθάρτων
3115 1760 3487 1833 ἐνοχλουμένου
3499 1781 3519 1822 ς
3598 1760 3916 1832 ἐλευθερῶν,

2296 1859 2502 1926 καιρίαν
2549 1854 2753 1924 πληγὴν
2811 1853 3090 1925 ἐτίτρωσκε
3137 1854 3223 1903 τόν
3265 1847 3528 1914 διάϐολον,
3577 1855 3666 1902 καὶ
3723 1850 3916 1921 μειζό-

2295 1963 2392 2004 νως
2438 1939 2815 1995 κατεδουλοῦτο
2862 1945 2947 1992 τὸν
2989 1939 3255 2012 βάσκανόν
3295 1958 3349 1993 τε
3395 1945 3483 1991 καὶ
3531 1939 3912 2012 ὑψηλοφρονα.

2296 2028 2510 2089 Ἐπειδὴ
2571 2027 2630 2083 δὲ
2694 2033 2760 2081 τὰ
2836 2037 2926 2082 τοῦ
2979 2029 3201 2101 πολέμου
3269 2031 3404 2080 κατὰ
3448 2035 3563 2080 νοῦν
3616 2036 3690 2098 τῷ
3765 2027 3914 2098 ἁγίῳ

2296 2121 2670 2194 προύχώρησε,
2729 2123 2818 2170 καὶ
2873 2120 3008 2170 κατὰ
3055 2114 3252 2174 Μήδων
3301 2120 3620 2189 στησάμενος
3649 2122 3914 2181 τρόπαιον

2298 2213 2499 2281 γέγονεν
2555 2213 2648 2260 σῦν
2701 2208 2804 2267 τοίς
2853 2205 2983 2278 ἀμφὶ
3051 2207 3205 2258 αὐτὸν
3257 2210 3389 2281 πρὸς
3463 2210 3548 2258 τὸν
3624 2205 3913 2277 Ἀντίοχον

2301 2298 2450 2361 ἀξίας
2502 2301 2816 2369 κομούμενος
2861 2299 2929 2358 ὡς
2976 2295 3139 2369 ἐχρῆν
3184 2294 3420 2366 ἀμοιϐάς.
3469 2295 3670 2357 Εὐθέως
3721 2304 3913 2348 τοῦτον

2299 2393 2388 2440 καὶ
2434 2390 2550 2447 τοὺς
2600 2391 2693 2439 σὺν
2742 2386 2882 2456 αύτῷ
2917 2390 3241 2460 στρατιώτας
3287 2388 3415 2446 τινες
3446 2386 3633 2456 φθόνου
3667 2388 3759 2456 μὲν
3814 2391 3909 2438 καὶ

2302 2476 2615 2536 ζηλοτυπίας
2671 2477 2816 2546 ἔργον
2906 2470 3317 2539 ἐπιτηδεύοντες,
3380 2472 3574 2543 ἀγαθόν
3636 2469 3709 2525 δι’
3769 2476 3909 2545 ὅμως

2301 2563 2546 2615 ἀκούσιον
2589 2563 2944 2635 ἐργαζόμενοι,
2989 2559 3254 2615 διέϐαλλον
3295 2565 3358 2623 ὡς
3410 2565 3538 2616 Θεὸν
3586 2566 3673 2615 τὸν
3719 2561 3908 2616 ἐσταυ-

2298 2656 2521 2724 ρωμένον
2572 2652 2948 2723 ὁμολογοῦντάς
2985 2671 3037 2704 τε
3075 2656 3164 2704 καὶ
3209 2647 3542 2714 δοξάζοντας.
3588 2658 3692 2704 Τοῦ
3737 2648 3796 2704 δε
3827 2649 3904 2704 δι’

2299 2741 2460 2813 ὀργῆς
2512 2744 2568 2793 τό
2612 2747 2832 2815 πρᾶγμα
2880 2744 3234 2811 ποιησαμένου
3279 2745 3368 2791 καὶ
3427 2741 3720 2801 στείλαντος
3775 2745 3901 2813 πρὸς

2299 2829 2452 2881 αὐτόν
2499 2837 2589 2881 τοῦ
2647 2837 3022 2900 στρατιωτικοῦ
3075 2829 3364 2899 καταλόγου
3408 2831 3636 2890 τινάςτό
3691 2829 3896 2902 ἁκριᾶς

2297 2921 2693 2990 μαθησομένους
2761 2921 2828 2970 τὰ
2878 2924 2968 2970 καὶ
3037 2915 3488 2990 διασαφήσοντας,
3568 2923 3657 2970 καὶ
3731 2927 3893 2971 ταῦτα

2297 3007 2455 3067 οὕτως
2512 3010 2651 3078 ἔχειν
2728 3003 2822 3059 διὰ
2897 3016 2995 3059 τῶν
3071 3006 3466 3079 ἀπεσταλμένων
3522 3008 3884 3079 ἠκριϐωκότος,

2295 3102 2384 3148 καὶ
2442 3104 2510 3154 πῆ
2571 3098 2659 3166 μὲν
2729 3095 3016 3161 κολακίαις,
3092 3103 3161 3153 πῆ
3226 3092 3284 3148 δὲ
3342 3095 3433 3147 καί
3498 3095 3743 3160 ἀπειλαῖς,
3814 3100 3885 3148 ἔτι

2297 3181 2355 3236 δὲ
2411 3189 2500 3235 καὶ
2587 3183 2908 3254 ἀναμνήσεσι
2965 3189 3306 3256 χρησαμένου
3360 3192 3452 3244 τῆς
3512 3184 3688 3236 ἑαυτοῦ
3755 3188 3879 3254 πρὸς

2295 3275 2644 3345 Χριστιανοὺς
2705 3268 3010 3343 δυσμενείας
3062 3292 3115 3324 τε
3167 3277 3254 3324 καὶ
3314 3278 3639 3346 πικρότητος,
3715 3271 3872 3324 ἐπιλέ-

2296 3360 2413 3422 ξεώς
2443 3379 2496 3411 τε
2540 3356 2918 3421 δεδηλωκότος·
2957 3361 3036 3411 ὁτι
3086 3357 3248 3422 Οἶδας
3301 3364 3440 3422 ὅπως
3481 3367 3568 3414 καὶ
3604 3363 3732 3422 οἶαις
3754 3360 3878 3412 ἀνεῖ-

2292 3448 2378 3500 λον
2429 3447 2683 3520 βασάνοις
2732 3448 2992 3520 Εύτύχιόν
3037 3469 3089 3501 τε
3124 3454 3210 3502 τὸν
3251 3453 3362 3502 υἱὸν
3405 3451 3750 3515 Πολυεύκτου,
3799 3455 3882 3502 καὶ

2294 3536 2513 3597 πολλοὺς
2553 3545 2651 3590 τῶν
2685 3542 2776 3589 σὺν
2807 3537 2978 3609 ὶκείνῳ
3009 3543 3103 3597 τὴν
3135 3540 3204 3600 εἰς
3236 3544 3466 3614 Χριστόν
3496 3545 3677 3593 πίστιν
3703 3539 3882 3611 ὡμολο-

2293 3630 2544 3697 γηκότας,
2597 3631 2687 3678 καὶ
2741 3627 2833 3679 ούκ
2881 3627 3082 3686 ἠλέησα
3130 3629 3337 3693 αὐτούς,
3375 3634 3525 3701 φησὶ,
3573 3634 3664 3681 καὶ
3693 3638 3776 3681 νῦν
3806 3649 3882 3681 σοι

2295 3720 2396 3767 τίνι
2428 3725 2605 3787 σκοπῷ
2633 3721 2722 3768 καὶ
2753 3721 2879 3790 ποίᾳ
2904 3715 3055 3770 έλπίδ
3062 3739 3079 3769 ι
3109 3723 3194 3770 τὸν
3224 3718 3349 3792 ὑπὲρ
3379 3727 3470 3771 τοῦ
3501 3717 3878 3792 ἐσταυρωμένον

2293 3804 2442 3876 λόγον
2467 3805 2728 3879 προϐάλλῃ
2773 3822 2786 3873 ;

2368 3981 2440 4034 Ε¹.
2487 3983 2621 4053 Πρὸς
2669 3987 2836 4033 ταῦτα
2880 3980 3275 4055 ἀποκρινόμενος
3329 3986 3442 4056 ἔφη*
3495 3986 3636 4037 Πάνυ
3684 3987 3769 4057 μεν
3797 3981 3876 4037 οἶν

2298 4066 2390 4122 διὰ
2437 4071 2626 4121 τούτων
2680 4070 2747 4120 ὦν
2787 4073 2998 4142 εἴρηκας
3040 4072 3402 4146 ἰσχυροποιεῖς
3442 4093 3543 4145 μου
3587 4079 3680 4132 τὴν
3711 4078 3872 4127 ἓνστα·

2297 4174 2405 4211 σιν⁶
2446 4159 2490 4210 εἰ
2518 4160 2614 4232 γὰρ
2649 4157 2792 4210 οὗτοι
2822 4161 3025 4222 πάντες,
3061 4161 3144 4220 οὖς
3174 4160 3524 4233 ἐξωνόμασας,
3550 4165 3649 4216 ὑπὸ
3681 4173 3766 4216 τοῦ
3789 4172 3873 4217 σοῦ

2296 4250 2536 4320 μεγέθους
2590 4243 2783 4309 δειναῖς
2835 4247 3032 4311 αἰκίαις
3099 4250 3468 4315 ύποϐληθέντες
3531 4260 3738 4312 νικηταί
3787 4273 3872 4306 σου

2295 4344 2568 4409 γεγόνασιν
2623 4341 2711 4389 καὶ
2770 4345 3149 4412 στεφανηφόροι
3205 4348 3417 4412 Χριστῷ
3464 4351 3535 4412 τῷ
3594 4351 3707 4413 Θεῷ
3757 4363 3875 4417 παρ-

2297 4432 2582 4484 εστήκασνν
2613 4424 2856 4487 ἀθληταὶ,
2886 4436 2992 4489 πῶς
3021 4428 3079 4479 ού
3102 4433 3173 4500 μὴ
3212 4427 3501 4483 σπουδάσω
3532 4431 3696 4502 κάγὼ,
3725 4432 3870 4504 φίλος,

2298 4512 2482 4576 δοῦλος
2540 4511 2598 4567 δε
2649 4515 2835 4581 μᾶλλον
2891 4524 2982 4567 τοῦ
3040 4523 3232 4591 Κυρίου
3292 4539 3392 4589 μου
3438 4521 3614 4578 Ἰησοῦ
3656 4530 3871 4594 Χριστοῦ

2298 4601 2562 4675 διαμεῖναι
2592 4609 2755 4675 μέχρι
2785 4609 2995 4669 παντὸς,
3045 4609 3126 4658 ἶνα
3169 4617 3266 4658 τὼν
3297 4609 3465 4661 αὐτῶν
3513 4608 3720 4671 ἐκείνοις
3755 4610 3868 4663 ἀπο-

2294 4692 2472 4744 λαύσω
2519 4691 2774 4764 βραϐείων
2809 4709 2821 4757 ;
2866 4697 3068 4755 Ταύτας
3098 4692 3184 4747 οὖν
3230 4700 3320 4759 τὰς
3367 4701 3534 4770 φωνὰς
3575 4696 3666 4751 διὰ
3694 4708 3783 4752 τῶν
3806 4702 3871 4761 εἰς

2295 4784 2468 4852 τάχας
2518 4781 2828 4854 γραψάντων
2879 4783 2948 4843 εἰς
2995 4786 3088 4845 τὰς
3158 4784 3317 4836 αὐτοῦ
3385 4807 3470 4854 τον
3533 4789 3681 4860 ἅγιον
3729 4788 3870 4852 ἀκοὰς

2296 4870 2623 4940 ἀποθέμενον,
2685 4872 2994 4943 προσέταξεν
3061 4876 3246 4935 ἐκεῖνος
3324 4877 3348 4925 ό
3417 4876 3617 4936 ἀλαζών
3679 4897 3728 4930 τε
3790 4886 3869 4931 καὶ

2297 4958 2439 5019 ἆθεος
2497 4957 2711 5030 δέσμιον
2794 4961 3108 5031 εἰσαχθέντα
3186 4982 3290 5034 παρ
3359 4965 3499 5034 αύτῷ
3579 4973 3867 5019 κατενώπιον

2294 5049 2494 5098 πάντων
2572 5047 2893 5119 ἐρωτηθῆναι
2955 5054 3041 5100 καὶ
3114 5060 3291 5122 σαφῶς
3371 5051 3600 5117 ἐξειπεῖν,
3677 5059 3866 5129 πότερον

2295 5144 2404 5196 τοῖς
2458 5135 2717 5208 βασιλέως
2760 5138 3132 5209 θεσπίσμασιν,
3184 5143 3214 5196 ἤ
3267 5149 3337 5211 τῷ
3383 5149 3495 5212 Θεῷ
3554 5150 3710 5195 αὐτοῦ
3755 5143 3869 5216 βού-

2294 5311 2400 5365 654
2418 5312 2687 5392 meminit
2703 5313 2856 5392 idem
2874 5315 3121 5392 Sanctus
3137 5317 3335 5392 uxoris
3349 5318 3689 5392 acfiliorum
3713 5337 3863 5392 ;quo-

2297 5398 2428 5466 rum
2468 5381 2614 5466 forte
2647 5400 2799 5466 unus
2826 5385 2998 5439 fuerit
3025 5388 3346 5466 Eutychius
3375 5386 3485 5453 ille,
3525 5390 3600 5444 de
3643 5381 3866 5462 quo-hic

2295 5453 2360 5534 fit
2387 5454 2631 5534 mentio.
2675 5457 3060 5534 Synonymus
3090 5453 3150 5534 in
3182 5474 3419 5534 crucem
3451 5467 3618 5534 actus
3649 5453 3865 5522 notatur

2294 5523 2356 5579 in
2383 5523 2620 5580 Menaeis
2649 5523 2898 5596 magnis
2912 5527 3142 5584 excusis
3171 5529 3265 5586 die
3289 5533 3322 5586 2
3363 5532 3738 5603 Septembris.
