4142 6278
311 227 419 284 601

1681 229 1849 285 VITA
1891 229 1952 289 S.
1995 231 2323 293 ΔΝΒΗΕᾸΞ.

3562 243 3669 300 602

312 354 462 408 λοιτο
515 355 844 427 πειθαρχεῖν.
884 359 989 406 Τοῦ
1030 348 1089 406 δὲ
1128 353 1198 413 είς
1238 358 1517 430 πρόσωπον
1562 354 1843 430 ἀνθρώπων
1873 375 1913 410 τι

2039 359 2173 425 Doe,
2206 376 2410 433 parere
2448 366 2639 427 vellet.
2681 369 2779 427 llle
2822 375 3022 428 autem
3061 368 3458 441 praesentibus
3482 368 3675 425 homi-

309 450 407 497 καὶ
446 442 677 515 ἀγγέλων
725 448 815 495 καὶ
860 444 1037 504 πάσης
1082 451 1175 505 τῆς
1227 449 1449 506 κτίσεως
1485 453 1683 517 τρανῶς
1732 465 1786 498 τε
1836 439 1925 497 καὶ

314 534 592 607 εὐθαρσῶς
651 532 1073 603 ὁμολογήσαντος
1131 536 1217 585 τὸν
1270 539 1498 606 Χριστόν
1531 552 1542 564 ⁸
1578 535 1789 586 κόλασιν
1840 533 1923 587 ἐπ-

313 628 503 681 ενόησε
542 623 655 674 κατ’
704 622 864 674 αὐτοῦ
914 623 1145 694 πονηρὰν
1193 623 1218 673 ό
1276 621 1640 692 σοϐαρωτατος
1700 626 1922 695 ὂγεμὼν,

312 715 814 783 κατειρωνευόμενος
869 706 1026 768 δῆθεν
1080 709 1240 763 αὐτοῦ
1292 716 1381 764 καὶ
1433 712 1597 782 λέγων
1650 730 1663 743 ’
1710 710 1921 772 Ἐπειδὴ

313 800 482 853 πολλὰ
540 805 779 871 φαίνεται
834 797 1004 851 λαϐὼν
1076 796 1325 872 Ἀνδρέας
1381 799 1429 852 ἐν
1506 810 1611 862 τοῖς
1658 801 1919 873 πολέμοις,

312 893 407 941 καὶ
457 892 600 949 νίκας
657 887 751 939 ούκ
805 886 981 958 ὀλίγας
1037 884 1446 959 ἀναδησάμενος,
1500 888 1718 952 ἀνέσεως
1766 890 1921 943 αὐτὸν

313 979 407 1029 καὶ
464 976 806 1038 ἀναπαύσεως
879 975 1105 1051 ἑφευρεῖν
1160 975 1613 1050 ἐμηχανησάμεθα
1657 984 1747 1032 καὶ
1804 984 1922 1054 τρό-

317 1085 437 1121 πον.

407 1152 505 1235 ς’.
578 1157 677 1205 Καὶ
738 1150 805 1211 δή
861 1154 1149 1227 προσέταξε
1200 1154 1377 1213 κλίνην
1428 1158 1921 1216 κατασκευασθῆναι

311 1241 548 1312 χαλκῆν,
599 1247 687 1294 καὶ
736 1245 930 1303 ταύτης
994 1248 1240 1313 γενναίως
1298 1243 1707 1318 ἐκπυρωθείσης,
1769 1246 1921 1320 ὕπερ-

318 1332 401 1383 θεν
454 1329 767 1388 ἀποτεθῆναι
812 1335 896 1383 τόν
944 1331 1093 1402 ἅγιον
1150 1331 1434 1390 ἐκελευσεν.
1489 1333 1547 1385 Ὀ
1597 1331 1654 1386 δε
1700 1333 1813 1385 λίαν
1845 1334 1922 1386 εύ-

316 1420 494 1489 θύμως
570 1416 970 1481 ἕπεισπηδήσας
1047 1429 1106 1493 τῇ
1188 1421 1332 1495 κλίνη
1412 1424 1585 1495 ὤσπερ
1648 1422 1732 1475 ἐπί
1788 1442 1924 1483 τινος

314 1515 592 1581 στρωμνῆς
648 1507 848 1570 ἁπαλῆς
908 1508 1088 1561 ἑαντόν
1147 1506 1481 1572 διανέπαυσε,
1540 1515 1631 1563 καὶ
1676 1514 1918 1583 παραυτά

308 1598 401 1667 μὲν
436 1593 645 1669 σφόδρα
689 1599 880 1670 ᾔσθετο
916 1606 1010 1659 τῆς
1051 1598 1332 1666 κολάσεως,
1376 1602 1568 1661 παντὸς
1609 1598 1748 1670 αύτῷ
1777 1619 1922 1674 περι-

311 1684 623 1757 φλεγομένου
680 1691 770 1738 καὶ
820 1685 1301 1761 περιϐρασσομὲνου
1358 1695 1450 1739 τοῦ
1510 1693 1771 1760 σώματος.

313 1791 492 1847 στερον
521 1770 580 1826 δε
609 1775 883 1849 ῥᾳστώνης
923 1774 1177 1847 ἐτύγχανε
1215 1782 1304 1829 καὶ
1359 1774 1641 1849 ἀναψυχῆς
1674 1785 1735 1850 τῇ
1788 1779 1922 1849 ἄγαν

318 1863 601 1937 θερμότητι
652 1871 747 1925 τῆς
803 1864 966 1916 αὐτοῦ
1013 1869 1235 1926 πίστεως
1280 1873 1373 1919 τοῦ
1421 1870 1582 1941 πυρὸς
1626 1863 1921 1920 ύπενδεδω-

314 1957 487 2014 κότος.
540 1952 778 2024 ’Λγαγὼν
821 1949 879 2005 δε
932 1954 1279 2028 όπαράνομος
1324 1952 1584 2016 δικαστὴς
1637 1960 1727 2008 καί
1781 1976 1921 2017 τινας

315 2048 417 2092 τῶν
478 2044 571 2093 σὺν
628 2042 768 2113 αύτῷ
834 2046 968 2095 κατά
1041 2047 1127 2096 τόν
1200 2044 1419 2117 πόλεμον
1498 2044 1918 2120 ἀριστευσάντων

317 2138 668 2201 στρατιωτῶν,
712 2134 800 2191 τὰς
850 2139 1040 2205 χεῖρας
1093 2132 1261 2185 αὐτῶν
1318 2132 1403 2186 ἐπὶ
1458 2134 1611 2197 ξύλου
1663 2141 1919 2207 τετραγὼο

312 2236 410 2267 νων
476 2217 887 2289 προσηλωθῆναι
954 2220 1157 2283 τελείως
1224 2217 1430 2285 διέταξε
1512 2219 1753 2294 μειδιῶν,
1829 2228 1918 2276 καὶ

309 2306 692 2375 πυνθανόμενος
744 2307 788 2359 εἰ
831 2312 962 2379 πρὸς
1014 2305 1207 2367 ἡδονήν
1256 2313 1449 2381 ἔχουσι
1500 2319 1671 2377 τοῦτο,
1723 2314 1795 2374 ὡς
1823 2313 1920 2364 αύ-

320 2398 442 2446 τίκα
488 2394 627 2466 μάλα
681 2398 963 2467 προθύμως
1004 2395 1227 2459 ἐκείνους
1276 2400 1577 2463 συνθέσθαι,
1626 2405 1762 2452 καί·
1800 2403 1917 2454 Εἴθε

324 2485 447 2556 γὰρ,
484 2484 603 2548 εἴθε,
654 2489 832 2555 φησὶν,
879 2492 1115 2560 Χριστοῦ
1159 2489 1433 2558 γενοίμεθα
1460 2493 1689 2558 μιμηταὶ
1720 2495 1807 2540 τοῦ
1841 2485 1875 2540 δ
1881 2473 1914 2540 ι’

320 2572 458 2643 ἡμᾶς
500 2571 584 2625 ἰπὶ
626 2579 697 2642 τῷ
745 2580 836 2625 τοῦ
870 2582 1098 2645 σταυροῦ
1131 2574 1263 2646 ξύλῳ
1294 2575 1740 2648 προσηλωθέντος.
1774 2576 1911 2628 Ἀλλ’

324 2659 547 2714 ἐντεῦθεν
614 2661 763 2713 πάλιν
825 2660 909 2715 ἐπὶ
985 2666 1070 2715 τὸν
1126 2666 1362 2737 θεοφορον
1424 2666 1449 2717 ὁ
1501 2668 1742 2737 τύραννος
1798 2672 1913 2728 ταῖς

316 2750 697 2821 ἑπερωτήσεσιν
751 2747 1129 2823 ἔπαναδραμὼν
1161 2750 1397 2825 ἐπειρᾶτο
1442 2750 1908 2820 διαπυνθάνεσθαι,

310 2837 354 2889 εἰ
409 2839 649 2897 τοιαύτης
692 2842 874 2908 πείρας
926 2840 1373 2911 προσενεχθείσης
1426 2840 1566 2909 αύτῷ
1617 2842 1912 2911 μεταμελεῖ-

2034 447 2231 516 nibus,
2277 454 2522 523 angelis,
2557 461 2613 512 et
2638 462 2758 515 tota
2789 457 3097 531 spectabili
3128 465 3184 514 et
3213 462 3412 515 creata
3436 462 3668 522 natura,

2033 535 2557 614 distincte,,aperte
2573 551 2622 600 et
2644 548 3011 604 conﬁdenter
3037 547 3334 603 Christum
3360 545 3672 603 confessus

2032 630 2138 681 est.
2195 631 2394 701 Itaque
2447 634 2913 705 superbissimus
2950 652 3170 709 praeses
3210 634 3671 691 acerbissimum

2033 714 2383 786 supplicium
2411 722 2702 779 adversus
2733 724 2899 779 illum
2953 724 3350 794 excogitabat,
3399 729 3454 778 et
3480 722 3672 778 ironia

2030 804 2296 874 quadam
2325 811 2497 864 utens
2523 826 2535 864 :
2560 812 2875 879 Quoniam,
2916 813 3126 885 inquit,
3170 811 3425 867 multum
3454 810 3672 866 laboris

2030 892 2298 949 Andreas
2336 895 2395 951 in
2457 897 2628 954 bellis
2669 916 2988 973 perpessus
3022 905 3116 956 est
3159 904 3213 956 et
3267 900 3524 956 victoriis
3548 913 3671 955 non

2028 982 2234 1053 paucis
2262 992 2581 1042 coronatus
2605 988 2731 1055 fuit,
2763 990 3134 1047 remissionis
3161 994 3219 1046 et
3241 989 3463 1062 requiei
3511 987 3671 1044 viam

2030 1084 2100 1125 ac
2131 1071 2418 1129 rationem
2446 1074 2561 1145 ipsi
2585 1079 3074 1149 excogitavimus.

2101 1159 2182 1213 Vl.
2246 1162 2422 1218 Jussit
2455 1163 2635 1234 igitur
2690 1182 2913 1222 aereum
2941 1167 3161 1223 lectum
3208 1166 3490 1237 componi
3524 1179 3537 1218 :
3566 1164 3670 1236 qui

2031 1264 2159 1303 cum
2174 1248 2345 1304 valde
2356 1266 2640 1307 accensus
2654 1253 3161 1322 fuisset,sanctum
3176 1255 3365 1309 virum
3388 1254 3671 1308 Andream

2032 1351 2215 1408 supra
2244 1338 2411 1394 illum
2444 1342 2584 1411 poni
2608 1342 2807 1412 jussit.
2840 1343 3024 1399 Atille
3081 1343 3355 1415 presenti
3408 1346 3464 1396 et
3491 1339 3671 1397 alacri

2031 1425 2232 1481 animo
2258 1426 2317 1482 in
2347 1427 2565 1484 lectum
2597 1429 2783 1495 illum,
2813 1436 3101 1503 tanquam
3140 1432 3201 1487 in
3223 1430 3397 1487 molle
3428 1428 3671 1501 aliquod

2032 1519 2282 1569 stratum
2347 1515 2606 1583 insilivit,
2670 1520 2811 1575 etin
2867 1519 2965 1575 illo
2994 1518 3294 1586 decubuit,
3355 1518 3673 1588 statimque

2034 1602 2438 1659 vehementem
2465 1606 2792 1662 cruciatum
2848 1608 3054 1673 sensit,
3113 1623 3250 1664 cum
3300 1612 3488 1662 totum
3543 1605 3671 1674 ejus

1834 1688 1921 1740 Ὗ·
1960 1700 2001 1754 Β
2033 1706 2250 1761 corpus
2272 1694 2738 1761 combureretur,
2759 1702 2812 1751 et
2845 1697 3112 1768 undique
3136 1697 3291 1765 ignis
3318 1695 3531 1751 ardore
3554 1694 3672 1748 fer-

2034 1785 2311 1836 vesceret.
2346 1783 2475 1837 Mox
2497 1798 2636 1838 vero
2660 1790 2903 1855 propter
2933 1785 3218 1841 eximium
3239 1783 3374 1840 ﬁdei
3410 1798 3532 1839 sure
3560 1782 3674 1837 fer-

2031 1884 2244 1933 vorem,
2266 1870 2533 1941 requiem
2574 1879 2629 1926 et
2655 1874 3074 1929 recreationem
3097 1873 3326 1937 habuit,
3359 1887 3497 1927 cum
3516 1869 3671 1938 ignis

2028 1956 2157 2029 ipse
2188 1957 2476 2013 relaxatus
2493 1964 2670 2015 esset.
2699 1961 2869 2016 Duxit
2890 1960 3067 2017 etiam
3085 1960 3348 2015 nefarius
3375 1958 3467 2014 ille
3483 1957 3671 2029 judex

2026 2046 2325 2119 quosdam
2359 2065 2428 2103 ex
2460 2064 2666 2105 eorum
2692 2050 2943 2105 militum
2972 2065 3239 2115 numero,
3263 2047 3364 2119 qui
3397 2063 3515 2103 una
3530 2061 3670 2102 cum

2026 2136 2156 2206 ipso
2183 2140 2418 2192 strenue
2449 2137 2507 2193 in
2536 2137 2694 2192 bello
2717 2154 2778 2193 se
2804 2142 3126 2207 gesserant,
3151 2142 3210 2192 et
3232 2152 3367 2191 vere
3392 2137 3452 2191 in
3485 2138 3667 2191 Deum

2025 2224 2819 2297 crediderant.ipsorumque
2850 2242 3063 2282 manus
3102 2226 3158 2281 in
3191 2223 3668 2296 lignis,quadra-

2026 2318 2145 2369 tam
2178 2312 2432 2382 ﬁguram
2452 2313 2835 2381 habentibus,
2868 2314 3062 2383 sufﬁgi
3122 2314 3317 2384 jussit,
3349 2312 3670 2384 ridensque

2024 2401 2102 2457 ab
2127 2403 2209 2457 eis
2237 2403 2527 2473 quaesivit,
2557 2418 2701 2459 num
2735 2418 2805 2458 ea
2849 2418 2942 2459 res
2990 2408 3147 2458 esset
3187 2402 3301 2456 illis
3355 2400 3664 2471 voluptati.

2024 2492 2281 2560 Repente
2336 2491 2413 2546 illi
2472 2493 2675 2547 animo
2696 2491 2869 2547 valde
2926 2494 3200 2563 prompto
3244 2490 3357 2545 sibi
3383 2504 3515 2544 eam
3538 2503 3664 2543 rem

2014 2577 2516 2646 jucundissimam
2566 2595 2696 2634 esse
2724 2579 3116 2642 aﬂirmarunt,
3171 2578 3297 2634 haec
3336 2576 3662 2632 addentes:

2024 2667 2263 2724 Utinam
2294 2666 2499 2721 Christi
2536 2667 2722 2723 simus
2751 2668 3096 2733 imitatores,
3136 2666 3238 2739 qui
3271 2670 3502 2737 propter
3555 2680 3665 2721 nos

2020 2755 2077 2809 in
2119 2754 2272 2826 ligno
2293 2755 2484 2810 crucis
2510 2754 2761 2810 sufﬁxus
2795 2755 2904 2811 fuit
2933 2774 2944 2827 ί
2976 2756 3263 2827 Deinceps
3302 2753 3372 2809 ad
3394 2753 3661 2808 divinum

2021 2843 2312 2897 Andream
2330 2851 2615 2914 tyrannus
2640 2844 3135 2914 interrogationes
3156 2859 3298 2899 suas
3314 2847 3664 2898 convertens

310 2945 399 2978 ται
448 2933 549 2977 τῶν
604 2921 950 2996 δεδογμένων,
995 2931 1086 2977 καὶ
1136 2934 1230 2987 τῆς
1280 2934 1609 3000 Χριστιανῶν
1640 2930 1908 2998 μετατίθε-

2026 2929 2342 2998 periculum
2374 2930 2641 2995 faciebat,
2664 2947 2808 2987 num
2867 2931 3042 2987 talem
3095 2932 3425 2987 cruciatum
3456 2944 3666 3000 exper-

310 3032 400 3065 ται
451 3018 690 3073 πίστεως.
745 3020 850 3066 Τοῦ
908 3010 966 3065 δε
1020 3013 1289 3088 εἰρηκότος
1349 3020 1435 3066 τόν
1488 3022 1586 3067 τῶν
1644 3014 1717 3077 εἰς
1773 3015 1911 3078 τέλος

316 3103 665 3173 ὑπομενόντων
717 3101 979 3174 ἀναμένειν
1032 3121 1087 3155 τε
1134 3108 1225 3155 καὶ
1281 3098 1677 3174 ἀπεκδέχεσθαι
1729 3108 1909 3176 στέφαο

310 3209 414 3256 νον,
478 3195 567 3242 καὶ
622 3187 887 3261 μηδέποτε
961 3199 1059 3242 τῶν
1142 3190 1312 3251 καλῶς
1374 3191 1514 3261 αὐτῷ
1560 3196 1911 3266 κεκριμμένων

309 3277 681 3343 ἐπιστήσεσθαι,
750 3278 1062 3352 προσέταξεν
1127 3287 1309 3332 τοῦτον
1389 3286 1589 3353 φρουρᾷ
1640 3299 1907 3353 κατασφαο

306 3366 571 3431 λισθῆναι,
632 3371 690 3420 τὸ
764 3370 855 3440 μὲν
937 3365 1108 3421 δοκεῖν
1182 3370 1317 3429 ὅπως
1376 3373 1557 3444 καιρόν
1617 3371 1643 3422 ό
1709 3372 1906 3441 μάρτυς

311 3452 635 3527 διασκέψεως
677 3460 809 3530 πρὸς
859 3459 917 3508 τό
970 3453 1127 3516 δῆθεν
1175 3457 1697 3529 μεταϐουλεύσασθαι
1734 3458 1903 3525 λάϐοι,

309 3545 447 3617 αὐτῷ
502 3542 561 3598 δὲ
606 3554 677 3616 τῷ
725 3548 1000 3620 πράγματι
1040 3551 1130 3599 καὶ
1184 3554 1245 3619 τῇ
1303 3546 1519 3619 ἀληθείᾳ
1562 3549 1644 3600 ἶνα
1694 3556 1784 3608 τῆς
1813 3555 1904 3600 τοῦ

308 3642 620 3710 κρατοῦντος
702 3640 867 3696 συνεὶς
945 3636 971 3687 ό
1055 3635 1323 3707 Ἀντίοχος
1405 3640 1620 3707 γένηται
1673 3643 1901 3708 γνώμης.

2024 3020 2138 3081 tus,
2179 3021 2535 3073 sententiam
2591 3018 3505 3093 mutasset,eta_Christianorum
3545 3014 3663 3071 ﬁde

2021 3105 2289 3160 animum
2343 3106 2668 3161 avertisset.
2710 3108 2823 3163 Sed
2871 3123 3006 3163 cum
3036 3107 3086 3162 is
3138 3106 3568 3178 respondisset,
3599 3118 3661 3159 se

2018 3207 2303 3248 coronam
2341 3193 2506 3248 illam
2530 3210 2736 3265 quam,
2792 3195 2895 3266 qui
2916 3195 2992 3250 ad
3017 3196 3197 3250 ﬁnem
3231 3209 3418 3265 usque
3439 3192 3663 3265 patien-

2016 3283 2160 3337 tiam
2206 3281 2478 3345 retinent,
2542 3281 2973 3351 adipiscuntur,
3034 3298 3070 3337 a
3128 3285 3245 3336 Deo
3301 3284 3659 3352 exspectare,

2015 3385 2210 3442 neque
2239 3384 2506 3441 unquam
2536 3369 2614 3424 ab
2635 3370 2704 3424 iis
2747 3385 2883 3442 quat
2908 3374 3057 3424 recte
3087 3373 3146 3424 et
3176 3368 3419 3424 ﬁrmiter
3447 3372 3663 3423 statuta

2016 3464 2173 3528 sunt,
2208 3473 2271 3513 se
2326 3457 2729 3527 decessurum,
2757 3458 2935 3529 jussit
2976 3463 3263 3530 tyrannus
3300 3455 3593 3511 Andream
3630 3471 3662 3513 θ

2012 3548 2164 3603 lecto
2194 3546 2292 3603 illo
2323 3545 2629 3612 eductum,
2655 3548 2714 3602 in
2754 3561 2984 3603 carcere
3013 3546 3326 3615 diligenter
3352 3544 3660 3610 custodiri,

2013 3634 2197 3691 verbo
2227 3634 2489 3707 quidem,
2512 3635 2676 3707 quod
2700 3635 2943 3706 martyri
2969 3641 3203 3707 tempus
3224 3635 3367 3689 dare
3388 3632 3577 3702 vellet,
3601 3638 3665 3689 ut

308 3739 432 3778 rem
465 3739 637 3778 suam
689 3724 901 3777 melius
945 3724 1368 3791 consideraret,
1421 3729 1481 3780 et
1511 3727 1860 3781 sententiam
1904 3730 2132 3781 mutare
2164 3730 2365 3795 posset
2410 3738 2521 3778 :re
2546 3731 2745 3779 autem
2776 3740 2917 3779 vera
2959 3724 3075 3779 hoc
3128 3722 3398 3787 faciebat,
3443 3726 3506 3777 ut
3533 3722 3662 3792 ipse

310 3812 533 3868 interea
558 3812 707 3867 scire
738 3817 964 3883 posset,
1006 3827 1289 3884 quaenam
1329 3819 1487 3870 esset
1528 3829 1708 3886 super
1731 3814 1983 3880 Andrea,
2017 3813 2364 3885 casterisque
2409 3812 2699 3868 militibus
2727 3811 3096 3881 Christianis,
3123 3811 3498 3884 imperatoris
3527 3826 3664 3868 sen-

311 3900 511 3957 tentia.

378 3989 454 4045 Z'.
499 3993 697 4042 Αύτίκα
741 3996 866 4061 γοῦν
915 3994 1139 4062 μήνυσις
1193 3990 1316 4067 παρ’
1369 3990 1528 4043 αὐτοῦ
1571 3994 1703 4064 πρὸς
1738 3992 1903 4055 Μαξι·

312 4083 491 4153 μιανὸν
540 4078 913 4133 ἀποστέλλεται
952 4079 1008 4142 ὃς
1046 4076 1226 4138 ἐπειδὴ
1268 4082 1335 4132 τὰ
1379 4082 1511 4133 κατά
1547 4084 1635 4132 τὸν
1666 4083 1903 4154 θεοφόρον

314 4165 558 4240 Ἀνδρέαν
613 4173 704 4221 καὶ
760 4172 875 4230 τοὺς
922 4167 1056 4241 ἀμφὶ
1110 4168 1264 4221 αὐτὸν
1325 4166 1419 4222 διὰ
1475 4177 1574 4221 τῶν
1632 4169 1907 4241 εἰρημένων

309 4260 439 4328 ἔγνω
491 4259 831 4331 γραμμάτων,

312 4351 609 4418 γογγυσμόν
682 4364 737 4398 τε
809 4349 898 4396 καὶ
967 4347 1224 4417 τάραχον,
1281 4344 1326 4395 εἰ
1374 4350 1606 4395 τοιοῦτον
1655 4349 1905 4414 περιφανῆ

917 4262 1079 4329 κρίνει
1154 4257 1214 4308 ού
1290 4261 1474 4330 μικρὸν
1549 4260 1710 4307 οἴσειν
1768 4255 1909 4324 αύτῷ

2082 3992 2197 4047 Vll.
2239 3990 2446 4048 Statim
2466 3990 2643 4061 igitur
2672 3989 2747 4046 ad
2785 3990 3205 4047 Maximianum
3232 3988 3451 4046 litieras
3478 3988 3660 4052 misit,

2014 4086 2071 4135 et
2092 4096 2214 4134 rem
2242 4078 2406 4134 illam
2457 4077 2827 4147 signiﬁcavit.
2875 4078 3264 4134 Maximianus
3285 4094 3420 4132 cum
3447 4077 3522 4133 de
3552 4083 3663 4133 An-

2016 4167 2161 4221 drea
2207 4171 2262 4220 et
2312 4167 2383 4219 iis
2413 4165 2509 4235 qui
2557 4182 2695 4219 cum
2748 4165 2848 4220 illo
2875 4171 3061 4229 erant,
3116 4166 3327 4219 certior
3364 4163 3552 4220 factus
3576 4170 3664 4221 est

2019 4268 2123 4325 per
2147 4268 2250 4308 eas
2276 4252 2692 4322 litteras,quas
2744 4268 2926 4322 supra
2988 4251 3270 4319 diximus,
3320 4253 3661 4307 existimans

2022 4356 2142 4395 non
2177 4356 2388 4411 parum
2408 4338 2871 4411 perturbationis
2895 4344 2954 4395 et
2978 4340 3267 4394 tumultus
3285 4339 3360 4394 ad
3375 4356 3512 4395 eum
3532 4356 3665 4411 per-

317 4437 610 4507 στρατηγὸν
674 4438 765 4485 καὶ
838 4435 1120 4492 τοσούτους
1196 4430 1305 4501 μετ’
1379 4431 1539 4482 αὐτοῦ
1592 4436 1682 4482 καὶ
1743 4431 1911 4490 οὔπως

2026 4436 2353 4493 venturum,
2377 4428 2425 4483 si
2464 4433 2583 4483 tam
2611 4427 2909 4498 insignem
2931 4428 3219 4483 etclarum
3258 4428 3473 4483 ducem
3503 4444 3665 4483 exer-

320 4520 562 4595 ἀρίστους
592 4520 802 4581 ὁπλίτας
848 4528 910 4592 τῇ
947 4516 1040 4572 διὰ
1087 4519 1265 4591 ξίφους
1305 4514 1440 4590 έκδῷ
1482 4522 1726 4593 τιμωρίᾳ,
1772 4517 1908 4572 ἀντι-

315 4610 498 4682 γράφει
525 4614 651 4683 πρὸς
692 4612 971 4681 Ἀντίοχον
1022 4609 1158 4661 ὥστε
1203 4608 1358 4661 αὐτὸν
1397 4614 1528 4681 μετα
1569 4627 1703 4669 τινος
1750 4607 1911 4661 ἐπιτε-

316 4702 554 4771 χνήσεώς
600 4717 653 4751 τε
703 4702 794 4751 καὶ
845 4701 1167 4771 πανουργίας
1242 4701 1299 4749 τό
1353 4700 1606 4769 πρακτέον
1662 4699 1797 4749 κατά
1856 4699 1908 4750 τὸ

314 4785 523 4848 λεληθὸς
572 4785 839 4851 έξανύσαι,
872 4790 1061 4859 καὶμὴ
1120 4783 1303 4838 δοῦναι
1353 4782 1448 4839 διὰ
1500 4788 1686 4838 τούτου
1727 4789 1907 4857 καιρὸν

315 4882 657 4949 νεωτερισμοῦ
713 4893 768 4927 τε
822 4880 913 4927 καὶ
970 4873 1178 4937 ἀταξίας
1248 4883 1318 4946 τῷ
1374 4874 1473 4946 ὅλῳ
1533 4877 1902 4949 στρατεύματι.

315 4970 491 5017 Ταῦτα
548 4960 607 5016 δε
652 4959 916 5026 διεξῆλθεν
969 4959 1122 5024 εἰδὼς
1177 4966 1247 5025 ὡς
1300 4966 1344 5016 εἶ
1384 4983 1465 5026 τις
1507 4963 1667 5024 ἐνίους
1713 4962 1767 5015 ἐκ
1815 4970 1905 5016 τοῦ

316 5051 547 5114 πλήθους
629 5050 1047 5127 παραλυπήσειεν
1112 5057 1182 5123 μή
1256 5055 1511 5126 προφανὲς
1569 5049 1751 5104 ὶδικον
1808 5052 1908 5125 εἰρ-

316 5144 620 5213 γασμένους,
676 5139 770 5192 κᾶν
814 5137 1000 5203 ἄδοξοί
1050 5158 1183 5202 τινες
1240 5137 1355 5205 εἶεν,
1395 5138 1490 5191 κᾶν
1539 5138 1903 5213 ἀναρίθμητοι,

318 5227 393 5281 ἐπ’
451 5228 637 5292 αύτούς
687 5231 718 5287 ἡ
769 5230 903 5304 ῥοπή
972 5232 1171 5300 γίνεται
1223 5236 1323 5281 τῶν
1377 5227 1638 5292 πλειόνων,
1690 5227 1910 5280 ἐνταῦθα

319 5324 489 5391 μέντοι
536 5323 626 5371 καὶ
678 5320 708 5377 ἡ
763 5325 855 5370 τοῦ
898 5322 1180 5393 προσώπου
1226 5315 1437 5379 ἀξίωσις
1489 5316 1702 5375 πλείστη
1744 5318 1908 5390 ύπῆρ-

320 5426 410 5478 χεν
460 5412 550 5460 καὶ
604 5409 1014 5480 μαρτυρούμενοι
1051 5406 1277 5477 κάματοι
1320 5410 1410 5457 καὶ
1449 5412 1549 5457 τῶν
1596 5405 1738 5476 αύτῷ
1785 5424 1911 5457 συν-

321 5501 473 5551 όντων
501 5501 559 5550 τὸ
598 5498 788 5557 πλῆθος
825 5496 884 5549 ού
926 5499 1153 5571 μέτριον.
1204 5497 1290 5549 Διὸ
1339 5491 1407 5553 δή
1453 5498 1541 5546 καὶ
1583 5493 1839 5567 ἐπήγαγεν
1883 5495 1910 5547 ὁ

2021 4519 2192 4588 citus,
2222 4521 2421 4590 totque
2443 4523 2498 4572 ct
2518 4520 2715 4573 tantos
2769 4516 2951 4583 viros,
2996 4517 3099 4589 qui
3146 4532 3281 4573 cum
3310 4517 3442 4587 ipso
3472 4522 3661 4583 erant,

2020 4606 2235 4663 milites
2253 4608 2513 4678 optimos
2536 4605 2735 4675 gladio
2763 4606 2986 4677 percuti
3007 4606 3256 4677 juberet,
3278 4606 3665 4677 rescripsitad

2020 4695 2399 4761 Antiochum,
2479 4700 2541 4750 ut
2631 4694 2880 4751 artiﬁcio
2961 4694 3157 4765 aliquo
3248 4698 3352 4750 aut
3408 4694 3665 4750 versutia

2018 4785 2147 4841 viro
2198 4784 2447 4840 latenter
2504 4783 2583 4839 ad
2635 4783 2697 4839 id
2747 4784 2910 4856 quod
2988 4782 3178 4846 vellet,
3231 4781 3662 4853 perﬁciendum

2019 4873 2495 4945 alliceret,neque
2520 4887 2713 4927 rerum
2756 4870 3192 4939 novandarum,
3235 4874 3337 4925 aut
3363 4869 3665 4925 seditionis

2019 4962 2395 5018 occasionem
2425 4961 2525 5017 toti
2579 4961 2857 5017 exercitui
2925 4960 3237 5031 praeberet.
3284 4960 3411 5014 Haec
3433 4958 3668 5030 scripsit

2018 5052 2362 5122 imperator,
2395 5048 2537 5106 illud
2558 5050 2967 5114 considerans,
3003 5048 3166 5120 quod
3198 5047 3268 5114 si,
3291 5062 3429 5103 cum
3453 5046 3666 5119 aliqui-

2020 5138 2135 5195 bus
2161 5138 2401 5195 obcuris
2449 5139 2801 5203 hominibus,
2854 5153 3112 5209 quorum
3157 5136 3403 5191 crimina
3428 5137 3544 5192 sint
3571 5136 3665 5191 in-

2018 5233 2449 5299 certa,poenam
2475 5225 2655 5297 judex
2680 5225 2893 5281 inferre
2912 5223 3136 5292 vult,ad
3149 5225 3385 5281 illorum
3415 5240 3663 5281 causam

2020 5315 2461 5372 defendendam
2495 5315 2758 5386 plerique
2780 5314 3058 5386 propensi
3086 5320 3245 5381 sunt,
3292 5330 3362 5369 eo
3391 5312 3581 5384 magis
3602 5313 3662 5371 in

2021 5405 2135 5464 hoc
2165 5406 2290 5461 viro
2311 5404 2370 5460 id
2387 5404 2572 5472 ﬁeret,
2600 5403 2705 5475 qui
2723 5407 2778 5459 et
2797 5401 3095 5473 dignitatis
3118 5403 3370 5474 gradum
3406 5402 3661 5471 tenebat,

2021 5500 2076 5552 et
2100 5510 2217 5550 non
2235 5492 2506 5561 vulgares
2519 5490 2767 5561 labores,
2790 5491 3113 5548 multorum
3127 5493 3386 5550 virorum
3411 5492 3668 5547 testimo-
