4142 6278
499 260 606 321 603

1830 252 2086 310 MENSIS
2130 249 2519 307 AUGUSTUS.

3761 245 3893 299 604

501 387 616 444 niis
634 386 1082 460 comprobatos,
1096 383 1439 457 pertulerat,
1456 400 1526 441 ac
1541 381 1731 440 ordini
1754 368 2008 437 militum
2030 392 2153 434 non

2264 376 2585 448 Μαξιμιανός
2627 376 2678 427 ἐν
2706 382 2813 437 τοῖς
2848 378 2971 448 πρὸς
3001 377 3089 425 τόν
3120 373 3271 426 αὐτὸν
3304 373 3582 445 Ἀντίοχον
3611 374 3896 445 γράμμα-

502 475 942 533 contemnendo
955 474 1635 546 prmeratﬂuamobrem
1653 474 1709 526 in
1726 472 1848 525 suis
1865 470 1941 524 ad
1959 467 2153 523 Antio-

506 566 687 621 chum
705 564 912 620 litteris
927 562 1018 633 adj
1030 562 1223 617 unxit:
1246 562 1434 617 Placet
1448 561 1586 617 mihi
1598 560 1797 630 ,hujus
1812 557 1973 613 modi
1995 555 2154 610 viros

506 671 542 710 a
573 668 805 709 carcere
839 651 1093 715 liberari,
1126 650 1301 721 quasi
1327 654 1736 705 anteactarum
1763 662 1962 702 rerum
1987 644 2153 699 venia

505 742 574 797 iis
604 755 922 796 concessa:
948 739 1122 811 paulo
1154 744 1345 794 autem
1382 745 1605 810 postea,
1633 738 1749 792 nisi
1782 733 2150 806 resipuerint,

2266 485 2346 517 σιν
2375 486 2387 498 σ
2422 467 2501 517 ὅτι
2541 465 2697 528 Δόξαν
2746 469 2835 535 μὲν
2870 464 3055 524 αὐτοὺς
3099 471 3190 523 τῆς
3239 465 3450 535 εἱρκτῆς
3488 461 3731 513 ἀπολύειν
3782 466 3896 513 καὶ

2262 562 2360 604 τῶν
2412 551 2519 611 ἤδη
2578 558 2962 625 προγεγονότων
3018 558 3334 623 συγγνώμην
3387 551 3710 623 χαρίζεσθαι
3771 570 3785 581 ’
3824 548 3895 601 ἐν

2263 642 2582 716 παραϐύστῳ
2613 639 2672 694 δὲ
2700 642 2808 712 μετ’
2838 641 3029 713 ὀλίγον,
3058 645 3126 702 ὡς
3157 640 3229 712 ἐφ’
3270 640 3423 712 ἑτέρῳ
3452 640 3891 712 πλημμελήματι

2264 734 2474 791 τούτους
2503 731 2753 804 μετελθεῖν
2764 775 2774 786 .

508 838 796 902 tanquam
811 828 890 884 ob
904 828 978 883 ali
990 829 1068 883 ub
1084 828 1307 883 crimen
1324 826 1710 891 delatos,illos
1724 825 1882 897 ipsos
1903 820 2159 891 graviter
2197 821 2413 891 puniri.

581 918 721 972 Vlll.
777 917 1103 972 Antiochus
1159 916 1335 985 igitur
1362 932 1498 971 cum
1529 916 1638 971 has
1665 915 1884 969 litteras
1916 927 1951 966 a
1976 908 2152 967 Maxi-

510 1008 713 1064 miano
745 1007 1088 1078 accepisset,
1106 1006 1236 1061 fecit
1259 1006 1422 1077 quod
1449 1005 1773 1077 imperator
1794 1004 2073 1073 jusserat,
2098 1004 2154 1054 et

510 1098 806 1169 insignem
838 1096 938 1151 Dei
969 1111 1201 1151 servum
1229 1096 1549 1157 Andream,
1577 1098 1633 1149 et
1656 1107 1866 1149 omnes
1886 1090 1988 1163 qui
2014 1104 2151 1145 cum

508 1185 643 1257 ipso
665 1189 850 1247 erant,
893 1200 962 1240 ex
991 1183 1239 1238 vinculis
1269 1184 1488 1248 eduxit,
1532 1187 1589 1237 et
1624 1181 1810 1236 libero
1849 1195 1917 1234 ac
1944 1192 2152 1233 securo

509 1274 714 1329 animo
753 1274 933 1328 vitam
998 1272 1213 1341 degere
1265 1271 1550 1342 permisit.
1604 1272 1675 1324 At
1736 1272 1976 1323 sanctus
2049 1264 2147 1320 Dei

510 1361 782 1417 minister
809 1360 1076 1415 Andreas
1090 1358 1650 1430 ejusmodifallaciaa
1672 1358 1980 1411 inventum
2008 1352 2153 1408 divi-

510 1450 667 1505 nitus
689 1449 798 1505 sibi
827 1449 1190 1521 patefactum
1246 1448 1541 1517 cognovit,
1609 1452 1666 1502 et
1694 1461 1794 1501 eos
1851 1443 1951 1514 qui
2013 1457 2152 1497 cum

2334 917 2396 965 Η.
2454 910 2727 982 Ἀντίοχος
2786 907 2873 962 οὖν
2923 912 3009 969 τὰς
3049 912 3297 971 τοιαύτας
3328 908 3675 980 ἀντιγράφους
3707 904 3883 970 δεξά-

2261 1018 2410 1070 μενος
2461 1000 2787 1069 Μαξιμιανοῦ
2866 997 3123 1059 συλλαϐὰς
3183 997 3261 1050 ἐπ’
3320 1001 3466 1073 ἔργον
3515 1001 3705 1068 ἤγαγεν
3802 1001 3880 1049 τὰ

2260 1093 2704 1161 προστεταγμένα,
2754 1092 2843 1140 καὶ
2896 1091 2980 1139 τόν
3011 1090 3100 1160 μὲν
3151 1085 3353 1150 ἔνδοξον
3382 1094 3472 1139 τοῦ
3504 1094 3638 1139 Θεοῦ
3671 1083 3876 1139 δοῦλον

2261 1173 2507 1249 Ἀνδρέαν
2567 1181 2656 1228 καὶ
2712 1182 2831 1237 τοὺς
2887 1178 2997 1248 μετ’
3081 1177 3240 1228 αὐτοῦ
3309 1178 3505 1237 πάντας
3560 1176 3876 1246 ὑπεξήγαγε

2261 1272 2360 1317 τῶν
2409 1261 2781 1336 δεσμωτηρίων
2837 1270 2926 1317 καὶ
2998 1263 3162 1325 ἀδεῶς
3220 1262 3377 1323 δῆθεν
3431 1270 3520 1316 καὶ
3567 1264 3877 1335 ἀμερίμνως

2263 1350 2464 1423 διάγειν
2522 1356 2808 1426 ἐπέτρεπεν,
2854 1354 2913 1406 Ὀ
2964 1351 3023 1406 δε
3071 1354 3221 1425 ἅγιος
3277 1360 3368 1405 τοῦ
3427 1362 3559 1407 Θεοῦ
3623 1355 3873 1426 θεράπων

2262 1451 2356 1502 τῆς
2404 1445 2647 1503 τοιαύτης
2702 1443 2964 1505 ἐξαπάτης
3019 1448 3104 1495 τόν
3175 1448 3363 1515 τρόπον
3434 1442 3487 1493 ἐκ
3546 1444 3685 1503 θείας
3732 1440 3875 1492 ἁπο-

509 1538 643 1609 ipso
672 1539 1108 1605 laboraverant,
1141 1538 1389 1609 ejusque
1418 1533 1929 1592 admonitionibus
1963 1532 2039 1587 ad
2070 1530 2153 1585 di—

2264 1531 2530 1602 καλύψεως
2583 1531 2828 1602 ἐγνωκὼς,
2870 1532 3125 1605 παρέλαϐε
3173 1537 3289 1593 τούς
3333 1532 3473 1601 αὐτῷ
3536 1534 3875 1603 συγκάμνον-

511 1628 711 1682 vinam
726 1626 1123 1695 cognitionem
1139 1626 1403 1697 perducti
1423 1625 1885 1688 fuerant,secum
1896 1621 2152 1683 habens,

509 1715 567 1770 in
620 1715 881 1771 Ciliciam
910 1715 987 1769 ad
1025 1718 1274 1769 Tarsum
1310 1712 1712 1784 mettropolim
1743 1727 1805 1767 se
1844 1709 2096 1766 contulit
2137 1725 2150 1763 :

503 1804 629 1874 jam
645 1803 875 1859 dudum
890 1805 1046 1859 enim
1065 1803 1436 1873 propositum
1464 1802 1883 1871 habuerat,per
1896 1799 2151 1861 Petrum,

509 1893 605 1963 qui
638 1898 899 1964 tempore
962 1893 1061 1948 illo
1123 1891 1395 1960 religiose
1452 1897 1508 1945 et
1570 1894 1767 1945 sancte
1800 1886 2157 1959 praesidebat

504 1981 628 2051 jam
652 1981 817 2036 dictae
856 1980 1190 2051 metropoli,
1232 1985 1288 2035 et
1323 1979 1521 2033 multis
1544 1979 1778 2047 egregie
1810 1976 1981 2031 factis
2013 1990 2155 2046 prea-

510 2069 971 2141 stabat,Deoque
999 2070 1104 2139 ipsi
1119 2075 1319 2140 gratus
1342 2068 1567 2130 erat,ad
1587 2066 1909 2121 salutarem
1932 2064 2156 2135 baptis-

509 2174 674 2213 mum
704 2158 967 2229 perduci.
991 2160 1139 2213 Nam
1187 2158 1290 2212 etsi
1320 2156 1510 2212 fuerat
1543 2157 1616 2210 ab
1644 2155 1828 2219 initio,
1869 2160 1932 2209 ut
1972 2169 2155 2225 supra

508 2245 731 2302 dictum
760 2252 865 2311 est,
894 2245 1279 2300 ﬁdelissimus
1307 2245 1404 2299 Dei
1436 2244 1720 2306 minister,
1748 2248 1804 2297 et
1832 2243 1958 2313 ejus
1988 2242 2153 2296 donis

508 2334 1050 2399 refertus,nondum
1066 2340 1263 2389 tamen
1276 2333 1461 2388 divini
1477 2331 1840 2403 baptismatis
1854 2330 2152 2403 particeps

509 2423 700 2480 factus
743 2428 888 2477 erat.
949 2422 1272 2477 Antiochus
1321 2438 1458 2476 cum
1517 2420 1787 2484 Andreae,
1838 2426 1894 2475 et
1945 2435 2151 2475 eorum

508 2512 773 2583 quicum
805 2511 936 2581 ipso
968 2516 1155 2577 erant,
1180 2511 1608 2564 discessionem
1643 2508 1719 2580 (6)
1754 2510 2151 2578 cognovisset,

510 2599 704 2655 furore
734 2615 1039 2664 accensus,
1096 2598 1466 2653 consiliarios
1508 2613 1672 2662 suos,
1706 2602 1788 2663 et,
1818 2596 2038 2668 quibus
2073 2596 2155 2649 uti

509 2693 914 2757 consueverat,
943 2686 1267 2752 accersivit,
1324 2700 1575 2758 quaeque
1606 2684 1871 2741 Andreas
1915 2685 2146 2749 fecerat,

510 2791 648 2830 cum
677 2775 787 2831 illis
813 2775 1293 2846 communicavit,
1323 2781 1377 2829 et
1399 2774 1619 2829 litteras
1662 2773 1819 2829 misit
1845 2773 1919 2829 ad
1955 2772 2153 2829 Seleu-

2263 1640 2351 1680 τας
2400 1625 2489 1672 καὶ
2538 1616 2631 1672 διὰ
2680 1629 2774 1683 τῆς
2834 1620 2993 1673 αὐτοῦ
3046 1626 3396 1695 παραινέσεως
3442 1625 3535 1677 τὴν
3574 1622 3711 1672 θείαν
3772 1619 3873 1669 λα-

2264 1708 2443 1769 ϐόντας
2496 1709 2792 1780 ἐπίγνωσιν,
2848 1715 2936 1762 καὶ
2989 1714 3119 1762 κατὰ
3166 1714 3258 1768 τήν
3296 1715 3538 1783 Ταρσέων
3590 1716 3869 1779 μητρόπο-

2262 1797 2341 1849 λιν
2388 1807 2481 1858 τῆς
2537 1798 2773 1859 Κιλικίας
2822 1804 3022 1871 γέγονεν
3074 1798 3354 1871 ἐπαρχίας.
3405 1799 3501 1851 Ἦν
3550 1801 3649 1869 γὰρ
3681 1803 3773 1849 καὶ
3808 1796 3872 1848 ἐκ

2263 1886 2449 1939 πολλοῦ
2510 1891 2702 1939 σκοπόν
2781 1891 2916 1959 ἔχων
2982 1885 3074 1939 διὰ
3140 1893 3335 1960 Πέτρου
3407 1894 3495 1940 τοῦ
3569 1894 3873 1945 τηνικαῦτα

2265 1978 2419 2036 ὁσίως
2498 1984 2592 2038 τῆς
2676 1977 2946 2050 εἰρημένης
3010 1974 3412 2048 προεδρεύοντος
3473 1974 3865 2047 μητροπόλεως,

2264 2071 2352 2117 καὶ
2403 2065 2603 2125 πολλοῖς
2652 2073 2760 2127 τοῖς
2808 2069 2944 2118 κατὰ
2993 2070 3121 2119 Θεὸν
3163 2064 3548 2137 διαλάμποντος
3595 2067 3857 2136 κατορθώ-

2263 2174 2396 2228 μασι
2452 2163 2523 2206 τῶ
2581 2161 2824 2229 σωτηρίῳ
2901 2158 3278 2228 προσαχθῆναι
3346 2154 3706 2228 βαπτίσματι.
3772 2154 3869 2218 Ἐξ

2265 2242 2441 2316 ἀρχῆς
2477 2247 2566 2316 μὲν
2604 2247 2726 2318 γὰρ,
2774 2248 2842 2307 ὡς
2888 2250 3215 2319 προείρηται,
3264 2248 3446 2305 πιστὸς
3492 2246 3731 2317 ὑπῆρχεν
3772 2246 3864 2296 θε-

2262 2334 2439 2407 ράπων
2514 2340 2647 2385 Θεοῦ
2721 2339 2808 2384 καὶ
2866 2341 2964 2385 τῶν
3026 2333 3186 2385 αὐτοῦ
3246 2336 3598 2408 χαρισμάτων
3651 2333 3865 2390 πεπλη-

2263 2426 2507 2493 ρωμένος,
2559 2422 2700 2474 οὔπω
2755 2418 2813 2475 δὲ
2874 2422 3185 2495 μεταλαχών
3236 2430 3328 2475 τοῦ
3378 2425 3513 2475 θείου
3555 2420 3867 2495 βαπτίσμα-

2263 2528 2369 2575 τος,
2404 2510 2679 2581 Ἀντίοχος
2736 2508 2795 2562 δε
2852 2515 2946 2569 τήν
2996 2514 3242 2568 τοιαύτην
3292 2511 3451 2562 αὐτοῦ
3506 2530 3560 2563 τε
3616 2515 3706 2562 καὶ
3763 2519 3867 2562 τῶν

2268 2602 2361 2650 σὺν
2415 2599 2551 2669 αύτῷ
2606 2601 2782 2669 μαθὼν
2836 2598 3199 2674 ἀναχώρησιν,
3231 2605 3321 2653 καὶ
3371 2602 3541 2670 θυμοῦ
3586 2599 3863 2665 πλησθεὶς,

2265 2689 2383 2749 τοὺς
2415 2687 2600 2740 ἑαυτοῦ
2651 2687 2977 2759 συμϐούλους
3029 2709 3082 2741 τε
3126 2695 3214 2741 καὶ
3264 2692 3506 2750 συνήθεις
3552 2688 3863 2760 προσεκαλέ-

2269 2795 2396 2828 σατο
2479 2781 2565 2828 καὶ
2633 2779 2699 2829 τὰ
2767 2783 2884 2851 περὶ
2962 2781 3148 2831 τούτου
3222 2775 3397 2840 αὐτοῖς
3465 2780 3858 2849 κοινωσάμενος,

510 2880 668 2929 cum,
701 2865 802 2936 qui
824 2864 883 2919 in
909 2862 1116 2919 Cilicia;
1148 2863 1678 2930 administratione,
1710 2862 1875 2934 quod
1897 2862 1972 2917 ad
2003 2862 2150 2918 mili-

2264 2867 2485 2940 γράμμα
2520 2868 2650 2939 πρὸς
2693 2866 2928 2919 Σέλευκον
2970 2864 3298 2939 διεπέμψατο
3346 2871 3432 2919 τὸν
3480 2867 3643 2919 αὑτοῦ
3673 2871 3730 2919 τό
3761 2874 3859 2920 πᾶν

510 2956 630 3007 tare
696 2968 845 3023 opus
894 2953 1244 3025 pertinebat,
1312 2953 1441 3022 ejus
1464 2952 1712 3006 vicarius
1752 2957 1893 3006 erat.
1927 2952 2153 3007 Litterae

511 3046 712 3096 autem
760 3040 872 3096 illas
903 3042 983 3096 ita
1023 3057 1085 3095 se
1117 3041 1423 3096 habebant
1454 3058 1466 3095 :
1502 3043 1644 3095 Puto
1674 3044 1727 3095 te
1757 3040 2049 3095 audivisse
2079 3040 2153 3097 de

507 3127 762 3192 Andrea,
791 3128 894 3200 qui
923 3128 1063 3183 olim
1091 3128 1213 3183 dux
1247 3127 1351 3183 fuit
1379 3128 1437 3182 in
1465 3131 1721 3183 exercitu
1750 3128 2151 3184 maximorum

508 3216 1127 3288 imperatorum,quod
1144 3232 1302 3272 nunc
1324 3232 1445 3271 non
1457 3215 1651 3272 solum
1668 3217 1935 3289 seipsum
1950 3231 2149 3272 amen-

508 3305 602 3360 tiae
632 3304 1001 3369 tradidit,sed
1028 3304 1319 3376 plurimos
1350 3304 1527 3360 etiam
1562 3305 1835 3369 militum,
1869 3321 2023 3377 quos
2067 3320 2152 3359 se-

508 3408 649 3448 cum
678 3392 957 3458 habebat,
988 3392 1338 3459 concitatos,
1382 3394 1457 3449 ad
1477 3409 1610 3449 eam
1664 3395 2011 3449 sententiam
2040 3394 2155 3447 im-

507 3481 677 3552 pulit,
701 3486 763 3536 ut
784 3481 1083 3551 regalibus
1114 3487 1170 3537 et
1189 3481 1406 3537 divinis
1429 3481 1639 3537 edictis
1669 3481 2149 3538 adversarentur.

508 3569 804 3635 Quoniam
824 3586 961 3624 vero
978 3570 1367 3639 cognovimus
1390 3570 1544 3625 clam
1564 3571 1702 3625 hinc
1722 3572 1919 3641 ipsum
1939 3570 2151 3626 disces-

508 3657 671 3723 sisse,
702 3658 832 3713 etin
858 3658 1099 3715 Cilicum
1122 3659 1431 3730 provincia
1453 3674 1612 3714 nunc
1642 3659 1940 3726 exsistere,
1973 3660 2155 3732 aequi-

506 3746 612 3801 tati
641 3750 755 3801 tua;
813 3747 1246 3817 placeat,regia3
1275 3747 1566 3802 voluntati
1613 3747 2069 3819 obtemperanti,
2099 3753 2153 3805 et

507 3832 829 3899 Andream,
862 3839 919 3889 et
962 3848 1064 3888 eos
1093 3834 1195 3905 qui
1228 3849 1363 3888 cum
1396 3835 1529 3905 ipso
1560 3839 1714 3898 sunt,
1748 3837 2051 3908 persequi,
2086 3852 2154 3892 ac

508 3920 780 3977 detentos
810 3926 866 3976 et
897 3921 1127 3977 vinctos
1156 3922 1369 3976 nostris
1404 3922 1683 3977 manibus
1710 3923 1961 3979 tradere.
1981 3924 2154 3991 Quod

510 4008 559 4063 si
580 4009 869 4065 adversati
900 4008 1135 4073 fuerint,
1156 4015 1260 4065 aut
1284 4010 1488 4079 fugere
1512 4011 1639 4082 jam
1671 4012 1977 4082 coeperint,
2009 4012 2155 4067 mili-

513 4097 741 4153 taribus
769 4098 982 4168 gladiis
1015 4098 1263 4155 conﬁce.

580 4188 667 4241 1X.
702 4187 976 4243 Seleucus
1008 4202 1144 4242 cum
1167 4187 1465 4258 ejusmodi
1525 4188 1747 4245 litteras
1798 4190 2149 4262 accepisset,

512 4275 817 4348 expeditos
846 4283 902 4330 et
940 4275 1391 4347 probatissimos
1422 4277 1655 4343 milites,
1707 4293 1859 4351 quos
1901 4280 2156 4336 Romani

510 4363 844 4419 ordinarios
876 4364 952 4436 (Ἰ)
969 4364 1789 4438 appellant,quamplurimos
1821 4383 2024 4423 secum
2052 4368 2154 4424 ha-

508 4452 682 4517 bens,
715 4456 863 4522 (erat
893 4453 1051 4507 enim
1082 4458 1139 4507 et
1167 4454 1294 4524 ipse
1338 4458 1542 4509 contra
1594 4454 1804 4509 Christi
1834 4471 2036 4511 servos
2067 4457 2157 4511 ni-

513 4540 635 4594 mio
662 4539 860 4594 furore
879 4539 1178 4610 percitus),
1203 4541 1276 4594 ad
1298 4539 1676 4596 Tarsensium
1705 4541 1913 4598 urbem
1945 4559 2153 4616 prope-

510 4626 685 4695 ravit,
717 4642 854 4682 cum
876 4632 1213 4682 sanctorum
1229 4627 1543 4683 hominum
1570 4635 1869 4685 catervam
1884 4630 2001 4689 illic
2025 4648 2156 4690 esse

515 4715 845 4772 didicisset.
873 4715 1143 4772 Andreas
1173 4732 1311 4772 vero
1345 4723 1588 4773 sanctus
1616 4718 1724 4785 vir,
1750 4735 1887 4776 cum
1918 4720 1977 4775 id
2009 4738 2157 4794 prae-

583 4855 815 4929 (6)_‘Non
838 4855 1286 4929 satis_equidem
1308 4856 1917 4929 concipio,quomodo
1943 4861 2157 4917 disces-

509 4926 595 4998 sio
626 4925 724 4981 illa
754 4926 879 4980 fieri
906 4942 942 4980 a
967 4925 1185 4998 Sancto
1217 4925 1687 4998 potueritinvito
1721 4932 2027 4998 Antiocho,
2061 4934 2156 4989 cui

510 4997 753 5052 suberat
789 4996 1119 5052 secundum
1166 4996 1307 5053 Acta
1349 5001 1519 5053 Estne
1561 5000 1903 5059 huiusmodi
1934 4996 2152 5059 factum

508 5068 839 5137 disciplinae
866 5069 1099 5123 militari
1127 5084 1195 5123 ac
1220 5069 1453 5137 legibus
1484 5068 1757 5126 civilibus
1777 5089 2102 5131 consonum
2129 5075 2158 5129 ?

513 5139 830 5212 Utramque
844 5147 1000 5212 certe
1020 5147 1559 5212 trapsgressxouem
1581 5158 1817 5212 semper
1838 5146 2051 5202 obnixe
2064 5164 2159 5202 ca-

508 5208 1000 5264 vebant’Sancti.
1046 5210 1129 5263 Ad
1188 5211 1334 5273 haec,
1382 5228 1518 5267 cum
1583 5208 1831 5269 Sanctus
1888 5232 1958 5271 ac
2021 5218 2158 5273 socii

509 5278 639 5354 ejus
686 5277 979 5354 voluerint
1026 5280 1228 5349 fugere
1273 5284 1765 5354 persecutionem,
1826 5289 2157 5343 secundum

515 5352 665 5409 Acta,
710 5351 933 5428 nutrit},
973 5365 1078 5404 cur
1110 5351 1493 5428 manserunt“
1516 5355 1714 5421 simul,
1777 5371 1845 5410 ac
1900 5361 2159 5428 separati

508 5433 631 5473 non
658 5423 795 5496 sunt
831 5419 858 5471 ?
883 5420 1187 5496 separatio
1225 5430 1377 5496 certe
1439 5424 1539 5481 illa
1570 5442 1639 5481 ex
1672 5419 1885 5483 natura
1930 5419 2011 5484 rei
2038 5436 2161 5485 erat

510 5488 772 5545 maxime
802 5488 1161 5556 conducens,
1205 5494 1255 5549 si
1294 5510 1413 5551 non
1448 5498 1803 5563 necessaria,
1848 5504 1906 5553 ut
1927 5515 2159 5571 perscuw

2266 2953 2659 3029 ἀναπ)ηροῦντα
2711 2955 2758 3007 ἐν
2806 2963 2917 3015 ταῖς
2992 2956 3075 3008 ἐπὶ
3140 2964 3230 3016 τῆς
3281 2956 3512 3017 Κιλικίας
3576 2976 3855 3029 στρατηγι-

2263 3051 2376 3104 καῖς
2412 3040 2761 3111 διοικήσεσιν,
2792 3042 2897 3097 ὧδέ
2925 3064 3034 3107 πως
3078 3048 3203 3117 ἕχον
3243 3061 3256 3074 ·
3298 3046 3601 3103 Ἀκηκοέναι
3649 3066 3704 3099 σε
3748 3043 3851 3105 ήδη

2262 3132 2538 3203 νομίζομεν
2586 3135 2653 3184 τὰ
2698 3138 2814 3205 περὶ
2867 3130 3112 3206 Ἀνδρέου
3148 3140 3240 3185 τοῦ
3284 3138 3461 3206 πρώην
3510 3138 3598 3206 μεν
3630 3153 3849 3207 στρατη-

2261 3221 2417 3273 λάτου
2446 3230 2542 3272 τῶν
2576 3226 2835 3292 μεγίστων
2884 3222 3298 3298 αὐτοκρατόρων,
3331 3228 3441 3275 νυνὶ
3486 3219 3542 3275 δὲ
3573 3228 3642 3293 μή
3689 3227 3839 3294 μόνον

2263 3310 2439 3361 ἑαυτὸν
2488 3310 2554 3369 εἰς
2603 3307 2843 3361 ἀπόνοιαν
2895 3312 3132 3382 ἄραντος,
3178 3311 3305 3363 ἀλλὰ
3336 3316 3425 3364 καὶ
3453 3311 3713 3371 πλείστους
3739 3318 3836 3363 τῶν

2265 3401 2358 3449 σὺν
2414 3397 2553 3467 αύτῲ
2609 3408 2938 3470 στρατιωτῶν
2989 3404 3116 3471 πρὸς
3159 3400 3455 3453 ἐναντίωσιν
3499 3409 3595 3452 τῶν
3647 3398 3845 3472 βασιλε-

2262 3495 2363 3539 κῶν
2419 3485 2857 3562 ἀναῤῥιπίσαντος
2934 3491 3321 3561 θεσπισμάτων.
3394 3486 3607 3548 Ἐπειδὴ
3688 3495 3850 3542 τοίνυν

2263 3578 2483 3647 ἔγνωμεν
2550 3575 2705 3627 αὐτόν
2753 3576 3012 3650 λαθραίως
3066 3580 3289 3631 ἐντεῦθεν
3359 3580 3854 3652 ὑπαναχνιιρήσαντα

2263 3668 2399 3717 κατὰ
2444 3674 2537 3727 τῆς
2589 3664 2832 3719 Κιλικίων
2884 3673 2971 3718 νῦν
3004 3669 3265 3741 ἐπαρχίαν
3297 3666 3638 3739 ἀναφανῆναι,
3666 3667 3851 3740 θελήσῃ

2264 3757 2293 3813 ἡ
2345 3759 2409 3813 σή
2462 3755 2710 3807 ἐπιείκεια
2760 3762 2834 3825 τῷ
2880 3753 3141 3827 βασιλικῷ
3187 3756 3651 3809 κατακολουθοῦσα
3682 3766 3853 3827 σκοπῷ

2264 3840 2539 3906 ἐπιδιῶξαι
2590 3852 2767 3895 τοῦτον
2807 3848 2895 3895 καὶ
2924 3848 3046 3907 τοὺς
3086 3849 3177 3897 σὺν
3222 3844 3384 3916 αὐτῷ,
3430 3850 3519 3897 καὶ
3544 3853 3851 3917 κατασχεῖν,

2264 3938 2353 3983 καὶ
2385 3929 2638 4004 δεσμίους
2667 3940 2780 3994 ταῖς
2810 3935 3085 4005 ἡμετέραις
3105 3931 3434 4006 παραδοῦναι⁵
3464 3942 3650 4007 χερσίν
3686 3954 3698 3964 ·
3733 3935 3773 3988 εἰ
3798 3934 3854 3988 δε

2264 4023 2392 4094 πρὸς
2423 4018 2720 4072 ἐναντίωσιν
2778 4022 2807 4079 ἢ
2865 4027 3032 4092 φυγὴν
3081 4019 3209 4075 ἰδεῖν
3250 4023 3658 4099 ἐγχειρήσωσιν,
3705 4044 3852 4097 στρα-

2264 4115 2522 4169 τιωτικοῖς
2561 4109 2761 4181 ξίφεσιν
2788 4109 2978 4170 αὐτοὺς
3017 4110 3355 4174 ἐξαναλῶσαι.

2338 4197 2419 4252 Θ’.
2461 4197 2518 4251 Ὀ
2575 4194 2633 4250 δὲ
2683 4202 2919 4261 Σέλευκος
2968 4204 3025 4251 τὸ
3073 4208 3299 4253 τοιοῦτον
3337 4204 3557 4274 γράμμα
3588 4199 3853 4275 δεξάμενος

2266 4292 2355 4338 καὶ
2432 4295 2531 4339 τῶν
2610 4286 2840 4347 εὐζώνων
2920 4294 3008 4341 καὶ
3091 4286 3461 4360 δοκιμωτάτων
3531 4300 3852 4363 στρατιωτῶν

2267 4375 2355 4435 οὓς
2411 4372 2477 4433 δή
2530 4376 2781 4438 ταξάτους
2836 4377 3102 4443 καλοῦσιν,
3154 4380 3233 4430 ὅτι
3289 4379 3521 4450 μάλιστα
3582 4380 3850 4443 πλείστους

2266 4464 2576 4537 παραλαϐὼν
2641 4462 2725 4537 (ἦν
2776 4469 2876 4541 γὰρ
2935 4471 3025 4519 καὶ
3096 4467 3241 4527 οὗτος
3288 4475 3382 4528 τῆς
3435 4472 3569 4521 κατὰ
3618 4478 3719 4521 τῶν
3768 4476 3853 4521 τοῦ

2266 4560 2501 4625 Χριστοῦ
2560 4556 2879 4625 θεραπόντων
2928 4560 3116 4626 μανίας
3158 4557 3595 4630 πεπληρωμένος),
3646 4557 3729 4611 ἐπὶ
3765 4562 3852 4617 τήν

2267 4641 2537 4716 εἰρημένην
2592 4647 2833 4715 Ταρσέων
2885 4644 3202 4716 μητρόπολιν
3259 4647 3518 4719 ὥρμησεν,
3582 4646 3746 4700 ἐκεῖσε
3799 4652 3852 4699 τό

2266 4741 2364 4784 τῶν
2422 4732 2582 4803 ἁγίων
2637 4738 2817 4803 στῖφος
2867 4729 3070 4804 διάγειν
3127 4738 3462 4808 μεμαθηκὼς.
3512 4737 3569 4790 Ὀ
3608 4735 3669 4789 δὲ
3712 4739 3852 4810 ἅγιος

2268 4865 2491 4944 toribus
2536 4879 2660 4918 sese
2703 4864 3119 4944 subducerent.
3175 4868 3251 4925 De
3300 4869 3394 4926 his
3423 4871 3624 4944 itaque
3655 4872 3855 4930 viderit

2271 4940 2549 4991 Actorum
2582 4941 2807 4990 auctor.

2341 5006 2823 5084 (7)__0rdinari_os.
2882 5009 2961 5084 Ιι]Δ
2994 5013 3195 5084 nostro
3256 5012 3578 5084 exemplari
3637 5015 3848 5084 Graeco,

2269 5077 2717 5152 quodhabetur
2741 5079 2799 5133 in
2832 5080 3034 5152 codice
3065 5082 3108 5150 -ξ-
3140 5084 3239 5137 Ms.
3266 5085 3388 5149 194,
3421 5077 3677 5148 ταξάτους
3706 5077 3846 5152 lego.

2272 5148 2497 5217 Cangio
2535 5148 2593 5203 in
2640 5149 2927 5217 glossario
2972 5148 3461 5211 Graeco-barbaro
3513 5164 3651 5212 sunt
3698 5148 3850 5220 ταξά-

2270 5239 2370 5299 τοι,
2406 5220 2619 5300 milites
2649 5221 2854 5300 quivis,
2901 5238 2955 5300 a_
2981 5239 3126 5279 voce
3174 5224 3420 5300 rd5¢_;,__«
3462 5226 3599 5294 Nisi,
3650 5230 3847 5300 inquit,

2273 5291 2616 5371 guisdmalit
2646 5293 2729 5344 sic
2760 5293 3112 5371 appellatos,
3147 5295 3307 5366 quod
3350 5291 3683 5371 iis_ta_xe_'tur
3710 5291 3855 5355 certa

2272 5362 2333 5415 in
2366 5362 2726 5429 slipendium
2749 5365 3013 5432 pecuniae
3046 5362 3307 5421 summa.
3346 5388 3372 5418 »
3412 5369 3634 5424 Deinde
3665 5374 3854 5427 obsera

2273 5437 2375 5486 vat
2403 5432 2783 5513 voceraEdrcz
2812 5436 3070 5490 maxime
3088 5436 3208 5513 dici
3220 5439 3442 5513 milites
3468 5440 3856 5509 praesidiarios

2274 5517 2383 5558 seu
2418 5507 2520 5573 qui
2548 5507 2609 5558 in
2641 5509 2968 5562 castrorum
2995 5507 3275 5577 praesidia
3306 5507 3690 5566 inducuntur.
