4142 6278
315 253 428 307 605

1676 260 1843 316 VITA
1881 259 1941 314 S.
1981 262 2318 325 ANDRE/E.

3564 277 3671 332 606

314 384 468 429 τοῦτο
544 379 795 449 προγνοὺς
849 383 937 430 καί
989 378 1214 443 αἰτήσας
1264 386 1409 456 παρὰ
1476 392 1568 437 τοῦ
1650 387 1902 458 μακαρίου

2022 391 2416 459 cognovisset,
2446 396 2607 468 petiit
2637 413 2674 452 a
2702 397 2877 452 beato
2910 399 3073 452 Petro
3104 398 3391 468 episcopo
3421 399 3670 455 sanctis-

316 471 514 540 Πέτρου
568 474 659 518 τοῦ
706 465 994 519 ἐπισκόπου
1048 472 1105 521 τό
1162 489 1419 544 σωτηριον
1475 474 1773 546 βάπτισμα,
1824 477 1908 523 καὶ

314 563 468 608 τοῦτο
544 558 675 626 μετὰ
720 554 909 607 πολλοῦ
960 564 1052 608 τοῦ
1117 560 1281 611 πόθου
1348 566 1436 613 καὶ
1494 560 1773 619 ἀθλητικοῦ
1821 567 1911 612 τοῦ

317 643 478 705 ζήλου
530 640 825 716 δεξάμενος,
871 645 980 717 ἅμα
1022 654 1131 705 τοίς
1175 652 1269 700 σῦν
1320 652 1459 722 αύτῷ
1504 659 1709 711 πιστοῖς
1741 669 1905 722 στρα-

314 738 548 798 τιώταις,
609 739 971 808 συμπαρόντος
1032 744 1124 788 τοῦ
1184 742 1377 814 Πέτρου
1433 745 1521 792 καὶ
1574 746 1765 793 Νόννου
1821 746 1910 791 τοῦ

316 822 603 873 ἑπισκόπου
658 820 920 895 Βεῤῥοίας·
970 820 1181 897 σπουδῇ
1234 846 1286 878 τε
1325 830 1660 902 χρησάμενος
1705 827 1909 890 ἐξῆλθεν

315 908 397 961 ἐπὶ
451 915 545 967 τὴν
591 908 865 982 λεγομένην
912 912 1206 979 Ταξανίτιν,
1259 916 1352 968 οῦκ
1410 915 1464 970 έκ
1515 914 1710 979 δειλίας
1758 924 1909 969 τοῦτο

313 1001 577 1072 πράττων,
650 998 777 1051 ἀλλὰ
843 997 1151 1055 δεσποτικὸν
1221 1004 1431 1058 έκτελῶν
1504 1009 1773 1078 θέσπισμα
1850 1009 1908 1058 τὸ

316 1084 567 1160 διορίζον·
621 1094 781 1141 Ὅταν
831 1086 1095 1143 διώκωσιν
1140 1094 1276 1165 ὑμᾶς
1323 1094 1371 1145 έν
1412 1104 1475 1168 τῇ
1534 1096 1676 1148 πόλει
1719 1099 1905 1168 ταύτῃ,

316 1178 521 1247 φεύγετε
570 1176 639 1238 εἰς
689 1182 782 1235 τὴν
834 1178 1027 1251 ἑτέραν.
1088 1187 1246 1245 Γνοὺς
1297 1181 1356 1236 δε
1422 1184 1447 1236 ὀ
1525 1185 1761 1246 Σέλευκος
1824 1189 1909 1237 τόν

317 1266 555 1337 θεοφόρον
608 1264 794 1320 έκεῖθεν
842 1267 1134 1344 ἀπάραντα,
1189 1267 1455 1345 ἁδημονίᾳ
1510 1293 1564 1326 τε
1622 1275 1909 1344 συγχυθεὶς

312 1357 401 1405 καὶ
454 1352 735 1416 ἀλλοιώσας
781 1365 841 1428 τῇ
892 1356 1028 1430 λύπῃ
1060 1364 1117 1410 τό
1165 1365 1461 1433 πρόσωπον,
1513 1358 1724 1415 ἐδίωκεν
1754 1362 1908 1413 αὐτόν

311 1460 363 1494 τε
410 1447 499 1495 καὶ
566 1446 682 1504 τοὺς
737 1450 855 1518 περὶ
908 1446 1061 1498 αὐτὸν
1116 1448 1504 1521 ἐπιτεταμένως·
1566 1453 1592 1503 ό
1670 1453 1907 1523 θεοφόρος

314 1526 373 1582 δὲ
426 1536 519 1589 την
573 1530 674 1584 ἀπὸ
720 1542 815 1593 τῆς
870 1535 1140 1605 λεγομένης
1192 1536 1535 1599 Ταξανίτιδος
1587 1536 1905 1611 ὀδοιπωρίαν

313 1618 636 1691 στειλάμενος
683 1617 909 1675 ὦδευσεν
959 1624 1071 1675 ὅλον
1103 1628 1187 1675 τόν
1216 1632 1414 1699 Ταῦρον
1462 1632 1625 1699 μέχρι
1671 1636 1761 1687 τῆς
1804 1647 1903 1679 κα-

2021 477 2238 534 simum
2265 480 2582 554 baptisma.
2608 485 2777 550 Quod
2801 484 2985 540 multo
3011 502 3145 540 cum
3160 486 3454 542 desiderio
3479 491 3671 543 etcer—

2023 567 2185 621 tandi
2214 569 2427 627 ardore
2463 573 2725 644 suscepit
2753 590 2874 629 una
2911 590 3046 629 cum
3075 574 3425 629 ﬁdellisimis
3466 575 3664 631 militi-

2022 652 2153 720 bus,
2194 673 2347 729 quos
2376 677 2577 717 secum
2632 661 2895 718 habebat
2940 662 3039 734 (8).
3094 665 3228 718 Erat
3278 668 3477 719 autem
3525 680 3663 719 cum

2022 745 2189 801 Petro
2206 748 2488 820 episcopo
2519 756 2575 806 et
2603 754 2849 806 Nonnus
2887 750 3206 821 episcopus
3257 753 3493 807 Herceas.
3530 755 3667 809 Post

2018 833 2149 889 haec
2182 837 2444 893 Andreas
2474 839 2764 895 celeritate
2798 856 2959 907 usus,
3008 840 3151 894 exiit
3182 840 3242 894 in
3294 840 3515 903 locum,
3559 841 3668 911 qui

2018 922 2233 979 dicitur
2272 928 2571 994 Taxanite,
2631 944 2751 983 non
2803 932 2965 983 metu
3028 927 3088 982 id
3144 927 3392 993 faciens,
3455 928 3560 984 sed
3598 932 3663 983 ut

2020 1016 2383 1082 praeceptum
2419 1016 2648 1071 Domini
2669 1022 2949 1082 servaret,
2967 1016 3228 1087 quodita
3254 1016 3491 1071 deﬁnit:
3510 1018 3661 1073 Cum

2015 1103 2310 1168 persecuti
2323 1106 2756 1173 vos/‘uerint,e:r
2768 1120 2890 1161 una
2900 1105 3130 1160 trinitate
3135 1105 3332 1174 fugite
3346 1107 3406 1159 in
3420 1106 3604 1161 aliam
3618 1106 3635 1141 ¹
3646 1146 3661 1160 .

2020 1189 2296 1245 Seleucus
2319 1208 2456 1247 vero
2485 1209 2623 1247 cum
2649 1193 3439 1249 audivissetdivinumillum
3467 1193 3662 1249 virum

2017 1293 2087 1332 ex
2117 1293 2188 1333 ea
2213 1278 2357 1334 urbe
2391 1280 2767 1350 migravisse,
2813 1281 3203 1337 sollicitudine
3231 1280 3659 1337 etconfusione

2016 1366 2277 1437 quadam
2308 1367 2573 1433 affectus,
2610 1373 2666 1424 et
2689 1384 2808 1440 pra:
2827 1369 3056 1425 tristitia
3086 1369 3316 1424 vultum
3363 1373 3660 1425 mutatum

2016 1454 2265 1518 habens,
2294 1455 2516 1511 intento
2544 1473 2721 1513 cursu
2760 1460 2815 1512 et
2840 1458 3060 1528 ipsum,
3089 1463 3141 1512 et
3181 1457 3310 1527 ejus
3329 1458 3526 1513 socios
3572 1457 3660 1512 in-

2015 1544 2391 1613 sequebatur.
2417 1547 2589 1601 Porro
2613 1546 2896 1609 Andreas,
2920 1561 3058 1601 cum
3084 1552 3139 1600 et
3163 1561 3195 1600 θ
3222 1545 3355 1601 loco
3372 1546 3657 1601 Taxanite

2014 1630 2400 1698 discessisset,
2461 1639 2637 1689 totum
2691 1640 2953 1690 montem
2985 1634 3251 1690 Taurum
3309 1633 3656 1704 peragravit

309 1708 555 1781 λουμένης
632 1710 924 1782 Ταμαλινῆς
991 1716 1208 1785 ένορίας·
1288 1720 1378 1768 καὶ
1452 1715 1606 1768 ἐλθὼν
1688 1716 1760 1777 εἰς
1837 1719 1899 1771 τὰ

2017 1736 2204 1792 usque
2218 1721 2295 1776 ad
2322 1722 2471 1777 fines
2502 1724 2550 1791 ej
2565 1740 2632 1777 us
2650 1723 2929 1792 regionis,
2948 1738 3082 1794 quas
3100 1722 3401 1778 Tamalme
3421 1724 3498 1792 (9)
3517 1721 3660 1776 dici-

310 1802 441 1872 μέρη
482 1808 572 1859 τῆς
613 1805 778 1872 κόμης
826 1808 917 1863 τῆς
965 1802 1233 1874 λεγομένης
1282 1804 1615 1876 Ὀρχηστῶν,
1666 1810 1756 1858 καὶ
1787 1802 1903 1858 δια-

311 1892 543 1958 κειμένης
597 1886 643 1939 έν
693 1897 752 1961 τῇ
807 1896 983 1963 πρώτη
1035 1900 1134 1943 τῶν
1180 1893 1458 1965 Ἀρμενίων
1508 1892 1741 1969 ἐπαρχίᾳ
1770 1894 1901 1953 πλη-

315 1981 427 2027 σίον
480 1984 574 2040 τῆς
630 1976 906 2030 Μελιτινῶν
972 1988 1276 2052 περιφανοῦς
1329 1982 1710 2054 μητροπόλεως,
1769 2003 1900 2058 παρο

309 2064 507 2117 ενέϐαλε
558 2074 662 2126 τοῖς
718 2066 1051 2139 καλουμένοις
1128 2074 1427 2141 Χαυσόριος
1484 2077 1573 2124 καὶ
1660 2072 1902 2143 Χαραϐά-

306 2154 401 2203 θων
445 2159 639 2215 τόποις.
672 2154 757 2216 Ὠς
791 2152 848 2207 δὲ
878 2165 1029 2208 τοῦτο
1072 2158 1164 2209 οὐκ
1198 2161 1326 2231 ἔγνω
1362 2160 1597 2221 Σέλευκος
1646 2166 1735 2213 καὶ
1776 2162 1899 2214 ἄπο-

304 2259 392 2313 ρον
450 2241 588 2310 αύτῷ
646 2245 976 2295 παντάπασιν
1051 2242 1111 2303 ἧν
1162 2250 1218 2298 τό
1276 2251 1457 2319 μαθεῖν
1518 2245 1610 2301 διὰ
1667 2256 1820 2311 ποίας
1877 2252 1902 2302 ὁ

304 2328 452 2400 ἅγιος
480 2326 726 2396 ὦδευσεν,
758 2329 1055 2404 εἰσδραμών
1086 2354 1165 2394 τις
1215 2334 1341 2408 ἀνὴρ
1390 2342 1517 2410 πρὸς
1547 2338 1702 2390 αὐτὸν
1750 2348 1902 2412 Μαρ-

303 2425 440 2479 τῐνος
486 2422 710 2491 τοῦνομα
765 2426 1114 2492 κατεμήνυσεν
1164 2425 1227 2483 ὡς
1272 2428 1327 2475 τὸ
1383 2429 1499 2498 ὅρος
1555 2434 1645 2478 τοῦ
1695 2431 1899 2501 Ταύρου

304 2506 474 2559 λαϐὼν
504 2516 565 2581 τῇ
600 2506 672 2561 δι’
705 2507 894 2561 ἐκείνου
921 2514 1107 2583 πορείᾳ
1136 2515 1228 2569 τήν
1258 2510 1489 2585 πάροδον
1520 2512 1664 2573 ἐποιὴ
1677 2535 1825 2570 σατο.

375 2684 431 2738 Ι’.
481 2690 606 2737 Τότε
635 2683 721 2736 οὖν
769 2687 792 2736 ὁ
840 2682 1066 2747 διώκτης
1114 2687 1295 2750 ἐκεῖνος
1342 2698 1493 2742 τοῦτο
1543 2693 1742 2763 μαθὼν,
1776 2712 1899 2743 κατ-

304 2770 448 2824 ε’λαϐε
516 2777 601 2824 τὸν
663 2778 816 2825 τόπον
870 2778 954 2825 τόν
1026 2776 1295 2847 λεγόμενον
1349 2783 1693 2851 Χαυσούριος·
1756 2782 1780 2831 ό
1839 2777 1897 2833 δὲ

300 2864 627 2932 πανεύφημος
684 2863 883 2934 μάρτυς
943 2867 1195 2914 συνόντων
1243 2864 1383 2933 αύτῴ
1441 2871 1747 2937 πανταχόσε
1800 2876 1898 2918 τῶν

303 2956 507 2998 πιστῶν
563 2948 761 2999 ἐκείνων
821 2958 1151 3021 στρατιωτῶν
1209 2952 1447 3023 ὥρμησεν
1497 2951 1579 3003 ἐπὶ
1639 2957 1701 3005 τὰ
1768 2958 1896 3027 μέρη

2014 1814 2124 1864 tur.
2160 1812 2305 1865 Cum
2324 1810 2578 1866 venisset
2598 1817 2798 1866 autem
2815 1810 2894 1865 ad
2918 1810 3227 1865 castellum
3248 1810 3415 1878 quod
3443 1809 3661 1865 dicitur

2013 1898 2362 1963 Orchesum,
2395 1899 2453 1953 in
2478 1900 2891 1954 Armeniorum
2924 1898 3223 1968 provincia
3252 1899 3432 1953 situm
3465 1913 3651 1968 prope

2012 1986 2769 2043 Melitinensiumillustrem
2791 1986 3184 2057 metropolim,
3215 1987 3477 2058 pervenit
3515 1985 3653 2040 inde

2012 2074 2091 2130 ad
2132 2075 2439 2131 Chausorii
2486 2082 2539 2131 et
2586 2074 3174 2132 Charavatinensium
3230 2076 3525 2143 regiones.
3589 2072 3650 2127 ld

2012 2180 2151 2219 cum
2184 2165 2431 2219 nesciret
2459 2165 2757 2231 Seleucus,
2803 2180 2995 2237 neque
3046 2163 3337 2219 rationem
3387 2162 3653 2233 aliquam

2012 2251 2156 2307 inire
2186 2259 2542 2324 posset,qua
2560 2252 2752 2319 sciret,
2776 2269 3077 2324 perquam
3103 2252 3261 2307 viam
3297 2254 3538 2305 sanctus
3562 2248 3656 2303 ille

2016 2341 2101 2395 vir
2126 2342 2234 2397 iter
2280 2341 2529 2407 fecisset,
2564 2342 2723 2396 venit
2782 2358 3097 2396 accurrens
3151 2340 3228 2396 ad
3284 2355 3423 2393 eum
3475 2338 3657 2393 homo

2010 2429 2279 2501 quidam,
2338 2430 2616 2485 Martinus
2665 2430 2925 2493 nomine,
2982 2430 3081 2500 qui
3125 2425 3499 2497 signiﬁcavit,
3547 2430 3661 2480 An—

2008 2517 2212 2571 dream
2236 2517 2310 2571 ad
2338 2520 2593 2572 Taurum
2615 2524 2878 2573 montem
2913 2516 3272 2589 pervenisse,
3296 2519 3351 2570 et
3376 2530 3479 2587 per
3510 2529 3644 2567 eum

2006 2609 2063 2658 et
2102 2604 2219 2660 alia
2258 2606 2388 2660 loca
2432 2606 2753 2660 transiisse.

2078 2694 2151 2748 X.
2181 2692 2329 2749 Tum
2362 2699 2702 2765 persecutor
2724 2693 2837 2761 ille,
2865 2709 3002 2748 cum
3030 2693 3090 2747 id
3123 2688 3657 2757 didicisset,celeri-

2008 2786 2092 2836 ter
2122 2782 2281 2837 venit
2303 2782 2376 2837 ad
2404 2781 2625 2850 locum,
2655 2783 2756 2853 qui
2778 2781 2992 2837 dicitur
3018 2781 3354 2853 Capsurius.
3385 2778 3656 2834 Celeber-

2008 2869 2193 2924 rimus
2223 2876 2419 2925 autem
2445 2876 2669 2941 martyr
2709 2886 2829 2925 una
2857 2886 2995 2925 curn
3020 2869 3366 2924 ﬁdellisimis
3394 2868 3507 2923 illis
3552 2866 3657 2921 mi-

2008 2956 2212 3010 litibus
2239 2972 2441 3012 secum
2488 2958 2883 3024 versantibus,
2932 2958 3277 3029 properavit
3301 2957 3378 3012 ad
3419 2972 3549 3011 eam
3572 2970 3657 3009 re-

306 3038 371 3087 τὰ
437 3040 925 3110 προσαγορευόμενα
983 3034 1357 3112 Ἀνδροκαλῶν,
1420 3039 1477 3091 ού
1554 3040 1729 3115 πὸῥρω
1806 3051 1901 3105 τῆς

2013 3045 2269 3114 gionem,
2296 3060 2430 3116 qua:
2460 3045 2671 3100 dicitur
2692 3046 3179 3112 Androcaloni,et
3202 3046 3258 3100 in
3288 3044 3459 3100 Tauri
3493 3058 3659 3099 mon-

305 3126 745 3196 μνημονευθείσης
801 3125 1116 3197 Ὀρχηστῶν
1184 3129 1516 3199 τυγχάνοντα
1571 3134 1754 3202 κόμης,
1812 3136 1901 3183 καὶ

304 3211 609 3287 κατέρριψεν
680 3212 751 3273 εὶς
792 3214 926 3265 αὐτὰ
977 3216 1043 3265 τὰ
1109 3214 1261 3267 στενά
1311 3224 1402 3268 τοῦ
1456 3220 1680 3285 Ταύρου.
1739 3217 1899 3272 Ὀτου

305 3296 365 3353 δε
408 3302 571 3375 χάριν
641 3302 792 3353 στενὰ
868 3305 1312 3376 προσαγορεύεται
1393 3308 1449 3356 τὸ
1504 3314 1695 3378 σχῆμα
1748 3313 1899 3361 τοῦτό

302 3409 403 3443 που
454 3394 794 3465 παρίστησιν”
840 3389 1057 3461 αὐχένες
1099 3394 1198 3466 γὰρ
1251 3388 1349 3444 δύο
1398 3401 1488 3446 τοῦ
1520 3398 1666 3467 ὄρους
1696 3394 1898 3450 ἀντίθε-

302 3498 384 3532 τοι
412 3482 547 3531 κατά
578 3477 764 3552 βραχὺ
814 3484 1087 3546 συνιόντες,
1125 3476 1322 3552 σχεδὸν
1370 3486 1460 3554 μὲν
1509 3483 1749 3548 ἀλλήλοις
1780 3505 1900 3538 συν-

302 3570 571 3621 άπτονται·
626 3566 681 3620 ἐκ
739 3564 797 3620 δέ
871 3576 963 3621 τοῦ
1037 3572 1178 3621 κάτω
1254 3575 1601 3647 παρέρποντος
1665 3583 1899 3647 ποταμοῦ

302 3653 652 3733 διειργόμενοι
710 3660 877 3710 στενοὶ
1092 3662 1320 3729 γίνονται
1395 3669 1582 3735 μικροῦ
1644 3658 1752 3715 δεῖν
1810 3668 1898 3717 καὶ

301 3744 600 3821 ἆπόρευτοι·
652 3748 845 3818 χάσμα
874 3742 932 3798 δὲ
977 3746 1168 3818 μεταξὺ
1212 3744 1514 3822 κρημνῶδες
1568 3749 1896 3819 ἀποτελοῦσι,

302 3834 516 3910 φοϐερὸν
569 3840 657 3887 καὶ
705 3841 808 3895 τοῖς
859 3833 982 3895 ὅλως
1024 3835 1457 3908 προσϐλέπουσιν.
1512 3839 1666 3892 Ἀλλὰ
1712 3844 1898 3895 τούτου

299 3928 393 3998 μὲν
422 3927 579 3977 ἕνεκεν
610 3924 767 3985 οῦτως
796 3926 824 3983 ἡ
878 3926 1092 3982 τοιαύτη
1141 3927 1492 3998 χρηματίζειν
1541 3928 1699 4001 ἔλαχε
1735 3932 1894 3992 θέσις.

297 4013 359 4068 Ὀ
415 4009 473 4065 δε
528 4016 691 4084 μέγας
738 4017 826 4064 καὶ
882 4018 1201 4084 περιώνυμος
1256 4017 1453 4086 μάρτυς
1483 4015 1539 4066 ἐκ
1594 4018 1731 4079 θείας
1774 4038 1898 4093 προ-

300 4104 625 4174 αγορεῦσεώς
704 4103 911 4161 τούτους
958 4104 1345 4175 προορισθῶναι
1415 4108 1531 4165 τοῦς
1584 4111 1773 4167 τόπους
1832 4117 1893 4180 τῇ

300 4191 463 4244 αὐτοῦ
509 4210 563 4243 τε
623 4194 712 4242 καὶ
763 4198 864 4242 τῶν
924 4190 1056 4262 ἀμφὶ
1109 4190 1263 4243 αὐτόν
1331 4192 1587 4245 τελειώσει
1644 4213 1899 4265 προεγνωε

299 4285 406 4342 κὼς
451 4279 640 4354 (ἐχρῆν
678 4282 779 4353 γὰρ
828 4279 931 4350 ἄρα
959 4280 1045 4331 τόν
1096 4276 1397 4353 θεόδρομον.
1449 4285 1544 4337 τὴν
1593 4286 1773 4338 στενὴν
1812 4286 1901 4333 καὶ

2011 3131 2081 3188 tis
2112 3133 2412 3198 angustias
2448 3132 2559 3203 (tO)
2599 3149 2660 3188 se
2701 3134 2925 3204 dejecit.
2984 3134 3240 3189 Causam
3292 3148 3431 3188 vero
3469 3146 3657 3204 quare

2010 3219 2300 3289 angustias
2341 3226 2639 3285 vocentur,
2672 3220 2801 3289 ejus
2835 3221 2947 3277 loci
2991 3222 3180 3292 ﬁgura
3210 3220 3493 3276 declarat.
3534 3222 3656 3273 Duo

2009 3309 2169 3365 enim
2200 3306 2417 3362 montis
2440 3306 2589 3377 juga
2611 3308 2873 3362 vicissim
2895 3309 3005 3363 sibi
3032 3310 3326 3379 opposita,
3353 3323 3421 3362 ac
3455 3305 3659 3378 paula-

2008 3397 2116 3453 tim
2133 3396 2426 3461 coeuntia,
2448 3396 2569 3451 fere
2597 3395 2821 3451 interse
2851 3396 3207 3467 copulantur
3240 3412 3251 3449 :
3288 3395 3391 3451 sed
3407 3395 3653 3450 ﬂumine

2009 3485 2121 3557 (14)
2170 3483 2595 3557 ρτωιθτῧυθιιιο
2641 3483 2940 3552 distincta,
2982 3484 3292 3555 angustias
3354 3482 3655 3555 quasdam

2008 3573 2293 3639 efﬁciunt,
2319 3589 2449 3645 quae
2481 3574 2596 3628 fere
2626 3571 2799 3628 invite
2830 3576 2968 3627 sunt
3004 3588 3017 3628 :
3051 3572 3282 3628 hiatum
3314 3586 3451 3627 vero
3500 3586 3648 3642 prae-

2008 3663 2247 3734 cipitem
2273 3662 2422 3717 inter
2443 3676 2505 3716 se
2534 3661 2773 3731 habent,
2806 3676 3097 3730 magnum
3120 3661 3287 3717 illum
3308 3659 3577 3733 quidem,
3595 3662 3653 3714 et

2008 3752 2101 3807 vel
2142 3750 2211 3805 iis
2245 3751 2348 3822 qui
2383 3750 2586 3821 ipsum
2638 3749 2954 3821 accipiunt,
3009 3749 3355 3806 terribilem.
3416 3748 3535 3804 Hac
3574 3747 3651 3802 de

2007 3854 2191 3895 causa
2215 3838 2338 3909 ejus
2367 3837 2479 3893 loci
2510 3837 2660 3893 situs
2693 3836 2870 3894 talem
2902 3837 3365 3910 appellationem
3396 3835 3650 3907 accepit.

2009 3928 2263 3996 Magnus
2286 3927 2397 3999 (l2)
2425 3942 2566 3996 ergo
2598 3932 2652 3981 et
2679 3927 3098 3983 celeberrimus
3124 3932 3368 3997 martyr,
3416 3940 3555 3980 cum
3581 3939 3654 3980 ex

2006 4016 2211 4073 divina
2240 4015 2615 4087 praedictione
2642 4015 2775 4070 loca
2790 4015 2892 4071 illa
2909 4032 3019 4070 suo
3045 4021 3101 4070 et
3118 4031 3325 4070 eorum
3354 4012 3653 4077 omnium,

2008 4105 2110 4177 qui
2136 4119 2273 4159 cum
2294 4104 2423 4174 ipso
2454 4109 2639 4166 erant,
2675 4104 2959 4175 martyrio
2979 4104 3270 4173 prastinita
3291 4118 3419 4157 esse
3432 4117 3653 4171 cogno-

2008 4195 2193 4247 visset
2220 4191 2556 4261 (oportebat
2583 4191 2740 4245 enim
2780 4208 2939 4256 eum,
2963 4191 3068 4262 qui
3111 4190 3384 4245 divinum
3410 4205 3654 4245 cursum

2011 4278 2384 4342 conﬁciebat,
2411 4282 2467 4332 et
2491 4293 2595 4348 per
2620 4283 2939 4346 angustam
2968 4285 3024 4334 et
3048 4284 3274 4334 arctam
3325 4278 3485 4334 viam
3527 4293 3653 4333 am-

301 4369 637 4442 τεθλιμμένην
691 4364 984 4419 ὁδεύσαντα
1040 4363 1162 4418 ὁδὸν
1212 4368 1283 4429 είς
1331 4372 1424 4425 τὴν
1489 4367 1760 4439 βασιλείαν
1812 4378 1902 4422 τοῦ

2014 4367 2265 4424 bulabat
2283 4365 2361 4422 ad
2382 4365 2616 4422 cceleste
2652 4366 2750 4420 Dei
2791 4381 3045 4435 regnum
3102 4365 3375 4437 ingredi),
3412 4365 3653 4421 ulterius

302 4463 431 4511 Θεοῦ
505 4455 792 4526 εἰσελθεῖν),
846 4461 943 4515 τῆς
1005 4457 1287 4528 περαιτέρω
1344 4459 1554 4527 πορείας
1612 4458 1897 4511 ίπαύσατο.

378 4556 395 4591 ¹
424 4553 621 4611 Matth.
654 4568 713 4619 x,
740 4556 830 4608 23.

379 4677 457 4751 (8)
486 4676 739 4751 Tandem
770 4674 1097 4751 aliquando
1128 4675 1370 4751 ponitur
1396 4676 1503 4751 hic
1535 4678 1589 4734 S.
1625 4678 1900 4736 Andreas

304 4746 447 4806 cum
476 4749 603 4804 suis
624 4746 995 4819 baptismum
1018 4746 1370 4819 suscepisse.
1395 4747 1514 4803 Vid.
1530 4751 1902 4807 Commenta-

302 4820 462 4879 rium
501 4818 808 4891 praevium,
838 4819 866 4891 §
896 4818 947 4873 1.

377 4837 462 4877 1m
545 4837 808 4886 raavmm,
838 4837 866 4891 3
896 4837 947 4873 ι.

377 4837 814 4965 (ογθμωαιφθ,
864 4889 1259 4965 Androcalon,
1296 4889 1705 4965 Chausorium,
1752 4891 1895 4948 Cha-

303 4961 658 5021 ravatinium
692 4962 775 5033 (in
805 4966 964 5017 textu
993 4967 1192 5017 nostro
1220 4963 1470 5018 Suriano
1497 4967 1586 5017 est
1608 4961 1898 5019 Charava-

307 5033 649 5105 tinensium)
663 5033 952 5106 regiones,
968 5038 1023 5106 _et
1046 5034 1325 5106 Taxanite
1349 5039 1530 5106 atque
1546 5034 1898 5106 Capsurium

305 5114 586 5162 notantur
610 5103 772 5175 apud
805 5104 1103 5175 ortelium,
1138 5104 1241 5158 sed
1269 5103 1602 5175 quod‘nihil
1631 5103 1740 5159 ‘vel
1795 5122 1901 5175 pa-

305 5194 438 5233 rum
472 5174 713 5233 aliunde
744 5175 817 5248 de
847 5174 958 5248 illis
990 5174 1442 5248 didicerininde
1474 5174 1705 5244 colligo,
1738 5174 1899 5248 quod

305 5250 522 5306 addat:
560 5267 586 5298 ε
623 5248 774 5304 Loca
802 5246 914 5301 ista
944 5246 1121 5301 habet
1148 5245 1304 5301 circa
1334 5248 1673 5301 Armeniam
1710 5245 1896 5303 mino-

306 5336 434 5377 rem
465 5319 549 5375 vel
575 5318 839 5374 Ciliciam
864 5316 1272 5389 Metaphrastes
1304 5316 1366 5372 in
1393 5317 1451 5371 S.
1486 5318 1695 5373 Andra:
1722 5318 1893 5375 ducis

308 5390 600 5448 exercitus
630 5389 777 5445 Vita.
810 5409 837 5438 »

376 5462 491 5533 (10)
510 5462 848 5532 Augustius.
868 5460 932 5514 In
956 5463 1152 5514 nostro
1174 5457 1335 5514 dicto
1358 5459 1549 5533 Graeco
1572 5458 1894 5533 egemplari

309 5530 391 5586 τὰ
428 5530 624 5599 στενὰί
648 5548 770 5605 qua
800 5547 941 5587 voce
970 5532 1148 5587 etiam
1192 5546 1334 5585 usus
1364 5533 1455 5585 est
1485 5530 1714 5597 Strabo,
1746 5530 1852 5589 lib.
1878 5546 1895 5586 1
1956 5604 1957 5607 η

2014 4456 2243 4528 regredi
2270 4454 2685 4511 destitit.Tunc
2729 4453 3006 4511 Seleucus
3037 4455 3215 4519 venit,
3246 4460 3303 4511 et
3328 4454 3469 4511 vidit
3497 4453 3650 4523 loca,

2010 4691 2150 4751 pag.
2188 4680 2251 4733 53
2284 4675 2559 4751 editionis
2593 4676 2938 4751 Parisiensis
2981 4678 3123 4751 anni
3164 4679 3321 4740 1620,
3351 4690 3381 4731 e
3420 4690 3537 4748 quo
3567 4677 3654 4751 di-

2012 4747 2239 4805 ctarum
2261 4749 2672 4817 augustiarum
2702 4750 2880 4803 situm
2913 4747 3127 4803 subdo.
3157 4747 3479 4818 Postquam
3498 4749 3658 4806 enim

2012 4822 2229 4898 egisset
2273 4818 2348 4874 de
2398 4820 2655 4898 Pyr-amo
2696 4819 2904 4898 _ﬂuv_io
2950 4819 3183 4898 Ciliciaa,
3235 4818 3651 4898 (iNavigabilis,

2007 4886 2088 4947 ait
2116 4890 2210 4946 ille
2239 4906 2311 4945 ex
2345 4886 2556 4946 mediis
2607 4892 2904 4947 Cataoniaa
2936 4889 3166 4960 campis
3214 4886 3558 4960 eﬂunditur,
3587 4907 3657 4947 ac

2007 4961 2239 5018 delatus
2266 4978 2369 5032 per
2398 4963 2567 5017 Tauri
2608 4961 2918 5031 angustias
2942 4962 2999 5015 in
3029 4958 3311 5023 Ciliciam,
3334 4960 3392 5013 in
3412 4958 3658 5027 fretum,

2010 5032 2179 5106 quod
2204 5034 2350 5088 inter
2388 5033 2625 5106 banc_e_t
2650 5034 2910 5106 Cyprum
2950 5038 3057 5097 est,
3087 5032 3236 5106 exit.
3268 5055 3296 5083 »

2081 5104 2192 5175 (tt)
2230 5106 2480 5174 Pyramo
2514 5103 2800 5167 videliCet,
2837 5119 2907 5158 ex
2941 5118 3075 5158 mox
3101 5103 3293 5175 dictis.

2009 5172 2123 5247 (1'2)
2154 5172 2422 5247 Magnus.
2470 5178 2691 5230 Nomen
2743 5176 2875 5239 hoc,
2933 5175 3012 5229 uti
3065 5172 3250 5240 vides,
3312 5180 3404 5232 est
3450 5174 3652 5247 appej-

2006 5241 2660 5333 lativum'suﬂ'ra'gante
2677 5251 2882 5331 nostro
2907 5247 3255 5316 apographo
3286 5241 3506 5327 Graeco,
3534 5241 3561 5298 ὂ
3577 5241 3656 5333 n6":

2002 5322 2160 5390 μέγας
2204 5320 2292 5368 καὶ
2337 5322 2658 5388 περιώνυμος
2710 5319 2922 5387 μάρτυς,
2997 5331 3115 5369 non
3198 5322 3507 5389 proprium
3577 5318 3643 5374 Ξ.

2004 5388 2271 5452 Andreae,
2304 5402 2372 5442 ac
2405 5388 2567 5458 proin
2599 5403 2744 5442 cave
2775 5403 2845 5441 ne
2871 5403 2942 5442 ex
2974 5386 3085 5442 hac
3110 5403 3250 5443 voce
3280 5391 3369 5446 vel
3400 5389 3652 5445 binomi-

2005 5470 2141 5516 nem
2162 5459 2342 5514 facias
2371 5464 2665 5522 sanctum,
2700 5459 2791 5513 vel
2814 5473 2933 5515 non
2951 5464 3103 5515 recte
3143 5460 3481 5519 annunties.
3503 5462 3650 5517 Con-

2006 5532 2133 5587 sule
2159 5530 2686 5599 Commentarium,
2714 5529 2744 5602 ς
2766 5531 2816 5587 1.
3416 5576 3417 5579 η
