4142 6278
545 288 648 343 607

1865 279 2122 341 MENSIS
2161 276 2563 340 AUGUSTUS.

3816 281 3946 339 608

565 413 626 468 in
657 412 877 486 quibus
900 413 1007 468 viri
1034 412 1114 469 illi
1147 430 1180 468 a
1203 415 1322 469 Deo
1352 413 1514 469 ducti
1557 411 1940 468 constiterant
1971 426 1983 462 :
2012 408 2072 463 in
2099 419 2185 461 eo:

2313 413 2436 462 Τότε
2493 413 2517 463 ό
2571 413 2806 476 Σέλευκος
2853 413 3008 466 ἐλθὼν
3063 416 3149 464 καὶ
3212 409 3338 465 ἰδὼν
3383 415 3446 464 τὰ
3498 416 3678 485 χωρία
3725 412 3782 464 ἓν
3853 412 3945 470 οἷς

555 509 756 558 autem
791 503 1131 567 exercitum,
1173 519 1351 574 quem
1394 519 1597 558 secum
1625 500 1907 565 habebat,
1933 497 2196 553 immisit.

549 591 611 644 id
649 608 782 646 cum
810 592 1087 646 sensisset
1115 593 1212 646 Dei
1254 592 1536 656 minister,
1578 597 1634 647 et
1663 607 1724 646 se
1745 596 1802 645 et
1846 589 2036 644 socios
2057 600 2196 640 suos

551 680 630 734 ad
659 695 860 750 preces
888 680 1172 742 excitans,
1215 679 1292 734 ait
1319 696 1330 733 ε
1370 681 1412 736 0
1441 680 1617 735 amici
1648 684 1703 734 et
1736 676 2190 738 commilitones,

549 783 618 824 ac
645 768 746 822 ﬁlii
807 768 939 831 mei,
993 783 1152 822 nunc
1195 773 1281 822 est
1333 774 1568 839 tempus
1605 765 1988 838 acceptabile,
2036 777 2192 818 nunc

546 855 670 910 dies
697 855 899 911 salutis
935 871 945 910 :
981 861 1310 926 perstemus
1337 858 1395 911 in
1425 857 1518 912 Dei
1563 873 1788 920 amore,
1840 855 2188 910 resistamus

549 945 752 1000 animo
778 960 952 1016 aequo
978 953 1034 999 et
1062 944 1216 1014 forti,
1250 945 1765 1016 quemadmodum
1784 941 2058 1016 precepit
2091 955 2190 995 uo-

549 1033 642 1089 bis
672 1036 824 1088 Deus
858 1049 1114 1091 :manus
1147 1039 1379 1090 nostras
1413 1050 1532 1090 non
1559 1034 1634 1089 ad
1671 1031 2192 1102 ulciscendosper-

549 1126 868 1185 secutores,
901 1121 999 1176 sed
1040 1121 1116 1176 ad
1153 1125 1334 1177 Deum
1363 1122 1754 1194 precandum,
1777 1121 1944 1192 eique
1966 1118 2190 1188 gratias

546 1209 848 1279 agendum
873 1210 1191 1278 erigamus,
1217 1210 1380 1279 quod
1422 1210 1592 1265 nobis
1631 1209 2004 1270 concesserit,
2034 1206 2186 1262 utad

547 1298 756 1351 horam
776 1297 932 1352 hanc
963 1298 1160 1352 venire
1182 1298 1576 1368 potuerimus,
1603 1313 1724 1368 quo
1750 1302 1975 1367 partem
1997 1299 2054 1349 et
2071 1309 2180 1348 sor-

546 1389 666 1440 tem
713 1401 847 1439 cum
880 1385 1162 1440 omnibus
1191 1386 1260 1440 iis
1286 1386 1388 1457 qui
1421 1386 1732 1442 sanctitate
1774 1383 1999 1455 praediti
2031 1387 2186 1446 sunt,

547 1489 965 1545 assequamur.
1001 1474 1305 1545 Supplices
1363 1473 1435 1530 ab
1475 1475 1573 1530 illo
1605 1472 1992 1545 postulemus,
2023 1470 2188 1542 quod

547 1568 878 1633 martyrum
918 1563 1144 1633 primus
1177 1563 1595 1618 celeberrimus
1640 1562 1999 1634 Stephanus,
2051 1576 2184 1615 cum

546 1649 850 1720 lapidibus
867 1651 1235 1717 obrueretur,
1261 1668 1296 1707 a
1318 1655 1432 1708 Deo
1457 1651 1662 1724 petivit
1681 1651 1944 1706 dicentes
1964 1657 2019 1705 et
2036 1665 2146 1705 nos
2172 1664 2185 1703 :

2309 501 2358 549 οἱ
2408 497 2738 572 θεοδιὴγητοι
2787 503 2966 555 ἐκεῖνοι
2996 504 3262 573 ὑπῆφχον,
3297 500 3548 575 ἕπαῆρκεν
3604 501 3795 562 αὐτοῖς
3839 503 3942 551 τόν

2308 587 2546 658 ἑπόμενον
2579 591 2716 660 αὐτῷ
2751 596 2989 666 στρατόν.
3041 598 3232 644 Τοῦτον
3283 588 3342 643 δε
3381 593 3405 642 6
3449 599 3540 643 τοῦ
3591 599 3726 644 Θεοῦ
3759 592 3941 663 θερά-

2304 696 2410 727 πων
2464 678 2788 751 αἰσθόμενος,
2845 681 2914 742 εἰς
2966 685 3271 752 προσευχὴν
3323 681 3502 732 ἑαυτὸν
3547 700 3601 733 τε
3648 685 3735 732 καὶ
3794 682 3940 739 τοὺς

2305 768 2398 816 σὺν
2445 765 2584 836 αὐτῷ
2646 766 2984 827 διανέστησιν
3031 768 3208 840 λέγων’
3259 769 3328 821 Ὠ
3376 769 3513 840 φίλοι
3583 777 3938 842 στρατιῶται

2301 859 2390 907 καὶ
2420 861 2592 908 τεκνία
2639 877 2759 929 μου,
2809 866 2896 909 νῦν
2949 861 3130 930 καιρός
3175 855 3555 932 εὐπρόσδεκτος
3609 862 3698 909 καὶ
3733 861 3938 930 ἡμέρα

2304 949 2585 1018 σωτηρίας·
2663 956 2861 1018 στῶμεν
2920 946 3177 1019 θεοφιλῶς,
3253 956 3453 1019 στῶμεν
3509 947 3764 1011 ἐπιεικῶς,
3857 949 3935 1006 ὡς

2299 1035 2610 1106 προσέταξεν
2665 1038 2786 1108 ἡμῖν
2841 1038 2866 1087 ό
2917 1039 3060 1100 Θεὸς,
3107 1039 3192 1097 τὰς
3233 1044 3421 1110 χεῖρας
3474 1038 3643 1109 ἡμῶν,
3699 1036 3800 1088 οὐκ
3866 1034 3931 1106 £7

2301 1123 2339 1192 ᾧ
2392 1127 2508 1185 τοὺς
2573 1121 2856 1185 διώκοντας
2910 1124 3225 1195 ἀμύνασθαι,
3292 1125 3397 1177 ἀλλ’
3457 1125 3524 1186 εἰς
3587 1122 3774 1183 δέησιν
3835 1129 3930 1176 αἶ-

2299 1230 2465 1285 ροντες
2517 1216 2606 1264 τοὺ
2644 1214 3062 1276 καταξιώσαντος
3113 1216 3252 1286 ἡμᾶς
3304 1219 3453 1274 Θεοῦ,
3495 1215 3561 1275 εἰς
3618 1219 3711 1272 τὴν
3763 1217 3927 1286 ὥραν

2299 1303 2493 1358 ταύτην
2550 1301 2730 1368 ἐλθεῖν,
2821 1304 2904 1354 ἱνα
2975 1303 3208 1376 λάϐωμεν
3289 1301 3483 1378 μερίδα
3547 1309 3636 1356 καὶ
3711 1303 3924 1377 κλῆρον

2300 1387 2347 1439 ἕν
2397 1396 2530 1441 πᾶσι
2583 1399 2692 1452 τοίς
2754 1394 3105 1464 ἡγιασμένοις*
3180 1395 3501 1463 ἱκετεύσομεν
3587 1392 3742 1443 αὐτόν
3816 1398 3922 1443 καὶ

2299 1479 2740 1552 παρακαλέσομεν,

2832 1481 3061 1552 λέγοντες
3158 1484 3278 1555 ὅπερ
3370 1480 3793 1552 λιθοϐολούμενος
3891 1483 3919 1531 6

2299 1575 2396 1618 τῶν
2480 1572 2755 1643 μαρτύρων
2845 1573 3278 1642 προηγησάμενος
3382 1566 3624 1640 ἀοίδιμος
3726 1573 3919 1641 εἴρηκε

2301 1659 2562 1727 Στέφανος·
2618 1661 2773 1730 Κύριε
2819 1660 2996 1715 Ἰησοῦ
3047 1662 3261 1733 Χριστε,
3315 1655 3460 1721 δέξαι
3515 1660 3581 1709 τὰ
3617 1666 3716 1709 τῶν
3777 1654 3916 1709 δού-

549 1739 797 1794 Domine
823 1742 960 1796 Jesu
978 1742 1219 1810 Christe,
1249 1742 1450 1814 accipe
1473 1742 1714 1812 spiritus
1738 1756 2044 1796 servorum
2065 1745 2185 1796 tuo-

2299 1744 2396 1796 λων
2434 1765 2527 1797 σου
2581 1750 2866 1817 πνεύματα,
2916 1748 2983 1807 εἰς
3039 1749 3132 1808 τάς
3173 1750 3266 1808 σάς
3319 1750 3420 1822 γὰρ
3474 1747 3682 1807 ἑαυτοὺς
3732 1766 3913 1819 παρα-

545 1843 699 1892 rum,
730 1845 882 1900 quos
913 1830 971 1884 in
1012 1845 1231 1885 manus
1259 1835 1389 1886 tuas
1429 1830 1945 1886 commendamus.

616 1961 699 2016 ΧΙ.
745 1963 890 2017 Cum
940 1977 1074 2017 vero
1122 1963 1180 2017 in
1235 1962 1433 2018 medio
1501 1964 1766 2034 ipsorum
1810 1960 2187 2026 constitisset,

546 2049 822 2103 manibus
853 2054 1030 2122 atque
1049 2050 1236 2106 oculis
1266 2052 1325 2106 in
1367 2051 1582 2106 cmlum
1604 2051 1827 2116 erectis,
1851 2054 2031 2105 Deum
2060 2066 2189 2105 ora-

545 2136 770 2192 vithaec
795 2137 998 2193 dicens
1031 2157 1043 2197 :
1078 2141 1322 2194 Domine
1350 2141 1525 2207 Deus,
1569 2140 1668 2211 qui
1701 2155 1958 2208 magnus
2011 2154 2073 2192 es
2135 2143 2192 2193 et

544 2227 946 2297 omnipotens,
988 2229 1191 2300 accipe
1223 2231 1334 2284 mei
1361 2229 1686 2300 peccatoris
1703 2235 1754 2284 et
1785 2229 2012 2297 indigni
2039 2229 2190 2283 servi

544 2315 627 2371 tui
656 2331 879 2386 preces,
921 2332 1250 2389 eorumque
1281 2319 1574 2384 omnium,
1609 2318 1710 2388 qui
1741 2334 1978 2372 mecum
2024 2323 2183 2382 sunt,

543 2407 599 2458 et
633 2402 807 2458 ﬁdem
830 2410 994 2458 tuam
1028 2404 1401 2461 immobilem
1431 2411 1853 2462 servaverunt:
1879 2406 2188 2461 omnibus-

543 2507 661 2564 que
691 2491 806 2557 his,
840 2493 943 2563 qui
975 2494 1341 2549 necessitatis
1384 2499 1649 2565 tempore
1673 2499 1898 2558 nostra,
1957 2496 2060 2565 qui
2089 2511 2189 2549 su-

542 2581 947 2650 musindigni,
983 2583 1226 2636 nomina
1259 2583 1680 2646 invocaverint,
1715 2589 1930 2654 praesta
1960 2583 2184 2652 petitio-

542 2683 650 2722 nes
677 2668 828 2731 illas,
849 2684 984 2739 qua:
1015 2669 1093 2724 ad
1120 2669 1367 2725 salutem
1400 2671 1730 2742 pertinent:
1761 2670 1981 2741 quique
1999 2671 2076 2725 ad
2101 2671 2188 2726 lo-

543 2771 679 2810 cum
708 2756 865 2810 liunc
910 2757 1301 2828 confugerint,
1337 2774 1438 2814 eos
1485 2764 1747 2830 protege,
1783 2765 1837 2814 et
1869 2775 1904 2813 a
1929 2759 2090 2814 malo
2119 2775 2189 2814 ac

541 2845 888 2899 necessitate
926 2844 1130 2913 libera,
1157 2846 1412 2918 largiens
1442 2847 1586 2918 ipsis
1629 2847 1940 2903 sanitatem
1969 2848 2187 2903 animae

542 2937 599 2988 et
623 2933 884 3005 corporis
915 2950 927 2988 :
962 2939 1017 2989 et
1064 2951 1185 3006 quo
1223 2936 1355 2991 loco
1396 2937 1636 2991 humilis
1683 2937 1928 3006 sanguis
1988 2943 2188 2993 noster

541 3021 770 3075 eﬂusus
789 3021 978 3086 fuerit,
999 3022 1225 3078 ﬁatillic
1248 3025 1618 3080 curationum
1637 3025 1856 3092 fons,et
1873 3026 2187 3096 spirituum

542 3110 913 3179 impurorum
947 3111 1281 3180 redargutio
1313 3128 1379 3166 ac
1409 3112 1700 3179 liberatio,
1735 3118 1798 3168 ut
1834 3114 2103 3169 terribilis
2133 3121 2189 3171 et
2225 3105 2264 3160 C

546 3199 759 3262 sancti,
792 3199 1206 3272 benedictique
1238 3202 1497 3257 nominis
1529 3203 1629 3271 tui,
1685 3204 1968 3272 unigeniti
2011 3206 2184 3259 etiam

541 3286 660 3342 Filii
693 3287 777 3341 tui
807 3288 1010 3343 Christi
1054 3289 1152 3343 Dei
1198 3290 1383 3344 nostri
1443 3291 1824 3355 sanctissimi,
1893 3297 1948 3347 et
2007 3294 2186 3348 vitam

537 3373 734 3429 dantis
772 3375 1022 3445 Spiritus
1059 3378 1246 3432 sancti
1279 3377 1468 3446 gloria
1509 3378 1833 3434 celebretur
1869 3380 1924 3433 in
1971 3379 2186 3434 saecula

538 3462 910 3528 saeculorum,
943 3466 1125 3519 Amen
1187 3466 1320 3535 (13).
1376 3467 1688 3537 Completis
1746 3466 1835 3520 his
1885 3467 2184 3536 precibus,

537 3551 847 3606 astiterunt
905 3553 1104 3607 statim
1173 3557 1602 3623 persecutores.
1668 3555 1804 3610 feris
1856 3555 2185 3612 immitibus

536 3638 914 3693 crudeliores.
951 3639 1066 3711 Ipsi
1097 3657 1260 3706 vero,
1294 3646 1578 3713 tanquam
1612 3643 1749 3711 agni
1780 3643 2078 3715 simplices
2109 3646 2185 3701 ad

534 3726 972 3781 immolandum
1017 3729 1196 3793 ducti,
1227 3737 1536 3786 mansuete
1567 3732 1846 3787 etleniter
1873 3734 2102 3803 seipsos
2123 3734 2185 3789 il-

533 3813 728 3868 lorum
771 3815 1048 3869 manibus
1073 3815 1464 3886 tradiderunt,
1496 3834 1877 3874 communem
1911 3821 2182 3876 omnium

537 3897 853 3956 Dominum
889 3901 1209 3958 imitantes.

609 4032 720 4086 XII.
749 4032 979 4088 Profani
1018 4034 1195 4104 igitur
1224 4034 1305 4090 illi
1364 4040 1420 4091 et
1469 4035 1681 4092 nefarii
1748 4043 2178 4110 persecutores,

533 4119 822 4189 ferociter,
854 4127 909 4177 et
939 4138 1073 4178 cum
1120 4124 1388 4194 quodam
1445 4126 1628 4193 (utita
1652 4125 1874 4198 dicam)
1913 4128 2180 4184 dentium

536 4209 785 4265 stridore
823 4226 893 4265 ac
924 4210 1164 4267 fremitu
1195 4211 1504 4281 irruentes,
1539 4217 1750 4272 strictis
1778 4216 1991 4288 gladiis
2042 4216 2181 4273 bea-

535 4297 788 4354 tissimos
819 4299 977 4355 viros
1013 4301 1447 4370 interfecerunt,
1479 4310 1533 4359 et
1559 4305 1787 4361 illorum
1831 4307 2017 4362 multo
2048 4323 2183 4362 san-

529 4388 707 4457 guine
736 4389 1246 4458 praeterlabentem
1304 4392 1549 4448 ﬂuvium
1603 4394 2019 4467 impleverunt.
2057 4399 2179 4453 Sta-

529 4475 633 4530 tim
660 4482 879 4540 autem,
921 4479 1438 4548 quemadmodum
1473 4487 1714 4536 sanctus
1745 4490 1968 4555 martyr
1995 4486 2183 4555 preci-

529 4562 642 4618 bus
670 4569 792 4617 suts
825 4564 1247 4633 postulaverat,
1297 4566 1485 4632 locus,
1512 4570 1565 4623 in
1599 4585 1778 4641 quem
1812 4574 2183 4628 venerandus

529 4651 771 4723 sanguis
817 4651 911 4706 ille
953 4651 1299 4720 deﬂuxerat,
1343 4654 1474 4710 fons
1516 4657 1756 4727 quidam
1790 4659 2033 4716 effectus
2071 4667 2181 4729 est,

527 4740 985 4808 omnigenarum
1029 4743 1486 4812 aegrotationum
1519 4746 1835 4802 sanitatem
1869 4748 2128 4805 aﬂ‘erens
2166 4775 2177 4806 :

524 4828 625 4899 qui
646 4828 778 4884 fons
800 4829 874 4883 ad
894 4830 1250 4886 hodiernum
1271 4848 1458 4903 usque
1476 4833 1634 4888 diem
1652 4835 1835 4902 gratis
1861 4837 2156 4894 redundat

525 4922 582 4971 et
628 4919 994 4973 curationem
1057 4919 1304 4988 singulis
1334 4923 1855 4979 accommodatam
1905 4919 2182 4999 largitur:

525 5005 929 5069 Quamobrem
978 5022 1097 5062 non
1132 5008 1207 5062 ad
1242 5023 1343 5064 eos
1373 5009 1564 5065 solum
1597 5011 1700 5082 qui
1761 5027 1967 5084 prope,
2010 5020 2067 5070 et
2122 5017 2182 5070 in

521 5107 590 5148 eo
621 5093 751 5149 loco
797 5111 866 5150 ac
902 5095 1156 5152 ﬁnitima
1219 5097 1457 5166 regione
1521 5105 1675 5166 sunt,
1727 5101 1830 5156 sed
1896 5102 1974 5157 ad
2011 5103 2181 5174 ipsos

517 5180 716 5245 etiam,
757 5183 860 5254 qui
892 5183 1067 5252 longe
1099 5186 1414 5253 absunt,et
1440 5186 1518 5242 ab
1545 5187 1656 5242 illis
1717 5188 1863 5244 locis
1917 5190 2178 5248 multum

517 5267 738 5323 distant
777 5270 956 5339 hujus
988 5274 1092 5326 viri
1134 5275 1320 5329 sancti
1362 5273 1527 5331 fama
1557 5276 1819 5332 celeriter
1861 5281 2126 5349 pervenit
2159 5305 2171 5336 :

520 5371 650 5426 quae
673 5353 827 5418 facit,
865 5361 926 5410 ut
946 5373 1156 5414 omnes
1191 5369 1308 5416 tam
1333 5364 1521 5434 parvi,
1557 5381 1740 5436 quam
1770 5367 2099 5423 mediocres
2123 5374 2177 5425 et

523 5443 742 5496 summi
783 5443 911 5509 viri,
945 5459 1234 5503 concursu
1267 5467 1486 5520 magno
1526 5452 1667 5509 illuc
1695 5453 2172 5527 proﬁciscantur,

2169 4915 2182 4939 ’

597 5581 712 5652 (13)
753 5580 1094 5639 Orationem
1123 5585 1279 5644 hanc
1305 5591 1726 5663 castigavimus
1756 5592 1979 5649 ibidem
2006 5608 2174 5649 num.
2207 5599 2261 5648 7.

2212 4455 2260 4507 D

2300 1837 2544 1906 τιθέμεθα
2573 1843 2781 1908 χεῖρας.

2375 1957 2478 2012 IA'.
2535 1964 2632 2011 Καὶ
2689 1963 2818 2018 στὰς
2869 1959 2916 2011 ἐν
2968 1964 3110 2031 μέσῳ
3168 1959 3336 2011 αὐτῶν
3388 1965 3476 2011 καὶ
3530 1957 3748 2018 ἐκτείνας
3808 1963 3905 2019 τὰς

3558 2048 3906 2121 προσηύξατο

2299 2135 2476 2206 λέγων·
2535 2137 2592 2187 '0
2638 2141 2765 2199 Θεὸς
2805 2139 2829 2189 ὁ
2881 2141 3053 2209 μέγας,
3103 2139 3127 2189 ὁ
3167 2140 3555 2209 παντοκράτωρ,
3605 2134 3903 2209 πρόσδεξαί

2299 2055 2484 2118 χεῖρας
2528 2053 2610 2098 καὶ
2669 2052 2724 2099 τό
2771 2053 2913 2120 ὄμμα
2969 2049 3039 2108 εἰς
3101 2053 3187 2100 τόν
3243 2049 3478 2123 οὐρανόν,

2300 2245 2398 2295 μου
2452 2234 2542 2276 τοῦ
2597 2226 2904 2298 ἀμαρτωλοῦ
2960 2233 3048 2278 καὶ
3102 2226 3311 2289 ἀναξίου
3373 2235 3466 2278 σοῦ
3538 2223 3728 2278 δούλου
3802 2233 3903 2284 τὴν

2301 2319 2624 2388 προσευχὴν,
2679 2321 2767 2366 καὶ
2824 2319 3024 2367 πάντων
3093 2324 3190 2367 τῶν
3241 2320 3332 2367 σὺν
3390 2313 3501 2386 ἐμοὶ
3559 2314 3738 2374 ἀκλινῆ
3801 2321 3901 2374 τὴν

2300 2404 2366 2463 εἰς
2422 2407 2477 2455 σε
2519 2409 2697 2456 πίστιν
2728 2409 3104 2477 τετηρηκότων,
3139 2410 3226 2456 καὶ
3257 2412 3388 2456 πᾶσι
3419 2412 3528 2461 τοῖς
3560 2403 3902 2476 ἐπικαλουμέ-

2299 2512 2399 2552 νοις
2465 2493 2512 2542 ἐν
2565 2501 2728 2567 καιρῷ
2785 2492 3028 2565 βοηθείας
3073 2502 3163 2554 τῆς
3234 2492 3566 2555 ἀναξιότητος
3633 2495 3780 2565 ἡμῶν
3837 2499 3905 2548 τὰ

2300 2580 2543 2651 ὀνόματα,
2597 2585 2881 2653 παράσχου
2931 2589 3092 2634 πᾶσιν
3140 2585 3203 2633 τὰ
3251 2586 3374 2656 πρός
3429 2587 3691 2653 σωτηρίαν
3749 2584 3902 2641 αἰτή-

2298 2689 2458 2741 ματα,
2546 2675 2634 2722 καὶ
2717 2675 2832 2731 τοὺς
2914 2670 2992 2722 ἐπὶ
3068 2675 3154 2723 τόν
3241 2676 3395 2723 τόπον
3475 2675 3902 2744 καταφεύγοντας

2299 2767 2478 2810 τοῦτον
2535 2764 2816 2827 σκέπασον,
2866 2765 2953 2812 καὶ
2996 2762 3157 2836 ῥῦσαι
3207 2759 3306 2812 ἀπὸ
3351 2764 3541 2822 παντὸς
3593 2771 3760 2813 κακοῦ
3810 2769 3900 2815 καὶ

2298 2849 2474 2910 πάσης
2524 2846 2770 2919 ἀνάγκης,
2844 2845 3166 2923 δωρούμενος
3236 2849 3407 2909 αὐτοῖς
3479 2849 3744 2920 ἁγιασμόν
3798 2851 3898 2921 ψυ-

2299 2944 2408 3005 χῆς
2459 2955 2512 2987 τε
2565 2942 2652 2988 καὶ
2710 2943 2964 3009 σώματος·
3023 2943 3111 2989 καὶ
3168 2939 3287 2990 ἔνθα
3342 2941 3398 2989 τό
3456 2942 3692 2990 ταπεινόν
3750 2942 3895 3012 ἡμῶν

2301 3024 2431 3085 αἷμα
2507 3027 2762 3096 ἐκχεῖται,
2837 3029 3059 3098 γενέσθω
3112 3026 3216 3079 ἐκεῖ
3263 3031 3404 3098 πηγὴ
3489 3027 3736 3098 ἰαμάτων,
3803 3035 3895 3081 καὶ

2299 3115 2600 3183 πνευμάτων
2655 3113 2959 3188 ἀκαθάρτων
3018 3114 3226 3188 ἐλεγμός
3273 3135 3324 3168 τε
3372 3121 3462 3168 καὶ
3511 3115 3889 3192 ἀπολύτρωσις,

2301 3203 2382 3253 ἵνα
2422 3199 2710 3264 δοξάζηταί
2770 3222 2863 3254 σου
2907 3207 2963 3254 τό
3022 3204 3354 3276 εὐλογημένον
3412 3209 3499 3256 καὶ
3545 3205 3744 3277 φοϐερόν
3793 3211 3884 3257 καὶ

2298 3291 2444 3360 ἅγιον
2498 3295 2676 3362 ὄνομα,
2735 3298 2946 3344 καὶτοῦ
3002 3301 3305 3364 μονογενοῦς
3351 3301 3445 3346 σοῦ
3491 3297 3602 3347 Υὶοὺ
3647 3302 3878 3368 Χριστοῦ

2296 3385 2386 3428 τοῦ
2435 3386 2567 3429 Θεοῦ
2599 3381 2764 3450 ἡμῶν,
2812 3385 3021 3433 καὶτοῦ
3068 3387 3323 3453 παναγίου
3369 3388 3460 3435 καὶ
3504 3388 3741 3446 ζωοποίου
3783 3403 3877 3435 σου

2300 3468 2614 3536 Πνιύματος,
2675 3468 2746 3530 εἰς
2797 3473 2914 3529 τοὺς
2979 3471 3182 3530 αἰῶνας.
3239 3471 3425 3542 Ἀμήν.
3492 3474 3636 3527 Μετά
3687 3468 3745 3524 δε
3792 3476 3886 3529 τήν

2298 3561 2615 3626 προσευχὴν,
2673 3556 2964 3615 ἐπέστησαν
3017 3560 3199 3621 εὐθέως
3251 3560 3428 3623 αὐτοῖς
3485 3564 3532 3613 οἱ
3600 3558 3890 3626 διώκοντες,

2300 3645 2490 3717 θηρίων
2568 3645 2829 3720 ἀνημέρων
2894 3645 3190 3720 δεινότεροι.
3253 3650 3405 3702 Αὐτοὶ
3481 3648 3538 3702 δὲ
3600 3653 3664 3710 ὡς
3743 3654 3899 3724 ἀρνία

2297 3731 2537 3804 ἀγόμενοι
2583 3736 2756 3786 άκακα
2803 3743 2893 3787 τοῦ
2944 3738 3176 3802 θύεσθαι,
3226 3739 3389 3800 οὕτως
3428 3741 3647 3810 ἡσύχως
3679 3740 3900 3801 ἑαυτοὺς

2295 3827 2384 3873 καὶ
2430 3822 2593 3883 ἠπίως
2645 3831 2758 3885 ταῖς
2800 3823 2997 3876 ἐκείνων
3051 3832 3239 3901 χερσὶν
3270 3825 3620 3894 ἐκδεδώκασι,
3673 3833 3759 3881 τόν
3791 3848 3899 3882 κοι-

2293 3913 2376 3960 νόν
2416 3916 2680 3970 Δεσπότην
2705 3917 3034 3986 μιμούμενοι.

2365 4033 2460 4086 ΙΒ’.
2511 4033 2729 4107 Ἀγρίως
2762 4033 2820 4088 δὲ
2858 4043 2946 4090 καὶ
2997 4039 3125 4110 μετά
3153 4058 3310 4103 τινος,
3357 4042 3423 4103 ὡς
3455 4040 3632 4098 εἰπεῖν.
3679 4041 3898 4115 βρυχη-

2294 4123 2425 4194 θμοῦ
2481 4121 2763 4185 ἐπελθόντες
2826 4129 3027 4188 τούτοις
3099 4130 3147 4179 οἱ
3223 4127 3456 4201 βέϐηλοι,
3533 4138 3637 4191 τοῖς
3699 4132 3894 4185 ἑαυτῶν

2290 4209 2587 4263 ἀπέκτειναν
2659 4213 2876 4286 ξίφεσιν,
2952 4222 3040 4269 καὶ
3096 4224 3198 4278 τοῖς
3283 4222 3471 4270 τούτων
3555 4222 3748 4292 αἵμασι
3806 4226 3893 4274 τόν

2290 4305 2612 4376 παραρέοντα
2662 4309 2892 4376 ποταμόν
2943 4305 3264 4380 ἐπλήρωσαν.
3303 4310 3448 4360 Κατά
3481 4305 3537 4360 δε
3590 4314 3685 4367 τὴν
3737 4310 3892 4380 ἁγίαν

2291 4399 2381 4442 τοῦ
2410 4393 2668 4466 μάρτυρος
2715 4399 3018 4466 προσευχὴν
3063 4397 3087 4446 6
3142 4401 3292 4456 τόπος
3339 4395 3386 4448 ἕν
3519 4401 3576 4450 τό
3631 4399 3890 4451 πολύσεπ-

2291 4499 2374 4532 τον
2428 4483 2584 4534 αὐτοῦ
2635 4487 2724 4534 καὶ
2777 4489 2948 4554 τίμιον
3000 4483 3234 4558 ἰρῥευσεν
3282 4483 3432 4556 αἷμα,
3487 4492 3630 4558 πηγὴ
3685 4492 3888 4559 γέγονεν

2294 4571 2451 4640 φορὰν
2557 4569 2932 4642 ἀναπέμπουσα
3015 4569 3361 4625 παντοδαπῶν
3439 4575 3688 4647 ἰαμάτων·
3779 4579 3890 4638 ἣτις

2293 4662 2454 4731 μέχρι
2538 4667 2632 4720 τῆς
2701 4661 2892 4732 ἡμέρας
2964 4661 3331 4734 ὑπερεκχείται
3401 4669 3490 4714 καὶ
3586 4665 3887 4737 πλημμυρεί

2293 4751 2381 4797 καὶ
2447 4749 2511 4798 τὰ
2560 4752 2684 4820 πρός
2734 4747 2957 4811 ἰατρείαν
3033 4749 3233 4821 ἑκάστῳ
3303 4752 3613 4824 χαρίζεται.
3677 4755 3886 4805 Πάντων

2294 4838 2382 4906 μὲν
2429 4838 2552 4907 γὰρ,
2613 4838 2676 4895 ὡς
2724 4837 2748 4887 ό
2802 4840 3001 4909 φθάσας
3049 4835 3279 4896 ἐδήλωσε
3334 4840 3504 4910 λόγος,
3562 4849 3660 4894 τῶν
3714 4861 3884 4911 κρειτ-

2296 4928 2449 4975 τόνων
2498 4925 2522 4974 ό
2597 4927 2792 4998 μάρτυς
2844 4927 3062 4988 ἠξίωται
3119 4931 3487 5000 χαρισμάτων
3541 4926 3887 5003 διαφερόντως

2295 5007 2353 5063 δε
2401 5017 2489 5064 καὶ
2541 5013 2893 5085 κατεξαίρετον
2943 5019 2999 5065 τό
3051 5018 3182 5066 κατά
3232 5013 3501 5089 δαιμόνιον
3550 5018 3885 5093 ἐκληρώσατο

2290 5103 2557 5172 χάρισμα.
2601 5104 2751 5153 Ὀθεν
2798 5102 2856 5154 οὐ
2908 5110 3015 5163 τοῖς
3063 5106 3280 5174 ἔγγιστα
3321 5111 3473 5176 μόνον
3520 5112 3604 5158 καὶ
3654 5114 3772 5182 περὶ
3799 5111 3885 5161 τόν

2291 5195 2444 5240 τόπον
2493 5189 2646 5241 αὐτόν
2698 5195 2785 5242 καὶ
2832 5191 2924 5248 τὴν
2973 5191 3187 5265 ἔνορίαν,
3236 5192 3362 5246 ἀλλὰ
3392 5199 3480 5246 καὶ
3528 5204 3638 5258 τοῖς
3679 5202 3885 5272 μακρὰν

2291 5277 2478 5328 ἀποῦσι
2511 5282 2599 5328 καὶ
2638 5279 2811 5352 πόρῥω
2861 5275 3112 5331 διεστῶσί
3150 5300 3202 5332 τε
3232 5287 3321 5333 καὶ
3372 5282 3667 5353 ἀπέχουσιν
3699 5288 3728 5343 ἠ
3764 5290 3887 5339 τού-

2287 5385 2377 5416 του
2427 5361 2645 5438 ἔδραμεν
2724 5365 2874 5424 ἀκοή’
2935 5372 3022 5418 καὶ
3102 5370 3292 5429 πάντας
3368 5374 3582 5444 μικρούς
3669 5392 3722 5424 τε
3795 5379 3887 5426 καὶ

2286 5459 2477 5526 μέσους
2550 5458 2638 5505 καὶ
2691 5455 3038 5527 ὑπερέχοντας
3101 5457 3266 5511 ἐκεῖσε
3343 5478 3646 5535 συντρεχειν
3708 5481 3890 5535 παρα-
