4142 6278
255 300 364 356 609

1329 298 1512 357 ACTA
1553 299 1657 355 SS.
1698 295 2014 365 EUDOXII,
2057 298 2355 375 ROMULI,
2398 303 2548 363 ETC.

3506 311 3614 366 610

260 426 526 489 σκευάζει,
559 427 651 476 καὶ
683 418 924 487 δοξάζειν
948 425 1014 476 τὰ
1044 427 1287 497 γινόμενα
1314 433 1496 480 ταῦτα.
1525 429 1625 479 Τὸν
1649 427 1739 498 μὶν
1768 420 1857 476 οὖν

1976 430 2025 478 et
2053 428 2364 497 miracula,
2418 447 2550 505 qum
2605 433 2719 489 illic
2769 434 2942 499 ﬁunt,
3006 434 3261 505 gloriose
3294 435 3611 495 celebrent.

260 510 466 589 δρόμον
499 514 525 565 6
550 514 804 587 μακάριος
832 511 978 572 οὗτος
1006 514 1136 585 μετὰ
1172 515 1351 574 πάσης
1379 514 1536 566 αὐτοῦ
1578 521 1668 573 τῆς
1696 511 1862 566 θεολέ-

258 622 386 656 κτου
407 607 496 655 καὶ
525 606 778 677 καρτερᾶς
807 600 1003 655 ίτέλεσε
1032 601 1312 674 φάλαγγος,
1342 609 1405 675 τῇ
1430 597 1859 672 ἐννεακαιδεκάτῃ

259 700 352 745 τοῦ
386 692 687 764 Αὐγούστου
718 694 900 764 μηνός,
924 696 1015 743 καὶ
1044 693 1209 764 ταύτῃ
1242 700 1341 743 τῶν
1366 692 1570 766 ἡμερῶν
1600 698 1663 764 τῇ
1682 693 1859 764 κυρίᾳ,

262 784 373 857 ὦρᾳ
399 778 635 855 δευτέρᾳ.

339 868 434 924 1Γ’.
474 874 661 944 Πέτρος
700 866 760 923 δε
797 871 824 921 6
867 878 960 931 τῆς
1007 873 1249 942 Ταρσέων
1287 868 1570 933 ἐπίσκοπος
1618 870 1644 922 6
1689 872 1777 921 καὶ
1803 871 1861 920 τό

268 961 401 1013 θεῖον
460 959 600 1031 αὐτῷ
656 960 885 1033 κεράσας
933 957 1148 1032 λουτρόν
1195 966 1289 1011 τοῦ
1338 956 1728 1031 βαπτίσματος,
1769 960 1861 1008 καὶ

264 1054 455 1110 Νόννος
511 1050 537 1100 ό
585 1047 869 1109 ἐπίσκοπος
910 1054 1007 1108 τῆς
1057 1046 1320 1122 Βεῤῥοίων,
1368 1044 1654 1107 Θεόδουλός
1684 1065 1737 1099 τε
1774 1051 1864 1098 καὶ

268 1142 506 1198 Συνέσιος
550 1133 804 1201 διάκονοι,
848 1141 1080 1211 Μαρῖνός
1133 1154 1187 1188 τε
1237 1140 1325 1189 καὶ
1383 1135 1655 1201 Νικόλαος,
1711 1134 1865 1187 Εὐσέ-

268 1226 406 1289 ϐειός
452 1245 506 1279 τε
561 1230 648 1278 καὶ
707 1230 987 1301 Δαμυρίων
1053 1223 1401 1297 ἂναγνῶσται,
1447 1224 1499 1277 ἰν
1549 1232 1620 1295 τῷ
1670 1223 1864 1297 μέλλειν

268 1316 423 1368 αὐτόν
477 1334 530 1368 τε
590 1319 678 1367 καὶ
733 1318 855 1377 τοῦς
912 1318 1005 1367 σῦν
1062 1314 1202 1385 αὐτῷ
1265 1314 1351 1367 τόν
1408 1313 1585 1385 ἀγῶνα
1638 1312 1866 1383 πληροῦν

265 1413 361 1465 τῆς
411 1402 694 1470 ἀθλήσεως,
782 1405 1039 1479 μακρόθεν
1113 1402 1495 1460 έπηκολούθουν
1566 1401 1867 1454 ἐπιποθοῦν-

264 1512 349 1555 τες
404 1496 462 1547 τό
515 1496 675 1569 πέρας
727 1490 857 1546 ίδείν
924 1508 938 1521 ⁶
996 1497 1085 1545 καί
1126 1511 1186 1564 γε
1237 1496 1327 1544 καὶ
1367 1488 1507 1544 εἶδον
1560 1496 1652 1549 τὴν
1691 1494 1867 1547 κοινήν

264 1584 473 1635 πάντων
526 1580 578 1634 έν
635 1586 810 1655 Κυρίῳ
865 1580 1126 1635 τελείωσιν
1183 1585 1273 1633 καὶ
1338 1582 1401 1633 τὰ
1472 1583 1621 1651 τίμια
1673 1580 1866 1630 τούτων

268 1670 435 1725 έκεῖσε
493 1672 758 1724 κατίθεντο
816 1669 1035 1742 λείψανα
1090 1672 1220 1742 μετὰ
1276 1676 1368 1722 τοῦ
1427 1672 1725 1743 προσφόρου
1786 1684 1868 1719 σε-

266 1760 555 1833 ϐάσματος.
639 1760 946 1813 Ἐθεάσαντο
999 1755 1059 1811 δε
1132 1763 1223 1810 καὶ
1290 1762 1385 1817 τήν
1441 1762 1617 1829 πηγὴν
1669 1757 1867 1814 έκείνην

271 1854 367 1909 τήν
403 1848 689 1922 σεϐάσμιον
717 1867 772 1901 τε
804 1852 891 1901 καὶ
924 1847 1367 1919 πολυθαύμαστον
1406 1855 1478 1919 τῷ
1525 1851 1732 1919 σιαγόνι
1776 1853 1868 1898 τοῦ

280 1940 502 2011 αἵματος
561 1946 653 1990 τοῦ
717 1934 928 1991 δικαίου
982 1937 1441 2011 μεγαλομάρτυρος
1490 1937 1868 1989 ὑπακούσασαν

279 2036 614 2101 παραχρῆμα
658 2032 748 2080 καὶ
795 2029 927 2100 μετὰ
962 2035 1054 2087 τῆς
1101 2034 1201 2078 τῶν
1238 2026 1466 2089 ἰαμάτων
1524 2023 1719 2098 ἁθρόων
1751 2024 1872 2077 ἀνα.

275 2114 546 2169 ϐλῦσασαν
595 2118 822 2191 χάριτος
853 2134 866 2146 ·
900 2116 1052 2178 εὐθὺς
1106 2123 1232 2188 γοῦν
1288 2113 1336 2167 έν
1385 2121 1606 2188 πρώτοις
1654 2118 1736 2168 τὸν
1784 2116 1871 2168 ἕνα

268 2213 371 2256 τῶν
424 2205 702 2279 εἰρημένων
760 2204 1105 2277 ἆναγνωστῶν
1184 2209 1492 2279 Λαμυρίονα
1561 2206 1661 2257 ὑπὸ
1719 2207 1869 2257 πνεῦ-

265 2311 432 2365 ματος
505 2298 762 2367 κρυφαίου
842 2294 1321 2366 παρηοχλούμενον
1400 2291 1723 2366 ἀκαθάρτου,
1780 2298 1869 2346 καὶ

264 2386 425 2454 μήπω
475 2385 639 2454 μέχρι
685 2386 802 2435 τότε
850 2383 1205 2455 φανερωθέντα
1259 2381 1465 2446 ἰάσατο,
1514 2386 1603 2433 καί
1648 2385 1744 2433 σὺν
1780 2381 1869 2434 αὖ·

263 2478 371 2532 τοῖς
404 2474 575 2543 ᾤχετο
620 2475 889 2544 γενόμενος
917 2471 1094 2542 ὑγιής.
1148 2470 1255 2542 Ἐφ’
1300 2470 1379 2531 οἷς
1423 2470 1745 2541 ὑμνήσαντες
1782 2472 1867 2521 τόν

263 2563 335 2622 ὡς
363 2559 568 2622 ἀληθῶς
597 2559 646 2612 ἓν
694 2567 799 2622 τοῖς
844 2559 1017 2632 ἁγίοις
1062 2559 1223 2612 αὐτοῦ
1274 2556 1681 2630 εῦδοξαζόμενον
1720 2561 1863 2624 Θεόν,

261 2654 358 2708 τήν
409 2648 681 2710 Κηλικίαις
728 2646 853 2702 ὁδόν
906 2653 1283 2722 παρῃτήσαντο
1326 2664 1338 2678 ·
1374 2643 1512 2699 διότι
1559 2652 1750 2721 Πέτρον
1778 2649 1867 2699 τόν

261 2746 359 2800 τῆς
416 2741 657 2811 Ταρσέων
710 2739 994 2791 ἐπίσκοπον
1043 2741 1130 2789 τόν
1180 2737 1346 2808 ἅγιον,
1399 2738 1467 2797 ὡς
1515 2739 1737 2809 εἴρηται,
1770 2734 1868 2808 βα-

263 2831 527 2880 πτίσαντα
581 2828 844 2901 μάρτυρα,
906 2823 1174 2877 συλλαϐεῖν
1245 2825 1271 2874 ὁ
1315 2828 1554 2884 Σέλευκος
1608 2823 1866 2884 έπεζήτει.

263 2910 535 2966 Ὠδευσαν
581 2910 639 2965 δι
698 2914 809 2985 μετ’
860 2912 1062 2986 εἰρήνης
1114 2915 1210 2969 τὴν
1266 2910 1553 2984 ἰσαυρίαν,
1612 2910 1871 2971 αἰνοῦντες

269 3001 384 3073 ἅμα
434 3005 524 3053 καὶ
576 3000 901 3072 εὐλογοῦντες
951 3002 1038 3050 τόν
1098 3001 1285 3071 Κύριον
1367 2997 1570 3055 Ἰησοῦν
1644 3001 1871 3072 Χριστόν

274 3089 518 3148 ἀληθινὸν
569 3092 691 3143 Θεὸν
744 3090 890 3161 ἡμῶν
940 3087 980 3159 ᾧ
1022 3090 1204 3161 πρέπει
1232 3093 1380 3139 πᾶσα
1409 3082 1561 3153 δόξα,
1594 3090 1718 3159 τιμὴ
1784 3089 1873 3138 καὶ

276 3180 636 3253 προσκύνησις
685 3181 779 3230 σὺν
828 3184 902 3247 τῷ
954 3180 1120 3251 Πατρὶ
1171 3179 1261 3227 καὶ
1299 3182 1371 3245 τῷ
1414 3175 1547 3247 ἁγίῳ
1588 3177 1871 3248 Πνεῦματι,

273 3274 363 3319 νῦν
418 3271 509 3319 xui
566 3265 645 3319 ἀεὶ
722 3270 812 3318 καὶ

274 3354 462 3427 Ἀμήν.

878 3265 948 3328 εἰς
1023 3267 1141 3326 τοὺς
1213 3263 1404 3325 αἰῶνας
1480 3271 1580 3316 τῶν
1653 3263 1871 3317 αἰώνων.

347 3533 463 3605 (ib)
504 3534 581 3588 De
609 3530 723 3589 hac
753 3530 1036 3604 temporis
1079 3532 1225 3587 nota
1274 3529 1533 3601 disputat
1560 3528 1875 3586 Commen-

277 3605 482 3668 tarius,
510 3608 538 3668 §
566 3607 620 3658 2.

347 3608 677 3755 Eigg’hgaggis
709 3674 855 3729 mihi
878 3672 1141 3755 placeret
1170 3676 1395 3755 auctor.
1426 3672 1472 3725 si
1502 3670 1747 3755 diceret,
1773 3670 1875 3728 Se-

276 3744 615 3819 quebantur:
636 3761 707 3819 ac
736 3744 1177 3819 comitabantur
1196 3744 1762 3819 Sanctum_ejusque.
1779 3759 1873 3798 so-

279 3813 496 3883 cios,ut
511 3816 641 3871 illos
662 3816 719 3871 in
735 3815 850 3871 ﬁde
876 3815 1318 3879 conﬁrmarent,
1340 3819 1397 3869 et
1422 3814 1498 3869 ad
1518 3813 1871 3885 martyrium

279 3893 718 3960 compararent.
733 3902 916 3960 quam
930 3893 1210 3960 uteorum
1228 3884 1868 3960 tinemcognoscerent.

280 3961 381 4016 Cui
410 3954 571 4015 enim
598 3954 769 4014 bono
791 3956 1221 4022 subserviebat,
1245 3971 1277 4012 θ
1303 3955 1589 4029 loginquo
1618 3954 1757 4011 illos
1784 3971 1872 4012 se-

1968 511 2217 571 Cursum
2251 517 2429 586 igitur
2465 521 2732 592 martyrii
2776 522 2868 576 sui
2926 522 3303 578 beatissimos
3341 523 3609 580 Andreas

1969 614 2107 656 cum
2148 608 2269 660 tota
2296 622 2405 662 sua
2443 606 2572 663 forti
2604 613 2661 663 et
2688 611 2802 665 Deo
2858 608 3042 666 electa
3088 611 3387 681 phalange
3425 611 3614 683 perfe-

1970 689 2048 745 cit
2070 691 2302 749 decimo
2330 711 2490 751 nono
2520 696 2614 752 dei
2644 699 2866 754 mensis
2883 699 3148 769 Augusti,
3182 698 3279 755 die
3307 700 3612 757 Dominico

1972 777 2107 850 (14),
2141 780 2293 839 hora
2317 786 2604 841 secunda.

2045 868 2179 924 XIII.
2242 870 2446 926 Petrus
2505 890 2639 930 vero
2690 875 2993 931 Tarsensis
3051 874 3213 930 urbis
3272 875 3611 949 episcopus,

1971 959 2072 1031 qui
2099 959 2302 1015 divino
2324 962 2695 1034 baptismatis
2723 964 2963 1021 lavacro
2988 981 3126 1019 eum
3152 966 3444 1037 purgavit,
3462 965 3616 1022 Non-

1975 1062 2089 1103 nus
2110 1049 2425 1122 episcopus
2448 1054 2843 1108 Bermensium
2884 1054 3218 1109 Theodulus
3248 1061 3304 1109 et
3334 1054 3615 1127 Synesius

1972 1135 2207 1192 diaconi
2264 1140 2517 1195 Marinus
2568 1146 2625 1196 et
2656 1141 2943 1211 Nicolaus,
2988 1142 3273 1197 Eusebius
3320 1148 3377 1198 et
3409 1144 3617 1215 Lamy-

1973 1224 2104 1280 rion
2146 1225 2417 1291 lectores,
2449 1244 2587 1284 cum
2634 1231 2899 1285 Andreas
2923 1231 3070 1301 ipse,
3102 1236 3158 1286 et
3186 1230 3223 1285 ii
3244 1231 3345 1303 qui
3384 1247 3520 1287 cum
3548 1248 3615 1287 eo

1974 1319 2161 1380 erant,
2200 1322 2503 1371 certamen
2543 1318 2878 1390 perpessuri
2902 1324 3118 1384 essent,
3160 1334 3191 1373 e
3215 1318 3503 1391 loginquo
3524 1335 3617 1375 se-

1975 1403 2329 1475 quebantur,
2364 1408 2661 1475 cupientes
2682 1422 2888 1463 eorum
2919 1406 3101 1463 ﬁnem
3123 1423 3479 1477 cognoscere
3503 1408 3616 1480 (15)

1974 1507 2154 1563 quem
2177 1498 2233 1547 et
2256 1495 3615 1567 cognoverunt,communem,inquam,illorum

1975 1581 2247 1636 omnium
2277 1582 2335 1637 in
2369 1583 2617 1639 Domino
2637 1584 3212 1640 consummationem
3242 1600 3534 1656 :quorum
3552 1600 3617 1641 se

1976 1670 2348 1726 venerandas
2395 1670 2674 1744 reliquias
2724 1679 3134 1745 reposuerunt,
3190 1678 3617 1741 congruentem

1903 1785 1945 1839 Β
1978 1758 2416 1815 venerationem
2444 1761 2813 1817 adhibentes.
2840 1762 3178 1816 Videruntet
3196 1760 3422 1816 fontem
3450 1759 3617 1816 illum

1977 1847 2473 1914 venerandum,et
2490 1852 2812 1905 multorum
2832 1847 3260 1904 miraculorum
3278 1847 3617 1903 effectorem

1977 1949 2047 1990 ex
2072 1935 2215 2006 justi
2238 1942 2293 1991 et
2324 1937 2525 2007 magni
2546 1938 2821 2010 martyris
2847 1937 3144 1993 deﬂuente
3171 1937 3460 2005 sanguine
3485 1952 3619 1993 sca-

1976 2023 2315 2089 turientem,
2340 2025 2444 2097 qui
2477 2025 2607 2081 fons
2636 2042 2773 2081 cum
2802 2026 3061 2097 primum
3101 2024 3382 2090 scaturiit,
3406 2039 3617 2096 repen-

1978 2116 2031 2167 te
2054 2113 2428 2169 curationum
2457 2113 2709 2186 gratiam
2738 2114 2935 2169 emisit
2961 2130 2973 2169 :
3004 2112 3203 2168 statim
3229 2112 3388 2168 enim
3429 2128 3617 2168 unum

1979 2216 2050 2255 ex
2066 2200 2403 2271 lectoribus,
2426 2217 2581 2274 quos
2601 2203 2883 2271 diximus,
2900 2200 3334 2274 Lamyrionem,
3354 2216 3390 2257 a
3406 2200 3618 2272 spiritu

1976 2289 2243 2361 quodam
2285 2306 2471 2362 pravo
2502 2296 2559 2346 et
2592 2292 2829 2362 impuro
2854 2290 3287 2363 perturbatum,
3314 2304 3509 2360 neque
3537 2287 3617 2344 ad

1977 2376 2141 2433 illum
2191 2395 2380 2450 usque
2426 2378 2585 2434 diem
2617 2379 2952 2447 liberatum,
3011 2377 3306 2449 imprimis
3363 2375 3614 2441 curavit,

1975 2466 2075 2539 qui
2126 2483 2263 2523 cum
2304 2467 2433 2523 aliis
2484 2466 2803 2523 lectoribus
2832 2482 3015 2523 sanus
3064 2465 3254 2521 rediit.
3289 2465 3509 2521 Idcirco
3538 2464 3620 2521 illi

1975 2556 2161 2611 Deum
2188 2556 2426 2627 hymnis
2451 2556 2843 2621 celebrarunt,
2867 2555 2971 2626 qui
2996 2569 3127 2611 vere
3157 2554 3217 2609 in
3246 2554 3464 2609 sanctis
3495 2552 3620 2608 suis

1975 2643 2269 2714 gloriosus
2297 2643 2558 2698 efﬁcitur.
2592 2644 2879 2698 Cmterum
2929 2643 2990 2697 in
3046 2642 3308 2697 Ciliciam
3362 2640 3621 2713 amplius

1974 2733 2165 2789 redire
2194 2732 2534 2798 noluerunt,
2556 2730 2845 2804 quoniam
2876 2731 3106 2786 Petrum
3130 2730 3433 2786 Tarsensis
3459 2728 3623 2785 urbis

1977 2822 2349 2893 episcopum,
2370 2820 2473 2892 qui
2501 2826 2824 2892 martyrem
2848 2819 3152 2877 Andream
3179 2834 3315 2874 cum
3331 2817 3529 2885 sociis,
3562 2821 3623 2873 ut

1978 2910 2203 2964 dictum
2219 2914 2325 2975 est,
2345 2908 2709 2981 baptismate
2726 2906 3388 2980 purgaverat,Seleucus
3408 2920 3620 2977 capere

1982 2996 2282 3053 studebat.
2306 2996 2800 3069 Abieruntigitur,
2832 2995 3035 3051 divina
3063 2994 3436 3067 providentia
3461 2992 3619 3048 ducti

1909 3126 1950 3181 Ο
1982 3101 2019 3140 n
2053 3086 2334 3181 Isauriam
2365 3085 2500 3156 (16),
2520 3085 2853 3181 laudantes
2884 3084 3063 3140 simul
3111 3088 3167 3140 et
3197 3082 3619 3181 benedicentes

1986 3174 2235 3230 Domino
2279 3172 2419 3227 Jesu
2475 3172 2911 3227 Christo:cum
2953 3187 3076 3244 quo
3130 3172 3282 3227 Patri
3333 3169 3511 3226 simul
3567 3173 3625 3225 et

1983 3266 2189 3318 sancto
2221 3260 2456 3332 Spiritui
2487 3261 2559 3315 sit
2584 3259 2772 3329 gloria
2791 3273 2951 3313 nunc
2981 3264 3039 3314 et
3064 3273 3317 3329 semper,
3340 3262 3399 3313 et
3426 3257 3485 3312 in
3517 3272 3625 3312 saa-

1982 3350 2120 3407 cula
2148 3348 2526 3406 saaculorum.
2556 3353 2766 3404 Amen.

1983 3526 2087 3601 qui
2111 3541 2182 3581 ea
2211 3524 2286 3601 de
2316 3523 2542 3601 causa?

2055 3600 2164 3669 (16)
2219 3599 2375 3660 Esto,
2411 3595 2636 3669 ‘Petrus
2666 3590 2932 3663 aliquam
2982 3590 3297 3669 rationem.
3326 3589 3621 3669 habuerit,

1983 3659 2126 3749 quia
2155 3659 2372 3749 nempe
2404 3659 2843 3749 SeleucusIeu'm
2872 3659 3477 3749 caperestudebatﬁi
3521 3663 3622 3715 Ac-

1984 3731 2057 3795 tis
2103 3731 2423 3801 credimus,
2459 3733 2724 3790 abeundi
2774 3739 2835 3788 In
2888 3731 3173 3787 Isauriam
3204 3748 3221 3800 ;
3254 3746 3460 3785 verum
3515 3747 3622 3786 cur

1984 3811 2142 3866 idem
2172 3809 2431 3863 fecerunt
2462 3810 2707 3861 Nonnus
2756 3802 3074 3875 episcopus
3114 3801 3466 3875 Bermensis,
3497 3801 3623 3875 alii:

1982 3898 2100 3955 que
2154 3877 2560 3955 ecclesiastici,
2581 3881 2634 3931 et
2679 3872 2812 3930 cur'
2842 3872 2978 3929 non'
3011 3873 3208 3945 potius
3276 3873 3497 3929 rediere
3553 3872 3626 3927 ad

1984 3949 2223 4026 propria
2248 3949 2275 4005 Τ

1242 4185 1436 4302 DE
1520 4178 2076 4303 SANCTO
2170 4170 2755 4295 BOMULO

1594 4392 1918 4449 MARTYRE
1952 4391 2021 4448 IN
2063 4386 2337 4445 GRIECIA

1895 4530 2023 4572 ιἰἜΙί

566 4646 665 4705 DE
708 4644 811 4706 SS.
858 4639 1357 4702 MARTYRIBUS
1402 4639 1773 4715 EUDOXIO,
1816 4638 2152 4711 ZENONE,
2197 4632 2541 4696 MACARIO
2583 4632 2679 4692 ET
2721 4629 2910 4692 MCIV
2951 4632 3331 4694 MILITIBUS

1344 4738 1732 4800 MELITlNzE
1774 4739 1853 4799 IN
1897 4735 2245 4798 ARMENIA
2288 4731 2583 4794 MINORI.

1091 4926 1242 4985 (Acta
1268 4927 1577 4977 sanctorum
1598 4922 1836 4974 Bolland.
1870 4922 1939 4974 ad
1963 4922 2107 4973 diem
2136 4922 2163 4969 5
2183 4917 2527 4983 Septembris,
2564 4919 2708 4966 tome
2739 4914 2825 4977 ll.)

280 5275 313 5348 ς
347 5278 400 5333 1.
432 5274 641 5348 cultus
671 5271 831 5348 apud
849 5271 1089 5348 Latinos
1120 5271 1342 5348 Graecos
1371 5270 1732 5348 intricatum
1757 5284 1877 5327 non
1909 5286 1954 5344 ι)
1988 5265 2241 5331 Romuli,
2275 5263 2427 5321 aulas
2457 5261 2694 5333 Trajani
2726 5258 3005 5332 preteeti,
3034 5258 3137 5330 qui
3167 5275 3306 5315 cum
3339 5262 3633 5318 saevitiam

428 5346 720 5404 cohzrens
753 5344 1077 5414 Menologii
1111 5344 1404 5400 Basiliani
1438 5344 1732 5400 narratio.

1987 5352 2359 5427 imperatoris
2378 5352 2439 5407 in
2451 5350 2808 5405 Christianos
2821 5348 3228 5412 detestaretur,
3244 5362 3437 5403 caesus
3455 5350 3633 5421 virgis

357 5451 842 5525 Martyrologium
864 5452 1435 5507 Romanumsanctos
1449 5447 1881 5518 hoscePugiles
1988 5445 2178 5516 capite
2208 5445 2515 5499 truncatus
2551 5444 2660 5493 est.
2692 5435 2956 5525 Melitinaa
2985 5436 3045 5492 in
3096 5435 3376 5492 Armenia
3433 5438 3636 5509 passio

286 5524 898 5613 adbSeptembrisita
914 5537 1230 5595 annuntiat
1257 5554 1271 5595 :
1296 5559 1324 5589 ‹‹
1349 5535 1880 5594 Eodemdiesancti
1991 5538 2332 5594 sanctorum
2395 5526 2646 5583 militum
2686 5524 2953 5596 Eudoxii,
2983 5525 3257 5592 Zenonis,
3291 5526 3547 5593 Macarii,
3579 5530 3639 5583 et
