4142 6278
518 318 615 373 611

1856 312 2117 368 MENSIS
2156 310 2585 373 SEPTEMBER.

3833 319 3952 373 612

522 443 824 499 sociorum
877 440 1033 497 mille
1064 443 1299 497 centum
1326 442 1381 494 et
1410 442 1645 511 quator,
1667 438 1771 511 qui
1818 437 2163 507 abjicientes
2191 438 2239 491 A
2274 438 2351 493 ad
2374 444 2653 511 tempora
2683 428 3069 494 Maximiani?
3092 425 3244 482 Vidit
3273 424 3434 482 haud
3465 423 3647 481 dubie
3668 424 3951 483 Nolanus

521 531 739 587 militias
765 530 1093 599 cingulum,
1128 530 1181 583 in
1216 527 1627 599 persecutione
1664 526 2001 582 Diocletiani
2056 541 2164 597 pro

522 620 891 675 confessione
910 618 1117 673 Christi
1134 616 1325 671 necati
1344 621 1535 671 sunt.»
1554 616 1719 671 Patet
1733 616 1826 670 hic
1846 615 2160 670 Romulum

519 708 748 777 sejungi
770 723 806 762 a
831 706 1070 777 reliquis
1098 723 1110 771 ;
1143 710 1383 768 etrecte,
1413 705 1494 760 uti
1524 709 1668 760 Acta
1694 703 1939 759 inferius
1961 703 2165 758 danda

518 796 853 851 ostendent.
891 794 1125 849 Fallitur
1156 800 1357 848 tamen
1390 793 1703 857 Brronius,
1735 792 1882 847 dum
1909 792 1966 847 in
1996 795 2165 847 Nota-

520 884 779 939 tionibus
813 882 887 937 ad
922 880 1404 953 Martyrologium
1435 882 1533 945 ait,
1566 902 1589 932 ι
1621 882 1801 936 61·ωοὶ
1851 883 1921 936 de
1952 879 2161 935 eodem

517 970 819 1039 (Romulo)
852 970 991 1025 item
1021 970 1134 1025 hac
1164 969 1257 1023 die
1286 969 1345 1024 in
1379 968 1712 1039 Menologio
1756 974 1939 1040 agunt
1972 990 1984 1021 :
2021 983 2164 1023 nam

517 1058 909 1128 Menologium
964 1058 1161 1112 Latine
1204 1072 1442 1113 versum
1494 1074 1530 1113 a
1581 1058 1785 1114 Sirleto
1842 1055 2160 1120 cardinale,

516 1146 683 1217 quod
739 1147 861 1216 ipse
888 1146 1183 1203 Baronius
1215 1145 1293 1200 ad
1319 1146 1583 1201 Januarii
1614 1146 1923 1217 proﬁtetur
1962 1160 2026 1199 se
2057 1146 2161 1200 Me-

515 1233 738 1303 nologii
766 1232 1007 1289 nomine
1038 1248 1272 1303 semper
1302 1233 1642 1304 intelligere,
1683 1233 1898 1303 aliique
1937 1234 2163 1287 Graeco-

516 1336 649 1376 rum
684 1320 820 1377 fasti
851 1321 1229 1376 ecclesiastici
1279 1320 1421 1375 nihil
1460 1336 1703 1391 prorsus
1766 1320 1880 1375 hac
1939 1319 2037 1374 die
2086 1319 2160 1374 de

518 1409 766 1465 Romulo
794 1409 1019 1465 habent
1050 1426 1063 1474 ;
1089 1410 1189 1463 sed
1210 1424 1347 1464 eum
1380 1425 1500 1465 una
1521 1424 1659 1463 cum
1686 1409 1911 1463 casteria
1945 1414 2162 1479 marty-

517 1498 683 1553 ribus
706 1497 1009 1552 celebrant
1030 1498 1065 1550 6
1096 1497 1482 1567 Septembris.

586 1592 638 1641 2.
675 1587 882 1656 Accipe
916 1587 1091 1641 verba
1122 1585 1344 1640 laudati
1394 1584 1699 1654 Menologii
1759 1584 2023 1640 Sirlctani
2082 1586 2160 1639 ab

521 1676 770 1730 Henrico
803 1675 1035 1731 Cauisio
1066 1674 1201 1728 editi
1238 1690 1251 1727 :
1288 1695 1314 1723 ι(
1350 1674 1569 1729 Eodem
1601 1674 1694 1728 die
1729 1674 1802 1744 [6]
1859 1679 2159 1728 certamen

2272 528 2384 583 ista
2434 544 2555 583 non
2608 526 2905 583 cohaarere
2934 518 3229 589 ;ideoque
3283 515 3344 571 in
3400 514 3820 571 additionibus
3863 516 3949 571 ad

2276 616 2615 672 Usuardum
2667 622 2696 671 5
2747 608 3112 685 Septembris
3138 604 3437 679 scripserit
3466 622 3478 659 :
3513 627 3533 653 ι
3566 604 3793 660 Eodem
3839 604 3948 660 die

2276 714 2370 769 SS.
2402 712 2530 769 MM.
2557 704 2825 768 Eudoxii,
2857 698 2961 774 qui
3005 703 3059 752 et
3106 695 3423 759 Marianas,
3456 693 3688 750 Romuli
3749 696 3947 750 Zeno-

2274 803 2384 868 nis,
2416 807 2473 858 et
2512 791 2897 865 Macarii,qui
2944 787 3059 842 sub
3106 785 3364 855 Trajano
3422 783 3707 855 martyrio
3761 799 3942 839 coro-

2274 896 2512 946 nantur.
2550 912 2571 940 ι
2606 886 2723 943 Sed
2755 879 3205 947 Metaphrastes,
3229 888 3412 945 quem
3439 872 3684 944 allegat,
3708 872 3941 929 diserte

2275 980 2451 1036 tradit
2472 976 2789 1035 Romulum
2808 972 2980 1042 jussu
2999 963 3235 1035 Trajani
3256 967 3561 1026 necatum,
3590 961 3938 1019 Eudoxium

2272 1085 2412 1124 vero
2444 1068 2712 1137 aliosque
2743 1061 2849 1117 diu
2880 1060 3018 1129 post
3051 1051 3335 1124 martyrio
3375 1049 3621 1107 affectos
3651 1066 3787 1113 esse
3817 1052 3939 1107 sub

2275 1157 2652 1213 Diocletiano.
2682 1147 2982 1206 Ferrarius
3012 1146 3072 1200 in
3098 1140 3381 1210 Catalogo
3408 1139 3668 1210 generali
3692 1144 3941 1197 sancto.

2270 1262 2402 1301 rum
2434 1246 2511 1302 ad
2537 1248 2568 1299 6
2600 1235 2964 1314 Septembris
2981 1233 3213 1289 videtur
3245 1234 3536 1301 martyres
3564 1228 3713 1283 velle
3744 1229 3940 1298 gemi-

2272 1350 2456 1390 nare:
2505 1331 2812 1405 praemissa
2867 1324 3018 1381 enim
3055 1320 3166 1375 hac
3216 1318 3688 1383 annuntiatione,
3758 1317 3938 1374 Meli-

2271 1430 2424 1480 tenae
2454 1424 2513 1478 in
2545 1418 2822 1477 Armenia
2851 1417 2948 1480 SS,
2982 1412 3306 1481 Martyrum
3341 1406 3611 1472 Eudoxii,
3655 1406 3932 1476 Romuli,

2271 1518 2325 1569 et
2355 1513 2648 1567 sociorum
2682 1508 2794 1562 sub
2822 1502 3097 1573 Trajano.
3127 1519 3155 1550 »
3190 1512 3376 1569 quam
3422 1501 3588 1551 notat
3640 1511 3714 1551 ex
3756 1495 3938 1551 Gale-

2270 1601 2420 1656 sinio
2456 1599 2837 1667 desumptam
2881 1607 3029 1660 esse,
3080 1586 3277 1643 subdit
3318 1604 3387 1637 :«
3438 1588 3515 1640 De
3568 1583 3837 1639 Eudoxio
3874 1590 3939 1640 et

2273 1705 2396 1744 soc.
2429 1687 2707 1742 Melitenae
2740 1681 2931 1754 passis
2960 1677 3156 1749 agitur
3184 1675 3242 1730 in
3286 1671 3579 1744 Martyrol.
3612 1675 3781 1728 Rom.
3829 1672 3933 1728 die

516 1769 858 1819 Sanctorum
905 1769 1233 1833 martyrum
1268 1762 1532 1827 Ευάοιίίι
1589 1764 1854 1825 Zenonis:
1907 1761 2157 1825 Βοωυη»
2192 1786 2239 1842 Β
2273 1776 2504 1848 praaced
2537 1792 2550 1839 ;
2599 1772 2702 1829 sed
2734 1770 2841 1825 sub
2892 1763 3256 1822 Diocletiano
3291 1781 3304 1815 :
3346 1761 3406 1816 bi
3444 1776 3582 1815 vero
3638 1761 3753 1815 sub
3789 1761 3935 1817 Tra-

516 1854 746 1909 Macarii
791 1858 847 1906 et
902 1850 1286 1921 reliquorum.
1320 1852 1569 1905 Sanctus
1626 1849 1915 1904 Romulus
1969 1852 2159 1920 capite
2263 1866 2403 1935 iano
2435 1862 2595 1935 passi
2646 1858 2979 1914 traduntur.
3032 1855 3112 1907 De
3161 1848 3412 1906 Romulo
3460 1848 3751 1903 duntaxat
3803 1848 3935 1916 agit

513 1942 901 1997 obtruncatus
941 1946 1031 1994 est
1073 1956 1107 1994 a
1136 1940 1385 2009 Trajano
1428 1938 1808 2010 imperatore,
1834 1940 1936 2011 qui
1965 1940 2159 1994 Chris-

513 2029 706 2084 tianos
736 2028 1024 2099 plurimos
1042 2028 1101 2082 in
1129 2028 1396 2086 diversas
1419 2029 1691 2095 regiones
1722 2028 1955 2082 exsules
1978 2029 2155 2093 misit,

510 2117 615 2172 sed
646 2117 705 2171 in
758 2116 1098 2173 Christianae
1154 2115 1288 2170 ﬁdei
1319 2116 1689 2171 confessione
1740 2123 2156 2186 permanentes

514 2205 719 2260 mortis
741 2204 1033 2275 supplicio
1058 2203 1334 2273 subjecit.
1356 2204 1656 2259 Eudoxius
1678 2220 1811 2259 vero
1828 2220 2028 2259 comes
2042 2206 2155 2260 sub

510 2292 869 2347 Diocletiano
900 2292 1173 2347 detentus
1202 2292 1243 2346 'a
1264 2292 1514 2363 praeside
1545 2292 1812 2348 Melitinaa
1843 2294 2155 2347 obtrunca-

511 2386 604 2436 tus
648 2385 1026 2450 estcumque
1056 2395 1126 2433 eo
1183 2380 1397 2434 milites
1452 2396 1703 2435 numero
1752 2381 1908 2434 1104.
1944 2381 2153 2436 Paucis

508 2477 643 2539 post
673 2468 883 2523 diebus
908 2467 969 2521 Β.
1002 2471 1155 2523 Zeno
1180 2484 1317 2523 cum
1345 2468 1585 2539 reliquis
1611 2471 1666 2524 S.
1694 2469 1937 2524 Eudoxii
1959 2469 2151 2535 sociis,

508 2556 774 2628 martyrii
805 2572 1089 2611 coronam
1113 2558 1360 2627 accepit.
1386 2579 1413 2606 ››
1448 2558 1615 2613 Clara
1641 2557 1769 2612 haec
1795 2563 1851 2612 et
1879 2558 2154 2613 distincta

509 2649 649 2700 sunt
674 2661 687 2698 :
724 2651 781 2698 at
806 2644 1198 2712 Menologium
1224 2646 1398 2712 jussu
1418 2645 1611 2699 Basilii
1639 2644 2008 2715 imperatoris
2022 2648 2154 2701 Por-

507 2732 972 2803 phyrogennetaa
1000 2730 1217 2786 smaulo
1247 2746 1285 2785 x
1314 2730 1648 2796 collectum,
1680 2739 1735 2786 et
1767 2732 1967 2787 Urbini
1992 2749 2151 2787 anno

510 2824 641 2873 1727
705 2820 1064 2890 impressum
1149 2818 1609 2887 Greco-Latine,
1696 2825 1995 2876 certamen
2048 2822 2147 2877 SS.

506 2906 644 2961 MM.
669 2907 933 2971 Eudoxii,
962 2906 1214 2971 Romuli,
1238 2912 1295 2962 et
1323 2908 1621 2962 sociorum
1644 2908 1720 2964 ad
1742 2908 1967 2963 dictum
1989 2910 2146 2964 diem

504 2994 675 3050 valde
738 2994 1005 3049 intricate
1061 3000 1119 3049 et
1173 2995 1418 3050 confuse
1483 3002 1687 3051 narrat
1737 2996 1847 3051 hoc
1902 2998 2082 3053 modo
2132 3016 2143 3054 :

506 3101 535 3133 «
592 3082 886 3138 Eudoxius
943 3082 1153 3139 Christi
1243 3090 1485 3155 martyr,
1541 3086 1793 3155 Trajano
1849 3084 2145 3143 Romano-

500 3186 635 3225 rum
698 3170 1100 3242 imperatore,
1168 3188 1369 3227 comes
1448 3173 1655 3228 ordine
1732 3173 1858 3239 fuit,
1922 3175 2147 3230 multis-

499 3273 618 3329 que
648 3259 896 3314 militum
937 3259 1173 3314 milibus
1219 3260 1440 3330 (Graece
1488 3267 1711 3334 μυρίους
1767 3267 1855 3315 καὶ
1912 3263 2141 3333 χιλίους,

500 3346 560 3401 id
592 3353 701 3412 est,
730 3364 789 3401 xi
822 3348 997 3411 mille)
1025 3348 1082 3402 in
1132 3347 1321 3403 Gallia
1372 3348 1695 3421 imperavit.
1732 3351 2017 3405 Romulus
2044 3369 2145 3407 au-

497 3438 619 3488 tem
651 3434 800 3490 aula:
827 3434 1218 3506 imperatoriae
1270 3437 1641 3506 praepositus,
1676 3443 1882 3491 auctor
1930 3438 2037 3493 fuit
2066 3439 2144 3493 ei-

497 3521 636 3577 dem
666 3523 935 3591 Trajano,
970 3528 1034 3577 ut
1055 3524 1113 3578 in
1144 3524 1393 3579 Galliam
1424 3526 1695 3591 mitteret,
1728 3525 1833 3595 qui
1867 3526 2143 3583 Christia-

495 3625 606 3665 nos
638 3610 849 3665 milites
880 3611 994 3665 diis
1023 3612 1335 3667 immolare
1376 3613 1815 3684 compellerent.
1845 3616 1971 3679 Quo
2013 3632 2139 3687 per-

496 3703 648 3765 acto,
680 3713 815 3752 cum
834 3699 1045 3753 milites
1072 3699 1223 3753 adid
1242 3701 1576 3755 faciendum
1602 3702 1801 3756 induci
1827 3706 2139 3774 nequirent

495 3785 555 3839 in
589 3783 902 3839 Melitinam
934 3786 1223 3840 Armeniae
1283 3789 1491 3842 urbem
1534 3788 1773 3859 relegati
1814 3798 1968 3844 sunt.
2004 3794 2137 3847 Post

495 3873 619 3926 huic
646 3872 931 3927 Romulus
964 3872 1306 3944 poenitentia
1326 3874 1557 3943 ductus,
1586 3892 1722 3930 cum
1751 3860 1808 3931 in
1844 3878 2136 3935 Christum

492 3959 853 4023 credidisset,
886 3961 1325 4032 Trajanumque
1356 3962 1759 4033 objurgasset,
1789 3967 1980 4037 capite
2013 3968 2137 4038 ple-

490 4064 603 4103 xus
624 4052 727 4103 est.
748 4047 970 4104 Deinde
988 4066 1123 4104 cum
1144 4049 1394 4121 imperio
1428 4051 1646 4123 potitus
1672 4061 1826 4109 esset
1843 4056 2134 4112 Maximia-

489 4150 621 4204 nus,
656 4136 1051 4209 edixissetque
1109 4138 1472 4195 Christianos
1526 4140 1793 4206 interfici,
1824 4144 2134 4203 mandavit

490 4240 594 4296 per
620 4224 839 4280 litteras
866 4231 922 4282 et
959 4227 1224 4283 Melitinaa
1250 4230 1549 4300 praefecto,
1584 4236 1646 4286 ut
1710 4231 1921 4289 Christi
1951 4235 2131 4291 culto-

486 4328 582 4369 res
617 4314 927 4371 occideret.
955 4318 1142 4380 Quare
1184 4318 1516 4374 Eudoxium
1552 4322 1847 4384 comitem,
1877 4324 2127 4396 ejusque

487 4405 679 4459 socios
708 4402 917 4458 milites
968 4406 1453 4474 comprehensos,
1488 4409 1649 4476 quod
1682 4409 1843 4464 idola
1875 4412 2125 4469 adorare

484 4488 725 4556 nollent,
755 4491 1017 4561 primum
1054 4490 1296 4559 quidem
1327 4493 1526 4547 multis
1560 4495 1865 4565 suppliciis
1896 4502 2127 4557 vexavit

482 4576 729 4633 demum
755 4579 945 4648 capite
975 4576 1366 4632 obtruncavit.
1398 4599 1427 4630 »

555 4679 605 4731 3.
644 4675 839 4730 Versio
860 4672 1094 4727 Arcudii
1128 4672 1239 4727 col.
1275 4677 1377 4729 250
1403 4676 1551 4730 inter
1577 4679 1876 4736 Anecdota
1909 4684 2122 4754 Ughel-

480 4762 644 4819 liana
674 4769 836 4819 tomo
866 4762 919 4815 X
946 4762 1135 4817 Italiae
1163 4778 1355 4818 sacrae
1377 4765 1622 4820 Venetiis
1649 4782 1892 4836 recusas,
1920 4774 2123 4843 quoad

480 4866 721 4906 sensum
754 4850 963 4907 eadem
996 4848 1115 4904 fere
1146 4857 1249 4914 est,
1283 4851 1521 4922 qualem
1552 4860 1607 4909 et
1633 4854 1963 4914 Galesinius
1985 4867 2121 4919 ante

478 4938 723 4995 dederat
750 4941 808 4994 in
834 4955 942 4993 suo
965 4937 1409 5009 Martyrologio:
1440 4947 1706 4997 nostrum
1736 4961 1978 5018 quoque
2007 4967 2115 5005 ms.

478 5028 780 5099 exemplar
810 5028 1076 5083 Graecum
1110 5028 1416 5097 Menologii
1454 5030 1737 5087 Basiliani
1771 5037 1973 5091 statuit
2012 5041 2119 5093 Eu-

474 5113 721 5169 doxium
751 5116 1029 5170 comitem
1064 5115 1177 5169 sub
1206 5115 1477 5185 Trajano,
1511 5123 1836 5190 martyrem
1861 5124 1972 5179 sub
1998 5126 2118 5183 Ma-

474 5201 822 5256 ximiniano.
848 5201 1161 5255 Conciliari
1200 5202 1321 5257 haec
1369 5202 1572 5259 forsan
1631 5213 1923 5281 utcunque
1983 5230 2101 5283 pos-

474 5292 625 5351 sent,
653 5288 701 5341 si
755 5305 855 5358 per
884 5289 1205 5357 Trajanum
1260 5292 1623 5360 signiﬁcetur
1652 5296 1878 5363 Decius,
1912 5304 2112 5372 utpote

471 5374 760 5441 Trajanus
804 5377 1169 5443 praanomine
1199 5395 1212 5444 ;
1245 5384 1304 5434 at
1350 5380 1396 5433 si
1434 5382 1749 5449 Eudoxius,
1784 5386 2110 5457 imperante

470 5460 725 5529 Trajano
752 5461 1023 5529 proximo
1054 5466 1254 5520 Nervae
1295 5484 1660 5537 successore,
1691 5473 1855 5530 initio
1908 5481 2108 5535 saaculi

472 5567 508 5601 ιι
542 5562 743 5602 comes
765 5546 893 5612 fuit,
922 5550 1056 5616 quis
1088 5554 1289 5607 credat
1318 5556 1487 5612 illum
1520 5559 1698 5615 vitam
1755 5566 2107 5634 produxrsse

2269 1950 2561 2023 Martyrol.
2598 1951 2761 2011 Rom,
2794 1939 3151 2018 praecedenti
3176 1939 3292 1995 die.
3325 1958 3350 1988 ι
3395 1936 3633 1993 Nicolao
3662 1937 3929 1991 Antonio

2268 2042 2423 2096 infra
2437 2038 2676 2094 citando
2690 2036 2954 2091 videntur
2966 2048 3064 2087 om
3074 2046 3179 2084 nes
3196 2026 3469 2099 ejusdem
3482 2026 3693 2095 agonis
3710 2026 3925 2081 trium-

2266 2129 2547 2202 phatores
2580 2140 2707 2182 esse
2737 2140 2751 2189 ;
2793 2128 2851 2179 at
2882 2136 2999 2177 non
3035 2117 3306 2173 edisserit
3356 2114 3469 2169 sub
3498 2129 3621 2185 quo
3661 2112 3921 2186 impera-

2269 2225 2409 2274 tore.

2334 2311 2385 2361 4.
2423 2308 2653 2361 Festum
2688 2304 2744 2357 S.
2779 2297 3025 2356 Eudoxii
3051 2301 3109 2352 et
3140 2295 3432 2351 sociorum
3462 2293 3519 2348 in
3559 2293 3777 2363 Typico
3812 2309 3923 2348 seu

2263 2396 2473 2451 Rituali
2500 2396 2554 2449 S.
2583 2392 2755 2448 Sabm
2794 2388 3106 2446 colendum
3150 2382 3555 2456 praescribitur
3587 2380 3619 2435 6
3652 2383 3920 2451 Septem-

2262 2484 2385 2538 bris
2416 2482 2507 2537 his
2541 2478 2737 2535 verbis
2780 2496 2793 2533 :
2831 2482 2931 2530 Kal.
2982 2483 3074 2527 τοῦ
3122 2474 3274 2544 ἁγίου
3330 2473 3591 2546 μάρτυρος
3636 2466 3917 2539 Εὗδοξίου,

2262 2577 2350 2623 καὶ
2424 2578 2523 2621 τῶν
2585 2572 2679 2621 σὺν
2770 2570 2910 2635 αὑτῳ
2971 2563 3308 2621 ἁθλησάντων
3381 2560 3544 2630 ἁγίων
3625 2562 3919 2632 Μαρτύρων

2262 2660 2322 2714 id
2353 2664 2459 2723 est,
2498 2659 2570 2713 Et
2600 2658 2653 2711 S.
2690 2658 2769 2711 M.
2817 2654 3089 2717 Eudoxii,
3141 2666 3211 2707 ac
3246 2650 3355 2707 SS.
3412 2649 3745 2718 Martyrum
3784 2664 3918 2704 cum

2260 2751 2385 2818 ipso
2398 2762 2727 2815 passorum,
2746 2747 2963 2800 Menaea
2982 2756 3203 2809 magna
3223 2738 3516 2809 impressa
3538 2735 3616 2791 ad
3631 2738 3914 2792 eumdem

2259 2836 2415 2891 diem
2447 2836 2645 2890 Graece
2668 2834 2752 2889 sic
2769 2832 2997 2887 habent
3022 2846 3034 2884 :
3065 2852 3085 2878 ι
3118 2827 3423 2883 Certamen
3444 2826 3541 2882 SS.
3566 2825 3691 2881 MM.
3726 2825 3909 2881 Eudo-

2256 2925 2357 2991 xii,
2383 2923 2656 2986 Zenonis,
2693 2920 2924 2978 Romuli
2970 2925 3027 2975 et
3055 2915 3311 2985 Macarii,
3339 2936 3367 2967 »
3425 2922 3483 2969 et
3514 2914 3901 2986 sequentibus

2257 3030 2358 3068 eos
2385 3017 2602 3068 ornant
2629 3008 2931 3066 versiculis
2964 3024 2977 3062 :

2185 3130 2225 3185 ρ
2254 3114 2540 3185 Τμηθέντες
2570 3105 2839 3170 Ευδόξιος,
2872 3104 3147 3185 Ῥωμύλος.
3180 3108 3374 3185 Ζρνων.

2258 3174 2358 3236 Κάὶ
2385 3183 2668 3254 Μακάριος,
2699 3174 3017 3250 μακαριστοὶ
3048 3184 3137 3227 τοῦ
3178 3174 3372 3234 τέλους.

2257 3279 2457 3346 Capite
2484 3278 2690 3331 minuti
2718 3274 3042 3346 Elidos-ius,
3078 3272 3359 3346 Romulus
3386 3272 3566 3325 Zenon

2252 3343 2661 3403 Ac'Macarius
2689 3348 2866 3413 ﬁnem
2900 3345 3133 3401 beatum
3163 3343 3446 3398 obtinent.

2251 3446 2517 3519 Μακάριος
2592 3448 2650 3498 et
2700 3444 3025 3515 μακαριστὸς
3089 3445 3309 3496 sonant
3358 3438 3556 3494 beatus
3604 3436 3712 3501 ;in
3765 3450 3891 3507 quo

2250 3535 2388 3590 lusit
2416 3537 2610 3606 poeta,
2668 3531 3072 3601 signiﬁcatum
3121 3528 3382 3585 nominis
3439 3524 3661 3599 proprii
3715 3524 3895 3579 unius

2250 3622 2526 3694 martyris
2570 3636 2676 3692 per
2741 3619 3163 3691 appellativum
3216 3615 3498 3673 omnibus
3542 3614 3894 3671 attribuens.

2246 3711 2526 3767 Subditur
2544 3710 2804 3779 elogium
2836 3708 2978 3763 satis
3000 3706 3319 3779 prolixum,
3339 3705 3511 3773 cujus
3529 3703 3644 3758 hoc
3662 3703 3894 3758 initium

2244 3805 2331 3856 est
2390 3816 2401 3853 :
2456 3798 2615 3859 Οὗτος
2674 3798 2822 3869 ἅγιος
2872 3796 3130 3869 Ῥωμύλος
3221 3794 3302 3846 ἐπὶ
3358 3799 3617 3867 Τραϊανοῦ
3664 3796 3759 3850 τὴν
3812 3809 3893 3843 κε-

2245 3889 2405 3959 φαλὴν
2454 3886 2705 3960 ἀφῃρέθη.
2752 3887 2863 3941 Hic
2900 3886 2953 3940 S.
3013 3885 3287 3941 Romulus
3341 3883 3444 3938 sub
3492 3882 3759 3952 Trajano
3803 3896 3892 3937 ca-

2240 3976 2360 4046 pite
2384 3982 2692 4031 truncatus
2713 3981 2820 4031 est.
2838 3974 2974 4030 Deiu
3000 3975 3196 4044 agitur
3219 3972 3293 4029 de
3322 3969 3583 4027 Eudoxio
3611 3969 3669 4025 al
3699 3969 3891 4041 iisque

2242 4070 2508 4135 tempore
2549 4063 2884 4119 Diocletiani
2914 4062 3236 4118 coronatis.
3285 4061 3477 4115 Pauca
3520 4057 3620 4113 illa
3664 4058 3888 4113 ideirco

2240 4153 2356 4209 huc
2389 4151 2676 4217 transtuli,
2709 4168 2783 4207 ne
2826 4152 2960 4223 quis
2992 4150 3148 4206 solos
3193 4147 3513 4204 versiculos
3543 4162 3614 4206 ac
3648 4145 3883 4200 titulum

2238 4241 2439 4314 legens
2471 4241 2847 4306 existimaret,
2880 4239 2939 4295 in
2968 4238 3199 4296 Menaeis
3232 4236 3515 4308 conjungi
3536 4236 3715 4290 hosce
3745 4236 3885 4290 Mar-

2239 4337 2389 4400 tyres
2436 4334 2725 4400 tanquam
2782 4328 2840 4383 in
2896 4329 3107 4383 eadem
3154 4325 3563 4397 persecutione
3613 4338 3826 4391 passos
3866 4339 3880 4377 :

2236 4418 2399 4490 quod
2427 4433 2570 4474 sane
2600 4434 2855 4489 pronum
2887 4422 3039 4471 esset
3075 4413 3309 4486 opinari
3342 4429 3412 4468 ex
3443 4411 3630 4475 titulo,
3666 4412 3883 4467 Romu-

2234 4506 2361 4561 lum
2389 4507 2517 4561 aliis
2544 4506 2997 4561 intermiscente.

2307 4600 2357 4661 5,
2390 4595 2523 4649 Post
2552 4599 2946 4649 memoratum
2965 4592 3222 4661 elogium
3238 4589 3503 4662 sequitur
3521 4588 3880 4643 aliaannun-

2233 4682 2396 4738 tiatio
2458 4705 2469 4736 :
2524 4687 2597 4754 Τῇ
2654 4681 2783 4753 αὐτῇ
2842 4684 3010 4753 ἡμέρᾳ
3062 4680 3241 4732 ἑκατὸν
3299 4684 3548 4752 τέσσαρες
3586 4682 3675 4728 καὶ
3704 4676 3879 4747 χίλιοι

2234 4779 2623 4843 στρατιῶται...
2681 4770 2812 4841 ξίφη
2878 4770 3208 4823 τελειοῦνται.
3260 4768 3325 4822 Id
3375 4770 3485 4829 est,
3545 4766 3733 4821 eodem
3783 4765 3879 4820 die

2230 4866 2462 4914 centum
2495 4865 2752 4931 quatuor
2780 4874 2849 4915 ac
2876 4859 3041 4914 mille
3065 4858 3343 4913 milites...
3370 4854 3569 4927 gladio
3591 4854 3719 4909 cmi
3744 4869 3876 4909 cons

2227 4954 2517 5003 summam
2548 4950 2925 5018 martyrium.
2974 4948 3071 5002 His
3100 4945 3314 5001 deinde
3356 4944 3477 5000 bini
3521 4944 3876 4999 accinuntur

2227 5035 2505 5091 versiculi
2541 5053 2554 5101 ;

2226 5134 2378 5192 Δεκὰς
2408 5129 2653 5207 δεκαπᾏῆ-
2676 5138 2762 5185 καὶ
2800 5132 2982 5207 χιλιὰς
3018 5135 3292 5207 μαρτυρων

2227 5208 2324 5256 Καὶ
2358 5206 2539 5276 τετρὰς
2570 5203 2701 5262 ἁπλῆ
2742 5203 3114 5257 συντελωτῶσὶ
3142 5203 3294 5275 ξίφει.

2292 5302 2447 5365 Quos
2476 5301 2678 5356 Latine
2712 5302 2792 5356 sic
2828 5306 3044 5357 vertas.

2220 5407 2403 5460 Decas
2431 5406 2677 5473 decupla
2705 5413 2758 5461 et
2789 5406 2993 5461 chilias
3024 5406 3377 5476 Martyrum.

2222 5478 2654 5545 Quaternioque
2681 5476 2855 5531 simul
2876 5493 3011 5533 ense
3035 5475 3209 5534 vitam
3242 5475 3481 5542 ﬂniuut,

2290 5571 2416 5625 lstis
2444 5572 2742 5627 versiculis
2792 5575 3017 5629 addunt
3059 5577 3277 5630 Menaea
3326 5571 3619 5625 distichon
3676 5570 3865 5636 aliud,
