4142 6278
180 338 292 394 613

1314 332 1640 400 ACTA,SS.
1687 330 2000 397 EUDOXII,
2044 333 2343 402 ROMULI,
2384 336 2528 393 ΕΤο.

3523 346 3625 399 614

184 463 526 537 exprimens
553 460 743 517 simile
782 458 1134 530 martyrium
1184 460 1239 515 8.
1300 458 1627 527 Calodotes,
1666 472 1847 530 quam
1880 460 2045 513 Aest
2086 460 2220 515 Post
2247 462 2566 531 Trajanum
2597 469 2795 519 autem
2827 467 2883 518 et
2911 462 3171 535 reliquos
3231 463 3624 536 imperatores

185 559 248 610 et
274 554 335 608 in
371 549 820 609 annuntiatione
853 563 989 604 mox
1018 547 1159 604 data
1188 547 1560 618 conjungunt
1594 546 1850 603 laudatis

188 640 501 704 militibus,
524 639 627 694 sed
657 653 972 711 perperam
1001 653 1012 690 :
1038 652 1180 693 nam
1229 641 1435 691 sancta
1478 635 1576 691 illa
1628 642 1852 706 martyr

188 728 271 786 ad
318 729 396 784 ha
442 727 746 784 cclassem
780 742 897 781 non
925 726 1198 797 pertinet.
1233 726 1475 781 Dabitur
1491 740 1629 779 cum
1677 723 1851 779 sociis

190 818 316 874 suis
341 817 436 873 die
466 818 502 872 6
548 814 934 888 Septembris.
976 817 1252 886 Martyres
1305 818 1506 869 autem
1570 812 1721 877 1104,
1777 812 1851 867 de

188 907 411 978 quibus
436 905 531 961 hic
564 912 832 976 separate
856 903 1071 973 agitur,
1127 903 1288 960 haud
1337 904 1521 959 dubie
1575 908 1717 957 sunt
1768 900 1847 956 illi

192 995 429 1061 milites,
463 1010 619 1067 quos
668 993 932 1062 elogium
988 993 1230 1049 citatum
1278 996 1483 1048 narrat
1531 991 1851 1064 projecisse

188 1084 421 1141 balteos
451 1099 654 1139 coram
688 1081 934 1154 praeside
964 1080 1234 1152 exemplo
1250 1083 1304 1137 8.
1327 1081 1568 1136 Eudoxii
1597 1082 1853 1146 ;utrobi-

188 1189 309 1246 que
328 1173 512 1235 enim,
542 1172 721 1227 etiam
753 1172 811 1225 in
841 1172 993 1226 Actis
1022 1177 1080 1226 et
1112 1187 1223 1225 ms.
1271 1170 1595 1239 Menologio
1650 1169 1851 1226 Slavo.

188 1262 455 1327 Russico,
488 1277 557 1317 ac
589 1259 915 1331 Synaxario
941 1259 1231 1316 Ruthenio
1266 1258 1423 1314 infra
1464 1257 1855 1313 memorando

185 1346 351 1401 idem
380 1350 465 1401 est
489 1359 778 1401 numerus
810 1348 963 1412 1104,
1005 1360 1113 1400 nec
1145 1344 1328 1400 ullum
1363 1347 1611 1415 apparet
1638 1341 1857 1398 distin-

188 1434 401 1492 ctionis
446 1434 928 1490 fundamentum.

262 1527 312 1579 6.
348 1522 771 1579 Desiderantur
791 1522 977 1578 sancti
1016 1522 1198 1577 nostri
1229 1523 1289 1577 in
1309 1521 1550 1577 duobus
1578 1526 1857 1575 Armeno-

189 1628 324 1668 rum
357 1611 699 1680 Menologiis
728 1610 806 1667 ab
830 1610 1340 1666 Assemanoeditis
1366 1616 1530 1665 tomo
1552 1611 1617 1664 lll
1643 1608 1857 1663 Biblio-

190 1701 375 1757 theca)
424 1700 733 1757 Orientalis
780 1699 1491 1767 Clementino-Vaticanas,
1550 1712 1688 1767 pag.
1747 1698 1853 1751 645

1957 562 2076 601 non
2109 549 2314 619 paucis
2352 552 2526 606 annis
2548 552 2783 622 elapsis,
2811 568 2949 607 cum
2978 552 3378 609 Diocletianus
3429 556 3620 626 impe-

1958 635 2111 691 rium
2152 638 2403 709 adeptus
2434 646 2611 701 esset,
2633 640 2929 695 Eudoxius
2954 657 3156 697 comes
3174 642 3398 712 capites
3418 642 3624 712 plexus

1959 730 2048 779 est
2086 741 2222 781 cum
2253 730 2484 783 Zenone
2519 735 2574 782 et
2599 730 2873 797 Macario,
2903 729 3013 800 ἅμα
3057 733 3151 780 σὺν
3194 736 3297 790 τοῖς
3338 729 3424 781 ὑπ’
3457 731 3624 782 αὐτῶν

1962 822 2328 887 στρατιώταις,
2385 821 2468 869 τὸν
2526 816 2745 892 ἀριθμὸν
2801 814 2920 870 οὖσι
2996 818 3195 890 χιλίοις
3252 819 3431 872 ἑκατὸν
3482 822 3627 895 τριά-

1960 920 2116 954 κοντα
2142 908 2422 979 τέσσαρσιν
2448 906 2504 959 id
2538 910 2645 973 est,
2689 922 2807 962 una
2842 922 2977 961 cum
3033 906 3342 976 militibus,
3390 910 3492 979 qui
3540 909 3625 963 eis

1964 991 2275 1061 parebant,
2310 1010 2559 1049 numero
2615 994 2774 1049 mille
2802 999 3043 1050 centum
3072 995 3311 1064 triginta
3342 1002 3623 1066 quatuor.

1961 1079 2016 1132 Ἡ
2073 1082 2133 1133 δὲ
2188 1081 2355 1133 αὐτῶν
2410 1082 2618 1145 σύναξις
2666 1082 2884 1135 τελεῖται
2942 1082 2989 1135 ἐν
3046 1092 3115 1153 τῷ
3182 1089 3477 1158 μαρτυρείῳ
3532 1092 3625 1138 τοῦ

1962 1168 2051 1239 ἀγ.
2106 1175 2395 1243 Προκοπίου
2454 1167 2599 1223 ἔνδον
2646 1179 2735 1222 τοῦ
2794 1171 2879 1242 ἁγ.
2939 1193 2993 1243 μ..
3053 1178 3223 1230 Μηνᾶ.
3287 1172 3627 1228 Celebratur

1965 1263 2166 1312 autem
2199 1259 2464 1329 ipsorum
2495 1258 2785 1313 memoria
2812 1259 2869 1312 in
2915 1259 3177 1315 oratorio
3234 1262 3289 1313 S.
3332 1261 3623 1331 Procopii,

1965 1345 2127 1416 quod
2162 1345 2331 1400 estin
2365 1346 2585 1417 templo
2615 1349 2669 1402 8.
2699 1349 2764 1402 M.
2815 1349 3014 1402 Menas.
3053 1369 3073 1396 ι
3120 1350 3197 1402 De
3224 1364 3393 1403 sacra
3447 1348 3627 1403 aedes

1968 1433 2356 1489 Constantino
2390 1437 2600 1503 Magno
2652 1434 2850 1490 dicata
2896 1442 3100 1490 sancto
3147 1439 3326 1491 Mena:
3379 1435 3623 1507 martyri

1966 1526 2159 1591 potest
2209 1522 2391 1577 videri
2468 1523 2743 1593 Cangius,
2796 1523 2950 1578 libro
2994 1539 3048 1578 iv
3094 1524 3627 1593 Constantinopolis

1966 1611 2331 1675 Christianae,
2384 1617 2525 1665 sect.
2558 1612 2801 1675 9,num.
2864 1613 2968 1677 62;
3033 1611 3255 1668 ibidem
3314 1628 3480 1667 num.
3533 1614 3623 1680 38,

1964 1699 2251 1769 templum
2284 1701 2339 1753 8.
2374 1700 2599 1754 Eudoxi
2632 1705 3046 1755 consecratum
3079 1700 3255 1756 fuisse
3314 1702 3532 1756 seaculo
3571 1718 3625 1756 1v

189 1791 368 1847 61649
402 1809 415 1857 ;
460 1796 520 1846 at
575 1790 633 1845 in
676 1806 787 1847 ms.
844 1787 1124 1859 Catalogo
1182 1794 1523 1844 sanctorum
1582 1786 1851 1841 Armenis
1882 1802 1927 1859 Β
1963 1787 2055 1842 vel
2086 1804 2141 1851 v,
2172 1788 2482 1843 narrathis
2501 1787 2723 1842 verbis:
2758 1790 2858 1845 «S.
2880 1789 3303 1845 Eudoxioasdes
3325 1794 3624 1845 exstructa

188 1878 643 1943 celebratorum,
670 1893 851 1949 quem
885 1877 1288 1949 Papebrochio
1319 1876 1479 1932 misit
1502 1876 1566 1930 D.
1603 1874 1846 1931 Ludovic

186 1984 293 2024 cus
350 1969 593 2040 Picques
650 1965 856 2023 doctor
914 1966 1294 2030 Sorbonicus,
1370 1965 1498 2020 haec
1560 1979 1728 2018 num.
1785 1966 1853 2017 50

184 2056 505 2126 leguntur:
567 2078 595 2105 «
660 2056 1087 2111 Testimonium
1144 2055 1200 2111 S.
1262 2053 1530 2110 Euductii
1575 2048 1851 2122 (Εύδξίον)

184 2145 287 2217 qui
327 2145 583 2201 Marinus
610 2150 856 2200 vocatus
883 2149 995 2199 est.
1040 2145 1181 2199 ltem
1228 2142 1454 2198 Romeli
1510 2147 1568 2197 et
1616 2141 1849 2208 Macari,

182 2235 285 2305 qui
326 2239 618 2304 martyres
650 2237 916 2303 tempore
945 2231 1582 2303 Trajani,Septembris
1600 2234 1786 2285 sexto.
1820 2248 1848 2280 ››

180 2321 454 2379 Clemens
482 2320 762 2387 Galanus,
795 2319 901 2391 qui
935 2320 1155 2375 multos
1212 2335 1407 2375 annos
1461 2320 1521 2374 in
1573 2318 1845 2374 Armenia

182 2409 598 2466 missionarius
622 2408 752 2472 fuit,
810 2411 1031 2479 partel
1078 2407 1517 2463 Conciliationis
1583 2406 1848 2462 Ecclesia:

181 2501 450 2554 Armense
464 2513 600 2552 cum
615 2495 955 2552 Romanain
968 2494 1365 2551 Annotatione
1376 2494 1446 2549 ad
1462 2501 1637 2565 caput
1651 2499 1682 2549 2
1708 2509 1845 2565 pag.

190 2590 272 2651 l6,
303 2587 454 2642 inter
492 2591 779 2658 martyres
817 2585 1038 2640 ibidem
1070 2599 1288 2655 passos
1325 2594 1591 2639 recenset
1649 2582 1850 2640 Eudo-

183 2676 370 2742 xium,
404 2676 719 2739 Zenomen,
776 2673 1095 2730 Macarium
1126 2674 1437 2741 sociosque
1476 2671 1589 2725 sub
1630 2670 1849 2727 Diocle-

187 2764 343 2821 tiano
377 2762 718 2831 ;atRomuli
748 2778 1053 2834 nusquam
1080 2760 1368 2817 meminit.
1395 2763 1570 2815 Porro
1593 2759 1848 2815 eximius

183 2852 525 2925 Picquesius
568 2855 793 2915 monet,
840 2848 1193 2919 pradictum
1241 2847 1594 2917 Catalogum
1650 2847 1848 2903 Latine

182 2957 426 2997 versum
452 2955 580 2994 esse
603 2954 678 2993 ex
716 2936 941 3006 ingenti
983 2934 1160 3004 regina
1218 2934 1590 2990 bibliothecas
1650 2933 1851 2989 codice

188 3027 470 3085 Armenio
498 3028 569 3081 N0
602 3025 727 3088 314.
782 3022 1117 3079 uncialibus
1164 3021 1369 3077 litteris
1440 3020 1659 3093 scripto
1714 3026 1851 3075 ante

1963 1876 2210 1947 patricio
2231 1883 2285 1930 et
2326 1876 2619 1946 praefecto,
2654 1878 3037 1932 Constantino
3077 1880 3145 1931 M.
3194 1877 3544 1948 imperante,
3574 1877 3624 1931 si

1961 1981 2083 2036 qua
2102 1964 2251 2019 ﬁdes
2278 1964 2499 2019 Codino
2532 1979 2666 2033 pag.
2701 1965 2805 2019 394
2834 1972 2989 2021 certe
3028 1965 3358 2020 Eudoxium
3415 1964 3623 2036 praefe-

1961 2061 2119 2108 ctum
2151 2052 2424 2124 praetorio
2455 2052 2563 2106 sub
2591 2052 2922 2109 Theodosio
2946 2054 3183 2122 jnniore
3229 2053 3441 2108 vixisse
3470 2052 3625 2108 indi-

1960 2148 2093 2197 cant
2122 2141 2281 2213 leges
2306 2139 2549 2212 aliquod
2577 2140 2635 2195 in
2659 2141 2800 2195 Cod.
2829 2142 2932 2197 Th.

2030 2273 2064 2333 §
2090 2268 2152 2321 ll.
2181 2268 2273 2321 An
2303 2269 2534 2325 sanatio
2559 2265 2884 2320 Iustiniani
2918 2264 3289 2333 imperatoris
3334 2265 3626 2333 martyri-

1962 2339 2066 2393 bus
2085 2339 2237 2395 hisce
2249 2341 2599 2396 ascribenda
2612 2340 2706 2393 sit.
2733 2337 2758 2390 1
2774 2338 2833 2391 Ν
2837 2351 3070 2392 umerus
3090 2337 3149 2390 S.
3167 2334 3431 2389 Eudoxii
3448 2334 3626 2389 socio-

1958 2425 2113 2474 rum;
2136 2411 2414 2481 ﬁgmenta
2444 2412 2516 2466 de
2534 2412 2596 2467 S.
2614 2408 2870 2472 Romulo;
2887 2408 3007 2481 ejus
3020 2407 3213 2481 cultas
3232 2407 3293 2460 in
3312 2406 3621 2481 Hispania,

1957 2478 2195 2549 quando
2218 2485 2271 2534 et
2299 2482 2397 2537 ubi
2422 2489 2716 2551 martyres
2743 2480 2903 2545 passi
2914 2519 2926 2551 .
2946 2478 3099 2551 Acta
3148 2478 3370 2546 Graeca,
3420 2483 3474 2532 et
3514 2478 3627 2533 Ba-

1960 2552 2111 2605 rom‘i
2136 2555 2481 2621 conjectura
2522 2549 2603 2609 ἅθ’
2630 2551 2791 2607 mille
2820 2549 3125 2604 militibus.

1957 2676 2241 2731 Baronius
2280 2676 2340 2730 in
2386 2673 2795 2731 Notationibus
2842 2671 2920 2727 ad
2972 2668 3450 2741 Martyrologium
3507 2670 3625 2726 Ro-

1958 2780 2204 2820 manum
2236 2764 2350 2820 hac
2386 2764 2482 2819 die
2504 2762 2701 2818 scribit
2716 2760 3060 2832 sequentia:
3089 2779 3114 2809 ‹‹
3149 2760 3227 2812 Ex
3255 2757 3472 2813 horum
3511 2758 3625 2814 mi-

1955 2851 2123 2906 litum
2154 2867 2425 2917 numero,
2462 2850 2567 2922 qui
2598 2848 2865 2905 Melitinas
2920 2846 2979 2901 in
3018 2847 3299 2901 Armenia
3355 2846 3627 2901 coronati

1958 2943 2115 3001 sunt,
2164 2944 2380 3009 quator
2423 2954 2597 2994 sacra
2654 2952 2907 3009 corpora
2968 2933 3165 2988 delata
3212 2932 3627 2989 Constantino-

1962 3025 2165 3095 polim,
2193 3031 2425 3096 reperta
2451 3031 2593 3080 sunt
2644 3023 3015 3095 temporibus
3060 3021 3376 3076 Iustiniani
3426 3021 3571 3092 imp.
3607 3061 3620 3085 ,

186 3132 381 3175 annos
405 3115 483 3171 ab
512 3115 626 3171 hoc
658 3114 791 3168 1687
824 3112 1052 3168 circiter
1068 3116 1408 3175 sexcentos;
1435 3109 1543 3199 sed
1565 3109 1849 3199 interpre-
1884 3145 1924 3199 Ο
1960 3128 2217 3184 quorum
2249 3114 2537 3170 beneﬁcio
2580 3114 2903 3184 imperator
2918 3109 3118 3166 lethali
3148 3108 3360 3164 morbo
3387 3115 3627 3165 curatus

186 3210 630 3272 tem,Oscanum
643 3202 1162 3272 archiepiscopum
1179 3197 1694 3264 Armenum,haud
1709 3197 1853 3253 satis

185 3292 442 3363 peritum
471 3290 666 3346 titulos
689 3288 993 3344 incondite
1011 3288 1268 3344 dictasse
1319 3286 1695 3352 amanuensi,
1728 3285 1851 3342 imo

183 3386 241 3437 et
276 3379 576 3436 nonnulos
596 3377 886 3433 omisisse.
919 3375 1095 3432 Addit
1113 3377 1174 3432 in
1196 3375 1403 3432 litteris
1427 3375 1849 3447 posterioribus

183 3467 454 3540 ejusdem
484 3465 799 3529 anni1687,
846 3480 910 3520 se
941 3465 1257 3521 dumtaxat
1295 3480 1485 3536 usque
1531 3479 1850 3519 numerum

184 3557 252 3613 35
296 3556 577 3612 inclusive
610 3555 875 3611 Latinam
925 3553 1260 3610 versionem
1321 3569 1460 3608 cum
1518 3557 1679 3608 textu
1743 3554 1850 3607 Ar-

186 3662 361 3702 meno
391 3643 759 3701 contulisse:
829 3642 995 3715 quod
1050 3642 1279 3699 utinam
1333 3642 1423 3697 vir
1472 3640 1743 3697 eruditus
1796 3645 1853 3697 et

186 3733 659 3791 humanissimus
701 3731 946 3803 reliquis
1010 3732 1107 3786 ·111
1160 3731 1425 3786 numeris
1482 3729 1729 3797 fecisset,
1776 3728 1849 3784 si-

188 3823 438 3895 mnlque
466 3819 695 3876 omissa
723 3821 802 3875 ab
853 3818 1089 3875 Oscano
1133 3818 1545 3890 supplevisset.
1596 3817 1852 3873 Meminit

187 3925 430 3983 quoque
459 3908 537 3964 ad
563 3907 839 3963 eamdem
891 3907 1050 3963 diem
1099 3909 1155 3964 8.
1208 3908 1275 3961 M.
1329 3906 1573 3963 Eudoxii
1596 3908 1850 3977 Synaxa-

186 3999 346 4056 rium
360 3996 754 4053 Ruthenicum
779 4012 913 4061 ms.,
936 3995 1096 4067 quod
1113 4010 1275 4051 anno
1298 3996 1430 4052 1688
1455 3998 1693 4052 Moscua
1710 3994 1852 4051 sub-

190 4089 345 4145 misit
371 4092 570 4143 noster
613 4085 731 4140 illic
760 4085 1175 4141 missionarius
1212 4100 1270 4155 p.
1307 4085 1595 4155 Georgius
1639 4084 1846 4152 David,

190 4176 418 4234 addens
443 4175 504 4231 in
534 4174 653 4229 ﬁne
702 4175 1093 4245 Synaxarium
1145 4174 1303 4229 istud
1353 4190 1481 4229 esse
1529 4189 1849 4229 commune

190 4265 296 4322 toti
323 4263 589 4320 ecclesias
617 4262 982 4318 Ruthenicas.
1025 4262 1198 4317 Aliud
1226 4262 1522 4331 peculiare
1571 4260 1848 4316 dimcesis

194 4351 560 4419 Kiioviensis,
608 4351 821 4406 eodem
864 4352 1199 4420 interprete,
1229 4350 1309 4405 ita
1337 4350 1519 4405 habet
1558 4366 1571 4403 :
1619 4368 1643 4398 ι
1700 4350 1846 4404 Ε1’8.

190 4443 263 4498 Μ.
298 4441 563 4503 Eudoxii,
599 4447 818 4494 etcum
848 4454 917 4492 eo
961 4439 1113 4492 1104.
1150 4459 1178 4486 ››

262 4530 316 4584 7.
362 4531 495 4584 Mss.
547 4530 724 4582 Mena;
777 4527 977 4580 Graeca
1018 4523 1392 4579 bibliothecas
1443 4523 1851 4579 Ambrosianm

195 4621 252 4672 et
280 4616 381 4669 PP.
428 4614 872 4668 Dominicarum
920 4616 1251 4668 conventus
1299 4612 1356 4667 S.
1413 4612 1587 4667 Marci
1624 4612 1853 4667 Floren-

195 4704 311 4765 tias,
340 4719 409 4758 ac
438 4702 919 4773 supplementum
948 4700 1026 4757 ad
1057 4703 1273 4757 Menaea
1297 4716 1517 4756 excusa
1541 4700 1853 4756 collectum

196 4809 263 4850 ex
280 4795 382 4848 Ms.
398 4791 727 4863 Synaxario
742 4790 1203 4846 membranaceo
1216 4789 1462 4861 antiquo
1480 4789 1537 4844 P.
1554 4789 1852 4846 Sirmondi

197 4883 253 4939 S.
287 4879 601 4936 Romulum
632 4884 768 4935 ante
793 4878 940 4934 alios
968 4879 1344 4946 annuntiant,
1384 4879 1583 4951 prima
1606 4878 1853 4951 quidem

193 4972 308 5027 hoc
332 4966 515 5024 modo
548 4983 560 5022 :
604 4986 633 5019 ‹‹
674 4966 921 5037 Romyli,
961 4965 1228 5031 Eudoxii,
1287 4968 1556 5033 Zenonis,
1621 4966 1855 5025 Macarii

195 5062 287 5125 M.,
322 5078 347 5109 ι
384 5056 565 5113 altera
601 5054 833 5110 titulum
879 5054 1127 5119 addunt,
1172 5074 1195 5105 ι
1249 5057 1533 5111 Romulus
1570 5055 1857 5128 praeposi-

194 5152 311 5211 tus,
336 5144 652 5211 Eudoxius,
714 5142 908 5199 Zenon
963 5142 1247 5199 Macarius
1287 5161 1301 5209 ;
1345 5164 1373 5197 ια
1415 5144 1650 5200 tertium
1718 5160 1856 5200 vero

197 5234 394 5291 Graece
459 5234 543 5287 ita
618 5231 835 5299 habet;
904 5250 932 5283 α
1007 5232 1208 5288 Passio
1263 5234 1357 5289 SS.
1406 5233 1532 5288 MM.
1598 5231 1852 5297 Romuli,

197 5322 464 5391 Eudoxii,
496 5321 750 5376 Zenonis
780 5326 835 5375 et
884 5319 1134 5375 Macarii.
1181 5343 1209 5370 n
1252 5320 1520 5391 Elogium
1575 5321 1858 5391 subjunc-

198 5418 320 5469 tum
353 5410 634 5483 quaedam
666 5409 745 5464 ab
767 5408 923 5464 Actis
971 5407 1207 5463 diversa
1269 5412 1548 5475 continet,
1604 5409 1856 5482 proinde

196 5501 258 5557 in
283 5515 479 5572 pauca
512 5498 573 5553 id
603 5497 910 5553 contraho.
945 5515 974 5547 ‹‹
1016 5500 1095 5552 Ex
1124 5497 1285 5554 hisce
1315 5499 1537 5555 sanctis
1568 5498 1853 5554 Romulus

191 5586 569 5667 praepositus.
582 5586 697 5643 sub
720 5586 973 5657 Traiano
1013 5586 1372 5657 imperatore
1392 5586 1723 5644 decollatus
1743 5591 1854 5645 est.

1959 3204 2067 3257 est.
2118 3203 2261 3256 Rem
2309 3207 2537 3273 gestam
2592 3201 2890 3271 perpetuis
2931 3199 3173 3267 dignam
3217 3197 3625 3253 monumentis

1960 3288 2309 3360 conscripsit
2348 3289 2690 3359 Procopius,
2722 3286 2823 3341 lib.
2857 3302 2875 3341 ι
2908 3288 2990 3341 De
3026 3285 3258 3351 adi/Eois
3301 3284 3628 3339 Justiniani

1958 3377 2352 3445 imperatoris.
2386 3396 2414 3427 »
2451 3374 2854 3430 lnventionem
2890 3373 3103 3427 harum
3148 3370 3528 3442 reliquiarum
3564 3372 3626 3425 in

1961 3465 2183 3535 templo
2216 3467 2271 3522 S.
2296 3468 2490 3519 lrenes
2519 3470 2590 3516 Μ.
2627 3502 2642 3527 ,
2675 3467 2731 3517 et
2772 3460 3128 3516 beneﬁcium
3158 3458 3488 3513 sanationis
3521 3474 3625 3529 per

1961 3570 2062 3609 eas
2106 3554 2434 3609 Iustiniano
2508 3550 2839 3624 prmstitum
2902 3566 2973 3605 ex
3047 3546 3260 3603 eodem
3338 3547 3625 3618 Procopio

1963 3642 2309 3699 Caesariensi
2348 3640 2523 3697 refert
2564 3640 2644 3695 ad
2696 3653 2926 3694 annum
2978 3636 3190 3693 Christi
3247 3635 3355 3691 500
3402 3636 3627 3690 num.2

1962 3731 2177 3785 Verum
2208 3728 2549 3800 ProcOpius,
2591 3742 2751 3783 anno
2783 3724 2923 3780 1663
2967 3740 3103 3779 cum
3144 3724 3625 3793 interpretatione

1960 3817 2146 3874 nostri
2176 3817 2401 3874 Claudii
2423 3815 2665 3873 Maltreti
2704 3814 2942 3869 Parisiis
2975 3812 3196 3875 editus,
3238 3810 3391 3865 libro
3426 3826 3466 3879 ι,
3499 3826 3630 3881 cap.

1959 3908 1990 3957 7
2022 3921 2143 3961 non
2174 3905 2355 3962 habet
2391 3910 2626 3977 quator,
2655 3902 2763 3957 sed
2792 3900 2898 3973 οὐχ
2928 3901 3097 3958 ἧσσον
3142 3899 3171 3957 ἣ
3214 3900 3625 3972 τεσσαράκοντα,

1958 3995 2019 4051 id
2058 4001 2164 4064 est,
2208 4010 2329 4051 non
2369 3995 2567 4049 minus
2612 4007 2799 4063 quam
2848 3988 3255 4061 quadraginta
3315 4003 3328 4053 ;
3377 3993 3432 4042 et
3496 3987 3632 4044 licet

1959 4084 2182 4139 subdat
2218 4083 2326 4137 hos
2345 4082 2527 4136 fuisse
2550 4080 2856 4135 Romanos
2892 4077 3101 4132 milites
3128 4076 3379 4145 legionis
3406 4075 3635 4131 duode-

1959 4172 2148 4233 cimae,
2176 4186 2359 4239 quam
2399 4168 2542 4223 olim
2570 4164 2975 4221 stationariam
2996 4162 3207 4218 habuit
3245 4162 3389 4216 urbs
3421 4166 3631 4217 Arme-

1961 4258 2072 4311 nia:
2099 4255 2358 4311 Melitene
2390 4272 2404 4321 ;
2438 4269 2562 4323 npn
2593 4259 2793 4306 tamen
2823 4251 2962 4305 dicit
3008 4251 3071 4304 in
3118 4264 3189 4304 ea
3222 4248 3364 4303 urbe
3411 4255 3633 4321 marty-

1960 4345 2114 4400 rium
2154 4358 2281 4397 esse
2313 4357 2541 4413 passos.
2577 4340 2721 4395 Hinc
2746 4337 3000 4393 dubium
3022 4342 3131 4400 est,
3156 4353 3231 4392 an
3253 4352 3509 4407 corpora
3530 4337 3570 4391 il
3600 4354 3636 4393 a

1960 4432 2172 4488 fuerint
2198 4430 2535 4502 aliquorum
2559 4443 2632 4482 ex
2660 4424 2962 4481 hodiernis
2995 4422 3141 4479 milit
3166 4423 3305 4489 bus,
3330 4429 3387 4479 et
3416 4438 3633 4479 conse-

1958 4527 2203 4594 quenter
2232 4534 2310 4575 an
2357 4518 2500 4588 ipsis
2539 4515 2778 4573 ascribit
2822 4513 3039 4569 debeat
3094 4518 3400 4585 patratum
3454 4512 3635 4569 mira-

1958 4611 2161 4667 culum
2190 4606 2613 4671 Tillemontius,
2645 4611 2804 4660 tomo
2832 4605 2879 4660 ll
2903 4604 3419 4658 Monumentorum
3460 4604 3637 4658 eccte«

1959 4701 2331 4757 siasticorum
2352 4695 2626 4751 secundae
2657 4691 2951 4755 editionis,
2986 4706 3122 4761 pag.
3146 4694 3251 4745 514
3285 4690 3629 4761 suspicatur

1961 4789 2142 4845 fuisse
2168 4785 2446 4857 reliquias
2471 4782 2795 4838 celebrium
2815 4784 2885 4836 40
2907 4782 3230 4850 Martyrum
3280 4780 3631 4835 Sebasteno-

1961 4893 2117 4941 rum,
2142 4890 2277 4947 quas
2309 4889 2490 4945 prope
2520 4866 3092 4939 ConstantinOpolim
3136 4866 3250 4921 sub
3298 4866 3631 4923 Theodosio

1966 4969 2007 5022 Il
2035 4966 2289 5021 iuventte
2318 4968 2473 5029 sunt,
2502 4960 2577 5015 de
2614 4957 2835 5030 quibus
2857 4956 2933 5011 ad
2975 4954 3138 5010 diem
3170 4970 3206 5009 x
3248 4954 3450 5010 Martii.

2035 5058 2086 5110 9.
2118 5050 2521 5109 Tillemontius
2544 5048 2758 5103 citatus
2784 5058 3100 5099 numerum
3161 5044 3216 5098 S.
3252 5041 3496 5097 Eudoxii
3544 5060 3632 5100 so-

1962 5144 2198 5200 ciorum
2228 5143 2416 5208 ‘auget
2459 5135 2755 5193 trecentis.
2815 5132 3021 5188 Scribit
3078 5129 3241 5185 enim
3308 5130 3468 5199 440’s,
3526 5147 3633 5202 pro

1962 5233 2123 5297 1104,
2163 5230 2344 5301 idque
2394 5226 2487 5282 bis
2535 5224 2768 5295 reperit,
2829 5220 3089 5289 allegans
3136 5220 3359 5274 Menasa
3412 5234 3633 5290 magna

1963 5321 2304 5376 ercorum
2367 5311 2641 5370 editionis
2720 5312 2949 5364 Venetae
2994 5306 3135 5363 anni
3208 5306 3355 5362 1528.
3443 5309 3633 5365 Editio

1965 5408 2062 5465 illa
2089 5405 2312 5463 mihiad
2331 5418 2579 5459 manum
2595 5414 2712 5453 non
2730 5402 2837 5464 est;
2855 5395 2959 5450 sed
2982 5394 3268 5467 quoniam
3284 5395 3345 5449 in
3375 5398 3631 5463 Menaeis,

1965 5513 2095 5568 quae
2126 5510 2285 5551 anno
2316 5493 2453 5547 1595
2480 5485 2729 5543 Venetiis
2768 5483 3139 5556 prodierunt,
3185 5483 3243 5538 in
3305 5483 3634 5554 Menologio

1967 5582 2288 5642 cardinalis
2345 5578 2555 5644 Sirleti,
2592 5575 2804 5632 Actisa
2852 5574 3240 5647 Metaphraste
3278 5573 3634 5645 conscriptis
