4142 6278
590 361 694 415 615

1917 339 2174 400 MENSIS
2216 339 2490 396 SEPTEM
2503 340 2665 403 BER.

3923 339 4043 395 616

593 491 649 540 et
670 485 806 541 alibi
837 485 1254 553 computantur
1290 443 1580 532 duntaxat
1623 476 1755 531 1104
1788 472 2098 540 ;existimo
2135 466 2241 522 Til-
2273 469 2314 521 A
2350 467 2486 523 huic
2511 474 2592 524 tot
2623 469 3010 524 abversantur
3035 470 3412 536 argumenta,
3434 471 3581 538 quot
3600 465 3868 521 Romulo
3893 481 4038 521 evo

592 573 941 629 lemontium
973 584 1280 641 perperam
1313 569 1510 621 Graeca
1542 566 1802 620 vertisse.
1850 561 2012 617 Unde
2043 563 2242 612 autem

594 663 650 716 in
693 660 1118 731 Supplemento
1163 656 1240 710 ad
1273 659 1489 709 Mentea
1541 669 1783 716 excusa,
1841 649 2010 720 cujus
2064 644 2245 699 verba

591 749 728 804 dedi
753 765 914 802 num.
949 745 1092 810 Ἰ,ᾶά
1119 745 1434 816 prtedictos
1452 743 1476 796 1
1492 745 1590 797 104
1603 743 1960 797 accesserint
1985 734 2244 822 triginta,

591 841 963 908 compertum
995 849 1114 889 non
1147 835 1340 888 habeo
1371 851 1382 888 :
1408 847 1600 903 neque
1619 832 1698 886 ob
1717 830 1907 886 solam
1928 821 2248 896 Synaxaril

591 925 988 981 Sirmondiani
1015 923 1426 978 auctoritatem
1456 936 1770 975 numerum
1814 920 1868 972 in
1909 910 2246 983 Martyrolo-

594 1015 692 1084 gio
751 1017 1012 1069 Romano
1099 1011 1463 1080 descriptum
1539 1024 1757 1076 augere
1816 1004 1998 1060 volui.
2059 1000 2147 1056 Ad
2187 999 2242 1052 S.

595 1102 910 1159 Romulum
950 1100 1114 1171 quod
1163 1099 1388 1166 attinet,
1454 1114 1592 1152 eum
1647 1094 2126 1150 Pseudo-Dexter
2185 1088 2243 1141 in

594 1192 882 1247 Chronico
912 1190 988 1243 ad
1014 1203 1240 1242 annum
1269 1187 1479 1242 Christi
1523 1188 1622 1241 100
1656 1200 1822 1240 num.
1857 1187 1887 1235 2
1923 1183 2244 1251 Hispanum

592 1279 732 1334 facit
751 1294 818 1332 ac
855 1279 1109 1345 Trajano
1152 1274 1566 1345 bomopolum,
1616 1275 1697 1327 ita
1737 1270 2000 1326 scribens
2036 1284 2046 1321 :
2093 1287 2120 1316 «
2183 1267 2239 1318 S.

593 1367 882 1423 Romulus
925 1365 1156 1434 Trajani
1213 1363 1458 1418 Ctesaris
1499 1362 1810 1432 praefectus
1865 1357 2060 1430 patria
2095 1353 2244 1410 Itali-

593 1457 806 1519 censis,
834 1455 1131 1524 Hispanus
1154 1454 1210 1506 in
1241 1452 1578 1522 Hispaniam
1611 1451 1687 1506 ab
1715 1449 1926 1504 eodem
1946 1446 2242 1514 relegatus

591 1547 650 1602 in
679 1544 984 1601 Celtiberia
1017 1542 1250 1612 patitur.
1285 1562 1308 1591 υ
1355 1545 1572 1612 Nempe
1612 1537 1907 1594 innumeri
1953 1542 2244 1605 martyres

593 1634 671 1690 ad
703 1633 996 1690 Orientem
1023 1632 1204 1701 passi,
1247 1645 1505 1700 quorum
1537 1630 1823 1684 duntaxat
1862 1625 2131 1682 meminit
2173 1637 2244 1676 ex

593 1721 853 1792 antiquis
883 1722 1214 1774 Griecorum
1242 1718 1652 1786 Menologium,
1682 1713 2247 1771 Pseudo-Archime-

2352 556 2450 610 illo
2473 572 2644 626 pares
2687 572 2814 611 esse
2847 562 3184 628 potuerunt,
3231 555 3452 611 nedum
3497 571 3673 626 pares
3705 555 4031 610 vixerunt.

2356 644 2652 698 Habemus
2685 651 2958 700 Actorum
2993 644 3172 699 verba
3198 659 3306 714 pro
3337 643 3493 698 mille
3522 644 3768 698 testibus
3799 660 3812 697 :
3852 644 4034 699 Tunc

2353 732 2677 787 adductum
2730 733 3048 804 (Onesium)
3091 734 3172 788 ad
3223 733 3490 788 tribunal
3551 733 3812 788 Tertulli
3893 749 4026 787 cum

2353 821 2602 876 Romulo
2646 822 2914 891 adjutore
2943 827 2994 877 et
3017 822 3206 890 Papia
3243 821 3547 889 spirituali
3583 822 4025 885 commilitone,

2354 909 2736 981 interrogavit
2769 912 3091 975 Tertullus,
3121 911 3345 967 dicens:
3377 910 3548 974 Quies
3569 909 3598 963 ?

2431 1005 2512 1054 12.
2559 1021 2588 1052 «
2627 1001 2806 1056 Plane
2848 1000 2938 1055 vel
2990 1000 3086 1054 hic
3143 999 3458 1054 Onesimus
3503 1000 3597 1054 ille
3642 999 4023 1054 Philemonis

2357 1090 2743 1145 Collossensis
2769 1105 2992 1153 servus,
3026 1088 3100 1143 de
3130 1105 3252 1159 quo
3283 1091 3405 1157 agit
3438 1087 3651 1142 Paulus
3689 1088 4022 1159 Apostolus

2356 1180 2616 1251 Epistola
2647 1180 2723 1234 ad
2755 1179 2998 1243 Philem,
3029 1185 3207 1249 atque
3231 1178 3390 1232 idem
3434 1178 3770 1248 Ephesinus
3802 1183 4021 1248 postea

2353 1270 2694 1339 episcopus,
2737 1272 2798 1322 ut
2855 1273 3104 1337 apparet
3155 1282 3227 1320 ex
3275 1267 3529 1337 Epistola
3569 1267 3625 1321 S.
3681 1266 3905 1335 lgnatii
3948 1267 4024 1320 ad

2354 1357 2679 1428 Ephesnos;
2725 1355 2814 1410 vel
2873 1363 3096 1426 martyr
3138 1355 3291 1410 alius
3340 1356 3436 1410 SS.
3494 1355 3686 1427 Alphii
3715 1354 4029 1410 Philadel-

2355 1447 2472 1518 pliii
2495 1451 2550 1500 et
2591 1443 2787 1516 Cyrini
2822 1448 3167 1515 praeceptor,
3225 1443 3475 1499 Puteolis
3535 1450 3634 1498 aut
3695 1443 3753 1498 in
3819 1443 4028 1498 Sicilia

2355 1551 2474 1590 una
2504 1533 2732 1588 cumiis
2775 1549 3009 1603 passus,
3053 1531 3216 1603 quod
3267 1533 3457 1602 magis
3513 1534 3702 1604 placet
3751 1532 4028 1587 Ferrario

2354 1625 2413 1678 in
2463 1622 2644 1677 Catal.
2697 1622 3052 1676 Sanctorum
3105 1625 3163 1676 19
3199 1620 3497 1676 Februarii
3542 1625 3597 1675 et
3637 1622 3697 1675 31
3760 1620 3930 1683 Julii,
3975 1626 4026 1675 et

2357 1710 2726 1766 Henschenio
2765 1713 2908 1764 tom.
2947 1712 2986 1762 ll
3023 1709 3321 1763 Februarii
3348 1725 3487 1780 pag.
3521 1711 3644 1775 858,
3692 1724 3868 1763 num.
3938 1713 4020 1769 15,

593 1811 685 1865 dis
719 1810 895 1877 hujus
917 1808 1155 1877 (Dextri)
1173 1807 1427 1877 operain
1454 1807 1564 1861 hos
1590 1812 1810 1861 tractus
1833 1811 2244 1872 terrarumque
2281 1811 2324 1866 Β
2356 1799 2813 1871 confudisseque
2843 1798 3297 1868 Metapbrastem
3330 1797 3638 1868 utriusque
3666 1813 3760 1852 res
3788 1802 4018 1865 gestas.

592 1899 794 1962 ﬁnem,
870 1896 1065 1950 Gades
1125 1895 1482 1950 transferunt
1535 1895 1726 1966 inquit
1803 1893 1891 1947 vir
1966 1896 2243 1960 spectatas

593 1985 937 2041 eruditionis
1001 1987 1060 2038 D.
1119 1984 1391 2038 Nicolaus
1448 1984 1736 2038 Antonius
1789 1982 1848 2036 in
1909 1980 2113 2035 litteris
2167 1979 2244 2033 ad

596 2073 945 2129 Bollandum
969 2072 1122 2127 datis
1147 2087 1306 2126 anno
1329 2072 1487 2126 1658.
1504 2072 1653 2136 Quid
1672 2087 1813 2126 vero
1837 2070 2141 2140 speciatim
2171 2067 2244 2122 de

595 2165 650 2219 S.
695 2161 940 2217 Romulo
981 2161 1226 2215 senserit
1280 2162 1479 2231 accipe
1529 2176 1598 2215 ex
1653 2177 1796 2214 mss.
1839 2160 2022 2230 ipsius
2085 2162 2241 2228 post-

590 2250 810 2314 humis,
859 2265 993 2319 quae
1053 2251 1313 2320 Cuperus
1369 2254 1568 2303 noster
1620 2264 1779 2304 anno
1841 2251 1968 2302 1721
2021 2245 2246 2301 Madriti

593 2354 813 2408 magna
843 2353 910 2391 ex
941 2342 1104 2407 parte
1136 2336 1463 2407 descripsit.

666 2431 746 2482 10.
785 2447 808 2475 ιι
858 2425 1175 2480 Romulum
1233 2430 1462 2496 oportet
1514 2424 1752 2494 quidem
1803 2423 1957 2495 apud
2010 2423 2246 2478 Graecos

592 2514 868 2586 martyrio
884 2513 1184 2568 sublatum
1205 2531 1217 2568 :
1235 2512 1540 2585 quomodo
1553 2513 1709 2567 enim
1723 2513 1907 2567 homo
1926 2513 2241 2582 Hispanus,

590 2608 646 2657 et
675 2603 732 2656 in
775 2600 1055 2670 Hispania
1098 2617 1200 2670 pro
1233 2616 1367 2654 vera
1405 2599 1520 2654 fide
1550 2600 1801 2663 occisus,
1855 2615 2100 2654 omnem
2155 2599 2244 2652 sui

592 2689 944 2745 memoriam
1013 2689 1088 2743 ad
1157 2691 1382 2742 Graecos
1444 2689 1950 2758 transportaverit,
2017 2687 2240 2742 nullam

589 2777 754 2832 domi
786 2783 839 2830 et
865 2777 1028 2847 apud
1059 2793 1197 2831 suos
1221 2777 1565 2846 reliquerit?
1607 2779 1681 2830 De
1709 2775 1821 2830 hoc
1857 2777 2070 2829 docere
2123 2791 2242 2831 non

589 2867 920 2921 debuerunt
935 2866 1098 2934 gravi
1114 2869 1585 2936 propugnatores
1601 2863 2048 2918 mendacissimi
2063 2863 2238 2919 Chro-

591 2956 724 3009 uici.
788 2957 850 3008 Et
900 2955 1158 3009 referunt
1206 2954 1316 3008 hoc
1361 2969 1632 3007 sermone
1663 2952 1842 3006 Graeci
1878 2953 2238 3008 occisionem

591 3043 887 3113 martyris,
941 3042 1168 3096 nullum
1196 3046 1255 3095 ut
1301 3040 1593 3112 relinquat
1629 3042 1828 3095 locum
1868 3042 2232 3109 relegationi.

2358 1889 2410 1944 Si
2443 1889 2701 1960 primum
2742 1887 2980 1952 dixeris,
3039 1885 3210 1940 fateri
3253 1901 3372 1956 opo
3397 1891 3506 1940 rtet
3547 1893 4011 1957 consequenter,

2355 1977 2693 2040 Romulum,
2717 1991 2897 2047 quem
2930 1974 3186 2046 apellant
3215 1974 3552 2046 adjutorum
3573 1974 3849 2046 episcopi
3876 1981 4017 2029 Acta

2357 2066 2636 2132 Onesimi,
2673 2063 2854 2119 alium
2897 2079 3142 2134 prorsus
3182 2063 3260 2118 ab
3281 2079 3352 2118 eo
3393 2063 3589 2132 fuisse,
3621 2064 3722 2134 qui
3768 2068 4018 2134 propter

2355 2157 2783 2226 opprobratam
2843 2154 3100 2223 Trajano
3166 2152 3556 2223 impietatem,
3619 2154 3796 2222 cujus
3859 2153 4012 2207 aula

2358 2246 2636 2312 magister
2656 2248 2799 2308 erat,
2839 2259 3090 2298 causam
3122 2257 3325 2297 coram
3355 2258 3426 2297 eo
3473 2242 3639 2296 dixit.
3688 2241 3801 2306 Qui
3848 2243 4007 2297 enim

2358 2333 2537 2387 simul
2575 2347 2706 2386 esse
2739 2337 2965 2402 poterat
3015 2332 3268 2401 praetorii
3301 2332 3545 2399 Augusti
3585 2331 3907 2402 praefectus
3961 2337 4011 2384 et

2360 2421 2639 2494 Ephesini
2725 2420 2990 2492 episcOpi
3041 2420 3410 2489 coadjutor?
3465 2423 3660 2491 Neque
3711 2419 3854 2474 item
3929 2419 4004 2474 sic

2352 2511 2554 2581 jejune
2582 2515 2727 2565 Acta
2755 2511 2829 2564 de
2858 2509 3116 2567 Romulo
3144 2514 3321 2564 tantas
3353 2510 3412 2563 in
3445 2507 3659 2564 saeculo
3696 2508 4003 2580 dignitatis

2355 2601 2482 2653 viro
2548 2605 2808 2668 agerent,
2863 2603 2923 2651 ut
2977 2597 3281 2669 quaerendi
3332 2599 3528 2652 locum
3575 2597 3998 2668 relinquerent,

2353 2688 2485 2759 quis
2515 2688 2635 2742 illet
2658 2694 2830 2742 esset.
2849 2689 2903 2743 Si
2931 2703 3060 2742 vere
3075 2687 3466 2741 Puteolanum
3498 2692 3824 2758 martyrem
3842 2686 3996 2740 hunc

2353 2777 2591 2840 dixeris,
2636 2776 2778 2830 nihil
2809 2776 2886 2830 ad
2931 2792 3066 2830 eum
3118 2777 3407 2846 pertinere
3446 2777 3547 2847 qui
3608 2775 3720 2829 sub
3784 2775 3998 2830 ultimis

2351 2866 2596 2920 ethnicis
2618 2865 3096 2935 imperatoribus,
3133 2867 3245 2920 hoc
3275 2869 3380 2932 est,
3411 2865 3495 2918 vel
3529 2865 3704 2919 Decio
3747 2864 3830 2918 vel
3861 2864 3996 2919 1.ῐυὶ-

2351 2954 2449 3009 [1ίο
2478 2953 2880 3025 triumphavit.
2900 2951 3468 3023 RomulumTrajani
3488 2958 3812 3024 martyrem
3830 2952 3989 3008 fateri

2349 3043 2803 3113 compellamur.
2832 3042 3012 3097 Porro
3042 3041 3187 3112 quid
3224 3042 3438 3096 mirum
3465 3041 3523 3095 in
3556 3043 3662 3097 has
3693 3040 3992 3110 angustias

591 3132 878 3186 Romulus
904 3131 1134 3194 dicitur,
1169 3135 1489 3200 postquam
1519 3131 1806 3185 suasisset
1843 3130 2093 3185 Traiano
2127 3133 2237 3185 mi-
2276 3137 2317 3195 C
2347 3131 2626 3198 deveniri,
2651 3130 2893 3201 quando
2923 3131 3186 3200 undique
3212 3130 3463 3186 corrasis
3477 3130 3648 3185 etiam
3679 3129 3991 3187 levissimis

589 3220 758 3274 litum
787 3219 1252 3274 Christianorum
1275 3219 1520 3282 caedem,
1537 3219 1596 3273 in
1619 3235 1680 3273 se
1702 3234 2027 3274 conversus
2047 3220 2237 3274 credi-

592 3308 748 3362 disse
765 3309 822 3362 in
842 3307 1158 3372 Christum,
1183 3308 1720 3378 imperatoremque
1734 3307 2046 3378 impietatis
2065 3324 2238 3363 accu-

594 3412 776 3451 sasse.
805 3417 832 3446 »
876 3399 1019 3451 Tum
1053 3395 1248 3450 subdit
1283 3395 1464 3449 verba
1499 3395 1781 3466 quaedam
1815 3412 1885 3450 ex
1917 3396 2236 3464 Menologio

596 3483 789 3538 Basilii
811 3489 866 3539 et
900 3499 972 3538 ex
1021 3483 1430 3553 Metaphraste,
1500 3485 1637 3537 dein
1687 3484 1772 3538 sic
1818 3499 2232 3554 prosequens:

599 3592 627 3623 ‹‹
664 3572 899 3627 Nullum
928 3572 1024 3626 hic
1046 3572 1213 3627 fateri
1239 3587 1393 3642 opus
1426 3575 1515 3626 est
1547 3572 2235 3643 Hispaniensirelegatio-

593 3661 702 3730 nis,
757 3660 1144 3731 Celtiberique
1193 3659 1460 3730 martyrii
1517 3661 1868 3731 vestigium;
1939 3660 2236 3731 siquidem

594 3748 989 3818 Trajanumin
1011 3749 1353 3818 Hispaniam
1380 3750 1613 3802 venisse
1631 3765 2037 3819 nunquam,ex
2056 3751 2234 3805 Dione

592 3841 649 3890 et
669 3834 799 3890 aliis
814 3836 1348 3905 compertissimum
1364 3840 1470 3889 est.
1494 3855 1522 3884 »
1543 3838 1833 3890 Hactenus
1856 3837 1929 3890 de
1975 3838 2235 3894 adducto

593 3923 863 3979 Chronici
922 3922 1093 3986 loco;
1154 3922 1316 3993 quob
1361 3924 1627 3994 sequitur
1680 3923 1810 3977 ferit
1857 3924 2233 3994 potissimum

589 4012 879 4066 Joannem
909 4013 1241 4082 Tamayum
1268 4013 1500 4067 Salazar
1519 4011 1989 4081 martyrologum
2037 4013 2236 4083 Hispa-

592 4100 890 4170 num,qui
948 4100 1006 4152 in
1037 4101 1197 4154 Notis
1271 4101 1348 4156 ad
1399 4106 1428 4154 5
1499 4100 1854 4170 Septembris
1905 4099 2020 4156 alia
2085 4102 2234 4158 falsa

590 4203 663 4242 ex
696 4187 921 4242 Bivario
956 4188 1384 4258 superaddidit.

666 4281 746 4330 11.
786 4295 814 4326 «
852 4279 977 4331 Non
1007 4282 1205 4332 autem
1237 4277 1494 4333 contenti
1556 4277 1806 4334 Romulo
1837 4276 1963 4334 cive
1995 4283 2047 4334 et
2081 4293 2233 4334 mar-

590 4367 718 4435 tyre
748 4363 940 4418 Dextri
966 4364 1224 4420 vindices
1248 4366 1506 4421 Bivarius
1537 4371 1592 4420 et
1619 4367 1898 4437 Tamajus
1931 4367 2230 4436 progressi

593 4457 730 4506 sunt
771 4451 1031 4518 ulterius,
1093 4459 1148 4505 et
1198 4453 1363 4522 quod
1413 4454 1471 4506 in
1520 4453 1674 4506 Actis
1729 4453 1990 4508 Onesimi
2056 4471 2091 4509 a
2149 4456 2232 4509 Si-

589 4553 803 4594 meone
821 4538 1107 4606 scriptum
1140 4538 1308 4593 fuerit
1355 4539 1739 4610 Metaphraste
1779 4541 2118 4610 (Februario
2170 4545 2233 4597 16

591 4626 752 4696 apud
785 4626 1022 4678 Surium
1051 4630 1192 4680 tom.
1223 4626 1294 4696 I,)
1323 4627 1590 4681 oblatum
1624 4643 1760 4681 eum
1805 4629 2052 4685 Tertullo
2092 4646 2230 4701 pree-

594 4715 706 4770 sidi
735 4729 854 4769 una
870 4729 1006 4768 cum
1030 4714 1200 4768 sociis
1229 4714 1481 4770 Romulo
1503 4721 1557 4769 et
1575 4716 1757 4786 Papia
1779 4733 1792 4783 ;
1816 4717 2032 4787 statim,
2060 4721 2232 4789 quasi

590 4802 917 4859 revelatum
940 4801 1049 4856 sibi
1102 4802 1384 4857 divinitus
1429 4802 1654 4870 fuisset,
1699 4805 1956 4860 Bivarius
1978 4822 2097 4861 non
2127 4808 2235 4862 du-

590 4892 844 4947 bitanter
873 4889 1171 4945 afﬁrmare
1193 4907 1378 4945 ausus
1417 4897 1524 4954 est,
1576 4892 1855 4948 eumdem
1908 4895 2066 4949 hunc
2104 4911 2235 4951 esse

592 4997 729 5036 cum
769 4983 971 5034 nostro
1002 4979 1282 5049 Romulo;
1313 4981 1416 5034 'cui
1447 4981 1758 5036 temerario
1781 4983 1951 5037 ausui
1982 4985 2237 5040 obstrin-

593 5085 728 5140 gere
776 5067 856 5122 nil
910 5067 1124 5121 veritus
1175 5067 1436 5122 Joannes
1465 5069 1762 5139 Tamajus,
1823 5071 1883 5124 in
1914 5077 2054 5127 Acta
2106 5074 2237 5144 ipsa

591 5155 842 5219 Romuli,
885 5171 1020 5226 quae
1052 5155 1128 5209 ad
1168 5155 1452 5211 obruzam
1501 5158 1621 5211 veri
1678 5164 1732 5213 et
1783 5162 2068 5230 comperti
2117 5178 2236 5218 non

593 5245 740 5299 alias
778 5245 1016 5299 formari
1045 5243 1134 5298 fas
1163 5252 1218 5299 et
1245 5245 1625 5316 eequumfuit,
1647 5248 2032 5304 vanissimam
2052 5251 2239 5306 admi-

595 5334 670 5387 sit
691 5331 902 5385 Bivarii
933 5332 1357 5401 conjecturam;
1381 5335 1813 5407 Romulumque
1831 5339 2062 5408 Trajani
2079 5340 2240 5394 hunc

594 5419 934 5491 praefectum
966 5420 1229 5475 Onesimi
1268 5423 1495 5477 socium
1537 5423 1702 5479 illum
1747 5427 2069 5482 constituit.
2126 5428 2239 5483 Sed

591 5520 893 5578 quaenam,
922 5507 1025 5570 ais,
1082 5508 1409 5577 injecerunt
1455 5511 1608 5567 hanc
1654 5520 1908 5569 mentem
1963 5517 2241 5574 Bivario?

592 5601 680 5650 An
727 5592 920 5650 solam
953 5594 1215 5649 nominis
1271 5600 1564 5655 rationem
1611 5609 1848 5659 secutus
1896 5603 2054 5660 fuit?
2089 5607 2242 5661 Nam

2347 3221 2713 3287 argumentis
2737 3225 2860 3273 tam
2891 3233 3073 3273 sacrae
3107 3234 3200 3273 res
3242 3219 3598 3274 tractantur?
3640 3219 3780 3281 Quae
3838 3217 3985 3272 falsa

2348 3313 2503 3370 sunt,
2536 3310 2691 3361 certe
2720 3313 3023 3377 nequeunt
3051 3307 3432 3378 comprobari
3455 3306 3575 3360 aliis
3604 3305 3712 3360 nisi
3738 3305 3940 3375 inepte
3966 3321 3983 3371 ;

2347 3399 2402 3449 et
2431 3410 2671 3449 movere
2723 3394 2949 3465 aliquid
3002 3401 3250 3467 Oportet,
3295 3403 3358 3451 ut
3399 3395 3536 3450 nihil
3576 3394 3693 3449 ﬁat.
3753 3413 3781 3444 ι)
3846 3395 3982 3449 ﬁmo

2346 3489 2546 3538 contra
2577 3483 2934 3539 fabulatores
2966 3484 3094 3540 illos
3126 3485 3390 3540 eruditus
3424 3485 3734 3556 Hispanus.

2424 3573 2501 3625 l3.
2538 3570 2827 3626 Caeterum
2867 3573 2977 3627 ista
3005 3573 3310 3642 persuasio
3338 3572 3412 3627 de
3443 3572 3632 3642 patria
3663 3571 3722 3624 S.
3752 3570 3978 3626 Romuli

2345 3660 2725 3715 occasionem
2764 3660 2922 3714 dedit
2961 3661 3212 3716 solemni
3263 3662 3391 3730 ejus
3433 3661 3614 3715 cultui
3660 3661 3772 3714 hoc
3804 3659 3894 3714 die
3922 3660 3975 3714 in

2346 3747 2588 3803 dioecesi
2619 3748 2964 3819 Hispalensi,
2994 3754 3168 3819 prout
3189 3753 3393 3803 narrat
3415 3750 3734 3819 Tamayus,
3770 3749 3970 3817 pag.61

2344 3836 2438 3891 his
2467 3837 2660 3891 verbis
2694 3852 2706 3888 :
2751 3859 2779 3885 ‹‹
2821 3837 3085 3909 Denique
3125 3853 3261 3892 cum
3295 3836 3678 3908 archipraesul
3715 3836 3851 3889 D.D.
3893 3837 3980 3890 Pe-

2346 3931 2468 3980 trus
2497 3924 2571 3979 de
2602 3926 2801 3980 Castro
2833 3931 2888 3980 et
2917 3927 3235 3990 Quinones,
3294 3925 3657 3997 Hispalensis
3689 3925 3846 3979 sedis
3873 3939 3978 3978 me-

2346 4013 2637 4082 tropolita,
2711 4013 3098 4068 referentibus
3157 4015 3389 4069 Decano
3441 4020 3497 4069 et
3547 4013 3809 4084 capitulo
3863 4028 3972 4067 suae

2344 4100 2761 4156 illustrissimus
2814 4101 3087 4156 Ecclesiae
3129 4110 3186 4157 et
3226 4102 3356 4157 aliis
3407 4102 3769 4156 doctissimis
3823 4101 3970 4164 viris,

2342 4190 2721 4258 cognovisset
2750 4190 2908 4244 hunc
2940 4197 3211 4246 sanctum
3270 4196 3590 4262 martyrem
3643 4205 3715 4244 ex
3759 4189 3966 4254 Italica,

2342 4295 2463 4333 suae
2489 4277 2761 4333 dimcesis
2794 4279 2937 4333 urbe
2965 4279 3283 4334 oriundum
3341 4279 3525 4333 fuisse
3557 4301 3568 4344 ;
3629 4293 3790 4333 anno
3847 4277 3969 4332 1624

2341 4367 2422 4422 illi
2470 4366 2692 4422 cultum
2738 4383 2874 4422 cum
2915 4367 3119 4422 Ofﬁcio
3161 4367 3385 4438 duplici
3427 4367 3485 4422 in
3517 4367 3776 4431 dioecesi,
3813 4371 3866 4420 et
3894 4381 3971 4419 se-

2265 4484 2310 4539 ι)
2340 4455 2551 4511 cundaa
2578 4456 2780 4511 classis
2810 4458 2870 4510 in
2909 4456 3061 4521 loco,
3096 4456 3195 4510 ubi
3216 4456 3358 4511 olim
3383 4455 3581 4511 Italica
3607 4454 3734 4519 fuit,
3777 4453 3972 4509 detulit

2340 4550 2397 4600 et
2449 4545 2561 4599 hoc
2629 4545 2687 4598 in
2734 4550 3036 4616 posterum
3091 4545 3396 4600 observari
3445 4545 3742 4616 prmcepit,
3775 4543 3970 4597 virtute

2342 4635 2784 4706 privilegiorum
2807 4650 2842 4690 a
2868 4635 3121 4690 summis
3152 4635 3530 4706 pontiﬁcibus
3561 4648 3968 4688 concessorum

2343 4723 2697 4794 praesulibus
2753 4725 3066 4795 Hispaniae.
3130 4746 3155 4772 η
3199 4724 3312 4779 Sed
3364 4739 3590 4778 novum
3640 4723 3736 4777 hic
3783 4737 3974 4776 rursus

2343 4827 2599 4867 errorem
2649 4810 2964 4866 admiscuit
2998 4829 3011 4878 ;
3043 4827 3185 4866 nam
3232 4810 3551 4866 Rodericus
3595 4813 3763 4872 Caro,
3804 4823 3971 4880 quem

2345 4901 2501 4964 citat,
2557 4899 2615 4954 in
2680 4900 3150 4970 Antiquitatibus
3207 4899 3678 4968 Hispalensibus,
3737 4896 3834 4952 fol.
3885 4899 3975 4950 106

2343 4987 2740 5059 quadriennio
2763 4987 2933 5042 citius
2961 4987 3020 5042 id
3042 4987 3261 5043 factum
3295 4986 3488 5050 tradit,
3523 4986 3800 5041 nimirum
3824 4997 3976 5039 anno

2351 5078 2484 5131 1620
2527 5093 2538 5130 :
2572 5083 2724 5131 certe
2762 5076 2886 5131 fieri
2917 5077 3122 5131 debuit
3171 5080 3308 5132 ante
3348 5080 3416 5131 20
3446 5074 3785 5130 Decembris
3831 5075 3977 5136 1623,

2345 5181 2461 5236 quo
2493 5164 2839 5235 praedictum
2866 5165 3384 5236 archiepiscopum
3415 5165 3646 5219 Petrum
3679 5162 3752 5216 de
3779 5160 3979 5216 Castro

2346 5269 2383 5308 α
2413 5255 2558 5306 vivis
2588 5253 2910 5308 excessisse
2936 5253 3233 5324 Tamayus
3272 5255 3398 5325 ipse
3430 5253 3504 5308 ad
3545 5257 3598 5306 11
3639 5251 3817 5308 Martii
3847 5264 3978 5321 pag.

2347 5345 2468 5405 201,
2509 5342 2726 5413 aliique
2756 5350 3022 5397 auctores
3055 5342 3291 5412 Hispani
3319 5348 3621 5397 asserunt.

2421 5432 2502 5483 14.
2533 5430 2614 5483 De
2641 5437 2923 5501 tempore,
2953 5447 3074 5502 quo
3117 5430 3276 5501 passi
3336 5431 3517 5495 fuere,
3565 5429 3839 5484 observat
3891 5428 3986 5481 Pa--

2347 5519 2475 5587 gius
2502 5519 2562 5571 in
2599 5518 2808 5574 Critica
2854 5519 3090 5574 Baronii
3140 5519 3215 5574 ad
3274 5535 3500 5573 annum
3557 5517 3680 5581 106,
3724 5532 3882 5572 num.
3935 5516 3990 5577 3,

2347 5608 2642 5676 contigere
2686 5624 2806 5663 non
2847 5609 3106 5680 potuisse
3169 5608 3525 5678 martyrium
3579 5609 3638 5664 S.
3681 5603 3906 5662 Romuli
3939 5613 3997 5661 et
