4142 6278
183 280 288 335 617

1289 274 1469 331 ACTA
1511 276 1612 333 SS.
1656 277 1951 341 EUDOXII,
1999 278 2289 344 HOMULI,
2329 281 2472 337 ETC.

3486 289 3592 341 618

184 406 358 469 esset,
395 400 569 458 morti
595 400 995 464 addictorum,
1028 405 1165 455 ante
1195 414 1423 455 annum
1460 400 1578 464 112,
1613 417 1735 474 quo
1785 402 1835 457 is
1872 402 1919 455 A
1953 407 2013 456 ut
2038 402 2150 473 ipsi
2164 404 2423 471 tradunt,
2448 420 2756 476 passorum
2787 422 2881 462 res
2913 409 3104 476 gestas
3130 405 3190 462 in
3224 422 3407 463 unam
3431 424 3593 465 eam-

186 492 511 563 imperator
540 491 600 545 in
646 489 945 547 Orientem
996 486 1338 543 transmisit.
1390 489 1755 545 Castellanus
1784 490 1838 544 in

188 578 616 651 Martyrologio
645 576 982 643 universali,
1024 591 1162 648 pag.
1198 578 1301 632 979
1330 581 1629 633 certamen
1651 577 1709 632 S.
1739 580 1845 633 Ro-

193 669 337 723 muli
371 667 690 737 consignat
719 666 853 738 ipso
889 682 1048 721 anno
1094 668 1190 719 112
1220 681 1232 719 :
1278 672 1475 720 utrum
1515 671 1692 731 recte,
1727 682 1847 721 non

194 757 388 813 ausim
421 772 686 813 asserere
720 773 732 811 :
768 754 1174 811 Tillemontius
1215 756 1374 809 enim
1415 759 1559 810 tom.
1596 755 1639 809 ll
1676 756 1848 826 Impe-

194 852 486 914 ratorum,
518 848 665 901 Nota
698 850 757 900 t7
790 848 849 900 et
877 844 944 898 22
994 842 1053 898 in
1079 841 1417 913 Trajanum,
1458 842 1848 913 probabiliter

198 937 396 991 statuit
412 934 713 1005 duplicem
736 932 1157 1005 profectionem
1186 931 1419 1002 Trajani
1443 932 1502 986 in
1525 932 1843 997 Orientem,

197 1024 457 1095 primam
484 1039 643 1078 anno
682 1024 797 1089 t06,
839 1022 1080 1078 alteram
1113 1036 1233 1076 non
1272 1020 1385 1075 nisi
1416 1036 1577 1076 anno
1609 1025 1725 1076 114.
1759 1022 1845 1075 Ad

200 1113 297 1168 SS.
331 1110 665 1166 Eudoxium
692 1116 747 1166 et
779 1110 971 1165 socios
1010 1108 1174 1181 quod
1203 1112 1449 1178 spectat,
1495 1111 1845 1180 martyrium

196 1198 261 1254 hi
298 1204 793 1255 consummarunt
840 1198 952 1252 sub
1001 1196 1359 1253 Diocletiano
1401 1212 1474 1251 ex
1513 1197 1844 1260 antedictis,

199 1303 382 1353 anno,
412 1295 475 1343 ut
498 1288 704 1342 Surius
734 1292 918 1353 notat,
949 1289 1069 1342 290.
1101 1285 1387 1341 Baronius
1420 1290 1617 1340 autem
1646 1285 1705 1339 in
1734 1287 1848 1339 An-

197 1375 435 1431 nalibus
466 1375 727 1447 primum
759 1375 833 1430 de
864 1375 1008 1445 ipsis
1038 1374 1315 1430 meminit
1344 1373 1417 1429 ad
1461 1388 1689 1428 annum
1721 1378 1844 1437 311,

199 1480 367 1519 num.
398 1466 487 1519 2t.
533 1467 753 1519 Horum
787 1463 1059 1535 palmstra
1090 1461 1199 1517 fuit
1245 1460 1505 1516 Melitina
1553 1477 1657 1515 seu
1696 1461 1844 1516 Meli-

198 1556 332 1607 tene
362 1553 423 1608 in
444 1553 724 1609 Armenia
745 1550 947 1608 Minori
988 1552 1064 1606 ad
1100 1550 1458 1621 Euphratem
1477 1548 1749 1603 ﬂuvium.
1786 1550 1841 1605 S.

198 1641 486 1698 Romulus
513 1657 653 1697 vero
680 1657 896 1712 passus
923 1638 1222 1694 videturin
1240 1638 1481 1701 Graecia,
1508 1637 1676 1692 sicuti
1706 1652 1845 1691 eum

199 1730 529 1787 Galesinius
546 1730 877 1794 annuntiat,
898 1744 1033 1783 cum
1046 1727 1179 1783 aliis
1193 1726 1438 1799 quidem
1455 1724 1840 1797 martyribus,
1868 1756 1923 1811 Β

199 1821 303 1876 sed
323 1836 478 1892 quos
504 1824 717 1893 postea
747 1818 956 1874 scribit
984 1817 1118 1873 alibi
1163 1822 1481 1871 coronatos
1509 1830 1657 1880 esse,
1687 1814 1846 1869 vide-

198 1909 332 1965 licet
355 1909 415 1964 in
437 1908 717 1965 Armenia
745 1912 799 1963 et
821 1912 1089 1978 tempore
1108 1904 1467 1962 Maximiani.
1497 1903 1636 1959 Vide
1663 1919 1847 1976 supra

197 2012 368 2053 num.
400 2001 454 2066 '2,
483 1997 899 2066 Menologium.

276 2091 358 2142 15.
400 2088 544 2143 Acta
582 2089 801 2151 Grmca,
848 2100 1110 2156 quorum
1155 2082 1592 2155 apographum,
1643 2080 1846 2137 nescio

198 2174 357 2229 unde
405 2180 739 2245 acceptum,
779 2174 1078 2228 habemus
1130 2172 1242 2227 hoc
1300 2171 1509 2227 titulo:
1550 2172 1845 2244 Μαρτύριον

195 2271 294 2314 τῶν
343 2262 503 2333 ἁγίων
554 2267 643 2314 καὶ
685 2254 1036 2323 ἒνδόξωνέοῦ
1082 2267 1316 2335 Χριστοῦ
1360 2262 1636 2331 μαρτύρων
1685 2254 1847 2311 E630-

195 2349 329 2415 ξίου,
404 2350 685 2422 Ῥωμύλου,
765 2354 999 2410 Ζήνωνος
1056 2354 1145 2400 καὶ
1198 2352 1495 2421 Μακαρίαν,
1554 2346 1615 2401 id
1685 2352 1772 2402 est
1829 2364 1843 2401 :

194 2439 559 2509 Martyrium
569 2444 905 2494 sanctorum
918 2444 971 2493 et
983 2436 1377 2505 gloriosorum
1391 2434 1616 2490 Christi
1624 2440 1846 2503 marty-

194 2543 324 2583 rum
343 2529 624 2593 Eudoxii,
668 2529 925 2593 Romuli,
957 2526 1208 2582 Zenonis
1234 2529 1287 2581 et
1312 2522 1588 2586 Macarii,
1632 2538 1703 2577 ex
1733 2537 1846 2577 an-

195 2616 377 2689 tiquis
400 2618 805 2672 monumentis
833 2612 1639 2686 conscripsitMetaphrastes,
1670 2610 1843 2681 eique

194 2704 293 2759 illa
317 2704 722 2759 indubitanter
746 2703 1015 2759 attribuit
1044 2706 1154 2758 Leo
1188 2700 1435 2757 Allatius
1465 2699 1528 2754 in
1577 2698 1844 2754 Diatriba

194 2794 264 2847 de
296 2794 663 2864 Symeonum
697 2793 953 2863 scriptis,
990 2807 1127 2861 pag.
1176 2794 1273 2843 129
1304 2789 1537 2842 initium
1566 2786 1839 2840 recitans.

194 2881 397 2936 Latine
427 2896 598 2934 versa
623 2880 805 2933 edidit
830 2878 1108 2948 Aloysius
1134 2876 1493 2945 Lipomanus
1524 2873 1844 2942 episcopus

194 2966 555 3022 Veronensis
586 2972 751 3021 tomo
776 2967 847 3019 Vl
882 2965 1149 3020 Vitarum
1193 2964 1313 3030 SS.,
1347 2974 1536 3031 quam
1566 2959 1844 3028 interpre-

196 3056 481 3111 tationem
500 3053 744 3109 inferius
760 3052 1068 3115 recudam,
1083 3050 1186 3106 sed
1202 3065 1366 3105 more
1380 3051 1582 3103 nostro
1596 3045 1845 3100 divisam

194 3143 256 3199 in
280 3143 476 3213 capita
505 3149 560 3197 et
598 3157 902 3205 numeros,
926 3145 985 3195 ut
1011 3139 1229 3194 Graecae
1257 3134 1578 3192 narrationi
1592 3133 1848 3188 similiter

195 3230 530 3286 dividenda;
554 3230 937 3299 respondeat.
971 3227 1260 3283 Baronius
1292 3226 1368 3280 ad
1398 3224 1559 3279 hunc
1591 3223 1753 3277 diem
1780 3237 1849 3276 ea

194 3323 367 3375 vocat
424 3324 557 3373 Acta
606 3320 661 3373 S.
697 3316 950 3381 Romuli,
1010 3316 1148 3387 quia
1196 3328 1414 3383 nempe
1448 3310 1521 3365 de
1565 3312 1697 3381 ipso
1729 3307 1849 3375 agit

194 3408 357 3481 prior
384 3407 618 3463 illorum
652 3422 791 3477 pars
826 3429 836 3471 ;
871 3411 931 3460 at
960 3404 1174 3459 rectius
1204 3403 1281 3458 ab
1312 3400 1440 3456 aliis
1471 3396 1851 3470 appellantur

193 3496 562 3567 reliquorum
581 3497 755 3551 etiam
772 3500 1097 3565 martyrum
1132 3491 1396 3557 nomine,
1423 3503 1679 3559 quorum
1713 3501 1853 3554 ago-

193 3601 355 3649 nem,
390 3584 447 3639 S.
480 3582 730 3639 Eudoxii
765 3582 1091 3653 praesertim
1125 3580 1315 3649 magis
1344 3578 1475 3632 fuse
1507 3574 1852 3630 describunt

194 3679 331 3746 post
372 3676 681 3728 narratum
713 3670 944 3726 Romuli
993 3669 1364 3739 martyrium.
1400 3665 1574 3721 Miror
1633 3669 1852 3731 tamen,

196 3762 364 3835 quod
393 3760 579 3816 δι’ωοί
618 3763 966 3816 sanctorum
1017 3765 1131 3812 tam
1164 3754 1413 3810 diversis
1457 3751 1852 3824 temporibus,

1949 489 2208 562 demque
2261 494 2665 549 narrationem
2717 494 3091 565 conjecerint.
3151 493 3231 549 Ex
3277 495 3589 554 collatione

1950 578 2229 635 Actorum
2247 595 2383 635 cum
2413 580 2633 650 Elogio,
2654 583 2816 653 quod
2830 581 3088 637 exstatin
3103 582 3336 638 Menteis
3354 586 3590 654 magnis

1952 665 2274 737 impressis,
2325 673 2484 739 patet
2525 668 2623 725 illa
2668 686 2739 725 ex
2782 670 2895 726 hoc
2946 669 3303 726 concinnata
3350 687 3505 735 esse,
3534 678 3593 730 at

1955 755 2207 810 multum
2246 755 2484 811 aliunde
2530 757 2896 829 ampliﬁcata
2946 774 2957 812 :
2996 774 3067 813 ex
3124 758 3343 829 quibus
3392 768 3590 817 autem

1956 843 2379 907 monumentis,
2412 843 2637 914 ignoro.

2030 935 2108 986 l6.
2142 934 2301 987 Certe
2332 932 2574 1004 quidem
2613 932 2711 988 illa
2750 932 3134 1005 ampliﬁcatio
3165 932 3321 989 facta
3342 949 3462 990 non
3505 940 3595 992 est

1954 1036 2026 1074 ex
2065 1022 2403 1076 narratione
2449 1038 2553 1076 seu
2594 1023 2785 1091 elogio
2829 1021 3134 1092 Menologii
3175 1020 3451 1078 Basiliani
3489 1040 3502 1078 ε
3534 1025 3592 1079 in

1952 1108 2066 1163 hoc
2096 1125 2353 1180 namque
2395 1109 2607 1165 dicitur
2639 1111 2693 1165 S.
2751 1109 3032 1165 Romulus
3080 1115 3286 1165 auctor
3332 1111 3593 1182 primum

1955 1196 2133 1251 fuisse
2159 1198 2434 1266 Trajano,
2467 1196 2771 1250 ἀποστεῖλαι
2826 1198 2895 1258 εἰς
2954 1202 3045 1255 τὴν
3098 1197 3313 1249 Γαλλίαν
3358 1206 3488 1265 etc.,
3534 1206 3595 1256 ut

1957 1285 2224 1353 mitteret,
2262 1284 2370 1350 vel,
2402 1284 2481 1339 uti
2509 1285 2833 1340 Galesinius
2860 1290 2916 1340 et
2948 1286 3239 1341 Arcudius
3273 1292 3591 1354 verterunt,

1954 1373 2063 1427 iret
2088 1374 2142 1427 in
2177 1370 2445 1435 Galliam.
2479 1374 2796 1429 Asiaticam
2810 1389 3044 1445 nempe,
3068 1374 3128 1429 id
3152 1380 3259 1439 est,
3283 1375 3593 1445 Galatiam,

1957 1459 2289 1532 militesque
2313 1459 2675 1516 Christianos
2703 1462 2814 1516 diis
2840 1460 3151 1517 immolare
3176 1463 3593 1534 compelleret;

1954 1548 2163 1605 deinde
2207 1549 2553 1619 paenitentia
2579 1548 2792 1605 ductus
2824 1549 3145 1605 credidisse
3175 1550 3236 1605 in
3277 1551 3592 1608 Christum.

1953 1636 2371 1707 Metaphrastes
2391 1652 2549 1702 vero,
2574 1637 2871 1693 mirabilia
2888 1640 3157 1693 omittere
3182 1637 3345 1694 haud
3371 1639 3594 1711 solitus,

1954 1724 2201 1794 impium
2233 1724 2369 1779 illud
2398 1724 2637 1780 Romuli
2659 1725 2992 1790 consilium,
3019 1731 3285 1781 secutam
3315 1726 3600 1797 paeniten-

1955 1813 2099 1869 tiam
2130 1816 2189 1868 et
2216 1814 2666 1869 conversionem
2696 1830 2768 1869 ne
2807 1815 2984 1869 verbo
3030 1814 3277 1885 quidem
3320 1816 3594 1884 attingit:

1955 1902 2075 1957 imo
2105 1907 2311 1957 contra
2357 1902 2641 1966 insinuat,
2670 1917 2808 1957 eum
2850 1902 2976 1971 jam
3017 1907 3154 1957 ante
3197 1900 3597 1959 Christianum

1954 1988 2149 2045 fuisse.
2179 1989 2340 2044 Mitto
2388 1988 2533 2045 alias
2572 1990 3022 2061 discrepantias,
3062 1988 3228 2045 facile
3268 1990 3346 2047 ab
3366 1990 3598 2048 erudito

1953 2080 2168 2133 lectore
2216 2077 2640 2133 observandas.
2693 2078 2863 2143 Quod
2912 2083 3140 2148 spectat
3194 2078 3269 2134 ad
3320 2079 3598 2135 undecim

1955 2166 2113 2221 mille
2142 2167 2435 2235 relegatos
2478 2165 2708 2231 milites,
2740 2188 2767 2216 ‹‹
2799 2166 3148 2236 Conjectura
3188 2166 3484 2231 ducimur,
3513 2172 3598 2222 in-

1956 2255 2084 2327 quit
2113 2254 2399 2309 Baronius
2431 2253 2506 2308 ad
2546 2269 2773 2309 annum
2809 2257 2928 2318 l08,
2960 2257 3023 2307 ut
3046 2253 3455 2309 existimemus
3485 2256 3597 2310 hos

1956 2344 2089 2399 illos
2121 2342 2285 2414 ipsos
2312 2358 2439 2397 esse
2468 2342 2677 2398 decem
2703 2340 2859 2397 inille
2891 2343 3413 2412 praestantissimos
3446 2359 3600 2399 mar-

1959 2434 2131 2498 tyres,
2167 2426 2267 2498 qui
2297 2424 2355 2479 in
2389 2425 2549 2480 silvis
2575 2426 2795 2480 montis
2825 2424 3034 2482 Ararat
3063 2424 3124 2479 in
3155 2425 3437 2482 Armenia
3463 2435 3601 2482 sunt

1955 2515 2236 2570 crucifixi.
2272 2536 2300 2567 »
2330 2514 2459 2571 Hoc
2492 2515 2539 2568 si
2572 2530 2775 2568 verum
2819 2514 2913 2579 sit,
2959 2512 3286 2569 manifestae
3326 2513 3598 2570 falsitatis

1953 2604 2383 2659 convincuntur
2431 2603 2676 2658 istorum
2724 2602 3141 2657 cruciﬁxorum
3186 2610 3371 2668 Acta;
3425 2606 3598 2660 Baro-

1952 2692 2086 2747 nius
2122 2694 2346 2763 quippe
2386 2691 2517 2746 loco
2556 2691 2733 2746 citato
2764 2690 3086 2761 praemittit,
3125 2691 3401 2747 undecim
3441 2692 3599 2749 mille

1955 2781 2168 2836 milites
2193 2780 2467 2835 inventos
2494 2779 2676 2834 fuisse
2709 2779 3070 2834 Christianos
3100 2796 3136 2835 a
3166 2780 3417 2850 Trajano
3441 2797 3599 2837 exer-

1955 2869 2136 2923 citum
2162 2868 2449 2921 lustrante
2481 2884 2492 2922 :
2520 2872 2813 2938 martyres
2862 2874 3063 2923 autem
3106 2867 3376 2923 Cruciﬁxi
3416 2869 3601 2924 idolo-

1955 2956 2119 3009 latraa
2136 2955 2329 3009 adhuc
2350 2961 2644 3010 eranttein
2656 2971 2796 3026 pore
2809 2955 3072 3021 Adriani,
3090 2956 3339 3027 quando
3351 2957 3601 3026 angelus

1958 3043 2015 3096 in
2043 3057 2260 3112 campo
2314 3058 2610 3113 apparens
2652 3044 2832 3098 ﬁdem
2866 3043 3075 3099 Christi
3126 3042 3208 3099 eis
3241 3045 3599 3114 prirdicavit,

1961 3130 2038 3184 uti
2072 3134 2345 3183 narratur
2372 3137 2513 3184 tom.
2543 3131 2611 3183 lV
2638 3131 2794 3185 Junii
2826 3131 2903 3187 ad
2946 3133 3106 3187 diem
3133 3136 3200 3186 22
3230 3133 3291 3187 in
3332 3136 3599 3205 ipsorum

1958 3218 2137 3282 Actis,
2164 3233 2300 3288 quas
2329 3216 2568 3281 ibidem,
2601 3233 2636 3272 a
2666 3234 2803 3287 pag,
2854 3224 2969 3283 175,
3013 3219 3459 3277 Commentario
3498 3221 3604 3276 cri-

1959 3308 2071 3361 tico
2096 3304 2353 3359 excussit
2382 3304 2823 3375 Papebrochius
2871 3322 2942 3360 ac
2969 3306 3238 3362 fabulosa
3275 3324 3407 3363 esse
3438 3325 3603 3364 mon-

1960 3393 2183 3450 stravit.
2220 3391 2543 3448 Verisimile
2574 3393 2749 3449 etiam
2790 3408 2909 3449 non
2937 3397 3051 3459 est,
3097 3394 3370 3451 undecim
3419 3395 3603 3453 millia

1960 3484 2276 3538 hominum
2308 3480 2485 3536 simul
2511 3482 2641 3536 neci
2671 3481 2811 3538 data
2842 3481 3021 3538 fuisse
3048 3498 3084 3538 a
3111 3484 3366 3555 Trajano
3398 3500 3411 3538 :
3453 3490 3605 3541 certe

1961 3571 2018 3626 id
2060 3570 2476 3641 Metaphrastes
2508 3586 2628 3626 non
2652 3570 2925 3639 siluisset,
2954 3570 3001 3625 si
3028 3571 3090 3626 in
3116 3572 3375 3643 antiquis
3399 3589 3606 3629 monu-

1968 3658 2177 3715 mentis
2203 3658 2537 3730 repetisset.

202 3870 3590 3908 Ν

1558 3995 1717 4073 MA
1730 3985 2219 4073 ΡΤΥΡΙΟΝ

895 4269 1358 4384 ΑΓΙΟΥ
1416 4260 2239 4415 ΜΑΡΤΥΡΟΣ
2304 4246 3027 4373 ΕΥΔΟΞΙΟΥ

1022 4454 1134 4502 ΚΑΙ
1174 4454 1309 4500 ΤΩΝ
1340 4452 1462 4498 ΣΥΝ
1506 4453 1676 4518 ΑΥΤῼ.
1716 4449 2175 4499 ΑΘΛΗΣΑΝΤΩΝ
2213 4446 2414 4495 ΑΓΙΩΝ
2455 4445 2832 4496 ΜΑΡΤΥΡΩΝ.

706 4598 1944 4850 MARTYBIUu
2038 4700 2177 4843 s.
2334 4696 3136 4842 EUDOXII

1540 4949 1673 5034 ΕΤ
1760 4944 2353 5035 SOCIORUM.

1774 5224 2001 5280 CAPUT
2037 5222 2085 5278 Ι.

223 5328 445 5385 Milites
474 5326 848 5383 Christianos
879 5325 940 5380 in
969 5322 1244 5381 exsilium
1262 5322 1434 5392 pellit
1470 5323 1761 5391 Trajanus
1794 5321 1892 5376 :id
1918 5319 2260 5389 improbans
2276 5318 2343 5392 _S.
2374 5317 2647 5374 Romulus
2678 5320 2731 5371 et
2767 5318 2969 5384 aperte
3008 5314 3309 5373 Christum
3339 5320 3626 5388 conﬁtens

1480 5390 1804 5464 gloriosum
1844 5392 1997 5447 subit
2026 5390 2404 5461 martyrium.

299 5495 384 5551 A’.
418 5491 679 5568 Τραϊανοῦ
732 5502 825 5548 τοῦ
885 5490 1177 5553 δυσσεϐοῦς
1232 5490 1489 5564 βασιλέως
1542 5489 1731 5549 πολλὴν
1786 5492 1875 5563 μὲν

2020 5490 2063 5545 Ι.
2092 5488 2345 5559 Trajano
2386 5485 2463 5558 (1)
2489 5483 2672 5556 impio
2703 5484 3057 5556 imperatore
3088 5484 3150 5541 in
3189 5486 3622 5545 exsecrandum

304 5601 383 5673 (1)
410 5602 701 5674 Trajanus
726 5601 1041 5673 imperium
1067 5599 1323 5671 suscepit
1356 5612 1517 5655 anno
1545 5597 1755 5654 Christi
1775 5599 1863 5667 98,
1886 5600 2159 5653 mortuus
2183 5598 2271 5649 est
2302 5597 2424 5649 117.

623 5693 860 5746 ΡΑἸἪΟΙ..
904 5688 1007 5744 Gn.
1048 5687 1209 5743 CXV.

3251 5678 3323 5733 20
