4142 6278
207 289 301 344 621
1275 290 1454 345 ACTA
1499 290 1599 344 SS.
1644 290 1955 355 EUDOXII,
2000 293 2298 358 ROMULI,
2343 296 2492 351 ETC.

3453 304 3562 356 622

210 412 468 486 ἐξυϐρίζει
521 415 609 483 μεν
653 411 720 472 εἰς
765 414 882 472 τοὺς
925 414 1115 465 ἐκείνου
1161 415 1305 476 θεοὺς
1345 412 1583 472 ὰναίδην·
1632 414 1809 486 ὁμολο-

1932 420 1975 473 5t
2002 416 2421 474 ardentissimo
2451 419 2578 490 ejus
2604 420 2727 476 zelo
2740 421 2798 477 in
2820 423 3018 479 animo
3038 438 3348 492 accensus,
3375 423 3560 480 libere

210 510 295 575 7d
340 500 399 555 δὲ
432 510 654 575 φανερῶς
702 504 786 552 τὸν
834 505 1060 574 Χριστόν
1106 507 1196 554 καὶ
1246 502 1668 577 παρρησιάζεται
1715 508 1809 560 τὴν

213 589 494 644 εὐσέϐειαν.
526 591 809 664 Ἀγριάνας
838 591 1007 642 τοίνυν
1045 590 1280 643 ίπιπλέον
1323 596 1590 664 Τραϊανός,
1624 591 1812 644 κελεύει

212 682 435 738 ταθῆναι
463 685 645 731 τοῦτον
674 682 763 730 καὶ
788 675 1005 752 ῥάϐδοις
1037 679 1356 740 αἰκίζεσθαι.

286 854 355 909 Δ’.
418 855 475 907 Ὀ
530 860 703 927 μέντοι
757 855 1015 927 Ῥωμύλος
1073 855 1321 927 εὐψύχως
1384 853 1668 927 δεχόμενος
1722 856 1812 915 τὰς

213 944 436 1016 πληγὰς,
483 950 590 997 Νῦν
645 944 917 1016 εὐεργετῶν
974 964 1035 1016 με
1090 947 1202 997 ἴσθι
1262 948 1326 997 τὰ
1382 949 1626 1016 μέγιστα,
1683 947 1812 1016 πρὸς

214 1036 465 1103 Τραιανόν
519 1031 658 1086 ἐϐόα.
720 1037 790 1086 Τό
845 1052 900 1086 τε
948 1036 1050 1105 γὰρ
1102 1043 1254 1104 σῶμα
1312 1033 1425 1106 ἐμοὶ
1487 1042 1559 1103 τῷ
1616 1032 1812 1106 ἐρυθρῷ

216 1124 379 1193 τούτῳ
448 1121 834 1195 περιρρεόμενον
888 1123 1072 1195 αἵματι
1118 1127 1205 1174 τόν
1264 1122 1318 1174 ἐκ
1374 1131 1465 1183 τῆς
1538 1118 1813 1183 εἰδωλικῆς

217 1215 435 1270 κνίσσης
489 1207 710 1267 δυσώδη
756 1211 1021 1283 μολυσμὸν
1059 1211 1387 1275 ἁπολούεται,
1438 1215 1525 1262 καὶ
1576 1213 1605 1267 ἡ
1667 1209 1810 1280 ρυχὴ

219 1295 277 1350 δε
357 1297 649 1369 ἀφθαρσίας
724 1308 928 1370 χιτῶνα
983 1302 1209 1373 καθαρὸν
1258 1298 1634 1373 περιϐάλλεται.
1704 1298 1816 1348 Οὐκ

218 1387 397 1457 inquit
448 1394 612 1439 ταῦτα
666 1391 939 1460 Τραϊανὸς,
990 1387 1094 1439 ἀλλ’
1148 1389 1220 1448 εἰς
1265 1388 1472 1440 πλείονα
1525 1390 1610 1438 τόν
1656 1388 1816 1457 θυμόν

218 1477 524 1547 προαχθεὶς,
577 1483 796 1547 ταχεῖαν
844 1476 1010 1527 αὐτῶν
1042 1476 1344 1546 ἀπαλλαγὴν
1389 1475 1631 1546 ἐπίτομόν
1661 1493 1713 1524 τε
1756 1476 1814 1524 τό

217 1566 500 1638 μαρτύριον
555 1560 889 1635 διεπράξατο·

214 1652 472 1723 Ῥωμύλου
528 1650 832 1724 ψηφίζεται.

968 1570 1053 1616 καὶ
1113 1567 1375 1636 τμηθῆναι
1426 1569 1519 1621 τὴν
1593 1560 1815 1632 κεφαλὴν

899 1652 957 1705 Ὀ
1012 1657 1100 1724 μὲν
1154 1650 1241 1705 οὖν
1316 1654 1538 1724 ἄσμενος
1594 1653 1651 1701 τὸ
1722 1645 1815 1701 διὰ

1918 505 2164 576 quidem
2223 512 2279 562 et
2321 506 2506 563 effuse
2552 508 2703 565 illius
2733 510 2879 566 deos
2937 512 3163 582 probris
3216 511 3554 578 insectatur,

1919 592 2212 650 Christum
2270 600 2471 651 autem
2528 603 2727 668 aperte
2779 599 3108 668 conﬁtetur,
3167 605 3223 655 et
3286 599 3563 669 pietatem

1923 682 2208 738 audacter
2228 684 2556 755 proﬁtetur.
2575 688 2755 757 Magis
2782 688 2981 759 itaque
3000 689 3258 745 irritatus
3274 688 3560 759 Trajanus

1916 769 2086 839 jubet
2112 787 2248 827 eum
2280 774 2510 829 extendi
2536 780 2593 830 et
2620 774 2795 846 virgis
2823 775 2995 831 caedi.

1993 859 2085 913 1V.
2115 859 2403 917 Romulus
2421 868 2617 919 autem
2642 880 2864 933 magno
2886 871 2943 920 et
2968 864 3101 920 forti
3125 864 3328 920 animo
3353 865 3564 937 plagas

1922 947 2220 1020 accipiens
2253 966 2266 1004 :
2303 953 2462 1006 Nunc
2512 953 2682 1017 scias,
2717 969 2813 1009 me
2866 952 3128 1009 maximo
3160 952 3316 1009 afﬁci
3344 952 3566 1008 beneﬁ-

1921 1036 2424 1099 cio,exclamabat
2448 1040 2527 1095 ad
2566 1042 2910 1111 Trajanum.
2936 1042 3163 1113 Corpus
3187 1041 3371 1106 enim,
3396 1041 3557 1114 quod

1921 1124 2034 1179 hoc
2061 1125 2243 1180 rubro
2265 1127 2409 1182 mihi
2431 1129 2720 1198 sanguine
2737 1130 3112 1197 circumﬂuit,
3130 1129 3319 1186 abluit
3334 1129 3562 1194 sordes,

1923 1227 2078 1282 quas
2105 1217 2369 1269 contraxi
2387 1232 2458 1271 ex
2481 1217 2687 1272 nidore
2702 1218 3163 1274 simulacrorum
3189 1237 3202 1287 ;
3228 1225 3284 1274 et
3299 1218 3567 1273 indultur

1926 1299 2134 1355 anima
2165 1303 2392 1357 munda
2417 1305 2613 1360 tunica
2642 1305 3121 1378 incorruptionis.
3141 1310 3266 1363 Non
3289 1306 3419 1362 tulit
3438 1306 3566 1362 hac

1923 1388 2231 1458 Trajanus,
2294 1392 2397 1446 sed
2451 1392 2664 1463 majori
2729 1393 2815 1450 ira
2865 1396 3143 1465 percitus,
3211 1394 3263 1451 ei
3316 1394 3566 1450 celerem

1927 1484 2237 1547 comparat
2254 1477 2684 1550 liberationem,
2708 1488 2764 1538 et
2784 1482 2962 1538 breve
2988 1482 3161 1539 efﬁcit
3178 1482 3530 1554 martyrium
3551 1498 3565 1548 ;

1925 1568 1982 1617 et
2010 1565 2293 1632 decernit,
2338 1574 2401 1623 ut
2446 1575 2627 1641 caput
2684 1570 2921 1627 Romuli
2975 1578 3335 1644 amputetur.
3379 1572 3568 1642 Atque

1924 1650 2019 1706 ille
2050 1654 2293 1724 quidem
2320 1655 2566 1713 libenter
2595 1674 2801 1714 ensem
2842 1660 3074 1731 aspexit
3118 1663 3359 1732 propter
3412 1659 3567 1714 Chri-

217 1745 446 1812 Χριστὸν
492 1738 599 1793 εἶδε
650 1741 813 1813 ξίφος,
862 1747 952 1794 καὶ
1012 1740 1213 1800 ἣδιστα
1265 1745 1322 1793 τὸ
1375 1748 1467 1794 τοῦ
1523 1742 1812 1812 μαρτυρίου

1932 1743 2104 1805 stum,
2133 1746 2188 1797 et
2208 1742 2644 1814 jucundissime
2672 1746 2857 1804 subiit
2876 1748 3136 1804 stadium
3168 1745 3459 1818 martyrii.

210 1827 402 1887 ἐπῆλθε
442 1826 677 1883 στάδιον.

1722 1913 1948 1970 CAPUT
1979 1919 2043 1971 ll.

206 2006 597 2063 S.Eudoxius
622 2007 824 2084 missos
849 2007 929 2062 ad
956 2006 1392 2084 secqpiendum
1418 2004 1682 2084 ορῃυίυίο
1706 2004 2109 2084 εφςίρίεηᾴειη
2139 2015 2345 2084 sponte
2373 2010 2500 2065 adit
2524 2012 3083 2084 prapsidem,poram
3109 2026 3223 2083 quo
3237 2010 3412 2079 ﬁdem
3429 2024 3570 2080 pro-

782 2078 987 2145 ﬁtetur
1013 2079 1386 2149 balteumque
1400 2077 1622 2146 abjicit,
1650 2073 1929 2130 militibus
1952 2076 2089 2132 1104
2110 2073 2439 2148 eai'emplum
2462 2073 2588 2151 ejus
2611 2073 2999 2139 imitantibus.

291 2164 360 2217 E'.
398 2173 598 2235 Συχνοῦ
631 2163 689 2217 δὲ
738 2167 930 2237 μεταξύ
986 2163 1278 2227 διελθόντος
1328 2172 1545 2239 χρόνου,
1603 2163 1815 2219 Διοκλη-

213 2257 389 2314 τιανός
413 2256 503 2323 μεν
535 2255 719 2325 αἵματι
762 2253 991 2326 ἐμφυλίῳ
1035 2260 1124 2307 καὶ
1153 2252 1425 2328 τυραννίδι
1473 2253 1675 2305 κλέπτει
1724 2256 1816 2308 τὴν

217 2339 511 2413 βασιλείαν,
566 2341 842 2413 φιλονεικεῖ
892 2339 949 2394 δὲ
995 2347 1115 2404 τοὺς
1169 2346 1268 2415 πρὸ
1322 2342 1482 2394 αὐτοῦ
1539 2343 1818 2414 τυράννους

214 2432 350 2481 κατά
396 2450 454 2501 γε
499 2433 584 2482 τὸν
628 2439 721 2492 τῆς
765 2430 1030 2502 ὠμότητος
1072 2434 1282 2482 καὶτὸν
1322 2438 1414 2492 τῆς
1464 2428 1700 2489 ἀσεϐείας
1738 2428 1820 2479 λό-

216 2537 309 2588 γον
360 2517 680 2593 ὑπερϐαλεῖν,
734 2525 821 2571 καὶ
872 2524 965 2577 τὴν
1005 2518 1203 2571 ἐκείνων
1254 2518 1543 2590 ἀγριότητα
1601 2517 1818 2589 φανερὰν

219 2603 393 2668 δεῖξαι
475 2606 876 2681 φιλανθρωπίαν
938 2609 1049 2659 ὅθεν
1104 2605 1169 2665 δὴ
1225 2604 1562 2679 διατάγματα
1614 2610 1812 2676 συνεχῆ

213 2694 567 2751 κατελάμϐανε
616 2700 672 2747 τό
703 2696 953 2761 ὑπήκοον,
1004 2699 1033 2753 ἤ
1089 2698 1283 2757 πάντας
1316 2695 1456 2765 αὐτῷ
1502 2703 1819 2752 κοινωνῆσαι

213 2793 312 2844 τὴς
367 2782 625 2847 ἀσεϐείας,
660 2784 689 2840 ἦ
743 2786 959 2835 θάνατον
1001 2783 1173 2844 αὐτοῖς
1220 2780 1348 2835 εἶναι
1394 2786 1452 2835 τό
1508 2790 1603 2842 τῆς
1652 2800 1820 2852 παρα⁸

1995 2165 2061 2219 V.
2076 2165 2225 2223 Cum
2240 2169 2490 2225 multum
2513 2177 2711 2226 autem
2728 2170 3156 2227 intercessisset
3172 2169 3457 2240 temporis
3470 2170 3569 2240 6),)

1928 2253 2320 2312 Diocletianus
2339 2258 2582 2329 quidem
2615 2259 2906 2330 sanguine
2936 2259 3211 2314 intestino
3259 2263 3316 2312 et
3372 2262 3569 2328 tyran-

1928 2341 2063 2397 nide
2092 2344 3078 2419 invaditimperium(7),contendit
3102 2351 3301 2401 autem
3332 2361 3437 2400 eos
3466 2345 3571 2416 qui

1927 2439 2347 2501 praecesserant
2376 2440 2660 2505 tyrannos
2689 2434 3033 2491 crudelitate
3068 2449 3351 2506 superare
3380 2438 3435 2488 et
3462 2434 3572 2488 im-

1927 2518 2163 2589 pietate,
2192 2526 2248 2576 et
2277 2523 2587 2577 ostendere
2618 2523 2847 2578 illorum
2888 2522 3166 2578 saevitiam
3230 2521 3407 2577 fuisse
3464 2521 3571 2576 hu-

1928 2608 2294 2664 manitatem.
2327 2608 2491 2665 Unde
2509 2610 2690 2666 etiam
2719 2611 2799 2666 ad
2828 2626 2927 2666 eos
2951 2611 3053 2683 qui
3083 2609 3243 2665 illius
3276 2608 3573 2681 parebant

1926 2694 2199 2767 imperio,
2231 2696 2425 2754 edicta
2476 2698 2795 2754 veniebant
2841 2698 3192 2770 frequentia,
3244 2702 3307 2752 ut
3359 2712 3565 2753 omnes

1927 2786 2019 2840 vel
2049 2802 2187 2841 cum
2217 2801 2288 2840 eo
2318 2787 2806 2842 communionem
2837 2786 3155 2858 impietatis
3180 2785 3558 2857 susciperent,

212 2880 340 2931 κοῆς
398 2870 677 2941 ἐπιτίμιον,
712 2875 1023 2942 Χριστιανοὶ
1070 2876 1233 2921 τοίνυν
1283 2868 1376 2922 διὰ
1412 2873 1470 2920 τὸ
1510 2877 1604 2928 τῆς
1662 2868 1818 2939 ὀργῆς

1932 2872 2020 2926 vel
2054 2888 2212 2927 mors
2239 2879 2390 2928 esset
2428 2874 2512 2929 eis
2568 2890 2751 2945 pcena
2792 2873 3227 2930 inobedientiae.
3261 2872 3570 2929 Christiani

212 2967 308 3011 τοῦ
343 2955 535 3030 ἀνδρὸς
563 2960 776 3029 ἄμαχόν
806 2976 860 3009 τε
899 2962 988 3009 καὶ
1038 2954 1219 3017 δεινῶς
1266 2959 1467 3027 ἄγριον,
1516 2958 1564 3007 οἱ
1612 2958 1701 3027 μεν
1731 2957 1821 3015 τὰς

215 3049 354 3118 μετὰ
391 3054 489 3098 τῶν
540 3048 731 3119 θηρίων
781 3045 831 3097 ἐν
872 3044 1086 3118 ἐρήμοις
1129 3043 1403 3117 διατριϐὰς
1432 3052 1526 3107 τῆς
1555 3046 1685 3117 μετὰ
1721 3051 1823 3095 τῶν

213 3135 502 3209 ἀνθρώπων
579 3133 769 3205 μᾶλλον
822 3138 1120 3208 προέκρινον
1180 3138 1465 3195 συνοικίας·
1515 3134 1562 3185 οἱ
1616 3128 1675 3185 δε
1726 3135 1818 3204 ὅρη

209 3229 304 3276 καὶ
340 3223 592 3285 σπήλαια,
625 3227 713 3273 καὶ
764 3224 864 3275 ὅσα
896 3218 1117 3274 δύναται
1158 3225 1425 3294 κρύπτειν,
1474 3217 1822 3292 ὑποδυόμενοι

207 3316 303 3365 καὶ
337 3311 515 3376 αὑτὸν,
557 3312 625 3373 ὡς
657 3312 839 3378 οἷόντε,
866 3314 953 3361 τόν
981 3310 1121 3368 ἣλιον
1152 3306 1417 3363 διαλαθεῖν
1449 3306 1721 3363 ἔσπευδον.

301 3497 408 3573 ς’.
466 3495 717 3551 Ἐνταῦθα
762 3500 1011 3569 μηνύεταί
1067 3517 1147 3559 τις
1195 3496 1431 3565 εὐσεϐὴς,
1484 3502 1572 3550 καὶ
1609 3504 1704 3549 τοῦ
1745 3499 1815 3567 μὴ

204 3587 389 3640 λαθεῖν
451 3590 608 3648 ὅντως
687 3587 843 3649 ἄξιος,
921 3583 1164 3648 Εύδόξιός
1244 3587 1273 3645 ᾖ
1350 3592 1613 3661 Μαριανός
1660 3587 1821 3658 ὄνομα

158 3738 161 3741 Α
203 3675 366 3752 ἀνὴρ·
431 3673 736 3747 ἀμφοτέροις
786 3677 888 3746 γὰρ
940 3675 1317 3746 ἐκυριολογεῖτο
1385 3682 1493 3736 τοῖς
1550 3675 1815 3747 ὀνόμασιν·

200 3765 311 3818 ἀπὸ
344 3769 704 3837 πριμικηρίων
738 3760 796 3815 δὲ
828 3768 923 3821 την
955 3762 1126 3828 ἀξίαν,
1155 3760 1217 3825 ἧς
1261 3759 1354 3815 διὰ
1382 3766 1469 3815 τὸν
1491 3763 1563 3824 εἰς
1590 3768 1819 3837 Χριστόν

195 3859 370 3910 πόθον
427 3851 831 3923 ἀπεληλαμένος,
858 3850 907 3903 ἄν
936 3860 995 3924 τῇ
1026 3861 1123 3903 τῶν
1162 3857 1401 3923 κομήτων
1456 3851 1808 3907 ύπεϐιϐάσθη·

196 3950 295 3998 καὶ
324 3945 530 4004 ταύτης
579 3938 638 3993 δὲ
686 3945 757 4013 μὴ
803 3945 1003 4011 τυχὼν,
1054 3940 1284 4014 ἔστερξεν
1313 3943 1373 3993 ἄν
1405 3949 1473 4010 τῷ
1522 3943 1819 4013 ποθουμένῳ

192 4040 347 4107 μόνῳ
428 4029 905 4103 παρακαλούμενος·
991 4032 1256 4087 Μηνύεται
1313 4026 1370 4082 δε
1421 4033 1478 4082 τό
1532 4038 1821 4086 τηνικαῦτα

196 4122 515 4179 Μελιτηνῆς
565 4119 798 4190 ἡγεμόνι·
861 4119 915 4178 ὃς
963 4115 1142 4176 ἐπειδὴ
1196 4122 1261 4170 τὰ
1310 4122 1426 4190 περὶ
1485 4126 1575 4169 τοῦ
1631 4115 1819 4191 ἀνδρὸς

1930 2960 2131 3029 itaque
2149 2967 2389 3031 propter
2409 2978 2629 3019 saavam
2652 2968 2709 3019 et
2736 2962 3060 3018 immanem
3093 2961 3248 3017 illius
3276 2961 3449 3029 iram,
3473 2960 3571 3017 alii

1929 3045 2169 3117 quidem
2201 3048 2504 3105 malebant
2525 3066 2662 3105 cum
2684 3050 2820 3105 feris
2850 3050 3120 3106 habitare
3149 3049 3208 3104 in
3241 3048 3567 3105 solitudini-

1930 3134 2063 3200 bus,
2084 3150 2265 3206 quam
2296 3136 2473 3192 simul
2493 3153 2630 3193 cum
2648 3138 2996 3194 hominibus
3027 3155 3038 3186 :
3066 3138 3164 3193 alii
3187 3145 3387 3193 autem
3405 3152 3572 3192 mon-

1932 3230 2016 3279 tes
2049 3228 2105 3278 et
2154 3222 2467 3294 speluncas
2520 3231 2575 3280 et
2627 3240 3006 3297 quaecunque
3061 3225 3249 3281 celare
3303 3229 3571 3295 poterant

1928 3310 2252 3367 subeuntes
2279 3312 2617 3378 studebant,
2640 3312 2843 3384 quoad
2874 3313 3002 3383 ejus
3032 3313 3158 3369 ﬁeri
3208 3317 3457 3383 poterat,
3478 3312 3573 3369 vel

1925 3399 2124 3473 ipsum
2156 3400 2342 3457 solem
2380 3400 2582 3457 latere.
3186 3414 3189 3417 ‘

1999 3499 2081 3552 Vl.
2108 3500 2188 3553 Eo
2218 3494 2486 3570 tempore
2515 3497 2776 3554 defertur
2794 3497 3045 3571 quidam
3073 3497 3164 3553 vir
3193 3496 3345 3569 pius,
3370 3500 3427 3552 et
3450 3495 3575 3569 pla-

1929 3602 2003 3642 ne
2033 3585 2315 3655 indignus
2344 3585 2449 3657 qui
2474 3586 2700 3642 lateret.
2735 3586 2795 3640 Ei
2821 3601 3041 3642 nomen
3067 3589 3193 3641 erat
3245 3583 3570 3648 Eudoxius,

1930 3678 2033 3729 aut
2071 3672 2375 3729 Marianus
2401 3692 2415 3742 ;
2442 3680 2564 3729 erat
2596 3673 2756 3728 enim
2783 3678 3101 3745 utrumque
3118 3673 3170 3728 ei
3197 3687 3419 3728 nomen
3441 3686 3573 3740 pro-

1931 3763 2145 3834 prium.
2180 3767 2221 3814 A
2254 3760 2544 3830 dignitate
2573 3766 2773 3817 autem
2821 3762 3256 3833 primiceriatus
3285 3759 3573 3831 expulsus

1931 3856 2167 3921 propter
2211 3865 2480 3905 amorem
2512 3849 2742 3919 Christi,
2769 3848 3160 3906 descenderat
3212 3848 3291 3905 ad
3338 3846 3574 3904 inferio-

1927 3955 2050 3994 rem
2078 3937 2364 3995 comitum
2417 3937 2769 4008 dignitatem
2804 3953 3027 4009 ;quam
3062 3936 3305 4010 quidem
3337 3935 3573 3992 etiamsi

1930 4044 2049 4084 non
2101 4027 2309 4082 fuisset
2368 4032 2740 4088 consecutus,
2800 4026 2940 4081 satis
2998 4031 3200 4081 tamen
3258 4024 3573 4080 habuisset

1930 4132 2068 4170 eum
2129 4115 2319 4169 solum
2385 4114 2572 4183 sequi,
2634 4129 2815 4184 quem
2873 4111 3272 4167 desiderabat.
3310 4111 3575 4167 Defertur

193 4212 416 4265 ἕκαστα
476 4209 792 4279 μεμαθήκοι,
848 4210 963 4266 τοὺς
1005 4205 1223 4269 ἁξοντας
1285 4206 1434 4258 αὐτόν
1490 4213 1818 4278 παραχρῆμα

1932 4207 2130 4258 autem
2179 4200 2259 4256 ad
2288 4215 2449 4263 eum,
2480 4200 2584 4270 qui
2640 4204 2779 4254 tunc
2808 4205 2934 4255 erat
2987 4215 3211 4271 praeses
3268 4198 3570 4254 Melitenaa.

194 4299 491 4370 ἇκπέμπει.
550 4302 714 4347 Τοῦτο
767 4291 825 4347 δὲ
890 4299 961 4365 μὴ
1035 4298 1120 4346 τόν
1195 4292 1441 4355 Εύδοξιον
1497 4293 1670 4357 λαθὸν,
1740 4292 1823 4343 εύ-

193 4387 520 4458 τελεστέραν
568 4384 894 4453 περιθέμενος
938 4386 1031 4438 τὴν
1084 4381 1291 4443 στολὴν,
1341 4380 1424 4430 ἵνα
1452 4384 1521 4450 μὴ
1571 4381 1715 4442 ὅστις
1742 4382 1818 4436 εῖη

195 4476 437 4548 φανερός
512 4473 732 4540 γένοιτο,

194 4563 558 4631 Ἐντυχὸντες
620 4562 792 4609 τοίνυν
842 4556 1020 4616 αὐτοῖς
1079 4556 1211 4626 [imo
1279 4554 1440 4629 αὐτῷ]
1497 4561 1584 4607 καὶ
1665 4560 1822 4626 μήπω

191 4657 399 4704 τοῦτον
461 4643 649 4697 ἐκεῖνον
704 4646 833 4697 εἶναι
889 4650 1210 4716 νομίσαντες,
1266 4646 1365 4702 ὅπη
1417 4646 1520 4717 ἄρα
1559 4641 1823 4713 διατρίϐοι

191 4742 221 4794 ὁ
297 4740 483 4808 κόμης
552 4729 819 4799 Εύδόξιος,
882 4732 1060 4793 εὐθέως
1111 4733 1340 4806 ἠρώτων.
1394 4732 1452 4784 Ὀ
1502 4728 1579 4785 δέ·
1630 4736 1689 4785 Εἴ
1734 4752 1823 4805 μοι

186 4826 497 4904 παρελθεῖν
553 4820 813 4879 ἐθελήσετε
883 4822 953 4883 εἰς
1009 4827 1102 4880 τὴν
1191 4823 1388 4893 στάγην
1468 4823 1530 4892 [ι.
1586 4821 1821 4894 ari-7m],

187 4921 542 4992 ἡμερώτατα
587 4913 719 4983 πρὸς
764 4908 949 4971 αύτούς
986 4912 1102 4983 ἔφη,
1156 4916 1244 4962 καὶ
1276 4909 1461 4985 βραχὺ
1504 4915 1589 4962 τὸν
1637 4909 1691 4962 ἐκ
1734 4918 1823 4971 τῆς

186 5005 333 5062 ὀδοῦ
378 5007 554 5054 κόπον
582 4995 961 5067 διαναπαῦσαι,
1015 5004 1104 5050 καὶ
1133 4999 1396 5070 τραπέζης
1437 5004 1526 5051 καὶ
1557 4998 1689 5051 ἁλῶν
1718 5019 1825 5051 κοι-

184 5102 334 5154 νωνῆ
347 5111 475 5157 σαι,
514 5086 614 5159 ἐγὼ
639 5088 761 5159 ὑμῖν
788 5090 873 5139 τὸν
898 5087 1207 5158 ζητούμενον
1237 5084 1514 5149 ὑποδεξίω.

814 4468 1147 4540 ἐμφανίζεται
1219 4475 1322 4527 τοῖς
1398 4465 1817 4537 ἀπεσταλμένοις.

265 5361 353 5436 (6)
392 5362 721 5436 Agnorum
741 5352 975 5436 scilicet
1015 5354 1137 5436 161.
1170 5353 1460 5426 Traianus
1490 5355 1645 5436 enim
1677 5354 1826 5436 obiit

181 5424 367 5492 anno
423 5426 650 5485 Christi
697 5425 823 5497 117,
880 5424 1456 5482 ῡὶοοιθιὶαηυενοτο
1508 5425 1825 5497 imperium

184 5500 489 5574 suscepit
515 5496 835 5574 anno_284.

261 5577 348 5649 (7)
386 5566 647 5630 'Crimen
676 5567 815 5639 Apri
842 5567 1119 5641 praetorio
1147 5566 1427 5641 pmiceti,
1459 5568 1552 5639 qui
1575 5567 1826 5640 imperio

1933 4290 2040 4355 Qui
2098 4304 2237 4343 cum
2284 4286 2358 4343 de
2412 4302 2483 4342 eo
2515 4286 2752 4356 singula
2811 4285 3209 4351 intellexisset,
3237 4287 3342 4358 qui
3374 4286 3573 4356 ipsum

1931 4376 2244 4434 adducturi
2318 4380 2529 4440 essent,
2576 4374 2786 4429 emittit
2839 4376 3127 4445 protinus.
3181 4375 3297 4430 Hoc
3375 4377 3574 4430 autem

1931 4483 2068 4522 cum
2111 4481 2233 4521 non
2281 4463 2545 4519 latuisset
2593 4462 2940 4529 Eudoxium,
2973 4463 3168 4520 viliori
3197 4468 3359 4519 veste
3398 4462 3576 4517 indu-

1933 4562 2049 4620 tus,
2079 4569 2154 4610 ne
2207 4557 2363 4608 esset
2391 4550 2795 4618 manifestum,
2826 4551 3101 4624 quisnam
3159 4556 3332 4618 esset,
3364 4566 3427 4606 se
3485 4565 3577 4606 os-

1933 4642 2117 4699 tendit
2144 4642 2214 4697 iis
2265 4640 2367 4713 qui
2395 4640 2559 4696 missi
2589 4639 2839 4696 fuerant.
2873 4640 3021 4695 Cum
3051 4656 3190 4696 eum
3240 4655 3383 4710 ergo
3433 4653 3579 4694 con-

1934 4732 2233 4788 venissent
2286 4734 2344 4785 et
2389 4729 2659 4785 nondum
2713 4744 2852 4784 eum
2883 4727 3053 4784 illum
3079 4744 3208 4783 esse
3244 4730 3575 4799 putassent,

1936 4819 2178 4875 ubinam
2192 4823 2523 4874 versaretur
2538 4832 2739 4872 comes
2762 4816 3082 4881 Eudoxius,
3101 4832 3235 4871 eum
3263 4818 3572 4885 rogarunt.

1935 4908 2031 4964 [lle
2061 4912 2280 4973 autem,
2318 4907 2375 4963 Si
2420 4921 2618 4962 meum
2652 4910 2873 4961 tectum
2896 4905 3095 4960 subire
3135 4903 3457 4967 volueritis,
3489 4903 3576 4958 eis

1934 4997 2082 5053 dixit
2129 4994 2570 5065 benignissime,
2595 4998 2652 5050 et
2676 5009 2712 5049 a
2735 4993 2939 5049 labore
2961 4992 3182 5048 itineris
3206 5008 3311 5048 vos
3359 5006 3572 5063 parum

1933 5100 2220 5149 recreare,
2250 5097 2591 5155 mensaeque
2614 5087 2669 5137 et
2694 5081 2836 5138 salis
2872 5097 3107 5137 mecum
3158 5095 3285 5137 esse
3342 5078 3579 5151 partici-

1933 5190 2060 5248 pes,
2091 5189 2202 5245 ego
2233 5171 2548 5229 ostendam
2579 5170 2749 5227 vobis
2770 5185 2909 5226 eum
2938 5185 3120 5241 quem
3149 5166 3436 5242 quaeritis.

1934 5351 2170 5407 inhians
2190 5346 2615 5405 Numerianum
2640 5359 2928 5416 generum
2960 5361 3136 5400 suum
3198 5359 3302 5416 per
3326 5341 3578 5416 insidias

1935 5421 2184 5487 necavit,
2227 5414 2832 5490 Metaphrastes’male
2878 5418 3134 5490 imputat
3178 5414 3569 5490 Diocletiano.

1937 5494 2046 5552 Hic
2056 5493 2216 5548 enim
2228 5505 2349 5564 non
2364 5486 2524 5564 caede
2546 5493 2650 5543 aut
2664 5486 2983 5564 tyrannide
2998 5487 3321 5564 imperium
3335 5486 3576 5564 invasit,

1937 5565 2042 5622 sed
2056 5564 2134 5625 ab
2150 5561 2411 5620 exercitu
2429 5559 2649 5616 electus
2673 5560 2997 5632 imperator
3010 5565 3264 5616 mortem
3277 5559 3585 5615 Numeria-
