  <div class='ocr_page' id='page_1' title='image "/cluster/home/n/w/nwhite01/storage/ocr_20150623/115/mdp.39015028574336/323.png"; bbox 0 0 4142 6278; ppageno 0'>
   <div class='ocr_carea' id='block_1_1' title="bbox 632 351 739 407">
    <p class='ocr_par' dir='ltr' id='par_1_1' title="bbox 632 351 739 407">
     <span class='ocr_line' id='line_1_1' title="bbox 632 351 739 407; baseline -0.009 0"><span class='ocrx_word' id='word_1_1' title='bbox 632 351 739 407; x_wconf 79' lang='lat'><strong>623</strong></span> 
     </span>
    </p>
   </div>
   <div class='ocr_carea' id='block_1_2' title="bbox 716 447 2359 541">
    <p class='ocr_par' dir='ltr' id='par_1_2' title="bbox 716 447 2359 541">
     <span class='ocr_line' id='line_1_2' title="bbox 716 447 2359 541; baseline -0.02 -9"><span class='ocrx_word' id='word_1_2' title='bbox 716 478 827 532; x_wconf 89' lang='lat' dir='ltr'><strong>VII.</strong></span> <span class='ocrx_word' id='word_1_3' title='bbox 860 475 1005 529; x_wconf 91' lang='lat' dir='ltr'><strong>Cum</strong></span> <span class='ocrx_word' id='word_1_4' title='bbox 1033 486 1175 540; x_wconf 89' lang='lat' dir='ltr'><strong>ergo</strong></span> <span class='ocrx_word' id='word_1_5' title='bbox 1209 469 1481 541; x_wconf 80' lang='lat' dir='ltr'><strong>parasset</strong></span> <span class='ocrx_word' id='word_1_6' title='bbox 1527 459 1892 521; x_wconf 67' lang='lat' dir='ltr'><strong>convivium,</strong></span> <span class='ocrx_word' id='word_1_7' title='bbox 1921 470 2023 510; x_wconf 87' lang='lat' dir='ltr'><strong>eos</strong></span> <span class='ocrx_word' id='word_1_8' title='bbox 2068 447 2288 520; x_wconf 85' lang='lat' dir='ltr'><strong>excipit</strong></span> <span class='ocrx_word' id='word_1_9' title='bbox 2320 447 2359 501; x_wconf 80' lang='grc' dir='ltr'><strong>Α</strong></span> 
     </span>
    </p>
   </div>
   <div class='ocr_carea' id='block_1_3' title="bbox 642 536 2290 624">
    <p class='ocr_par' dir='ltr' id='par_1_3' title="bbox 642 536 2290 624">
     <span class='ocr_line' id='line_1_3' title="bbox 642 536 2290 624; baseline -0.021 -2"><span class='ocrx_word' id='word_1_10' title='bbox 642 563 985 624; x_wconf 84' lang='lat' dir='ltr'><strong>liberaliter.</strong></span> <span class='ocrx_word' id='word_1_11' title='bbox 1021 536 1135 615; x_wconf 73' lang='lat' dir='ltr'><strong>Illis</strong></span> <span class='ocrx_word' id='word_1_12' title='bbox 1167 536 1367 614; x_wconf 81' lang='lat' dir='ltr'><strong>autem</strong></span> <span class='ocrx_word' id='word_1_13' title='bbox 1422 567 1627 609; x_wconf 89' lang='lat' dir='ltr'><strong>mensa</strong></span> <span class='ocrx_word' id='word_1_14' title='bbox 1657 549 1798 605; x_wconf 86' lang='lat' dir='ltr'><strong>satis</strong></span> <span class='ocrx_word' id='word_1_15' title='bbox 1840 540 2200 603; x_wconf 89' lang='lat' dir='ltr'><strong>exhilaratis,</strong></span> <span class='ocrx_word' id='word_1_16' title='bbox 2234 536 2290 590; x_wconf 88' lang='lat' dir='ltr'><strong>et</strong></span> 
     </span>
    </p>
   </div>
   <div class='ocr_carea' id='block_1_4' title="bbox 644 625 2291 726">
    <p class='ocr_par' dir='ltr' id='par_1_4' title="bbox 644 625 2291 726">
     <span class='ocr_line' id='line_1_4' title="bbox 644 625 2291 726; baseline -0.02 -16"><span class='ocrx_word' id='word_1_17' title='bbox 644 653 1013 726; x_wconf 87' lang='lat' dir='ltr'><strong>promissum</strong></span> <span class='ocrx_word' id='word_1_18' title='bbox 1041 646 1254 703; x_wconf 89' lang='lat' dir='ltr'><strong>deinde</strong></span> <span class='ocrx_word' id='word_1_19' title='bbox 1307 640 1677 712; x_wconf 76' lang='lat' dir='ltr'><strong>exigentibus</strong></span> <span class='ocrx_word' id='word_1_20' title='bbox 1708 641 1765 692; x_wconf 88' lang='lat' dir='ltr'><strong>et</strong></span> <span class='ocrx_word' id='word_1_21' title='bbox 1815 631 2185 725; x_wconf 78' lang='lat' dir='ltr'><strong>rogantibus,</strong></span> <span class='ocrx_word' id='word_1_22' title='bbox 2229 625 2291 677; x_wconf 85' lang='lat' dir='ltr'><strong>ut</strong></span> 
     </span>
    </p>
   </div>
   <div class='ocr_carea' id='block_1_5' title="bbox 648 716 2289 805">
    <p class='ocr_par' dir='ltr' id='par_1_5' title="bbox 648 716 2289 805">
     <span class='ocr_line' id='line_1_5' title="bbox 648 716 2289 805; baseline -0.018 -8"><span class='ocrx_word' id='word_1_23' title='bbox 648 716 788 800; x_wconf 73' lang='lat' dir='ltr'><strong>eum</strong></span> <span class='ocrx_word' id='word_1_24' title='bbox 819 736 1158 794; x_wconf 77' lang='lat' dir='ltr'><strong>ostenderet</strong></span> <span class='ocrx_word' id='word_1_25' title='bbox 1208 748 1387 805; x_wconf 90' lang='lat' dir='ltr'><strong>quem</strong></span> <span class='ocrx_word' id='word_1_26' title='bbox 1439 727 1792 800; x_wconf 59' lang='lat' dir='ltr'><strong>quaerebant</strong></span> <span class='ocrx_word' id='word_1_27' title='bbox 1820 740 1835 789; x_wconf 88' lang='lat'><strong>;</strong></span> <span class='ocrx_word' id='word_1_28' title='bbox 1867 721 1960 776; x_wconf 91' lang='lat' dir='ltr'><strong>ille</strong></span> <span class='ocrx_word' id='word_1_29' title='bbox 2007 716 2289 773; x_wconf 90' lang='lat' dir='ltr'><strong>continuo</strong></span> 
     </span>
    </p>
   </div>
   <div class='ocr_carea' id='block_1_6' title="bbox 640 805 2285 897">
    <p class='ocr_par' dir='ltr' id='par_1_6' title="bbox 640 805 2285 897">
     <span class='ocr_line' id='line_1_6' title="bbox 640 805 2285 897; baseline -0.018 -12"><span class='ocrx_word' id='word_1_30' title='bbox 640 846 799 894; x_wconf 89' lang='lat' dir='ltr'><strong>eum,</strong></span> <span class='ocrx_word' id='word_1_31' title='bbox 852 825 955 897; x_wconf 87' lang='lat' dir='ltr'><strong>qui</strong></span> <span class='ocrx_word' id='word_1_32' title='bbox 1009 827 1135 878; x_wconf 90' lang='lat' dir='ltr'><strong>erat</strong></span> <span class='ocrx_word' id='word_1_33' title='bbox 1183 822 1365 885; x_wconf 87' lang='lat' dir='ltr'><strong>intus,</strong></span> <span class='ocrx_word' id='word_1_34' title='bbox 1393 818 1582 890; x_wconf 91' lang='lat' dir='ltr'><strong>aperit</strong></span> <span class='ocrx_word' id='word_1_35' title='bbox 1639 811 1991 873; x_wconf 86' lang='lat' dir='ltr'><strong>Eudoxium,</strong></span> <span class='ocrx_word' id='word_1_36' title='bbox 2044 805 2285 860; x_wconf 90' lang='lat' dir='ltr'><strong>dicens:</strong></span> 
     </span>
    </p>
   </div>
   <div class='ocr_carea' id='block_1_7' title="bbox 646 890 2289 987">
    <p class='ocr_par' dir='ltr' id='par_1_7' title="bbox 646 890 2289 987">
     <span class='ocr_line' id='line_1_7' title="bbox 646 890 2289 987; baseline -0.019 -13"><span class='ocrx_word' id='word_1_37' title='bbox 646 922 769 987; x_wconf 88' lang='lat' dir='ltr'><strong>Ego</strong></span> <span class='ocrx_word' id='word_1_38' title='bbox 787 890 949 979; x_wconf 78' lang='lat' dir='ltr'><strong>sum,</strong></span> <span class='ocrx_word' id='word_1_39' title='bbox 974 927 1157 984; x_wconf 88' lang='lat' dir='ltr'><strong>quem</strong></span> <span class='ocrx_word' id='word_1_40' title='bbox 1191 907 1478 981; x_wconf 59' lang='lat' dir='ltr'><strong>quaeritis.</strong></span> <span class='ocrx_word' id='word_1_41' title='bbox 1509 905 1629 959; x_wconf 83' lang='lat' dir='ltr'><strong>Hoc</strong></span> <span class='ocrx_word' id='word_1_42' title='bbox 1652 901 1852 972; x_wconf 89' lang='lat' dir='ltr'><strong>gladio</strong></span> <span class='ocrx_word' id='word_1_43' title='bbox 1880 890 2289 987; x_wconf 74' lang='lat' dir='ltr'><strong>vehementius</strong></span> 
     </span>
    </p>
   </div>
   <div class='ocr_carea' id='block_1_8' title="bbox 644 981 2286 1073">
    <p class='ocr_par' dir='ltr' id='par_1_8' title="bbox 644 981 2286 1073">
     <span class='ocr_line' id='line_1_8' title="bbox 644 981 2286 1073; baseline -0.018 -11"><span class='ocrx_word' id='word_1_44' title='bbox 644 981 879 1062; x_wconf 68' lang='lat' dir='ltr'><strong>illorum</strong></span> <span class='ocrx_word' id='word_1_45' title='bbox 935 981 1185 1073; x_wconf 80' lang='lat' dir='ltr'><strong>percutit</strong></span> <span class='ocrx_word' id='word_1_46' title='bbox 1228 998 1497 1054; x_wconf 88' lang='lat' dir='ltr'><strong>animum</strong></span> <span class='ocrx_word' id='word_1_47' title='bbox 1534 998 1627 1059; x_wconf 88' lang='lat' dir='ltr'><strong>;et</strong></span> <span class='ocrx_word' id='word_1_48' title='bbox 1654 986 2079 1061; x_wconf 81' lang='lat' dir='ltr'><strong>respondentes</strong></span> <span class='ocrx_word' id='word_1_49' title='bbox 2130 981 2286 1037; x_wconf 86' lang='lat' dir='ltr'><strong>dixe-</strong></span> 
     </span>
    </p>
   </div>
   <div class='ocr_carea' id='block_1_9' title="bbox 647 1069 2288 1159">
    <p class='ocr_par' dir='ltr' id='par_1_9' title="bbox 647 1069 2288 1159">
     <span class='ocr_line' id='line_1_9' title="bbox 647 1069 2288 1159; baseline -0.018 -8"><span class='ocrx_word' id='word_1_50' title='bbox 647 1098 787 1151; x_wconf 83' lang='lat' dir='ltr'><strong>runt</strong></span> <span class='ocrx_word' id='word_1_51' title='bbox 820 1108 831 1147; x_wconf 89' lang='lat'>:</span> <span class='ocrx_word' id='word_1_52' title='bbox 866 1069 990 1147; x_wconf 85' lang='lat' dir='ltr'><strong>Non</strong></span> <span class='ocrx_word' id='word_1_53' title='bbox 1024 1094 1077 1143; x_wconf 92' lang='lat' dir='ltr'><strong>te</strong></span> <span class='ocrx_word' id='word_1_54' title='bbox 1121 1085 1465 1159; x_wconf 89' lang='lat' dir='ltr'><strong>prodemus,</strong></span> <span class='ocrx_word' id='word_1_55' title='bbox 1496 1081 1601 1154; x_wconf 90' lang='lat' dir='ltr'><strong>qui</strong></span> <span class='ocrx_word' id='word_1_56' title='bbox 1628 1096 1736 1135; x_wconf 93' lang='lat' dir='ltr'><strong>nos</strong></span> <span class='ocrx_word' id='word_1_57' title='bbox 1775 1074 2050 1145; x_wconf 87' lang='lat' dir='ltr'><strong>accepisti</strong></span> <span class='ocrx_word' id='word_1_58' title='bbox 2096 1069 2288 1126; x_wconf 88' lang='lat' dir='ltr'><strong>convi-</strong></span> 
     </span>
    </p>
   </div>
   <div class='ocr_carea' id='block_1_10' title="bbox 646 1160 2292 1251">
    <p class='ocr_par' dir='ltr' id='par_1_10' title="bbox 646 1160 2292 1251">
     <span class='ocr_line' id='line_1_10' title="bbox 646 1160 2292 1251; baseline -0.017 -14"><span class='ocrx_word' id='word_1_59' title='bbox 646 1182 767 1249; x_wconf 87' lang='lat' dir='ltr'><strong>vio,</strong></span> <span class='ocrx_word' id='word_1_60' title='bbox 798 1194 994 1251; x_wconf 90' lang='lat' dir='ltr'><strong>neque</strong></span> <span class='ocrx_word' id='word_1_61' title='bbox 1032 1191 1140 1247; x_wconf 92' lang='lat' dir='ltr'><strong>pro</strong></span> <span class='ocrx_word' id='word_1_62' title='bbox 1170 1171 1571 1245; x_wconf 91' lang='lat' dir='ltr'><strong>hospitalitate</strong></span> <span class='ocrx_word' id='word_1_63' title='bbox 1601 1173 1723 1224; x_wconf 90' lang='lat' dir='ltr'><strong>tam</strong></span> <span class='ocrx_word' id='word_1_64' title='bbox 1757 1164 1911 1219; x_wconf 88' lang='lat' dir='ltr'><strong>male</strong></span> <span class='ocrx_word' id='word_1_65' title='bbox 1968 1160 2292 1215; x_wconf 89' lang='lat' dir='ltr'><strong>referemus</strong></span> 
     </span>
    </p>
   </div>
   <div class='ocr_carea' id='block_1_11' title="bbox 650 1248 2290 1341">
    <p class='ocr_par' dir='ltr' id='par_1_11' title="bbox 650 1248 2290 1341">
     <span class='ocr_line' id='line_1_11' title="bbox 650 1248 2290 1341; baseline -0.018 -14"><span class='ocrx_word' id='word_1_66' title='bbox 650 1248 1046 1341; x_wconf 46' lang='lat' dir='ltr'><strong>gratiam—.Sed</strong></span> <span class='ocrx_word' id='word_1_67' title='bbox 1062 1265 1175 1320; x_wconf 90' lang='lat' dir='ltr'><strong>hoc</strong></span> <span class='ocrx_word' id='word_1_68' title='bbox 1190 1261 1262 1318; x_wconf 88' lang='lat' dir='ltr'><strong>ad</strong></span> <span class='ocrx_word' id='word_1_69' title='bbox 1278 1265 1539 1316; x_wconf 90' lang='lat' dir='ltr'><strong>nostram</strong></span> <span class='ocrx_word' id='word_1_70' title='bbox 1557 1254 1804 1311; x_wconf 84' lang='lat' dir='ltr'><strong>sufﬁciet</strong></span> <span class='ocrx_word' id='word_1_71' title='bbox 1820 1248 2290 1306; x_wconf 83' lang='lat' dir='ltr'><strong>excusationem,</strong></span> 
     </span>
    </p>
   </div>
   <div class='ocr_carea' id='block_1_12' title="bbox 650 1337 2292 1433">
    <p class='ocr_par' dir='ltr' id='par_1_12' title="bbox 650 1337 2292 1433">
     <span class='ocr_line' id='line_1_12' title="bbox 650 1337 2292 1433; baseline -0.018 -17"><span class='ocrx_word' id='word_1_72' title='bbox 650 1337 813 1433; x_wconf 77' lang='lat' dir='ltr'><strong>quod</strong></span> <span class='ocrx_word' id='word_1_73' title='bbox 875 1372 1011 1413; x_wconf 90' lang='lat' dir='ltr'><strong>cum</strong></span> <span class='ocrx_word' id='word_1_74' title='bbox 1054 1354 1112 1409; x_wconf 91' lang='lat' dir='ltr'><strong>in</strong></span> <span class='ocrx_word' id='word_1_75' title='bbox 1144 1351 1469 1425; x_wconf 59' lang='lat' dir='ltr'><strong>querendo</strong></span> <span class='ocrx_word' id='word_1_76' title='bbox 1499 1346 1748 1402; x_wconf 90' lang='lat' dir='ltr'><strong>multum</strong></span> <span class='ocrx_word' id='word_1_77' title='bbox 1798 1337 2292 1400; x_wconf 84' lang='lat' dir='ltr'><strong>laboraverimus,</strong></span> 
     </span>
    </p>
   </div>
   <div class='ocr_carea' id='block_1_13' title="bbox 654 1422 2295 1518">
    <p class='ocr_par' dir='ltr' id='par_1_13' title="bbox 654 1422 2295 1518">
     <span class='ocr_line' id='line_1_13' title="bbox 654 1422 2295 1518; baseline -0.018 -13"><span class='ocrx_word' id='word_1_78' title='bbox 654 1422 775 1505; x_wconf 76' lang='lat' dir='ltr'><strong>non</strong></span> <span class='ocrx_word' id='word_1_79' title='bbox 797 1446 1099 1518; x_wconf 90' lang='lat' dir='ltr'><strong>potuimus</strong></span> <span class='ocrx_word' id='word_1_80' title='bbox 1130 1422 1327 1497; x_wconf 79' lang='lat' dir='ltr'><strong>tamen</strong></span> <span class='ocrx_word' id='word_1_81' title='bbox 1356 1436 1619 1493; x_wconf 88' lang='lat' dir='ltr'><strong>invenire</strong></span> <span class='ocrx_word' id='word_1_82' title='bbox 1650 1430 2001 1488; x_wconf 90' lang='lat' dir='ltr'><strong>Eudoxium.</strong></span> <span class='ocrx_word' id='word_1_83' title='bbox 2037 1426 2118 1480; x_wconf 93' lang='lat' dir='ltr'><strong>Illi</strong></span> <span class='ocrx_word' id='word_1_84' title='bbox 2170 1422 2295 1494; x_wconf 53' lang='lat' dir='ltr'><strong>qui.</strong></span> 
     </span>
    </p>
   </div>
   <div class='ocr_carea' id='block_1_14' title="bbox 655 1515 2207 1605">
    <p class='ocr_par' dir='ltr' id='par_1_14' title="bbox 655 1515 2207 1605">
     <span class='ocr_line' id='line_1_14' title="bbox 655 1515 2207 1605; baseline -0.016 -14"><span class='ocrx_word' id='word_1_85' title='bbox 655 1515 930 1605; x_wconf 35' lang='lat' dir='ltr'><strong>dem-pro</strong></span> <span class='ocrx_word' id='word_1_86' title='bbox 968 1528 1228 1602; x_wconf 89' lang='lat' dir='ltr'><strong>hospitio</strong></span> <span class='ocrx_word' id='word_1_87' title='bbox 1257 1527 1366 1583; x_wconf 89' lang='lat' dir='ltr'><strong>has</strong></span> <span class='ocrx_word' id='word_1_88' title='bbox 1399 1523 1663 1581; x_wconf 86' lang='lat' dir='ltr'><strong>Eudoxio</strong></span> <span class='ocrx_word' id='word_1_89' title='bbox 1688 1519 1935 1576; x_wconf 88' lang='lat' dir='ltr'><strong>retulere</strong></span> <span class='ocrx_word' id='word_1_90' title='bbox 1966 1515 2207 1586; x_wconf 81' lang='lat' dir='ltr'><strong>gratias.</strong></span> 
     </span>
    </p>
   </div>
   <div class='ocr_carea' id='block_1_15' title="bbox 730 1696 2298 1774">
    <p class='ocr_par' dir='ltr' id='par_1_15' title="bbox 730 1696 2298 1774">
     <span class='ocr_line' id='line_1_15' title="bbox 730 1696 2298 1774; baseline -0.012 -13"><span class='ocrx_word' id='word_1_91' title='bbox 730 1710 870 1764; x_wconf 88' lang='lat' dir='ltr'><strong>VIII.</strong></span> <span class='ocrx_word' id='word_1_92' title='bbox 910 1707 1009 1763; x_wconf 92' lang='lat' dir='ltr'><strong>Ille</strong></span> <span class='ocrx_word' id='word_1_93' title='bbox 1040 1710 1259 1769; x_wconf 88' lang='lat' dir='ltr'><strong>autem,</strong></span> <span class='ocrx_word' id='word_1_94' title='bbox 1287 1703 1388 1774; x_wconf 89' lang='lat' dir='ltr'><strong>qui</strong></span> <span class='ocrx_word' id='word_1_95' title='bbox 1420 1706 1476 1756; x_wconf 92' lang='lat' dir='ltr'><strong>et</strong></span> <span class='ocrx_word' id='word_1_96' title='bbox 1527 1698 1749 1754; x_wconf 89' lang='lat' dir='ltr'><strong>sciebat</strong></span> <span class='ocrx_word' id='word_1_97' title='bbox 1780 1696 1957 1751; x_wconf 87' lang='lat' dir='ltr'><strong>latere</strong></span> <span class='ocrx_word' id='word_1_98' title='bbox 1985 1707 2123 1748; x_wconf 91' lang='lat' dir='ltr'><strong>cum</strong></span> <span class='ocrx_word' id='word_1_99' title='bbox 2150 1704 2298 1760; x_wconf 89' lang='lat' dir='ltr'><strong>opus</strong></span> 
     </span>
    </p>
   </div>
   <div class='ocr_carea' id='block_1_16' title="bbox 1893 317 2638 387">
    <p class='ocr_par' dir='ltr' id='par_1_16' title="bbox 1893 317 2638 387">
     <span class='ocr_line' id='line_1_16' title="bbox 1893 317 2638 387; baseline -0.023 0"><span class='ocrx_word' id='word_1_100' title='bbox 1893 326 2149 387; x_wconf 76' lang='lat' dir='ltr'><strong>MENSIS</strong></span> <span class='ocrx_word' id='word_1_101' title='bbox 2189 317 2638 379; x_wconf 73' lang='lat' dir='ltr'><strong>SEPTEMBER.</strong></span> 
     </span>
    </p>
   </div>
   <div class='ocr_carea' id='block_1_17' title="bbox 3910 300 4001 354">
    <p class='ocr_par' dir='ltr' id='par_1_17' title="bbox 3910 300 4001 354">
     <span class='ocr_line' id='line_1_17' title="bbox 3910 300 4001 354; baseline 0 0"><span class='ocrx_word' id='word_1_102' title='bbox 3910 300 4001 354; x_wconf 67' lang='lat'><strong>624</strong></span> 
     </span>
    </p>
   </div>
   <div class='ocr_carea' id='block_1_18' title="bbox 2465 423 4006 510">
    <p class='ocr_par' dir='ltr' id='par_1_18' title="bbox 2465 423 4006 510">
     <span class='ocr_line' id='line_1_18' title="bbox 2465 423 4006 510; baseline -0.014 -16"><span class='ocrx_word' id='word_1_103' title='bbox 2465 442 2544 497; x_wconf 79' lang='lat' dir='ltr'><strong>Z&#39;.</strong></span> <span class='ocrx_word' id='word_1_104' title='bbox 2611 436 3149 510; x_wconf 81' lang='grc' dir='ltr'>Παρασκευασάμενος</span> <span class='ocrx_word' id='word_1_105' title='bbox 3202 426 3289 483; x_wconf 85' lang='grc' dir='ltr'>οὖν</span> <span class='ocrx_word' id='word_1_106' title='bbox 3333 431 3400 481; x_wconf 82' lang='grc' dir='ltr'><strong>τὰ</strong></span> <span class='ocrx_word' id='word_1_107' title='bbox 3440 430 3567 500; x_wconf 86' lang='grc' dir='ltr'>πρὸς</span> <span class='ocrx_word' id='word_1_108' title='bbox 3621 429 3729 483; x_wconf 74' lang='grc' dir='ltr'>τήν</span> <span class='ocrx_word' id='word_1_109' title='bbox 3781 423 4006 475; x_wconf 74' lang='grc' dir='ltr'>ἑστίασιν</span> 
     </span>
    </p>
   </div>
   <div class='ocr_carea' id='block_1_19' title="bbox 2399 510 4005 602">
    <p class='ocr_par' dir='ltr' id='par_1_19' title="bbox 2399 510 4005 602">
     <span class='ocr_line' id='line_1_19' title="bbox 2399 510 4005 602; baseline -0.012 -20"><span class='ocrx_word' id='word_1_110' title='bbox 2399 531 2695 602; x_wconf 75' lang='grc' dir='ltr'><strong>φιλοτίμως,</strong></span> <span class='ocrx_word' id='word_1_111' title='bbox 2749 524 3009 588; x_wconf 82' lang='grc' dir='ltr'>δεξιοῦται</span> <span class='ocrx_word' id='word_1_112' title='bbox 3036 525 3159 582; x_wconf 84' lang='grc' dir='ltr'>τοὺς</span> <span class='ocrx_word' id='word_1_113' title='bbox 3207 516 3421 591; x_wconf 77' lang='grc' dir='ltr'>ἄνδρας.</span> <span class='ocrx_word' id='word_1_114' title='bbox 3477 524 3591 569; x_wconf 85' lang='grc' dir='ltr'><strong>Τῶν</strong></span> <span class='ocrx_word' id='word_1_115' title='bbox 3644 510 3713 566; x_wconf 76' lang='grc' dir='ltr'>δὲ</span> <span class='ocrx_word' id='word_1_116' title='bbox 3760 514 4005 571; x_wconf 74' lang='grc' dir='ltr'>ἡσθέντων</span> 
     </span>
    </p>
   </div>
   <div class='ocr_carea' id='block_1_20' title="bbox 2401 600 4009 687">
    <p class='ocr_par' dir='ltr' id='par_1_20' title="bbox 2401 600 4009 687">
     <span class='ocr_line' id='line_1_20' title="bbox 2401 600 4009 687; baseline -0.012 -17"><span class='ocrx_word' id='word_1_117' title='bbox 2401 621 2584 679; x_wconf 81' lang='grc' dir='ltr'>ἱκανῶς</span> <span class='ocrx_word' id='word_1_118' title='bbox 2643 624 2703 687; x_wconf 79' lang='grc' dir='ltr'><strong>τῇ</strong></span> <span class='ocrx_word' id='word_1_119' title='bbox 2756 613 3011 687; x_wconf 76' lang='grc' dir='ltr'><strong>τραπέζῃ,</strong></span> <span class='ocrx_word' id='word_1_120' title='bbox 3062 607 3171 664; x_wconf 78' lang='grc' dir='ltr'>εἶτα</span> <span class='ocrx_word' id='word_1_121' title='bbox 3220 612 3309 660; x_wconf 83' lang='grc' dir='ltr'>καὶ</span> <span class='ocrx_word' id='word_1_122' title='bbox 3366 611 3461 665; x_wconf 81' lang='grc' dir='ltr'>τὴν</span> <span class='ocrx_word' id='word_1_123' title='bbox 3500 606 3827 674; x_wconf 78' lang='grc' dir='ltr'><strong>ὑπόσχεσιν</strong></span> <span class='ocrx_word' id='word_1_124' title='bbox 3876 600 4009 652; x_wconf 79' lang='grc' dir='ltr'>ἄπαι-</span> 
     </span>
    </p>
   </div>
   <div class='ocr_carea' id='block_1_21' title="bbox 2398 692 4005 773">
    <p class='ocr_par' dir='ltr' id='par_1_21' title="bbox 2398 692 4005 773">
     <span class='ocr_line' id='line_1_21' title="bbox 2398 692 4005 773; baseline -0.012 -14"><span class='ocrx_word' id='word_1_125' title='bbox 2398 710 2619 759; x_wconf 81' lang='grc' dir='ltr'>τούντων</span> <span class='ocrx_word' id='word_1_126' title='bbox 2662 709 2751 756; x_wconf 84' lang='grc' dir='ltr'>καὶ</span> <span class='ocrx_word' id='word_1_127' title='bbox 2792 700 3041 773; x_wconf 79' lang='grc' dir='ltr'><strong>δεομένων</strong></span> <span class='ocrx_word' id='word_1_128' title='bbox 3091 700 3303 772; x_wconf 77' lang='grc' dir='ltr'>φανερὸν</span> <span class='ocrx_word' id='word_1_129' title='bbox 3353 696 3506 747; x_wconf 73' lang='grc' dir='ltr'>αὐτόν</span> <span class='ocrx_word' id='word_1_130' title='bbox 3550 692 3899 750; x_wconf 79' lang='grc' dir='ltr'><strong>ποιήσεσθαι</strong></span> <span class='ocrx_word' id='word_1_131' title='bbox 3939 694 4005 741; x_wconf 68' lang='grc' dir='ltr'>τὸν</span> 
     </span>
    </p>
   </div>
   <div class='ocr_carea' id='block_1_22' title="bbox 2402 777 4002 867">
    <p class='ocr_par' dir='ltr' id='par_1_22' title="bbox 2402 777 4002 867">
     <span class='ocr_line' id='line_1_22' title="bbox 2402 777 4002 867; baseline -0.013 -19"><span class='ocrx_word' id='word_1_132' title='bbox 2402 799 2730 867; x_wconf 77' lang='grc' dir='ltr'>ζητούμενον,</span> <span class='ocrx_word' id='word_1_133' title='bbox 2789 796 2975 851; x_wconf 80' lang='grc' dir='ltr'>ἐκεῖνος</span> <span class='ocrx_word' id='word_1_134' title='bbox 3028 789 3174 847; x_wconf 76' lang='grc' dir='ltr'>εὐθὺς</span> <span class='ocrx_word' id='word_1_135' title='bbox 3227 789 3313 838; x_wconf 88' lang='grc' dir='ltr'>τὸν</span> <span class='ocrx_word' id='word_1_136' title='bbox 3372 781 3517 837; x_wconf 81' lang='grc' dir='ltr'><strong>ἔνδον</strong></span> <span class='ocrx_word' id='word_1_137' title='bbox 3568 782 3773 841; x_wconf 70' lang='grc' dir='ltr'>αὐτοῖς</span> <span class='ocrx_word' id='word_1_138' title='bbox 3837 777 4002 829; x_wconf 77' lang='grc' dir='ltr'>ἀνακα-</span> 
     </span>
    </p>
   </div>
   <div class='ocr_carea' id='block_1_23' title="bbox 2397 868 3999 948">
    <p class='ocr_par' dir='ltr' id='par_1_23' title="bbox 2397 868 3999 948">
     <span class='ocr_line' id='line_1_23' title="bbox 2397 868 3999 948; baseline -0.011 -9"><span class='ocrx_word' id='word_1_139' title='bbox 2397 886 2572 938; x_wconf 80' lang='grc' dir='ltr'>λύπτει</span> <span class='ocrx_word' id='word_1_140' title='bbox 2650 880 2915 944; x_wconf 77' lang='grc' dir='ltr'>Εὐδόξιον·</span> <span class='ocrx_word' id='word_1_141' title='bbox 2990 880 3124 948; x_wconf 82' lang='grc' dir='ltr'><strong>Ἐγὼ</strong></span> <span class='ocrx_word' id='word_1_142' title='bbox 3192 876 3296 947; x_wconf 86' lang='grc' dir='ltr'>εἰμι</span> <span class='ocrx_word' id='word_1_143' title='bbox 3376 876 3428 926; x_wconf 81' lang='grc' dir='ltr'>ὃν</span> <span class='ocrx_word' id='word_1_144' title='bbox 3514 873 3755 932; x_wconf 81' lang='grc' dir='ltr'>ζητεῖτε,</span> <span class='ocrx_word' id='word_1_145' title='bbox 3850 868 3999 922; x_wconf 68' lang='grc' dir='ltr'>εἰπὼν.</span> 
     </span>
    </p>
   </div>
   <div class='ocr_carea' id='block_1_24' title="bbox 2398 958 4001 1045">
    <p class='ocr_par' dir='ltr' id='par_1_24' title="bbox 2398 958 4001 1045">
     <span class='ocr_line' id='line_1_24' title="bbox 2398 958 4001 1045; baseline -0.014 -17"><span class='ocrx_word' id='word_1_146' title='bbox 2398 984 2559 1028; x_wconf 70' lang='grc' dir='ltr'>Τοῦτο</span> <span class='ocrx_word' id='word_1_147' title='bbox 2607 977 2877 1045; x_wconf 79' lang='grc' dir='ltr'><strong>μαχαίρας</strong></span> <span class='ocrx_word' id='word_1_148' title='bbox 2926 969 3162 1041; x_wconf 81' lang='grc' dir='ltr'>ὀξύτερον</span> <span class='ocrx_word' id='word_1_149' title='bbox 3218 966 3460 1016; x_wconf 80' lang='grc' dir='ltr'><strong>καθίκετο</strong></span> <span class='ocrx_word' id='word_1_150' title='bbox 3508 969 3601 1020; x_wconf 83' lang='grc' dir='ltr'>τῆς</span> <span class='ocrx_word' id='word_1_151' title='bbox 3664 958 3879 1010; x_wconf 79' lang='grc' dir='ltr'><strong>ἐκείνων</strong></span> <span class='ocrx_word' id='word_1_152' title='bbox 3923 958 4001 1026; x_wconf 49' lang='lat' dir='ltr'><strong>4w-</strong></span> 
     </span>
    </p>
   </div>
   <div class='ocr_carea' id='block_1_25' title="bbox 2398 1047 3998 1137">
    <p class='ocr_par' dir='ltr' id='par_1_25' title="bbox 2398 1047 3998 1137">
     <span class='ocr_line' id='line_1_25' title="bbox 2398 1047 3998 1137; baseline -0.013 -21"><span class='ocrx_word' id='word_1_153' title='bbox 2398 1073 2521 1137; x_wconf 83' lang='grc' dir='ltr'><strong>χῆς·</strong></span> <span class='ocrx_word' id='word_1_154' title='bbox 2555 1068 2644 1114; x_wconf 85' lang='grc' dir='ltr'>καὶ</span> <span class='ocrx_word' id='word_1_155' title='bbox 2674 1058 3034 1122; x_wconf 80' lang='grc' dir='ltr'>ὑπολαϐόντες,</span> <span class='ocrx_word' id='word_1_156' title='bbox 3085 1055 3161 1108; x_wconf 79' lang='grc' dir='ltr'><strong>Οὐ</strong></span> <span class='ocrx_word' id='word_1_157' title='bbox 3201 1049 3543 1126; x_wconf 70' lang='grc' dir='ltr'>προδώσομέν</span> <span class='ocrx_word' id='word_1_158' title='bbox 3598 1067 3665 1100; x_wconf 82' lang='grc' dir='ltr'>σε</span> <span class='ocrx_word' id='word_1_159' title='bbox 3720 1050 3814 1098; x_wconf 81' lang='grc' dir='ltr'>τὸν</span> <span class='ocrx_word' id='word_1_160' title='bbox 3846 1047 3998 1117; x_wconf 49' lang='grc' dir='ltr'>ἡμπ-</span> 
     </span>
    </p>
   </div>
   <div class='ocr_carea' id='block_1_26' title="bbox 2400 1136 3995 1228">
    <p class='ocr_par' dir='ltr' id='par_1_26' title="bbox 2400 1136 3995 1228">
     <span class='ocr_line' id='line_1_26' title="bbox 2400 1136 3995 1228; baseline -0.014 -22"><span class='ocrx_word' id='word_1_161' title='bbox 2400 1173 2487 1228; x_wconf 89' lang='grc' dir='ltr'><strong>ρον</strong></span> <span class='ocrx_word' id='word_1_162' title='bbox 2538 1152 2833 1222; x_wconf 77' lang='grc' dir='ltr'><strong>ἑστιάτορα,</strong></span> <span class='ocrx_word' id='word_1_163' title='bbox 2886 1144 3046 1207; x_wconf 84' lang='grc' dir='ltr'>εἷπον,</span> <span class='ocrx_word' id='word_1_164' title='bbox 3097 1140 3218 1195; x_wconf 68' lang='grc' dir='ltr'>οὐδὲ</span> <span class='ocrx_word' id='word_1_165' title='bbox 3262 1142 3397 1193; x_wconf 75' lang='grc' dir='ltr'>οὕτω</span> <span class='ocrx_word' id='word_1_166' title='bbox 3440 1144 3532 1197; x_wconf 85' lang='grc' dir='ltr'>τὴν</span> <span class='ocrx_word' id='word_1_167' title='bbox 3580 1136 3887 1209; x_wconf 70' lang='grc' dir='ltr'><strong>φιλοξενίαν</strong></span> <span class='ocrx_word' id='word_1_168' title='bbox 3922 1156 3995 1185; x_wconf 80' lang='grc' dir='ltr'>κα-</span> 
     </span>
    </p>
   </div>
   <div class='ocr_carea' id='block_1_27' title="bbox 2402 1223 3997 1311">
    <p class='ocr_par' dir='ltr' id='par_1_27' title="bbox 2402 1223 3997 1311">
     <span class='ocr_line' id='line_1_27' title="bbox 2402 1223 3997 1311; baseline -0.013 -18"><span class='ocrx_word' id='word_1_169' title='bbox 2402 1223 2505 1302; x_wconf 79' lang='grc' dir='ltr'>κῶς</span> <span class='ocrx_word' id='word_1_170' title='bbox 2578 1237 2923 1311; x_wconf 76' lang='grc' dir='ltr'>ἀμειψόμεθα·</span> <span class='ocrx_word' id='word_1_171' title='bbox 3009 1233 3135 1285; x_wconf 81' lang='grc' dir='ltr'>ἀλλα</span> <span class='ocrx_word' id='word_1_172' title='bbox 3194 1238 3347 1282; x_wconf 82' lang='grc' dir='ltr'>τοῦτο</span> <span class='ocrx_word' id='word_1_173' title='bbox 3398 1231 3523 1300; x_wconf 78' lang='grc' dir='ltr'>ἡμῖν</span> <span class='ocrx_word' id='word_1_174' title='bbox 3578 1226 3653 1286; x_wconf 84' lang='grc' dir='ltr'>εἰς</span> <span class='ocrx_word' id='word_1_175' title='bbox 3740 1223 3997 1294; x_wconf 57' lang='grc' dir='ltr'>ἀπολογίαν</span> 
     </span>
    </p>
   </div>
   <div class='ocr_carea' id='block_1_28' title="bbox 2406 1314 3997 1401">
    <p class='ocr_par' dir='ltr' id='par_1_28' title="bbox 2406 1314 3997 1401">
     <span class='ocr_line' id='line_1_28' title="bbox 2406 1314 3997 1401; baseline -0.013 -19"><span class='ocrx_word' id='word_1_176' title='bbox 2406 1330 2613 1401; x_wconf 80' lang='grc' dir='ltr'><strong>ἀρκέσει</strong></span> <span class='ocrx_word' id='word_1_177' title='bbox 2661 1330 2718 1379; x_wconf 85' lang='grc' dir='ltr'>τὸ</span> <span class='ocrx_word' id='word_1_178' title='bbox 2757 1324 2920 1377; x_wconf 83' lang='grc' dir='ltr'>πολλὰ</span> <span class='ocrx_word' id='word_1_179' title='bbox 2966 1327 3082 1396; x_wconf 85' lang='grc' dir='ltr'>περὶ</span> <span class='ocrx_word' id='word_1_180' title='bbox 3123 1325 3217 1378; x_wconf 84' lang='grc' dir='ltr'>τὴν</span> <span class='ocrx_word' id='word_1_181' title='bbox 3269 1320 3493 1379; x_wconf 78' lang='grc' dir='ltr'>ζήτησιν</span> <span class='ocrx_word' id='word_1_182' title='bbox 3534 1318 3840 1387; x_wconf 78' lang='grc' dir='ltr'><strong>καμόντας,</strong></span> <span class='ocrx_word' id='word_1_183' title='bbox 3890 1314 3997 1383; x_wconf 71' lang='grc' dir='ltr'>ὅμως</span> 
     </span>
    </p>
   </div>
   <div class='ocr_carea' id='block_1_29' title="bbox 2407 1404 3996 1492">
    <p class='ocr_par' dir='ltr' id='par_1_29' title="bbox 2407 1404 3996 1492">
     <span class='ocr_line' id='line_1_29' title="bbox 2407 1404 3996 1492; baseline -0.013 -21"><span class='ocrx_word' id='word_1_184' title='bbox 2407 1425 2476 1492; x_wconf 79' lang='grc' dir='ltr'>μὴ</span> <span class='ocrx_word' id='word_1_185' title='bbox 2536 1415 2827 1474; x_wconf 82' lang='grc' dir='ltr'>δυνηθῆναι</span> <span class='ocrx_word' id='word_1_186' title='bbox 2875 1413 2998 1472; x_wconf 84' lang='grc' dir='ltr'>ὅλως</span> <span class='ocrx_word' id='word_1_187' title='bbox 3046 1415 3131 1463; x_wconf 84' lang='grc' dir='ltr'>τὸν</span> <span class='ocrx_word' id='word_1_188' title='bbox 3184 1406 3430 1469; x_wconf 80' lang='grc' dir='ltr'>Εὐδόξιον</span> <span class='ocrx_word' id='word_1_189' title='bbox 3484 1405 3753 1478; x_wconf 76' lang='grc' dir='ltr'>ἀνευρεῖν.</span> <span class='ocrx_word' id='word_1_190' title='bbox 3810 1404 3996 1453; x_wconf 78' lang='grc' dir='ltr'><strong>Ἐκεῖνοι</strong></span> 
     </span>
    </p>
   </div>
   <div class='ocr_carea' id='block_1_30' title="bbox 2409 1492 3996 1581">
    <p class='ocr_par' dir='ltr' id='par_1_30' title="bbox 2409 1492 3996 1581">
     <span class='ocr_line' id='line_1_30' title="bbox 2409 1492 3996 1581; baseline -0.013 -21"><span class='ocrx_word' id='word_1_191' title='bbox 2409 1512 2496 1581; x_wconf 74' lang='grc' dir='ltr'>μὲν</span> <span class='ocrx_word' id='word_1_192' title='bbox 2555 1504 2640 1559; x_wconf 80' lang='grc' dir='ltr'>οὖν</span> <span class='ocrx_word' id='word_1_193' title='bbox 2696 1507 2888 1564; x_wconf 82' lang='grc' dir='ltr'>ταύτας</span> <span class='ocrx_word' id='word_1_194' title='bbox 2947 1497 3179 1569; x_wconf 74' lang='grc' dir='ltr'>Εὔδοξίῳ</span> <span class='ocrx_word' id='word_1_195' title='bbox 3230 1506 3326 1557; x_wconf 87' lang='grc' dir='ltr'>τῆς</span> <span class='ocrx_word' id='word_1_196' title='bbox 3394 1496 3559 1557; x_wconf 76' lang='grc' dir='ltr'>ξενίας</span> <span class='ocrx_word' id='word_1_197' title='bbox 3626 1494 3732 1553; x_wconf 81' lang='grc' dir='ltr'>τὰς</span> <span class='ocrx_word' id='word_1_198' title='bbox 3796 1492 3996 1562; x_wconf 82' lang='grc' dir='ltr'>χάριτας</span> 
     </span>
    </p>
   </div>
   <div class='ocr_carea' id='block_1_31' title="bbox 2409 1592 2756 1649">
    <p class='ocr_par' dir='ltr' id='par_1_31' title="bbox 2409 1592 2756 1649">
     <span class='ocr_line' id='line_1_31' title="bbox 2409 1592 2756 1649; baseline -0.02 1"><span class='ocrx_word' id='word_1_199' title='bbox 2409 1592 2633 1649; x_wconf 79' lang='grc' dir='ltr'>ἀπεδίδο</span> <span class='ocrx_word' id='word_1_200' title='bbox 2643 1613 2735 1646; x_wconf 89' lang='grc' dir='ltr'><strong>σαν</strong></span> <span class='ocrx_word' id='word_1_201' title='bbox 2745 1632 2756 1644; x_wconf 96' lang='grc'>.</span> 
     </span>
    </p>
   </div>
   <div class='ocr_carea' id='block_1_32' title="bbox 2485 1667 3994 1741">
    <p class='ocr_par' dir='ltr' id='par_1_32' title="bbox 2485 1667 3994 1741">
     <span class='ocr_line' id='line_1_32' title="bbox 2485 1667 3994 1741; baseline -0.013 -4"><span class='ocrx_word' id='word_1_202' title='bbox 2485 1688 2561 1741; x_wconf 82' lang='lat' dir='ltr'><strong>H&#39;.</strong></span> <span class='ocrx_word' id='word_1_203' title='bbox 2615 1684 2673 1735; x_wconf 73' lang='lat'><strong>&#39;0</strong></span> <span class='ocrx_word' id='word_1_204' title='bbox 2732 1679 2789 1733; x_wconf 71' lang='grc' dir='ltr'>δὲ</span> <span class='ocrx_word' id='word_1_205' title='bbox 2828 1684 2918 1731; x_wconf 83' lang='grc' dir='ltr'>καὶ</span> <span class='ocrx_word' id='word_1_206' title='bbox 2964 1677 3135 1729; x_wconf 87' lang='grc' dir='ltr'>λαθεῖν</span> <span class='ocrx_word' id='word_1_207' title='bbox 3181 1671 3328 1734; x_wconf 84' lang='grc' dir='ltr'>εἰδὼς</span> <span class='ocrx_word' id='word_1_208' title='bbox 3379 1674 3461 1725; x_wconf 83' lang='grc' dir='ltr'>ὅτε</span> <span class='ocrx_word' id='word_1_209' title='bbox 3493 1667 3637 1734; x_wconf 77' lang='grc' dir='ltr'>δέον,</span> <span class='ocrx_word' id='word_1_210' title='bbox 3688 1674 3784 1720; x_wconf 86' lang='grc' dir='ltr'>καὶ</span> <span class='ocrx_word' id='word_1_211' title='bbox 3824 1674 3890 1739; x_wconf 76' lang='grc' dir='ltr'>μὴ</span> <span class='ocrx_word' id='word_1_212' title='bbox 3922 1667 3994 1717; x_wconf 77' lang='grc' dir='ltr'>λα-</span> 
     </span>
    </p>
   </div>
   <div class='ocr_carea' id='block_1_33' title="bbox 659 1757 2308 1862">
    <p class='ocr_par' dir='ltr' id='par_1_33' title="bbox 659 1781 2301 1862">
     <span class='ocr_line' id='line_1_33' title="bbox 659 1781 2301 1862; baseline -0.014 -7"><span class='ocrx_word' id='word_1_213' title='bbox 659 1804 828 1862; x_wconf 90' lang='lat' dir='ltr'><strong>esset,</strong></span> <span class='ocrx_word' id='word_1_214' title='bbox 853 1803 908 1851; x_wconf 89' lang='lat' dir='ltr'><strong>et</strong></span> <span class='ocrx_word' id='word_1_215' title='bbox 938 1811 1141 1850; x_wconf 87' lang='lat' dir='ltr'><strong>rursus</strong></span> <span class='ocrx_word' id='word_1_216' title='bbox 1167 1808 1285 1848; x_wconf 87' lang='lat' dir='ltr'><strong>non</strong></span> <span class='ocrx_word' id='word_1_217' title='bbox 1317 1791 1495 1846; x_wconf 86' lang='lat' dir='ltr'><strong>latere</strong></span> <span class='ocrx_word' id='word_1_218' title='bbox 1523 1786 1769 1859; x_wconf 89' lang='lat' dir='ltr'><strong>quando</strong></span> <span class='ocrx_word' id='word_1_219' title='bbox 1798 1783 1979 1853; x_wconf 90' lang='lat' dir='ltr'><strong>hujus</strong></span> <span class='ocrx_word' id='word_1_220' title='bbox 2029 1781 2111 1836; x_wconf 87' lang='lat' dir='ltr'><strong>rei</strong></span> <span class='ocrx_word' id='word_1_221' title='bbox 2151 1781 2301 1834; x_wconf 79' lang='lat' dir='ltr'><strong>esset</strong></span> 
     </span>
    </p>
   </div>
   <div class='ocr_carea' id='block_1_34' title="bbox 2407 1757 3995 1862">
    <p class='ocr_par' dir='ltr' id='par_1_34' title="bbox 2413 1757 3995 1862">
     <span class='ocr_line' id='line_1_34' title="bbox 2413 1757 3995 1838; baseline -0.015 -10"><span class='ocrx_word' id='word_1_222' title='bbox 2413 1778 2514 1829; x_wconf 84' lang='grc' dir='ltr'><strong>θεῖν</strong></span> <span class='ocrx_word' id='word_1_223' title='bbox 2567 1773 2632 1825; x_wconf 80' lang='grc' dir='ltr'>αὖ</span> <span class='ocrx_word' id='word_1_224' title='bbox 2677 1774 2759 1823; x_wconf 82' lang='grc' dir='ltr'>ὅτε</span> <span class='ocrx_word' id='word_1_225' title='bbox 2801 1773 2985 1821; x_wconf 78' lang='grc' dir='ltr'>τούτου</span> <span class='ocrx_word' id='word_1_226' title='bbox 3016 1771 3215 1838; x_wconf 80' lang='grc' dir='ltr'>καιρός·</span> <span class='ocrx_word' id='word_1_227' title='bbox 3252 1765 3363 1815; x_wconf 82' lang='grc' dir='ltr'>θεία</span> <span class='ocrx_word' id='word_1_228' title='bbox 3390 1763 3488 1833; x_wconf 80' lang='grc' dir='ltr'>γὰρ</span> <span class='ocrx_word' id='word_1_229' title='bbox 3526 1757 3585 1818; x_wconf 72' lang='grc' dir='ltr'>ἦν</span> <span class='ocrx_word' id='word_1_230' title='bbox 3616 1761 3794 1831; x_wconf 85' lang='grc' dir='ltr'>χάρις</span> <span class='ocrx_word' id='word_1_231' title='bbox 3827 1760 3855 1813; x_wconf 76' lang='grc' dir='ltr'>ἡ</span> <span class='ocrx_word' id='word_1_232' title='bbox 3888 1776 3995 1826; x_wconf 83' lang='grc' dir='ltr'>παρ-</span> 
     </span>
     <span class='ocr_line' id='line_1_35' title="bbox 2744 1844 3973 1862; baseline -0.003 0"><span class='ocrx_word' id='word_1_233' title='bbox 2744 1856 2862 1862; x_wconf 23' lang='grc' dir='ltr'><strong>--Α</strong></span> <span class='ocrx_word' id='word_1_234' title='bbox 3191 1858 3198 1862; x_wconf 92' lang='grc'>.</span> <span class='ocrx_word' id='word_1_235' title='bbox 3298 1851 3372 1862; x_wconf 76' lang='lat'><strong>.-.</strong></span> <span class='ocrx_word' id='word_1_236' title='bbox 3467 1854 3474 1862; x_wconf 91' lang='lat'><strong>.</strong></span> <span class='ocrx_word' id='word_1_237' title='bbox 3589 1846 3641 1862; x_wconf 63' lang='lat' dir='ltr'><strong>r.</strong></span> <span class='ocrx_word' id='word_1_238' title='bbox 3762 1846 3837 1862; x_wconf 52' lang='grc' dir='ltr'>η,</span> 
     </span>
    </p>
   </div>
   <div class='ocr_carea' id='block_1_35' title="bbox 661 1868 2301 1958">
    <p class='ocr_par' dir='ltr' id='par_1_35' title="bbox 661 1868 2301 1958">
     <span class='ocr_line' id='line_1_36' title="bbox 661 1868 2301 1958; baseline -0.013 -15"><span class='ocrx_word' id='word_1_239' title='bbox 661 1893 897 1958; x_wconf 87' lang='lat' dir='ltr'><strong>tempus</strong></span> <span class='ocrx_word' id='word_1_240' title='bbox 925 1883 1154 1954; x_wconf 89' lang='lat' dir='ltr'><strong>(divina</strong></span> <span class='ocrx_word' id='word_1_241' title='bbox 1183 1882 1363 1945; x_wconf 90' lang='lat' dir='ltr'><strong>enim,</strong></span> <span class='ocrx_word' id='word_1_242' title='bbox 1395 1894 1530 1950; x_wconf 69' lang='lat' dir='ltr'><strong>quae</strong></span> <span class='ocrx_word' id='word_1_243' title='bbox 1560 1875 1765 1931; x_wconf 88' lang='lat' dir='ltr'><strong>aderat</strong></span> <span class='ocrx_word' id='word_1_244' title='bbox 1797 1873 1985 1942; x_wconf 88' lang='lat' dir='ltr'><strong>gratia</strong></span> <span class='ocrx_word' id='word_1_245' title='bbox 2022 1874 2078 1924; x_wconf 91' lang='lat' dir='ltr'><strong>et</strong></span> <span class='ocrx_word' id='word_1_246' title='bbox 2129 1868 2301 1923; x_wconf 94' lang='lat' dir='ltr'><strong>doce-</strong></span> 
     </span>
    </p>
   </div>
   <div class='ocr_carea' id='block_1_36' title="bbox 660 1961 2299 2040">
    <p class='ocr_par' dir='ltr' id='par_1_36' title="bbox 660 1961 2299 2040">
     <span class='ocr_line' id='line_1_37' title="bbox 660 1961 2299 2040; baseline -0.013 -9"><span class='ocrx_word' id='word_1_247' title='bbox 660 1977 764 2032; x_wconf 88' lang='lat' dir='ltr'><strong>bat</strong></span> <span class='ocrx_word' id='word_1_248' title='bbox 794 1972 1109 2038; x_wconf 84' lang='lat' dir='ltr'><strong>Athletam,</strong></span> <span class='ocrx_word' id='word_1_249' title='bbox 1138 1968 1312 2040; x_wconf 88' lang='lat' dir='ltr'><strong>jussit</strong></span> <span class='ocrx_word' id='word_1_250' title='bbox 1346 1972 1406 2022; x_wconf 89' lang='lat' dir='ltr'><strong>ut</strong></span> <span class='ocrx_word' id='word_1_251' title='bbox 1442 1982 1546 2021; x_wconf 92' lang='lat' dir='ltr'><strong>eos</strong></span> <span class='ocrx_word' id='word_1_252' title='bbox 1579 1961 1959 2035; x_wconf 89' lang='lat' dir='ltr'><strong>sequeretur),</strong></span> <span class='ocrx_word' id='word_1_253' title='bbox 1987 1975 2121 2013; x_wconf 89' lang='lat' dir='ltr'><strong>cum</strong></span> <span class='ocrx_word' id='word_1_254' title='bbox 2154 1972 2299 2011; x_wconf 85' lang='lat' dir='ltr'><strong>uxo-</strong></span> 
     </span>
    </p>
   </div>
   <div class='ocr_carea' id='block_1_37' title="bbox 662 2047 2302 2120">
    <p class='ocr_par' dir='ltr' id='par_1_37' title="bbox 662 2047 2302 2120">
     <span class='ocr_line' id='line_1_38' title="bbox 662 2047 2302 2120; baseline -0.013 -1"><span class='ocrx_word' id='word_1_255' title='bbox 662 2080 786 2120; x_wconf 91' lang='lat' dir='ltr'><strong>rem</strong></span> <span class='ocrx_word' id='word_1_256' title='bbox 817 2065 1088 2117; x_wconf 90' lang='lat' dir='ltr'><strong>vocasset</strong></span> <span class='ocrx_word' id='word_1_257' title='bbox 1135 2056 1477 2113; x_wconf 90' lang='lat' dir='ltr'><strong>Basilissam</strong></span> <span class='ocrx_word' id='word_1_258' title='bbox 1507 2058 1630 2116; x_wconf 91' lang='lat' dir='ltr'><strong>aut,</strong></span> <span class='ocrx_word' id='word_1_259' title='bbox 1662 2051 1709 2106; x_wconf 91' lang='lat' dir='ltr'><strong>si</strong></span> <span class='ocrx_word' id='word_1_260' title='bbox 1729 2050 1892 2116; x_wconf 88' lang='lat' dir='ltr'><strong>velis,</strong></span> <span class='ocrx_word' id='word_1_261' title='bbox 1927 2047 2302 2110; x_wconf 87' lang='lat' dir='ltr'><strong>Mandanem,</strong></span> 
     </span>
    </p>
   </div>
   <div class='ocr_carea' id='block_1_38' title="bbox 666 2135 2308 2220">
    <p class='ocr_par' dir='ltr' id='par_1_38' title="bbox 666 2135 2308 2220">
     <span class='ocr_line' id='line_1_39' title="bbox 666 2135 2308 2220; baseline -0.013 -12"><span class='ocrx_word' id='word_1_262' title='bbox 666 2168 808 2207; x_wconf 90' lang='lat' dir='ltr'><strong>nam</strong></span> <span class='ocrx_word' id='word_1_263' title='bbox 831 2166 900 2205; x_wconf 90' lang='lat' dir='ltr'><strong>ea</strong></span> <span class='ocrx_word' id='word_1_264' title='bbox 925 2162 1166 2220; x_wconf 89' lang='lat' dir='ltr'><strong>quoque</strong></span> <span class='ocrx_word' id='word_1_265' title='bbox 1190 2144 1410 2216; x_wconf 81' lang='lat' dir='ltr'><strong>duplici</strong></span> <span class='ocrx_word' id='word_1_266' title='bbox 1438 2141 1679 2197; x_wconf 92' lang='lat' dir='ltr'><strong>nomine</strong></span> <span class='ocrx_word' id='word_1_267' title='bbox 1697 2139 2037 2203; x_wconf 89' lang='lat' dir='ltr'><strong>vocabatur,</strong></span> <span class='ocrx_word' id='word_1_268' title='bbox 2064 2135 2113 2189; x_wconf 91' lang='lat' dir='ltr'><strong>ei</strong></span> <span class='ocrx_word' id='word_1_269' title='bbox 2143 2149 2308 2188; x_wconf 89' lang='lat' dir='ltr'><strong>man-</strong></span> 
     </span>
    </p>
   </div>
   <div class='ocr_carea' id='block_1_39' title="bbox 665 2222 2309 2310">
    <p class='ocr_par' dir='ltr' id='par_1_39' title="bbox 665 2222 2309 2310">
     <span class='ocr_line' id='line_1_40' title="bbox 665 2222 2309 2310; baseline -0.012 -14"><span class='ocrx_word' id='word_1_270' title='bbox 665 2241 771 2296; x_wconf 88' lang='lat' dir='ltr'><strong>dat</strong></span> <span class='ocrx_word' id='word_1_271' title='bbox 800 2254 933 2310; x_wconf 75' lang='lat' dir='ltr'><strong>qute</strong></span> <span class='ocrx_word' id='word_1_272' title='bbox 961 2240 1229 2308; x_wconf 89' lang='lat' dir='ltr'><strong>spectant</strong></span> <span class='ocrx_word' id='word_1_273' title='bbox 1250 2234 1327 2289; x_wconf 92' lang='lat' dir='ltr'><strong>ad</strong></span> <span class='ocrx_word' id='word_1_274' title='bbox 1358 2231 1667 2287; x_wconf 89' lang='lat' dir='ltr'><strong>familiam.</strong></span> <span class='ocrx_word' id='word_1_275' title='bbox 1702 2230 1919 2283; x_wconf 86' lang='lat' dir='ltr'><strong>Etcum</strong></span> <span class='ocrx_word' id='word_1_276' title='bbox 1950 2225 2154 2281; x_wconf 90' lang='lat' dir='ltr'><strong>omnia</strong></span> <span class='ocrx_word' id='word_1_277' title='bbox 2181 2222 2309 2292; x_wconf 85' lang='lat' dir='ltr'><strong>ejus</strong></span> 
     </span>
    </p>
   </div>
   <div class='ocr_carea' id='block_1_40' title="bbox 666 2317 2312 2390">
    <p class='ocr_par' dir='ltr' id='par_1_40' title="bbox 666 2317 2312 2390">
     <span class='ocr_line' id='line_1_41' title="bbox 666 2317 2312 2390; baseline -0.012 -7"><span class='ocrx_word' id='word_1_278' title='bbox 666 2343 822 2384; x_wconf 75' lang='lat' dir='ltr'><strong>curae</strong></span> <span class='ocrx_word' id='word_1_279' title='bbox 844 2324 1291 2384; x_wconf 88' lang='lat' dir='ltr'><strong>commississet,</strong></span> <span class='ocrx_word' id='word_1_280' title='bbox 1313 2322 1425 2375; x_wconf 90' lang='lat' dir='ltr'><strong>hoc</strong></span> <span class='ocrx_word' id='word_1_281' title='bbox 1448 2333 1689 2390; x_wconf 89' lang='lat' dir='ltr'><strong>quoque</strong></span> <span class='ocrx_word' id='word_1_282' title='bbox 1715 2320 2083 2387; x_wconf 89' lang='lat' dir='ltr'><strong>postremum</strong></span> <span class='ocrx_word' id='word_1_283' title='bbox 2111 2317 2174 2366; x_wconf 89' lang='lat' dir='ltr'><strong>et</strong></span> <span class='ocrx_word' id='word_1_284' title='bbox 2186 2326 2312 2380; x_wconf 88' lang='lat' dir='ltr'><strong>ger-</strong></span> 
     </span>
    </p>
   </div>
   <div class='ocr_carea' id='block_1_41' title="bbox 667 2400 2311 2475">
    <p class='ocr_par' dir='ltr' id='par_1_41' title="bbox 667 2400 2311 2475">
     <span class='ocr_line' id='line_1_42' title="bbox 667 2400 2311 2475; baseline -0.01 -6"><span class='ocrx_word' id='word_1_285' title='bbox 667 2429 913 2470; x_wconf 90' lang='lat' dir='ltr'><strong>manum</strong></span> <span class='ocrx_word' id='word_1_286' title='bbox 948 2412 995 2466; x_wconf 92' lang='lat' dir='ltr'><strong>ei</strong></span> <span class='ocrx_word' id='word_1_287' title='bbox 1022 2412 1126 2465; x_wconf 91' lang='lat' dir='ltr'><strong>dat</strong></span> <span class='ocrx_word' id='word_1_288' title='bbox 1173 2408 1547 2471; x_wconf 88' lang='lat' dir='ltr'><strong>mandatum,</strong></span> <span class='ocrx_word' id='word_1_289' title='bbox 1582 2422 1654 2460; x_wconf 90' lang='lat' dir='ltr'><strong>ne</strong></span> <span class='ocrx_word' id='word_1_290' title='bbox 1683 2405 1809 2475; x_wconf 88' lang='lat' dir='ltr'><strong>ejus</strong></span> <span class='ocrx_word' id='word_1_291' title='bbox 1859 2402 2075 2457; x_wconf 89' lang='lat' dir='ltr'><strong>deﬂeat</strong></span> <span class='ocrx_word' id='word_1_292' title='bbox 2115 2400 2311 2454; x_wconf 92' lang='lat' dir='ltr'><strong>deces-</strong></span> 
     </span>
    </p>
   </div>
   <div class='ocr_carea' id='block_1_42' title="bbox 668 2486 2310 2572">
    <p class='ocr_par' dir='ltr' id='par_1_42' title="bbox 668 2486 2310 2572">
     <span class='ocr_line' id='line_1_43' title="bbox 668 2486 2310 2572; baseline -0.01 -15"><span class='ocrx_word' id='word_1_293' title='bbox 668 2519 801 2557; x_wconf 88' lang='lat' dir='ltr'><strong>sum</strong></span> <span class='ocrx_word' id='word_1_294' title='bbox 828 2516 1018 2572; x_wconf 85' lang='lat' dir='ltr'><strong>neque</strong></span> <span class='ocrx_word' id='word_1_295' title='bbox 1049 2504 1289 2570; x_wconf 86' lang='lat' dir='ltr'><strong>propter</strong></span> <span class='ocrx_word' id='word_1_296' title='bbox 1318 2501 1567 2551; x_wconf 89' lang='lat' dir='ltr'><strong>mortem</strong></span> <span class='ocrx_word' id='word_1_297' title='bbox 1617 2493 1746 2564; x_wconf 87' lang='lat' dir='ltr'><strong>ejus</strong></span> <span class='ocrx_word' id='word_1_298' title='bbox 1792 2493 2165 2555; x_wconf 88' lang='lat' dir='ltr'><strong>lamentetur,</strong></span> <span class='ocrx_word' id='word_1_299' title='bbox 2208 2486 2310 2541; x_wconf 89' lang='lat' dir='ltr'><strong>sed</strong></span> 
     </span>
    </p>
   </div>
   <div class='ocr_carea' id='block_1_43' title="bbox 668 2577 2313 2662">
    <p class='ocr_par' dir='ltr' id='par_1_43' title="bbox 668 2577 2313 2662">
     <span class='ocr_line' id='line_1_44' title="bbox 668 2577 2313 2662; baseline -0.01 -16"><span class='ocrx_word' id='word_1_300' title='bbox 668 2588 1048 2662; x_wconf 88' lang='lat' dir='ltr'><strong>lampadibus</strong></span> <span class='ocrx_word' id='word_1_301' title='bbox 1071 2587 1148 2658; x_wconf 83' lang='lat'><strong>(9)</strong></span> <span class='ocrx_word' id='word_1_302' title='bbox 1176 2592 1233 2642; x_wconf 91' lang='lat' dir='ltr'><strong>et</strong></span> <span class='ocrx_word' id='word_1_303' title='bbox 1258 2585 1373 2639; x_wconf 88' lang='lat' dir='ltr'><strong>alia</strong></span> <span class='ocrx_word' id='word_1_304' title='bbox 1434 2584 1629 2639; x_wconf 77' lang='lat' dir='ltr'><strong>laetitia</strong></span> <span class='ocrx_word' id='word_1_305' title='bbox 1683 2582 1875 2652; x_wconf 90' lang='lat' dir='ltr'><strong>potius</strong></span> <span class='ocrx_word' id='word_1_306' title='bbox 1931 2578 2097 2633; x_wconf 90' lang='lat' dir='ltr'><strong>illum</strong></span> <span class='ocrx_word' id='word_1_307' title='bbox 2154 2577 2313 2630; x_wconf 66' lang='lat' dir='ltr'><strong>diem</strong></span> 
     </span>
    </p>
   </div>
   <div class='ocr_carea' id='block_1_44' title="bbox 668 2667 2312 2742">
    <p class='ocr_par' dir='ltr' id='par_1_44' title="bbox 668 2667 2312 2742">
     <span class='ocr_line' id='line_1_45' title="bbox 668 2667 2312 2742; baseline -0.01 -8"><span class='ocrx_word' id='word_1_308' title='bbox 668 2678 940 2734; x_wconf 90' lang='lat' dir='ltr'><strong>honoret.</strong></span> <span class='ocrx_word' id='word_1_309' title='bbox 968 2677 1174 2731; x_wconf 91' lang='lat' dir='ltr'><strong>Statim</strong></span> <span class='ocrx_word' id='word_1_310' title='bbox 1225 2688 1367 2742; x_wconf 87' lang='lat' dir='ltr'><strong>ergo</strong></span> <span class='ocrx_word' id='word_1_311' title='bbox 1394 2686 1566 2725; x_wconf 91' lang='lat' dir='ltr'><strong>suam</strong></span> <span class='ocrx_word' id='word_1_312' title='bbox 1596 2670 1841 2741; x_wconf 87' lang='lat' dir='ltr'><strong>quidem</strong></span> <span class='ocrx_word' id='word_1_313' title='bbox 1894 2667 2312 2734; x_wconf 81' lang='lat' dir='ltr'><strong>cognationem</strong></span> 
     </span>
    </p>
   </div>
   <div class='ocr_carea' id='block_1_45' title="bbox 669 2760 2317 2837">
    <p class='ocr_par' dir='ltr' id='par_1_45' title="bbox 669 2760 2317 2837">
     <span class='ocr_line' id='line_1_46' title="bbox 669 2760 2317 2837; baseline -0.008 -15"><span class='ocrx_word' id='word_1_314' title='bbox 669 2766 923 2837; x_wconf 89' lang='lat' dir='ltr'><strong>despicit</strong></span> <span class='ocrx_word' id='word_1_315' title='bbox 1002 2762 1343 2819; x_wconf 83' lang='lat' dir='ltr'><strong>Eudoxius:</strong></span> <span class='ocrx_word' id='word_1_316' title='bbox 1403 2760 1763 2814; x_wconf 88' lang='lat' dir='ltr'><strong>obliviscitur</strong></span> <span class='ocrx_word' id='word_1_317' title='bbox 1820 2760 2017 2811; x_wconf 88' lang='lat' dir='ltr'><strong>autem</strong></span> <span class='ocrx_word' id='word_1_318' title='bbox 2078 2760 2317 2826; x_wconf 90' lang='lat' dir='ltr'><strong>propter</strong></span> 
     </span>
    </p>
   </div>
   <div class='ocr_carea' id='block_1_46' title="bbox 671 2842 2312 2911">
    <p class='ocr_par' dir='ltr' id='par_1_46' title="bbox 671 2842 2312 2911">
     <span class='ocr_line' id='line_1_47' title="bbox 671 2842 2312 2911; baseline -0.009 -2"><span class='ocrx_word' id='word_1_319' title='bbox 671 2854 965 2910; x_wconf 87' lang='lat' dir='ltr'><strong>Christum</strong></span> <span class='ocrx_word' id='word_1_320' title='bbox 997 2852 1087 2906; x_wconf 91' lang='lat' dir='ltr'><strong>sui</strong></span> <span class='ocrx_word' id='word_1_321' title='bbox 1114 2848 1336 2907; x_wconf 87' lang='lat' dir='ltr'><strong>amoris</strong></span> <span class='ocrx_word' id='word_1_322' title='bbox 1367 2849 1424 2902; x_wconf 91' lang='lat' dir='ltr'><strong>in</strong></span> <span class='ocrx_word' id='word_1_323' title='bbox 1480 2847 1652 2911; x_wconf 84' lang='lat' dir='ltr'><strong>ﬁlios,</strong></span> <span class='ocrx_word' id='word_1_324' title='bbox 1687 2845 1861 2901; x_wconf 89' lang='lat' dir='ltr'><strong>validi</strong></span> <span class='ocrx_word' id='word_1_325' title='bbox 1892 2851 1944 2900; x_wconf 90' lang='lat' dir='ltr'><strong>et</strong></span> <span class='ocrx_word' id='word_1_326' title='bbox 2001 2842 2312 2899; x_wconf 87' lang='lat' dir='ltr'><strong>inevitabi-</strong></span> 
     </span>
    </p>
   </div>
   <div class='ocr_carea' id='block_1_47' title="bbox 669 2931 2311 3011">
    <p class='ocr_par' dir='ltr' id='par_1_47' title="bbox 669 2931 2311 3011">
     <span class='ocr_line' id='line_1_48' title="bbox 669 2931 2311 3011; baseline -0.007 -15"><span class='ocrx_word' id='word_1_327' title='bbox 669 2941 740 2997; x_wconf 90' lang='lat' dir='ltr'><strong>lis</strong></span> <span class='ocrx_word' id='word_1_328' title='bbox 793 2940 1009 2996; x_wconf 84' lang='lat' dir='ltr'><strong>vinculi</strong></span> <span class='ocrx_word' id='word_1_329' title='bbox 1065 2937 1435 3011; x_wconf 88' lang='lat' dir='ltr'><strong>parentibus.</strong></span> <span class='ocrx_word' id='word_1_330' title='bbox 1468 2938 1536 2992; x_wconf 90' lang='lat' dir='ltr'><strong>Ut</strong></span> <span class='ocrx_word' id='word_1_331' title='bbox 1564 2935 1719 2990; x_wconf 90' lang='lat' dir='ltr'><strong>enim</strong></span> <span class='ocrx_word' id='word_1_332' title='bbox 1756 2934 1921 2989; x_wconf 89' lang='lat' dir='ltr'><strong>illum</strong></span> <span class='ocrx_word' id='word_1_333' title='bbox 1965 2931 2311 2995; x_wconf 85' lang='lat' dir='ltr'><strong>lucrifaciat,</strong></span> 
     </span>
    </p>
   </div>
   <div class='ocr_carea' id='block_1_48' title="bbox 670 3019 2311 3085">
    <p class='ocr_par' dir='ltr' id='par_1_48' title="bbox 670 3019 2311 3085">
     <span class='ocr_line' id='line_1_49' title="bbox 670 3019 2311 3085; baseline -0.007 0"><span class='ocrx_word' id='word_1_334' title='bbox 670 3030 875 3085; x_wconf 89' lang='lat' dir='ltr'><strong>omnia</strong></span> <span class='ocrx_word' id='word_1_335' title='bbox 903 3028 1197 3084; x_wconf 89' lang='lat' dir='ltr'><strong>damnum</strong></span> <span class='ocrx_word' id='word_1_336' title='bbox 1222 3027 1523 3082; x_wconf 80' lang='lat' dir='ltr'><strong>existimat</strong></span> <span class='ocrx_word' id='word_1_337' title='bbox 1561 3028 1913 3079; x_wconf 89' lang='lat' dir='ltr'><strong>etstercora.</strong></span> <span class='ocrx_word' id='word_1_338' title='bbox 1950 3024 2013 3077; x_wconf 85' lang='lat' dir='ltr'><strong>Et</strong></span> <span class='ocrx_word' id='word_1_339' title='bbox 2034 3021 2192 3076; x_wconf 89' lang='lat' dir='ltr'><strong>vadit</strong></span> <span class='ocrx_word' id='word_1_340' title='bbox 2236 3019 2311 3075; x_wconf 91' lang='lat' dir='ltr'><strong>ad</strong></span> 
     </span>
    </p>
   </div>
   <div class='ocr_carea' id='block_1_49' title="bbox 670 3116 1009 3190">
    <p class='ocr_par' dir='ltr' id='par_1_49' title="bbox 670 3116 1009 3190">
     <span class='ocr_line' id='line_1_50' title="bbox 670 3116 1009 3190; baseline -0.012 -16"><span class='ocrx_word' id='word_1_341' title='bbox 670 3116 1009 3190; x_wconf 63' lang='lat' dir='ltr'><strong>praesidem.</strong></span> 
     </span>
    </p>
   </div>
   <div class='ocr_carea' id='block_1_50' title="bbox 744 3288 2310 3363">
    <p class='ocr_par' dir='ltr' id='par_1_50' title="bbox 744 3288 2310 3363">
     <span class='ocr_line' id='line_1_51' title="bbox 744 3288 2310 3363; baseline -0.006 -14"><span class='ocrx_word' id='word_1_342' title='bbox 744 3294 838 3350; x_wconf 87' lang='lat' dir='ltr'><strong>IX.</strong></span> <span class='ocrx_word' id='word_1_343' title='bbox 865 3294 917 3348; x_wconf 91' lang='lat' dir='ltr'><strong>Is</strong></span> <span class='ocrx_word' id='word_1_344' title='bbox 948 3298 1144 3348; x_wconf 88' lang='lat' dir='ltr'><strong>autem</strong></span> <span class='ocrx_word' id='word_1_345' title='bbox 1187 3308 1323 3347; x_wconf 89' lang='lat' dir='ltr'><strong>cum</strong></span> <span class='ocrx_word' id='word_1_346' title='bbox 1363 3292 1561 3363; x_wconf 91' lang='lat' dir='ltr'><strong>ipsum</strong></span> <span class='ocrx_word' id='word_1_347' title='bbox 1583 3290 1844 3354; x_wconf 87' lang='lat' dir='ltr'><strong>vidisset,</strong></span> <span class='ocrx_word' id='word_1_348' title='bbox 1879 3288 2066 3354; x_wconf 89' lang='lat' dir='ltr'><strong>Salve,</strong></span> <span class='ocrx_word' id='word_1_349' title='bbox 2100 3288 2310 3358; x_wconf 88' lang='lat' dir='ltr'><strong>inquit,</strong></span> 
     </span>
    </p>
   </div>
   <div class='ocr_carea' id='block_1_51' title="bbox 672 3376 2313 3440">
    <p class='ocr_par' dir='ltr' id='par_1_51' title="bbox 672 3376 2313 3440">
     <span class='ocr_line' id='line_1_52' title="bbox 672 3376 2313 3440; baseline -0.006 -1"><span class='ocrx_word' id='word_1_350' title='bbox 672 3399 876 3440; x_wconf 88' lang='lat' dir='ltr'><strong>comes</strong></span> <span class='ocrx_word' id='word_1_351' title='bbox 916 3381 1163 3438; x_wconf 86' lang='lat' dir='ltr'><strong>Eudoxi.</strong></span> <span class='ocrx_word' id='word_1_352' title='bbox 1204 3381 1300 3436; x_wconf 89' lang='lat' dir='ltr'><strong>Ille</strong></span> <span class='ocrx_word' id='word_1_353' title='bbox 1360 3385 1557 3436; x_wconf 86' lang='lat' dir='ltr'><strong>autem</strong></span> <span class='ocrx_word' id='word_1_354' title='bbox 1602 3380 1863 3435; x_wconf 81' lang='lat' dir='ltr'><strong>vicissim</strong></span> <span class='ocrx_word' id='word_1_355' title='bbox 1919 3377 2111 3432; x_wconf 87' lang='lat' dir='ltr'><strong>reddit</strong></span> <span class='ocrx_word' id='word_1_356' title='bbox 2162 3376 2313 3430; x_wconf 90' lang='lat' dir='ltr'><strong>salu-</strong></span> 
     </span>
    </p>
   </div>
   <div class='ocr_carea' id='block_1_52' title="bbox 672 3467 2315 3540">
    <p class='ocr_par' dir='ltr' id='par_1_52' title="bbox 672 3467 2315 3540">
     <span class='ocr_line' id='line_1_53' title="bbox 672 3467 2315 3540; baseline -0.007 -12"><span class='ocrx_word' id='word_1_357' title='bbox 672 3478 814 3539; x_wconf 89' lang='lat' dir='ltr'><strong>tem,</strong></span> <span class='ocrx_word' id='word_1_358' title='bbox 868 3471 1075 3526; x_wconf 89' lang='lat' dir='ltr'><strong>dicens</strong></span> <span class='ocrx_word' id='word_1_359' title='bbox 1110 3488 1120 3524; x_wconf 94' lang='lat'>:</span> <span class='ocrx_word' id='word_1_360' title='bbox 1153 3472 1234 3524; x_wconf 89' lang='lat' dir='ltr'><strong>Tu</strong></span> <span class='ocrx_word' id='word_1_361' title='bbox 1292 3484 1526 3540; x_wconf 90' lang='lat' dir='ltr'><strong>quoque</strong></span> <span class='ocrx_word' id='word_1_362' title='bbox 1581 3467 1765 3533; x_wconf 89' lang='lat' dir='ltr'><strong>salve,</strong></span> <span class='ocrx_word' id='word_1_363' title='bbox 1819 3480 2062 3537; x_wconf 70' lang='lat' dir='ltr'><strong>praeses.</strong></span> <span class='ocrx_word' id='word_1_364' title='bbox 2096 3467 2315 3520; x_wconf 72' lang='lat' dir='ltr'><strong>Pt‘aeses</strong></span> 
     </span>
    </p>
   </div>
   <div class='ocr_carea' id='block_1_53' title="bbox 673 3555 2317 3627">
    <p class='ocr_par' dir='ltr' id='par_1_53' title="bbox 673 3555 2317 3627">
     <span class='ocr_line' id='line_1_54' title="bbox 673 3555 2317 3627; baseline -0.004 -12"><span class='ocrx_word' id='word_1_365' title='bbox 673 3569 873 3616; x_wconf 88' lang='lat' dir='ltr'><strong>autem</strong></span> <span class='ocrx_word' id='word_1_366' title='bbox 901 3575 1104 3614; x_wconf 90' lang='lat' dir='ltr'><strong>rursus</strong></span> <span class='ocrx_word' id='word_1_367' title='bbox 1130 3574 1141 3613; x_wconf 91' lang='lat'><strong>:</strong></span> <span class='ocrx_word' id='word_1_368' title='bbox 1173 3561 1378 3622; x_wconf 88' lang='lat' dir='ltr'><strong>Tuam,</strong></span> <span class='ocrx_word' id='word_1_369' title='bbox 1409 3556 1619 3627; x_wconf 89' lang='lat' dir='ltr'><strong>inquit,</strong></span> <span class='ocrx_word' id='word_1_370' title='bbox 1650 3556 2063 3612; x_wconf 91' lang='lat' dir='ltr'><strong>accersivimus</strong></span> <span class='ocrx_word' id='word_1_371' title='bbox 2090 3555 2317 3610; x_wconf 83' lang='lat' dir='ltr'><strong>clarita-</strong></span> 
     </span>
    </p>
   </div>
   <div class='ocr_carea' id='block_1_54' title="bbox 675 3644 2315 3719">
    <p class='ocr_par' dir='ltr' id='par_1_54' title="bbox 675 3644 2315 3719">
     <span class='ocr_line' id='line_1_55' title="bbox 675 3644 2315 3719; baseline -0.004 -14"><span class='ocrx_word' id='word_1_372' title='bbox 675 3654 815 3714; x_wconf 90' lang='lat' dir='ltr'><strong>tem,</strong></span> <span class='ocrx_word' id='word_1_373' title='bbox 874 3654 935 3703; x_wconf 90' lang='lat' dir='ltr'><strong>ut</strong></span> <span class='ocrx_word' id='word_1_374' title='bbox 977 3648 1161 3718; x_wconf 78' lang='lat' dir='ltr'><strong>jussis</strong></span> <span class='ocrx_word' id='word_1_375' title='bbox 1221 3662 1440 3719; x_wconf 87' lang='lat' dir='ltr'><strong>parans</strong></span> <span class='ocrx_word' id='word_1_376' title='bbox 1496 3644 1890 3717; x_wconf 91' lang='lat' dir='ltr'><strong>imperatoris,</strong></span> <span class='ocrx_word' id='word_1_377' title='bbox 1950 3649 2005 3700; x_wconf 91' lang='lat' dir='ltr'><strong>et</strong></span> <span class='ocrx_word' id='word_1_378' title='bbox 2063 3645 2196 3713; x_wconf 86' lang='lat' dir='ltr'><strong>diis,</strong></span> <span class='ocrx_word' id='word_1_379' title='bbox 2257 3649 2315 3699; x_wconf 92' lang='lat' dir='ltr'><strong>ut</strong></span> 
     </span>
    </p>
   </div>
   <div class='ocr_carea' id='block_1_55' title="bbox 675 3733 2313 3808">
    <p class='ocr_par' dir='ltr' id='par_1_55' title="bbox 675 3733 2313 3808">
     <span class='ocr_line' id='line_1_56' title="bbox 675 3733 2313 3808; baseline -0.002 -17"><span class='ocrx_word' id='word_1_380' title='bbox 675 3752 785 3808; x_wconf 90' lang='lat' dir='ltr'><strong>par</strong></span> <span class='ocrx_word' id='word_1_381' title='bbox 813 3741 915 3797; x_wconf 88' lang='lat' dir='ltr'><strong>est,</strong></span> <span class='ocrx_word' id='word_1_382' title='bbox 942 3734 1158 3789; x_wconf 72' lang='lat' dir='ltr'><strong>offeras</strong></span> <span class='ocrx_word' id='word_1_383' title='bbox 1190 3734 1565 3796; x_wconf 87' lang='lat' dir='ltr'><strong>sacriﬁcium,</strong></span> <span class='ocrx_word' id='word_1_384' title='bbox 1597 3739 1653 3787; x_wconf 93' lang='lat' dir='ltr'><strong>et</strong></span> <span class='ocrx_word' id='word_1_385' title='bbox 1684 3733 1937 3787; x_wconf 90' lang='lat' dir='ltr'><strong>maxime</strong></span> <span class='ocrx_word' id='word_1_386' title='bbox 1998 3733 2150 3804; x_wconf 89' lang='lat' dir='ltr'><strong>patri</strong></span> <span class='ocrx_word' id='word_1_387' title='bbox 2177 3749 2313 3788; x_wconf 86' lang='lat' dir='ltr'><strong>om-</strong></span> 
     </span>
    </p>
   </div>
   <div class='ocr_carea' id='block_1_56' title="bbox 674 3820 2314 3890">
    <p class='ocr_par' dir='ltr' id='par_1_56' title="bbox 674 3820 2314 3890">
     <span class='ocr_line' id='line_1_57' title="bbox 674 3820 2314 3890; baseline -0.004 -11"><span class='ocrx_word' id='word_1_388' title='bbox 674 3824 841 3880; x_wconf 89' lang='lat' dir='ltr'><strong>nium</strong></span> <span class='ocrx_word' id='word_1_389' title='bbox 896 3822 1144 3876; x_wconf 92' lang='lat' dir='ltr'><strong>deorum</strong></span> <span class='ocrx_word' id='word_1_390' title='bbox 1211 3835 1428 3888; x_wconf 84' lang='lat' dir='ltr'><strong>magno</strong></span> <span class='ocrx_word' id='word_1_391' title='bbox 1486 3820 1719 3883; x_wconf 82' lang='lat' dir='ltr'><strong>Jovi,et</strong></span> <span class='ocrx_word' id='word_1_392' title='bbox 1782 3820 1993 3874; x_wconf 73' lang='lat' dir='ltr'><strong>thbo</strong></span> <span class='ocrx_word' id='word_1_393' title='bbox 2043 3821 2314 3890; x_wconf 84' lang='lat' dir='ltr'><strong>Apollini,</strong></span> 
     </span>
    </p>
   </div>
   <div class='ocr_carea' id='block_1_57' title="bbox 676 3909 2317 3980">
    <p class='ocr_par' dir='ltr' id='par_1_57' title="bbox 676 3909 2317 3980">
     <span class='ocr_line' id='line_1_58' title="bbox 676 3909 2317 3980; baseline -0.003 -12"><span class='ocrx_word' id='word_1_394' title='bbox 676 3918 733 3969; x_wconf 89' lang='lat' dir='ltr'><strong>et</strong></span> <span class='ocrx_word' id='word_1_395' title='bbox 785 3911 979 3966; x_wconf 64' lang='lat' dir='ltr'><strong>charis</strong></span> <span class='ocrx_word' id='word_1_396' title='bbox 1050 3910 1270 3980; x_wconf 89' lang='lat' dir='ltr'><strong>Virgini</strong></span> <span class='ocrx_word' id='word_1_397' title='bbox 1322 3910 1547 3963; x_wconf 75' lang='lat' dir='ltr'><strong>Dianae.</strong></span> <span class='ocrx_word' id='word_1_398' title='bbox 1600 3911 1814 3979; x_wconf 85' lang='lat' dir='ltr'><strong>Martyr</strong></span> <span class='ocrx_word' id='word_1_399' title='bbox 1874 3914 2117 3963; x_wconf 87' lang='lat' dir='ltr'><strong>autem:</strong></span> <span class='ocrx_word' id='word_1_400' title='bbox 2184 3909 2317 3964; x_wconf 85' lang='lat' dir='ltr'><strong>Mihi</strong></span> 
     </span>
    </p>
   </div>
   <div class='ocr_carea' id='block_1_58' title="bbox 676 3995 2318 4069">
    <p class='ocr_par' dir='ltr' id='par_1_58' title="bbox 676 3995 2318 4069">
     <span class='ocr_line' id='line_1_59' title="bbox 676 3995 2318 4069; baseline -0.002 -13"><span class='ocrx_word' id='word_1_401' title='bbox 676 4016 864 4056; x_wconf 87' lang='lat' dir='ltr'><strong>unum</strong></span> <span class='ocrx_word' id='word_1_402' title='bbox 933 4002 1038 4063; x_wconf 88' lang='lat' dir='ltr'><strong>est,</strong></span> <span class='ocrx_word' id='word_1_403' title='bbox 1072 3998 1282 4069; x_wconf 87' lang='lat' dir='ltr'><strong>inquit,</strong></span> <span class='ocrx_word' id='word_1_404' title='bbox 1318 3995 1676 4052; x_wconf 85' lang='lat' dir='ltr'><strong>sacriﬁcium</strong></span> <span class='ocrx_word' id='word_1_405' title='bbox 1736 3997 1857 4051; x_wconf 90' lang='lat' dir='ltr'><strong>veri</strong></span> <span class='ocrx_word' id='word_1_406' title='bbox 1918 3998 2033 4062; x_wconf 91' lang='lat' dir='ltr'><strong>Dei,</strong></span> <span class='ocrx_word' id='word_1_407' title='bbox 2065 3998 2165 4069; x_wconf 92' lang='lat' dir='ltr'><strong>qui</strong></span> <span class='ocrx_word' id='word_1_408' title='bbox 2208 3998 2318 4053; x_wconf 90' lang='lat' dir='ltr'><strong>hoc</strong></span> 
     </span>
    </p>
   </div>
   <div class='ocr_carea' id='block_1_59' title="bbox 675 4084 2318 4161">
    <p class='ocr_par' dir='ltr' id='par_1_59' title="bbox 675 4084 2318 4161">
     <span class='ocr_line' id='line_1_60' title="bbox 675 4084 2318 4161; baseline -0.003 -17"><span class='ocrx_word' id='word_1_409' title='bbox 675 4088 955 4161; x_wconf 90' lang='lat' dir='ltr'><strong>produxit</strong></span> <span class='ocrx_word' id='word_1_410' title='bbox 986 4088 1328 4141; x_wconf 86' lang='lat' dir='ltr'><strong>universum</strong></span> <span class='ocrx_word' id='word_1_411' title='bbox 1362 4102 1377 4150; x_wconf 86' lang='lat'><strong>;</strong></span> <span class='ocrx_word' id='word_1_412' title='bbox 1409 4091 1465 4141; x_wconf 91' lang='lat' dir='ltr'><strong>et</strong></span> <span class='ocrx_word' id='word_1_413' title='bbox 1488 4086 1540 4141; x_wconf 93' lang='lat' dir='ltr'><strong>ei</strong></span> <span class='ocrx_word' id='word_1_414' title='bbox 1564 4084 1910 4141; x_wconf 90' lang='lat' dir='ltr'><strong>sacriﬁcabo</strong></span> <span class='ocrx_word' id='word_1_415' title='bbox 1963 4086 2318 4142; x_wconf 87' lang='lat' dir='ltr'><strong>sacriﬁcium</strong></span> 
     </span>
    </p>
   </div>
   <div class='ocr_carea' id='block_1_60' title="bbox 674 4175 2315 4247">
    <p class='ocr_par' dir='ltr' id='par_1_60' title="bbox 674 4175 2315 4247">
     <span class='ocr_line' id='line_1_61' title="bbox 674 4175 2315 4247; baseline -0.002 -14"><span class='ocrx_word' id='word_1_416' title='bbox 674 4176 891 4243; x_wconf 86' lang='lat' dir='ltr'><strong>laudis,</strong></span> <span class='ocrx_word' id='word_1_417' title='bbox 952 4175 1051 4247; x_wconf 89' lang='lat' dir='ltr'><strong>qui</strong></span> <span class='ocrx_word' id='word_1_418' title='bbox 1114 4181 1201 4230; x_wconf 90' lang='lat' dir='ltr'><strong>est</strong></span> <span class='ocrx_word' id='word_1_419' title='bbox 1259 4176 1412 4229; x_wconf 88' lang='lat' dir='ltr'><strong>Deus</strong></span> <span class='ocrx_word' id='word_1_420' title='bbox 1474 4175 1530 4229; x_wconf 92' lang='lat' dir='ltr'><strong>in</strong></span> <span class='ocrx_word' id='word_1_421' title='bbox 1598 4175 1851 4229; x_wconf 83' lang='lat' dir='ltr'><strong>trinitate</strong></span> <span class='ocrx_word' id='word_1_422' title='bbox 1901 4191 2315 4246; x_wconf 89' lang='lat' dir='ltr'><strong>personarum,</strong></span> 
     </span>
    </p>
   </div>
   <div class='ocr_carea' id='block_1_61' title="bbox 674 4263 2315 4336">
    <p class='ocr_par' dir='ltr' id='par_1_61' title="bbox 674 4263 2315 4336">
     <span class='ocr_line' id='line_1_62' title="bbox 674 4263 2315 4336; baseline 0.001 -17"><span class='ocrx_word' id='word_1_423' title='bbox 674 4266 810 4321; x_wconf 71' lang='lat' dir='ltr'><strong>vitae</strong></span> <span class='ocrx_word' id='word_1_424' title='bbox 828 4271 1029 4320; x_wconf 89' lang='lat' dir='ltr'><strong>autem</strong></span> <span class='ocrx_word' id='word_1_425' title='bbox 1047 4263 1456 4335; x_wconf 85' lang='lat' dir='ltr'><strong>suppeditator</strong></span> <span class='ocrx_word' id='word_1_426' title='bbox 1468 4268 1687 4320; x_wconf 69' lang='lat' dir='ltr'><strong>etveraa</strong></span> <span class='ocrx_word' id='word_1_427' title='bbox 1703 4263 1909 4319; x_wconf 89' lang='lat' dir='ltr'><strong>salutis</strong></span> <span class='ocrx_word' id='word_1_428' title='bbox 1923 4264 2315 4336; x_wconf 88' lang='lat' dir='ltr'><strong>dispensator.</strong></span> 
     </span>
    </p>
   </div>
   <div class='ocr_carea' id='block_1_62' title="bbox 679 4352 2316 4421">
    <p class='ocr_par' dir='ltr' id='par_1_62' title="bbox 679 4352 2316 4421">
     <span class='ocr_line' id='line_1_63' title="bbox 679 4352 2316 4421; baseline 0 -12"><span class='ocrx_word' id='word_1_429' title='bbox 679 4356 838 4421; x_wconf 88' lang='lat' dir='ltr'><strong>Quos</strong></span> <span class='ocrx_word' id='word_1_430' title='bbox 865 4358 1064 4408; x_wconf 90' lang='lat' dir='ltr'><strong>autem</strong></span> <span class='ocrx_word' id='word_1_431' title='bbox 1093 4353 1236 4407; x_wconf 92' lang='lat' dir='ltr'><strong>deos</strong></span> <span class='ocrx_word' id='word_1_432' title='bbox 1268 4353 1562 4420; x_wconf 88' lang='lat' dir='ltr'><strong>nominas,</strong></span> <span class='ocrx_word' id='word_1_433' title='bbox 1590 4352 1753 4421; x_wconf 89' lang='lat' dir='ltr'><strong>ligna</strong></span> <span class='ocrx_word' id='word_1_434' title='bbox 1776 4368 1879 4407; x_wconf 90' lang='lat' dir='ltr'><strong>eos</strong></span> <span class='ocrx_word' id='word_1_435' title='bbox 1921 4353 2095 4408; x_wconf 87' lang='lat' dir='ltr'><strong>video</strong></span> <span class='ocrx_word' id='word_1_436' title='bbox 2125 4359 2182 4409; x_wconf 91' lang='lat' dir='ltr'><strong>et</strong></span> <span class='ocrx_word' id='word_1_437' title='bbox 2232 4355 2316 4409; x_wconf 89' lang='lat' dir='ltr'><strong>la-</strong></span> 
     </span>
    </p>
   </div>
   <div class='ocr_carea' id='block_1_63' title="bbox 2412 1844 3987 1920">
    <p class='ocr_par' dir='ltr' id='par_1_63' title="bbox 2412 1844 3987 1920">
     <span class='ocr_line' id='line_1_64' title="bbox 2412 1844 3987 1920; baseline -0.015 -3"><span class='ocrx_word' id='word_1_438' title='bbox 2412 1874 2544 1917; x_wconf 81' lang='grc' dir='ltr'>οῡσα</span> <span class='ocrx_word' id='word_1_439' title='bbox 2591 1867 2678 1913; x_wconf 86' lang='grc' dir='ltr'>καὶ</span> <span class='ocrx_word' id='word_1_440' title='bbox 2733 1856 3076 1912; x_wconf 78' lang='grc' dir='ltr'><strong>διδάσκουσα</strong></span> <span class='ocrx_word' id='word_1_441' title='bbox 3150 1858 3235 1905; x_wconf 74' lang='grc' dir='ltr'>τὸν</span> <span class='ocrx_word' id='word_1_442' title='bbox 3291 1851 3511 1908; x_wconf 81' lang='grc' dir='ltr'>ἀθλητὸν</span> <span class='ocrx_word' id='word_1_443' title='bbox 3589 1846 3661 1920; x_wconf 86' lang='grc' dir='ltr'><strong>[ι.</strong></span> <span class='ocrx_word' id='word_1_444' title='bbox 3751 1844 3987 1915; x_wconf 60' lang='grc' dir='ltr'>ἀθλητὴν]</span> 
     </span>
    </p>
   </div>
   <div class='ocr_carea' id='block_1_64' title="bbox 2414 1939 3991 2018">
    <p class='ocr_par' dir='ltr' id='par_1_64' title="bbox 2414 1939 3991 2018">
     <span class='ocr_line' id='line_1_65' title="bbox 2414 1939 3991 2018; baseline -0.015 -11"><span class='ocrx_word' id='word_1_445' title='bbox 2414 1955 2764 2010; x_wconf 83' lang='grc' dir='ltr'>ἀκολουθῆσαι</span> <span class='ocrx_word' id='word_1_446' title='bbox 2796 1956 2900 2010; x_wconf 86' lang='grc' dir='ltr'>τοῖς</span> <span class='ocrx_word' id='word_1_447' title='bbox 2937 1944 3191 2018; x_wconf 80' lang='grc' dir='ltr'><strong>ἀνδράσιν</strong></span> <span class='ocrx_word' id='word_1_448' title='bbox 3222 1941 3478 2011; x_wconf 78' lang='grc' dir='ltr'><strong>ἐσκέψατο</strong></span> <span class='ocrx_word' id='word_1_449' title='bbox 3664 1943 3760 1988; x_wconf 84' lang='grc' dir='ltr'>καὶ</span> <span class='ocrx_word' id='word_1_450' title='bbox 3792 1940 3881 1993; x_wconf 75' lang='grc' dir='ltr'>τὴν</span> <span class='ocrx_word' id='word_1_451' title='bbox 3918 1956 3991 2004; x_wconf 81' lang='grc' dir='ltr'>γν-</span> 
     </span>
    </p>
   </div>
   <div class='ocr_carea' id='block_1_65' title="bbox 2413 2023 3989 2100">
    <p class='ocr_par' dir='ltr' id='par_1_65' title="bbox 2413 2023 3989 2100">
     <span class='ocr_line' id='line_1_66' title="bbox 2413 2023 3989 2100; baseline -0.015 -3"><span class='ocrx_word' id='word_1_452' title='bbox 2413 2052 2567 2096; x_wconf 86' lang='grc' dir='ltr'>ναῖκα</span> <span class='ocrx_word' id='word_1_453' title='bbox 2595 2041 2818 2100; x_wconf 81' lang='grc' dir='ltr'><strong>καλέσας</strong></span> <span class='ocrx_word' id='word_1_454' title='bbox 2856 2036 3195 2097; x_wconf 79' lang='grc' dir='ltr'>Βασίλισσαν,</span> <span class='ocrx_word' id='word_1_455' title='bbox 3248 2032 3277 2089; x_wconf 77' lang='grc' dir='ltr'>ἢ</span> <span class='ocrx_word' id='word_1_456' title='bbox 3310 2036 3399 2081; x_wconf 83' lang='grc' dir='ltr'><strong>καὶ</strong></span> <span class='ocrx_word' id='word_1_457' title='bbox 3429 2024 3743 2089; x_wconf 77' lang='grc' dir='ltr'><strong>Μανδάνην,</strong></span> <span class='ocrx_word' id='word_1_458' title='bbox 3791 2025 3835 2078; x_wconf 77' lang='grc' dir='ltr'>εἰ</span> <span class='ocrx_word' id='word_1_459' title='bbox 3881 2023 3989 2095; x_wconf 71' lang='grc' dir='ltr'><strong><em>βού-</em></strong></span> 
     </span>
    </p>
   </div>
   <div class='ocr_carea' id='block_1_66' title="bbox 2415 2114 3982 2199">
    <p class='ocr_par' dir='ltr' id='par_1_66' title="bbox 2415 2114 3982 2199">
     <span class='ocr_line' id='line_1_67' title="bbox 2415 2114 3982 2199; baseline -0.015 -13"><span class='ocrx_word' id='word_1_460' title='bbox 2415 2135 2507 2186; x_wconf 88' lang='grc' dir='ltr'>λει·</span> <span class='ocrx_word' id='word_1_461' title='bbox 2571 2128 2772 2189; x_wconf 84' lang='grc' dir='ltr'>διπλοῖς</span> <span class='ocrx_word' id='word_1_462' title='bbox 2816 2131 2917 2199; x_wconf 82' lang='grc' dir='ltr'><strong>γὰρ</strong></span> <span class='ocrx_word' id='word_1_463' title='bbox 2968 2130 3057 2176; x_wconf 90' lang='grc' dir='ltr'>καὶ</span> <span class='ocrx_word' id='word_1_464' title='bbox 3109 2122 3237 2192; x_wconf 67' lang='grc' dir='ltr'>αὐτῇ</span> <span class='ocrx_word' id='word_1_465' title='bbox 3293 2127 3401 2179; x_wconf 84' lang='grc' dir='ltr'>τοῖς</span> <span class='ocrx_word' id='word_1_466' title='bbox 3456 2118 3714 2189; x_wconf 79' lang='grc' dir='ltr'>ὀνόμασιν</span> <span class='ocrx_word' id='word_1_467' title='bbox 3767 2114 3982 2165; x_wconf 75' lang='grc' dir='ltr'>ἐκαλεῖτο·</span> 
     </span>
    </p>
   </div>
   <div class='ocr_carea' id='block_1_67' title="bbox 2420 2205 3985 2275">
    <p class='ocr_par' dir='ltr' id='par_1_67' title="bbox 2420 2205 3985 2275">
     <span class='ocr_line' id='line_1_68' title="bbox 2420 2205 3985 2275; baseline -0.016 0"><span class='ocrx_word' id='word_1_468' title='bbox 2420 2225 2517 2275; x_wconf 86' lang='grc' dir='ltr'>ὅσα</span> <span class='ocrx_word' id='word_1_469' title='bbox 2571 2240 2624 2273; x_wconf 86' lang='grc' dir='ltr'><strong>τε</strong></span> <span class='ocrx_word' id='word_1_470' title='bbox 2676 2216 2781 2271; x_wconf 79' lang='grc' dir='ltr'>ἔδει</span> <span class='ocrx_word' id='word_1_471' title='bbox 2845 2225 2943 2267; x_wconf 87' lang='grc' dir='ltr'>τῶν</span> <span class='ocrx_word' id='word_1_472' title='bbox 2995 2212 3107 2265; x_wconf 87' lang='grc' dir='ltr'>κατ’</span> <span class='ocrx_word' id='word_1_473' title='bbox 3164 2206 3303 2263; x_wconf 83' lang='grc' dir='ltr'>οἶκον</span> <span class='ocrx_word' id='word_1_474' title='bbox 3362 2210 3491 2265; x_wconf 70' lang='grc' dir='ltr'>αὐτὴ</span> <span class='ocrx_word' id='word_1_475' title='bbox 3546 2205 3851 2267; x_wconf 68' lang='grc' dir='ltr'>ἐντελλεται,</span> <span class='ocrx_word' id='word_1_476' title='bbox 3918 2206 3985 2251; x_wconf 75' lang='grc' dir='ltr'>καὶ</span> 
     </span>
    </p>
   </div>
   <div class='ocr_carea' id='block_1_68' title="bbox 2420 2293 3987 2380">
    <p class='ocr_par' dir='ltr' id='par_1_68' title="bbox 2420 2293 3987 2380">
     <span class='ocr_line' id='line_1_69' title="bbox 2420 2293 3987 2380; baseline -0.016 -16"><span class='ocrx_word' id='word_1_477' title='bbox 2420 2316 2588 2364; x_wconf 76' lang='grc' dir='ltr'>πάντα</span> <span class='ocrx_word' id='word_1_478' title='bbox 2618 2318 2677 2380; x_wconf 75' lang='grc' dir='ltr'>τῇ</span> <span class='ocrx_word' id='word_1_479' title='bbox 2713 2308 2876 2367; x_wconf 77' lang='grc' dir='ltr'>αὐτῆς</span> <span class='ocrx_word' id='word_1_480' title='bbox 2906 2303 3111 2363; x_wconf 81' lang='grc' dir='ltr'>ἀναθεὶς</span> <span class='ocrx_word' id='word_1_481' title='bbox 3160 2293 3415 2371; x_wconf 79' lang='grc' dir='ltr'>φροντίδι,</span> <span class='ocrx_word' id='word_1_482' title='bbox 3465 2296 3708 2366; x_wconf 74' lang='grc' dir='ltr'>ἐσχάτην</span> <span class='ocrx_word' id='word_1_483' title='bbox 3740 2299 3885 2344; x_wconf 83' lang='grc' dir='ltr'>τοῦτο</span> <span class='ocrx_word' id='word_1_484' title='bbox 3920 2294 3987 2339; x_wconf 78' lang='grc' dir='ltr'>καὶ</span> 
     </span>
    </p>
   </div>
   <div class='ocr_carea' id='block_1_69' title="bbox 2419 2378 3983 2472">
    <p class='ocr_par' dir='ltr' id='par_1_69' title="bbox 2419 2378 3983 2472">
     <span class='ocr_line' id='line_1_70' title="bbox 2419 2378 3983 2472; baseline -0.016 -19"><span class='ocrx_word' id='word_1_485' title='bbox 2419 2405 2640 2472; x_wconf 86' lang='grc' dir='ltr'>γνησίαν</span> <span class='ocrx_word' id='word_1_486' title='bbox 2684 2396 2887 2452; x_wconf 71' lang='grc' dir='ltr'>ἐντολὴν</span> <span class='ocrx_word' id='word_1_487' title='bbox 2937 2389 3153 2444; x_wconf 75' lang='grc' dir='ltr'>δίδωσι·</span> <span class='ocrx_word' id='word_1_488' title='bbox 3207 2393 3276 2460; x_wconf 81' lang='grc' dir='ltr'><strong>μη</strong></span> <span class='ocrx_word' id='word_1_489' title='bbox 3328 2382 3690 2455; x_wconf 73' lang='grc' dir='ltr'><strong>ἐπιδακρῦσαι</strong></span> <span class='ocrx_word' id='word_1_490' title='bbox 3737 2389 3799 2452; x_wconf 80' lang='grc' dir='ltr'>τῇ</span> <span class='ocrx_word' id='word_1_491' title='bbox 3854 2378 3983 2431; x_wconf 71' lang='grc' dir='ltr'>αὐτοῦ</span> 
     </span>
    </p>
   </div>
   <div class='ocr_carea' id='block_1_70' title="bbox 2422 2466 3983 2559">
    <p class='ocr_par' dir='ltr' id='par_1_70' title="bbox 2422 2466 3983 2559">
     <span class='ocr_line' id='line_1_71' title="bbox 2422 2466 3983 2559; baseline -0.015 -18"><span class='ocrx_word' id='word_1_492' title='bbox 2422 2487 2669 2559; x_wconf 84' lang='grc' dir='ltr'>ἐκδημίᾳ,</span> <span class='ocrx_word' id='word_1_493' title='bbox 2766 2489 2836 2557; x_wconf 78' lang='grc' dir='ltr'>μὴ</span> <span class='ocrx_word' id='word_1_494' title='bbox 2925 2477 3315 2551; x_wconf 77' lang='grc' dir='ltr'><strong>ἀποδύρασθαι,</strong></span> <span class='ocrx_word' id='word_1_495' title='bbox 3397 2478 3467 2545; x_wconf 83' lang='grc' dir='ltr'>μὴ</span> <span class='ocrx_word' id='word_1_496' title='bbox 3553 2475 3818 2540; x_wconf 82' lang='grc' dir='ltr'>θρηνῆσαι</span> <span class='ocrx_word' id='word_1_497' title='bbox 3885 2466 3983 2524; x_wconf 79' lang='grc' dir='ltr'>ὅλως</span> 
     </span>
    </p>
   </div>
   <div class='ocr_carea' id='block_1_71' title="bbox 2422 2555 3978 2636">
    <p class='ocr_par' dir='ltr' id='par_1_71' title="bbox 2422 2555 3978 2636">
     <span class='ocr_line' id='line_1_72' title="bbox 2422 2555 3978 2636; baseline -0.015 -6"><span class='ocrx_word' id='word_1_498' title='bbox 2422 2584 2512 2636; x_wconf 82' lang='grc' dir='ltr'>τήν</span> <span class='ocrx_word' id='word_1_499' title='bbox 2568 2576 2822 2631; x_wconf 66' lang='grc' dir='ltr'>τελευτήν*</span> <span class='ocrx_word' id='word_1_500' title='bbox 2882 2570 3007 2622; x_wconf 80' lang='grc' dir='ltr'>ἀλλὰ</span> <span class='ocrx_word' id='word_1_501' title='bbox 3055 2573 3145 2619; x_wconf 85' lang='grc' dir='ltr'>καὶ</span> <span class='ocrx_word' id='word_1_502' title='bbox 3194 2566 3559 2636; x_wconf 78' lang='grc' dir='ltr'>λαμπροφορίᾳ</span> <span class='ocrx_word' id='word_1_503' title='bbox 3611 2565 3702 2612; x_wconf 78' lang='grc' dir='ltr'>καὶ</span> <span class='ocrx_word' id='word_1_504' title='bbox 3757 2566 3817 2631; x_wconf 76' lang='grc' dir='ltr'>τῇ</span> <span class='ocrx_word' id='word_1_505' title='bbox 3881 2555 3978 2625; x_wconf 57' lang='lat' dir='ltr'><strong>(illi:</strong></span> 
     </span>
    </p>
   </div>
   <div class='ocr_carea' id='block_1_72' title="bbox 2426 2650 3979 2739">
    <p class='ocr_par' dir='ltr' id='par_1_72' title="bbox 2426 2650 3979 2739">
     <span class='ocr_line' id='line_1_73' title="bbox 2426 2650 3979 2739; baseline -0.015 -20"><span class='ocrx_word' id='word_1_506' title='bbox 2426 2666 2740 2739; x_wconf 79' lang='grc' dir='ltr'>φαιδρότητι</span> <span class='ocrx_word' id='word_1_507' title='bbox 2797 2661 2987 2717; x_wconf 79' lang='grc' dir='ltr'>ἐκείνην</span> <span class='ocrx_word' id='word_1_508' title='bbox 3046 2665 3269 2729; x_wconf 77' lang='grc' dir='ltr'>τιμῆσαι</span> <span class='ocrx_word' id='word_1_509' title='bbox 3334 2652 3567 2725; x_wconf 86' lang='grc' dir='ltr'>μάλιστα</span> <span class='ocrx_word' id='word_1_510' title='bbox 3623 2655 3717 2708; x_wconf 78' lang='grc' dir='ltr'>τὴν</span> <span class='ocrx_word' id='word_1_511' title='bbox 3795 2650 3979 2718; x_wconf 72' lang='grc' dir='ltr'>ἡμέραν.</span> 
     </span>
    </p>
   </div>
   <div class='ocr_carea' id='block_1_73' title="bbox 2424 2739 3981 2821">
    <p class='ocr_par' dir='ltr' id='par_1_73' title="bbox 2424 2739 3981 2821">
     <span class='ocr_line' id='line_1_74' title="bbox 2424 2739 3981 2821; baseline -0.015 -13"><span class='ocrx_word' id='word_1_512' title='bbox 2424 2756 2585 2815; x_wconf 72' lang='grc' dir='ltr'>Εὐθὺς</span> <span class='ocrx_word' id='word_1_513' title='bbox 2651 2753 2737 2805; x_wconf 82' lang='grc' dir='ltr'><strong>οὗν</strong></span> <span class='ocrx_word' id='word_1_514' title='bbox 2781 2753 3088 2821; x_wconf 79' lang='grc' dir='ltr'>καταφρονεῖ</span> <span class='ocrx_word' id='word_1_515' title='bbox 3143 2749 3231 2816; x_wconf 79' lang='grc' dir='ltr'>μὲν</span> <span class='ocrx_word' id='word_1_516' title='bbox 3308 2750 3396 2800; x_wconf 82' lang='grc' dir='ltr'>τῆς</span> <span class='ocrx_word' id='word_1_517' title='bbox 3470 2740 3668 2800; x_wconf 81' lang='grc' dir='ltr'>οἰκείας</span> <span class='ocrx_word' id='word_1_518' title='bbox 3723 2739 3981 2807; x_wconf 75' lang='grc' dir='ltr'>συγγενείας</span> 
     </span>
    </p>
   </div>
   <div class='ocr_carea' id='block_1_74' title="bbox 2428 2824 3979 2905">
    <p class='ocr_par' dir='ltr' id='par_1_74' title="bbox 2428 2824 3979 2905">
     <span class='ocr_line' id='line_1_75' title="bbox 2428 2824 3979 2905; baseline -0.016 -8"><span class='ocrx_word' id='word_1_519' title='bbox 2428 2844 2693 2905; x_wconf 75' lang='grc' dir='ltr'>Εὗδόξιος·</span> <span class='ocrx_word' id='word_1_520' title='bbox 2747 2839 3131 2892; x_wconf 76' lang='grc' dir='ltr'>ἐπιλανθάνεται</span> <span class='ocrx_word' id='word_1_521' title='bbox 3158 2830 3217 2885; x_wconf 87' lang='grc' dir='ltr'><strong>δε</strong></span> <span class='ocrx_word' id='word_1_522' title='bbox 3262 2828 3354 2884; x_wconf 79' lang='grc' dir='ltr'>διὰ</span> <span class='ocrx_word' id='word_1_523' title='bbox 3397 2832 3627 2903; x_wconf 85' lang='grc' dir='ltr'>Χριστὸν</span> <span class='ocrx_word' id='word_1_524' title='bbox 3655 2836 3745 2888; x_wconf 79' lang='grc' dir='ltr'>τῆς</span> <span class='ocrx_word' id='word_1_525' title='bbox 3779 2828 3894 2899; x_wconf 85' lang='grc' dir='ltr'>πρὸς</span> <span class='ocrx_word' id='word_1_526' title='bbox 3928 2824 3979 2872; x_wconf 78' lang='grc' dir='ltr'>τὰ</span> 
     </span>
    </p>
   </div>
   <div class='ocr_carea' id='block_1_75' title="bbox 2423 2915 3975 3002">
    <p class='ocr_par' dir='ltr' id='par_1_75' title="bbox 2423 2915 3975 3002">
     <span class='ocr_line' id='line_1_76' title="bbox 2423 2915 3975 3002; baseline -0.016 -15"><span class='ocrx_word' id='word_1_527' title='bbox 2423 2940 2574 2987; x_wconf 81' lang='grc' dir='ltr'>τέκνα</span> <span class='ocrx_word' id='word_1_528' title='bbox 2606 2937 2850 3002; x_wconf 85' lang='grc' dir='ltr'>στοργῆς,</span> <span class='ocrx_word' id='word_1_529' title='bbox 2884 2934 2972 2978; x_wconf 84' lang='grc' dir='ltr'><strong><em>τοὺ</em></strong></span> <span class='ocrx_word' id='word_1_530' title='bbox 3021 2925 3247 2996; x_wconf 78' lang='grc' dir='ltr'>ἰσχυροῦ</span> <span class='ocrx_word' id='word_1_531' title='bbox 3280 2917 3347 2977; x_wconf 81' lang='grc' dir='ltr'>δὴ</span> <span class='ocrx_word' id='word_1_532' title='bbox 3391 2922 3575 2970; x_wconf 83' lang='grc' dir='ltr'>τούτου</span> <span class='ocrx_word' id='word_1_533' title='bbox 3605 2922 3692 2968; x_wconf 84' lang='grc' dir='ltr'>καὶ</span> <span class='ocrx_word' id='word_1_534' title='bbox 3716 2915 3975 2985; x_wconf 74' lang='grc' dir='ltr'>ἀπαραιτή-</span> 
     </span>
    </p>
   </div>
   <div class='ocr_carea' id='block_1_76' title="bbox 2423 2999 3971 3089">
    <p class='ocr_par' dir='ltr' id='par_1_76' title="bbox 2423 2999 3971 3089">
     <span class='ocr_line' id='line_1_77' title="bbox 2423 2999 3971 3089; baseline -0.016 -13"><span class='ocrx_word' id='word_1_535' title='bbox 2423 3031 2513 3076; x_wconf 82' lang='grc' dir='ltr'>τοῦ</span> <span class='ocrx_word' id='word_1_536' title='bbox 2544 3029 2651 3082; x_wconf 86' lang='grc' dir='ltr'>τοῖς</span> <span class='ocrx_word' id='word_1_537' title='bbox 2704 3019 2936 3089; x_wconf 87' lang='grc' dir='ltr'>πατράσι</span> <span class='ocrx_word' id='word_1_538' title='bbox 2987 3011 3201 3085; x_wconf 84' lang='grc' dir='ltr'>δεσμοῦ·</span> <span class='ocrx_word' id='word_1_539' title='bbox 3256 3012 3339 3061; x_wconf 81' lang='grc' dir='ltr'>ἵνα</span> <span class='ocrx_word' id='word_1_540' title='bbox 3385 3010 3483 3080; x_wconf 86' lang='grc' dir='ltr'><strong>γὰρ</strong></span> <span class='ocrx_word' id='word_1_541' title='bbox 3531 3006 3708 3059; x_wconf 77' lang='grc' dir='ltr'>ἐκεῖνον</span> <span class='ocrx_word' id='word_1_542' title='bbox 3746 2999 3971 3075; x_wconf 71' lang='grc' dir='ltr'>κερδήσῃ,</span> 
     </span>
    </p>
   </div>
   <div class='ocr_carea' id='block_1_77' title="bbox 2350 3093 3974 3184">
    <p class='ocr_par' dir='ltr' id='par_1_77' title="bbox 2350 3093 3974 3184">
     <span class='ocr_line' id='line_1_78' title="bbox 2350 3093 3974 3184; baseline -0.017 -18"><span class='ocrx_word' id='word_1_543' title='bbox 2350 3105 2390 3160; x_wconf 84' lang='lat' dir='ltr'>C</span> <span class='ocrx_word' id='word_1_544' title='bbox 2428 3117 2617 3184; x_wconf 78' lang='grc' dir='ltr'>ζημίαν</span> <span class='ocrx_word' id='word_1_545' title='bbox 2649 3111 2819 3179; x_wconf 79' lang='grc' dir='ltr'>ἡγεῖτο</span> <span class='ocrx_word' id='word_1_546' title='bbox 2852 3106 3027 3157; x_wconf 80' lang='grc' dir='ltr'>πάντα</span> <span class='ocrx_word' id='word_1_547' title='bbox 3050 3106 3135 3153; x_wconf 80' lang='grc' dir='ltr'>καὶ</span> <span class='ocrx_word' id='word_1_548' title='bbox 3166 3097 3418 3151; x_wconf 80' lang='grc' dir='ltr'>σκύϐαλα·</span> <span class='ocrx_word' id='word_1_549' title='bbox 3458 3102 3547 3148; x_wconf 86' lang='grc' dir='ltr'>καὶ</span> <span class='ocrx_word' id='word_1_550' title='bbox 3576 3097 3743 3147; x_wconf 75' lang='grc' dir='ltr'>ἄπεισι</span> <span class='ocrx_word' id='word_1_551' title='bbox 3766 3096 3881 3163; x_wconf 62' lang='grc' dir='ltr'>πρὸς</span> <span class='ocrx_word' id='word_1_552' title='bbox 3902 3093 3974 3139; x_wconf 81' lang='grc' dir='ltr'>τὸν</span> 
     </span>
    </p>
   </div>
   <div class='ocr_carea' id='block_1_78' title="bbox 2426 3204 2668 3272">
    <p class='ocr_par' dir='ltr' id='par_1_78' title="bbox 2426 3204 2668 3272">
     <span class='ocr_line' id='line_1_79' title="bbox 2426 3204 2668 3272; baseline -0.021 -19"><span class='ocrx_word' id='word_1_553' title='bbox 2426 3204 2668 3272; x_wconf 68' lang='grc' dir='ltr'>ἡγεμόνα.</span> 
     </span>
    </p>
   </div>
   <div class='ocr_carea' id='block_1_79' title="bbox 2495 3268 3965 3352">
    <p class='ocr_par' dir='ltr' id='par_1_79' title="bbox 2495 3268 3965 3352">
     <span class='ocr_line' id='line_1_80' title="bbox 2495 3268 3965 3352; baseline -0.019 -11"><span class='ocrx_word' id='word_1_554' title='bbox 2629 3290 2729 3338; x_wconf 81' lang='grc' dir='ltr'>Καὶ</span> <span class='ocrx_word' id='word_1_555' title='bbox 2775 3284 2925 3341; x_wconf 75' lang='grc' dir='ltr'>αὐτὸς</span> <span class='ocrx_word' id='word_1_556' title='bbox 2968 3284 3053 3332; x_wconf 88' lang='grc' dir='ltr'>τὸν</span> <span class='ocrx_word' id='word_1_557' title='bbox 3084 3275 3255 3352; x_wconf 79' lang='grc' dir='ltr'>ἄνδρα</span> <span class='ocrx_word' id='word_1_558' title='bbox 3287 3272 3432 3339; x_wconf 80' lang='grc' dir='ltr'>ἰδὼν,</span> <span class='ocrx_word' id='word_1_559' title='bbox 3484 3276 3697 3343; x_wconf 79' lang='grc' dir='ltr'>Χαίροις,</span> <span class='ocrx_word' id='word_1_560' title='bbox 3740 3270 3843 3337; x_wconf 74' lang='grc' dir='ltr'>ἔφη,</span> <span class='ocrx_word' id='word_1_561' title='bbox 3887 3268 3965 3314; x_wconf 86' lang='grc' dir='ltr'><strong>κὸ-</strong></span> 
     </span>
    </p>
   </div>
   <div class='ocr_carea' id='block_1_80' title="bbox 2422 3358 3963 3451">
    <p class='ocr_par' dir='ltr' id='par_1_80' title="bbox 2422 3358 3963 3451">
     <span class='ocr_line' id='line_1_81' title="bbox 2422 3358 3963 3451; baseline -0.022 -15"><span class='ocrx_word' id='word_1_562' title='bbox 2422 3398 2526 3451; x_wconf 79' lang='grc' dir='ltr'><strong>μης</strong></span> <span class='ocrx_word' id='word_1_563' title='bbox 2559 3372 2792 3437; x_wconf 70' lang='grc' dir='ltr'>Εὗδόξιε.</span> <span class='ocrx_word' id='word_1_564' title='bbox 2841 3372 2898 3422; x_wconf 76' lang='grc' dir='ltr'>Ὀ</span> <span class='ocrx_word' id='word_1_565' title='bbox 2931 3367 2989 3421; x_wconf 76' lang='grc' dir='ltr'>δὲ</span> <span class='ocrx_word' id='word_1_566' title='bbox 3019 3376 3128 3428; x_wconf 86' lang='grc' dir='ltr'>τοῖς</span> <span class='ocrx_word' id='word_1_567' title='bbox 3156 3371 3289 3426; x_wconf 84' lang='grc' dir='ltr'>ἴσοις</span> <span class='ocrx_word' id='word_1_568' title='bbox 3321 3365 3469 3425; x_wconf 69' lang='grc' dir='ltr'>εὐθὺς</span> <span class='ocrx_word' id='word_1_569' title='bbox 3495 3359 3730 3431; x_wconf 73' lang='grc' dir='ltr'>ἠμείϐετο,</span> <span class='ocrx_word' id='word_1_570' title='bbox 3770 3358 3963 3425; x_wconf 75' lang='grc' dir='ltr'>Χαίροις</span> 
     </span>
    </p>
   </div>
   <div class='ocr_carea' id='block_1_81' title="bbox 2422 3447 3971 3528">
    <p class='ocr_par' dir='ltr' id='par_1_81' title="bbox 2422 3447 3971 3528">
     <span class='ocr_line' id='line_1_82' title="bbox 2422 3447 3971 3528; baseline -0.02 -8"><span class='ocrx_word' id='word_1_571' title='bbox 2422 3474 2507 3520; x_wconf 72' lang='grc' dir='ltr'>καὶ</span> <span class='ocrx_word' id='word_1_572' title='bbox 2565 3466 2739 3528; x_wconf 77' lang='grc' dir='ltr'>αὐτὸς,</span> <span class='ocrx_word' id='word_1_573' title='bbox 2796 3460 2970 3525; x_wconf 77' lang='grc' dir='ltr'>εἰπὼν,</span> <span class='ocrx_word' id='word_1_574' title='bbox 3022 3459 3060 3509; x_wconf 85' lang='grc' dir='ltr'><em>ὦ</em></span> <span class='ocrx_word' id='word_1_575' title='bbox 3113 3458 3338 3527; x_wconf 82' lang='grc' dir='ltr'>ἡγεμών.</span> <span class='ocrx_word' id='word_1_576' title='bbox 3398 3457 3496 3505; x_wconf 77' lang='grc' dir='ltr'><strong>Καὶ</strong></span> <span class='ocrx_word' id='word_1_577' title='bbox 3547 3451 3599 3510; x_wconf 86' lang='grc' dir='ltr'>ὃς</span> <span class='ocrx_word' id='word_1_578' title='bbox 3635 3447 3792 3504; x_wconf 82' lang='grc' dir='ltr'>πάλιν,</span> <span class='ocrx_word' id='word_1_579' title='bbox 3829 3448 3971 3494; x_wconf 73' lang='lat' dir='ltr'><strong>Mars-</strong></span> 
     </span>
    </p>
   </div>
   <div class='ocr_carea' id='block_1_82' title="bbox 2428 3535 3972 3625">
    <p class='ocr_par' dir='ltr' id='par_1_82' title="bbox 2428 3535 3972 3625">
     <span class='ocr_line' id='line_1_83' title="bbox 2428 3535 3972 3625; baseline -0.019 -16"><span class='ocrx_word' id='word_1_580' title='bbox 2428 3556 2735 3625; x_wconf 80' lang='grc' dir='ltr'>στειλάμεθά</span> <span class='ocrx_word' id='word_1_581' title='bbox 2792 3571 2907 3612; x_wconf 91' lang='grc' dir='ltr'>σου,</span> <span class='ocrx_word' id='word_1_582' title='bbox 2940 3550 3054 3620; x_wconf 76' lang='grc' dir='ltr'>ἔφη,</span> <span class='ocrx_word' id='word_1_583' title='bbox 3110 3550 3200 3603; x_wconf 76' lang='grc' dir='ltr'>τὴν</span> <span class='ocrx_word' id='word_1_584' title='bbox 3244 3543 3593 3615; x_wconf 76' lang='grc' dir='ltr'>περιφάνειαν,</span> <span class='ocrx_word' id='word_1_585' title='bbox 3625 3539 3746 3587; x_wconf 78' lang='grc' dir='ltr'>ὥστε</span> <span class='ocrx_word' id='word_1_586' title='bbox 3780 3535 3861 3583; x_wconf 83' lang='grc' dir='ltr'>καὶ</span> <span class='ocrx_word' id='word_1_587' title='bbox 3884 3536 3972 3586; x_wconf 85' lang='grc' dir='ltr'>τοῖς</span> 
     </span>
    </p>
   </div>
   <div class='ocr_carea' id='block_1_83' title="bbox 2429 3620 3972 3719">
    <p class='ocr_par' dir='ltr' id='par_1_83' title="bbox 2429 3620 3972 3719">
     <span class='ocr_line' id='line_1_84' title="bbox 2429 3620 3972 3719; baseline -0.02 -21"><span class='ocrx_word' id='word_1_588' title='bbox 2429 3645 2721 3719; x_wconf 83' lang='grc' dir='ltr'>βασιλικοῖς</span> <span class='ocrx_word' id='word_1_589' title='bbox 2773 3642 3103 3713; x_wconf 78' lang='grc' dir='ltr'>ὑπηρετῆσαι</span> <span class='ocrx_word' id='word_1_590' title='bbox 3150 3634 3546 3705; x_wconf 70' lang='grc' dir='ltr'>προστάγμασι,</span> <span class='ocrx_word' id='word_1_591' title='bbox 3602 3630 3688 3678; x_wconf 82' lang='grc' dir='ltr'>καὶ</span> <span class='ocrx_word' id='word_1_592' title='bbox 3731 3628 3826 3679; x_wconf 85' lang='grc' dir='ltr'>τοῖς</span> <span class='ocrx_word' id='word_1_593' title='bbox 3864 3620 3972 3676; x_wconf 80' lang='grc' dir='ltr'>θεοῖς</span> 
     </span>
    </p>
   </div>
   <div class='ocr_carea' id='block_1_84' title="bbox 2424 3711 3970 3807">
    <p class='ocr_par' dir='ltr' id='par_1_84' title="bbox 2424 3711 3970 3807">
     <span class='ocr_line' id='line_1_85' title="bbox 2424 3711 3970 3807; baseline -0.02 -20"><span class='ocrx_word' id='word_1_594' title='bbox 2424 3740 2517 3793; x_wconf 77' lang='grc' dir='ltr'>τὴν</span> <span class='ocrx_word' id='word_1_595' title='bbox 2566 3737 2937 3807; x_wconf 75' lang='grc' dir='ltr'>προσήκουσαν</span> <span class='ocrx_word' id='word_1_596' title='bbox 2994 3728 3180 3777; x_wconf 89' lang='grc' dir='ltr'>θυσίαν</span> <span class='ocrx_word' id='word_1_597' title='bbox 3228 3724 3607 3795; x_wconf 77' lang='grc' dir='ltr'>προσενεγκεῖν,</span> <span class='ocrx_word' id='word_1_598' title='bbox 3667 3711 3874 3784; x_wconf 78' lang='grc' dir='ltr'>μάλιστα</span> <span class='ocrx_word' id='word_1_599' title='bbox 3916 3712 3970 3772; x_wconf 74' lang='grc' dir='ltr'>τῷ</span> 
     </span>
    </p>
   </div>
   <div class='ocr_carea' id='block_1_85' title="bbox 2427 3800 3971 3896">
    <p class='ocr_par' dir='ltr' id='par_1_85' title="bbox 2427 3800 3971 3896">
     <span class='ocr_line' id='line_1_86' title="bbox 2427 3800 3971 3896; baseline -0.021 -19"><span class='ocrx_word' id='word_1_600' title='bbox 2427 3829 2584 3896; x_wconf 84' lang='grc' dir='ltr'>πατρὶ</span> <span class='ocrx_word' id='word_1_601' title='bbox 2636 3823 2836 3874; x_wconf 85' lang='grc' dir='ltr'>πάντων</span> <span class='ocrx_word' id='word_1_602' title='bbox 2891 3818 3011 3869; x_wconf 84' lang='grc' dir='ltr'>θεῶν</span> <span class='ocrx_word' id='word_1_603' title='bbox 3042 3820 3113 3883; x_wconf 83' lang='grc' dir='ltr'>τῷ</span> <span class='ocrx_word' id='word_1_604' title='bbox 3162 3810 3366 3881; x_wconf 84' lang='grc' dir='ltr'>μεγάλῳ</span> <span class='ocrx_word' id='word_1_605' title='bbox 3410 3811 3512 3871; x_wconf 84' lang='grc' dir='ltr'>Διὶ,</span> <span class='ocrx_word' id='word_1_606' title='bbox 3542 3802 3814 3859; x_wconf 83' lang='grc' dir='ltr'>Ἀπόλλωνί</span> <span class='ocrx_word' id='word_1_607' title='bbox 3851 3814 3895 3847; x_wconf 81' lang='grc' dir='ltr'><strong>τε</strong></span> <span class='ocrx_word' id='word_1_608' title='bbox 3918 3800 3971 3861; x_wconf 80' lang='grc' dir='ltr'>τῷ</span> 
     </span>
    </p>
   </div>
   <div class='ocr_carea' id='block_1_86' title="bbox 2428 3884 3971 3982">
    <p class='ocr_par' dir='ltr' id='par_1_86' title="bbox 2428 3884 3971 3982">
     <span class='ocr_line' id='line_1_87' title="bbox 2428 3884 3971 3982; baseline -0.022 -17"><span class='ocrx_word' id='word_1_609' title='bbox 2428 3912 2613 3982; x_wconf 77' lang='grc' dir='ltr'>Φοίϐῳ,</span> <span class='ocrx_word' id='word_1_610' title='bbox 2659 3915 2746 3961; x_wconf 85' lang='grc' dir='ltr'>καὶ</span> <span class='ocrx_word' id='word_1_611' title='bbox 2775 3915 2835 3978; x_wconf 76' lang='grc' dir='ltr'><strong>τῇ</strong></span> <span class='ocrx_word' id='word_1_612' title='bbox 2889 3904 3005 3977; x_wconf 77' lang='grc' dir='ltr'>φίλη</span> <span class='ocrx_word' id='word_1_613' title='bbox 3056 3903 3290 3974; x_wconf 86' lang='grc' dir='ltr'>παρθένῳ</span> <span class='ocrx_word' id='word_1_614' title='bbox 3321 3891 3613 3970; x_wconf 79' lang='grc' dir='ltr'>Ἀρτέμιδι.</span> <span class='ocrx_word' id='word_1_615' title='bbox 3666 3892 3763 3945; x_wconf 84' lang='grc' dir='ltr'><strong>Καὶ</strong></span> <span class='ocrx_word' id='word_1_616' title='bbox 3809 3887 3831 3937; x_wconf 88' lang='grc' dir='ltr'><strong><em>ὁ</em></strong></span> <span class='ocrx_word' id='word_1_617' title='bbox 3871 3884 3971 3953; x_wconf 77' lang='grc' dir='ltr'>μάρ-</span> 
     </span>
    </p>
   </div>
   <div class='ocr_carea' id='block_1_87' title="bbox 2427 3976 3965 4070">
    <p class='ocr_par' dir='ltr' id='par_1_87' title="bbox 2427 3976 3965 4070">
     <span class='ocr_line' id='line_1_88' title="bbox 2427 3976 3965 4070; baseline -0.02 -17"><span class='ocrx_word' id='word_1_618' title='bbox 2427 4018 2535 4061; x_wconf 81' lang='grc' dir='ltr'>τυς·</span> <span class='ocrx_word' id='word_1_619' title='bbox 2597 4000 2739 4070; x_wconf 83' lang='grc' dir='ltr'>Ἐμοὶ</span> <span class='ocrx_word' id='word_1_620' title='bbox 2794 3976 2908 4067; x_wconf 79' lang='grc' dir='ltr'>μία,</span> <span class='ocrx_word' id='word_1_621' title='bbox 2964 3995 3075 4063; x_wconf 84' lang='grc' dir='ltr'>ἔγη,</span> <span class='ocrx_word' id='word_1_622' title='bbox 3132 3992 3309 4052; x_wconf 86' lang='grc' dir='ltr'>θυσία,</span> <span class='ocrx_word' id='word_1_623' title='bbox 3362 3988 3392 4043; x_wconf 84' lang='grc' dir='ltr'>ἡ</span> <span class='ocrx_word' id='word_1_624' title='bbox 3445 3990 3537 4035; x_wconf 82' lang='grc' dir='ltr'>τοῦ</span> <span class='ocrx_word' id='word_1_625' title='bbox 3574 3981 3811 4038; x_wconf 78' lang='grc' dir='ltr'>ἀληθινοῦ</span> <span class='ocrx_word' id='word_1_626' title='bbox 3853 3976 3965 4025; x_wconf 75' lang='grc' dir='ltr'>Θεοῦ,</span> 
     </span>
    </p>
   </div>
   <div class='ocr_carea' id='block_1_88' title="bbox 2428 4063 3969 4155">
    <p class='ocr_par' dir='ltr' id='par_1_88' title="bbox 2428 4063 3969 4155">
     <span class='ocr_line' id='line_1_89' title="bbox 2428 4063 3969 4155; baseline -0.02 -15"><span class='ocrx_word' id='word_1_627' title='bbox 2428 4097 2518 4141; x_wconf 80' lang='grc' dir='ltr'>τοῦ</span> <span class='ocrx_word' id='word_1_628' title='bbox 2549 4092 2607 4138; x_wconf 77' lang='grc' dir='ltr'>τὸ</span> <span class='ocrx_word' id='word_1_629' title='bbox 2638 4092 2736 4137; x_wconf 84' lang='grc' dir='ltr'>πᾶν</span> <span class='ocrx_word' id='word_1_630' title='bbox 2765 4080 2887 4135; x_wconf 83' lang='grc' dir='ltr'>τόδε</span> <span class='ocrx_word' id='word_1_631' title='bbox 2915 4083 3329 4155; x_wconf 84' lang='grc' dir='ltr'>παραγαγόντος·</span> <span class='ocrx_word' id='word_1_632' title='bbox 3366 4078 3454 4125; x_wconf 83' lang='grc' dir='ltr'>καὶ</span> <span class='ocrx_word' id='word_1_633' title='bbox 3485 4071 3625 4140; x_wconf 73' lang='grc' dir='ltr'><strong>αὐτῷ</strong></span> <span class='ocrx_word' id='word_1_634' title='bbox 3663 4072 3797 4121; x_wconf 80' lang='grc' dir='ltr'>θύσω</span> <span class='ocrx_word' id='word_1_635' title='bbox 3824 4063 3969 4113; x_wconf 78' lang='grc' dir='ltr'>θυσίαν</span> 
     </span>
    </p>
   </div>
   <div class='ocr_carea' id='block_1_89' title="bbox 2428 4154 3967 4241">
    <p class='ocr_par' dir='ltr' id='par_1_89' title="bbox 2428 4154 3967 4241">
     <span class='ocr_line' id='line_1_90' title="bbox 2428 4154 3967 4241; baseline -0.022 -12"><span class='ocrx_word' id='word_1_636' title='bbox 2428 4177 2686 4239; x_wconf 80' lang='grc' dir='ltr'>αἰνέσεως,</span> <span class='ocrx_word' id='word_1_637' title='bbox 2741 4175 2796 4233; x_wconf 88' lang='grc' dir='ltr'>ὃς</span> <span class='ocrx_word' id='word_1_638' title='bbox 2854 4170 2901 4223; x_wconf 84' lang='grc' dir='ltr'>ἐν</span> <span class='ocrx_word' id='word_1_639' title='bbox 2959 4164 3141 4241; x_wconf 80' lang='grc' dir='ltr'>τριάδι</span> <span class='ocrx_word' id='word_1_640' title='bbox 3208 4165 3593 4232; x_wconf 83' lang='grc' dir='ltr'>θεολογούμενος</span> <span class='ocrx_word' id='word_1_641' title='bbox 3661 4154 3967 4210; x_wconf 74' lang='grc' dir='ltr'>ὑποστάσεων,</span> 
     </span>
    </p>
   </div>
   <div class='ocr_carea' id='block_1_90' title="bbox 2430 4248 3969 4334">
    <p class='ocr_par' dir='ltr' id='par_1_90' title="bbox 2430 4248 3969 4334">
     <span class='ocr_line' id='line_1_91' title="bbox 2430 4248 3969 4334; baseline -0.018 -16"><span class='ocrx_word' id='word_1_642' title='bbox 2430 4267 2569 4326; x_wconf 78' lang='grc' dir='ltr'>ζωῆς</span> <span class='ocrx_word' id='word_1_643' title='bbox 2613 4266 2799 4334; x_wconf 85' lang='grc' dir='ltr'>ταμίας</span> <span class='ocrx_word' id='word_1_644' title='bbox 2836 4263 2925 4311; x_wconf 88' lang='grc' dir='ltr'>καὶ</span> <span class='ocrx_word' id='word_1_645' title='bbox 2977 4257 3244 4326; x_wconf 80' lang='grc' dir='ltr'>οἰκονόμος</span> <span class='ocrx_word' id='word_1_646' title='bbox 3297 4252 3520 4310; x_wconf 76' lang='grc' dir='ltr'>ἀληθοῦς</span> <span class='ocrx_word' id='word_1_647' title='bbox 3588 4248 3833 4319; x_wconf 82' lang='grc' dir='ltr'>σωτηρίας</span> <span class='ocrx_word' id='word_1_648' title='bbox 3870 4255 3969 4307; x_wconf 79' lang='grc' dir='ltr'>γνω-</span> 
     </span>
    </p>
   </div>
   <div class='ocr_carea' id='block_1_91' title="bbox 2427 4322 3971 4428">
    <p class='ocr_par' dir='ltr' id='par_1_91' title="bbox 2427 4322 3971 4428">
     <span class='ocr_line' id='line_1_92' title="bbox 2427 4322 3971 4428; baseline -0.019 -20"><span class='ocrx_word' id='word_1_649' title='bbox 2427 4358 2647 4428; x_wconf 85' lang='grc' dir='ltr'>ρίζεται.</span> <span class='ocrx_word' id='word_1_650' title='bbox 2680 4322 2801 4411; x_wconf 69' lang='grc' dir='ltr'>Ὀῦς</span> <span class='ocrx_word' id='word_1_651' title='bbox 2841 4345 2899 4400; x_wconf 71' lang='grc' dir='ltr'>δὲ</span> <span class='ocrx_word' id='word_1_652' title='bbox 2946 4348 3085 4404; x_wconf 81' lang='grc' dir='ltr'>θεοὺς</span> <span class='ocrx_word' id='word_1_653' title='bbox 3130 4322 3394 4414; x_wconf 81' lang='grc' dir='ltr'>όνομάζεις</span> <span class='ocrx_word' id='word_1_654' title='bbox 3426 4338 3551 4402; x_wconf 84' lang='grc' dir='ltr'>ξύλα</span> <span class='ocrx_word' id='word_1_655' title='bbox 3578 4338 3787 4392; x_wconf 85' lang='grc' dir='ltr'>τούτους</span> <span class='ocrx_word' id='word_1_656' title='bbox 3812 4322 3971 4428; x_wconf 33' lang='grc' dir='ltr'>καὶθέ-</span> 
     </span>
    </p>
   </div>
   <div class='ocr_carea' id='block_1_92' title="bbox 673 4410 2308 4514">
    <p class='ocr_par' dir='ltr' id='par_1_92' title="bbox 673 4410 2308 4513">
     <span class='ocr_line' id='line_1_93' title="bbox 673 4410 2308 4513; baseline 0.001 -17"><span class='ocrx_word' id='word_1_657' title='bbox 673 4410 862 4513; x_wconf 60' lang='lat' dir='ltr'><strong>pides,</strong></span> <span class='ocrx_word' id='word_1_658' title='bbox 895 4441 1041 4495; x_wconf 90' lang='lat' dir='ltr'><strong>nihil</strong></span> <span class='ocrx_word' id='word_1_659' title='bbox 1072 4438 1405 4494; x_wconf 72' lang='lat' dir='ltr'><strong>differentes</strong></span> <span class='ocrx_word' id='word_1_660' title='bbox 1437 4410 1669 4509; x_wconf 64' lang='lat' dir='ltr'><strong>penitus</strong></span> <span class='ocrx_word' id='word_1_661' title='bbox 1701 4457 1735 4495; x_wconf 91' lang='lat' dir='ltr'><strong>a</strong></span> <span class='ocrx_word' id='word_1_662' title='bbox 1765 4442 1977 4512; x_wconf 89' lang='lat' dir='ltr'><strong>quavis</strong></span> <span class='ocrx_word' id='word_1_663' title='bbox 2022 4442 2138 4497; x_wconf 88' lang='lat' dir='ltr'><strong>alia</strong></span> <span class='ocrx_word' id='word_1_664' title='bbox 2191 4443 2308 4499; x_wconf 86' lang='lat' dir='ltr'><strong>ina-</strong></span> 
     </span>
    </p>
   </div>
   <div class='ocr_carea' id='block_1_93' title="bbox 2407 4410 3968 4514">
    <p class='ocr_par' dir='ltr' id='par_1_93' title="bbox 2427 4410 3968 4514">
     <span class='ocr_line' id='line_1_94' title="bbox 2427 4410 3968 4514; baseline -0.023 -18"><span class='ocrx_word' id='word_1_665' title='bbox 2427 4410 2550 4504; x_wconf 72' lang='grc' dir='ltr'>θους</span> <span class='ocrx_word' id='word_1_666' title='bbox 2599 4444 2699 4514; x_wconf 85' lang='grc' dir='ltr'><strong>ὁρῶ</strong></span> <span class='ocrx_word' id='word_1_667' title='bbox 2743 4410 2840 4500; x_wconf 70' lang='grc' dir='ltr'>τῆς</span> <span class='ocrx_word' id='word_1_668' title='bbox 2888 4437 3069 4494; x_wconf 83' lang='grc' dir='ltr'>λοιπῆς</span> <span class='ocrx_word' id='word_1_669' title='bbox 3103 4410 3319 4503; x_wconf 52' lang='grc' dir='ltr'>ἀψύχου</span> <span class='ocrx_word' id='word_1_670' title='bbox 3353 4429 3479 4488; x_wconf 76' lang='grc' dir='ltr'>ὕλης</span> <span class='ocrx_word' id='word_1_671' title='bbox 3527 4422 3667 4498; x_wconf 68' lang='grc' dir='ltr'>μηδὲ</span> <span class='ocrx_word' id='word_1_672' title='bbox 3717 4420 3841 4496; x_wconf 85' lang='grc' dir='ltr'>βαρὺ</span> <span class='ocrx_word' id='word_1_673' title='bbox 3886 4410 3968 4464; x_wconf 80' lang='grc' dir='ltr'>δια-</span> 
     </span>
    </p>
   </div>
   <div class='ocr_carea' id='block_1_94' title="bbox 674 4614 2312 4697">
    <p class='ocr_par' dir='ltr' id='par_1_94' title="bbox 674 4614 2312 4697">
     <span class='ocr_line' id='line_1_95' title="bbox 674 4614 2312 4697; baseline 0.003 -27"><span class='ocrx_word' id='word_1_674' title='bbox 674 4614 735 4671; x_wconf 91' lang='lat' dir='ltr'><strong>ni</strong></span> <span class='ocrx_word' id='word_1_675' title='bbox 763 4614 922 4697; x_wconf 70' lang='lat' dir='ltr'><strong>ultus</strong></span> <span class='ocrx_word' id='word_1_676' title='bbox 945 4618 1055 4695; x_wconf 74' lang='lat' dir='ltr'><strong>est,</strong></span> <span class='ocrx_word' id='word_1_677' title='bbox 1085 4614 1281 4695; x_wconf 77' lang='lat' dir='ltr'><strong>occiso</strong></span> <span class='ocrx_word' id='word_1_678' title='bbox 1326 4614 1852 4697; x_wconf 44' lang='lat' dir='ltr'><strong>perduelliNApro.</strong></span> <span class='ocrx_word' id='word_1_679' title='bbox 1888 4620 1953 4673; x_wconf 91' lang='lat' dir='ltr'><strong>Et</strong></span> <span class='ocrx_word' id='word_1_680' title='bbox 2018 4620 2312 4689; x_wconf 87' lang='lat' dir='ltr'><strong>prioribus</strong></span> 
     </span>
    </p>
   </div>
   <div class='ocr_carea' id='block_1_95' title="bbox 672 4686 2312 4811">
    <p class='ocr_par' dir='ltr' id='par_1_95' title="bbox 672 4686 2312 4811">
     <span class='ocr_line' id='line_1_96' title="bbox 672 4686 2312 4811; baseline 0.004 -72"><span class='ocrx_word' id='word_1_681' title='bbox 672 4686 917 4811; x_wconf 68' lang='lat' dir='ltr'><strong>guidem</strong></span> <span class='ocrx_word' id='word_1_682' title='bbox 971 4686 1205 4756; x_wconf 85' lang='lat' dir='ltr'><strong>imperii</strong></span> <span class='ocrx_word' id='word_1_683' title='bbox 1249 4686 1338 4739; x_wconf 91' lang='lat' dir='ltr'><strong>sui</strong></span> <span class='ocrx_word' id='word_1_684' title='bbox 1396 4688 1568 4739; x_wconf 90' lang='lat' dir='ltr'><strong>annis</strong></span> <span class='ocrx_word' id='word_1_685' title='bbox 1624 4686 2043 4743; x_wconf 87' lang='lat' dir='ltr'><strong>Diocletianum</strong></span> <span class='ocrx_word' id='word_1_686' title='bbox 2100 4690 2312 4746; x_wconf 85' lang='lat' dir='ltr'><strong>favisse</strong></span> 
     </span>
     <span class='ocr_line' id='line_1_97' title="bbox 717 4756 2312 4811; baseline 0 0"><span class='ocrx_word' id='word_1_687' title='bbox 717 4758 1017 4811; x_wconf 78' lang='lat' dir='ltr'><strong>hrlstianis</strong></span> <span class='ocrx_word' id='word_1_688' title='bbox 1048 4762 1287 4811; x_wconf 88' lang='lat' dir='ltr'><strong>testatur</strong></span> <span class='ocrx_word' id='word_1_689' title='bbox 1314 4756 1615 4811; x_wconf 89' lang='lat' dir='ltr'><strong>Eusebius.</strong></span> <span class='ocrx_word' id='word_1_690' title='bbox 1652 4757 1751 4811; x_wconf 91' lang='lat' dir='ltr'><strong>lib.</strong></span> <span class='ocrx_word' id='word_1_691' title='bbox 1782 4775 1893 4811; x_wconf 87' lang='lat' dir='ltr'><strong>vm.</strong></span> <span class='ocrx_word' id='word_1_692' title='bbox 1929 4775 2059 4811; x_wconf 86' lang='lat' dir='ltr'><strong>can.</strong></span> <span class='ocrx_word' id='word_1_693' title='bbox 2104 4778 2146 4811; x_wconf 87' lang='grc' dir='ltr'><strong>ι.</strong></span> <span class='ocrx_word' id='word_1_694' title='bbox 2189 4765 2312 4811; x_wconf 77' lang='lat' dir='ltr'><strong>Per-</strong></span> 
     </span>
    </p>
   </div>
   <div class='ocr_carea' id='block_1_96' title="bbox 717 4756 2315 4838">
    <p class='ocr_par' dir='ltr' id='par_1_96' title="bbox 717 4756 2315 4838">
     <span class='ocr_line' id='line_1_98' title="bbox 717 4756 2315 4838; baseline 0.003 -26"><span class='ocrx_word' id='word_1_695' title='bbox 717 4757 1020 4838; x_wconf 75' lang='lat' dir='ltr'><strong>hristianis</strong></span> <span class='ocrx_word' id='word_1_696' title='bbox 1048 4762 1287 4838; x_wconf 65' lang='lat' dir='ltr'><strong>testatur</strong></span> <span class='ocrx_word' id='word_1_697' title='bbox 1314 4756 1615 4838; x_wconf 70' lang='lat' dir='ltr'><strong>Eusebius,</strong></span> <span class='ocrx_word' id='word_1_698' title='bbox 1652 4757 1751 4838; x_wconf 83' lang='lat' dir='ltr'><strong>lib.</strong></span> <span class='ocrx_word' id='word_1_699' title='bbox 1782 4775 1893 4838; x_wconf 66' lang='lat' dir='ltr'><strong>V_III,</strong></span> <span class='ocrx_word' id='word_1_700' title='bbox 1929 4775 2059 4831; x_wconf 91' lang='lat' dir='ltr'><strong>cap.</strong></span> <span class='ocrx_word' id='word_1_701' title='bbox 2104 4778 2146 4816; x_wconf 87' lang='lat'><strong>1.</strong></span> <span class='ocrx_word' id='word_1_702' title='bbox 2188 4765 2315 4817; x_wconf 86' lang='lat' dir='ltr'><strong>Per-</strong></span> 
     </span>
    </p>
   </div>
   <div class='ocr_carea' id='block_1_97' title="bbox 673 4827 2313 4889">
    <p class='ocr_par' dir='ltr' id='par_1_97' title="bbox 673 4827 2313 4889">
     <span class='ocr_line' id='line_1_99' title="bbox 673 4827 2313 4889; baseline 0.004 -7"><span class='ocrx_word' id='word_1_703' title='bbox 673 4827 893 4883; x_wconf 89' lang='lat' dir='ltr'><strong>seculio</strong></span> <span class='ocrx_word' id='word_1_704' title='bbox 924 4833 1123 4882; x_wconf 88' lang='lat' dir='ltr'><strong>autem</strong></span> <span class='ocrx_word' id='word_1_705' title='bbox 1153 4827 1433 4882; x_wconf 88' lang='lat' dir='ltr'><strong>adversus</strong></span> <span class='ocrx_word' id='word_1_706' title='bbox 1464 4827 1675 4882; x_wconf 81' lang='lat' dir='ltr'><strong>milites</strong></span> <span class='ocrx_word' id='word_1_707' title='bbox 1707 4830 1985 4886; x_wconf 87' lang='lat' dir='ltr'><strong>inchoata</strong></span> <span class='ocrx_word' id='word_1_708' title='bbox 2008 4827 2123 4887; x_wconf 51' lang='lat' dir='ltr'><strong>&#39;est</strong></span> <span class='ocrx_word' id='word_1_709' title='bbox 2152 4850 2313 4889; x_wconf 85' lang='lat' dir='ltr'><strong>anno</strong></span> 
     </span>
    </p>
   </div>
   <div class='ocr_carea' id='block_1_98' title="bbox 670 4898 2311 4979">
    <p class='ocr_par' dir='ltr' id='par_1_98' title="bbox 670 4898 2311 4979">
     <span class='ocr_line' id='line_1_100' title="bbox 670 4898 2311 4979; baseline 0.002 -24"><span class='ocrx_word' id='word_1_710' title='bbox 670 4898 1134 4979; x_wconf 52' lang='lat' dir='ltr'><strong>gilssecundum</strong></span> <span class='ocrx_word' id='word_1_711' title='bbox 1197 4898 1461 4979; x_wconf 77' lang='lat' dir='ltr'><strong>Pagium.</strong></span> <span class='ocrx_word' id='word_1_712' title='bbox 1496 4914 1564 4953; x_wconf 90' lang='lat' dir='ltr'><strong>ac</strong></span> <span class='ocrx_word' id='word_1_713' title='bbox 1623 4900 1836 4955; x_wconf 90' lang='lat' dir='ltr'><strong>deinde</strong></span> <span class='ocrx_word' id='word_1_714' title='bbox 1868 4918 2027 4957; x_wconf 89' lang='lat' dir='ltr'><strong>anno</strong></span> <span class='ocrx_word' id='word_1_715' title='bbox 2084 4905 2185 4959; x_wconf 82' lang='lat'><strong>305</strong></span> <span class='ocrx_word' id='word_1_716' title='bbox 2238 4906 2311 4959; x_wconf 89' lang='lat' dir='ltr'><strong>ad</strong></span> 
     </span>
    </p>
   </div>
   <div class='ocr_carea' id='block_1_99' title="bbox 673 4971 1560 5025">
    <p class='ocr_par' dir='ltr' id='par_1_99' title="bbox 673 4971 1560 5025">
     <span class='ocr_line' id='line_1_101' title="bbox 673 4971 1560 5025; baseline -0.002 0"><span class='ocrx_word' id='word_1_717' title='bbox 673 4971 1031 5025; x_wconf 89' lang='lat' dir='ltr'><strong>Christianos</strong></span> <span class='ocrx_word' id='word_1_718' title='bbox 1062 4984 1271 5022; x_wconf 90' lang='lat' dir='ltr'><strong>omnes</strong></span> <span class='ocrx_word' id='word_1_719' title='bbox 1296 4975 1560 5023; x_wconf 83' lang='lat' dir='ltr'><strong>extensa.</strong></span> 
     </span>
    </p>
   </div>
   <div class='ocr_carea' id='block_1_100' title="bbox 684 5039 2317 5124">
    <p class='ocr_par' dir='ltr' id='par_1_100' title="bbox 684 5039 2317 5124">
     <span class='ocr_line' id='line_1_102' title="bbox 684 5039 2317 5124; baseline -0.007 -13"><span class='ocrx_word' id='word_1_720' title='bbox 684 5114 695 5124; x_wconf 68' lang='grc'><strong>,</strong></span> <span class='ocrx_word' id='word_1_721' title='bbox 742 5039 1209 5124; x_wconf 54' lang='grc' dir='ltr'>(ελἚσκέφςιτρηᾶ</span> <span class='ocrx_word' id='word_1_722' title='bbox 1259 5040 1469 5124; x_wconf 41' lang='grc' dir='ltr'>νθξρο,</span> <span class='ocrx_word' id='word_1_723' title='bbox 1499 5044 1788 5123; x_wconf 64' lang='grc' dir='ltr'>σκέπτομαι</span> <span class='ocrx_word' id='word_1_724' title='bbox 1846 5058 1964 5099; x_wconf 91' lang='lat' dir='ltr'><strong>non</strong></span> <span class='ocrx_word' id='word_1_725' title='bbox 2022 5045 2317 5113; x_wconf 85' lang='lat' dir='ltr'><strong>signiﬁcat</strong></span> 
     </span>
    </p>
   </div>
   <div class='ocr_carea' id='block_1_101' title="bbox 659 5111 2316 5179">
    <p class='ocr_par' dir='ltr' id='par_1_101' title="bbox 659 5111 2316 5179">
     <span class='ocr_line' id='line_1_103' title="bbox 659 5111 2316 5179; baseline 0.004 -15"><span class='ocrx_word' id='word_1_726' title='bbox 659 5112 861 5179; x_wconf 84' lang='lat' dir='ltr'><strong>jussit,</strong></span> <span class='ocrx_word' id='word_1_727' title='bbox 901 5112 1001 5166; x_wconf 91' lang='lat' dir='ltr'><strong>sed</strong></span> <span class='ocrx_word' id='word_1_728' title='bbox 1035 5111 1400 5173; x_wconf 81' lang='lat' dir='ltr'><strong>deliberavit,</strong></span> <span class='ocrx_word' id='word_1_729' title='bbox 1427 5111 1544 5165; x_wconf 91' lang='lat' dir='ltr'><strong>sive</strong></span> <span class='ocrx_word' id='word_1_730' title='bbox 1573 5111 1797 5175; x_wconf 73' lang='lat' dir='ltr'><strong>statuit.</strong></span> <span class='ocrx_word' id='word_1_731' title='bbox 1824 5120 1879 5169; x_wconf 90' lang='lat' dir='ltr'><strong>et</strong></span> <span class='ocrx_word' id='word_1_732' title='bbox 1909 5111 2107 5170; x_wconf 80' lang='lat' dir='ltr'><strong>referri</strong></span> <span class='ocrx_word' id='word_1_733' title='bbox 2139 5117 2316 5171; x_wconf 89' lang='lat' dir='ltr'><strong>debet</strong></span> 
     </span>
    </p>
   </div>
   <div class='ocr_carea' id='block_1_102' title="bbox 671 5181 2316 5262">
    <p class='ocr_par' dir='ltr' id='par_1_102' title="bbox 671 5181 2316 5262">
     <span class='ocr_line' id='line_1_104' title="bbox 671 5181 2316 5262; baseline 0.004 -27"><span class='ocrx_word' id='word_1_734' title='bbox 671 5181 741 5235; x_wconf 91' lang='lat' dir='ltr'><strong>ad</strong></span> <span class='ocrx_word' id='word_1_735' title='bbox 771 5198 1091 5262; x_wconf 82' lang='lat' dir='ltr'><strong>personam</strong></span> <span class='ocrx_word' id='word_1_736' title='bbox 1126 5181 1288 5262; x_wconf 76' lang='lat' dir='ltr'><strong>initio</strong></span> <span class='ocrx_word' id='word_1_737' title='bbox 1312 5183 1557 5262; x_wconf 67' lang='lat' dir='ltr'><strong>periodi,</strong></span> <span class='ocrx_word' id='word_1_738' title='bbox 1590 5183 1750 5262; x_wconf 88' lang='lat' dir='ltr'><strong>quod</strong></span> <span class='ocrx_word' id='word_1_739' title='bbox 1783 5186 1955 5239; x_wconf 89' lang='lat' dir='ltr'><strong>etiam</strong></span> <span class='ocrx_word' id='word_1_740' title='bbox 1980 5188 2159 5254; x_wconf 82' lang='lat' dir='ltr'><strong>exigit</strong></span> <span class='ocrx_word' id='word_1_741' title='bbox 2180 5187 2316 5241; x_wconf 89' lang='lat' dir='ltr'><strong>sub-</strong></span> 
     </span>
    </p>
   </div>
   <div class='ocr_carea' id='block_1_103' title="bbox 672 5253 2315 5331">
    <p class='ocr_par' dir='ltr' id='par_1_103' title="bbox 672 5253 2315 5331">
     <span class='ocr_line' id='line_1_105' title="bbox 672 5253 2315 5331; baseline 0.005 -27"><span class='ocrx_word' id='word_1_742' title='bbox 672 5253 1280 5331; x_wconf 53' lang='lat' dir='ltr'><strong>sequensconjtinctio</strong></span> <span class='ocrx_word' id='word_1_743' title='bbox 1294 5253 1629 5331; x_wconf 84' lang='lat' dir='ltr'><strong>copulativa</strong></span> <span class='ocrx_word' id='word_1_744' title='bbox 1641 5259 2011 5331; x_wconf 72' lang='lat' dir='ltr'><strong>xat,et_,_quam</strong></span> <span class='ocrx_word' id='word_1_745' title='bbox 2031 5253 2315 5329; x_wconf 79' lang='lat' dir='ltr'><strong>interpres</strong></span> 
     </span>
    </p>
   </div>
   <div class='ocr_carea' id='block_1_104' title="bbox 670 5324 2315 5400">
    <p class='ocr_par' dir='ltr' id='par_1_104' title="bbox 670 5324 2315 5400">
     <span class='ocr_line' id='line_1_106' title="bbox 670 5324 2315 5400; baseline 0.005 -26"><span class='ocrx_word' id='word_1_746' title='bbox 670 5324 1137 5400; x_wconf 46' lang='lat' dir='ltr'><strong>omisitﬁectius</strong></span> <span class='ocrx_word' id='word_1_747' title='bbox 1164 5324 1361 5394; x_wconf 89' lang='lat' dir='ltr'><strong>itaque</strong></span> <span class='ocrx_word' id='word_1_748' title='bbox 1383 5324 1465 5378; x_wconf 87' lang='lat' dir='ltr'><strong>sic</strong></span> <span class='ocrx_word' id='word_1_749' title='bbox 1492 5332 1676 5379; x_wconf 89' lang='lat' dir='ltr'><strong>vertes</strong></span> <span class='ocrx_word' id='word_1_750' title='bbox 1701 5341 1711 5380; x_wconf 87' lang='lat'>:</span> <span class='ocrx_word' id='word_1_751' title='bbox 1739 5344 1767 5375; x_wconf 82' lang='lat'><strong><em>«</em></strong></span> <span class='ocrx_word' id='word_1_752' title='bbox 1797 5324 1893 5381; x_wconf 79' lang='lat' dir='ltr'><strong>Ille</strong></span> <span class='ocrx_word' id='word_1_753' title='bbox 1916 5324 2239 5399; x_wconf 67' lang='grc' dir='ltr'><strong>διηεωηὶιί</strong></span> <span class='ocrx_word' id='word_1_754' title='bbox 2262 5334 2315 5383; x_wconf 88' lang='lat' dir='ltr'><strong>et</strong></span> 
     </span>
    </p>
   </div>
   <div class='ocr_carea' id='block_1_105' title="bbox 670 5390 2314 5470">
    <p class='ocr_par' dir='ltr' id='par_1_105' title="bbox 670 5390 2314 5470">
     <span class='ocr_line' id='line_1_107' title="bbox 670 5390 2314 5470; baseline 0.007 -27"><span class='ocrx_word' id='word_1_755' title='bbox 670 5390 895 5470; x_wconf 73' lang='lat' dir='ltr'><strong>sciebat</strong></span> <span class='ocrx_word' id='word_1_756' title='bbox 918 5391 1098 5470; x_wconf 72' lang='lat' dir='ltr'><strong>latere</strong></span> <span class='ocrx_word' id='word_1_757' title='bbox 1128 5390 1442 5470; x_wconf 59' lang='lat' dir='ltr'><strong>cu_m&#39;opus</strong></span> <span class='ocrx_word' id='word_1_758' title='bbox 1473 5401 1647 5460; x_wconf 83' lang='lat' dir='ltr'><strong>esset,</strong></span> <span class='ocrx_word' id='word_1_759' title='bbox 1677 5402 1732 5470; x_wconf 81' lang='lat' dir='ltr'><strong>et</strong></span> <span class='ocrx_word' id='word_1_760' title='bbox 1750 5414 1962 5470; x_wconf 82' lang='lat' dir='ltr'><strong>rursus</strong></span> <span class='ocrx_word' id='word_1_761' title='bbox 1982 5414 2100 5453; x_wconf 92' lang='lat' dir='ltr'><strong>non</strong></span> <span class='ocrx_word' id='word_1_762' title='bbox 2124 5390 2314 5454; x_wconf 79' lang='lat' dir='ltr'><strong>latere</strong></span> 
     </span>
    </p>
   </div>
   <div class='ocr_carea' id='block_1_106' title="bbox 668 5458 2313 5540">
    <p class='ocr_par' dir='ltr' id='par_1_106' title="bbox 668 5458 2313 5540">
     <span class='ocr_line' id='line_1_108' title="bbox 668 5458 2313 5540; baseline 0.009 -28"><span class='ocrx_word' id='word_1_763' title='bbox 668 5459 917 5540; x_wconf 80' lang='lat' dir='ltr'><strong>quando</strong></span> <span class='ocrx_word' id='word_1_764' title='bbox 931 5458 1112 5540; x_wconf 75' lang='lat' dir='ltr'><strong>hujus</strong></span> <span class='ocrx_word' id='word_1_765' title='bbox 1134 5463 1213 5540; x_wconf 84' lang='lat' dir='ltr'><strong>rei</strong></span> <span class='ocrx_word' id='word_1_766' title='bbox 1239 5458 1395 5540; x_wconf 70' lang='lat' dir='ltr'><strong>esset</strong></span> <span class='ocrx_word' id='word_1_767' title='bbox 1415 5458 1655 5540; x_wconf 79' lang='lat' dir='ltr'><strong>tempus</strong></span> <span class='ocrx_word' id='word_1_768' title='bbox 1678 5467 1904 5538; x_wconf 90' lang='lat' dir='ltr'><strong>(divina</strong></span> <span class='ocrx_word' id='word_1_769' title='bbox 1924 5470 2082 5523; x_wconf 91' lang='lat' dir='ltr'><strong>enim</strong></span> <span class='ocrx_word' id='word_1_770' title='bbox 2106 5470 2313 5526; x_wconf 88' lang='lat' dir='ltr'><strong>aderat</strong></span> 
     </span>
    </p>
   </div>
   <div class='ocr_carea' id='block_1_107' title="bbox 668 5528 2311 5608">
    <p class='ocr_par' dir='ltr' id='par_1_107' title="bbox 668 5528 2311 5608">
     <span class='ocr_line' id='line_1_109' title="bbox 668 5528 2311 5608; baseline 0.006 -24"><span class='ocrx_word' id='word_1_771' title='bbox 668 5528 860 5608; x_wconf 76' lang='lat' dir='ltr'><strong>gratia</strong></span> <span class='ocrx_word' id='word_1_772' title='bbox 909 5528 1285 5601; x_wconf 88' lang='lat' dir='ltr'><strong>docebatque</strong></span> <span class='ocrx_word' id='word_1_773' title='bbox 1319 5528 1624 5606; x_wconf 79' lang='lat' dir='ltr'><strong>athletam)</strong></span> <span class='ocrx_word' id='word_1_774' title='bbox 1660 5528 1827 5608; x_wconf 74' lang='lat' dir='ltr'><strong>sequi</strong></span> <span class='ocrx_word' id='word_1_775' title='bbox 1858 5541 2015 5595; x_wconf 91' lang='lat' dir='ltr'><strong>viros</strong></span> <span class='ocrx_word' id='word_1_776' title='bbox 2068 5541 2311 5597; x_wconf 87' lang='lat' dir='ltr'><strong>statuit:</strong></span> 
     </span>
    </p>
   </div>
   <div class='ocr_carea' id='block_1_108' title="bbox 667 5603 2312 5676">
    <p class='ocr_par' dir='ltr' id='par_1_108' title="bbox 667 5603 2312 5676">
     <span class='ocr_line' id='line_1_110' title="bbox 667 5603 2312 5676; baseline 0.008 -22"><span class='ocrx_word' id='word_1_777' title='bbox 667 5603 721 5654; x_wconf 87' lang='lat' dir='ltr'><strong>et</strong></span> <span class='ocrx_word' id='word_1_778' title='bbox 753 5615 890 5655; x_wconf 89' lang='lat' dir='ltr'><strong>cum</strong></span> <span class='ocrx_word' id='word_1_779' title='bbox 922 5612 1170 5652; x_wconf 90' lang='lat' dir='ltr'><strong>uxorem</strong></span> <span class='ocrx_word' id='word_1_780' title='bbox 1195 5611 1487 5667; x_wconf 84' lang='lat' dir='ltr'><strong>vocasset.</strong></span> <span class='ocrx_word' id='word_1_781' title='bbox 1515 5624 1544 5657; x_wconf 71' lang='grc' dir='ltr'><strong>ν</strong></span> <span class='ocrx_word' id='word_1_782' title='bbox 1566 5603 1677 5664; x_wconf 83' lang='lat' dir='ltr'><strong>etc.</strong></span> <span class='ocrx_word' id='word_1_783' title='bbox 1706 5603 1925 5666; x_wconf 75' lang='lat' dir='ltr'><strong>Mcntea</strong></span> <span class='ocrx_word' id='word_1_784' title='bbox 1968 5610 2193 5676; x_wconf 91' lang='lat' dir='ltr'><strong>dicunt,</strong></span> <span class='ocrx_word' id='word_1_785' title='bbox 2219 5628 2312 5667; x_wconf 87' lang='lat' dir='ltr'><strong>sa-</strong></span> 
     </span>
    </p>
   </div>
   <div class='ocr_carea' id='block_1_109' title="bbox 2421 4586 3965 4675">
    <p class='ocr_par' dir='ltr' id='par_1_109' title="bbox 2421 4586 3965 4675">
     <span class='ocr_line' id='line_1_111' title="bbox 2421 4586 3965 4675; baseline -0.012 0"><span class='ocrx_word' id='word_1_786' title='bbox 2421 4620 2628 4675; x_wconf 88' lang='lat' dir='ltr'><strong>tellites</strong></span> <span class='ocrx_word' id='word_1_787' title='bbox 2669 4630 2929 4671; x_wconf 75' lang='lat' dir='ltr'><strong>suastsse</strong></span> <span class='ocrx_word' id='word_1_788' title='bbox 2983 4614 3213 4673; x_wconf 88' lang='lat' dir='ltr'><strong>sancto,</strong></span> <span class='ocrx_word' id='word_1_789' title='bbox 3268 4612 3330 4662; x_wconf 91' lang='lat' dir='ltr'><strong>ut</strong></span> <span class='ocrx_word' id='word_1_790' title='bbox 3368 4594 3815 4675; x_wconf 64' lang='lat' dir='ltr'><strong>fugeretgquod</strong></span> <span class='ocrx_word' id='word_1_791' title='bbox 3868 4586 3965 4675; x_wconf 60' lang='grc' dir='ltr'>Ῑίίξῗί</span> 
     </span>
    </p>
   </div>
   <div class='ocr_carea' id='block_1_110' title="bbox 2421 4654 3967 4751">
    <p class='ocr_par' dir='ltr' id='par_1_110' title="bbox 2421 4654 3967 4751">
     <span class='ocr_line' id='line_1_112' title="bbox 2425 4654 3727 4675; baseline -0.015 0"><span class='ocrx_word' id='word_1_792' title='bbox 2425 4654 2628 4675; x_wconf 60' lang='lat' dir='ltr'><strong>mutes</strong></span> <span class='ocrx_word' id='word_1_793' title='bbox 2669 4654 2929 4671; x_wconf 67' lang='grc' dir='ltr'>ουασωου</span> <span class='ocrx_word' id='word_1_794' title='bbox 2985 4654 3189 4667; x_wconf 73' lang='lat'><strong>..........,</strong></span> <span class='ocrx_word' id='word_1_795' title='bbox 3368 4654 3424 4661; x_wconf 50' lang='grc' dir='ltr'>,μ</span> <span class='ocrx_word' id='word_1_796' title='bbox 3477 4654 3627 4665; x_wconf 75' lang='lat'><strong>-_--,</strong></span> <span class='ocrx_word' id='word_1_797' title='bbox 3718 4654 3727 4655; x_wconf 59' lang='lat'><strong><em>,</em></strong></span> 
     </span>
     <span class='ocr_line' id='line_1_113' title="bbox 2421 4654 3967 4751; baseline -0.026 -4"><span class='ocrx_word' id='word_1_798' title='bbox 2421 4691 2652 4746; x_wconf 90' lang='lat' dir='ltr'><strong>disertis</strong></span> <span class='ocrx_word' id='word_1_799' title='bbox 2683 4687 2875 4741; x_wconf 89' lang='lat' dir='ltr'><strong>verbis</strong></span> <span class='ocrx_word' id='word_1_800' title='bbox 2905 4699 3025 4739; x_wconf 90' lang='lat' dir='ltr'><strong>non</strong></span> <span class='ocrx_word' id='word_1_801' title='bbox 3055 4654 3401 4751; x_wconf 54' lang='lat' dir='ltr'><strong>expr’esserit</strong></span> <span class='ocrx_word' id='word_1_802' title='bbox 3427 4654 3856 4751; x_wconf 54' lang='lat' dir='ltr'><strong>ﬁetaphrastes,</strong></span> <span class='ocrx_word' id='word_1_803' title='bbox 3882 4654 3967 4712; x_wconf 90' lang='lat' dir='ltr'><strong>col-</strong></span> 
     </span>
    </p>
   </div>
   <div class='ocr_carea' id='block_1_111' title="bbox 2422 4747 3899 4832">
    <p class='ocr_par' dir='ltr' id='par_1_111' title="bbox 2422 4747 3899 4832">
     <span class='ocr_line' id='line_1_114' title="bbox 2422 4747 3899 4832; baseline -0.014 -16"><span class='ocrx_word' id='word_1_804' title='bbox 2422 4762 2521 4832; x_wconf 91' lang='lat' dir='ltr'><strong>ligi</strong></span> <span class='ocrx_word' id='word_1_805' title='bbox 2554 4769 2749 4816; x_wconf 89' lang='lat' dir='ltr'><strong>tamen</strong></span> <span class='ocrx_word' id='word_1_806' title='bbox 2784 4759 2980 4832; x_wconf 86' lang='lat' dir='ltr'><strong>potest</strong></span> <span class='ocrx_word' id='word_1_807' title='bbox 3008 4770 3077 4808; x_wconf 83' lang='lat' dir='ltr'><strong>ex</strong></span> <span class='ocrx_word' id='word_1_808' title='bbox 3119 4747 3369 4832; x_wconf 70' lang='lat' dir='ltr'><strong>numero</strong></span> <span class='ocrx_word' id='word_1_809' title='bbox 3392 4747 3772 4832; x_wconf 67' lang='lat' dir='ltr'><strong>praecedente.</strong></span> <span class='ocrx_word' id='word_1_810' title='bbox 3794 4804 3899 4832; x_wconf 37' lang='lat' dir='ltr'><strong>rm,</strong></span> 
     </span>
    </p>
   </div>
   <div class='ocr_carea' id='block_1_112' title="bbox 2496 4809 3965 4957">
    <p class='ocr_par' dir='ltr' id='par_1_112' title="bbox 2496 4809 3965 4957">
     <span class='ocr_line' id='line_1_115' title="bbox 2496 4809 3965 4957; baseline -0.018 -69"><span class='ocrx_word' id='word_1_811' title='bbox 2496 4809 3207 4957; x_wconf 47' lang='grc' dir='ltr'>ςθῖῶὧῖθτλαμπροφορίᾳ,</span> <span class='ocrx_word' id='word_1_812' title='bbox 3249 4822 3301 4874; x_wconf 91' lang='lat' dir='ltr'><strong>id</strong></span> <span class='ocrx_word' id='word_1_813' title='bbox 3335 4809 3426 4874; x_wconf 49' lang='lat' dir='ltr'><strong>es&#39;t</strong></span> <span class='ocrx_word' id='word_1_814' title='bbox 3453 4816 3768 4888; x_wconf 79' lang='lat' dir='ltr'><strong>gestatione</strong></span> <span class='ocrx_word' id='word_1_815' title='bbox 3786 4809 3965 4878; x_wconf 67' lang='grc' dir='ltr'><strong>[αστυτη</strong></span> 
     </span>
     <span class='ocr_line' id='line_1_116' title="bbox 2531 4880 3965 4957; baseline -0.022 1"><span class='ocrx_word' id='word_1_816' title='bbox 2531 4902 2848 4957; x_wconf 63' lang='lat' dir='ltr'><strong>snlendidw</strong></span> <span class='ocrx_word' id='word_1_817' title='bbox 2870 4896 3125 4953; x_wconf 75' lang='lat' dir='ltr'><strong>vestian</strong></span> <span class='ocrx_word' id='word_1_818' title='bbox 3153 4892 3348 4957; x_wconf 89' lang='lat' dir='ltr'><strong>prima</strong></span> <span class='ocrx_word' id='word_1_819' title='bbox 3365 4887 3792 4957; x_wconf 80' lang='lat' dir='ltr'><strong>signiﬁcatione</strong></span> <span class='ocrx_word' id='word_1_820' title='bbox 3806 4880 3965 4957; x_wconf 47' lang='lat' dir='ltr'><strong>vocent</strong></span> 
     </span>
    </p>
   </div>
   <div class='ocr_carea' id='block_1_113' title="bbox 2426 4880 3967 4972">
    <p class='ocr_par' dir='ltr' id='par_1_113' title="bbox 2426 4880 3967 4972">
     <span class='ocr_line' id='line_1_117' title="bbox 2426 4880 3967 4972; baseline -0.009 -16"><span class='ocrx_word' id='word_1_821' title='bbox 2426 4880 2848 4972; x_wconf 49' lang='grc' dir='ltr'><strong>νθῖῖςριὲἆιῖλίᾶδε</strong></span> <span class='ocrx_word' id='word_1_822' title='bbox 2870 4880 3125 4972; x_wconf 65' lang='grc' dir='ltr'><strong>ύεεὶὶείιὸ</strong></span> <span class='ocrx_word' id='word_1_823' title='bbox 3153 4880 3348 4972; x_wconf 70' lang='lat' dir='ltr'><strong>prima</strong></span> <span class='ocrx_word' id='word_1_824' title='bbox 3365 4880 3967 4972; x_wconf 47' lang='lat' dir='ltr'><strong>signiﬁcationeXgﬁi‘E</strong></span> 
     </span>
    </p>
   </div>
   <div class='ocr_carea' id='block_1_114' title="bbox 2425 4950 3967 5035">
    <p class='ocr_par' dir='ltr' id='par_1_114' title="bbox 2425 4950 3967 5035">
     <span class='ocr_line' id='line_1_118' title="bbox 2425 4950 3967 5035; baseline -0.018 -6"><span class='ocrx_word' id='word_1_825' title='bbox 2425 4950 2587 5028; x_wconf 60' lang='lat' dir='ltr'><strong>illam</strong></span> <span class='ocrx_word' id='word_1_826' title='bbox 2612 4950 2855 5028; x_wconf 68' lang='lat' dir='ltr'><strong>adhibet</strong></span> <span class='ocrx_word' id='word_1_827' title='bbox 2874 4950 3249 5035; x_wconf 29' lang='lat' dir='ltr'><strong>Sitit-egorius</strong></span> <span class='ocrx_word' id='word_1_828' title='bbox 3268 4950 3967 5035; x_wconf 46' lang='lat' dir='ltr'><strong>Nazninzenueration&#39;l&#39;</strong></span> 
     </span>
    </p>
   </div>
   <div class='ocr_carea' id='block_1_115' title="bbox 2426 5022 3968 5107">
    <p class='ocr_par' dir='ltr' id='par_1_115' title="bbox 2426 5022 3968 5107">
     <span class='ocr_line' id='line_1_119' title="bbox 2426 5022 3968 5107; baseline -0.014 -8"><span class='ocrx_word' id='word_1_829' title='bbox 2426 5022 2871 5107; x_wconf 50' lang='lat' dir='ltr'><strong>iiiTaQo&#39;théx</strong></span> <span class='ocrx_word' id='word_1_830' title='bbox 2890 5022 3381 5107; x_wconf 72' lang='lat' dir='ltr'><strong>interpretatione</strong></span> <span class='ocrx_word' id='word_1_831' title='bbox 3428 5029 3630 5107; x_wconf 69' lang='lat' dir='ltr'><strong>Jacobi</strong></span> <span class='ocrx_word' id='word_1_832' title='bbox 3664 5022 3968 5107; x_wconf 26' lang='lat' dir='ltr'><strong>Billii‘sgfg;</strong></span> 
     </span>
    </p>
   </div>
   <div class='ocr_carea' id='block_1_116' title="bbox 2425 5090 3973 5178">
    <p class='ocr_par' dir='ltr' id='par_1_116' title="bbox 2425 5090 3973 5178">
     <span class='ocr_line' id='line_1_120' title="bbox 2425 5090 3973 5178; baseline -0.015 -6"><span class='ocrx_word' id='word_1_833' title='bbox 2425 5090 2545 5172; x_wconf 41' lang='lat'><strong>55&#39;6-</strong></span> <span class='ocrx_word' id='word_1_834' title='bbox 2572 5090 3355 5178; x_wconf 58' lang='grc' dir='ltr'><strong>ἷὲὸῖἑοῖἧιὰὖέἰὲοίῆοδιυ,</strong></span> <span class='ocrx_word' id='word_1_835' title='bbox 3390 5102 3668 5178; x_wconf 74' lang='lat' dir='ltr'><strong>nimirum</strong></span> <span class='ocrx_word' id='word_1_836' title='bbox 3696 5090 3973 5178; x_wconf 56' lang='grc' dir='ltr'><strong>ρρςςαξξίζξξ</strong></span> 
     </span>
    </p>
   </div>
   <div class='ocr_carea' id='block_1_117' title="bbox 2424 5162 3972 5254">
    <p class='ocr_par' dir='ltr' id='par_1_117' title="bbox 2424 5162 3972 5254">
     <span class='ocr_line' id='line_1_121' title="bbox 2424 5162 3972 5254; baseline 0.004 -13"><span class='ocrx_word' id='word_1_837' title='bbox 2424 5186 2750 5254; x_wconf 75' lang='lat' dir='ltr'><strong>splendidae</strong></span> <span class='ocrx_word' id='word_1_838' title='bbox 2766 5162 3373 5254; x_wconf 56' lang='grc' dir='ltr'><strong>υεεῖίὲξοὶιέῑμιὴθέῖεξῑὶι</strong></span> <span class='ocrx_word' id='word_1_839' title='bbox 3395 5162 3783 5254; x_wconf 67' lang='grc' dir='ltr'><strong>ςὲτθεφτίυέίει</strong></span> 
     </span>
    </p>
   </div>
   <div class='ocr_carea' id='block_1_118' title="bbox 2423 5232 3974 5323">
    <p class='ocr_par' dir='ltr' id='par_1_118' title="bbox 2423 5232 3974 5323">
     <span class='ocr_line' id='line_1_122' title="bbox 2423 5232 3974 5323; baseline -0.014 -11"><span class='ocrx_word' id='word_1_840' title='bbox 2423 5232 3141 5323; x_wconf 48' lang='lat' dir='ltr'><strong>SBEnB&#39;s&#39;scth&#39;l&#39;aéJEdli</strong></span> <span class='ocrx_word' id='word_1_841' title='bbox 3180 5249 3337 5303; x_wconf 86' lang='grc'>1736.</span> <span class='ocrx_word' id='word_1_842' title='bbox 3394 5232 3650 5323; x_wconf 57' lang='grc' dir='ltr'>ρεηξίυε</span> <span class='ocrx_word' id='word_1_843' title='bbox 3700 5236 3773 5293; x_wconf 89' lang='lat' dir='ltr'><strong>ad</strong></span> <span class='ocrx_word' id='word_1_844' title='bbox 3809 5232 3974 5323; x_wconf 47' lang='lat' dir='ltr'><strong>vgcggt</strong></span> 
     </span>
    </p>
   </div>
   <div class='ocr_carea' id='block_1_119' title="bbox 2422 5306 3975 5399">
    <p class='ocr_par' dir='ltr' id='par_1_119' title="bbox 2422 5306 3975 5399">
     <span class='ocr_line' id='line_1_123' title="bbox 2422 5306 3975 5399; baseline 0.002 -20"><span class='ocrx_word' id='word_1_845' title='bbox 2422 5306 2665 5399; x_wconf 54' lang='grc' dir='ltr'><strong>ᾆᾶεῖξέεῖᾰξ</strong></span> <span class='ocrx_word' id='word_1_846' title='bbox 2690 5306 3153 5399; x_wconf 29' lang='lat' dir='ltr'><strong>dstvehditvariis</strong></span> <span class='ocrx_word' id='word_1_847' title='bbox 3185 5315 3495 5399; x_wconf 62' lang='lat' dir='ltr'><strong>exempliS,</strong></span> <span class='ocrx_word' id='word_1_848' title='bbox 3523 5306 3975 5399; x_wconf 56' lang='grc' dir='ltr'><strong>λαμπρξδφξξεῖξῇξξξ</strong></span> 
     </span>
    </p>
   </div>
   <div class='ocr_carea' id='block_1_120' title="bbox 2425 5364 3973 5459">
    <p class='ocr_par' dir='ltr' id='par_1_120' title="bbox 2425 5364 3973 5459">
     <span class='ocr_line' id='line_1_124' title="bbox 2425 5364 3973 5459; baseline -0.012 -6"><span class='ocrx_word' id='word_1_849' title='bbox 2425 5364 2659 5453; x_wconf 41' lang='grc' dir='ltr'><strong>ῑεξιλῗόιςιη³</strong></span> <span class='ocrx_word' id='word_1_850' title='bbox 2691 5413 2819 5453; x_wconf 88' lang='lat' dir='ltr'><strong>esse</strong></span> <span class='ocrx_word' id='word_1_851' title='bbox 2870 5393 3118 5450; x_wconf 81' lang='lat' dir='ltr'><strong>vestibus</strong></span> <span class='ocrx_word' id='word_1_852' title='bbox 3147 5364 3495 5459; x_wconf 53' lang='lat' dir='ltr'><strong>splendidis;</strong></span> <span class='ocrx_word' id='word_1_853' title='bbox 3531 5364 3973 5459; x_wconf 59' lang='lat' dir='ltr'><strong>interdum</strong></span> 
     </span>
    </p>
   </div>
   <div class='ocr_carea' id='block_1_121' title="bbox 2424 5433 3976 5539">
    <p class='ocr_par' dir='ltr' id='par_1_121' title="bbox 2424 5433 3976 5539">
     <span class='ocr_line' id='line_1_125' title="bbox 2427 5433 3718 5453; baseline -0.015 3"><span class='ocrx_word' id='word_1_854' title='bbox 2427 5433 2655 5453; x_wconf 76' lang='grc' dir='ltr'>ισιυιιω</span> <span class='ocrx_word' id='word_1_855' title='bbox 2691 5433 2819 5453; x_wconf 66' lang='lat' dir='ltr'><strong>Gnau</strong></span> <span class='ocrx_word' id='word_1_856' title='bbox 2872 5433 3116 5450; x_wconf 62' lang='grc' dir='ltr'><strong>νισι-,νων</strong></span> <span class='ocrx_word' id='word_1_857' title='bbox 3147 5433 3171 5445; x_wconf 87' lang='grc' dir='ltr'><strong>ν</strong></span> <span class='ocrx_word' id='word_1_858' title='bbox 3216 5433 3467 5445; x_wconf 67' lang='grc' dir='ltr'><strong>υνυ-ν--νσνν</strong></span> <span class='ocrx_word' id='word_1_859' title='bbox 3531 5433 3668 5440; x_wconf 79' lang='grc'><strong>-..---</strong></span> <span class='ocrx_word' id='word_1_860' title='bbox 3690 5433 3718 5435; x_wconf 75' lang='grc'><strong>--</strong></span> 
     </span>
     <span class='ocr_line' id='line_1_126' title="bbox 2424 5433 3976 5539; baseline -0.005 6"><span class='ocrx_word' id='word_1_861' title='bbox 2658 5485 2672 5533; x_wconf 79' lang='grc'>;</span> <span class='ocrx_word' id='word_1_862' title='bbox 2706 5476 2761 5523; x_wconf 74' lang='grc' dir='ltr'><strong>ει</strong></span> <span class='ocrx_word' id='word_1_863' title='bbox 2793 5467 3045 5539; x_wconf 31' lang='grc' dir='ltr'><strong>ριιρειλοο</strong></span> <span class='ocrx_word' id='word_1_864' title='bbox 3076 5433 3319 5539; x_wconf 54' lang='lat' dir='ltr'><strong>adding:</strong></span> <span class='ocrx_word' id='word_1_865' title='bbox 3359 5433 3558 5512; x_wconf 70' lang='grc' dir='ltr'><strong>ιοοάω</strong></span> <span class='ocrx_word' id='word_1_866' title='bbox 3602 5444 3849 5539; x_wconf 53' lang='lat' dir='ltr'><strong>agema:</strong></span> <span class='ocrx_word' id='word_1_867' title='bbox 3873 5433 3976 5539; x_wconf 63' lang='lat' dir='ltr'><strong>se:</strong></span> 
     </span>
    </p>
   </div>
   <div class='ocr_carea' id='block_1_122' title="bbox 2422 5508 3978 5608">
    <p class='ocr_par' dir='ltr' id='par_1_122' title="bbox 2422 5508 3978 5608">
     <span class='ocr_line' id='line_1_127' title="bbox 2422 5508 3978 5608; baseline -0.022 -13"><span class='ocrx_word' id='word_1_868' title='bbox 2422 5508 3151 5608; x_wconf 48' lang='lat' dir='ltr'><strong>;ia,n;dn’i,vp</strong></span> <span class='ocrx_word' id='word_1_869' title='bbox 3160 5508 3409 5608; x_wconf 51' lang='grc' dir='ltr'><strong>ᾗᾗῖῂῶ</strong></span> <span class='ocrx_word' id='word_1_870' title='bbox 3427 5508 3583 5600; x_wconf 50' lang='grc' dir='ltr'><strong>ᾗῇ.</strong></span> <span class='ocrx_word' id='word_1_871' title='bbox 3762 5514 3852 5573; x_wconf 91' lang='lat' dir='ltr'><strong>ubi</strong></span> <span class='ocrx_word' id='word_1_872' title='bbox 3873 5508 3978 5575; x_wconf 80' lang='grc' dir='ltr'>λαμ·</span> 
     </span>
    </p>
   </div>
   <div class='ocr_carea' id='block_1_123' title="bbox 2422 5594 3710 5685">
    <p class='ocr_par' dir='ltr' id='par_1_123' title="bbox 2422 5594 3710 5685">
     <span class='ocr_line' id='line_1_128' title="bbox 2422 5594 3710 5685; baseline -0.014 -20"><span class='ocrx_word' id='word_1_873' title='bbox 2422 5594 2955 5685; x_wconf 66' lang='grc' dir='ltr'>προφορία’νέτῐὶῐιιιί</span> <span class='ocrx_word' id='word_1_874' title='bbox 2977 5594 3178 5662; x_wconf 77' lang='lat' dir='ltr'><strong>Latine</strong></span> <span class='ocrx_word' id='word_1_875' title='bbox 3205 5594 3710 5659; x_wconf 49' lang='lat' dir='ltr'><strong>vestitus—candor.</strong></span> 
     </span>
    </p>
   </div>
  </div>
