4142 6278
191 275 318 333 625

1335 283 1521 339 ACTA
1563 284 1667 340 SS.
1713 282 2026 351 EUDOXII,
2074 285 2369 354 BOMULI,
2413 288 2560 346 ETC.

3519 297 3627 353 626

193 407 517 480 φέροντας.
577 411 711 483 Πρὸς
762 415 930 461 ταῦτα
987 405 1267 481 διαϐλέψαι
1323 411 1417 462 ούκ
1472 413 1608 483 ἔχων
1662 411 1845 473 ἐκεῖνος

1972 411 2136 469 nima
2166 415 2432 471 materia.
2453 414 2541 471 Ad
2563 416 2686 473 haec
2701 416 2796 473 ille
2818 432 2939 474 non
2971 418 3176 475 valens
3191 419 3421 490 intueri,
3449 423 3621 493 (quo-

198 493 406 566 (πόθεν
443 499 594 569 ὅσγε
622 499 722 550 ὑπό
754 497 944 571 βαθείᾳ
975 506 1068 559 τῆς
1100 498 1340 561 ἀσεϐείας
1387 498 1635 553 ἐκάθευδε
1661 503 1789 573 μέθῃ
1822 503 1860 570 ;)

200 584 362 654 Ἐγὼ
400 605 468 639 σε
516 591 602 648 τάς
645 595 736 640 τοῦ
768 585 1022 659 βασιλέως
1076 587 1344 641 ἐκτόλέσαι
1389 590 1720 664 προστάξεις,
1774 595 1864 642 καὶ

207 678 357 746 πρὸς
391 681 538 740 το-ὺς
583 679 724 738 θεοὺς
774 680 840 730 τὰ
892 678 1159 750 εἰθισμένα
1203 676 1403 750 δρᾶσαι
1437 679 1860 752 προετρεψάμην,

213 765 348 835 ἔφη·
391 763 542 818 ἀλλὰ
595 771 660 818 σὺ
690 772 780 819 καὶ
824 769 971 834 θεῶν,
1027 770 1092 828 ὡς
1123 769 1242 840 ὁρῶ,
1277 774 1366 821 xui
1419 766 1678 841 βασιλέως
1713 771 1864 844 ὑπερ·-

220 859 387 924 όρᾷς,
448 856 594 908 οὕτω
637 858 726 927 μὶν
773 852 994 914 ἀναίδην
1039 856 1105 917 εἰς
1153 857 1243 919 οὖς
1293 856 1476 918 ἐκεῖνος
1532 856 1669 911 σέϐει
1717 861 1864 920 θεοὺς

223 939 553 1015 ἐνυϐρίσας,
605 945 739 996 οὕτω
798 941 856 997 δι
902 953 1182 1018 καινοφανῆ
1239 965 1354 999 τινα
1431 947 1668 1017 λατρείαν
1721 951 1864 1020 ποιρά

224 1035 455 1091 ταύτην
485 1037 790 1106 νομοθετῶν,
831 1039 920 1086 καὶ
969 1037 1158 1108 ταύτῃ,
1206 1037 1275 1096 ὡς
1305 1035 1376 1098 εἰς
1422 1035 1520 1107 ἐμὰ
1567 1037 1676 1089 ὦτα
1723 1039 1858 1104 ἣκει,

224 1124 363 1180 τοὺς
409 1122 631 1183 πολλοὺς
662 1122 971 1178 ἀναπείθων.

310 1298 380 1353 Ι’.
495 1307 692 1366 Ταῦτα,
782 1299 976 1352 πολλῶν
1058 1304 1416 1371 περιεστώτων
1508 1308 1856 1373 στρατιωτῶν,

224 1386 255 1436 ὁ
311 1388 537 1460 ἡγεμὼν
588 1386 864 1459 διελέγετο.
922 1393 1022 1442 Καὶ
1077 1387 1271 1460 μεταξὺ
1321 1389 1502 1460 ἄγριον
1551 1394 1640 1440 xui
1694 1385 1858 1461 δριμὺ

219 1477 446 1527 τούτων
513 1478 690 1547 [forte
741 1477 959 1547 τούτοις]
1020 1476 1290 1548 ἐμϐλέψας·
1346 1476 1499 1529 Ὀσοι
1549 1482 1640 1529 καὶ
1692 1479 1854 1548 ὑμῶν,

217 1565 352 1634 ἔφη,
405 1570 493 1636 μὴ
560 1573 664 1626 τοῖς
738 1564 1034 1638 βασιλικοῖς
1093 1568 1448 1637 θεσπίσμασιν
1509 1567 1710 1631 ἕπεσθε,
1763 1568 1857 1626 τὰς

218 1657 642 1726 στρατιωτικὰς
693 1651 1064 1725 διαλυσάμενοι
1145 1658 1303 1718 ζώνας
1360 1659 1585 1725 γυμνοὺς
1642 1654 1854 1714 ἑαυτοὺς

1973 501 2154 556 modo
2202 502 2384 566 enim,
2415 505 2518 576 qui
2567 505 2898 562 dormiebat
2948 522 3269 579 oppressus
3323 508 3623 580 profunda

1971 589 2218 662 crapula
2246 592 2570 663 impietatis
2597 591 2643 664 ⁸1)
2673 596 2792 664 Ego
2818 601 2892 660 te,
2928 595 3137 667 inquit,
3161 613 3295 651 sum
3328 597 3618 663 hortatus,

1975 681 2037 733 ut
2073 681 2477 751 exsequereris
2519 682 2691 752 jussa
2721 683 3112 754 imperatoris,
3159 688 3214 738 et
3252 683 3365 740 diis
3395 685 3621 742 faceres

1972 780 2043 822 ea
2079 782 2210 838 quae
2258 769 2449 825 solent
2484 769 2658 826 ﬁeri:
2716 771 2818 827 sed
2875 777 2957 837 tu,
3014 776 3076 828 ut
3120 771 3311 842 video,
3374 777 3432 829 et
3475 773 3622 830 deos

1972 853 2229 926 despicis
2259 861 2316 912 et
2340 857 2782 929 imperatorem,
2819 863 2878 915 ut
2908 859 3033 931 qui,
3061 875 3215 932 quos
3244 860 3339 916 ille
3369 861 3616 933 quidem

1970 942 2127 1008 colit,
2168 945 2314 1000 deos
2378 950 2500 1001 tam
2553 947 2930 1018 impudenter
2969 947 3201 1018 probris
3249 947 3512 1005 aﬂ'eceris
3564 953 3622 1006 et

1969 1032 2342 1088 contumeliis
2373 1053 2388 1104 ;
2421 1051 2640 1092 novam
2672 1037 2784 1107 (10)
2804 1041 3002 1092 autem
3021 1041 3232 1108 praeter
3261 1036 3620 1094 hancintro—

1969 1116 2156 1174 ducas
2178 1119 2547 1191 religionem,
2577 1128 2633 1178 et
2651 1129 2711 1178 ut
2735 1138 2870 1179 eam
2895 1123 3215 1194 suscipiant
3233 1124 3323 1196 (ut
3350 1125 3424 1180 ad
3453 1139 3619 1182 meas

1970 1219 2142 1260 aures
2180 1209 2464 1279 pervenit)
2502 1211 2702 1266 multis
2741 1211 3132 1282 persuadeas.

2043 1296 2100 1349 Χ.
2159 1298 2290 1351 Haec
2339 1296 2577 1353 dicebat
2616 1315 2850 1369 praeses,
2909 1299 3107 1355 multis
3168 1299 3456 1356 militibus
3503 1301 3617 1357 cir-

1966 1383 2452 1440 cumsistentibus
2485 1403 2498 1451 ;
2539 1402 2693 1457 quos
2731 1386 2824 1442 ille
2856 1388 3087 1443 interim
3119 1392 3284 1444 torve
3315 1393 3370 1444 et
3409 1388 3614 1445 feroci-

1968 1474 2052 1524 ter
2081 1471 2368 1530 intuitus:
2421 1473 2772 1546 Quicunque
2818 1490 2890 1530 ex
2935 1475 3126 1545 vobis,
3177 1475 3392 1546 inquit,
3442 1475 3617 1549 jussa

1964 1558 2125 1627 regia
2143 1574 2264 1614 non
2294 1561 2628 1631 sequimini,
2657 1578 2760 1617 vos
2793 1562 3141 1618 militaribus
3165 1563 3376 1619 tunicis
3396 1579 3614 1619 exuen-

1965 1651 2068 1711 tes,
2099 1650 2439 1717 cognoscite
2453 1665 2583 1705 esse
2616 1650 2808 1706 nudos
2839 1651 2917 1707 ab
2937 1651 3614 1722 insignibusdignitatis.

213 1750 329 1798 τῶν
386 1751 497 1804 τῆς
550 1742 697 1806 ἀξίας
746 1743 1012 1815 συμϐόλων
1063 1747 1372 1815 γνωρίσατε.
1407 1748 1470 1795 Τί
1515 1751 1667 1795 τοῦτο
1695 1743 1845 1814 λέγων

1963 1737 2078 1791 Cur
2126 1735 2240 1792 hoc
2278 1742 2473 1793 autem
2513 1737 2748 1794 dicebat
2777 1737 2871 1794 ille
2901 1738 3211 1811 improbus
3243 1739 3272 1793 Ἰ
3305 1742 3396 1805 Ut,
3429 1741 3476 1794 si
3511 1739 3616 1811 qui

215 1835 244 1886 6
282 1837 535 1908 πονηρός
584 1833 770 1894 ἐκεῖνος
801 1849 815 1900 ;
845 1832 1023 1893 Ὅπως
1070 1836 1114 1885 εἶ
1154 1852 1279 1893 τινες
1313 1829 1405 1885 διὰ
1435 1837 1527 1891 τὴν
1555 1841 1652 1895 τῆς
1695 1852 1852 1907 στρα-

217 1928 379 1986 τείας
448 1928 715 1975 κοινωνίαν
769 1922 942 1995 φιλίως
990 1931 1062 1993 τῷ
1113 1918 1345 1994 Εύδοξίῳ
1396 1925 1623 1994 ἔχοντες,
1672 1942 1849 1975 κοινω-

217 2018 331 2063 νεῖν
393 2013 550 2083 οεύτῷ
577 2017 667 2064 καὶ
713 2019 808 2073 τῆς
856 2018 1067 2084 γνώμης
1113 2010 1402 2083 βούλοιντο,
1435 2008 1754 2064 αἰδεσθῶσιν
1801 2014 1848 2064 ἓν

219 2104 487 2170 τοσούτῳ
544 2101 727 2158 πλήθει
776 2099 1190 2162 ἀποστατοῡντες
1242 2100 1392 2153 αὐτοὶ
1436 2105 1600 2173 μόνοι·
1645 2100 1851 2172 ὀλίγους

217 2191 329 2260 γὰρ
397 2189 538 2240 εἶναι
594 2190 926 2241 παντάπασιν
981 2189 1165 2250 αὐτούς
1211 2193 1355 2260 ᾤετο·
1409 2189 1675 2242 κάντεῦθεν
1722 2191 1850 2262 ὁμοῦ

222 2280 322 2349 μὲν
355 2279 457 2328 τὸν
507 2273 756 2338 Εύδόξιον
799 2277 1071 2348 αἰσχύνοι,
1106 2277 1352 2352 ἀλλότρια
1396 2278 1532 2330 οὕτω
1561 2286 1657 2339 τῆς
1691 2297 1855 2353 στρα-

223 2371 354 2426 τιᾶς
412 2365 594 2426 πάσης
648 2373 948 2438 φρονοῦντα·
1011 2367 1141 2436 ὁμοῦ
1195 2362 1254 2417 δὲ
1314 2370 1404 2417 καὶ
1461 2370 1613 2436 μόνον
1669 2367 1848 2438 εὑρὼν,

226 2458 519 2528 χρήσαιτο
563 2453 702 2524 αύτῷ
746 2455 772 2506 ὃ
801 2473 851 2506 τι
881 2458 969 2506 καὶ
1002 2452 1266 2526 βούλοιτο.
1312 2453 1448 2507 Ἀλλ’
1479 2455 1504 2505 6
1552 2451 1850 2527 δρασσόμε·

227 2562 321 2602 νος
373 2546 501 2603 τοὺς
554 2547 737 2614 σοφοὺς
779 2542 828 2594 ἐν
871 2550 934 2614 τῇ
991 2547 1285 2615 πανουργίᾳ
1332 2542 1521 2610 αὐτῶν,
1573 2545 1708 2594 κατά
1754 2550 1850 2602 τῆς

227 2630 444 2683 ἐκείνου
525 2630 714 2702 μᾶλλον
771 2631 995 2704 κεφαλῆς
1049 2635 1143 2689 τὴν
1202 2627 1476 2702 μεθοδείαν
1552 2634 1850 2704 περιίτρεπε

229 2722 464 2778 ταύτην.
519 2723 677 2771 Οὔπω
719 2723 820 2794 γὰρ
874 2722 898 2771 6
951 2726 1047 2780 πᾶς
1088 2719 1236 2790 λόγος
1284 2719 1420 2790 αύτῷ
1458 2722 1650 2794 εἴρητο,
1693 2725 1782 2772 καὶ
1821 2721 1846 2774 ὁ

227 2816 480 2879 γενναῖος
524 2805 767 2870 Εύδόξιος
818 2807 1095 2878 (ἐτύγχανε
1140 2810 1242 2880 γὰρ
1296 2813 1410 2859 τότε
1461 2812 1526 2859 τὰ
1554 2811 1850 2882 παράσημα

230 2905 332 2956 τῆς
378 2897 554 2969 ἀρχῆς
596 2899 966 2966 περικείμενος)
1008 2899 1102 2952 τὴν
1150 2895 1315 2954 ζώνην
1367 2894 1511 2953 εὐθὺς
1543 2893 1732 2965 ἀφελὼν
1777 2904 1849 2966 τῷ

231 2989 514 3058 προσώπῳ
544 2991 634 3034 τοῦ
671 2985 930 3055 ἄρχοντος
961 2981 1268 3056 ἐπιῤῥίπτει.
1301 2989 1460 3034 Τοῦτο
1492 2979 1551 3034 δὲ
1583 2988 1846 3056 προτροπὴ

231 3078 351 3134 τοῖς
407 3072 579 3134 ἄλλοις
637 3072 828 3144 ἐγένετο
885 3077 972 3124 xui
1025 3073 1179 3133 ζῆλον
1252 3072 1426 3142 [adde
1474 3070 1680 3144 ἀνῆψε]-

233 3162 261 3212 6
294 3166 586 3234 περιεστὼς
628 3161 767 3223 ἅπας
815 3161 1120 3232 κατάλογος,
1161 3164 1412 3234 τέσσαρες
1453 3159 1536 3212 ἐπὶ
1576 3167 1683 3220 τοῖς
1727 3160 1851 3213 ἑκα-

231 3252 326 3300 τόν
359 3255 451 3300 καὶ
492 3249 657 3319 χίλιοι
689 3254 847 3314 ὄντες,
881 3247 1061 3322 ἀγαθῷ
1092 3245 1442 3320 ὑποδείγματι
1486 3256 1559 3319 τῷ
1612 3246 1847 3321 Εύδοξίῳ

231 3337 436 3389 αὐτίκα
487 3343 769 3409 χρώμενοι,
824 3341 915 3399 τὰς
970 3339 1134 3400 ζώνας
1193 3343 1282 3390 xui
1336 3337 1480 3390 οὗτοι
1532 3340 1668 3390 κατά
1744 3347 1842 3390 τῶν

231 3424 438 3478 ἐκείνου
472 3426 635 3497 ὄψεων
665 3425 1035 3501 ἀπέρῥίπτουν.

307 3516 423 3570 IA’.
471 3515 792 3577 ’Υποπτὴξας
843 3515 930 3568 οὖν
981 3519 1037 3567 τὸ
1067 3514 1258 3576 πλῆθος
1297 3517 1323 3567 6
1370 3516 1574 3587 ἡγεμὼν
1607 3513 1842 3591 ἀναφέρει

230 3604 593 3674 Διοκλητιανῷ
642 3607 707 3656 τά
757 3613 848 3655 τοῦ
901 3606 1224 3678 πράγματος.
1271 3602 1330 3655 Ὀ
1373 3600 1430 3656 δὲ
1471 3608 1590 3666 τοὺς
1619 3608 1709 3675 μὲν
1746 3614 1840 3667 τῆς

1760 3078 1849 3124 καὶ

228 3696 491 3753 τοιαύτης
544 3691 734 3764 τόλμης
791 3693 990 3754 αἰτίους
1044 3697 1130 3743 xui
1210 3691 1485 3766 ἀρχηγοὺς
1537 3691 1840 3765 βαρυτάτας

229 3779 427 3835 δοῦναι
458 3784 550 3843 τὰς
600 3785 853 3853 τιμωρίας
892 3781 1106 3833 κελεύει·
1148 3785 1241 3839 τὴν
1285 3777 1344 3832 δὲ
1391 3785 1508 3854 περὶ
1545 3789 1645 3833 τῶν
1675 3780 1836 3833 ἄλλων

226 3871 412 3943 ψῆφον
460 3877 518 3942 τῇ
581 3869 742 3942 βουλῇ
805 3868 1100 3942 ἐπιτρέψαι,
1153 3871 1411 3926 Τοιαύτην
1459 3867 1645 3930 ἐκεῖνος
1693 3874 1837 3945 παρά

223 3969 317 4020 τῆς
398 3957 678 4031 βασιλικῆς
740 3956 985 4019 ἀπονοίας
1059 3962 1152 4016 τὴν
1206 3956 1445 4020 ἐξουσίαν
1501 3957 1686 4025 λαϐὼν,
1746 3963 1834 4011 τὸν

223 4054 464 4119 γενναῖον
526 4043 772 4109 Εύδόξιον
818 4054 888 4118 τῷ
951 4045 1135 4099 ἑαυτοῦ
1207 4049 1679 4119 παραστησάμενος
1742 4052 1834 4106 κή-

225 4157 360 4211 ματι
415 4138 480 4208 [ι.
555 4135 806 4210 βήματι],
854 4137 959 4197 Τὰς
1015 4139 1211 4208 μωρὰς,
1268 4138 1380 4208 ἔφη,
1436 4135 1688 4197 ζητήσεις
1744 4143 1834 4188 καὶ

226 4226 527 4296 ἀντιλογίας
565 4231 653 4277 καὶ
701 4233 794 4286 τῆς
853 4220 1088 4286 διανοίας
1135 4227 1264 4296 ὁμοῦ
1313 4229 1403 4275 καὶ
1465 4232 1552 4282 τῆς
1603 4223 1836 4294 γλώττης

231 4314 530 4379 ἀποϐαλὼν,
568 4314 723 4367 θῦσον
753 4321 861 4376 τοῖς
898 4315 1031 4374 θεοῖς
1061 4313 1204 4365 ἑκών·
1264 4311 1372 4364 ἐπεὶ
1412 4316 1502 4362 xui
1543 4313 1737 4362 ἄκοντά
1781 4329 1838 4362 σε

233 4409 294 4456 τό
355 4403 616 4474 αὐστηρόν
671 4404 869 4460 πάντως
923 4409 1022 4451 τῶν
1091 4399 1335 4471 βασάνων
1419 4399 1834 4472 παρασκευάσει.

242 4492 346 4546 Καὶ
375 4492 567 4543 αύτίκα
592 4487 784 4562 δεσμὰ,
831 4492 919 4540 καὶ
945 4487 1167 4558 πληγὰς,
1193 4492 1282 4539 xui
1315 4489 1540 4560 ἱερκτῆν,
1573 4491 1664 4540 καὶ
1709 4495 1835 4560 πῦρ,

239 4585 332 4632 καὶ
385 4579 544 4630 τᾶλλα
601 4576 658 4631 δε
706 4580 772 4630 τὰ
824 4575 1098 4650 βαρύτατα
1147 4580 1238 4628 xui
1287 4579 1416 4650 πρός
1473 4573 1631 4634 ἀκοὴν
1678 4581 1837 4648 μόνην

244 4669 613 4744 ἀπηριθμεῖτο.
670 4663 1016 4738 ’ἰλιγγιάσατε
1092 4670 1182 4718 καὶ
1256 4667 1401 4738 ὑμεῖς
1491 4663 1832 4730 ἀκούσαντες,

243 4756 389 4825 οἶδα,
444 4762 532 4810 xui
576 4762 820 4829 περὶτῶν
864 4755 982 4820 ἑξῆς
1030 4755 1281 4827 ἀγωνιᾶτε
1332 4763 1423 4807 τοῦ
1477 4751 1831 4829 διηγήματος·

243 4854 374 4923 μήτι
405 4851 494 4900 καὶ
531 4847 556 4899 6
603 4845 750 4918 λόγος
780 4848 866 4898 τόν
911 4847 994 4897 νόν
1039 4844 1266 4903 ἀθλητὴν
1298 4842 1631 4919 ἐθορύϐησεν.
1683 4844 1839 4899 Ἀλλά

314 5025 429 5099 (10)
454 5026 650 5082 Graece
670 5032 948 5095 καινοφανῆ
977 5022 1039 5079 id
1065 5026 1173 5090 est,
1194 5024 1426 5099 noviter
1449 5029 1836 5099 apparentem

241 5094 368 5175 sive
401 5094 530 5170 qua
563 5110 718 5175 nova
748 5094 1010 5175 apparet,
1043 5111 1078 5175 a
1117 5097 1372 5175 xutw'J-g'et
1404 5099 1585 5175 φαίνω.
1619 5094 1836 5150 Vocem

240 5165 750 5239 illam—xuwoqmw‘z;
780 5167 840 5221 in
873 5165 1051 5239 nullo‘
1067 5166 1282 5239 inveni
1297 5165 1524 5239 Lexico.

311 5241 426 5312 (11)
451 5239 511 5294 ld
535 5235 640 5303 est,
664 5253 861 5312 coram
881 5236 1140 5312 praeside.
1165 5236 1544 5291 Ρ.111ει1111ιπθι]ε
1571 5235 1836 5312 Raderus

243 5307 550 5368 societatis
570 5315 783 5364 nostrae
809 5309 868 5363 in
899 5307 1144 5362 Historia
1174 5323 1344 5362 sacra
1365 5323 1436 5363 ex
1469 5307 1699 5377 magnis
1732 5309 1837 5361 Ec—

240 5382 438 5439 clesiae
459 5384 670 5438 Graeca)
697 5381 925 5436 Menaeis
948 5394 1141 5450 Aquam
1168 5379 1315 5434 inter
1347 5395 1486 5433 mss.
1525 5393 1834 5432 servamus

241 5453 515 5531 eamdem
541 5451 782 5531 phrasin
808 5448 990 5531 elogii‘
1008 5449 1224 5531 horum
1252 5455 1577 5531 martyrum
1607 5456 1679 5531 τῷ
1702 5467 1834 5531 προ-

247 5531 423 5596 σώπῳ,
447 5519 582 5596 eth,
600 5523 773 5596 vertit
799 5522 861 5596 in
887 5519 1160 5596 conspectu
1186 5519 1443 5596 praesidis
1464 5519 1677 5590 abjec-it.
1702 5519 1838 5596 Tes-

246 5589 522 5652 tabantur
552 5589 866 5650 Christiani
896 5591 995 5649 illa
1010 5589 1203 5648 zonas—
1221 5589 1548 5662 abjectione
1577 5606 1638 5647 se
1680 5589 1835 5646 nolle

1869 4446 1916 4502 D

1960 1829 2203 1897 propter
2232 1825 2448 1882 militiae
2472 1826 2978 1883 societatembene
3004 1827 3216 1884 vellent
3244 1827 3530 1893 Eudoxio,
3561 1831 3618 1883 et

1959 1919 2158 1970 essent
2172 1914 2231 1970 in
2243 1915 2477 1984 eadem,
2505 1915 2563 1970 in
2593 1931 2714 1988 qua
2729 1917 2853 1987 ipse
2869 1917 3180 1980 sententia,
3196 1918 3617 1973 erubescerent

1957 1999 2069 2073 ipsi
2085 2002 2546 2058 solideﬁcientes
2559 2003 2620 2059 in
2634 2009 2797 2060 tanta
2811 2003 3213 2070 multitudine;
3233 2004 3617 2063 existimabat

1958 2090 2101 2145 enim
2115 2106 2216 2147 eos
2231 2092 2458 2148 omnino
2475 2107 2602 2147 esse
2617 2108 2860 2164 paucos,
2877 2097 2933 2149 et
2971 2091 3144 2148 simul
3158 2093 3385 2165 quidem
3410 2092 3613 2150 volens

1960 2179 2188 2250 pudore
2217 2179 2450 2236 afﬁcere
2481 2180 2839 2250 Eudoxium,
2856 2181 3060 2254 quisic
3080 2180 3372 2236 videretur
3398 2182 3612 2238 sentire

1961 2266 2197 2324 diversa
2221 2285 2257 2324 a
2276 2271 2398 2324 toto
2415 2269 2674 2324 exercitu
2701 2287 2717 2340 ;
2738 2274 2792 2325 et
2815 2269 2863 2324 si
2885 2269 3080 2325 solum
3107 2283 3246 2325 eum
3269 2269 3608 2337 invenisset,

1962 2356 2032 2410 de
2043 2371 2114 2412 eo
2128 2355 2362 2422 faceret,
2377 2357 2533 2429 quod
2556 2357 2738 2415 vellet.
2750 2358 2858 2416 Sed
2876 2358 2970 2430 qui
2987 2358 3364 2430 apprehendit
3382 2359 3612 2431 sapien-

1961 2448 2047 2500 tes
2073 2445 2135 2500 in
2182 2447 2397 2502 astutia
2443 2461 2672 2513 eorum,
2714 2446 2796 2512 id,
2851 2447 3017 2519 quod
3045 2447 3430 2516 excogitaret,
3469 2462 3612 2503 con-

1962 2533 2132 2589 vertit
2161 2534 2222 2588 in
2261 2535 2390 2606 ejus
2419 2539 2620 2606 caput.
2661 2534 2940 2591 Nondum
2981 2533 3140 2590 enim
3193 2539 3376 2591 totam
3408 2534 3611 2592 absol-

1956 2625 2124 2676 verat
2147 2621 2498 2690 orationem,
2531 2626 2588 2678 et
2638 2623 2913 2692 egregius
2964 2621 3059 2678 ille
3108 2615 3406 2679 Eudoxius
3446 2623 3609 2696 (tunc

1956 2709 2114 2764 enim
2145 2715 2271 2766 erat
2299 2710 2541 2765 indutus
2578 2710 2797 2780 insigni
2838 2710 3248 2783 magistratus)
3287 2726 3438 2768 zona
3484 2716 3600 2769 sta-

1959 2797 2062 2853 tim
2115 2797 2333 2865 ablata,
2361 2813 2496 2855 eam
2530 2798 2762 2869 projicit
2797 2798 2856 2853 in
2888 2797 3098 2855 faciem
3157 2800 3421 2870 praesidis
3467 2799 3606 2874 (11).

1959 2887 2077 2939 Hoc
2101 2890 2299 2940 autem
2333 2887 2523 2941 visum
2546 2893 2632 2942 est
2654 2886 2785 2942 aliis
2812 2886 3146 2942 adhortatio
3176 2891 3232 2942 et
3261 2886 3418 2943 zelus
3439 2887 3557 2958 (12)
3588 2903 3603 2943 :

1959 2975 2034 3034 et,
2082 2976 2258 3037 totus,
2317 2973 2416 3046 qui
2474 2974 2900 3030 circumstabat
2941 2991 3248 3041 numerus,
3299 2975 3403 3047 qui
3441 2979 3605 3032 erant

1886 3099 1929 3156 ο
1961 3057 2400 3156 ωἱιιεηρθιιῐιιιξι
2427 3067 2482 3156 et
2510 3063 2913 3156 quatuor(t3),
2945 3063 3106 3118 bono
3131 3061 3405 3156 exemplo
3426 3063 3602 3134 proti-

1957 3161 2072 3200 nus
2104 3151 2332 3202 utentes
2362 3151 2647 3214 Eudoxio,
2680 3150 2718 3205 ii
2750 3166 2992 3222 quoque
3023 3152 3398 3223 projecerunt
3426 3166 3604 3208 zonas

1957 3232 2017 3289 in
2051 3231 2259 3290 faciem
2291 3233 2465 3290 illius.

2024 3519 2120 3574 Xl.
2165 3518 2452 3574 Dubitans
2485 3525 2684 3575 autem
2708 3535 2925 3591 praeses
2955 3520 3030 3576 de
3071 3520 3446 3586 multitudite,
3473 3539 3601 3581 rem

1953 3609 2139 3665 defert
2171 3609 2249 3663 ad
2301 3607 2751 3663 Diocletianum.
2788 3609 2883 3665 ille
2924 3616 3122 3666 autem
3155 3616 3426 3668 auctores
3477 3615 3600 3684 qui-

1950 3697 2089 3752 dem
2112 3700 2291 3753 tantaa
2319 3695 2582 3752 audacias
2607 3696 2777 3768 jubet
2805 3698 3175 3768 gravissimis
3195 3699 3351 3754 afﬁci
3380 3699 3603 3773 suppli-

1949 3785 2054 3840 ciis
2089 3803 2103 3854 ;
2136 3785 2484 3841 sententiam
2514 3791 2714 3840 autem
2735 3785 2809 3841 de
2841 3785 2971 3842 aliis
3002 3785 3309 3843 ferendam
3340 3783 3597 3861 relinqui

1948 3874 2203 3930 senatui.
2237 3874 2398 3930 Hanc
2436 3890 2576 3928 cum
2613 3872 2708 3929 ille
2748 3874 3080 3946 accepisset
3127 3882 3470 3946 potestatem
3519 3878 3592 3934 ab

1945 3961 2320 4034 imperatoris
2376 3961 2655 4031 amentia,
2714 3975 3073 4030 generosum
3131 3963 3458 4020 Eudoxium
3517 3965 3592 4021 si-

1944 4051 2222 4106 stendum
2253 4065 2470 4105 curans
2495 4064 2598 4120 pro
2630 4065 2740 4104 suo
2764 4049 3062 4115 tribunali,
3096 4051 3336 4114 Stultus,
3379 4053 3594 4126 inquit,

1943 4138 2308 4209 quaestiones
2348 4142 2404 4191 et
2429 4136 2648 4192 mentis
2679 4142 2736 4192 et
2763 4137 2982 4206 linguae
3034 4137 3272 4193 mittens
3298 4143 3592 4198 contradi-

1946 4226 2188 4287 ctiones,
2220 4228 2322 4277 tua
2354 4229 2564 4293 sponte
2614 4222 2726 4278 diis
2757 4224 3025 4279 sacriﬁca
3058 4241 3071 4278 :
3101 4241 3244 4280 nam
3280 4225 3504 4300 alioqui
3539 4234 3602 4287 ut

1945 4312 2007 4368 id
2035 4311 2254 4367 invitus
2274 4309 2460 4366 facias
2489 4310 2736 4366 omnino
2763 4315 2932 4382 coget
2955 4313 3248 4368 acerbitas
3279 4315 3600 4386 supplicio-

1947 4417 2102 4457 rum.
2138 4402 2202 4455 Et
2227 4400 2424 4455 statim
2457 4399 2829 4454 enumeravit
2865 4399 3122 4466 vincula,
3154 4406 3212 4457 et
3262 4401 3495 4473 plagas,
3545 4413 3600 4461 et

1947 4505 2265 4554 carcerem,
2320 4493 2377 4543 et
2417 4488 2636 4557 ignem,
2684 4492 2740 4543 et
2767 4503 3143 4561 quascunque
3183 4489 3270 4546 vel
3318 4491 3450 4548 solo
3495 4509 3599 4551 au-

1947 4580 2073 4634 ditu
2101 4582 2237 4634 sunt
2265 4576 2638 4647 gravissima.
2699 4575 3010 4648 Caligastis
3041 4593 3148 4634 vos
3200 4595 3463 4652 quoque,
3502 4587 3597 4640 sat

1949 4668 2090 4731 scio,
2124 4666 2253 4722 haec
2292 4665 2625 4732 audientes,
2655 4669 2713 4721 et
2765 4664 2925 4720 anxii
2967 4665 3106 4721 estis
3156 4667 3229 4722 de
3261 4669 3597 4726 narratione

1947 4772 2154 4812 eorum
2183 4771 2320 4828 quae
2365 4753 2647 4826 deinceps
2677 4759 3044 4826 sequuntur:
3083 4769 3229 4811 num
3272 4755 3489 4813 scilicet
3528 4775 3600 4814 ea

1947 4845 2136 4902 oratio
2165 4843 2529 4900 conturbarit
2577 4842 2883 4900 athletam.
2918 4841 3032 4900 Sed
3069 4847 3252 4900 estote
3276 4843 3440 4901 bono
3469 4845 3596 4902 ani-

1946 5021 2128 5077 ﬁdem
2143 5021 2461 5092 abnegare,
2481 5020 2736 5092 ideoque
2751 5019 2904 5092 ultro
2917 5020 3254 5092 renuntiare
3269 5020 3598 5092 honoribus

1945 5089 2456 5164 tumgmilitar'ibus
2491 5097 2614 5147 tum
2634 5089 2931 5164 palatinis,
2966 5089 3133 5164 quod
3149 5091 3205 5147 S.
3228 5091 3478 5147 Basilius
3495 5094 3596 5150 do-

1945 5170 2033 5219 cet
2059 5162 2132 5218 de
2167 5165 2222 5219 S.
2259 5161 2472 5219 Gordio
2503 5165 2571 5218 Μ.
2607 5160 2768 5218 tomo
2800 5160 3156 5233 lllilatiuari,
3191 5176 3348 5233 pagx
3371 5166 3487 5221 131.

2017 5235 2134 5304 (12)
2165 5233 2368 5289 Melius
2401 5234 2484 5288 sic
2525 5238 2760 5288 vertas:
2819 5252 2842 5282 α
2881 5232 3001 5304 Hoc
3051 5231 3252 5289 autem
3284 5231 3430 5289 aliis
3490 5234 3600 5292 fuit

1943 5303 2317 5362 hortamento
2343 5303 2979 5375 zelumpqueacceudit;
3005 5323 3033 5352 »
3062 5319 3201 5359 nam
3228 5306 3598 5363 accusativus

1945 5376 2098 5437 ζῆλον
2129 5377 2251 5446 regi
2281 5375 2459 5430 debet
2487 5373 2573 5429 ab
2616 5373 2818 5446 aliquo
2848 5373 3053 5441 verbo,
3095 5375 3259 5447 quod
3308 5377 3598 5434 omissum

1944 5454 2030 5504 est
2059 5450 2118 5503 in
2145 5447 2496 5519 apographo
2528 5452 2750 5519 nostro.
2940 5492 2946 5497 .

2013 5520 2134 5590 (13)
2161 5513 2302 5574 Vide
2329 5513 2855 5589 commentarium,
2884 5531 3048 5586 num.
3075 5513 3134 5572 .9.
