4142 6278
551 316 657 371 627

1854 298 2114 356 MENSIS
2153 294 2600 353 SEP’I‘EMBER.

3821 285 3937 339 638

555 454 674 496 mo.
719 436 999 507 Majorem
1029 432 1189 490 enim
1216 430 1269 487 ei
1297 430 1611 486 flammam
1641 424 1912 483 accendit
1940 439 2049 497 pro
2078 423 2199 495 pie-

2344 427 2566 495 αρσεῖτε·
2624 417 2830 470 πλείονα
2866 417 2967 487 γὰρ
3024 412 3181 465 αύτὸν
3236 410 3426 484 μᾶλλον
3453 412 3580 483 ὑπερ
3629 417 3723 470 τῆς
3780 412 3932 462 εὗσε-

555 533 695 594 tate,
727 525 892 599 quod
920 526 1153 595 putaret
1190 535 1251 575 se
1282 519 1366 573 sic
1392 518 1568 586 longe
1599 514 2038 588 praeclariorem
2068 527 2201 568 esse

559 620 1022 671 consecuturum
1048 623 1336 665 coronam
1366 603 1647 660 victoriae.

634 702 742 757 XII.
773 701 833 755 Ei
871 699 1063 769 itaque
1093 696 1234 751 dicit
1266 700 1482 764 martyr
1521 708 1532 745 :
1565 690 1763 755 Ludis,
1796 704 2035 763 praeses.
2071 689 2206 742 Haec

560 806 671 860 ego
705 788 979 845 existimo
1009 799 1327 857 puerorum
1361 780 1857 845 terriculamenta,
1906 777 2205 850 aspiciens

563 879 641 935 ad
671 893 794 941 eas,
826 891 961 948 quas
1007 879 1146 929 sunt
1187 872 1346 927 illinc
1390 870 1917 931 remunerationes,
1969 872 2024 922 et
2068 880 2207 937 pen-

564 967 714 1023 dens
735 980 771 1021 a
792 963 919 1019 sola
940 960 1214 1016 muniﬁca
1226 960 1467 1014 dextera
1486 953 2208 1025 meiagonothetaaChristi.

565 1055 713 1110 Nam
743 1068 838 1108 me
871 1056 1040 1106 terret
1067 1049 1160 1105 ille
1208 1048 1384 1119 ignis,
1416 1046 1520 1119 qui
1546 1045 1724 1117 sopiri
1764 1060 1886 1099 non
1916 1049 2127 1116 potest,
2161 1047 2217 1097 et

567 1139 1078 1202 stridordentium,
1095 1141 1538 1208 etquaecunque
1552 1133 1669 1190 alia
1680 1132 2070 1189 acerbissima
2082 1136 2220 1186 sunt

567 1234 778 1303 parata
797 1229 865 1282 iis
883 1226 985 1298 qui
1003 1228 1186 1281 Deum
1200 1229 1602 1294 aspernantur
1620 1228 1675 1276 et
1690 1224 1740 1275 ei
1772 1236 1893 1275 non
1910 1220 2215 1275 obediunt.

570 1318 703 1373 Hmc
752 1321 951 1372 autem
994 1319 1094 1369 tua
1133 1318 1270 1367 sunt
1311 1311 1452 1366 mihi
1500 1310 1677 1380 plane
1707 1308 1877 1363 ludus
1912 1326 1926 1374 ;
1958 1313 2015 1362 et
2042 1306 2218 1377 ignis,

568 1422 749 1479 quem
783 1404 928 1460 mihi
968 1401 1234 1465 minaris,
1292 1404 1380 1455 est
1413 1399 1503 1454 vel
1557 1399 1687 1469 ipsa
1731 1412 1891 1468 aqua
1934 1395 2217 1467 frigidior.

572 1495 741 1551 Ensis
773 1498 974 1549 autem
1005 1505 1099 1545 me
1132 1488 1349 1544 afficiet
1368 1486 1659 1543 beneﬁcio
1690 1502 1823 1552 ;me
1843 1486 2003 1541 enim
2033 1484 2225 1539 mittet

573 1583 653 1640 ad
682 1598 753 1637 ea
780 1596 915 1653 qum
943 1578 1235 1645 desidero,
1268 1580 1327 1632 et
1359 1591 1463 1648 pro
1512 1575 1625 1630 hoc
1654 1575 1898 1645 quidem
1930 1573 2074 1636 sole,
2120 1573 2224 1644 qui

576 1670 791 1727 occidit
836 1674 891 1723 et
941 1667 1057 1722 cito
1100 1665 1507 1731 absconditur,
1569 1663 1774 1718 reddet
1812 1662 1956 1718 mihi
2009 1661 2226 1717 Lucife-

2311 508 2453 570 ϐείας
2494 508 2709 558 ἀνάπτει
2747 509 2840 561 τὴν
2889 503 3071 574 φλόγα,
3123 503 3205 554 ὅτι
3252 506 3342 553 καὶ
3385 500 3748 572 λαμπρότερος
3796 503 3930 569 ᾤετο

2312 598 2482 665 πολλῷ
2511 593 2603 647 διὰ
2628 602 2794 645 ταῦτα
2818 594 3135 663 γενήσεσθαι
3169 594 3500 661 στεφανίτης.

2388 684 2485 738 ΙΒ’.
2546 682 2748 755 Ἀμέλει
2804 687 2893 733 καὶ
2958 684 3088 753 πρὸς
3137 679 3291 731 αὑτὸν
3344 680 3370 730 6
3428 680 3650 749 μάρτυς·
3711 678 3932 738 Παίζεις

2318 777 2475 845 ἔχων,
2505 775 2729 844 ἡγεμὼν,
2771 773 2883 841 ἔφη.
2920 765 3132 822 Παίδων
3172 767 3271 839 ἐγὼ
3320 775 3490 820 ταῦτα
3539 769 3746 839 ἥγημαι
3799 787 3922 842 μορ.

2320 864 2587 935 μολύκεια,
2640 864 2768 935 πρὸς
2816 862 2912 920 τὰς
2961 860 3150 910 ἐκεῖθεν
3203 859 3334 929 ὁρῶν
3386 854 3633 928 ἀμοιϐὰς,
3685 860 3777 907 καὶ
3835 862 3927 927 μόο

2321 972 2413 1013 νης
2472 961 2567 1011 τῆς
2642 950 2907 1022 φιλοτίμου
2995 944 3167 1009 δεξιᾶς
3227 954 3319 999 τοῦ
3397 949 3521 1016 ἐμοῦ
3606 944 3932 1016 ἀγωνοθέτου

2326 1048 2557 1114 Χριστοῦ
2617 1040 3011 1109 ἐκκρεμάμενος.
3059 1036 3148 1096 Ὠς
3197 1035 3283 1105 ἔμε
3330 1039 3389 1087 τὸ
3428 1042 3531 1107 πῦρ
3580 1039 3741 1088 ἐκεῖνο
3787 1034 3931 1105 φοϐεῖ

2327 1135 2385 1182 τὸ
2436 1129 2737 1200 ἀκοίμητον,
2784 1127 2920 1177 καὶὸ
2958 1133 3059 1176 τῶν
3090 1122 3315 1177 ὀδόντων
3344 1123 3605 1197 βρυγμὸς,
3651 1128 3745 1175 καὶ
3771 1123 3935 1174 rma

2330 1221 2431 1271 ὅσα
2458 1226 2567 1278 τοῖς
2618 1222 2704 1268 τὸν
2737 1220 2866 1268 Θεὸν
2918 1214 3163 1267 ἀτεθοῦσι
3193 1216 3482 1287 πικροτάτη
3533 1218 3681 1288 μερὶς
3724 1212 3930 1265 ἀπόκει·

2331 1327 2437 1360 ται.
2489 1308 2567 1358 Τά
2614 1301 2673 1356 δε
2706 1307 2773 1356 σά
2816 1312 2999 1367 ταῦτα,
3060 1300 3255 1356 παιδιά
3300 1306 3506 1365 πάντως
3559 1302 3693 1375 ίμοί·
3748 1307 3841 1353 καὶ
3878 1305 3934 1353 τὸ

2335 1404 2456 1468 πῦρ,
2497 1396 2617 1466 ὅπερ
2671 1392 2915 1457 ἀπειλεῖς,
2963 1397 3053 1444 καὶ
3110 1392 3269 1444 αὐτοῦ
3329 1391 3659 1466 ψυχρότερον
3715 1387 3931 1452 ὕδατος,

2332 1488 2390 1536 τό
2430 1482 2489 1536 δὲ
2530 1483 2673 1554 ξίφος
2716 1482 3049 1553 εύεργετὰσευ
3095 1480 3291 1553 πεμψει
3331 1483 3433 1554 γάρ
3485 1499 3547 1552 με
3574 1484 3702 1551 πρὸς
3741 1483 3809 1532 τὰ
3838 1500 3935 1532 ποι

2337 1576 2570 1645 θούμενα,
2610 1577 2698 1623 καὶ
2730 1567 3009 1623 ἀντιδώσει
3038 1579 3129 1622 τοῦ
3174 1574 3263 1641 μὲν
3311 1566 3529 1630 δύοντος
3555 1569 3707 1627 ἡλίου
3751 1572 3935 1621 τούτου

2334 1667 2424 1713 καὶ
2472 1664 2612 1731 ταχὺ
2656 1663 3009 1731 κρυπτομένου
3050 1663 3134 1710 τὸν
3164 1656 3361 1711 οῐδυτον
3409 1656 3594 1711 ἐκεῖνον
3634 1664 3933 1731 Φωσφόρον,

572 1774 707 1814 rum
735 1758 849 1827 (14)
902 1755 1086 1821 illum,
1139 1754 1241 1826 qui
1285 1768 1596 1823 nunquam
1622 1751 1839 1807 occidit
1884 1756 1941 1805 et
1978 1765 2225 1805 suavem

2344 1755 2424 1802 ιιαὶ
2452 1750 2692 1820 γλυκεῖάν
2732 1768 2847 1800 τινα
2888 1753 2981 1807 τὴν
3027 1747 3207 1800 ἀκτῖνα
3249 1753 3337 1799 καὶ
3382 1746 3672 1821 ἀπόρρητον
3705 1746 3933 1818 ἀφιέντα·

574 1845 810 1901 radium
860 1841 1074 1897 emittit
1101 1848 1157 1897 et
1193 1839 1551 1896 ineffabilem
1586 1857 1602 1909 ;
1638 1844 1696 1894 et
1742 1854 1851 1910 pro
1883 1839 1996 1894 hac
2049 1853 2227 1893 mun-

575 1933 739 1989 dana
780 1936 838 1987 et
872 1946 1007 2003 quas
1063 1929 1245 2002 paulo
1300 1933 1438 1999 post
1485 1942 1605 1983 non
1658 1927 1785 1993 erit,
1844 1926 2093 1991 visione,
2134 1942 2225 1991 ea,

576 2037 713 2095 qum
740 2020 1077 2101 suntﬁrma
1103 2034 1173 2073 ac
1194 2016 1433 2072 stabilia
1456 2021 1515 2071 et
1539 2020 1829 2087 perpetuo
1855 2019 2226 2087 permanent.

579 2112 731 2165 Deos
756 2112 953 2164 autem
1004 2106 1334 2163 existimare
1374 2104 1605 2174 lignum
1648 2110 1705 2159 et
1749 2103 2007 2176 lapidem
2045 2109 2102 2159 et
2130 2120 2232 2160 au-

578 2211 715 2252 rum
752 2201 808 2251 et
865 2200 1204 2266 argentum,
1236 2194 1401 2265 quod
1459 2208 1677 2248 manus
1730 2192 2006 2248 formavit
2047 2198 2105 2248 et
2133 2208 2231 2247 ars

580 2284 766 2355 poliit,
820 2283 1146 2355 oculosque
1201 2287 1259 2338 et
1306 2297 1523 2336 manus
1572 2287 1627 2337 et
1678 2280 1909 2353 reliqua
1963 2281 2234 2337 membra

581 2371 666 2427 eis
706 2371 1039 2442 insculpsit,
1088 2370 1395 2442 quomodo
1430 2384 1551 2425 non
1602 2374 1691 2424 est
1742 2384 1979 2439 magna
2030 2384 2234 2425 amen-

585 2459 733 2515 tias?

2337 1848 2427 1899 τῆς
2477 1835 2536 1890 δὲ
2583 1846 2845 1909 κοσμικῆς
2896 1840 3091 1899 ταύτης
3124 1840 3433 1909 φαντασίας,
3465 1842 3556 1887 καὶ
3584 1836 3744 1907 ὀλίγῳ
3783 1836 3935 1888 ὕστε-

2338 1948 2425 2001 ρον
2473 1931 2566 1979 ούκ
2596 1926 2861 1997 iactuum,
2914 1928 2980 1978 τὰ
3015 1926 3217 1978 ἑστῶτα
3267 1931 3357 1977 καὶ
3409 1925 3573 1977 εἰσαεὶ
3603 1922 3933 1995 διαμένοντα.

2338 2021 2407 2070 Τὸ
2440 2012 2497 2068 δὲ
2536 2020 2625 2067 καὶ
2672 2017 2816 2076 θεοὺς
2848 2016 3071 2086 νομίζειν
3099 2018 3156 2066 τὸ
3187 2013 3352 2085 ξύλον,
3388 2018 3477 2066 καὶ
3508 2018 3594 2065 τὸν
3641 2014 3804 2079 λίθον,
3855 2020 3939 2065 καὶ

2341 2109 2425 2157 τόν
2478 2108 2703 2177 χρυσὸν,
2759 2104 2793 2155 οἱ
2833 2109 2954 2178 χεὶρ
3006 2103 3274 2176 ἐμόρφωσε
3316 2109 3406 2157 καὶ
3446 2103 3707 2176 περιίξεσε
3755 2107 3934 2174 τέχνη,

2342 2198 2431 2246 καὶ
2514 2192 2806 2265 ὀφθαλμοὺς
2873 2192 3051 2253 αὐτοῖς
3108 2198 3198 2245 καὶ
3256 2198 3441 2265 χεῖρας
3496 2198 3585 2245 καὶ
3636 2196 3703 2245 τά
3778 2191 3931 2244 λοιπά

2346 2278 2595 2352 διέγλυψε
2624 2282 2771 2353 μελη,
2807 2301 2910 2342 πως
2936 2280 3031 2334 ούκ
3056 2282 3235 2344 me“
3259 2278 3455 2354 κομιδῇ
3488 2286 3578 2334 καὶ
3609 2281 3825 2339 ἀνόητον
3856 2298 3869 2346 ;

2087 2546 2313 2601 CAPUT
2352 2544 2447 2600 III.

582 2636 854 2693 Mirabili
881 2635 1211 2691 constantia
1239 2640 1292 2690 et
1346 2634 1826 2703 magnanimitate
1862 2634 2263 2690 acerbissimos
2292 2634 2517 2703 per/ert
2565 2638 2908 2690 cruciatus:
2946 2635 3134 2701 capite
3174 2637 3497 2690 damnatus
3549 2640 3685 2689 orat
3742 2635 3935 2698 Deum,

970 2707 1257 2761 mandata
1288 2705 1462 2760 uxori
1489 2706 1617 2769 dat,
1648 2712 2003 2775 mortemque
2027 2705 2215 2760 amico
2237 2705 2529 2772 praedicit.
2562 2706 2771 2761 .s‘ancti
2799 2714 2851 2761 et
2882 2707 3138 2761 aliorum
3165 2711 3549 2775 martyrium.

653 2794 787 2849 XIII.
842 2794 1149 2865 Excipiens
1186 2797 1387 2848 autem
1427 2808 1644 2863 praeses
1677 2810 1689 2846 :
1725 2792 1980 2857 Videtur,
2022 2792 2235 2864 inquit,

583 2885 753 2938 tanta
784 2897 915 2936 mea
970 2881 1181 2936 lenitas
1234 2885 1289 2936 et
1329 2880 1726 2935 mansuetudo
1781 2885 1834 2935 te
1874 2880 1950 2935 ad
2011 2886 2238 2937 tantam

2426 2792 2516 2847 II".
2598 2793 2886 2846 ’Υπολαϐὼν
2940 2799 3109 2846 τοίνυν
3162 2796 3187 2846 6
3246 2796 3468 2865 ἡγεμὼν,
3529 2793 3729 2847 Ἔοικεν
3784 2797 3813 2852 ἡ
3862 2810 3939 2847 το·

2352 2884 2518 2940 σάύτη
2566 2903 2689 2954 μου,
2738 2886 2854 2954 ἔφη,
2883 2886 3220 2957 μακροθυμία
3271 2888 3359 2935 καὶ
3409 2884 3672 2955 ἡμερότης
3702 2884 3769 2945 εἰς
3798 2888 3939 2936 τοῦτο

583 2969 881 3026 adducere
900 2969 1207 3025 stultitiam
1232 2975 1285 3024 et
1305 2969 1642 3024 audaciam.
1677 2969 1789 3025 Sed
1813 2974 1975 3024 tuam
1994 2970 2232 3041 quidem

2353 2989 2409 3022 σε
2439 2949 2639 3046 μωρίας
2669 2949 2781 3023 καὶ-
2807 2949 3133 3045 θράσύτητος
3177 2971 3409 3043 ἀγαγεῖν·
3625 2982 3720 3035 τῆς
3876 2974 3939 3035 εἰς

583 3058 644 3114 in
672 3073 779 3113 nos
808 3057 1251 3123 contumeliam,
1285 3057 1446 3129 quod
1476 3058 1551 3112 ad
1579 3074 1687 3113 nos
1714 3058 1956 3129 quidem
2012 3058 2238 3126 attinet,

588 3146 969 3202 tolerabimus
998 3165 1011 3212 ;
1047 3148 1209 3217 ipsos
1253 3151 1451 3201 autem
1484 3146 1627 3201 deos
1653 3147 2073 3217 imperatorem
2121 3145 2239 3219 pati

588 3239 702 3290 ate
743 3234 1103 3289 contumelia
1134 3234 1309 3299 affici,
1373 3234 1548 3305 plane
1599 3239 1688 3289 est
1726 3235 1970 3290 stultum
2011 3243 2067 3292 et
2120 3251 2239 3291 non

587 3322 841 3378 multum
873 3323 1043 3377 abest
1088 3323 1165 3377 ab
1205 3323 1488 3378 amentia.
1525 3323 1745 3378 Deinde
1782 3331 2009 3394 martyr
2060 3341 2071 3378 :
2116 3325 2241 3378 Imo

594 3425 752 3473 vero,
784 3410 992 3482 inquit,
1023 3417 1159 3465 sunt
1188 3410 1317 3466 haec
1348 3417 1515 3480 grata
1542 3411 1611 3466 iis
1642 3412 1744 3482 qui
1777 3413 2014 3481 sapiunt
2040 3418 2095 3465 et
2122 3427 2241 3465 non

592 3504 732 3553 sunt
760 3505 970 3554 emotm
1024 3500 1256 3555 mentis.
1318 3502 1435 3555 Hoc
1493 3501 1705 3570 majori
1746 3499 1940 3554 furore
1988 3501 2244 3556 concitat

588 3586 915 3657 praesidem,
975 3591 1032 3641 et
1086 3588 1283 3642 statim
1338 3588 1507 3657 jubet
1546 3587 1827 3643 athletam
1874 3593 2244 3643 extensuma

590 3681 850 3747 quatuor
880 3675 1227 3730 hominibus
1261 3676 1371 3747 (15‘)
1398 3676 1730 3731 recentibus
1770 3676 1909 3731 loris
1941 3677 2240 3733 verberari

588 3762 1082 3820 crudeliLer.Cum
1100 3767 1299 3817 autem
1326 3764 1453 3833 jam
1484 3764 1584 3817 diu
1617 3780 1804 3818 caesus
1828 3766 2241 3837 incorpoream

590 3851 703 3921 (16)
731 3851 1068 3905 ostenderet
1102 3849 1545 3920 philosophiam
1587 3852 1644 3905 in
1698 3852 1930 3906 mortali
1972 3869 2239 3925 corpox-e,

591 3944 649 3993 et
675 3954 738 3993 se
768 3936 1028 4009 primum
1060 3936 1311 4008 turpiter
1349 3937 1582 3992 irrisum
1632 3938 1873 3994 vidisset
1929 3946 2241 4011 tyrannm,

589 4031 910 4097 martyrem
944 4025 1188 4097 quidem
1211 4024 1496 4081 relaxavit
1527 4042 1560 4080 a
1592 4026 1803 4099 plagis,
1833 4029 2074 4100 conjicit
2105 4046 2243 4086 vero

597 4114 658 4170 in
686 4130 1003 4170 carcerem.

663 4203 793 4260 XIV.
826 4203 971 4257 Cum
1006 4206 1204 4258 autem
1236 4202 1458 4275 aliquot
1490 4203 1618 4258 dies
1655 4210 1920 4260 moratus
1951 4205 2155 4265 fuisset
2185 4210 2241 4265 in

596 4306 847 4357 carcere,
914 4306 1119 4346 rursus
1177 4306 1315 4346 eum
1361 4292 1531 4362 jubet
1584 4293 1724 4348 sisti.
1777 4296 1840 4349 Et

600 4381 795 4452 inquit
823 4395 1060 4451 prteses,
1084 4378 1284 4452 aliqua
1317 4379 1498 4435 subiit
1529 4383 1884 4451 paenitentia,
1914 4390 1968 4438 et
1999 4386 2246 4458 resipui-

596 4469 666 4525 sti
697 4468 775 4524 ab
806 4468 903 4523 illa
935 4468 1098 4522 rabie
1121 4474 1176 4521 et
1206 4467 1485 4523 insania?
1517 4469 1610 4523 lIIe
1644 4476 1839 4525 autem
1876 4487 2197 4539 generosus
2230 4490 2240 4526 :

602 4556 894 4619 Nondum,
930 4554 1144 4625 inquit,
1186 4560 1248 4609 ut
1277 4554 1817 4620 video,intellexisti
1844 4575 1937 4613 res
1976 4567 2243 4633 nostras;

601 4644 705 4699 sed
736 4643 887 4698 bene
918 4641 1037 4697 scio
1082 4641 1205 4697 fore
1237 4648 1296 4697 ut
1350 4643 1661 4713 intelligas,
1698 4651 1753 4700 et
1783 4663 1881 4701 eas
1931 4648 2248 4708 licettarde

606 4730 822 4796 discas,
850 4730 1096 4803 quando
1122 4730 1508 4800 magisfueris
1534 4732 1891 4803 periclitatus
1906 4744 2067 4793 etme
2090 4756 2247 4796 acer-

603 4819 868 4877 bioribus
911 4819 1233 4890 subjeceris
1287 4819 1606 4893 suppliciis.
1664 4824 1824 4878 Hanc
1881 4840 2000 4881 non
2058 4828 2247 4886 ferens

662 4998 777 5067 (14)
807 4997 999 5074 Solem
1048 4995 1293 5074 iustitia;
1326 4996 1487 5067 (nam
1522 5003 1575 5053 et
1606 5004 1874 5074 φωσφόρος
1925 5005 2086 5074 apud
2122 5006 2245 5061 sui-

591 5067 732 5143 dam
766 5074 855 5143 e_st
888 5068 1022 5143 sol),
1050 5067 1857 5143 Qhristum_qempe,_de'quo
1874 5067 2029 5129 canit
2058 5076 2244 5132 Eccle-

594 5140 680 5217 sia
704 5140 762 5217 in
789 5138 1199 5217 benedictione
1223 5139 1371 5193 cerei
1400 5138 1695 5195 Paschalis
1727 5138 1799 5194 ;”‹‹
1830 5144 1942 5208 Ille,
1973 5145 2239 5217 inquam,

595 5208 838 5279 Lucifer,
865 5210 965 5279 qui
1010 5211 1192 5264 nescit
1223 5224 1523 5265 occasum.
1557 5231 1585 5259 »

667 5276 777 5356 (t5)
806 5276 1071 5356 Martyris
1094 5280 1619 5356 lateraipraecipue
1653 5283 1765 5337 hoc
1809 5286 2065 5341 cruciatu
2106 5287 2244 5342 affe-

596 5350 691 5422 cta
738 5347 940 5422 fuisse,
980 5350 1218 5422 tradunt
1271 5347 1751 5422 Menma'magna
1786 5371 1798 5419 ;
1833 5357 2081 5416 ταθεὶςέκ
2129 5378 2243 5411 τεσ-

596 5418 769 5485 σάρων
995 5419 1144 5482 θεῖος,
1231 5419 1477 5483 Εὑδόξιος
1574 5418 1815 5477 τύπτεται
1921 5429 2011 5488 τὰς
2095 5428 2242 5482 πλευ-

593 5488 685 5566 ρυάς
726 5485 1087 5566 κξὶηξέεταιλ
1143 5492 1641 5566 quod__Raderus
1713 5502 1913 5551 noster
1968 5485 2045 5553 ita
2120 5517 2239 5555 ver-

594 5554 708 5608 tit:
741 5555 786 5608 S
806 5554 1137 5621 Eudoxius,
1162 5554 1435 5619 inanibus
1459 5566 1815 5638 pedibusque
1856 5569 2132 5635 extensis,
2176 5572 2238 5627 in

1893 4311 1904 4349 :
1964 4299 2113 4353 Num
2171 4305 2243 4364 te,
2280 4291 2320 4345 Ι)

2351 3060 2489 3131 ἡμᾶς
2520 3059 2711 3135 ύϐρεως
2757 3064 2814 3112 τὸ
2844 3069 2968 3131 γοῦν
3013 3060 3087 3133 ἐφ’
3143 3063 3266 3131 ἡμῖν
3318 3060 3595 3133 ἀνεξόμεθά
3631 3081 3743 3114 σου·
3792 3067 3847 3113 τὸ
3887 3058 3941 3114 δὲ

2350 3156 2439 3201 καὶ
2516 3150 2587 3211 εἰς
2674 3150 2862 3212 αὐτοὺς
2920 3154 3034 3210 τούς
3092 3152 3237 3212 θεοὺς
3296 3155 3385 3202 καὶ
3438 3154 3521 3203 τὸν
3594 3152 3943 3223 αὐτοκράτορα

2352 3237 2653 3311 ὑϐρίζοντος
2703 3237 3010 3309 ἀνέχεσθαι,
3044 3238 3171 3290 ἀλλά
3226 3244 3381 3290 τοῦτό
3425 3258 3481 3309 γε
3531 3239 3722 3295 ἠλίθιόν
3768 3244 3933 3290 τεκαὶ

2352 3326 2409 3376 οὐ
2457 3326 2631 3400 πόρρω
2684 3332 2889 3397 μανίας.
2946 3324 3071 3379 Εἶτα
3119 3329 3144 3378 6
3185 3329 3404 3400 μάρτυς·
3438 3327 3555 3397 Ούχ
3598 3325 3761 3397 ὕϐρις,
3807 3327 3933 3391 εἷπε,

2352 3420 2517 3464 ταῦτα
2567 3421 2672 3474 τοίς
2747 3415 3046 3483 ὑγιαίνουσι
3095 3420 3179 3467 τὸν
3247 3416 3362 3467 νοῦν
3416 3421 3503 3467 καὶ
3549 3420 3615 3487 μή
3673 3419 3763 3475 τὰς
3830 3418 3943 3488 φρίσ

2351 3522 2435 3561 νας
2521 3499 2845 3576 διεφθορόσι.
2924 3511 3088 3556 Τοῦτο
3144 3501 3486 3579 σφοδρότερον
3570 3507 3655 3556 τὸν
3726 3506 3946 3575 ἡγεμόνα

2353 3588 2599 3662 ἐκμαίνει·
2652 3596 2739 3644 καὶ
2799 3592 2986 3644 αὐτίκα
3032 3593 3222 3645 κελεύει
3268 3592 3321 3644 ἐκ
3349 3596 3616 3665 τεσσάρων
3644 3589 3945 3644 διαταθέντα

2352 3684 2438 3731 τὸν
2491 3679 2715 3739 ἀθλητὴν
2787 3683 2940 3753 ἱμᾶσι
3010 3681 3235 3756 χλωροῖς
3320 3682 3577 3754 ὠμότερον
3645 3684 3939 3735 τύπτεσθαι.

2354 3765 2566 3827 Ἐπειδὴ
2620 3766 2678 3821 δὲ
2725 3775 2815 3821 καὶ
2860 3769 3019 3822 πολύν
3058 3768 3165 3829 ἤδη
3217 3771 3512 3844 ξαινόμενος
3552 3776 3769 3845 χρόνον,
3820 3770 3946 3843 φιλο-

2356 3863 2539 3929 σοφίαν
2590 3857 2878 3931 ἀσωμάτων
2934 3858 2989 3910 ἐκ
3022 3866 3225 3932 σώματι
3259 3863 3426 3931 θνητῷ
3482 3858 3835 3925 ἐπεδείκνυτο,
3868 3864 3948 3911 καὶ

2353 3946 2804 4017 καταγελασθέντα
2851 3952 2944 4006 τὴν
3001 3954 3210 4022 πρώτην
3272 3950 3516 4023 αἰσχρῶς
3572 3950 3760 4009 ἑαυτὴν
3817 3948 3945 4022 [imo

2356 4034 2560 4108 ἑαυτὸν]
2613 4038 2638 4086 6
2691 4039 2931 4111 τύραννος
2977 4034 3129 4091 εἶδεν·
3173 4041 3403 4100 ύπανῆκε
3447 4043 3538 4113 μεν
3582 4044 3669 4093 τὸν
3712 4042 3947 4114 μάρτυρα

2354 4132 2451 4176 τῶν
2479 4124 2708 4195 πληγῶν,
2747 4122 2945 4178 δίδωσι
2986 4124 3044 4179 δὲ
3084 4137 3153 4198 τῷ
3182 4124 3549 4202 δεσμωτηρίῳ.

2427 4212 2522 4267 ῙΔ’.
2574 4216 2727 4275 Τινάς
2784 4210 2865 4279 (δὲ
2919 4217 3113 4289 ἡμέρας
3174 4216 3221 4268 ἐν
3274 4218 3472 4290 φυλακῇ
3527 4215 3951 4292 διατριψάμενον)

2357 4303 2472 4374 (17)
2498 4308 2793 4378 παρίστησι
2832 4304 2982 4357 πάλιν
3030 4306 3214 4377 ἐαυτῷ,
3254 4312 3361 4371 καὶ,
3396 4311 3459 4359 Εἰ
3490 4310 3589 4360 πού
3633 4313 3691 4360 σέ
3730 4328 3833 4373 τις,
3864 4311 3950 4379 ἔφη

2358 4391 2382 4440 ὅ
2436 4393 2660 4463 ἡγεμὼν,
2712 4393 3016 4464 μεταμέλεια
3074 4397 3187 4465 ἔχει
3247 4401 3335 4447 καὶ
3394 4405 3482 4457 τῆς
3532 4401 3719 4468 μανίας
3767 4400 3954 4457 Excisa;

2358 4484 2445 4531 καὶ
2491 4489 2580 4542 τῆς
2627 4480 2831 4541 λύσσης
2871 4480 3151 4554 ἀνήνεγκας
3183 4500 3195 4550 ;
3230 4490 3327 4537 Καὶ
3382 4486 3407 4537 6
3469 4482 3740 4556 γεννάδας·
3800 4489 3955 4538 Οὔπω

2358 4576 2501 4637 γοῦν,
2536 4571 2602 4630 ὡς
2633 4570 2753 4641 ὁρῶ,
2790 4572 2853 4620 τά
2899 4572 3118 4644 ἡμέτερα
3152 4580 3400 4639 συνῆκας,
3437 4573 3563 4626 ἀλλά
3606 4579 3872 4638 συνήσεις,
3905 4570 3956 4626 εὖ

2360 4650 2463 4706 οἷδ’
2546 4658 2622 4707 ὅτι
2696 4662 2784 4709 καὶ
2860 4658 3128 4730 ὀψιμαθὴς
3176 4665 3369 4713 τούτων
3439 4668 3648 4734 γενήσει
3713 4663 3955 4737 [γενήσῃ]

2358 4741 2566 4795 ἐπειδὰν
2622 4745 2813 4798 πλείονι
2870 4752 2955 4798 καὶ
3024 4757 3083 4821 τῇ
3141 4755 3296 4822 πείρᾳ
3351 4756 3560 4825 χρήσῃ,
3626 4757 3714 4804 καὶ
3769 4772 3958 4825 πικρο-

2358 4837 2479 4907 τέρᾳ
2516 4833 2797 4908 περιϐάλῃς
2844 4834 3078 4907 βασάνω.
3112 4845 3304 4891 Τοῦτον
3344 4838 3532 4903 ἐκεῖνος
3582 4845 3667 4894 τὸν
3714 4847 3962 4913 μυκτῆρα

2355 5008 2629 5065 lateribus
2658 5010 2996 5066 verberatur
3034 5017 3089 5067 et
3124 5012 3443 5070 laceratur.

2426 5079 2537 5203 ‘16)
2566 5082 2760 5161 Grche
2788 5081 3095 5164 ἀσωμάτων,
3125 5086 3458 5154 angeIlcam
3484 5110 3497 5142 :
3534 5087 3759 5175 Cangio
3796 5088 3964 5143 enim

2453 5194 2464 5203 .
2521 5150 2590 5203 30
2638 5166 2694 5203 In
2728 5153 3063 5203 Appendice
3108 5156 3181 5203 ad
3234 5157 3589 5203 Glnganrinm
3658 5164 3963 5203 ασρίηιατοι-

2354 5150 2488 5234 θοι..
2521 5150 2590 5206 30
2638 5150 3063 5234 ἱῐλρρροὸᾴἱοθ
3085 5156 3184 5234 ad
3211 5150 3965 5234 iGlQSLSEI‘IUIDLEO’éga‘rOI,

2354 5224 2494 5302 sunt
2508 5224 3525 5302 aageli,_Metaphrastes_signiﬂcare
3552 5224 3699 5297 vult,
3724 5224 3961 5302 opinor,

2352 5291 2685 5372 mirabilem
2731 5291 2912 5350 fuisse
2941 5297 3215 5372 martyris
3243 5291 3594 5372 patientiam
3625 5291 3695 5359 et'
3725 5291 3967 5359 fortitu-

2350 5361 2852 5436 dinemliumana
2892 5361 3203 5436 majorem.

2423 5432 2533 5512 (t7)
2570 5435 2755 5513 Verba
2810 5432 3259 5513 uncis'inclusa
3298 5441 3570 5513 supplevi
3619 5459 3692 5499 ex
3748 5444 3965 5501 Latina

2350 5506 2643 5572 versione,
2676 5506 2920 5563 deerant
2949 5508 3108 5565 enim
3139 5509 3199 5565 iu
3229 5506 3581 5586 apographo
3613 5521 3842 5572 nostro.
