4142 6278
288 252 397 308 629

1375 256 1553 313 ACTA
1595 256 1697 313 SS.
1740 256 2050 326 EUDOXII,
2093 258 2386 333 BOMULI,
2427 261 2579 317 ETC.

3543 271 3650 327 630

292 376 387 430 οὐκ
436 375 671 447 ἐνεγκὼν,
732 375 859 429 ἀλλά
919 378 1223 454 θερμότερος
1297 379 1483 434 ἑαυτοῦ
1559 381 1730 452 πολλῷ
1792 386 1885 441 τὴν

2002 397 2223 455 ρι’ωεθε
2255 383 2609 452 irrisionem,
2645 388 2751 445 sed
2785 389 2963 461 longe
3004 392 3230 449 acriore
3279 392 3535 464 percitus
3564 395 3649 450 in-

292 470 480 537 μανίαν
531 470 818 536 γενόμενος,
877 471 1121 540 σφαίραις
1174 472 1260 520 τόν
1312 473 1518 522 τένοντα
1560 468 1887 541 μολιϐδίναις

293 555 613 615 συνθλάττει,
665 559 755 606 καὶ
786 553 1131 627 ἀναμοχλεύει
1158 560 1345 609 τούτου
1387 560 1454 610 τὰ
1501 560 1691 631 ἄρθρα,
1741 560 1768 611 ὃ
1799 561 1885 612 θαι

292 646 453 696 νάτων
492 643 756 722 ἀπάντωζ
786 648 1111 718 πικρότερον.
1164 651 1469 719 Προσήγετο
1512 655 1786 722 τοιγαροῦν
1832 650 1888 699 τό

292 734 449 793 ἄηθες
483 736 630 785 τουτὶ
677 707 976 804 θχάνημα
1002 741 1076 804 τῷ
1117 732 1315 807 ἀθλητῇ
1367 740 1457 787 καὶ
1502 707 1675 788 καινόν
1727 754 1740 767 ·
1775 738 1798 788 ὁ
1830 732 1889 788 δε

290 823 464 894 ὥσπερ
496 840 571 880 τις
615 818 874 882 ἀνάλωτος
920 822 1109 879 ἕστηκε
1143 825 1356 896 πύργος,
1386 820 1526 897 μηδὲ
1558 823 1741 896 βραχύ
1773 832 1888 887 ταῖς

289 907 483 962 ἄκείνου
530 907 805 982 προϐολαῖς
854 905 1310 982 διασαλευόμενος.
1342 910 1401 964 εΟ
1449 915 1654 985 ἡγεμὼν
1693 918 1883 977 τοίνυν,

290 996 399 1051 ἐπεὶ
429 1002 500 1070 μὴ
532 1000 700 1072 ἔφερεν
739 998 977 1072 αἰσχρῶς
1026 1000 1162 1050 ούτω
1210 997 1304 1052 διὰ
1349 1003 1552 1053 πάντων
1578 1004 1883 1073 ἡττώμενος,

295 1089 507 1139 θάνατον
538 1086 697 1138 αὐτοῦ
726 1092 1023 1160 κατακρίνει
1058 1105 1069 1116 ·
1104 1088 1293 1159 ἠγάπα
1320 1092 1419 1165 γὰρ
1452 1090 1495 1143 εἰ
1522 1095 1609 1142 καὶ
1639 1090 1770 1142 οὕτω
1795 1097 1886 1143 τοῦ

292 1171 480 1246 ἀνδρὸς
505 1172 819 1245 ἀπαλλαγείη
834 1217 845 1228 .

366 1262 458 1318 18⁷.
491 1263 696 1325 Πλῆθος
728 1260 815 1316 οὖν
864 1264 1020 1317 αύτόν
1066 1261 1270 1337 δημίων
1301 1266 1681 1339 παραλαϐόντες
1708 1262 1886 1324 ἐπειδὴ

294 1354 379 1403 τὸν
409 1359 498 1411 τῆς
541 1356 794 1425 τιμωρίας
837 1351 1115 1404 κατελαϐον
1163 1358 1339 1417 τόπον,
1384 1361 1566 1425 χεῖρας
1616 1356 1642 1406 ὁ
1688 1356 1886 1428 μάρτυς

290 1444 381 1491 καὶ
437 1444 647 1511 ὄμματα
698 1444 824 1512 πρὸς
870 1441 1084 1514 οὐρανόν
1133 1441 1401 1513 ἀνασχὼν,
1455 1448 1687 1497 Δέσποτα
1732 1445 1889 1514 Κύριε

289 1528 318 1579 ὁ
376 1533 524 1589 Θεός,
586 1526 714 1592 εἶπε,
767 1528 792 1579 ὁ
851 1526 1264 1601 προσδεξάμενος
1319 1528 1472 1583 Ἀϐελ
1520 1536 1611 1588 τήν
1679 1532 1885 1598 θυσίαν,

289 1615 532 1689 ’Δϐραάμ
581 1616 983 1689 ὁλοκαρπὼσεις,
1036 1626 1136 1669 τῶν
1185 1617 1274 1670 ἀπ’
1325 1618 1509 1681 αἰῶνος
1559 1637 1654 1670 σου
1691 1620 1889 1690 μαρτύ-

1997 471 2189 535 sania,
2215 470 2415 527 ferreis
2449 471 2796 550 [plumbeis]
2828 477 3022 547 globis
3052 479 3301 537 conterit
3329 479 3644 547 cervicem,

1996 563 2053 615 et
2081 560 2208 631 ejus
2242 567 2478 618 emovet
2506 562 2802 630 articulos,
2834 567 3001 638 quod
3031 568 3274 639 quidem
3309 574 3401 624 est
3447 570 3647 626 omni-

1996 647 2110 703 bus
2162 649 2464 706 mortibus
2517 651 2809 709 acerbius.
2864 654 3143 712 Adhibita
3182 662 3269 712 est
3324 672 3466 727 ergo
3516 657 3647 714 haec

1996 749 2153 791 nova
2196 740 2252 792 et
2296 736 2537 793 insolita
2580 738 2813 796 athletas
2855 741 3240 800 machinatio.
3288 743 3388 800 Ille
3442 749 3647 801 autem

1996 824 2193 881 stabat
2224 830 2509 899 tauquam
2540 828 2741 893 turris,
2766 845 2897 899 quas
2918 845 3038 885 non
3076 836 3268 901 potest
3295 833 3646 903 expugnari,

1996 924 2071 965 ne
2100 911 2393 968 tantillum
2423 913 2667 985 quidem
2689 914 3087 972 labefactatus
3119 917 3277 973 illius
3300 918 3645 975 insultibus.

1997 1001 2216 1055 Prasses
2240 1000 2442 1073 itaque
2471 1017 2612 1059 cum
2649 1018 2770 1059 non
2801 1004 2978 1062 ferret
3023 1022 3088 1062 se
3130 1011 3252 1062 tam
3287 1008 3532 1079 turpiter
3568 1006 3647 1065 ab

1995 1102 2068 1144 eo
2098 1089 2385 1160 superari,
2430 1105 2568 1146 eum
2614 1096 2801 1148 morte
2848 1093 3258 1150 condemnat:
3307 1095 3450 1152 satis
3485 1096 3646 1152 enim

1996 1174 2270 1241 ducebat,
2295 1177 2346 1231 si
2376 1177 2465 1233 vel
2497 1179 2580 1234 sic
2607 1179 2682 1235 ab
2706 1195 2778 1235 eo
2801 1179 3169 1238 liberaretur.

2071 1265 2177 1319 XV.
2210 1265 2354 1319 Cum
2396 1280 2534 1321 eum
2565 1281 2708 1335 ergo
2740 1268 3072 1339 accepisset
3117 1269 3436 1327 multitudo
3484 1271 3648 1327 licto-

1997 1366 2152 1417 rum,
2205 1357 2528 1426 postquam
2572 1362 2970 1427 pervenerunt
2997 1358 3075 1413 ad
3113 1357 3313 1415 locum
3345 1359 3643 1431 supplicii,

1996 1446 2225 1513 martyr
2248 1458 2463 1499 manus
2506 1449 2563 1500 et
2607 1444 2813 1501 oculos
2851 1446 3025 1502 simul
3055 1446 3265 1504 tollens
3299 1448 3378 1504 ad
3409 1449 3595 1505 cmlos
3630 1465 3643 1505 :

2000 1530 2245 1585 Domine
2276 1531 2448 1598 Deus,
2512 1532 2721 1603 inquit,
2772 1534 2874 1604 qui
2926 1533 3125 1590 Abelis
3191 1536 3504 1608 suscepisti
3549 1553 3647 1593 sa-

1998 1617 2312 1687 criﬁcium,
2351 1619 2606 1676 Abrahaa
2649 1620 3002 1688 oblationes,
3035 1638 3241 1679 eorum
3273 1625 3377 1695 qui
3403 1625 3645 1682 fuerunt

288 1725 392 1777 ρων
438 1710 528 1758 καὶ
553 1714 829 1777 προφητῶν
878 1711 965 1757 καὶ
1004 1702 1221 1759 δικαίων
1264 1710 1330 1758 τὰ
1371 1709 1588 1778 αἵματα,
1637 1712 1725 1759 καὶ
1769 1709 1888 1767 τοὺς

2002 1721 2034 1761 a
2062 1710 2301 1775 saeculo,
2334 1714 2666 1780 martyrum
2691 1711 3064 1781 etjustorum
3107 1714 3484 1781 sanguinem,
3521 1713 3647 1770 lon-

289 1798 526 1868 μακρούς
566 1799 773 1860 πόνους,
826 1799 915 1845 καὶ
962 1799 1055 1853 τήν
1087 1796 1323 1867 ὑπερφυᾶ
1365 1801 1642 1869 καρτερίαν
1684 1834 1697 1845 .
1738 1795 1891 1854 αύτός

293 1883 490 1954 εὐμενεῖ
542 1888 630 1935 καὶ
676 1890 763 1933 νῦν
807 1882 1051 1954 ὀφθαλμῷ
1108 1887 1200 1941 τὴν
1243 1882 1370 1955 ἐμήν
1417 1880 1500 1937 ἴδε
1546 1887 1751 1948 θυσίαν,
1801 1888 1891 1936 καὶ

289 1977 364 2041 μή
398 1968 671 2045 ύπερίδης,
705 1974 880 2043 Κύριε,
924 1979 1015 2024 τοῦ
1065 1969 1159 2023 διὰ
1190 1976 1245 2024 σὲ
1290 1970 1558 2043 μέλλοντος
1586 1974 1776 2046 ῥυῆναι
1806 1993 1890 2044 μι-

290 2068 421 2134 κροῦ
464 2061 702 2132 αἳματος,
752 2061 806 2111 ἐκ
858 2062 1173 2133 θερμοτάτης
1223 2080 1307 2113 σοι
1346 2067 1694 2136 προαιρέσεως
1724 2081 1892 2113 κατα-

291 2151 544 2217 θυομένου
581 2168 592 2179 ·
631 2145 748 2200 ἰδοῦ
783 2151 885 2221 γάρ
917 2151 985 2210 ὡς
1020 2151 1164 2223 ὁρᾷς,
1216 2154 1311 2208 τὴν
1348 2149 1533 2221 ψυχήν
1582 2146 1675 2202 διὰ
1707 2152 1762 2201 σὲ
1791 2154 1889 2207 σή-

285 2253 442 2308 μερον
497 2234 827 2305 ἀποτίθεμαι.
876 2232 1003 2288 Εἶτα
1032 2237 1184 2288 πάλιν
1233 2240 1496 2310 προσθεὶς,
1544 2237 1891 2289 Ἀπολαυέτω·

288 2342 410 2387 σαν,
457 2322 779 2394 φιλάνθρωπε
828 2327 1080 2383 Δέσποτα,
1134 2327 1250 2394 ἔφη,
1303 2334 1399 2385 τῆς
1451 2328 1593 2398 παρὰ
1636 2333 1731 2377 σοῦ
1759 2324 1894 2397 βοη-

290 2414 433 2472 θείας
461 2414 511 2463 oi
541 2408 613 2463 δι’
645 2410 769 2483 ὁμοῦ
799 2415 856 2463 τὸ
902 2416 991 2464 σόν
1021 2412 1299 2473 καλοῦντες
1329 2414 1478 2484 ἅγιον
1520 2416 1680 2485 ὄνομα
1713 2432 1723 2443 ·
1758 2418 1893 2484 μνή-

293 2503 448 2558 σθητι
488 2509 577 2553 τοῦ
619 2500 743 2551 λαοῦ
794 2518 911 2564 σου,
966 2503 1235 2572 μνήσθητι
1273 2509 1364 2561 τῆς
1392 2502 1739 2573 κληρονομίας
1770 2521 1885 2566 σου,

292 2590 351 2649 ἧς
408 2588 609 2647 ἐκτήσω
642 2606 653 2618 ⁸
687 2593 773 2640 καὶ
832 2592 902 2660 μὴ
950 2587 1176 2641 ἐπιλίποι
1231 2592 1447 2651 τούτους
1497 2593 1556 2641 τό
1603 2593 1746 2663 παρά
1791 2596 1886 2641 σοῦ

284 2678 439 2742 ὒεος,
478 2680 651 2749 Κύριε.
683 2683 862 2729 Ταῦτα
909 2674 1206 2748 διαλεχθεὶς
1238 2685 1311 2746 τῷ
1361 2686 1495 2748 Θεῷ,
1535 2682 1628 2736 τὴν
1656 2678 1884 2749 σύζυγον

285 2770 665 2838 μεταστραφεὶς
722 2765 909 2816 ἐκεῖθεν
970 2766 1069 2837 ὁρᾷ
1118 2782 1130 2794 '

287 2858 533 2926 πρότερον
591 2852 915 2923 ἀναμνήσας,
973 2857 1062 2903 καὶ
1125 2851 1329 2923 ἀσφαλῆ
1380 2856 1446 2903 τὰ
1496 2856 1665 2904 πιστὰ
1718 2853 1886 2905 λαϐὼν

1186 2770 1276 2816 καὶ
1324 2766 1391 2815 ὧν
1449 2765 1722 2817 ἐνετείλατο
1752 2766 1881 2837 αὐτῇ

287 2943 421 2993 ὥστε
467 2940 796 3014 καταπρᾶξαι
885 2941 1055 2991 πάντα
1111 2944 1201 2991 καὶ
1257 2944 1413 3011 πέρας
1464 2939 1641 3000 αὐτοῖς
1697 2938 1888 3010 ἀγαθόν

1999 1810 2231 1866 gosque
2268 1795 2524 1862 labores,
2562 1802 2619 1852 et
2665 1797 3082 1855 admirabilem
3128 1799 3504 1857 tolerantiam
3538 1819 3553 1869 ;
3583 1807 3647 1857 tu

2000 1898 2239 1954 quoque
2272 1900 2433 1939 nunc
2465 1884 2735 1954 benignis
2774 1886 2961 1942 oculis
3006 1903 3208 1943 meum
3254 1888 3388 1945 vide
3418 1890 3645 1946 sacriﬁ-

2000 1972 2182 2037 cium,
2238 1976 2295 2026 et
2348 1987 2424 2027 ne
2475 1973 2790 2043 despicias,
2841 1974 3109 2040 Domine,
3164 1976 3324 2032 hunc
3381 1992 3643 2049 paucum

2001 2066 2241 2132 propter
2271 2066 2324 2116 te
2371 2060 2803 2117 effundendum
2854 2063 3232 2135 sanguinem,
3272 2064 3374 2136 qui
3420 2065 3646 2122 ferven-

2000 2150 2230 2204 tissimo
2259 2151 2460 2205 animo
2508 2150 2611 2205 tibi
2641 2152 3026 2207 sacriﬁcatur.
3070 2152 3215 2207 Ecce
3258 2153 3439 2220 enim,
3474 2158 3539 2209 ut
3570 2155 3647 2211 vi-

2001 2237 2126 2301 des,
2172 2236 2438 2293 animam
2485 2244 2725 2309 propter
2766 2243 2822 2294 te
2864 2238 3043 2295 hodie
3104 2240 3365 2311 depono.
3425 2242 3647 2298 Deinde

2000 2340 2204 2380 rursus
2220 2325 2507 2395 adjiciens
2523 2342 2535 2380 :
2550 2326 3021 2399 Consequantur,
3038 2327 3251 2399 inquit,
3268 2328 3522 2398 benigne
3544 2332 3648 2386 Do-

2001 2412 2225 2479 mine,a
2255 2418 2311 2469 te
2337 2414 2645 2479 auxilium,
2666 2416 2769 2487 qui
2795 2423 3034 2487 propter
3056 2431 3150 2471 me
3182 2420 3349 2471 tuum
3372 2422 3647 2474 sanctum

1998 2515 2218 2557 nomen
2248 2502 2549 2558 invocant.
2583 2504 2873 2559 Memento
2902 2503 3267 2560 hmreditatis
3297 2509 3433 2569 tum,
3461 2521 3648 2577 quam

1996 2589 2344 2660 acquisiisti,
2373 2595 2529 2645 etne
2557 2589 2643 2645 eis
2691 2590 2946 2661 deﬁciat,
2998 2590 3269 2660 Domine,
3331 2597 3433 2648 tua
3477 2593 3649 2649 mise-

1994 2676 2266 2733 ricordia.
2299 2679 2425 2733 Haec
2460 2693 2600 2732 cum
2646 2680 2766 2733 Deo
2810 2678 3071 2746 dixisset,
3123 2677 3284 2734 illinc
3323 2694 3648 2737 conversus

1993 2766 2155 2823 videt
2197 2766 2538 2836 conjugem,
2592 2771 2649 2821 et
2682 2782 2822 2822 cum
2865 2783 3001 2839 quae
3050 2767 3103 2823 ei
3152 2767 3318 2838 prius
3359 2768 3646 2839 jusserat,

1994 2862 2334 2910 revocasset
2354 2854 2414 2909 in
2442 2854 2796 2910 memoriam
2814 2859 2870 2911 et
2892 2855 3075 2911 ﬁdem
3103 2855 3180 2911 ab
3205 2870 3277 2912 ea
3296 2857 3642 2929 accepisset,

1995 2956 2059 2994 se
2107 2942 2311 2997 omnia
2366 2948 2521 2998 recte
2587 2948 3026 3012 exsecuturam,
3071 2943 3186 2999 hoc
3245 2950 3546 3015 postremo
3594 2944 3648 3000 ei

287 3027 558 3091 ἐπιθεῖναι,
614 3028 911 3080 τελευταίαν
950 3026 1152 3085 ἐντολὴν
1196 3026 1326 3098 αὐτῇ
1376 3025 1685 3085 ἐπισκήπτει
1732 3029 1888 3099 τάφον

2002 3028 2264 3094 mandat,
2299 3034 2365 3084 ut
2392 3030 2444 3086 ei
2476 3030 2702 3086 fossam
2734 3031 2921 3087 fodiat
2961 3031 3023 3086 in
3066 3030 3221 3098 loco,
3272 3032 3378 3105 qui
3410 3031 3647 3098 dicitur,

289 3116 432 3187 αύτῷ
476 3119 525 3169 έν
576 3126 647 3187 τῷ
691 3122 874 3192 χωρίῳ
928 3116 1164 3187 Ἀμιμνα
1200 3115 1496 3187 καλουμένῳ
1535 3115 1802 3188 ἐπιχῶσαι
1841 3115 1889 3169 ἐν

292 3209 460 3277 τούτῳ
487 3224 540 3257 τε
569 3205 729 3257 αὐτοῦ
761 3204 1067 3275 καταθάψαι
1096 3208 1153 3256 τό
1191 3213 1364 3276 σῶμα.

361 3292 453 3358 Ις·”.
517 3293 753 3354 Πλήθους
809 3289 896 3345 οὖν
953 3293 1106 3345 αὐτὸν
1159 3292 1254 3344 ούκ
1310 3291 1485 3363 ὀλίγου
1532 3294 1884 3363 περιστάντος,

288 3384 385 3456 ὁρᾷ
436 3402 553 3435 τινα
605 3387 761 3454 μέσον
817 3382 1021 3434 ἑστῶτα
1067 3386 1273 3439 Ζήνανα
1323 3381 1417 3452 [ι.
1462 3379 1696 3453 Ζήνωνα]
1745 3380 1886 3452 φίλον

290 3476 430 3541 αὐτῷ
466 3472 697 3543 μάλιστα
747 3476 837 3523 καὶ
889 3472 1089 3529 συνήθη
1136 3471 1421 3523 πενθοῦντα
1461 3474 1553 3528 τήν
1585 3468 1777 3521 ἐκείνου
1809 3488 1886 3521 τε-

286 3562 469 3619 λευτήν
540 3565 629 3613 καὶ
685 3565 998 3632 κοπτόμενον
1051 3575 1063 3586 ‘
1126 3564 1233 3624 καὶ,
1288 3557 1357 3610 Ὦ
1404 3558 1515 3630 φίλε
1562 3562 1755 3622 Ζήνων,
1810 3562 1882 3630 μὴ

285 3651 449 3713 κλαῖε,
486 3653 578 3722 ἔφη
619 3667 630 3679 ·
666 3653 731 3702 σὺ
776 3652 864 3720 μεν
914 3651 1038 3722 γὰρ,
1097 3644 1239 3713 οἶδα,
1290 3650 1377 3699 τὸν
1409 3648 1650 3719 ἡμέτερον
1683 3648 1885 3719 θρηνεῖς

286 3744 566 3814 χωρισμόν
621 3754 632 3765 ⁸
692 3737 799 3789 ἀλλ’
849 3739 874 3788 6
932 3739 1083 3803 Θεὸς,
1239 3738 1338 3805 ἐγὼ
1394 3734 1624 3805 λατρεύω
1677 3740 1766 3787 καὶ
1819 3734 1890 3795 εἰς

282 3828 338 3880 ὃν
366 3829 615 3892 πέποιθα,
681 3826 739 3878 ού
796 3821 1079 3882 διαστήσει
1123 3822 1349 3881 ἀλλήλων
1396 3824 1554 3895 ἡμᾶς,
1602 3821 1686 3883 οὓς
1726 3823 1884 3894 θερμὴ

287 3916 447 3969 πάλαι
506 3915 669 3987 φιλία,
719 3915 862 3965 καὶὸ
890 3917 1021 3985 πρὸς
1065 3912 1219 3964 αὐτόν
1265 3914 1392 3984 ἔρως
1438 3910 1663 3981 συνῆψεν
1712 3928 1724 3938 ·
1778 3895 1886 3962 ἀλλ’

288 4008 462 4080 ὥσπερ
526 4002 599 4065 ἐφ’
656 4003 762 4064 ἑνός
820 4004 1065 4074 σκάφους,
1112 4000 1246 4053 οὕτω
1282 4003 1369 4051 τόν
1416 3997 1532 4071 βίον
1564 3998 1886 4070 συμπλεύσο-

289 4114 396 4167 μεν.
446 4096 583 4164 Πρὸς
630 4100 799 4145 ταῦτα
827 4093 853 4143 ὁ
886 4096 1060 4149 Ζήνων
1107 4086 1502 4162 διαθερμανθεὶς
1533 4093 1625 4145 τὴν
1662 4084 1888 4161 καρδίαν

288 4189 377 4236 καὶ
428 4182 700 4245 ἀναζέσας,
751 4182 1015 4250 ἐθάρσησε
1046 4184 1135 4230 καὶ
1166 4181 1480 4251 Χριστιανὸν
1522 4176 1666 4235 εὐθὺς
1710 4176 1888 4226 ἑαυτὸν

290 4274 389 4325 ύπό
420 4280 483 4345 τῇ
525 4274 729 4324 πάντων
770 4269 886 4339 ὄψει
933 4273 1022 4319 καὶ
1074 4267 1200 4338 ἀκοῇ
1236 4265 1532 4337 ἐμαρτύρει.
1569 4263 1650 4315 Ἐν
1695 4264 1799 4332 ὅσῳ
1833 4259 1892 4313 δε

290 4361 435 4420 οὗτος
485 4363 616 4431 μετά
662 4356 961 4431 παρῥησίας
1013 4362 1164 4405 τοῦτο
1218 4352 1357 4415 ἐϐόα,
1417 4349 1753 4411 συλλαϐόντες
1800 4349 1892 4401 αύ-
1921 4389 1967 4445 D

290 4451 377 4499 τόν
436 4450 485 4499 oi.
542 4444 730 4517 δήμιοι
803 4446 936 4495 κατὰ
1013 4445 1070 4493 τό
1147 4443 1589 4513 προστεταγμένον
1642 4440 1741 4490 ύπό
1799 4446 1889 4490 τοῦ

290 4536 562 4603 τυράννου,
597 4534 730 4604 ξίφει
758 4536 850 4589 τὴν
882 4529 1099 4602 κεφαλὴν
1152 4529 1496 4601 ἀφαιροῦνται
1548 4542 1559 4555 ⁸
1619 4531 1707 4579 καὶ
1735 4528 1765 4585 ἡ
1800 4534 1887 4579 τοῦ

296 4617 549 4684 Εύδοξίου
591 4620 878 4695 πρόρρησις
926 4619 1060 4671 ούτω
1114 4620 1255 4689 ταχύ
1308 4620 1366 4669 τό
1410 4620 1564 4690 πέρας
1618 4614 1884 4687 λαμϐάνει,

292 4715 379 4762 καὶ
435 4714 521 4762 τὸν
579 4711 721 4783 φῦον
778 4711 875 4785 ὁρᾷ
930 4713 1140 4767 Ζήνωνα
1212 4714 1284 4776 τῷ
1358 4709 1627 4780 μαρτυρίῳ
1692 4704 1887 4758 τελειω-

295 4801 466 4853 θέντα.

365 4886 459 4942 ΙΖ’.
514 4888 662 4940 Οὕτω
719 4888 785 4939 τὰ
826 4893 919 4947 τῆς
967 4884 1139 4958 φιλίας
1194 4883 1742 4959 πραγματευσάμενος,
1798 4886 1887 4934 καὶ

291 4978 509 5046 τοιούτῳ
562 4975 692 5029 τέλει
762 4979 847 5027 τὸν
907 4980 1119 5032 Ζήνωνα
1184 4972 1513 5025 τελειωθέντα
1573 4967 1721 5033 ἰδὼν,
1780 4967 1886 5021 ἐπεὶ

291 5071 381 5120 καὶ
418 5065 574 5118 αύτὸν
624 5069 759 5136 φωνή
811 5083 892 5124 τις
938 5064 1127 5116 ἄνωθεν
1175 5068 1264 5115 καὶ
1303 5063 1439 5112 κατὰ
1492 5055 1655 5119 πόδας
1697 5057 1882 5121 ἐκάλει,

290 5160 379 5209 καὶ
427 5158 601 5228 ὥσπερ
649 5156 766 5206 τινά
814 5157 903 5204 καὶ
955 5151 1104 5211 οὗτος
1135 5151 1360 5222 εὐωχίαν
1406 5148 1593 5220 ἀπῄτει
1622 5152 1706 5199 τόν
1737 5148 1887 5199 θάνα-

291 5263 375 5297 τον
430 5262 442 5275 ·
506 5244 639 5316 ξίφει
689 5247 782 5301 τὴν
834 5245 1093 5315 μακαρίαν
1146 5239 1305 5292 αὐτοῦ
1376 5237 1597 5311 κεφαλὴν
1663 5238 1888 5307 ἄσμενος

358 5386 541 5469 (18)..ι1
551 5382 919 5469 mimnaquis
938 5381 1106 5469 locus
1122 5378 1493 5469 Αἷμός-μήριὶᾴ
1505 5377 1882 5469 geographos

272 5449 410 5512 non
453 5449 702 5512 'inveni.
784 5449 1001 5509 Memea
1048 5458 1274 5506 tantum
1341 5449 1565 5505 habent
1644 5451 1880 5521 ἐμνημον

293 5530 467 5601 τάφον,
484 5528 651 5603 quod
673 5525 886 5583 citatus
897 5523 1160 5582 Raderus
1174 5527 1631 5579 monumentum
1657 5520 1882 5577 humile

1996 3116 2277 3173 Amimna
2306 3118 2441 3190 (t8),
2474 3118 2605 3175 etin
2629 3134 2701 3175 eo
2728 3135 2945 3191 corpus
2976 3120 3107 3191 ejus
3139 3119 3407 3192 sepeliat.

2068 3290 2203 3347 XVI.
2241 3293 2387 3347 Cum
2419 3293 2620 3346 autem
2655 3306 2794 3346 eum
2822 3308 2943 3348 non
2985 3307 3168 3362 parva
3195 3292 3648 3350 circumsisteret

1998 3378 2330 3445 multitudo,
2396 3378 2543 3434 vidit
2610 3378 2939 3451 quemdam
2995 3379 3058 3434 in
3104 3380 3301 3436 medio
3372 3385 3645 3448 stantem,

1994 3468 2239 3523 nomine
2263 3470 2582 3529 Zenonem,
2611 3467 2665 3523 ei
2692 3465 2865 3522 valde
2905 3468 3167 3523 amicum
3195 3471 3252 3522 et
3296 3467 3649 3525 familiarem

1993 3556 2147 3611 illius
2178 3563 2433 3611 mortem
2468 3555 2990 3626 plangentem.Cui
3010 3555 3108 3613 ille
3135 3572 3148 3611 :
3183 3556 3226 3611 Ο
3257 3556 3441 3611 chare
3469 3559 3643 3621 Zeno,

1996 3650 2057 3700 tu
2077 3644 2345 3716 quidem,
2386 3642 2597 3714 inquit,
2638 3647 2731 3699 sat
2760 3643 2903 3709 scio,
2947 3650 3223 3699 nostram
3270 3643 3379 3699 ﬂes
3412 3659 3651 3715 separa-

1995 3733 2220 3788 tionem
2253 3748 2266 3798 ;
2298 3732 2403 3787 sed
2434 3730 2608 3796 Deus,
2641 3732 2735 3787 cui
2766 3747 2880 3801 ego
2916 3732 3110 3788 servio
3140 3737 3196 3788 et
3222 3731 3279 3786 in
3308 3747 3482 3803 quem
3510 3747 3650 3788 con-

1994 3820 2138 3886 ﬁdo,
2171 3836 2293 3875 non
2326 3835 2434 3875 nos
2451 3835 2486 3875 a
2505 3819 2678 3875 nobis
2708 3819 2962 3875 invicem
2987 3821 3279 3890 sejunget,
3302 3835 3456 3893 quos
3484 3821 3651 3876 vehe-

1995 3926 2165 3965 mens
2196 3909 2456 3966 amicitia
2482 3915 2538 3964 et
2563 3908 2857 3964 ardensin
2878 3909 3075 3980 ipsum
3104 3924 3274 3964 amor
3299 3908 3647 3979 conjunxit;

1994 3998 2097 4054 sed
2140 3998 2385 4069 perinde
2414 4013 2485 4053 ac
2514 3997 2575 4051 in
2609 4013 2731 4052 una
2761 3997 2989 4069 scapha
3017 4012 3127 4052 nos
3150 3997 3333 4053 vitam
3355 3996 3649 4053 transmit-

1998 4092 2208 4141 temus.
2245 4088 2339 4141 His
2382 4089 2536 4141 Zeno
2572 4085 2751 4141 corde
2792 4100 3081 4141 accensus
3130 4092 3184 4139 et
3232 4084 3648 4141 inﬂammatus

1997 4174 2254 4242 sumpsit
2298 4173 2633 4236 audaciam,
2680 4179 2737 4227 et
2790 4173 3071 4228 continuo
3117 4172 3400 4227 omnibus
3444 4173 3646 4228 viden-

1996 4260 2158 4316 tibus
2216 4264 2270 4314 et
2317 4258 2698 4313 audientibus
2748 4274 2809 4313 se
2874 4260 3073 4315 statim
3125 4274 3257 4314 esse
3322 4265 3646 4331 martyrem

2002 4345 2443 4420 [Christianum]
2468 4350 2556 4401 est
2579 4351 2955 4417 protestatus.
2983 4346 3223 4402 Interim
3263 4354 3462 4404 autem
3493 4347 3644 4403 dum

1998 4438 2082 4493 sic
2125 4435 2424 4491 clamabat
2485 4434 2685 4499 libere,
2745 4450 2883 4490 eum
2938 4435 3510 4507 comprehendentes
3577 4435 3648 4491 li-

1996 4531 2279 4590 ctores,ut
2302 4523 2658 4594 eisjusserat
2675 4528 2983 4595 tyrannus,
3008 4528 3184 4595 caput
3222 4523 3304 4579 illi
3349 4523 3643 4579 adimunt.

1995 4615 2198 4687 Itaque
2246 4611 2493 4668 Eudoxii
2552 4611 2859 4683 praedictio
2909 4616 3029 4668 tam
3072 4612 3186 4668 cito
3235 4611 3513 4668 effectum
3559 4616 3648 4667 est

1996 4703 2219 4766 sortita,
2246 4706 2305 4757 et
2334 4701 2463 4773 ipse
2488 4702 2754 4756 amicum
2773 4702 3072 4756 Zenonem
3098 4699 3299 4756 statim
3318 4699 3477 4756 videt
3498 4713 3645 4755 cun-

1997 4796 2365 4848 summatum
2398 4789 2707 4861 martyrio.

2071 4879 2226 4936 XVII.
2277 4878 2426 4934 Cum
2490 4879 2576 4934 sic
2638 4878 2834 4933 amico
2906 4875 3287 4949 providisset,
3345 4874 3638 4948 quoniam

1995 4986 2133 5025 eum
2193 4982 2434 5040 quoque
2525 4981 2642 5022 vox
2691 4964 2975 5038 quaedam
3041 4980 3072 5019 e
3142 4963 3387 5034 vestigio
3457 4978 3645 5019 voca-

1994 5060 2114 5125 bat,
2170 5057 2295 5125 ipse
2361 5071 2500 5111 vero
2578 5058 2868 5127 tanquam
2922 5052 3266 5108 convivium
3330 5050 3643 5123 quoddam

1994 5151 2246 5202 mortem
2301 5143 2585 5216 poscebat
2634 5143 2855 5209 ;beato
2908 5156 3021 5196 suo
3070 5140 3259 5213 capite
3298 5139 3425 5196 ensi
3476 5138 3640 5206 dato,

1996 5232 2241 5291 moritur
2291 5236 2425 5305 post
2472 5231 2733 5287 amicum
2786 5228 2913 5301 (l9).
2972 5229 3110 5299 Ejus
3165 5232 3361 5286 autem
3418 5227 3641 5298 conjux

1990 5376 2430 5433 interpretatur.

2063 5391 2567 5530 ξῗὲςνῗὸιαλῗὸξιιθίξ-
2589 5442 2800 5530 dicitur
2827 5442 3018 5530 capite
3046 5443 3515 5530 tru‘ncatus'pcrac
3546 5448 3643 5530 τοῦ

1991 5514 2234 5592 φιλτάτου
2306 5516 2465 5568 αὑτοῦ
2534 5520 2833 5577 Ζήνωνος...
2905 5514 3288 5589 ἀποτμηθέντός
3348 5514 3483 5587 ξίφει
3544 5516 3643 5571 τὴν
