4142 6278
556 292 659 350 631

1850 288 2110 345 MENSIS
2150 287 2591 345 SEPTEMBER.

3831 291 3946 346 632

557 430 678 472 non
711 416 905 472 solum
936 431 1205 488 corpore,
1238 417 1341 473 sed
1390 418 1570 473 etiam
1611 416 1832 479 animo,
1857 430 1995 470 cum
2025 413 2200 471 vidis-

2315 411 2461 480 δοὺς,
2496 414 2878 471 ἐπαποθνήσκει
2928 422 3000 483 τῷ
3050 413 3201 486 φίλῳ.
3249 414 3308 471 Ἡ
3356 420 3530 489 μέντοι
3562 417 3848 489 ὁμόζυγος
3879 417 3939 469 οὐ

559 509 647 560 set
676 505 955 560 maritum
986 511 1224 577 propter
1250 505 1547 561 Christum
1577 504 1967 570 interfectum,
2009 518 2203 575 neque

559 607 697 648 eum
755 592 1031 662 neglexit,
1087 609 1281 665 neque
1329 593 1615 649 illiberale
1668 599 1770 649 aut
1796 592 2202 647 effeminatum

558 679 783 753 aliquid
806 685 893 735 est
914 680 1109 736 locuta
1140 698 1152 736 :
1183 681 1285 736 sed
1300 681 1748 754 quamprimum
1780 696 2116 745 accurrens,
2144 679 2202 734 in

556 769 711 824 lanas
741 769 983 840 quidem
1016 769 1226 824 vellere
1254 770 1504 841 suscipit
1544 771 1784 825 Athletae
1824 770 2201 838 sanguinem,

558 859 675 915 hoc
706 859 865 913 enim
906 859 957 914 ei
995 859 1309 915 mandarat
1360 862 1605 916 maritus
1635 860 1763 930 (20).
1814 861 1960 914 Cum
2005 863 2203 915 autem

560 946 890 1002 sustulisset
917 962 1153 1019 corpus,
1183 948 1243 1002 id
1281 948 1605 1004 honoriﬁce
1635 948 1863 1021 sepelit,
1910 947 2014 1003 ubi
2035 950 2207 1019 jussa

558 1033 767 1101 fuerat,
797 1049 905 1089 nec
937 1034 1057 1090 alia
1084 1036 1333 1107 quidem
1364 1036 1519 1091 illius
1539 1036 1826 1092 mandata
1858 1035 2162 1108 negligens
2190 1051 2203 1101 ;

558 1138 679 1178 non
706 1122 870 1195 quod
901 1139 1039 1177 eum
1077 1125 1392 1189 amisisset,
1426 1126 1529 1179 sed
1559 1125 1723 1197 quod
1768 1140 1887 1181 non
1919 1140 2041 1180 una
2068 1139 2207 1180 cum

560 1226 631 1267 eo
644 1211 1011 1276 excessisset,
1033 1216 1315 1281 reputans
1337 1212 1708 1269 viduitatem.

634 1387 815 1442 XVIII.
850 1388 1014 1444 Unde
1055 1388 1231 1444 etiam
1270 1388 1347 1444 ad
1376 1393 1696 1459 tyrannum
1739 1388 2022 1445 accersita
2070 1387 2204 1459 (2t),

564 1474 760 1530 statim
811 1491 847 1531 a
899 1476 1098 1547 seipsa
1164 1476 1477 1543 accedens,
1528 1476 1812 1533 irridebat
1858 1476 2011 1532 illius
2061 1476 2207 1531 deos

565 1567 622 1617 et
645 1562 912 1618 habebat
961 1563 1240 1629 ludibrio,
1293 1579 1367 1620 ne
1397 1566 1595 1637 ipsum
1626 1565 1869 1637 quidem
1900 1565 2207 1620 dimittens

562 1649 892 1705 immunem
921 1668 955 1705 a
984 1652 1359 1719 contumelia,
1394 1653 1495 1725 qui
1526 1669 1627 1708 eos
1667 1655 1979 1709 sustineret
2024 1653 2210 1708 hono-

562 1753 693 1793 rare
702 1776 714 1789 .

562 1824 711 1881 facis
743 1826 946 1881 volens
996 1841 1033 1882 a
1076 1843 1171 1882 me
1220 1828 1467 1883 interﬁci
1509 1834 1566 1885 et
1611 1830 1853 1885 studens
1902 1830 2101 1885 venire
2132 1829 2205 1885 ad

563 1914 868 1979 maritum,
902 1918 963 1968 ut
987 1914 1233 1987 aliquod
1281 1932 1498 1972 nomen
1531 1919 1868 1990 assequaris
1899 1919 2061 1990 apud
2099 1919 2210 1974 hos

564 2002 783 2074 impios
815 2001 1086 2059 Galilaaos
1108 2003 1220 2076 (22)
1252 2020 1265 2069 ;
1299 2020 1411 2075 ego
1450 2012 1650 2061 autem
1690 2023 2075 2079 nequaquam
2103 2006 2209 2063 tibi

564 2096 815 2146 mortem
849 2090 1117 2155 afferam,
1148 2093 1254 2148 etsi
1276 2093 1358 2148 sis
1373 2094 1557 2164 digna
1578 2095 1849 2166 pluribus
1871 2096 2164 2152 mortibus
2193 2112 2207 2162 ;

564 2194 638 2251 ne
678 2180 977 2236 existimes
1016 2180 1139 2236 fore
1189 2186 1251 2236 ut
1293 2182 1354 2236 id
1384 2198 1421 2238 a
1458 2198 1554 2238 me
1593 2184 1951 2256 assequeris.
1980 2184 2079 2240 Illa
2111 2201 2213 2241 au-

563 2272 687 2323 tem
737 2285 750 2324 :
798 2270 909 2324 Cor
956 2283 1177 2335 meum,
1209 2269 1419 2341 inquit,
1482 2271 1639 2327 videt
1680 2287 1848 2327 meus
1902 2274 2206 2340 Dominus,

562 2361 620 2411 et
651 2361 907 2411 mentem
958 2356 1170 2429 accipit
1207 2363 1343 2413 ante
1369 2358 1542 2414 facta.
1578 2362 1703 2416 Non
1750 2376 1891 2431 ergo
1929 2360 2213 2417 frustrata

564 2459 700 2499 sum
730 2444 966 2500 coronis
988 2446 1152 2517 quod
1183 2461 1219 2502 a
1246 2451 1299 2502 te
1335 2462 1457 2503 non
1486 2447 1699 2504 fuerim
1730 2449 2031 2505 interfecta
2060 2471 2071 2509 :
2108 2450 2211 2506 sed

562 2531 729 2603 quod
758 2537 1036 2605 prompto
1060 2533 1246 2590 animi
1276 2535 1476 2591 studio
1506 2552 1603 2592 me
1636 2537 1830 2608 ipsam
1859 2539 2206 2605 sacriﬁcavi,

562 2634 665 2675 ero
694 2635 831 2675 cum
864 2621 1078 2677 marito
1103 2623 1398 2695 particeps
1428 2625 1776 2683 eorumdem
1803 2628 2206 2697 praemiorum,

564 2712 621 2763 et
675 2707 923 2779 paribus
967 2707 1130 2765 fruar
1185 2713 1785 2769 remunerationibus.
1851 2717 2016 2784 Eam,
2070 2732 2207 2772 cum

571 2794 700 2850 haec
719 2795 986 2861 dixisset,
1015 2796 1246 2868 expellit
1275 2813 1305 2853 e
1335 2799 1639 2855 tribunali.

637 2884 765 2938 XIX.
796 2883 1070 2939 Nondum
1083 2888 1281 2940 autem
1304 2888 1656 2945 transierant
1684 2894 1910 2962 septem
1942 2892 2067 2948 dies
2095 2893 2208 2965 (23)

562 2984 701 3025 cum
714 2970 1010 3041 gloriosus
1024 2978 1248 3046 martyr
1266 2975 1565 3032 Eudoxius
1586 2978 1646 3033 in
1669 2979 1895 3034 somnis
1910 2996 2207 3053 apparens

2312 508 2367 555 τὸ
2397 512 2549 575 σῶμα
2573 509 2745 575 μόνον,
2778 502 2905 553 ἀλλά
2924 508 3014 555 καὶ
3043 508 3139 562 τὴν
3163 504 3350 575 ψυχὴν
3382 503 3417 558 δ
3421 509 3475 558 ιά
3502 511 3740 578 Χριστὸν
3780 505 3937 558 ἀναι-

2311 594 2520 666 ρεθέντα
2544 595 2630 643 τὸν
2661 588 2832 664 ἄνδρα
2878 593 3166 663 θεασαμένη
3211 593 3269 645 οῦ
3298 595 3548 668 ῥᾳθύμως
3573 592 3656 648 εἷδ
3660 615 3736 660 εν,
3777 592 3938 648 οὐδὲν

2312 680 2531 751 ἀγεννὲς,
2581 677 2705 731 οὐδὲ
2745 679 2872 737 θῆλυ
2922 680 3205 752 ἐφθέγξατο
3257 700 3267 712 '
3313 681 3937 758 &)l)t&_1rpocd‘paty.oﬁaa

2313 774 2400 826 τὴν
2457 774 2723 839 ταχίστην
2778 776 2921 839 πόκῳ
2974 772 3063 840 μὲν
3131 769 3271 844 ἐρίου
3324 776 3383 824 τό
3440 742 3722 831 λλητικόν
3800 776 3938 845 αἷμα

2316 856 2533 930 δέχεται
2568 875 2578 886 ·
2613 865 2765 910 τοῦτο
2793 860 2895 930 γὰρ
2945 857 3295 932 ἐντεταλμένον
3344 862 3407 919 ἧν
3455 862 3585 935 αὐτῇ
3639 866 3801 937 παρὰ
3842 872 3936 915 τοῦ

2315 944 2506 1018 ἀνδρός
2534 964 2546 977 ⁸
2579 946 2850 1018 ἀνελομένη
2874 944 2933 998 δὲ
2964 952 3052 998 καὶ
3082 951 3169 999 τόν
3194 952 3389 1023 νεκρὸν,
3422 953 3522 1009 ὅπη
3551 956 3933 1025 προστέτακτο

2315 1036 2799 1108 αῦτῇ,λφιλοτίμως
2857 1033 3069 1092 κηδεύει
3113 1056 3125 1068 ο
3160 1035 3299 1109 μηδὲ
3354 1048 3452 1091 τῶν
3506 1040 3670 1092 ἄλλων
3723 1040 3933 1094 ἐκείνου

2315 1124 2525 1175 ἐντολῶν
2553 1124 2863 1195 ἀμελήσασα
2892 1142 2903 1153 ·
2935 1124 3040 1195 οὐχ
3066 1127 3147 1177 ὅτι
3177 1125 3397 1180 ἀπέλαϐε
3423 1136 3494 1198 τῷ
3525 1126 3679 1201 ἀνδρὶ
3715 1127 3929 1196 δεινὴν,

2316 1210 2421 1262 ἀλλ’
2449 1213 2528 1262 ὅτι
2553 1216 2623 1283 μὴ
2657 1216 2745 1263 καὶ
2776 1212 2906 1270 αὕτη
2942 1214 3260 1280 συναπῆλθε,
3296 1221 3385 1273 τὴν
3427 1222 3651 1290 χηρείαν
3698 1217 3934 1290 λογισα·

2314 1303 2437 1371 μένη
2449 1343 2459 1353 .

2387 1386 2489 1442 ΙΗ’.
2531 1388 2682 1441 Ὅθεν
2712 1394 2802 1441 καὶ
2845 1398 2915 1461 τῷ
2956 1394 3186 1465 τυράννῳ
3230 1393 3546 1457 αὔτόκλητος
3594 1402 3933 1468 παραστᾶσα

2317 1475 2625 1547 διεχλεύαζέ
2654 1497 2705 1530 τε
2731 1482 2852 1541 τοὺς
2895 1479 3087 1531 ἐκείνου
3130 1483 3291 1546 θεοὺς,
3321 1488 3411 1534 καὶ
3440 1486 3641 1553 γε’λωτα
3670 1484 3925 1551 ἐποιεῖτο,

2317 1562 2455 1637 μηδὲ
2509 1566 2666 1618 αὐτόν
2739 1565 2934 1640 ύϐρεως
3018 1567 3229 1640 ἀφιεῖσα
3295 1574 3381 1622 τὸν
3438 1574 3504 1623 τὰ
3569 1582 3795 1625 τοιαῦτα
3856 1594 3934 1624 τι-

2318 1660 2419 1726 μᾴν
2445 1653 2772 1725 ἀνεχόμενον.
2816 1656 2975 1708 Ἀλλά
3020 1661 3086 1708 σὺ
3115 1661 3224 1729 μεν,
3255 1660 3281 1710 ὁ
3313 1662 3560 1732 τύραννος
3598 1664 3714 1734 ἔφη,
3751 1669 3929 1714 ταῦτα

804 1740 916 1794 Sed
988 1743 1051 1793 tu
1126 1740 1393 1811 quidem,
1466 1742 1656 1813 inquit
1713 1747 2029 1813 tyrannus,
2086 1742 2200 1796 haec

2318 1750 2477 1802 ποιεῖς
2508 1742 2840 1817 ἀναιρεθῆναι
2891 1744 3012 1817 παρ’
3062 1744 3187 1817 ἐμοῦ
3228 1746 3543 1820 βουλομένη,
3593 1756 3681 1802 καὶ
3714 1753 3931 1817 φθάσαι

2318 1835 2405 1883 τόν
2457 1829 2627 1904 ἄνδρα
2684 1829 3089 1900 σπουδάζουσα,
3148 1836 3230 1887 ἵνα
3278 1841 3418 1898 τινὸς
3470 1844 3559 1891 καὶ
3610 1843 3760 1906 παρὰ
3816 1848 3928 1903 τοῖς

2319 1919 2532 1972 ἀσεϐέσι
2584 1924 2783 1981 τούτοις
2824 1922 3112 1984 Γαλιλαίοις
3152 1924 3397 1997 ὀνόματος
3449 1930 3624 1999 τύχης
3653 1948 3665 1960 ·
3700 1928 3808 2000 ἰγώ
3867 1926 3927 1982 δε

2321 2006 2568 2081 οὐδαμῶς
2621 2028 2725 2074 σοι,
2759 2016 2931 2064 καίτοι
2960 2013 3157 2065 πολλῶν
3195 2014 3317 2087 ἀξίᾳ
3367 2018 3599 2069 θανάτων
3629 2020 3790 2090 οὔσῃ,
3837 2022 3923 2071 τόν

2324 2100 2537 2150 θάνατον
2582 2098 2828 2170 ἐπαγάγω
2877 2117 2889 2129 ·
2923 2106 2994 2173 μὴ
3044 2105 3227 2155 τούτου
3257 2105 3380 2179 παρ’
3412 2103 3536 2177 ἐμοῦ
3566 2114 3749 2178 τυχεῖν
3784 2112 3919 2163 οἴου.

2319 2186 2378 2237 Ἠ
2438 2183 2517 2253 δε,
2571 2192 2675 2245 Τὴν
2729 2185 2975 2263 καρδίαν,
3030 2187 3185 2259 εἶπεν,
3238 2194 3263 2244 ὁ
3317 2193 3439 2264 ἐμὸς
3493 2200 3759 2257 Δεσπότης
3799 2199 3917 2270 ὁρᾷ,

2322 2279 2411 2326 καὶ
2436 2279 2530 2333 τὴν
2558 2282 2768 2348 γνώμην
2815 2275 3138 2350 ἀποδέχεται
3179 2284 3280 2353 πρό
3326 2290 3422 2333 τῶν
3470 2285 3633 2356 ἔργων
3664 2302 3675 2313 ·
3705 2287 3917 2353 οὔκουν,

2322 2365 2401 2415 ὅτι
2440 2369 2510 2435 μὴ
2546 2364 2813 2437 ἀνῄρημαι
2860 2370 3002 2442 παρὰ
3046 2376 3163 2435 σοῦ,
3204 2378 3303 2421 τῶν
3340 2375 3599 2443 στεφάνων
3630 2371 3869 2435 ἐξέπεσον
3904 2393 3915 2404 ·

2322 2452 2428 2504 ἀλλ’
2459 2454 2538 2505 ὅτι
2567 2458 2933 2528 προκατέθυσα
2971 2455 3196 2529 ἐμαυτὴν
3228 2467 3289 2532 τῇ
3323 2463 3612 2535 προθυμίᾳ,
3657 2471 3757 2514 τῶν
3786 2467 3917 2516 ἴσων

2320 2539 2549 2612 ἀμοιϐῶν
2601 2540 2985 2616 ἀπολαύσομαι.
3036 2553 3211 2600 Ταῦτα
3253 2548 3499 2603 εἰποῦσαν
3548 2549 3781 2604 ἐκϐάλλει
3823 2561 3916 2605 τοῦ

2320 2628 2581 2701 βήματος.

2390 2892 2499 2948 ΙΘ’.
2529 2892 2690 2947 Ἑπτὰ
2729 2890 2788 2947 δε
2816 2898 2959 2947 οὔπω
2986 2897 3249 2971 παρῆλθον
3293 2900 3485 2974 ἡμέραι
3531 2909 3622 2956 καὶ
3670 2906 3697 2957 ὁ
3744 2906 3909 2958 καλλί-

2316 3001 2452 3043 νικος
2518 2981 2765 3047 Εὐδόξιος
2824 2988 2943 3060 ὄναρ
2997 2984 3207 3047 ἐπιστὰς
3262 2996 3324 3060 τῇ
3380 2991 3597 3065 συζύγῳ
3646 2997 3905 3067 Μακάρων

563 3057 823 3130 conjugi,
862 3059 1030 3131 jubet
1056 3066 1117 3115 ut
1142 3062 1332 3117 mittat
1372 3063 1450 3118 ad
1494 3067 1836 3136 praetorium
1864 3071 2200 3137 Macarium,

2316 3074 2401 3123 τόν
2434 3074 2633 3130 συνήθη
2666 3078 2756 3125 καὶ
2783 3057 2924 3145 φίλον
2967 3075 3129 3128 αὐτοῦ
3160 3076 3366 3149 πέμψαι
3412 3084 3540 3153 πρὸς
3580 3086 3637 3134 τὸ
3685 3089 3904 3154 πραιτώ-

563 3162 740 3201 suum
770 3147 1121 3205 familiarem
1160 3154 1215 3205 et
1247 3151 1528 3207 amicum.
1574 3156 1653 3209 Ea
1681 3162 1879 3211 autem
1931 3172 2066 3213 cum
2116 3175 2201 3215 re-

562 3236 889 3292 nuntiasset
902 3236 1151 3293 Macario
1166 3238 1467 3305 visionem,
1484 3240 1574 3295 ille
1588 3257 1771 3313 quam
1790 3244 2030 3315 primum
2046 3248 2205 3303 venit

559 3321 622 3378 in
670 3325 1028 3394 praetorium,
1068 3331 1293 3382 etcum
1344 3328 1638 3401 satellites,
1692 3333 1971 3403 quisnam
2022 3343 2201 3402 esset,

560 3412 998 3479 cognovissent,
1032 3428 1167 3468 eum
1200 3415 1397 3471 statim
1450 3419 1966 3488 comprehendunt
1999 3426 2054 3476 et
2091 3422 2201 3477 du-

561 3501 703 3552 cunt
733 3498 807 3554 ad
830 3500 1162 3570 praesidem.
1198 3501 1297 3557 Ille
1329 3508 1526 3558 autem
1554 3505 1753 3561 statim
1786 3523 1922 3563 eum
1954 3508 2204 3566 interro-

560 3585 741 3655 gavit,
772 3602 1053 3658 quaenam
1081 3589 1209 3659 ejus
1236 3595 1392 3645 esset
1412 3591 1637 3665 religio,
1679 3600 1735 3650 et
1782 3596 1945 3668 quod
1992 3613 2198 3668 genus.

557 3674 611 3729 Is
642 3689 817 3730 vero:
880 3676 1042 3742 Sum,
1075 3678 1402 3749 respondit,
1454 3680 1817 3737 Christianus
1850 3704 1863 3743 :
1925 3686 2068 3742 deos
2095 3704 2200 3745 au-

556 3767 675 3816 tem
708 3764 973 3830 gentium
990 3763 1102 3831 (24)
1117 3771 1172 3819 et
1190 3765 1549 3835 profundam
1567 3784 1771 3825 eorum
1789 3772 2199 3846 deceptionem

553 3849 681 3920 jam
711 3849 849 3905 olim
900 3850 1078 3906 didici
1121 3858 1519 3923 contemnere,
1561 3872 1695 3911 cum
1731 3875 1824 3914 me
1873 3862 1985 3916 hoc
2016 3864 2192 3919 admi’

558 3937 784 3993 randus
816 3939 1116 3994 docuisset
1146 3940 1465 3997 Eudoxius.
1495 3944 1637 4000 Hinc
1661 3944 1725 4001 ﬁt
1748 3952 1808 4004 ut
1840 3957 2202 4021 egoconten-

558 4025 699 4081 dam
743 4026 1042 4097 meipsum
1070 4028 1402 4085 sacriﬁcare
1441 4031 1694 4088 hostiam
1745 4051 1884 4091 vero
1928 4039 2063 4104 Deo,
2098 4056 2201 4111 per

556 4114 715 4184 quod
755 4120 961 4185 potero
1008 4117 1123 4173 cito
1162 4116 1240 4173 ad
1291 4117 1604 4177 dominum
1656 4139 1857 4180 meum
1893 4130 2199 4197 pervenire

558 4202 911 4259 Eudoxium.

630 4290 745 4347 XX.
782 4294 997 4347 Praeses
1049 4298 1250 4350 autem
1302 4300 1628 4369 postquam
1687 4317 1904 4358 nomen
1972 4307 2198 4365 audivit

560 4380 828 4447 Eudoxii,
862 4388 916 4436 et
942 4382 1101 4437 hunc
1132 4387 1409 4453 cognovit
1433 4402 1560 4441 esse
1608 4388 1765 4443 illius
1798 4392 2152 4463 discipulum
2181 4414 2192 4463 ;

2181 4441 2193 4464 9

554 4466 647 4523 ille
698 4468 1038 4524 mirandum
1087 4471 1146 4524 in
1193 4472 1441 4526 modum
1483 4476 1666 4530 animi
1696 4477 1937 4544 dubius,
1971 4482 2197 4540 sciebat

553 4556 732 4618 enim,
767 4571 829 4609 se
869 4555 1011 4609 nihil
1058 4557 1314 4627 amplius
1363 4558 1705 4618 effecturum
1764 4566 1819 4620 in
1874 4569 2193 4642 discipulo,

552 4659 737 4716 quam
765 4642 999 4698 fecisset
1032 4644 1088 4697 in
1118 4644 1440 4713 magistro:
1477 4648 1621 4705 Huic
1669 4668 1931 4725 quoque,
1979 4658 2188 4730 inquit,

554 4731 768 4788 infelici
824 4731 1075 4788 Macario
1125 4732 1471 4790 sceleratum
1493 4745 1672 4809 caput
1726 4756 1865 4797 ense
1894 4750 2192 4818 quampri-

552 4874 712 4958 αὐτοῦ
776 4873 997 4958 κεφαλὴν
1048 4878 1179 4946 μετὰ
1247 4876 1594 4958 τῶν-λοιπῶν
1636 4886 1729 4933 σὺν
1780 4893 1850 4955 τῷ
1907 4886 2039 4958 ἁγίῳ
2100 4892 2188 4944 Εὐ-

555 4943 711 5021 δοξίῳ
766 4943 933 5021 ἀγίωχ
975 4943 1272 5021 μαρτύρων,
1312 4948 1385 5021 Aid
1446 4956 1531 5005 est
1592 4967 1602 5005 :
1654 4954 1779 5009 Una
2008 4943 2188 5019 ὶάνίε-

552 5017 836 5089 simogibi
882 5017 1174 5089 Zenone...
1216 5019 1321 5089 qui
1368 5022 1569 5088 gladio
1598 5026 1856 5081 occubuit
1898 5045 2026 5085 cum
2057 5017 2187 5088 retis

554 5089 681 5210 ἵιιίε
696 5087 1141 5144 Eudoxiisociis
1158 5092 1208 5145 et
1220 5087 1608 5158 martyribus,
1626 5096 1891 5152 Videlicet
1904 5087 2111 5157 militib
2123 5087 2188 5159 us

590 5158 709 5210 104.
743 5174 894 5210 auos
941 5166 1147 5210 nostea
1193 5160 1403 5210 eodem
1457 5164 1659 5210 mortis
1713 5181 1924 5210 αριιριιρ
1953 5180 2186 5210 enm-Inc

590 5158 709 5233 ωε,
743 5174 894 5233 quos
941 5160 1403 5233 posteaeodem
1456 5164 1659 5219 mortis
1713 5181 1925 5233 genere
1952 5158 2188 5231 secutus

552 5233 642 5297 est
674 5230 728 5297 S.
763 5230 1065 5294 Macarius,
1101 5230 1181 5284 uti
1212 5239 1485 5287 narratur
1525 5230 1775 5291 numero
1818 5239 2041 5297 ultimo.

626 5295 735 5383 (20)
766 5298 956 5383 Potuit
988 5315 1130 5383 uxor
1159 5317 1228 5355 ex
1262 5302 1473 5383 pietate
1506 5310 1916 5383 etreverentia
1952 5295 2189 5383 sangui-

554 5378 688 5454 nem
721 5368 913 5454 mariti
944 5370 1218 5454 colligere
1239 5368 1388 5436 {sed
1414 5377 1728 5434 verisimile
1751 5396 1868 5435 non
1888 5389 1994 5454 est,
2029 5368 2183 5441 nisi.

553 5440 737 5503 tyrem
769 5436 830 5490 id
864 5436 1197 5493 mandasse.

624 5503 735 5575 (2t)
767 5504 971 5561 Graeca
1009 5522 1129 5576 non
1168 5510 1390 5584 dicunt,
1446 5518 1795 5577 accersitam
1821 5520 2000 5579 fuisse
2031 5540 2042 5580 :
2078 5526 2185 5582 sed

2232 4431 2274 4484 D
2310 4420 2393 4453 σεν
2450 4405 2626 4474 ὄνομα,
2675 4410 2763 4457 καὶ
2815 4415 2993 4459 τοῦτον
3038 4407 3227 4462 ἐκείνου
3283 4414 3524 4483 μαθητὴν
3570 4417 3699 4485 ἔγνω
3733 4434 3745 4445 ’

2312 3179 2423 3233 ριον
2481 3159 2808 3219 ἐπισκήπτεν.
2854 3165 2960 3223 Τῆς
3006 3160 3066 3216 δὲ
3105 3168 3169 3217 τὰ
3219 3173 3315 3229 τῆς
3353 3166 3518 3238 ὅψεως
3555 3178 3622 3238 τῷ
3660 3170 3899 3243 εἰρημένῳ

2315 3252 2566 3322 Μακαρίῳ
2618 3249 3034 3321 ἀπαγγειλάσης,
3081 3258 3175 3312 τὴν
3225 3261 3484 3327 ταχίστην
3528 3257 3707 3318 ἐκεῖνος
3753 3258 3889 3331 παρά

2313 3340 2371 3389 τὸ
2450 3344 2766 3410 πραιτώριον
2852 3343 3065 3413 ἔρχεται
3118 3361 3129 3371 ·
3192 3348 3283 3396 καὶ
3358 3349 3555 3417 γνόντες
3622 3349 3773 3398 αὑτὸν
3843 3347 3892 3397 οἱ

2313 3432 2407 3485 τῆς
2436 3425 2646 3491 τάξεως,
2676 3428 2824 3490 ὅστις
2850 3432 2947 3499 εἴη,
3001 3430 3341 3495 συλλαϐόντες
3388 3434 3531 3494 εὐθὺς
3558 3436 3747 3505 ἄγουσι
3773 3436 3900 3506 πρὸς

2312 3516 2399 3565 τόν
2430 3516 2673 3587 ἡγεμόνα.
2732 3522 2832 3570 Καὶ
2879 3517 3070 3571 αὐτίκα
3117 3524 3210 3579 τὴν
3260 3524 3542 3596 θρησκείαν
3585 3522 3772 3584 ἐκεῖνος
3816 3528 3900 3575 καὶ

2312 3604 2370 3654 τὸ
2421 3607 2564 3674 γένος
2617 3606 2808 3677 ἠρώτα.
2868 3605 2927 3659 Ὀ
2986 3605 3065 3673 δὲ,
3121 3617 3437 3683 Χριστιανός
3491 3612 3616 3684 εἰμι,
3675 3621 3903 3685 Χριστοῦ

2315 3688 2516 3756 δοῦλος,
2551 3696 2680 3765 πρὸς
2723 3694 2878 3746 αὐτόν
2926 3695 3256 3770 ἀπεκρίνατο.
3297 3700 3543 3759 Ἑλλήνων
3575 3698 3635 3754 δε
3668 3704 3792 3754 θεῶν
3820 3706 3903 3753 καὶ

2312 3790 2406 3842 τῆς
2437 3780 2654 3852 βαθείας
2696 3788 2815 3855 περὶ
2861 3784 3052 3848 αὐτοὺς
3095 3786 3303 3851 ἀπάθης
3331 3788 3353 3863 [
3386 3791 3424 3845 ι.
3474 3790 3723 3862 ἀπάτης]
3753 3792 3906 3843 πάλαι

2310 3878 2643 3941 καταφρονεῖν
2702 3875 3003 3944 μεμάθηκα,
3080 3882 3231 3929 τοῦτό
3313 3897 3377 3950 με
3450 3888 3542 3931 τοῦ
3602 3883 3905 3953 θαυμαστοῦ

2311 3954 2563 4019 Εῦδοξίου
2635 3957 2970 4024 διδάξαντος.
3026 3963 3201 4017 Ἔνθεν
3266 3986 3346 4019 τοι
3421 3974 3509 4021 καὶ
3562 3978 3632 4040 τῷ
3682 3968 3905 4039 ἀληθινῷ

2311 4052 2423 4114 Θεῷ
2475 4047 2659 4098 θυσίαν
2718 4047 2938 4119 ἐμαυτόν
2994 4054 3129 4106 θύειν
3186 4054 3478 4127 ἐπείγομαι,
3531 4054 3604 4110 δι’
3636 4060 3697 4132 ᾖς
3748 4056 3903 4117 δυνη-

2312 4152 2472 4204 σομαι
2527 4141 2615 4187 καὶ
2665 4140 2751 4188 τόν
2799 4142 2976 4213 κύριόν
3025 4161 3125 4213 μου
3184 4141 3429 4207 Εὐδόξιον
3481 4151 3688 4218 ταχέως
3745 4167 3906 4201 κατα-

2306 4221 2478 4275 λαϐεῖν
2491 4268 2501 4279 .

2382 4310 2439 4365 Κ,
2502 4320 2559 4365 ,0
2613 4316 2624 4329 .
2756 4320 2765 4331 .
2934 4323 2942 4335 ,
3094 4323 3105 4333 .
3237 4324 3246 4336 .
3382 4330 3400 4340 -
3505 4324 3517 4341 .
3754 4331 3778 4345 ι.

2452 4355 2464 4368 .
2604 4334 2810 4387 ηγεμων
2864 4337 3032 4370 τοινυν
3080 4342 3149 4381 ως
3196 4340 3253 4373 το
3310 4342 3402 4375 του
3453 4320 3707 4388 Ευδοξίου
3751 4345 3905 4385 ηκου-

3797 4424 3904 4478 τοῖς

2307 4490 2437 4550 ὅλοις
2468 4491 2621 4553 εὐθὺς
2652 4491 3007 4564 ἑξαπορηθεὶς,
3048 4496 3167 4570 ᾔδει
3210 4503 3309 4572 γὰρ
3342 4505 3408 4561 ῶς
3436 4499 3587 4554 οὐδὲν
3621 4505 3670 4555 ἐν
3701 4513 3774 4575 τῷ
3800 4526 3901 4577 μα-

2309 4579 2437 4649 θητῇ
2471 4578 2618 4631 πλέον
2664 4580 2913 4647 ἀνύσειεν,
2959 4585 3008 4636 ἐν
3047 4595 3118 4657 τῷ
3149 4584 3462 4661 διδασκάλῳ
3488 4599 3641 4644 τοῦτο
3671 4596 3851 4664 μαθών
3884 4612 3896 4623 ·

2307 4671 2405 4718 Καὶ
2454 4668 2478 4718 ὁ
2526 4666 2884 4741 κακοδαίμων,
2936 4670 3089 4739 εἶπεν,
3141 4676 3291 4737 οὗτος
3343 4682 3609 4752 Μακάριος
3648 4681 3779 4754 ξίφει
3809 4688 3901 4742 τὴν

2302 4759 2494 4828 μιαρὰν
2543 4757 2763 4828 κεφαλὴν
2811 4764 2868 4810 τὸ
2914 4764 3079 4833 τάχος
3148 4763 3498 4839 ἀφαιρεθὴτω.
3562 4775 3660 4822 Καὶ
3714 4774 3903 4825 αὐτίκα

2300 4897 2610 4972 αὐτόκλητοι
2638 4907 2988 4972 παραστᾶσα,
3024 4904 3082 4958 id
3119 4911 3223 4972 est,
3259 4908 3541 4965 ultronea
3584 4925 3645 4965 se
3670 4915 3897 4969 sistens.

2372 4968 2495 5093 (22))
2518 4968 2878 5053 Christianos
2911 4990 3011 5044 per
3036 4968 3447 5058 contemptum
3498 4981 3766 5037 Galilasos
3786 4968 3897 5056 iap-

2398 5039 2453 5093 la
2502 5047 2602 5093 ant
2631 5042 2867 5093 ethnici.
2901 5061 3017 5093 (nm
3067 5048 3335 5093 cnnvimn
3381 5050 3517 5093 dpin
3566 5068 3724 5093 emno
3758 5071 3897 5093 nam

2301 5039 2602 5136 pellabant
2631 5042 2867 5136 ethnici:
2901 5039 3335 5136 quqrc‘onvicio
3381 5050 3541 5136 dein.
3566 5068 3724 5136 δωρεᾶ
3758 5039 3901 5136 usus

2298 5115 2384 5232 es:
2408 5110 2676 5189 Julianus
2691 5110 3191 5184 apostala.Videri
3218 5129 3471 5189 possunt
3491 5110 3668 5180 Macri
3692 5126 3751 5181 in
3778 5110 3905 5184 Hie-

2298 5195 2363 5232 ro
2392 5195 2577 5232 exico.

2298 5195 2577 5234 rorexwo.

2368 5252 2753 5341 (23:)Jlllenaea
2774 5254 2999 5341 habent
3071 5257 3234 5341 Ἑπτά
3279 5258 3343 5341 δὲ.
3364 5264 3568 5338 ἡμερῶν
3607 5267 3898 5341 παρελθου-

2299 5322 2644 5398 o®y_,_i_d__est,
2677 5330 2891 5389 septem
2920 5327 3121 5385 diebus
3152 5332 3389 5398 elapsis.

2369 5391 3007 5479 (2.2):Enﬁmvproprie
3028 5391 3563 5479 sonatGraecorum
3593 5424 3607 5475 ;
3633 5408 3742 5464 sed
3775 5410 3895 5479 hic,

2369 5413 2500 5471 me).
2519 5413 3005 5523 ωληνωνριιοὲτιε
3028 5413 3201 5457 sonat
3222 5413 3563 5462 Graecorum
3593 5424 3607 5475 ;
3633 5413 3742 5464 sed
3775 5413 3895 5479 hic,

2296 5462 2502 5517 utalibi
2523 5479 2699 5534 saepe,
2720 5469 2871 5535 sxgni
2921 5475 3015 5526 cat
3037 5474 3343 5541 gentilium
3371 5493 3475 5532 seu
3492 5478 3895 5548 ethnicorum,
