4142 6278
284 295 392 351 633
1490 303 1920 361 MARTYRIUM

2005 304 2029 357 ἱ.
2073 301 2298 359 SOZON
2303 303 2437 359 TIS.
3537 306 3641 362 634

283 421 333 472 οἱ
364 415 549 492 δήμιοι
586 422 651 472 τὰ
697 425 1123 495 προστεταγμένα
1169 422 1391 480 ἐποίουν.
1436 428 1587 480 Οὖτω
1616 430 1919 501 Μακάριοςε

2000 443 2158 483 mum
2183 430 2544 499 amputetur.
2567 427 2821 483 Lictores
2836 422 3038 482 autem
3054 426 3326 497 protinus
3352 426 3636 494 fecerunt,

285 509 349 569 ὡς
400 508 602 570 ἀληθῶς
649 510 674 559 ό
718 512 973 582 μακάριος
1018 516 1231 583 γίνεται,
1274 518 1364 566 καὶ
1407 524 1475 586 τῷ
1521 525 1618 568 τῶν
1657 520 1756 591 πρὸ
1787 517 1885 568 αὐ-

2004 532 2125 589 quae
2159 516 2307 587 jussi
2336 515 2588 572 fuerant.
2625 516 2835 587 Sicque
2866 515 3152 570 Macarius
3192 515 3257 569 ﬁt
3283 531 3488 572 revera
3527 520 3640 573 Ma-

284 604 377 650 τοῦ
428 600 705 672 μαρτύρων
787 618 935 670 χορῳ
1007 603 1406 655 κατατάττεται.
1486 609 1584 657 Καὶ
1653 613 1883 657 τοιοῦτον

1999 605 2207 670 carius,
2265 606 2425 676 quod
2472 608 2562 659 est
2592 604 2803 658 beatus
2836 603 2966 673 (25).
3012 606 3074 658 Et
3131 603 3187 657 hi
3228 605 3495 672 generosi
3528 606 3635 661 viri

286 688 334 737 οἱ
385 694 611 757 γενναῖοι
666 689 798 739 κατὰ
862 696 953 740 τοῦ
1016 697 1190 742 κοινοῦ
1236 700 1333 753 τῆς
1384 695 1580 764 φύσεως
1636 693 1882 766 πολεμίου

2002 694 2107 749 tale
2136 698 2426 764 tropaeum
2457 697 2771 748 erexerunt
2793 690 3083 746 adversus
3113 706 3501 747 communem
3527 693 3638 749 ho-

286 776 512 831 ἔστησαν
557 780 825 850 τρόπαιον,
876 777 926 829 ἐν
965 779 1104 848 αὐτῷ
1157 786 1389 851 Χριστῷ,
1458 787 1641 856 Πατρὶ,
1669 787 1758 835 καὶ
1812 791 1882 853 τῷ

2000 787 2141 836 stem
2167 787 2393 836 naturas
2423 782 2482 836 in
2514 781 2644 851 ipso
2671 778 2899 836 Christo
2916 781 3052 847 Deo,
3080 783 3134 832 et
3166 779 3337 833 Patre
3365 780 3636 852 principii

287 868 524 935 παναγίῳ
574 869 664 917 καὶ
702 863 880 936 ἀγαθῷ
926 868 1201 938 Πνεύματι·
1236 872 1313 920 ὅτι
1352 869 1490 940 αὐτῷ
1517 875 1698 944 πρέπει
1729 867 1877 934 δόξα,

1999 875 2248 941 experte,
2285 874 2341 925 et
2374 875 2581 925 sancto
2621 875 2676 924 et
2707 868 2867 923 bono
2900 867 3135 937 Spiritu,
3172 867 3462 938 quoniam
3496 885 3635 926 eum

284 956 499 1024 κράτος,
547 959 695 1025 τιμὴ,
741 959 830 1005 καὶ
878 958 1230 1026 προσκύνησις
1278 966 1365 1010 νῦν
1408 963 1502 1011 καὶ
1538 957 1635 1023 ἀεὶ,
1686 964 1773 1012 καὶ
1814 959 1882 1021 εἰς

1999 959 2159 1014 decet
2188 959 2375 1031 gloria
2403 963 2457 1015 et
2502 957 2790 1030 potentia,
2822 956 3015 1011 honor
3065 960 3122 1011 et
3154 956 3427 1012 adoratio
3478 972 3635 1013 nunc

283 1045 405 1103 τοὺς
434 1041 623 1102 αἰῶνας
646 1050 746 1094 τῶν
772 1042 967 1095 αἰώνων
1018 1045 1207 1117 Ἀμήν.

1991 1054 2045 1105 et
2076 1048 2137 1104 in
2170 1047 2390 1103 saecula
2415 1048 2789 1103 saeculorum.
2822 1048 3034 1100 Amen.

357 1216 928 1293 (25)_Apo_graphum
968 1222 1540 1293 nostrumGraacum
1579 1222 1745 1279 addit
1783 1238 1874 1277 se-
1984 1228 2320 1292 martyrum
2342 1224 2522 1279 choro
2551 1222 3030 1293 inseriturmuaa
3047 1222 3209 1293 apud
3235 1222 3633 1292 Lipomanum

282 1288 560 1356 quentia:
590 1289 667 1343 Et
683 1288 1061 1361 illorum,qui
1077 1297 1215 1347 ante
1233 1291 1587 1361 ipsumpassz‘
1597 1295 1869 1363 fuerant,
1983 1299 2040 1348 et
2070 1288 2309 1349 Surium
2337 1295 2565 1350 omissa
2595 1298 2751 1348 sunt.
2865 1288 2871 1289 ί
2913 1288 2932 1293 ⁷
3088 1288 3105 1293 “
3204 1334 3209 1339 ς

1722 1602 2212 1692 ΛΘΛΗΣΙΣ

1107 1808 1239 1856 ΤΟΥ
1277 1807 1475 1857 ΑΓΙΟΥ
1515 1808 1626 1856 ΚΑΙ
1665 1805 1967 1856 ΕΝΔΟΞΟΥ
2003 1809 2349 1857 ΜΑΡΤΥΡΟΣ
2385 1809 2515 1856 ΤΟΥ
2550 1808 2833 1858 ΧΡΙΣΤΟΥ

1357 1994 2595 2173 ΣΩΖΟΝΤΟΣ

907 2302 1269 2352 ΠΑΘΟΝΤΟΣ
1310 2305 1394 2351 ΕΝ
1436 2304 1701 2353 ΚΙΛΙΚΙΑ
1747 2305 1922 2354 ΠΔΡΔ
1962 2300 2395 2353 ΜΔΞΙΜῙΑΝΟΥ
2429 2304 2563 2353 ΤΟΥ
2596 2304 2971 2354 ΔΥΣΣΕΒΟΥΣ.

1649 2649 1797 2735 MA
1814 2645 2323 2734 BTYRIUM

1138 2844 1410 2907 SANGTI
1454 2845 1549 2903 ET
1593 2842 1955 2904 GLORIOS]
2003 2843 2403 2906 MARTYRIS
2448 2845 2753 2908 CHRISTI

1627 3025 2316 3148 SOZONTIS

861 3240 997 3316 QUI
1037 3238 1328 3303 PASSUS
1368 3236 1523 3300 EST
1568 3236 1664 3299 IN
1704 3235 2005 3301 CILICIA
2046 3236 2285 3301 JUSSU
2329 3238 2497 3303 IMR

1453 3236 1523 3298 iT
1568 3236 1664 3299 IN
1704 3235 2005 3301 CILICJA
2046 3236 2285 3301 JUSSU
2329 3238 2557 3303 ΙΜΡΙῙ
2595 3242 3089 3305 ΜΑΧΙΜΙΑΝΙ.

676 3429 879 3492 (Latine
906 3428 1048 3493 apud
1084 3427 1301 3478 Surium
1320 3425 1390 3475 ad
1415 3425 1557 3476 diem
1591 3427 1620 3475 7
1653 3428 1784 3490 sapt.
1810 3440 1824 3485 ;
1854 3425 2031 3476 Graece
2065 3438 2131 3475 ex
2158 3426 2276 3476 cod.
2310 3425 2471 3476 Graec.
2500 3429 2667 3485 Paris,
2704 3442 2756 3478 n.
2789 3430 2929 3487 1523,
2966 3443 3085 3480 saac.
3116 3432 3228 3493 xii.)

326 3608 404 3663 A'.
488 3607 816 3678 Μαξιμιανοῦ
876 3616 966 3667 τῆς
1027 3606 1260 3667 Κιλικίας
1305 3606 1722 3676 ἡγεμονεύοντος,
1780 3606 1869 3654 καὶ
1904 3601 1948 3655 Β

2048 3602 2089 3654 Ι.
2107 3602 2255 3658 Cum
2270 3604 2664 3661 Maximianus
2678 3611 2838 3663 esset
2852 3606 3319 3680 pmsesCilicias,
3338 3610 3395 3661 et
3411 3605 3619 3677 impie-

256 3701 327 3751 τὰ
375 3705 478 3757 τῆς
528 3694 768 3757 ἀσεϐείας
796 3695 967 3757 αὔξειν
1016 3714 1068 3747 τε
1115 3700 1204 3748 καὶ
1250 3695 1336 3749 ἐπὶ
1369 3698 1504 3766 μέγα
1532 3696 1693 3764 α’ίρειν
1736 3693 1871 3743 κατά

1988 3695 2159 3747 tatem
2186 3707 2404 3761 augere
2434 3699 2488 3748 et
2516 3694 2808 3760 extollere,
2837 3696 3256 3750 convenienter
3285 3694 3478 3749 edicto
3510 3695 3624 3750 im-

253 3792 315 3840 τό
366 3787 600 3858 πονηρόν
657 3792 755 3835 τῶν
800 3786 1125 3853 κρατούντων
1180 3786 1443 3856 ἐπίταγμα
1492 3779 1586 3834 διὰ
1634 3776 1870 3839 σπουδῆς

1985 3786 2339 3851 peratorum,
2373 3798 2595 3853 magno
2648 3783 2843 3838 studio
2910 3782 3302 3860 contenderet,
3366 3783 3621 3840 venisset

249 3879 551 3946 τιθεμένου,
584 3877 996 3945 παραγεγονότος
1043 3868 1103 3925 δε
1154 3877 1244 3925 καὶ
1296 3876 1344 3925 ἐν
1392 3872 1521 3943 αὐτῇ
1573 3877 1867 3941 Πομπειου-

1989 3875 2174 3925 iutem
2200 3870 2259 3925 in
2286 3870 2480 3942 ipsam
2521 3886 2756 3944 quoque
2791 3872 3000 3927 Ciliciae
3043 3871 3535 3943 Pompeiopolim,
3568 3876 3625 3928 et

249 3966 405 4019 πόλει
461 3970 554 4023 τῆς
602 3961 854 4026 Κιλικίας,
888 3966 977 4013 καὶ
1031 3965 1088 4013 τὸ
1145 3960 1249 4014 ἕκιί
1290 3967 1574 4033 τιμώμενον
1627 3965 1867 4030 χρυσοῦν

1985 3975 2245 4024 aureum,
2258 3960 2425 4031 quod
2439 3960 2554 4015 illic
2566 3960 3287 4025 colebatur,simulacrum
3304 3960 3621 4033 splendido

250 4055 474 4126 ἄγαλμα
506 4054 667 4124 θυσίᾳ
712 4070 766 4104 τε
804 4051 1054 4124 φιλοτίμῳ
1102 4056 1192 4102 καὶ
1241 4060 1302 4123 τῇ
1360 4050 1482 4123 ἄλλῃ
1534 4047 1741 4123 σπουδῇ
1793 4069 1869 4100 τι·

1986 4048 2266 4104 sacriﬁcio
2308 4054 2365 4104 et
2392 4049 2507 4105 alio
2548 4050 2746 4104 studio
2775 4050 3113 4113 honoraret,
3167 4055 3222 4104 et
3251 4050 3333 4104 sic
3369 4055 3622 4105 ostenta-

249 4152 478 4217 μῶντος,
536 4146 623 4193 καὶ
677 4143 870 4199 ταύτην
913 4146 1001 4199 τὴν
1046 4140 1237 4192 οἰκείαν
1289 4136 1711 4211 δεισιδαιμονίαν
1760 4137 1868 4189 ἐπι-

1983 4142 2061 4191 ret
2086 4154 2259 4192 suam
2303 4138 2518 4192 falsam
2558 4138 2946 4205 religionem:
2979 4138 3229 4209 quidam
3270 4138 3619 4193 adolescens

251 4230 584 4291 δεικνύοντος
614 4249 623 4258 ·
652 4235 913 4291 νεανίσκος
960 4249 1040 4291 τις
1085 4226 1325 4302 πατρίδα
1353 4232 1441 4300 μὶν
1473 4231 1609 4298 ἔχων
1656 4234 1868 4280 Λυκαο-

1986 4225 2222 4294 patriam
2255 4224 2482 4280 habens
2496 4226 2876 4296 Lycaoniam,
2896 4232 2953 4280 et
2981 4226 3059 4281 ab
3084 4231 3216 4281 ortu
3246 4225 3488 4297 quidem
3518 4228 3622 4281 Ta-

249 4327 389 4386 νίαν,
442 4325 535 4371 καὶ
585 4322 868 4392 Tarpeia-tog,
917 4322 975 4370 τὸ
1018 4318 1118 4371 ἀπὸ
1167 4322 1413 4388 γενέσεως
1461 4320 1640 4386 ὄνομα,
1687 4316 1869 4375 Σώξων

1984 4312 2191 4375 rasius,
2219 4312 2279 4366 in
2309 4311 2513 4367 divino
2542 4318 2738 4368 autem
2781 4314 3080 4384 baptismo
3123 4316 3310 4369 Sozon
3352 4314 3620 4370 denomi-

254 4407 317 4463 δὶ
376 4416 454 4477 τῷ
515 4409 631 4478 θείῳ
664 4406 996 4479 βαπτίσματι
1032 4406 1456 4477 μετονομασθεὶς,
1491 4408 1580 4454 καὶ
1626 4411 1697 4472 τῷ
1742 4422 1868 4475 προ-

1981 4405 2174 4464 natus,
2234 4416 2368 4456 cum
2408 4401 2605 4472 priore
2652 4401 2770 4457 vita
2813 4402 3031 4456 amisso
3075 4417 3314 4474 quoque
3352 4404 3617 4471 nomine,

255 4500 391 4569 τίρῳ
466 4492 573 4565 βίῳ
645 4492 1013 4545 συναποϐαλὼν
1066 4496 1156 4544 καὶ
1222 4496 1281 4543 τό
1350 4494 1527 4562 ὄνομα,
1598 4489 1869 4561 προϐάτων

1985 4504 2111 4544 sum
2150 4494 2304 4544 esset
2357 4495 2558 4559 pastor
2603 4490 2829 4555 ovium,
2873 4489 2938 4544 ﬁt
3000 4491 3175 4545 etiam
3234 4489 3621 4545 nihilominus

256 4587 461 4654 ποιμὴν
518 4585 605 4647 ὤν,
661 4578 810 4635 οὐδὲν
858 4582 1013 4639 ἧττον
1057 4585 1147 4633 καὶ
1204 4579 1481 4654 ἀνθρώπων
1529 4578 1739 4650 ἐγίνετο.
1776 4582 1870 4644 Οἷς

1986 4585 2183 4650 pastor
2210 4578 2545 4634 hominum.
2580 4581 2724 4634 Nam
2747 4579 2807 4635 in
2845 4578 3066 4651 quibus
3087 4578 3232 4635 locis
3270 4578 3528 4649 degebat
3563 4578 3622 4634 in

257 4674 363 4745 γὰρ
416 4670 480 4720 ἄν
530 4673 668 4722 κατὰ
726 4674 1070 4741 ποιμαντικὴν
1127 4668 1497 4741 ἔπιχωριάσειε
1542 4674 1743 4736 τόποις,
1801 4672 1866 4721 εἰ·

1982 4668 2266 4738 pastione,
2298 4667 2415 4723 illic
2468 4683 2679 4723 omnes
2738 4668 3070 4740 excipiebat
3124 4668 3400 4723 convivio
3456 4666 3618 4721 verbi

260 4765 385 4813 στία
414 4777 469 4812 τε
513 4763 632 4820 τοὺς
676 4758 776 4812 ἐκεῖ
804 4761 995 4821 πάντας
1037 4767 1109 4830 τῷ
1150 4759 1287 4830 λόγῳ
1330 4766 1420 4818 τῆς
1464 4757 1747 4821 εὐσεϐείας,
1780 4765 1869 4811 καὶ

1986 4758 2227 4829 pietatis,
2255 4762 2309 4813 et
2339 4757 2757 4813 introducebat
2804 4758 2865 4812 in
2899 4758 2995 4812 Dei
3028 4756 3364 4812 mandram.
3393 4757 3491 4811 Hic
3535 4756 3622 4810 vir

260 4848 482 4908 πολλοὺς
530 4848 600 4908 εἰς
629 4852 722 4906 τὴν
765 4855 855 4900 τοῦ
900 4851 1034 4901 Θεοῦ
1076 4844 1312 4921 μάνδραν
1357 4846 1674 4904 εἰσήλαυνεν.
1712 4848 1865 4919 Ἀνὴρ

1985 4862 2111 4901 sum
2142 4853 2295 4902 esset
2321 4846 2586 4902 moribus
2614 4847 2855 4917 quidem
2886 4845 3088 4901 hilaris
3118 4845 3372 4909 etmitis,
3406 4844 3463 4898 in
3492 4843 3621 4914 lege

259 4938 410 4998 οὗτος
460 4936 637 5010 ἱλαρός
680 4939 769 5009 μεν
816 4940 871 4988 τὸ
917 4933 1041 4999 ἦθος
1088 4942 1177 4988 καὶ
1223 4942 1400 5009 πρᾶος,
1434 4934 1483 4987 ἐν
1531 4945 1599 5005 τῷ
1628 4940 1767 5008 νόμῳ
1808 4933 1866 4989 δε

1983 4943 2173 4991 autem
2210 4936 2705 4992 Dominihaberet
2730 4935 3116 5000 voluntatem,
3159 4940 3215 4988 et
3243 4935 3303 4989 in
3329 4948 3401 4989 ea
3419 4937 3619 4989 noctes

258 5034 354 5080 τοῦ
408 5028 607 5098 Κυρίου
660 5028 718 5077 τὸ
768 5026 964 5097 θέλημα
1008 5028 1164 5097 ἔχων,
1211 5031 1300 5079 καὶ
1350 5024 1397 5076 ἐν
1457 5025 1597 5094 αὐτῷ
1650 5025 1867 5095 μελετῶν

1987 5032 2031 5081 at
2060 5027 2182 5082 dies
2215 5026 2594 5081 meditaretur
2624 5025 2665 5089 ί,
2726 5040 2797 5080 ea
2836 5024 3060 5080 ratione
3117 5036 3226 5077 nec
3280 5022 3623 5093 prophetica

261 5117 460 5188 ἡμέρας
492 5133 547 5167 τε
575 5119 665 5167 καὶ
693 5117 891 5178 νυκτὸς,
926 5117 1090 5187 ταύτῃ
1121 5133 1204 5166 τοι
1233 5111 1371 5187 μηδέ
1400 5121 1490 5166 τοῦ
1544 5121 1867 5189 προφητικοῦ

1064 5134 1090 5187 ῃ
1121 5133 1204 5166 τοι
1233 5111 1371 5187 μηδὲ
1400 5121 1490 5166 τοῦ
1544 5121 1867 5189 προφητικοῦ
1976 5116 2288 5171 frustratur
2314 5113 2700 5171 beatitudine.

259 5201 502 5256 ἕκπίπτει
535 5210 901 5275 μακαρισμοῦ.

333 5292 404 5345 B'.
453 5292 601 5344 Κατοί
648 5310 764 5343 τινα
790 5298 915 5361 γοῦν
958 5308 1081 5343 ποτε
1126 5295 1297 5361 πηγὴν
1345 5298 1416 5359 τῷ
1466 5292 1688 5352 Σώςοντι
1728 5310 1867 5363 γενο-

2046 5293 2261 5347 ll.Cum
2285 5293 2483 5346 autem
2502 5289 2716 5345 fuisset
2735 5287 3058 5360 aliquando
3074 5289 3261 5344 Sozon
3278 5287 3336 5341 in
3354 5287 3623 5358 quodam

262 5384 416 5452 μένῳ,
452 5384 544 5432 καὶ
574 5387 637 5452 τῇ
687 5398 739 5432 τε
790 5386 932 5451 πηγῇ
988 5386 1050 5451 τῇ
1101 5398 1154 5432 τε
1197 5384 1575 5453 περιπεφυκυίᾳ
1627 5384 1714 5438 τὴν
1766 5399 1863 5438 πη-

1994 5378 2993 5453 oco,quihabebatfontem,etfonte
3006 5376 3469 5449 herbaque,quae
3482 5381 3629 5433 nata

338 5558 357 5595 ί
392 5555 544 5614 Psal.
573 5571 614 5623 ι,
646 5558 701 5611 2.
