4142 6278
567 322 672 377 635

1876 306 2137 365 MENSIS
2168 306 2609 367 SEPTEMBER.

3818 305 3932 361 636

570 444 884 514 eratjuxta
932 441 1176 505 fontem,
1229 452 1467 511 gregem
1507 438 1797 509 pasceret,
1848 450 1985 490 eum
2034 431 2210 488 valde

2337 439 2420 501 γὴν
2461 440 2565 508 πόᾳ
2605 441 2662 488 τό
2741 440 2970 507 ποίμνιον
3026 434 3287 497 ἑστιῶντι,
3349 434 3509 495 ὕπνος
3555 432 3697 502 αὐτῷ
3785 432 3933 500 μάλα

570 536 940 604 opportunus
996 536 1051 585 et
1093 529 1293 585 suavis
1346 542 1594 582 somnus
1646 523 1880 588 invasit,
1930 527 1986 578 et
2016 521 2215 576 divina

570 620 852 691 quaedam
885 618 961 673 ad
993 634 1131 673 eum
1187 616 1415 672 accedit
1441 614 1608 670 visio.
1643 612 1802 668 Visio
1837 616 2033 666 autem
2077 626 2213 665 eum

572 707 765 775 magis
791 707 1121 770 confirmat,
1153 711 1210 761 et
1229 704 1280 759 ei
1311 704 1582 760 animum
1603 701 1769 758 addit
1796 700 1875 756 ad
1915 701 2212 771 pietatem.

572 794 795 849 Deinde
825 794 1003 849 etiam
1042 793 1263 849 revelat
1292 793 1565 862 gratiam,
1598 807 1733 863 quae
1760 790 1838 845 ad
1869 788 2068 844 locum
2095 792 2219 843 erat

570 883 827 953 desuper
868 881 1227 937 devolatura.
1282 880 1401 936 Erit
1446 879 1624 944 enim,
1673 878 1883 949 inquit,
1940 876 2035 931 hic
2073 891 2219 948 pras-

570 985 708 1026 sens
754 969 919 1025 locus
967 969 1169 1025 multis
1217 969 1393 1036 utilis,
1434 974 1489 1024 et
1528 968 1691 1039 apud
1730 967 1927 1037 ipsum
1968 964 2219 1019 salutem

572 1060 890 1125 invenient,
946 1064 1002 1113 et
1026 1058 1444 1128 gloriﬁcabunt
1478 1057 1838 1114 Trinitatem.
1868 1056 2013 1111 Cum
2062 1052 2219 1108 illinc

572 1153 772 1203 autem
805 1149 1446 1218 surrexissetegregius
1472 1146 1569 1201 ille
1592 1151 1815 1216 pastor,
1846 1142 2009 1198 venit
2053 1142 2223 1196 Pom-

574 1235 916 1307 peiopolim.
958 1240 1015 1292 et
1050 1251 1188 1291 cum
1229 1235 1287 1290 in
1337 1250 1409 1290 ea
1437 1235 1681 1306 quidem
1740 1232 1985 1286 vidisset
2013 1229 2222 1285 ﬂorere

573 1323 961 1394 impietatem,
996 1328 1370 1394 contemptas
1410 1326 1609 1377 autem
1657 1335 1784 1374 esse
1823 1335 1914 1373 res
1953 1317 2223 1374 Christia-

574 1426 811 1475 norum,
844 1416 900 1467 et
952 1426 1183 1466 summe
1211 1411 1529 1480 neglectas,
1567 1424 1687 1464 non
1743 1407 1930 1479 potuit
1981 1405 2042 1462 id
2074 1406 2224 1461 ferre

574 1497 809 1571 placide
851 1516 864 1565 ;
893 1498 996 1554 sed
1039 1514 1141 1555 cor
1164 1498 1318 1553 illius
1344 1503 1581 1570 repente
1620 1495 1834 1551 invasit
1866 1495 2138 1566 impetus,
2170 1498 2226 1549 et

577 1602 715 1641 cum
753 1587 1012 1643 venisset
1070 1587 1146 1643 ad
1192 1586 1504 1658 templum,
1564 1587 1621 1641 in
1668 1601 1789 1656 quo
1822 1584 2015 1639 stabat
2045 1598 2228 1638 aurea

576 1678 791 1741 statua,
826 1675 1143 1748 confringit
1181 1692 1425 1731 manum
1460 1675 1584 1746 ejus
1624 1673 1926 1729 dexteram
1963 1694 1974 1735 ;
2009 1678 2063 1727 et
2089 1686 2225 1726 cum

2324 528 2559 597 εὔκαιρος
2632 523 2839 595 ἀφίκετο
2878 528 2968 575 καὶ
3013 523 3208 593 γλυκὺς
3263 528 3353 576 καὶ
3411 523 3532 594 ὄψις
3580 526 3933 593 παραγίνεται

2326 614 2574 685 θειοτέρα.
2627 612 2683 664 Ἠ
2740 609 2797 664 δὲ
2827 612 2948 682 ὄψις
2988 613 3211 686 ῥώννυσί
3264 632 3318 665 τε
3367 613 3555 684 μᾶλλον
3607 612 3768 663 αὐτόν
3800 616 3934 683 πρὸς

2326 698 2606 765 εὐσέϐειαν,
2655 705 2744 752 καὶ
2785 702 2978 772 θάρσος
3022 698 3237 758 ἐνίησιν.
3295 698 3419 753 Εἶτα
3460 706 3548 753 καὶ
3587 702 3752 773 χάριν
3799 700 3930 750 ἄνω-

2329 792 2407 842 θεν
2464 797 2791 848 καταπτῆναι
2864 798 2936 859 τῷ
3016 793 3157 861 τόπῳ
3226 790 3513 861 μέλλουσαν
3594 788 3930 840 ὲκκαλύπτει.

2326 879 2515 931 Ἐσται
2570 882 2670 951 γὰρ
2720 880 2745 930 ό
2795 884 2971 950 παρὼν
3019 875 3183 942 οὗτος,
3234 882 3349 951 ἔφη,
3401 884 3553 939 τόπος
3611 878 3816 938 πολλοῖς
3858 877 3930 936 εἰς

2328 968 2585 1040 ὠφέλειαν,
2643 971 2901 1041 σωτηρίαν
2974 985 3027 1019 τε
3081 967 3203 1037 παρ’
3265 967 3403 1037 αὐτῷ
3473 969 3779 1039 εὑρήσουσι,
3834 972 3929 1020 καὶ.

2327 1062 2420 1114 τὴν
2463 1054 2670 1124 Τριάδα
2722 1054 3029 1117 δοξάζοντες
3085 1058 3307 1111 ἰσονται.
3375 1057 3599 1109 Ἐκεῖθεν
3666 1060 3839 1107 τοίνυν
3903 1057 3931 1105 ὀ

2328 1145 2485 1206 καλός
2546 1144 2733 1205 ἐκεῖνος
2774 1148 2969 1215 ποιμὴν
3024 1144 3250 1206 ἀναστὰς
3309 1145 3379 1206 εἰς
3423 1149 3517 1202 την
3568 1146 3932 1215 Πομπειούπο-

2327 1235 2405 1286 λιν
2462 1234 2574 1297 ἧκε,
2634 1239 2723 1285 καὶ
2776 1232 3028 1285 ἀνθοῦντα
3080 1237 3169 1305 μὲν
3215 1234 3352 1286 οὕτω
3403 1235 3469 1286 τὰ
3538 1241 3633 1295 τῆς
3688 1231 3935 1292 ἀσεϐείας

2334 1319 2459 1375 ἰδὼν
2508 1322 2555 1373 ἓν
2611 1322 2762 1393 αὐτῇ,
2813 1327 3185 1396 παρεωραμένα
3232 1320 3292 1375 δὲ
3338 1326 3405 1374 τὰ
3457 1329 3810 1395 Χριστιανῶν,
3842 1326 3935 1372 καὶ

2334 1410 2405 1471 εἰς
2462 1412 2689 1481 ἔσχατον
2745 1410 3083 1482 ἀμελούμενα,
3138 1411 3231 1463 οὐκ
3282 1409 3516 1469 ἠδυνήθη
3571 1412 3752 1481 πράως
3807 1412 3937 1462 ὑπε-

2332 1507 2540 1570 νεγκεῖν,
2598 1497 2703 1549 ἀλλ’
2757 1501 2889 1573 όρμή
2953 1519 3006 1551 τε
3058 1504 3145 1557 τὴν
3205 1499 3395 1551 ἐκείνου
3471 1496 3694 1573 καρδίαν
3783 1499 3937 1558 εὐθὺς

2336 1589 2475 1651 ὀξεῖα
2528 1585 2725 1653 εἰσεδυ,
2779 1593 2869 1640 καὶ
2925 1592 3068 1662 παρὰ
3118 1592 3204 1640 τόν
3250 1592 3371 1640 ναόν
3428 1591 3545 1640 ἔνθα
3599 1594 3656 1640 τό
3720 1590 3939 1660 ἄγαλμα

2339 1679 2566 1733 εἱστήκει
2621 1681 2676 1729 τὸ
2728 1686 2966 1750 χρυσοῦν
3018 1677 3320 1749 ἀφικόμενος
3376 1682 3461 1735 τὴν
3529 1685 3688 1752 χεῖρα
3743 1682 3939 1730 τούτου

580 1779 715 1818 eam
756 1765 1140 1831 vendidisset,
1174 1765 1462 1820 succurrit
1493 1762 1712 1824 multis.
1749 1764 1850 1835 qui
1887 1762 1999 1816 illic
2038 1763 2227 1822 erant,

2344 1762 2513 1828 δεξιὰν
2555 1766 2855 1840 ἁποθραύει,
2904 1772 2990 1818 καὶ
3035 1774 3190 1838 τιμῆς
3241 1767 3403 1824 αὐτὴν
3451 1762 3768 1837 ἀποδόμενος
3814 1768 3939 1818 πολ-

577 1851 905 1922 egentibus.
938 1855 1061 1907 Non
1090 1852 1255 1909 latuit
1306 1853 1419 1908 hoc
1448 1852 1698 1907 aedituos
1730 1869 1742 1917 ;
1772 1851 1873 1905 sed
1922 1855 2232 1921 propterea

577 1939 742 2010 quod
791 1942 1084 1996 nescirent
1126 1941 1257 2012 quis
1307 1940 1556 2009 fecisset,
1611 1939 1777 1995 multi
1832 1939 2027 1993 statim
2074 1952 2233 1992 com-

579 2026 1097 2097 prehendebantur
1128 2028 1345 2093 miseri,
1379 2028 1480 2099 qui
1522 2026 1668 2083 nihil
1708 2026 1821 2083 tale
1869 2026 2149 2090 fecerant,
2181 2030 2235 2079 et

578 2117 1020 2172 accusabantur
1048 2117 1356 2189 sacrilegii,
1379 2117 1633 2188 reputati
1673 2115 2080 2171 maleﬁcorum
2108 2131 2233 2171 om-

580 2208 749 2262 nium
803 2205 1265 2271 sceleratissimi,
1333 2210 1395 2261 ut
1422 2205 1522 2277 qui
1581 2203 1849 2260 suﬂ‘urati
1903 2210 2101 2260 essent
2138 2204 2233 2259 dei

579 2295 924 2366 imaginem.
959 2299 1141 2351 Nemo
1177 2302 1377 2352 autem
1406 2296 1490 2351 eis
1506 2310 1682 2367 opem
1714 2294 1940 2350 ferebat
1968 2312 1981 2361 ;
2013 2295 2233 2366 sedqui

581 2389 751 2439 erant
782 2384 945 2454 prius
992 2385 1170 2438 amici
1202 2399 1303 2439 eos
1346 2384 1773 2440 aversabantur
1806 2401 1819 2450 ;
1848 2387 1902 2438 et
1956 2384 2235 2439 custodes

581 2472 833 2527 carceris
861 2472 963 2540 (ita
992 2472 1149 2527 enim
1199 2470 1619 2527 existimabant
1649 2487 1713 2526 se
1742 2470 1860 2526 diis
1897 2487 2026 2527 esse
2058 2472 2233 2541 grati-

580 2560 884 2631 ﬁcaturos)
943 2562 1192 2629 graviter
1220 2560 1568 2631 afﬂigebant
1619 2576 1744 2626 eos,
1788 2562 1886 2631 qui
1920 2561 2076 2632 capti
2113 2560 2236 2617 fue-

581 2654 734 2704 rant.

653 2736 746 2792 Ill.
774 2735 1109 2792 Generosus
1141 2743 1337 2791 autem
1373 2738 1559 2794 Sozon
1591 2736 1776 2793 libere
1809 2737 2011 2793 volens
2060 2738 2237 2809 proﬁ-

580 2825 687 2879 teri
742 2825 1044 2897 pietatem,
1078 2831 1134 2881 et
1180 2840 1280 2880 eos
1320 2825 1594 2889 liberare,
1621 2826 1724 2898 qui
1768 2826 1913 2882 nihil
1969 2826 2237 2883 sciebant

581 2930 653 2969 ex
684 2913 752 2967 iis
782 2929 918 2985 quas
952 2914 1103 2968 facta
1144 2913 1393 2981 fuerant,
1456 2917 1721 2988 seipsum
1751 2914 1954 2979 defert,
1989 2916 2234 2970 veniens

580 3002 657 3058 ad
689 3001 960 3066 aedituos,
990 3008 1043 3056 et
1065 3002 1271 3058 dicens
1302 3019 1364 3058 se
1390 3018 1528 3059 eum
1561 3020 1712 3073 esse,
1739 3004 1844 3075 qui
1873 3003 2235 3060 maleﬁcium

2340 1854 2447 1915 λοῖς
2487 1854 2670 1906 ἐκεὶθεν
2720 1864 2817 1906 τῶν
2862 1853 3043 1907 ἐνδεῶν
3120 1854 3350 1931 ἐπαρκεῖ.
3412 1855 3521 1908 Οὐκ
3578 1855 3726 1907 me:
3782 1865 3941 1908 τοῦτο

2342 1948 2460 2004 τοὺς
2510 1950 2809 2018 νεωκόρους,
2871 1942 2976 1996 ἀλλ’
3026 1944 3207 2016 ἀγνοίᾳ
3254 1952 3345 1997 τοῦ
3400 1940 3706 2016 δράσαντος,
3760 1945 3940 1998 πολλοὶ

2344 2033 2532 2085 αὐτίκα
2587 2031 3023 2105 συνελαμϐάνοντο
3077 2033 3266 2098 ἄθλιοι,
3348 2030 3512 2105 μηδεν
3558 2042 3762 2085 τοιοῦτο
3842 2034 3939 2106 εἰρ-

2342 2127 2613 2193 γασμένοι,
2659 2128 2749 2174 καὶ
2798 2123 3089 2195 ἱεροσυλίας
3142 2121 3437 2196 ἀπηταῦντο
3497 2119 3651 2183 δίκας
3696 2121 3936 2175 ἁπάντων

2343 2220 2439 2262 τῶν
2484 2210 2531 2262 ἐν
2583 2220 2652 2281 τῷ
2694 2209 3036 2285 δεσμωτηρίῳ
3080 2214 3381 2285 κακούργων
3430 2218 3753 2283 μιαρώτατοι
3799 2212 3939 2284 λογι-

2348 2301 2567 2365 σθέντες,
2640 2304 2707 2361 ὠς
2787 2308 2877 2352 τοῦ
2952 2302 3065 2352 θεοῦ
3152 2300 3491 2362 σεσυληκότες
3560 2305 3617 2352 τὸ
3704 2300 3935 2373 ἄγαλμα.

2345 2386 2581 2445 Ἐϐοήθει
2632 2384 2690 2439 δε
2721 2384 2914 2452 οὐδεὶς,
2968 2386 3094 2438 ἀλλὰ
3123 2392 3212 2439 καὶ
3260 2390 3308 2439 οἱ
3350 2392 3470 2448 τέως
3509 2388 3705 2462 ἑταῖροι
3750 2389 3942 2451 αὐτοὺς

2348 2474 2743 2550 ἀπεστρέφοντο,
2798 2481 2887 2528 καὶ
2935 2478 2985 2528 οἱ
3051 2478 3134 2529 ἐπὶ
3188 2485 3285 2527 τῶν
3341 2474 3548 2549 δεσμῶν
3604 2478 3763 2539 (οὐτω
3841 2482 3938 2552 γὰρ

2346 2566 2503 2636 ᾤοντο
2554 2567 2876 2638 χαρίζεσθαι
2923 2574 2995 2636 τῷ
3051 2567 3169 2637 θεῷ)
3231 2563 3411 2638 βαρεῖς
3484 2574 3591 2627 τοῖς
3662 2567 3939 2621 ἑαλωκόσιν

2346 2656 2643 2726 ἐφεστῶτες.

2420 2743 2492 2796 Γ’.
2541 2741 2607 2794 ”Ο
2666 2761 2723 2813 γε
2774 2746 2875 2813 μὴν
2923 2749 3148 2813 γενναῖος
3200 2742 3381 2802 Σωξων
3459 2742 3937 2817 παῤῥησιάσασθαί

2345 2851 2397 2884 τε
2426 2836 2518 2889 τὴν
2558 2830 2837 2895 εὐσέϐειαν,
2872 2835 2961 2882 καὶ
3003 2829 3262 2883 ἀπολῦσαι
3310 2833 3531 2894 τούτους
3580 2834 3763 2885 ἐθέλων
3793 2831 3935 2886 οὐδὲν

2347 2929 2444 2971 τῶν
2500 2924 2847 2991 γεγενημένων
2907 2917 3133 2983 εἰδότας,
3192 2920 3570 2993 προσαγγέλλει
3630 2921 3811 2974 ἑαυτὸν
3866 2923 3934 2974 ἐ)-

2350 3010 2448 3061 θὼν
2503 3008 2572 3068 εἰς
2622 3013 2741 3069 τοὺς
2806 3014 3083 3079 νεωκόρους
3134 3011 3202 3070 ὡς
3250 3011 3326 3065 εἴη
3381 3009 3668 3081 αὐτουργός
3716 3019 3806 3071 τῆς
3860 3010 3934 3063 ἐπὶ

579 3089 825 3145 admisit
878 3090 937 3144 in
970 3090 1314 3160 imaginem.
1348 3094 1664 3164 Postquam
1698 3099 1898 3148 autem
1923 3092 2037 3149 hoc
2065 3092 2227 3160 dixit,

2347 3100 2403 3149 τό
2470 3096 2680 3167 ἄγαλμα
2734 3096 2918 3155 ἐκεῖνος
2975 3094 3269 3157 ἕπιϐουλῆς.
3325 3094 3411 3157 Ὠς
3474 3093 3533 3149 δε
3579 3105 3730 3150 τοῦτο
3782 3096 3928 3163 εἶπεν,

579 3177 876 3233 abductus
923 3179 1190 3248 protinus
1223 3180 1330 3235 fuit
1358 3180 1433 3235 ad
1461 3180 1902 3237 Maximianum.
1932 3183 2063 3253 lpse
2094 3198 2234 3238 vero

578 3267 638 3321 in
679 3265 797 3321 alto
837 3267 1049 3321 sedens
1078 3268 1376 3336 tribunali,
1409 3284 1543 3324 cum
1574 3285 1713 3325 eum
1743 3276 2006 3326 curasset
2032 3270 2235 3326 sisten-

578 3354 743 3419 dum,
796 3360 852 3410 et
903 3372 1039 3410 cum
1088 3362 1316 3428 quanto
1373 3358 1561 3428 potuit
1621 3358 1777 3414 fastu
1834 3358 2230 3429 apparuisset,

578 3443 839 3515 primum
880 3444 1125 3516 quidem
1167 3461 1409 3510 nomen,
1466 3446 1684 3501 deinde
1746 3446 2110 3517 religionem,
2180 3452 2235 3501 et

577 3538 882 3604 postremo
924 3534 1204 3603 patriam,
1242 3550 1373 3605 qum
1400 3549 1536 3590 eum
1580 3534 1826 3603 tulisset,
1857 3535 2105 3605 rogavit.
2135 3534 2234 3591 Ille

578 3626 776 3675 autem
806 3637 820 3674 :
852 3620 1046 3676 Patria
1071 3621 1319 3692 quidem
1352 3623 1497 3678 mihi
1524 3627 1614 3679 est
1638 3624 1951 3695 Lycaonia,
1979 3640 2049 3679 ea
2072 3624 2232 3680 enim

577 3724 673 3763 me
704 3709 829 3763 tulit
863 3725 877 3774 ;
924 3715 1195 3779 parentes
1226 3726 1365 3765 vero
1397 3710 1474 3765 ab
1513 3716 1643 3766 ortu
1689 3712 1834 3767 mihi
1864 3728 2084 3768 nomen
2123 3713 2232 3770 im-

576 3802 924 3867 posuerunt,
982 3799 1256 3852 Tarasius
1290 3814 1304 3863 ;
1351 3798 1663 3855 Sozontem
1692 3805 1889 3855 autem
1938 3800 1998 3855 in
2028 3801 2234 3858 divino

577 3899 672 3939 me
704 3890 993 3939 vocarunt
1037 3884 1417 3955 baptismate.
1455 3887 1595 3941 Sum
1659 3888 1818 3943 enim
1846 3888 2231 3957 Christianus,

583 3970 879 4029 Christum
914 3972 1106 4028 solum
1129 3989 1331 4028 verum
1360 3973 1545 4029 Deum
1577 3976 1856 4040 adorans,
1881 3977 1984 4046 qui
2014 3978 2235 4034 creavit

584 4060 801 4117 coelum
826 4066 883 4117 et
899 4067 1132 4119 terram.
1159 4064 1483 4137 Cujusnam
1515 4069 1713 4121 autem
1741 4066 1821 4120 rei
1856 4082 2021 4131 usus,
2045 4067 2235 4138 inquit

576 4151 988 4219 Maximianus,
1043 4157 1097 4209 te
1152 4153 1267 4208 huc
1318 4154 1565 4211 adduxit
1610 4154 1639 4209 7
1686 4154 1971 4225 Prassum,
2020 4155 2230 4229 inquit,

579 4242 787 4308 Sozon,
821 4241 986 4310 gregi
1023 4242 1224 4298 ovium
1255 4259 1269 4298 :
1297 4249 1354 4299 et
1387 4260 1522 4315 quae
1552 4243 1695 4300 mihi
1729 4244 1861 4300 loca
1900 4243 2133 4305 ﬂorida.
2178 4252 2233 4301 et

579 4344 738 4401 aqua
764 4328 1157 4396 abundantia,
1193 4338 1249 4387 et
1297 4332 1371 4388 ad
1404 4335 1772 4405 pascendum
1805 4334 2055 4389 herbida
2090 4336 2232 4390 anni

576 4420 847 4488 tempora
890 4421 1299 4484 ostenderunt,
1334 4421 1411 4475 ad
1468 4437 1540 4476 ea
1600 4436 1715 4489 ago
1767 4436 1926 4476 oves.
1965 4422 2226 4477 Deinde:

577 4505 890 4568 Quomodo
946 4513 1164 4572 autem,
1224 4507 1410 4576 inquit
1452 4508 1862 4573 Maximianus,
1895 4525 1966 4565 eo
1997 4526 2229 4580 proces-

578 4590 705 4647 sisti
730 4592 1020 4656 audaciaa,
1052 4599 1114 4649 ut
1138 4593 1227 4648 dei
1251 4594 1552 4650 dexteram
1581 4596 1893 4653 abstuleris
1917 4598 1945 4653 ‘I

649 4681 741 4734 ιν.
776 4680 1081 4753 Excipiens
1122 4698 1260 4738 vero
1306 4684 1537 4740 Sozon:
1583 4685 1751 4750 Quod
1812 4703 1933 4743 non
1980 4688 2226 4744 audacis

574 4768 814 4841 quidem
848 4770 1020 4841 ccepti
1049 4770 1137 4840 sit,
1193 4772 1350 4843 quod
1384 4771 1605 4827 factum
1635 4778 1740 4838 est,
1778 4790 1972 4847 neque
1998 4776 2055 4830 id
2088 4792 2224 4847 pec-

576 4863 708 4914 cato
729 4857 943 4914 debeat
960 4858 1256 4929 imputari,
1280 4864 1416 4914 tuus
1435 4874 1697 4933 quoque,
1720 4867 1781 4916 ut
1807 4863 1952 4918 mihi
1978 4864 2222 4935 quidem

576 4946 824 5012 videtur,
858 4946 1008 5001 deus
1064 4952 1328 5002 testatur.
1362 4951 1559 5020 Neque
1581 4950 1733 5005 enim
1770 4966 1925 5021 aegre
1956 4950 2086 5017 fert,
2122 4968 2223 5008 nec

578 5039 862 5105 tanquam
891 5034 1107 5104 injuria
1133 5035 1402 5103 affectus,
1427 5053 1638 5108 aspere
1667 5040 1998 5113 quidquam
2026 5040 2225 5112 loqui-

577 5129 691 5177 tur.
733 5124 899 5187 Quod
927 5125 974 5179 si
1003 5141 1110 5179 vox
1141 5141 1380 5198 quoque
1411 5128 1461 5182 ei
1488 5127 1691 5199 aliqua
1717 5130 1968 5195 adesset,
1992 5131 2224 5188 videtur

578 5210 723 5264 mihi
752 5212 944 5279 potius
974 5229 1081 5267 vos
1112 5229 1241 5268 esse
1273 5223 1680 5282 accusaturus,
1720 5223 1776 5273 et
1801 5224 2002 5289 aperte
2032 5236 2223 5292 repre-

576 5297 889 5363 hensurus,
911 5300 1073 5370 quod
1100 5302 1299 5359 relicto
1330 5306 1599 5360 omnium
1630 5306 1871 5378 Opiﬁce,
1890 5308 2222 5367 inanimam

579 5382 913 5452 suspiciatis
955 5389 1284 5454 materiam,
1318 5398 1373 5448 et
1401 5408 1533 5448 eam
1566 5394 1741 5450 deum
1773 5412 1899 5451 esse
1929 5398 2220 5455 existime-

578 5472 672 5537 tis,
712 5484 817 5523 vos
858 5472 915 5525 in
948 5473 1385 5533 benefactorem
1427 5482 1807 5538 ostendentes
1861 5485 2124 5554 ingratos
2169 5494 2222 5543 et

578 5558 983 5614 immemores.
1018 5561 1128 5615 Sed
1178 5564 1227 5617 si
1258 5567 1365 5629 vis,
1410 5566 1602 5640 inquit
1630 5587 1869 5643 praises,
1894 5588 2015 5629 non
2042 5574 2221 5629 solum

2347 3185 2571 3256 ἀπήγετο
2621 3186 2769 3246 εὐθὺς
2817 3188 2947 3258 πρὸς
2988 3188 3073 3235 τὸν
3114 3184 3462 3255 Μαξιμιανόν.
3511 3191 3603 3238 Καὶ
3650 3187 3807 3247 αὐτὸς
3858 3185 3930 3257 ἐφ’

2345 3273 2548 3344 ὑψηλοῦ
2597 3273 2826 3343 μάλιστα
2868 3280 2959 3325 τοῦ
3015 3271 3254 3345 βήματος
3294 3276 3627 3347 προκαθίσας,
3671 3273 3824 3325 αὐτόν
3876 3291 3924 3324 τε

2344 3364 2808 3434 παραστησάμενος
2891 3366 2981 3413 καὶ
3038 3364 3105 3423 ὡς
3162 3363 3267 3413 οἷόν
3331 3382 3384 3415 τε
3441 3361 3655 3433 σοϐαρός
3731 3361 3923 3433 ὀφθεὶς,

2341 3458 2522 3525 πρῶτα
2551 3454 2639 3520 μὲν
2689 3454 2783 3507 τὴν
2830 3450 3032 3513 κλῆσιν,
3069 3447 3179 3502 εἶτα
3222 3456 3280 3503 τό
3322 3450 3494 3515 σέϐας,
3526 3454 3697 3503 ἔπειτα
3724 3455 3815 3503 καὶ
3842 3455 3931 3507 την

2342 3542 2677 3610 ἐνεγκαμένην
2737 3539 3066 3593 ἐπυνθάνετο.
3137 3539 3193 3591 Ὀ
3250 3536 3327 3604 δὲ,
3395 3545 3464 3593 Τὸ
3523 3543 3612 3611 μὲν
3670 3548 3765 3601 τῆς
3811 3544 3937 3611 γενέ-

2345 3647 2492 3691 σεως,
2546 3631 2660 3699 ἔφη,
2719 3630 2980 3702 Ταράσιον
3033 3631 3082 3681 οἱ
3155 3635 3386 3691 τεκόντες
3445 3631 3648 3694 ἔθεσαν,
3708 3630 3938 3690 Σώζοντα

2343 3714 2403 3769 δέ
2449 3736 2512 3789 με
2555 3724 2625 3768 τῶ
2680 3718 2794 3786 θείῳ
2843 3714 3178 3787 βαπτίσματι
3226 3722 3623 3789 μετωνόμασαν,
3682 3725 3938 3770 Λυκαονία

2343 3803 2403 3858 δέ
2452 3825 2542 3877 μοι
2590 3811 2800 3869 πατρὶς,
2850 3806 2981 3862 αὕτη
3027 3808 3125 3879 γάρ
3158 3826 3219 3877 με
3261 3812 3351 3859 καὶ
3392 3811 3592 3878 ἤνεγκε*
3630 3811 3938 3882 Χριστιανός

2343 3891 2403 3947 δέ
2449 3895 2572 3964 εἰμι,
2626 3898 2851 3968 Χριστόν
2905 3899 3055 3965 μόνον
3100 3899 3186 3946 τόν
3243 3894 3410 3955 ἀληθῆ
3453 3901 3575 3949 Θεὸν
3613 3906 3933 3970 προσκυνῶν,

2342 3982 2395 4042 ὃς
2425 3983 2597 4033 ἔκτισε
2622 3988 2707 4034 τὸν
2738 3983 2951 4054 οὐρανόν
2982 3989 3072 4035 καὶ
3113 3989 3205 4042 τὴν
3237 3992 3357 4055 γῆν.
3406 3990 3496 4047 Τίς
3530 3982 3588 4038 δε
3616 3987 3721 4061 ἄρα
3761 3993 3935 4059 χρεία,

2342 4070 2660 4139 Μαξιμιανός
2708 4075 2821 4143 ἔφη,
2872 4070 3089 4125 ἐνταῦθα
3148 4093 3204 4126 σε
3252 4073 3419 4145 ἤγαγε
3454 4079 3740 4145 ςΠοίμνης,
3789 4080 3934 4147 φησὶ,

2344 4159 2629 4233 προϐάτων,
2664 4162 2689 4212 ό
2729 4162 2928 4222 Σώζων,
2959 4164 3305 4236 προίσταμαι,
3351 4168 3441 4215 καὶ
3478 4162 3609 4235 ἅπερ
3638 4165 3699 4215 οἷν
3753 4164 3932 4223 εὐανθῆ

2340 4258 2439 4301 τῶν
2468 4254 2697 4321 χωρίων,
2728 4256 2814 4301 καὶ
2843 4248 3053 4325 ἔνυδρα,
3098 4256 3188 4303 καὶ
3230 4252 3445 4323 χλοερόν
3495 4252 3565 4314 εἰς
3614 4257 3778 4323 νομὴν
3827 4254 3939 4305 θάλ-

2338 4338 2492 4390 λοντα
2523 4337 2765 4401 δείξωσιν
2814 4341 2869 4391 αἱ
2900 4340 3051 4414 ὧραι,
3104 4340 3268 4393 ἒκεῖσε
3318 4336 3387 4398 δὴ
3443 4345 3532 4393 καὶ
3585 4345 3651 4393 τὰ
3704 4341 3939 4414 πρόϐατα

2340 4427 2633 4480 εἰσελαύνω.
2694 4424 2838 4493 Εἶτα,
2900 4433 2999 4480 Καὶ
3056 4436 3165 4490 πῶς
3230 4430 3352 4503 ἄρα,
3410 4434 3540 4500 φησί
3592 4429 3933 4501 Μαξιμιανὸς,

2339 4514 2409 4575 εἰς
2448 4524 2598 4567 τοῦτο
2648 4516 2837 4587 τόλμης
2867 4516 3159 4586 εἰλήλυθας,
3209 4520 3279 4579 ὡς
3327 4523 3418 4570 καὶ
3473 4522 3567 4577 τὴν
3616 4514 3793 4581 δεξιὰν
3847 4518 3938 4590 ὰφ-

2337 4602 2463 4656 ελεῖν
2495 4613 2584 4657 τοῦ
2619 4607 2753 4657 θεοῦ.

2407 4692 2477 4746 Δ’.
2521 4691 2812 4745 ’Υπολαϐὼν
2863 4698 3034 4745 τοίνυν
3086 4695 3111 4745 ό
3152 4695 3354 4756 Σὼξων·
3396 4694 3517 4748 ’Ὀτι
3699 4696 3795 4749 οὐκ
3824 4700 3938 4750 εστι

2333 4781 2527 4853 τόλμης
2565 4785 2622 4833 τό
2673 4786 3026 4853 γεγενημένον,
3087 4786 3201 4856 ἔφη,
3264 4781 3383 4837 οὐδ’
3438 4788 3487 4837 ἑν
3561 4785 3939 4859 ἁμαρτήματος

2333 4869 2467 4941 λόγῳ
2522 4872 2657 4923 θεῖτο
2707 4872 2769 4923 ἄν
2827 4891 2901 4932 τις
2962 4872 3106 4940 αὐτὸ,
3146 4878 3236 4926 καὶ
3287 4876 3312 4925 ό
3364 4877 3475 4943 σὸς,
3537 4877 3711 4947 ἔμοιγε
3768 4872 3933 4937 δοκεῖ,

2336 4960 2447 5019 θεὸς
2502 4968 2774 5033 μαρτυρεῖ.
2837 4964 2969 5013 Οὔτε
3023 4964 3124 5035 γὰρ
3183 4969 3392 5034 νεμεσᾷ,
3461 4964 3573 5016 οὔθ’
3640 4966 3705 5024 ὡς
3784 4984 3936 5037 περι-

2333 5045 2641 5121 υϐρισμένος
2695 5045 2861 5101 δεινὸν
2916 5048 3043 5110 όλως
3091 5052 3365 5122 φθέγγεται
3446 5052 3489 5105 εἰ
3541 5049 3601 5105 δέ
3640 5072 3775 5113 τινος
3832 5055 3939 5127 ἄρα

2331 5140 2420 5187 καὶ
2474 5145 2642 5208 φωνῆς
2704 5137 3022 5211 εὐπορήσειε,
3084 5136 3229 5192 δοκεῖ
3286 5159 3377 5211 μοι
3434 5140 3624 5212 μᾶλλον
3680 5143 3742 5193 ἄν
3813 5144 3938 5213 ὑμῖν

2333 5224 2483 5284 αὐτὸς
2539 5225 2817 5295 ἐγκαλέσαι
2873 5232 2961 5279 καὶ
3015 5236 3240 5301 φανερῶς
3304 5229 3638 5301 μέμψασθαι,
3698 5232 3776 5283 ὅτι
3848 5235 3940 5283 τὸν

2333 5316 2657 5384 Δημιουργόν
2713 5323 2809 5365 τῶν
2887 5316 3011 5367 ὅλων
3096 5315 3301 5389 ἀφέντες
3372 5322 3503 5391 πρός
3563 5323 3657 5377 τὴν
3719 5319 3941 5392 ἄψυχον

2332 5399 2455 5457 ὓλην
2506 5400 2781 5467 ἐπτόησθε,
2812 5408 2901 5455 καὶ
2951 5407 3145 5463 ταύτην
3194 5408 3408 5477 ἡγεῖσθε
3459 5409 3590 5473 θεὸν,
3642 5407 3943 5481 ἀχάριστοι

2333 5485 2542 5547 δηλαδὴ
2597 5496 2684 5543 καὶ
2755 5490 3040 5564 ἀγνώμονες
3093 5499 3208 5566 περὶ
3260 5500 3347 5547 τόν
3415 5496 3687 5568 εὐεργέτην
3740 5497 3942 5572 ἀναφα-

2331 5583 2512 5639 νέντες⁸
2563 5579 2699 5631 Ἀλλ’
2750 5582 2851 5652 εἴγε
2895 5580 3092 5655 βούλει,
3141 5589 3300 5655 φησὶν
3350 5586 3375 5636 ό
3423 5586 3651 5656 ἡγεμὼν,
3691 5591 3765 5659 μὴ
3807 5607 3943 5662 συγ-
