4142 6278
274 260 382 316 637

270 390 481 459 γνώμης
538 390 691 458 μόνον
766 395 968 459 τυχεῖν,
1042 387 1169 441 ἀλλά
1240 408 1380 451 τινος
1446 390 1730 454 ἀξιωθῆναι
1777 397 1867 445 καὶ
1902 393 1946 447 Α

272 473 517 546 ἀμοιϐῆς,
578 484 679 527 τῶν
730 475 899 548 λήρων
960 479 1154 529 τούτων
1222 477 1483 550 ἀφέμενος,
1533 490 1723 548 σῶσον,
1768 487 1868 534 Σώ-

276 566 396 627 ζων,
432 567 669 633 σεαυτόν,
704 570 795 617 καὶ
824 565 1121 638 προσελθὼν
1154 568 1311 618 θῦσον
1355 574 1464 629 τοῖς
1496 570 1643 630 θεοῖς.
1681 568 1739 621 Ὀ
1771 566 1830 621 δέ
1853 587 1863 598 ·

276 657 377 705 Καί
422 660 526 714 πῶς
574 653 633 705 ού
682 661 866 727 μακρῷ
908 660 997 706 καὶ
1041 655 1197 707 αὑτοῦ
1221 674 1279 726 γε
1309 654 1369 706 ἂν
1402 660 1508 714 εἵην
1559 656 1868 716 ἀναισθητό·

271 760 414 815 τερος
468 749 559 793 τοῦ
604 744 853 816 ὑμετέρου
898 745 1033 807 θεοῦ,
1105 746 1221 810 ἔφη,
1276 753 1430 797 τοῦτο
1482 752 1637 817 τιμᾷν
1697 747 1867 818 £169.5-

270 848 378 895 νος,
408 828 461 890 ὃς
493 824 617 881 οὐδε
661 829 819 892 αὐτὸς
848 832 1093 902 πάσχων,
1130 830 1336 903 ἀμύνειν
1371 834 1478 895 οἷός
1507 853 1561 886 τε
1589 831 1649 893 ἦν
1681 834 1865 907 ἐαυτῷ,

274 914 401 970 οὐδε
427 923 596 990 φωνήν
644 938 760 971 τινα
804 922 1077 993 προέσθαι,
1123 917 1246 974 οὐδε
1275 922 1489 975 καλέσαι
1519 927 1637 986 τοὺς
1670 922 1869 997 βοηθὴ-

277 1026 479 1072 σοντας,
522 1003 665 1070 οὐδε,
714 1010 770 1059 τό
822 1011 1025 1060 πάντων
1080 1017 1205 1080 γοῦν
1252 1009 1587 1078 ἀθλιώτατον,
1632 1014 1717 1065 οἷα
1772 1017 1869 1066 πά-

277 1096 358 1147 θοι
380 1091 847 1168 διαμαρτύρασθαι
877 1116 892 1167 ;
924 1097 1061 1171 Ὦρα
1088 1106 1213 1169 γοῦν
1260 1118 1343 1152 σοι
1380 1109 1599 1153 τοιαῦτα
1628 1110 1868 1174 τιμῶντι-

276 1187 360 1234 καὶ
411 1183 651 1236 πλάττειν
710 1184 930 1247 ἐκάστης
981 1189 1178 1261 ἡμέρας
1228 1190 1386 1254 θεοὺς,
1449 1195 1539 1241 καὶ
1582 1191 1865 1261 μεταπλάτ-

274 1290 378 1324 τειν
429 1272 631 1337 ἄλλους,
685 1272 733 1324 ἐν
776 1282 835 1346 τῇ
887 1284 986 1327 τῶν
1036 1285 1226 1350 χειρῶν
1263 1281 1425 1350 τέχνῃ
1471 1283 1565 1336 τὴν
1616 1276 1872 1352 δημιουρ-

277 1364 397 1431 γίαν
423 1368 521 1412 τῶν
549 1362 673 1414 θεῶν
703 1364 967 1434 τιθεμένῳ·

347 1447 415 1503 Ε’.
474 1452 689 1512 Τούτοις
745 1453 928 1525 θερμὸν
988 1454 1147 1516 ζέσας
1202 1456 1228 1505 6
1280 1455 1607 1527 Μαξιμιανός
1658 1463 1873 1527 πικραῖς

275 1540 361 1589 τόν
411 1540 655 1612 μάρτυρα
702 1537 1048 1613 παραδίδωσι
1096 1548 1393 1617 τιμωρίαις,
1438 1550 1527 1597 καὶ
1574 1553 1756 1618 πρῶτα
1780 1548 1869 1615 μὲν

277 1622 519 1698 σιδηροῖς
552 1627 693 1689 ὄνυξι
724 1625 997 1691 διαξαίνει.
1042 1628 1257 1689 Ἐπειδὴ
1307 1629 1365 1684 δε
1414 1635 1443 1691 ἡ
1496 1637 1585 1704 μεν
1638 1632 1869 1703 βάσανος

273 1720 364 1765 καὶ
414 1722 515 1766 τῶν
564 1715 754 1769 ὀστέων
809 1718 976 1769 αὐτῶν
1030 1722 1345 1788 καθικνείτο,
1405 1723 1430 1773 6
1480 1718 1539 1773 δὲ
1584 1724 1869 1793 σύμμαχον
1902 1728 1946 1783 Β

274 1802 471 1874 ἀγαθόν
523 1808 580 1856 τὸ
623 1813 771 1858 Θεῖον
829 1806 1013 1872 ἐκάλει,
1068 1814 1155 1861 καὶ
1212 1811 1443 1885 καθάπερ
1492 1808 1591 1861 ἀπό
1643 1807 1869 1882 σιδήρου

277 1898 614 1965 συγκείμενον
685 1897 821 1966 ἔχων
878 1900 936 1948 τὸ
1018 1906 1186 1969 σῶμα,
1265 1899 1398 1950 οὕτω
1476 1901 1676 1971 κούφως
1732 1901 1872 1971 ἔφερε

272 1985 367 2032 καὶ
418 1991 518 2033 τῶν
578 1984 792 2043 ζεόντων
851 1983 1203 2059 ἁπαθέστερος
1257 1988 1339 2051 ἧν,
1396 1986 1469 2059 ἐφ’
1520 1988 1666 2061 ἕτερα
1708 1988 1869 2050 Μαξί-

275 2073 457 2140 μιανός
495 2071 646 2123 πάλιν
691 2072 950 2145 ἐτρέπετο,
999 2080 1088 2127 καὶ
1131 2073 1469 2148 ὑποδήμασιν
1518 2076 1661 2139 ἣλοις
1702 2076 1869 2139 ὄξεσιν

273 2157 681 2231 ἐμπεπαρμένοις
722 2165 809 2213 τόν
856 2161 1081 2221 ἀθλητὴν
1138 2161 1344 2234 ὑποδεῖ,
1378 2170 1468 2216 καὶ
1516 2168 1717 2225 τούτοις
1783 2164 1866 2237 ἐμ-

271 2255 571 2319 περιπατεῖν
623 2249 779 2301 αύτόν
847 2250 1153 2322 ἀναγκάζει.
1210 2252 1268 2305 Ὀ
1327 2250 1387 2306 δὲ
1450 2256 1520 2315 ὡς
1594 2256 1672 2307 ἐπὶ
1734 2251 1872 2327 ῥόδα

269 2336 458 2407 μᾶλλον
506 2339 705 2411 ἔτρεχε,
747 2344 835 2391 καὶ
881 2341 1077 2414 ῥύακας
1130 2341 1259 2412 ὁρῶν
1303 2342 1527 2413 αἵματος
1564 2350 1665 2394 τῶν
1691 2339 1869 2394 ποδῶν

268 2428 560 2491 κατιόντας,
610 2425 969 2500 περιρῥεῖσθαί
1016 2446 1118 2479 τινι
1164 2436 1263 2479 τῶν
1308 2425 1477 2486 ἡδέων
1536 2427 1722 2495 ἐδόκει,
1778 2435 1867 2483 καὶ

267 2516 391 2573 τοὺς
440 2522 532 2565 τοῦ
582 2517 832 2587 τυράννου
880 2520 969 2568 καὶ
1017 2524 1115 2567 τῶν
1146 2524 1501 2591 περιεστώτων
1530 2518 1866 2591 χλευασμοὺς

265 2600 524 2672 εὐφημίαν
570 2604 762 2672 ἠγεῖτο.
813 2609 912 2655 Καὶ
962 2603 1337 2666 ἐκαλλωπίζετο
1388 2609 1551 2679 ταύτῃ
1610 2607 1800 2679 μᾶλλον
1840 2608 1866 2659 6

271 2688 505 2750 ἀθλητὴς
534 2691 564 2749 ἣ
598 2698 660 2763 τῇ
712 2689 957 2763 χλαμύδι
1009 2692 1195 2754 ἐκεῖνος
1235 2702 1326 2747 τοῦ
1373 2692 1682 2768 ἀξιώματος.
1744 2692 1869 2749 Εἶτα

270 2783 755 2851 κατειρωνευόμενος
851 2781 1009 2832 αὐτοῦ
1106 2781 1431 2851 Μαξιμιανός
1512 2801 1523 2812 ·
1610 2785 1866 2849 Αὔλησον,

278 2871 431 2937 φησὶ,
484 2867 685 2931 Σὼζων,
755 2870 934 2938 αὔριον
1011 2867 1250 2930 ἐξιούσης
1306 2878 1397 2929 τῆς
1449 2870 1673 2940 μεγάλης
1731 2874 1867 2934 θεᾶς,

280 2958 371 3004 καὶ
424 2956 581 3011 αὐτὴν
635 2952 832 3011 ἐκείνην
903 2958 1114 3026 ὄμνυμί,
1168 2958 1347 3015 πάσης
1416 2957 1631 3019 εύθύνης
1684 2957 1875 3010 αὐτίκα

280 3048 370 3093 καὶ
418 3047 673 3116 τιμωρίας
726 3041 1035 3117 ἁπολελύση.
1108 3049 1205 3096 Καὶ
1255 3045 1280 3095 6
1333 3046 1534 3119 μάρτυς
1584 3062 1597 3077 ·
1654 3050 1720 3097 Σὺ
1785 3049 1873 3117 μὲν
1907 3067 1949 3124 C

278 3130 591 3201 καταγελῶν,
663 3134 777 3203 ἔφη,
849 3136 940 3183 καὶ
996 3128 1292 3195 διαπαίζων
1344 3134 1480 3204 ἡμᾶς
1535 3136 1601 3186 τὰ
1658 3142 1877 3187 τοιαῦτα

276 3219 498 3291 φθέγγῃ,
571 3228 661 3271 τοῦ
742 3224 1083 3291 συμπνέοντός
1165 3240 1249 3273 σοι
1326 3229 1555 3293 πονηροῦ
1625 3219 1874 3295 δαίμονος

273 3314 441 3358 ταῦτα
488 3307 605 3360 καθ’
654 3309 800 3379 ἡμῶν
851 3307 1277 3369 ύποϐεϐληκότος.
1326 3310 1459 3379 Ἐγὼ
1507 3306 1566 3362 δὲ
1616 3315 1706 3363 καὶ
1750 3316 1872 3383 πρό-

851 2780 1009 2832 αὐτοῦ

270 3413 415 3469 τερον
463 3399 553 3467 μὲν
602 3400 659 3448 τό
706 3396 863 3448 καλὸν
910 3397 1119 3455 ηὔλησα
1166 3398 1238 3460 εἰς
1278 3396 1455 3471 ἀγρὸν,
1505 3400 1743 3471 συνάγων
1783 3406 1871 3453 καὶ

269 3482 538 3537 ἀνακαλῶν
582 3488 647 3537 τὰ
688 3485 788 3557 ἐμὰ
840 3486 1078 3559 πρόϐατα
1118 3505 1130 3517 ·
1165 3492 1255 3539 καὶ
1283 3496 1371 3539 νῦν
1424 3484 1482 3541 δε
1511 3485 1627 3559 ᾄδω
1665 3498 1737 3559 τῷ
1772 3497 1872 3543 Κυ-

266 3579 366 3649 ρίῳ
447 3593 549 3645 μου
636 3570 783 3647 ᾆσμα
854 3578 1051 3641 καινόν,
1114 3576 1566 3647 εὐαγγελιζόμενος
1623 3584 1754 3629 πᾶσι
1809 3582 1866 3629 τό

268 3666 457 3715 τούτου
491 3668 767 3736 σωτήριον.
800 3663 857 3716 Ἠ
891 3660 949 3716 δε
980 3669 1047 3723 σὴ
1083 3667 1192 3726 θεὸς
1222 3669 1331 3725 ὄνος
1369 3664 1428 3716 ἂν
1451 3667 1528 3723 εἰη
1560 3668 1780 3733 πάντως,
1809 3670 1866 3719 τὸ

268 3760 360 3804 τοῦ
385 3752 564 3822 λόγου,
602 3756 727 3824 πρὸς
776 3756 862 3805 τόν
907 3752 1077 3816 αύλόν,
1130 3754 1339 3825 ἄψυχός
1369 3772 1423 3805 τε
1452 3751 1587 3806 οὖσα
1614 3753 1869 3815 παντελῶς

272 3846 362 3893 καὶ
392 3840 728 3901 ἀναίσθητος.

344 3930 416 3995 ς’.
480 3932 619 4004 Πρός
671 3937 834 3982 ταῦτα
885 3929 1035 3983 πλέον
1092 3931 1119 3982 6
1175 3930 1500 4002 Μαξιμιανός
1574 3940 1645 4001 τῷ
1719 3933 1865 4003 θυμῷ

272 4018 384 4072 κατ’
444 4018 607 4071 αὐτοῦ
657 4015 1014 4083 διανίσταται,
1068 4024 1156 4072 καὶ
1199 4016 1549 4095 σφοδροτέρας
1595 4019 1731 4090 αύτῷ
1766 4023 1866 4092 μά-

276 4127 464 4180 στιγας
511 4117 610 4160 τῶν
654 4112 910 4183 προτέρων
962 4108 1157 4180 ἐπάγει,
1215 4109 1275 4160 ἶν’
1324 4109 1480 4175 οὕτω,
1522 4114 1698 4180 φησὶν,
1744 4107 1869 4159 ἁνα-

270 4199 540 4269 μοχλευθῇ
593 4200 682 4269 μὶν
727 4197 867 4267 αύτῷ
914 4200 977 4249 τὰ
1007 4199 1197 4270 ἄρθρα,
1246 4200 1512 4269 παρεθῶσι
1569 4194 1627 4247 δε
1678 4200 1767 4246 καὶ
1813 4196 1869 4244 αἱ

273 4285 536 4360 ἁρμονίαι,
583 4291 673 4338 καὶ
723 4284 946 4359 διαρῥυῇ
998 4288 1064 4336 τὰ
1111 4287 1305 4355 ἔγκατα
1356 4288 1479 4335 ὡσεὶ
1527 4279 1693 4353 ὕδωρ.
1742 4278 1870 4333 Εἶτα

272 4380 363 4427 καὶ
409 4382 513 4444 πῦρ
565 4373 787 4443 ἁνάψας,
840 4377 882 4425 εἰ
923 4392 975 4424 τι
1026 4381 1125 4423 τῶν
1182 4372 1343 4443 μελῶν
1393 4370 1742 4441 ύπολειφθείη,
1773 4389 1870 4420 και-
1899 4410 1945 4465 D

274 4465 558 4513 τακαύσιιν
608 4466 698 4511 καὶ
750 4469 901 4512 τοῦτο
956 4458 1173 4523 ἠπείλει,
1218 4462 1287 4521 ὡς
1333 4457 1392 4509 ἂν
1437 4454 1575 4530 μηδὲ
1631 4465 1720 4518 τῆς
1759 4476 1868 4509 κοι-

277 4557 366 4609 νῆς
421 4549 660 4600 ἁπάντων
709 4551 870 4619 τύχοι
944 4555 1131 4619 ταφῆς.
1208 4547 1532 4619 Μαξιμιανὸς
1587 4542 1674 4598 οὖν
1736 4546 1870 4599 οὕτω

278 4639 730 4709 παρεσκεύασατο,
783 4641 871 4689 καὶ
922 4637 1086 4697 οὕτως
1133 4636 1292 4690 ἐποίει
1340 4655 1352 4667 ·
1406 4642 1495 4688 καὶ
1542 4643 1614 4706 τῷ
1643 4637 1870 4709 μάρτυρι

277 4728 368 4799 μεν
416 4727 472 4777 αἱ
527 4726 717 4797 σάρκες
759 4733 869 4786 ταῖς
908 4724 1132 4797 πληγαῖς
1186 4722 1536 4791 διεκόπτοντο,
1585 4730 1675 4777 καὶ
1720 4726 1749 4781 ὴ
1792 4726 1873 4775 ἐν-

280 4811 371 4869 δον
429 4813 715 4886 ἐγυμνοῡτο
767 4811 1071 4876 διάπλασις.
1127 4814 1185 4867 Ὀ
1242 4810 1302 4867 δε
1356 4816 1528 4888 ὥσπερ
1576 4816 1623 4865 ἐν
1663 4813 1871 4882 λειμῶνι

279 4904 485 4979 χλοερῷ
567 4899 872 4979 διατρίϐων,
948 4908 1038 4956 καὶ
1117 4904 1286 4975 ἠρέμα
1358 4899 1670 4976 δρεπόμενος
1716 4903 1867 4965 ἄνθη,

277 4995 409 5048 οὕτω
455 4989 697 5058 διέκειτο,
743 4998 831 5045 καὶ
872 4997 1075 5066 χαίρων
1120 4987 1423 5044 ἀποδίδωσι
1470 4995 1563 5049 τὴν
1588 4991 1768 5061 ψυχὴν
1798 4998 1870 5060 τῷ

281 5092 412 5153 Θεῷ.

346 5173 421 5228 Ζ“,
460 5172 549 5232 Ὠς
578 5166 635 5222 δὲ
666 5175 755 5222 καὶ
785 5172 813 5227 ἡ
853 5168 977 5241 φλόξ
1023 5168 1105 5221 ἐπὶ
1135 5172 1267 5240 μέγα
1308 5172 1460 5236 ἤρετο
1508 5164 1638 5230 ἤδη,
1672 5165 1865 5239 βροντὴ

274 5262 463 5313 ἄνωθεν
518 5255 775 5333 φρικῶδες
832 5278 884 5310 τι
951 5262 1041 5309 καὶ
1097 5256 1307 5331 φοϐερόν
1360 5257 1719 5328 ἀπηχήσασα,
1778 5261 1867 5308 καὶ

274 5350 430 5404 πολύν
483 5348 673 5422 ὄμϐρον
736 5353 825 5399 καὶ
893 5346 1135 5418 χάλαζαν
1196 5352 1699 5417 συγκατενεγκοῡσα,
1760 5341 1866 5397 διε-

277 5437 503 5493 σκέδασε
550 5442 639 5511 μὲν
690 5441 809 5499 τοὺς
854 5433 1081 5508 δημίους
1123 5440 1213 5487 καὶ
1262 5434 1316 5486 ἐκ
1362 5439 1523 5507 μέσου
1563 5439 1859 5493 πεποίηκεν.

277 5530 342 5582 Οί
397 5526 455 5582 δε
506 5528 877 5602 φιλομάρτυρες
942 5530 1030 5577 καὶ
1082 5524 1312 5597 μάλιστα
1370 5527 1561 5577 τούτων
1605 5525 1654 5576 οἰ
1704 5542 1863 5577 σπου-

1478 265 1918 323 MARTYRIUM
1960 266 2019 323 S.
2061 268 2425 327 SOZONTIS.

3525 277 3631 332 638

1977 397 2264 468 consequi
2298 398 2552 469 veniam,
2591 399 2698 455 sed
2748 399 3020 472 aliquam
3068 399 3249 456 etiam
3285 414 3633 456 remunera-

1978 484 2217 550 tionem,
2261 484 2460 541 missis
2498 486 2590 542 his
2626 488 2823 558 nugis,
2863 504 3034 544 serva
3068 492 3125 543 te
3158 489 3377 559 ipsum,
3420 489 3627 554 Sozon,

1977 574 2033 625 et
2074 572 2365 628 accedens
2421 575 2531 630 diis
2574 576 2861 632 sacriﬁca.
2914 577 2981 631 Et
3027 575 3353 649 quomodo,
3413 575 3625 648 inquit,

1977 674 2098 714 non
2130 675 2324 717 essem
2366 664 2454 718 vel
2493 664 2617 734 ipso
2658 669 2853 720 vestro
2891 665 3004 720 deo
3044 664 3242 720 minus
3273 679 3452 719 sensu
3481 679 3628 735 pras-

1978 746 2155 813 ditus,
2186 750 2234 804 si
2268 766 2405 806 eum
2436 756 2755 808 statuerem
2802 752 3011 818 colere,
3046 753 3148 823 qui
3190 768 3298 807 nec
3356 752 3404 807 si
3442 752 3496 807 ei
3527 752 3630 809 ali-

1977 837 2123 908 quid
2162 837 2281 902 ﬁat,
2314 855 2378 894 se
2422 845 2610 911 potest
2636 840 2973 905 defendere,
3030 856 3223 912 neque
3278 856 3485 895 vocem
3518 840 3629 897 ali-

1976 941 2160 998 quam
2201 927 2482 992 emittere.
2531 946 2725 1001 neque
2756 945 2966 985 vocare
3005 944 3107 984 eos
3146 929 3247 1000 qui
3293 928 3409 983 sint
3456 944 3626 1000 opem

1976 1014 2171 1079 laturi,
2195 1032 2409 1089 neque,
2438 1019 2601 1089 quod
2623 1024 2710 1074 est
2736 1018 3008 1074 omnium
3034 1017 3459 1083 miserrimum,
3481 1033 3625 1089 qua-

1977 1104 2055 1159 lia
2098 1105 2373 1176 patiatur.
2410 1107 2773 1177 protestari?
2832 1110 2927 1161 Est
2975 1106 3174 1178 itaque
3222 1104 3282 1160 in
3334 1111 3432 1161 tua
3462 1110 3627 1178 pote-

1979 1196 2144 1261 state,
2171 1193 2271 1263 qui
2302 1193 2430 1249 haac
2456 1194 2619 1260 colis,
2649 1195 2794 1250 deos
2823 1194 3088 1266 quotidie
3118 1193 3365 1263 ﬁngere,
3393 1199 3450 1249 et
3478 1193 3628 1249 alios

1980 1295 2185 1335 rursus
2212 1281 2519 1351 reﬁngere,
2548 1298 2687 1339 cum
2712 1284 2770 1338 in
2801 1286 2924 1339 arte
2955 1296 3249 1337 manuum
3275 1297 3467 1352 ponas
3491 1282 3634 1338 deo-

1979 1384 2112 1423 rum
2155 1367 2629 1425 fabricationem.

2055 1459 2115 1508 V.
2158 1457 2745 1525 Maximianus,“cum
2768 1458 2861 1514 his
2892 1458 2943 1514 ei
2965 1456 3341 1514 eﬂ'erbuisset
3366 1458 3627 1523 animus,

1980 1543 2157 1599 tradit
2200 1548 2524 1616 martyrem
2564 1546 2847 1615 gravibus
2892 1552 2948 1601 et
2986 1546 3215 1602 acerbis
3254 1545 3626 1601 cruciatibus.

1980 1633 2044 1687 Et
2097 1634 2353 1703 primum
2398 1633 2635 1704 quidem
2672 1634 2870 1689 ferreis
2909 1649 3045 1689 eum
3083 1634 3264 1690 laniat
3306 1632 3628 1703 unguibus.

1980 1719 2277 1785 Quoniam
2319 1728 2516 1777 autem
2567 1721 2781 1787 Sozon,
2830 1723 2939 1778 etsi
2978 1727 3340 1778 tormentum
3383 1721 3630 1793 quidem

1979 1810 2057 1864 ad
2087 1810 2220 1880 ipsa
2248 1825 2438 1881 usque
2482 1825 2624 1865 ossa
2663 1810 3046 1881 pervadebat,
3089 1809 3193 1865 Dei
3225 1816 3423 1865 tamen
3463 1809 3629 1866 invo-

1980 1912 2123 1952 cans
2171 1897 2481 1963 auxilium,
2537 1898 2621 1953 ita
2675 1898 2903 1955 ferebat
2945 1898 3167 1963 leviter,
3230 1903 3292 1952 ut
3341 1898 3630 1954 videretur

1978 1986 2199 2041 habere
2228 2002 2444 2058 corpus
2482 2001 2553 2041 ex
2595 1986 2749 2042 ferro
2774 1986 3175 2058 compositum
3214 2003 3227 2051 ;
3268 1985 3631 2041 convertitur

1978 2090 2182 2130 rursus
2212 2074 2289 2131 ad
2320 2075 2434 2131 alia
2459 2074 2869 2141 Maximianus,
2909 2080 2965 2131 et
2989 2075 3201 2131 calceis
3233 2074 3424 2130 acutis
3448 2073 3631 2129 clavis

1978 2163 2228 2219 conﬁxis
2266 2163 2458 2219 induit
2487 2163 2787 2228 athletam,
2837 2169 2895 2219 et
2934 2180 3071 2219 cum
3112 2163 3252 2234 ipsis
3298 2177 3431 2217 eum
3472 2162 3632 2232 cogit

1977 2252 2308 2309 ambulare.
2368 2252 2468 2307 Ille
2519 2258 2721 2309 autem
2776 2252 3070 2319 currebat,
3121 2257 3402 2323 tanquam
3453 2266 3631 2321 super

1976 2356 2145 2397 rosas
2176 2340 2493 2407 incedens;
2536 2346 2591 2397 et
2620 2340 2827 2397 videns
2858 2341 3013 2395 rivos
3048 2339 3355 2411 sanguinis
3390 2338 3630 2393 descen-

1976 2429 2180 2485 dentes
2208 2445 2280 2485 ex
2310 2429 2583 2500 pedibus,
2626 2430 2937 2485 videbatur
2977 2428 3262 2483 suavibus
3296 2426 3476 2482 rebus
3519 2426 3632 2481 cir-

1976 2517 2303 2573 cumﬂuere
2328 2535 2341 2583 ;
2363 2518 2718 2589 tyrannique
2736 2523 3007 2573 eteorum
3026 2517 3125 2588 qui
3143 2514 3629 2579 circumstabant,

1975 2605 2280 2661 irrisiones
2332 2604 2586 2661 ducebat
2637 2621 2765 2661 esse
2821 2604 3279 2669 laudationem;
3343 2609 3398 2657 et
3444 2618 3514 2657 ea
3570 2617 3631 2657 re

1978 2693 2170 2764 magis
2186 2692 2553 2765 gloriabatur
2564 2693 2995 2765 athleta,quam
3011 2691 3104 2747 ille
3117 2690 3435 2763 chlamyde
3448 2690 3631 2759 digni-

1979 2784 2141 2838 tatis.
2197 2782 2413 2837 Deinde
2458 2797 2596 2837 eum
2646 2781 2901 2837 illudens
2942 2780 3333 2837 Maximianus
3381 2796 3393 2834 :
3443 2778 3630 2843 Tibia,

1981 2868 2195 2940 inquit,
2228 2884 2396 2933 cane,
2432 2871 2638 2933 Sozon,
2680 2885 2812 2925 cras
2843 2884 3066 2938 magna
3105 2868 3460 2939 procedente
3495 2866 3629 2931 dea,

1982 2958 2042 3010 et
2083 2971 2188 3026 per
2219 2955 2383 3011 illam
2415 2957 2608 3028 ipsam
2632 2958 2790 3028 juro,
2825 2957 2989 3028 quod
3017 2957 3094 3012 ab
3125 2956 3288 3011 omni
3330 2954 3632 3010 examina-

1986 3043 2144 3098 tione
2169 3049 2225 3097 et
2248 3046 2515 3100 cruciatu
2541 3047 2739 3100 statim
2765 3045 3132 3100 liberaberis.
3152 3047 3368 3115 Martyr
3388 3048 3591 3098 autem
3616 3060 3629 3100 :

1984 3130 2071 3185 Tu
2110 3146 2226 3196 me,
2265 3131 2471 3202 inquit,
2505 3132 2753 3188 irridens
2780 3134 2907 3189 haec
2946 3133 3225 3205 loqueris,
3258 3148 3328 3187 ea
3372 3130 3635 3203 maligno

1983 3219 2253 3274 daemone
2310 3219 2370 3274 in
2424 3234 2532 3275 nos
2576 3219 2681 3275 tibi
2733 3228 3104 3289 suggerente.
3167 3224 3285 3289 Ego
3338 3226 3536 3274 autem
3580 3223 3635 3273 et

1982 3308 2149 3378 prius
2186 3308 2431 3379 quidem
2471 3307 2617 3363 tibia
2655 3308 2715 3362 in
2756 3322 2904 3375 agro
2942 3314 3097 3363 recte
3141 3308 3346 3374 cecini,
3392 3321 3637 3376 congre-

1981 3411 2133 3467 gans
2165 3402 2219 3452 et
2242 3412 2533 3452 revocans
2568 3412 2731 3452 meas
2760 3411 2920 3461 ονθε,
2950 3400 3005 3451 εἴ
3033 3411 3190 3451 nunc
3214 3412 3456 3469 quoque
3481 3409 3633 3451 cano

1983 3486 2234 3541 Domino
2256 3500 2391 3541 meo
2416 3486 2713 3541 canticum
2739 3500 2986 3551 novum,
3009 3485 3138 3555 ejus
3156 3484 3411 3539 salutare
3442 3482 3634 3538 omni-

1980 3572 2095 3628 bus
2137 3573 2517 3628 annuntians.
2550 3575 2673 3629 Tua
2699 3580 2897 3628 autem
2930 3574 3041 3629 dea
3069 3572 3243 3627 fuerit
3266 3572 3535 3640 omnino,
3568 3573 3635 3624 ut

1981 3667 2065 3717 est
2095 3662 2154 3716 in
2184 3661 2516 3732 proverbio,
2547 3662 2752 3717 asinus
2774 3661 2849 3717 ad
2874 3661 3101 3726 tibiam,
3125 3667 3186 3716 ut
3204 3676 3338 3732 qum
3361 3659 3433 3715 sit
3454 3659 3631 3731 plane

1979 3750 2265 3820 inanima,
2301 3755 2356 3806 et
2393 3749 2557 3805 nullo
2582 3765 2763 3806 sensu
2793 3749 3061 3821 praedita.

2047 3926 2136 3981 VI.
2171 3926 2270 3981 His
2318 3925 2706 3983 Maximianus
2752 3925 2942 3995 magis
2986 3926 3049 3982 in
3092 3941 3230 3980 eum
3271 3923 3545 3986 irritatur,
3579 3926 3636 3977 et

1975 4015 2273 4087 prioribus
2308 4015 2781 4070 vehementiores
2811 4015 2862 4068 ei
2894 4014 3102 4084 plagas
3132 4014 3413 4083 imponit:
3460 4016 3521 4067 ut
3551 4010 3635 4065 sic

1976 4104 2217 4173 quidem
2260 4102 2312 4156 ei
2357 4108 2737 4157 moverentur
2777 4100 3040 4165 articuli,
3067 4107 3122 4155 et
3169 4100 3634 4155 dissolverentur

1976 4203 2321 4257 compages,
2353 4194 2411 4243 et
2448 4189 2723 4243 intestina
2759 4195 3042 4258 tanquam
3080 4203 3241 4259 aqua
3278 4185 3629 4241 diﬂluerent.

1979 4276 2198 4331 Deinde
2224 4291 2362 4330 cum
2395 4277 2595 4344 ignem
2627 4275 2805 4329 etiam
2838 4275 3225 4339 accendisset,
3250 4276 3297 4329 si
3316 4275 3478 4346 quod
3502 4273 3632 4328 reli-

1978 4381 2166 4438 quum
2207 4369 2363 4419 esset
2402 4366 2759 4429 membrum,
2810 4364 2869 4418 id
2904 4378 3143 4436 quoque
3187 4380 3247 4418 se
3295 4360 3633 4418 minabatur

1978 4454 2457 4519 combusturum,
2489 4456 2553 4507 ut
2573 4468 2647 4507 ne
2671 4452 2918 4524 quidem
2944 4451 3212 4507 omnium
3244 4465 3630 4507 communem

1979 4547 2394 4615 assequeretur
2419 4540 2806 4613 sepulturam.
2837 4541 2929 4597 Sic
2961 4556 3102 4610 ergo
3133 4557 3197 4595 se
3228 4538 3483 4613 parabat
3513 4541 3629 4594 Ma-

1977 4631 2300 4694 ximianus,
2322 4634 2379 4685 et
2403 4631 2485 4685 sic
2503 4628 2791 4685 faciebat:
2822 4635 2877 4685 et
2895 4628 3138 4701 martyri
3159 4629 3400 4700 quidem
3421 4642 3630 4683 carnes

1980 4719 2172 4791 plagis
2191 4719 2597 4787 laniabantur,
2614 4719 2913 4773 etinterna
2929 4717 3353 4788 aperiebantur
3366 4716 3592 4770 viscera
3612 4730 3626 4779 ;

1979 4809 2076 4865 ille
2118 4814 2315 4864 autem
2349 4813 2637 4880 tanquam
2677 4807 2737 4862 in
2776 4806 3026 4863 herbido
3066 4811 3237 4877 prato
3269 4818 3533 4872 versans,
3566 4807 3624 4859 et

1979 4913 2195 4953 vernos
2219 4896 2394 4953 ﬂores
2423 4896 2770 4969 decerpens,
2796 4900 2920 4952 erat
2959 4894 3226 4959 affectus,
3253 4897 3312 4949 et
3332 4897 3496 4949 ltetus
3512 4894 3630 4949 Deo

1979 4986 2172 5043 reddit
2199 4986 2487 5042 animam.

2050 5166 2167 5221 VII.
2196 5166 2341 5221 Cum
2372 5168 2570 5220 autem
2585 5164 2710 5231 jam
2740 5160 2986 5216 ﬂamma
3016 5158 3075 5214 in
3089 5159 3275 5215 altum
3305 5163 3459 5216 esset
3491 5160 3630 5217 sub-

1977 5255 2119 5317 lata,
2142 5254 2393 5311 terribile
2419 5256 2475 5307 et
2500 5250 2863 5307 horrendum
2899 5249 3115 5305 tonitru
3140 5264 3445 5314 resonans,
3471 5250 3626 5305 mul-

1976 5350 2223 5416 tumque
2270 5342 2523 5398 imbrem
2576 5344 2635 5395 et
2680 5338 3035 5407 grandinem
3088 5337 3264 5393 simul
3312 5338 3619 5409 dejiciens.

1972 5433 2205 5490 lictores
2237 5430 2482 5503 quidem
2520 5427 2744 5500 depulit
2772 5432 2829 5482 et
2856 5427 3161 5499 dispersit;
3204 5428 3379 5484 amici
3420 5433 3623 5484 autem

1974 5528 2324 5597 martyrum,
2374 5524 2431 5574 et
2479 5517 2731 5575 maxime
2772 5517 2809 5572 ii
2849 5516 2952 5590 qui
2986 5522 3154 5574 erant
3200 5516 3620 5593 diligentiores,
