4142 6278
546 319 652 373 639

1842 310 2097 367 ΜΕΝὲῐὲ
2140 304 2593 365 SEPTEMBER.

3798 294 3914 348 6ἱο

548 457 752 498 secure
822 440 1175 510 colligebant
1249 438 1523 509 martyris
1603 436 1902 508 reliquias,
1951 435 2184 491 Interim

2296 427 2575 501 δαιότεροι,
2626 423 2806 485 ἁδείας
2852 422 3124 493 λαϐόμενοι
3172 430 3261 482 τῆς
3314 420 3414 474 ἀπὸ
3492 428 3591 472 τῶν
3669 416 3912 483 δημίων,

547 537 749 585 autem
776 546 912 584 cum
941 544 1058 584 nox
1088 543 1323 600 quoque
1349 527 1703 591 advenisset,
1736 541 1854 580 non
1881 525 1987 580 fuit
2010 530 2187 578 retar-

546 617 754 674 datum
773 618 1008 672 illorum
1031 632 1198 687 prom
1209 620 1372 687 ptum
1396 619 1453 671 et
1477 616 1665 672 alacre
1686 614 1964 670 studium.
1991 616 2188 684 Neque

547 707 704 761 enim
733 712 854 761 erat
874 720 989 760 nox
1014 704 1295 776 amplius,
1328 706 1431 760 sed
1457 705 1554 760 lux
1575 704 1903 761 clarissima
1923 703 2189 774 protinus

544 793 904 858 illucescens,
984 811 1055 849 ea
1115 794 1403 849 reddebat
1467 794 1807 858 manifesta,
1875 808 2011 864 quas
2068 806 2187 846 non

544 881 855 953 oportebat
875 882 1073 946 latere,
1107 888 1162 937 et
1191 882 1512 954 prmstabat
1544 888 1605 938 ut
1630 899 1699 938 ea
1722 882 1891 938 facile
1924 880 2191 936 tolleren—

546 973 640 1024 tur
655 976 711 1024 et
727 969 1143 1040 colligerentur
1162 987 1196 1024 a
1215 971 1488 1041 p1is.Quae
1505 969 1746 1042 quidem
1765 971 1971 1026 omnia
1990 976 2190 1026 sancte

544 1057 787 1113 collecta
819 1059 1071 1128 septimo
1100 1060 1477 1130 Septembris,
1509 1060 1855 1130 praeclaram
1886 1066 1941 1115 et
1964 1060 2187 1129 magni-

544 1145 722 1199 ficam
779 1151 1050 1201 assecuta
1090 1154 1229 1201 sunt
1271 1148 1661 1219 sepulturam.
1717 1149 1839 1203 Lux
1896 1149 2049 1203 enim
2092 1149 2193 1204 illa

541 1232 721 1287 etiam
750 1249 936 1303 usque
957 1233 1033 1288 ad
1054 1233 1251 1304 ipsum
1275 1234 1428 1289 venit
1454 1236 1814 1306 sepulcrum,
1834 1241 1892 1290 et
1916 1252 2190 1306 perman-

545 1320 620 1374 sit
658 1320 717 1374 in
765 1321 1069 1390 sepultura
1113 1322 1519 1393 reliquiarum.
1564 1323 1782 1378 Deinde
1822 1339 2056 1380 reversa
2103 1328 2190 1379 est

540 1422 659 1463 nox
691 1408 769 1464 ad
809 1426 983 1465 suam
1016 1416 1327 1479 naturam;
1357 1416 1412 1467 et
1442 1412 1663 1484 ubique
1696 1413 1800 1468 fuit
1828 1414 2011 1468 Sozon
2045 1429 2190 1485 pree-

542 1496 770 1552 dicatus
808 1496 991 1552 victor
1021 1499 1342 1570 praeclarus
1382 1501 1459 1556 ad
1486 1501 1738 1571 gloriam
1770 1501 1866 1557 Dei
1896 1502 2103 1571 Patris,
2137 1508 2193 1558 et

540 1584 775 1639 Domini
827 1587 1009 1640 nostri
1049 1588 1187 1641 Jesu
1240 1588 1474 1654 Christi,
1525 1606 1705 1661 quem
1760 1590 1927 1645 decet
1974 1592 2188 1657 honor,

541 1672 732 1741 gloria
751 1678 806 1728 et
831 1674 1090 1744 potentia
1118 1676 1179 1730 in
1211 1678 1431 1733 saecula
1460 1678 1836 1734 saeculorum.
1870 1680 2083 1735 Amen.

2296 522 2511 590 ἄσμενοι
2553 519 2618 568 τὰ
2664 516 2961 587 μαρτυρικὰ
3029 511 3294 581 συνέλεγον
3364 510 3584 581 λείψανα
3635 530 3647 541 ·
3704 508 3753 560 ἐν
3810 528 3911 560 το-

2299 610 2465 676 σούτῳ
2513 610 2601 655 καὶ
2650 606 2679 660 ἠ
2731 602 2823 663 νύξ
2877 600 3205 672 ἐπιγενομένη
3265 605 3357 657 τὴν
3406 599 3607 652 ἐκείνων
3657 598 3752 650 οὐκ
3795 597 3914 649 ἐπέ·

2296 712 2450 746 κοπτε
2482 694 2794 765 προθυμίαν,
2848 689 3020 741 οὐκέτι
3066 691 3168 763 γὰρ
3201 684 3324 740 οὐδὲ
3354 688 3483 746 αὐτὴ
3528 688 3622 750 νὺξ
3647 684 3732 750 ἧν,
3776 686 3914 737 ἁλλά

2299 792 2397 854 φῶς
2439 782 2801 853 λαμπρότατον
2854 779 2962 830 οἷον
3016 778 3205 828 αὐτίκα
3254 776 3519 848 ἐκλάμψαν
3567 773 3704 834 δῆλά
3757 794 3815 827 τε
3846 777 3918 826 τὰ

2296 876 2369 943 μὴ
2404 879 2494 922 τοῦ
2533 870 2703 921 λαθεῖν
2761 868 2884 930 ἄξια
2932 869 3111 930 ἐποίει,
3152 870 3237 917 καὶ
3287 865 3615 939 ἀναιρεῖσθαι
3664 872 3769 924 τοῖς
3826 868 3918 916 εύ-

2301 958 2477 1012 σεϐἐσί
2528 955 2727 1032 ῥᾳδίως
2781 957 2914 1007 αὐτὰ
2956 960 3045 1007 καὶ
3095 953 3354 1026 συλλέγειν
3403 960 3676 1025 παρεῖχεν.
3710 952 3772 1005 Ἃ
3812 949 3912 1011 δή·

2299 1068 2398 1100 που
2430 1051 2598 1100 πάντα
2627 1052 2717 1098 καὶ
2760 1048 2906 1116 ἱερῶς
2955 1044 3263 1115 συλλεγέντα
3304 1040 3502 1115 ἑϐδόμη
3550 1050 3641 1093 τοῦ
3687 1050 3916 1113 Σιπτεμ-

2301 1137 2450 1210 ϐρίου
2482 1135 2752 1207 φιλοτίμου
2803 1140 2971 1204 ταφῆς
3020 1135 3179 1203 ἔτυχε
3230 1138 3318 1184 καὶ
3357 1132 3618 1205 λαμπρᾶς.
3674 1135 3746 1183 Τό
3802 1140 3916 1202 φῶς

2298 1227 2399 1298 γὰρ
2454 1222 2612 1275 ἐκεῖνο
2673 1227 2763 1274 καὶ
2819 1224 2948 1296 πρὸς
3001 1222 3152 1273 αὐτὸν
3194 1219 3315 1279 ἦλθε
3358 1224 3444 1272 τόν
3474 1222 3633 1293 τάφον
3691 1224 3781 1271 καὶ
3841 1229 3913 1291 τῇ

2299 1320 2398 1362 τῶν
2450 1311 2701 1382 λειψάνων
2764 1318 2898 1382 ταφῇ
2977 1314 3250 1383 παρέμεινε
3320 1312 3546 1375 πάντων,
3628 1306 3742 1360 εἶτα
3821 1314 3917 1360 καὶ

2300 1400 2491 1452 οἰκείαν
2539 1400 2690 1451 πάλιν
2739 1400 2767 1457 ἡ
2820 1399 2912 1461 νύξ
2938 1397 3160 1450 ἀνείλετο
3202 1402 3377 1470 φύσιν,
3413 1404 3500 1450 καὶ
3552 1394 3646 1449 διὰ
3700 1399 3916 1448 πάντων

2299 1491 2323 1540 ό
2384 1490 2619 1563 λαμπρὸς
2672 1488 3034 1559 ἁνετηρύττετο
3091 1492 3419 1559 στεφανίτης,
3478 1487 3547 1548 εἰς
3606 1483 3766 1548 δόξαν
3816 1494 3915 1537 τοῦ

2302 1586 2436 1631 Θεοῦ
2487 1581 2709 1649 Πατρός,
2764 1582 2851 1629 καὶ
2905 1581 3097 1649 Κυρίου
3152 1578 3297 1641 ἡμῶν
3339 1577 3516 1633 Ἰησοῦ
3573 1582 3839 1648 Χριστοῦ,

2300 1670 2484 1740 πρέπει
2530 1671 2679 1738 τιμὴ,
2738 1667 2929 1740 κράτος
2989 1665 3056 1725 εἰς
3112 1668 3233 1727 τοὺς
3288 1665 3472 1725 αἰῶνας
3527 1672 3626 1717 τῶν
3679 1664 3911 1717 αἰώνων.

2302 1756 2493 1827 Ἀμήν.

2419 1928 3907 1952 ____________—___—_—________o

994 2070 1632 2159 ΜΑΡΤΥΡΙΟΝ
1692 2072 1923 2162 ΤΟΥ
1977 2076 2327 2162 ΑΓΙΟΥ
2382 2073 3455 2163 ΜΕΓΑΛΟΜΑΡΤΥΡΟΣ

1475 2277 2962 2458 ΣΕΥΗΡΙΑΝΟΥ.

758 2696 1544 2795 MARTYBIUM

1659 2701 2119 2793 SANGTI
2237 2705 2398 2792 ET
2480 2702 2888 2795 MAGNI
2972 2705 3643 2795 MARTYRIS

1818 2933 2555 3057 SEVERIAN
2572 2936 2655 3059 Ι.

1006 3168 1202 3227 (Greece
1229 3184 1291 3220 ex
1309 3170 1416 3222 Cod
1439 3187 1538 3222 ms.
1569 3173 1730 3233 Paris,
1754 3188 1809 3225 ιι.
1840 3176 1980 3232 1525,
2018 3187 2136 3224 saec.
2162 3187 2235 3223 xu
2271 3188 2284 3231 ;
2320 3174 2501 3223 Latine
2528 3173 2671 3237 apud
2703 3173 2917 3223 Surium
2948 3175 3017 3225 ad
3047 3175 3185 3224 diem
3219 3177 3248 3223 9
3279 3176 3442 3240 Sept.)

612 3440 652 3494 Ι.
683 3441 897 3497 Licinio
928 3443 1113 3515 impio
1144 3444 1487 3515 imperante,
1520 3446 1747 3518 Lysias,
1777 3446 1877 3519 qui
1896 3450 2036 3501 tunc
2063 3449 2187 3501 erat
2220 3444 2263 3498 B

541 3529 685 3595 dux,
718 3532 1079 3602 properabat
1108 3549 1138 3587 e
1167 3533 1436 3590 Caesarea
1468 3538 1661 3592 venire
1695 3536 2001 3592 Sebasten.
2032 3538 2182 3591 Eum

538 3618 695 3672 enim
723 3618 973 3675 vocabat
1003 3624 1236 3692 tempus
1279 3628 1606 3694 martyrum
1640 3623 1852 3680 Christi
1882 3642 1895 3679 :
1926 3624 2182 3691 illorum,

536 3703 806 3774 inquam,
828 3706 1069 3761 victoria
1086 3707 1410 3778 insignium
1427 3711 1841 3783 quadraginta.
1862 3715 2179 3784 Postquam

538 3796 737 3846 autem
768 3792 880 3846 illis
910 3793 986 3847 ad
1013 3794 1189 3849 tinem
1222 3797 1487 3867 pervenit
1519 3800 1890 3870 martyrium,
1929 3803 2181 3857 Severia-

540 3894 652 3933 nus
690 3895 929 3950 quoque
976 3881 1055 3935 ad
1098 3882 1312 3938 ducem
1353 3884 1631 3940 defertur.
1676 3888 1801 3943 Fuit
1845 3894 2045 3945 autem
2087 3890 2184 3945 hic

539 3966 626 4021 vir
672 3967 919 4037 insignis
966 3968 1186 4025 virtute.
1235 3972 1627 4029 Nuntiabatur
1672 3992 1833 4042 vero,
1879 3978 2042 4049 quod
2088 3977 2184 4032 hic

541 4056 892 4113 Severianus
920 4075 1039 4115 non
1067 4061 1260 4117 solum
1286 4063 1679 4121 Christianam
1712 4071 1931 4122 teneret
1959 4068 2185 4139 religio-

540 4160 697 4210 nem,
748 4151 802 4200 et
850 4147 1071 4205 cultum
1112 4151 1376 4222 gentium
1416 4153 1651 4223 probris
1696 4172 1766 4211 ac
1806 4158 2183 4213 contumeliis

538 4239 737 4303 aperte
786 4234 1080 4304 afﬁceret;
1140 4238 1245 4294 sed
1290 4242 1465 4297 etiam
1516 4243 1733 4299 multos
1784 4261 1853 4300 ex
1907 4247 2184 4317 gentibus

537 4321 855 4394 decipiens,
896 4325 972 4380 ad
1013 4344 1184 4382 suum
1230 4331 1413 4385 Deum
1439 4331 1784 4388 adduceret.
1818 4336 2027 4389 Praeter
2057 4337 2183 4391 haec

536 4411 713 4465 etiam
754 4412 899 4467 alias
937 4414 1308 4471 intentabant
1348 4418 1399 4472 ei
1453 4420 1914 4488 criminationes,
1966 4440 2183 4496 nempe

535 4498 699 4567 quod
729 4499 1129 4569 quadraginta
1151 4503 1406 4571 illorum,
1434 4506 1530 4576 qui
1557 4508 1737 4575 paulo
1782 4515 1916 4565 ante
1943 4512 2183 4567 viriliter

534 4583 1003 4651 decertavcrant,
1028 4594 1082 4643 et
1108 4606 1301 4660 neque
1332 4596 1759 4651 tormentorum
1782 4598 2179 4667 eXperientiaa,

534 4687 727 4744 neque
756 4674 1052 4732 bonorum
1080 4679 1395 4749 promissis
1419 4682 1749 4750 cessissent,
1776 4686 1879 4741 sed
1901 4688 2176 4743 eumdem

2372 3444 2445 3499 A'.
2484 3450 2739 3497 Λικιννίου
2770 3454 2862 3498 τοῦ
2916 3443 3206 3509 δυσσεϐοῦς
3256 3448 3632 3522 βασιλεύοντος,
3665 3456 3883 3515 Λυσίας,

2294 3535 2352 3584 τό
2411 3540 2700 3590 τηνικαῦτα
2744 3531 2874 3597 δοὺξ
2904 3536 2992 3599 ὢν,
3046 3536 3099 3588 ἐκ
3151 3543 3465 3611 Καισαρείας
3492 3541 3731 3610 γενέσθαι
3755 3544 3889 3591 κατὰ

2294 3626 2387 3680 τὴν
2439 3621 2744 3674 Σεϐαστείαν
2798 3621 3086 3676 ἔσπευδεν·
3124 3625 3289 3679 ἐκάλει
3341 3630 3441 3701 γὰρ
3501 3629 3654 3680 αὑτὸν
3703 3630 3727 3680 ὁ
3775 3649 3891 3679 και-

2293 3714 2380 3783 ρὸς
2437 3720 2535 3763 τῶν
2594 3719 2823 3786 Χριστοῦ
2854 3718 3148 3788 μαρτύρων,
3205 3724 3303 3767 τῶν
3356 3716 3683 3782 καλλινίκων,
3736 3724 3887 3789 φημὶ,

2294 3803 2704 3873 τεσσαράκοντα.
2759 3802 2841 3862 Ὠς
2898 3800 2985 3855 οὖν
3040 3803 3248 3867 ἐκείνοις
3305 3810 3363 3857 τό
3417 3810 3700 3881 μαρτύριον
3740 3813 3890 3882 πέρας

2296 3885 2427 3958 εἶχε,
2473 3896 2711 3963 γνώριμα
2752 3899 2822 3961 τῷ
2864 3889 3017 3944 δουκὶ
3066 3899 3155 3945 καὶ
3198 3898 3263 3946 τὰ
3306 3901 3423 3969 περὶ
3468 3903 3780 3971 Σευηριανοῦ
3809 3903 3887 3967 γί-

2294 3995 2452 4031 νεται.
2506 3978 2654 4050 Ἀνὴρ
2704 3976 2762 4032 δὲ
2792 3980 2941 4043 οὗτος
2978 3986 3071 4039 τὴν
3103 3982 3287 4055 ἀρετὴν
3334 3981 3637 4048 διαϐόητος.
3684 3987 3890 4057 Ἠγγέλ-

2293 4065 2403 4117 λετο
2432 4063 2490 4118 δε
2516 4068 2594 4117 ὅτι
2626 4074 2932 4141 Σευηριανὸς
2971 4071 3119 4133 οὗτος
3161 4073 3219 4123 ού
3264 4078 3415 4144 μόνον
3466 4078 3531 4126 τὰ
3563 4083 3887 4147 Χριστιανῶν

2293 4158 2369 4213 εἴη
2425 4159 2751 4227 πρασσεύων,
2814 4157 3092 4233 ἐξυϐρίζων
3174 4159 3233 4215 δὲ
3316 4166 3440 4235 πρὸς
3504 4167 3569 4215 τὰ
3645 4165 3888 4223 Ἐλλήνων

2294 4244 2695 4317 ἐπιφανέστατα,
2763 4245 2870 4298 ἀλλ’
2927 4253 3006 4300 ὅτι
3071 4255 3159 4302 καὶ
3217 4251 3435 4313 πολλούς
3506 4255 3630 4305 ὅσαι
3700 4257 3887 4326 ἡμέραι

2293 4342 2390 4384 τῶν
2447 4336 2703 4409 ἡμετέρων
2774 4336 3037 4399 ἐξαπατῶν
3088 4347 3159 4409 τῷ
3216 4340 3402 4393 ἑαυτοῦ
3452 4346 3711 4416 προσάγει
3763 4353 3886 4418 Χρι-

2295 4439 2419 4491 στῳ.
2454 4426 2587 4493 Πρὸς
2628 4425 2826 4484 τούτοις
2868 4431 2957 4477 καὶ
3002 4426 3154 4488 ἄλλας
3207 4431 3347 4498 αύτῷ
3397 4436 3719 4503 κατηγορίας
3762 4436 3885 4490 ἐπῆ-

2289 4529 2400 4579 γον,
2453 4512 2529 4562 ὃτι
2577 4531 2648 4577 τε,
2700 4521 2796 4563 τῶν
2840 4518 2939 4587 πρὸ
2987 4522 3176 4588 μικροῦ
3228 4521 3616 4592 τεσσαράκοντα
3642 4527 3886 4591 γενναίως

2291 4595 2700 4671 ἀνδρισαμένων,
2756 4606 2843 4653 καὶ
2888 4610 3017 4672 μήτε
3070 4602 3314 4674 βασάνων
3364 4612 3536 4681 πείρᾳ,
3584 4614 3717 4680 μήτε
3756 4609 3886 4681 ἀγα-

2292 4688 2389 4738 θῶν
2439 4687 2769 4759 ἐπαγγελίαις
2817 4688 3195 4756 ἐνδεὸωκότων,
3258 4692 3386 4747 ἀλλά
3445 4701 3609 4771 μέχρι
3658 4701 3882 4752 θανάτου

533 4764 752 4818 statum
787 4780 976 4835 usque
995 4765 1071 4821 ad
1095 4774 1342 4822 mortem
1363 4784 1483 4840 prae
1508 4786 1571 4826 se
1598 4772 1888 4839 tulissent,
1919 4776 2177 4833 Severia-

2293 4770 2653 4845 διενεγκόντων
2697 4782 2789 4835 τὴν
2825 4781 3085 4843 ἔνστασιν,
3134 4787 3440 4854 Σευηριανὸς
3480 4788 3556 4843 εἴη
3609 4796 3705 4848 τῆς
3753 4808 3881 4860 καρ-

532 4866 645 4905 nus
687 4851 859 4908 fuerit
898 4857 1200 4928 praecipua
1238 4874 1421 4915 causa
1460 4880 1666 4919 eorum
1709 4864 2031 4925 tolerantiae
2069 4886 2081 4923 :
2125 4881 2179 4928 et

531 4939 692 5009 quod
716 4957 851 4997 cum
885 4944 1100 5001 multas
1125 4947 1367 5005 haberet
1400 4952 1731 5018 facultates,
1766 4957 1996 5013 nullum
2028 4961 2174 5016 sine-

530 5032 807 5098 retegere
830 5046 897 5087 ex
927 5032 996 5086 iis
1027 5036 1129 5105 qui
1156 5044 1323 5093 erant
1353 5040 1622 5110 ejusdem
1657 5046 1999 5114 sententiae;
2027 5051 2172 5120 quin

530 5114 707 5206 etiam
737 5135 838 5174 eos
867 5121 964 5192 qui
993 5122 1519 5183 includebanturin
1548 5132 1846 5198 custodiis,
1864 5114 2173 5206 proptr-area

528 5203 692 5273 quod
743 5210 1023 5265 mutarint
1073 5212 1442 5283 religionem,
1485 5234 1606 5273 non
1642 5203 1882 5288 sineret,
1936 5203 2173 5296 propter

528 5305 727 5347 rerum
760 5300 1233 5357 necessariarum
1264 5303 1672 5375 indigentiam,
1699 5310 2013 5368 meliorum
2042 5332 2173 5369 sus-

527 5377 718 5471 cipere
759 5385 1142 5471 sententiam:
1193 5393 1296 5446 sed
1349 5394 1571 5451 affatim
1612 5397 1697 5452 eis
1757 5400 2165 5471 suppeditans,

524 5463 796 5557 redderet
840 5468 1323 5536 impudentiores.
1368 5482 1430 5537 Et
1471 5483 1594 5539 haec
1632 5463 1888 5557 quidem.
1924 5463 2165 5555 invidia,

525 5566 597 5605 ex
632 5554 871 5610 veritate
911 5572 1172 5613 sumens.

2288 4867 2459 4935 τερίας
2507 4866 2695 4925 ταύτης
2745 4868 2770 4917 ό
2819 4867 3139 4931 αἰτιώτατος,
3199 4876 3286 4923 καὶ
3335 4873 3435 4939 ὅτι,
3487 4879 3638 4945 φησὶ,
3683 4876 3881 4928 πολλῶν

2286 4954 2576 5022 χρημάτων
2608 4957 2785 5029 κύριος
2824 4956 2889 5007 ὢν
2934 4955 3123 5010 ούδένα
3167 4968 3267 5011 τῶν
3321 4959 3586 5033 ὁμοδόξων
3634 4968 3882 5018 πένεσθαι

2284 5046 2508 5113 παρορᾷ,
2571 5041 2698 5093 ἀλλὰ
2744 5049 2834 5096 καὶ
2906 5050 3020 5107 τούς
3078 5049 3124 5099 ἐν
3202 5049 3451 5120 φυλακαῖς
3518 5053 3883 5127 κατακλειομέο

2283 5146 2401 5187 νους
2458 5125 2551 5179 διὰ
2620 5136 2710 5188 τὴν
2769 5132 2822 5183 ἐκ
2896 5144 2986 5194 τῆς
3039 5138 3321 5209 θρησκείας
3380 5140 3543 5191 αὐτῶν
3600 5145 3881 5213 μετάθεσιν

2283 5215 2376 5266 ούκ
2424 5215 2483 5286 ἐᾷ
2530 5226 2591 5289 τῇ
2644 5217 2810 5291 ἐνδείᾳ
2853 5230 2951 5272 τῶν
3006 5223 3297 5295 ἀναγκαίων
3352 5235 3610 5300 φρονῆσαί
3658 5251 3709 5282 τι
3765 5230 3880 5304 βέλ-

2281 5323 2412 5365 τιον,
2457 5304 2583 5356 ἀλλὰ
2614 5303 2845 5377 δαψιλῶς
2891 5317 3134 5384 παρέχων
3175 5315 3518 5390 ἱταμωτέρους
3562 5322 3879 5379 καθίστησι.

2284 5396 2381 5444 Καὶ
2412 5401 2577 5444 ταῦτα
2603 5400 2692 5466 μὲν
2718 5400 2742 5448 ό
2770 5400 2945 5468 φθόνος
2977 5400 3028 5451 ἐκ
3058 5410 3146 5463 τῆς
3184 5402 3429 5468 ἀληθείας
3458 5406 3732 5480 λαμϐάνων
3786 5414 3883 5472 τὰς

2281 5478 2530 5553 ἀφορμάςο
