4142 6278
280 281 382 337 641

282 497 494 569 λόμενα,
544 503 697 547 τοῦτο
730 496 818 565 μὶν
869 489 1121 564 ἠδομένη,
1168 499 1320 544 τοῦτο
1350 488 1410 543 δε
1437 497 1527 543 καὶ
1563 495 1693 565 πρὸς
1723 491 1880 564 ὀργὴν

285 585 433 646 εὐθὺς
491 583 840 657 ἔρεθιζομένη.
898 577 1091 634 Ἦδετο
1145 582 1234 650 μιν
1301 582 1403 651 γὰρ
1459 580 1530 639 οἷς
1585 586 1674 631 καί
1735 576 1882 639 αὖθις

284 674 522 735 κολάζειν
565 671 782 744 ἔμελλεν,
816 672 937 745 ὅπερ
970 667 1030 728 ἧν
1075 669 1215 739 αύτῷ
1259 665 1332 720 δι’
1363 669 1628 740 ὠμότητος
1671 687 1877 743 περιουο

294 767 414 815 σίαν
461 764 518 814 τὸ
570 764 924 834 χαριέστατον
980 775 990 786 ·
1045 755 1250 827 ἐξήγετο
1307 753 1366 808 δε
1413 759 1537 829 πρὸς
1590 755 1752 828 ὀργὴν
1806 757 1879 816 οἷς

283 851 416 913 ὅλως
457 849 730 923 ἰμάνθανεν
775 845 902 900 εἷναί
930 866 1046 900 τινα
1088 850 1174 898 τόν
1221 843 1506 919 θαρροῦντα
1546 852 1636 906 τῆς
1683 847 1879 898 τοσαύ-

284 959 376 1002 της
453 938 614 991 αὐτοῦ
701 941 890 1009 μανίας
957 930 1240 1008 ὑπεριδεῖν.
1302 933 1566 987 Ἐϐούλετο
1634 937 1736 1007 γὰρ
1788 939 1876 987 καὶ

284 1033 414 1101 μόνῃ
469 1036 531 1100 τῇ
610 1031 752 1098 φήμη
832 1033 922 1084 τῆς
975 1021 1281 1095 ἀγριότητος
1339 1027 1460 1085 τούς
1506 1026 1591 1075 τόν
1647 1026 1875 1094 Χριστόν

285 1124 704 1190 προσκυνοῦντας
745 1117 1104 1171 ὑποπτήσσειν
1148 1113 1320 1172 αὐτόν,
1363 1116 1452 1164 καὶ
1500 1112 1572 1172 εἰς
1613 1110 1874 1182 ἐσχάτους

285 1209 493 1278 μυχούς
537 1203 964 1277 ἀποκρύπτεσθαι
996 1221 1008 1233 ·
1053 1202 1136 1253 ἵνα
1166 1197 1224 1253 δὲ
1253 1205 1342 1253 καὶ
1367 1205 1437 1272 μὴ
1470 1203 1639 1273 μάτην
1674 1203 1877 1259 Λυσίας

284 1297 695 1366 κατονομάζοιτο
726 1292 930 1364 (ἐλύττα
976 1293 1077 1365 γὰρ
1127 1293 1263 1342 κατά
1315 1297 1642 1363 Χριστιανῶν
1689 1289 1876 1340 λύτταν

284 1384 542 1455 ἄμαχον),
592 1379 890 1434 ἀποστέλλει
942 1383 1084 1441 τινὰς
1127 1381 1258 1450 μετὰ
1297 1378 1514 1453 φοϐεροῦ
1571 1386 1659 1430 τοῦ
1703 1378 1874 1430 κελεύι

285 1491 481 1544 σματος
562 1470 890 1543 ἀνάρπαστον
974 1469 1164 1520 αὐτίκα
1252 1470 1557 1540 Σευηριανὸν
1639 1467 1871 1529 ἄξοντας.

281 1565 345 1613 Τί
400 1557 458 1613 δὲ
511 1563 537 1612 ὁ
581 1567 672 1612 τοῦ
720 1565 954 1631 Χριστοῦ
1013 1562 1339 1630 στρατιώτης
1391 1579 1402 1620 ς
1456 1553 1595 1609 Οὐδὲ
1651 1555 1876 1627 ἀνέμεινε

283 1654 400 1711 τούς
453 1650 794 1720 πεμφθέντας,
852 1646 977 1698 ἀλλά
1029 1647 1234 1718 φθάσας
1297 1645 1466 1696 αὐτῶν
1538 1649 1629 1702 τὴν
1700 1643 1872 1716 ἄφιξιν

1484 277 1580 332 MA
1592 274 1923 334 RTYRIUM
1965 276 2027 332 S.
2070 278 2464 338 SEVERIANI.

358 407 426 466 B'.
465 405 524 460 Ἦ
558 402 618 458 δε
665 412 756 458 τοῦ
802 401 990 464 δουκὸς
1033 401 1159 461 ἀκοὴ
1206 399 1419 473 ἱδέχετο
1459 404 1525 455 τὰ
1561 401 1882 475 προσαγγελ-
1908 401 1955 456 Α

3529 299 3635 355 642

2062 404 2126 492 tl.
2155 405 2296 468 Quae
2325 423 2464 464 vero
2504 410 2953 482 nuntiabantur,
2999 413 3122 472 dux
3163 417 3373 484 audiit,
3415 421 3632 492 partim

1989 491 2235 564 quidem
2261 494 2451 563 laetus,
2491 498 2703 569 partim
2736 506 2934 558 autem
2961 503 3039 558 ad
3070 503 3221 560 iram
3253 491 3522 578 protinus
3549 510 3633 566 in-

1989 581 2218 637 citatus.
2243 587 2387 640 Nam
2423 585 2735 644 laetabatur
2764 590 3028 662 quidem,
3077 594 3234 664 quod
3285 612 3425 652 mox
3481 605 3634 655 esset

1989 671 2323 740 puniturus,
2371 675 2531 745 quod
2573 682 2813 748 propter
2868 695 3171 736 summam
3221 683 3631 742 crudelitatem

1988 764 2112 812 erat
2141 757 2189 814 ei
2228 760 2780 832 jucundissimum:
2823 767 2912 822 ira
2957 773 3156 824 autem
3206 772 3626 840 concitabatur,

1987 847 2150 916 quod
2175 849 2522 920 intelligeret
2559 853 2808 910 omnino
2835 871 2960 912 esse
2991 857 3273 930 aliquem,
3311 863 3414 932 qui
3453 863 3634 918 aude-

1985 939 2072 990 ret
2115 936 2418 1008 despicere
2448 945 2668 998 tantam
2699 943 2828 1014 ejus
2856 943 3176 1001 insaniam.
3209 948 3443 1004 Volebat
3475 953 3631 1008 enim

1987 1023 2072 1078 vel
2102 1025 2226 1081 sola
2259 1027 2420 1084 fama
2476 1029 2790 1087 auditionis
2816 1049 2919 1088 eos
2960 1035 3062 1106 qui
3097 1033 3390 1093 Christum
3421 1039 3632 1096 adora-

1987 1112 2148 1176 bant,
2198 1113 2397 1184 ipsum
2436 1116 2779 1183 formidare,
2839 1125 2893 1176 et
2923 1122 2985 1177 in
3017 1124 3293 1179 extremis
3324 1125 3504 1180 latere
3536 1143 3632 1198 pe-

1988 1201 2312 1256 netralibus
2345 1208 2402 1260 et
2437 1203 2713 1261 latibulis.
2751 1211 2829 1264 Ne
2881 1215 3080 1265 autem
3114 1217 3329 1268 temere
3371 1215 3631 1286 appella-

1986 1294 2144 1343 retur
2191 1291 2389 1362 Lysias
2418 1293 2567 1364 (erat
2603 1295 2761 1351 enim
2809 1297 3146 1355 vehementi
3176 1301 3337 1356 rabie
3386 1305 3633 1374 percitus

1987 1376 2269 1433 adversus
2306 1379 2715 1452 Christianos),
2759 1386 2930 1442 mittit
2958 1389 3257 1458 quosdam
3289 1406 3426 1445 cum
3458 1392 3631 1462 jussu

1986 1465 2249 1532 terribili,
2282 1468 2384 1540 qui
2436 1471 2822 1529 Severianum
2877 1490 3019 1530 mox
3068 1476 3408 1548 arriperent,
3464 1484 3522 1534 et
3559 1480 3632 1536 ad

1984 1568 2045 1608 se
2097 1554 2475 1612 adducerent.
2550 1559 2700 1624 Quid
2751 1567 2950 1618 autem
3007 1564 3212 1620 Christi
3255 1567 3420 1621 miles
3473 1566 3502 1622 ‘i
3554 1571 3633 1624 Ne

1984 1645 2340 1713 exspectavit
2384 1646 2626 1716 quidem
2679 1664 2781 1704 eos
2837 1650 2942 1722 qui
2994 1653 3161 1708 missi
3219 1654 3473 1724 fuerant,
3530 1656 3634 1711 sed

283 1747 354 1809 τῷ
414 1735 566 1790 δουκὶ
613 1742 864 1808 παρέστη,
915 1740 1004 1788 καὶ
1047 1734 1346 1809 παρρησίας
1393 1731 1522 1786 εἶναι
1558 1737 1644 1785 τὸν
1692 1735 1872 1804 καιρὸν

1986 1747 2191 1787 eorum
2234 1733 2557 1790 adventum
2609 1737 2966 1810 anticipans,
3011 1743 3261 1798 accessit
3291 1744 3359 1798 ad
3393 1745 3630 1810 ducem,

282 1826 637 1898 λογισάμενος,
690 1825 760 1877 Ὦ.
814 1829 1010 1890 Λυσία,
1066 1829 1244 1896 φησιν,
1305 1823 1408 1894 οὐχ
1461 1825 1631 1874 ἱκανόν
1683 1842 1768 1875 σοι
1815 1825 1873 1876 τὸ

281 1921 434 1985 μόνον
479 1914 801 1967 ἀπόλλυσθαι
845 1918 933 1965 καὶ
981 1915 1117 1964 κατά
1166 1920 1387 1965 σεαυτοῦ
1434 1915 1491 1964 τό
1533 1912 1672 1984 ξίφος
1703 1913 1872 1981 ὠθεῖν,

285 2003 412 2055 ἀλλά
457 2010 545 2056 καὶ
601 2007 692 2064 τάς
737 2005 988 2074 ἡμετέρας
1037 2001 1210 2074 βούλει
1259 2005 1619 2072 παραπολέσαι
1666 2000 1872 2072 ψυχὰς,

284 2098 374 2144 καὶ
426 2095 489 2152 ὡς
545 2093 752 2164 ἕρμαιόν
806 2111 857 2143 τι
911 2094 1101 2150 ταύτας
1157 2097 1264 2152 τοῖς
1324 2087 1544 2162 δαίμοσι
1597 2098 1704 2152 τοῖς
1768 2096 1876 2150 σοῖς

284 2188 581 2252 παρασχεῖν
614 2197 627 2246 ;
666 2179 797 2231 Ἀλλ’
853 2182 966 2232 ῖσθι
1008 2183 1097 2251 μὶν
1129 2183 1193 2240 ὡς
1221 2179 1315 2232 οὐκ
1354 2179 1613 2250 ἀγεννέσιν
1643 2176 1766 2230 οὐδὲ
1795 2198 1878 2249 μι-

283 2267 578 2339 κροψύχοις
601 2270 902 2338 περιτύχοις
930 2285 942 2297 ·
982 2267 1090 2339 ἐμοὶ
1121 2271 1222 2341 γὰρ
1253 2272 1388 2320 κατά
1416 2272 1500 2320 τόν
1536 2269 1656 2338 ἐμὸν
1688 2263 1877 2320 διδάσσ

283 2356 435 2408 καλον
479 2355 673 2408 Παῦλον
721 2359 779 2407 τό
813 2356 908 2427 ζῇν
941 2360 1188 2430 Χριστός,
1223 2361 1308 2408 καὶ
1347 2361 1404 2408 τὸ
1437 2354 1508 2409 δι’
1538 2355 1725 2408 ἐκεῖνον
1754 2355 1878 2409 ἀπο-

286 2447 449 2497 θανεῖν
479 2441 658 2517 κέρδος
687 2448 950 2516 μέγιστον.

354 2620 422 2673 Γ’.
449 2624 664 2682 Τούτοις
708 2623 734 2672 ό
765 2620 995 2682 ἀθλητὴς
1029 2624 1118 2673 τόν
1148 2629 1242 2682 τῆς
1289 2619 1534 2681 ἀπονοίας
1563 2624 1761 2694 πύργον
1788 2621 1875 2672 εύ-

287 2713 373 2771 θὺς
418 2713 638 2763 ἐνέσεισε
685 2717 776 2762 τοῦ
829 2709 1136 2782 ἀλάστορος,
1188 2718 1340 2762 τοῦτο
1379 2714 1468 2782 μεν
1527 2713 1607 2762 ὃτι
1650 2712 1772 2784 παρ’
1803 2710 1874 2763 ελ-

283 2796 420 2851 πίδα
466 2805 640 2851 πᾶσαν
696 2795 833 2868 μηδὲ
885 2798 1141 2856 κληθῆναι
1185 2804 1479 2871 περιμείνας
1536 2797 1803 2856 ἀπήντησε
1860 2821 1870 2832 ·

284 2894 373 2938 τοῦ
381 2905 437 2938 το
479 2883 538 2938 δι
577 2888 656 2936 ὅτι
702 2890 793 2937 καὶ
841 2884 1044 2954 ἀπίστῳ
1089 2885 1248 2956 τόλμῃ
1300 2884 1420 2956 παρ’
1455 2885 1582 2936 αὐτὸ
1631 2889 1688 2936 τό
1719 2894 1876 2956 φανῆ-

285 2995 371 3026 ναι
420 2979 571 3045 μόνον
624 2972 913 3044 ἓχρόσατο.
971 2974 1205 3025 Ἐσιώπα
1253 2981 1377 3042 γοῦν
1425 2972 1500 3043 ἐφ’
1558 2975 1728 3024 ἱκανόν
1775 2981 1877 3034 τοῖς

1985 1823 2044 1874 et
2077 1825 2360 1891 reputans
2396 1838 2523 1878 esse
2577 1827 2812 1896 tempus
2867 1825 3154 1899 loquendi
3184 1829 3365 1885 libere
3401 1847 3412 1884 :
3448 1832 3492 1888 Ο
3532 1834 3636 1905 Ly-

1987 1908 2097 1975 sia,
2144 1909 2357 1981 inquit,
2408 1926 2528 1966 non
2579 1913 2796 1969 sufﬁcit
2848 1914 2948 1970 tibi
2994 1917 3184 1972 solum
3241 1919 3427 1989 perire
3479 1924 3536 1976 et
3574 1921 3633 1975 in

1984 1996 2243 2067 teipsum
2277 2013 2481 2054 ensem
2509 2000 2830 2072 impellere,
2860 2002 2965 2058 sed
3014 2016 3247 2061 nostras
3278 2007 3364 2061 vis
3395 2023 3636 2079 quoque

1989 2085 2235 2155 perdere
2273 2087 2529 2156 animas,
2562 2095 2618 2145 et
2651 2105 2752 2146 eas
2783 2096 3075 2163 tanquam
3119 2093 3346 2150 lucrum
3387 2095 3630 2168 aliquod

1986 2175 2102 2228 tuis
2149 2175 2410 2246 praebere
2436 2176 2816 2234 daemonibus
2845 2179 2872 2234 τ
2903 2181 3012 2236 Sed
3041 2181 3193 2236 scias
3225 2198 3384 2238 nunc
3412 2188 3464 2238 te
3495 2183 3638 2238 inci-

1987 2261 2147 2317 disse
2199 2262 2262 2318 in
2312 2264 2464 2320 viros
2509 2265 2708 2334 fortes,
2765 2271 2820 2323 et
2870 2267 2972 2339 qui
3026 2284 3148 2324 non
3189 2275 3326 2326 sunt
3371 2271 3562 2342 pusilli
3585 2275 3638 2326 et

1987 2351 2199 2422 abjecti
2246 2353 2454 2409 animi.
2513 2355 2652 2409 Mihi
2703 2355 2863 2411 enim
2917 2356 3000 2427 (ut
3050 2357 3133 2412 ait
3189 2374 3360 2413 meus
3429 2358 3638 2414 doctor

1988 2439 2224 2513 Paulus)
2253 2441 2447 2498 vivere
2488 2450 2570 2499 est
2597 2443 2891 2508 Christus,
2931 2451 2987 2500 et
3025 2449 3264 2517 propter
3285 2446 3450 2502 illum
3483 2447 3637 2503 mori

1989 2529 2218 2584 lucrum
2256 2535 2348 2586 est
2377 2531 2708 2588 maximum
2739 2533 2779 2583 ί.

2057 2617 2150 2671 ΙΙΙ.
2185 2617 2280 2672 His
2310 2619 2528 2674 athleta
2555 2621 2830 2676 amentias
2860 2637 3057 2676 arcem
3092 2622 3294 2678 statim
3316 2623 3636 2680 labefacta-

1987 2706 2067 2762 vit
2119 2707 2296 2778 hujus
2345 2709 2806 2773 cacodmmonis,
2863 2711 3076 2780 partim
3142 2712 3409 2783 quidem,
3468 2713 3631 2785 quod

1983 2801 2196 2866 printer
2248 2811 2415 2867 spem
2463 2813 2724 2863 omnem,
2761 2813 2834 2854 ne
2873 2800 3234 2871 exspectavit
3282 2802 3528 2872 quidem
3574 2807 3639 2856 ut

1985 2891 2294 2940 vocaretur
2332 2903 2346 2952 ;
2400 2887 2612 2956 partim
2637 2891 2835 2944 autem
2879 2888 3040 2960 quod
3098 2889 3244 2944 dum
3288 2891 3634 2961 comparuit,

1985 2970 2312 3026 incredibili
2345 2990 2484 3028 usus
2510 2979 2596 3030 est
2623 2977 2890 3031 audacia.
2921 2977 3092 3034 Siluit
3135 2977 3335 3048 itaque
3367 2977 3635 3050 aliquan-

288 3062 423 3124 ὅλοις
497 3058 782 3134 διαπορῶν.
840 3059 964 3114 Εἶτα
1039 3057 1206 3112 δεινὸν
1271 3059 1526 3132 ἐμϐλέψας
1579 3069 1688 3122 τοῖς
1741 3081 1875 3133 παρ-

1989 3057 2198 3126 tulum,
2231 3059 2407 3128 plane
2456 3063 2639 3117 animi
2679 3063 2893 3118 dubius
2925 3069 2982 3120 et
3037 3065 3375 3136 perplexus.
3415 3067 3634 3123 Deinde

291 3160 502 3214 εστῶσι,
536 3155 626 3202 καὶ
655 3157 717 3222 τῇ
764 3154 910 3224 χειρὶ
941 3147 1264 3224 παραδείξας
1310 3152 1396 3200 τόν
1440 3153 1682 3223 μάρτυρα
1707 3167 1719 3180 ·
1752 3156 1878 3204 Νεύ-

286 3259 418 3312 ροις,
476 3236 630 3304 εἶπεν,
679 3239 834 3310 ὠμοῖς
871 3241 941 3299 ὡς
983 3240 1146 3308 τάχος
1193 3237 1602 3302 καταξαινέσθω,
1653 3240 1734 3290 ἵνα
1783 3239 1877 3290 κάν

285 3329 448 3390 οὕτως
527 3329 775 3386 αἴσθηται
826 3328 944 3378 οἵων
997 3327 1137 3396 αύτῷ
1190 3326 1428 3396 πρόξενον
1505 3330 1561 3378 τὸ
1617 3327 1879 3402 πεπαῤῥη-

287 3418 509 3469 σιάσθαι
566 3420 637 3488 μὴ
688 3418 820 3468 κοιτά
859 3419 1040 3487 καιρὸν
1094 3418 1309 3485 γίνεται.
1363 3415 1422 3468 '0
1477 3419 1566 3487 μιν
1625 3413 1694 3474 δὴ
1743 3417 1878 3469 οὕτω

284 3510 596 3569 τυπτόμενος
642 3507 850 3577 ἔχαιρεν
907 3505 980 3564 οἶς
1027 3505 1153 3578 ὑπερ
1204 3511 1438 3578 Χριστοῦ
1488 3507 1576 3564 τὰς
1616 3503 1878 3575 βασάνους

284 3596 518 3669 ύπέφερε,
574 3599 662 3645 καὶ
717 3598 775 3645 τὸ
848 3592 1110 3664 ψαλμικὸν
1189 3591 1345 3645 ἐκεῖνο
1425 3595 1656 3666 καθάπερ
1731 3591 1875 3665 ᾠδὴν

285 3682 584 3744 ἀλεξίκακον
641 3679 801 3754 ἕπῇδε
847 3688 955 3742 τοῖς
1021 3684 1333 3754 τραύμασιν,
1395 3681 1510 3734 Ἐπὶ
1558 3690 1654 3733 τῶν
1703 3688 1871 3734 νώτων

285 3792 407 3844 μου,
462 3771 641 3842 λέγων,
709 3769 989 3823 ἐτέκταινον
1064 3771 1113 3821 οἱ
1190 3769 1510 3842 ἁμαρτωλοὶ,
1589 3770 1877 3844 ἐμάκρυναν

283 3866 378 3919 τὴν
432 3859 645 3932 ἀνομίαν
700 3859 866 3911 αὐτῶν
919 3876 931 3888 ⁸
986 3863 1075 3911 καὶ
1123 3861 1214 3920 τὰς
1262 3859 1467 3929 πληγὰς
1518 3858 1736 3912 ἐποιεῖτο
1783 3869 1875 3923 τῆς

283 3953 410 4024 πρὸς
467 3951 694 4020 Χριστὸν
761 3947 969 4018 ἀγάπης
1025 3949 1352 4018 ὑπέκκαυμα.
1401 3947 1459 3999 Ὀ
1513 3951 1759 4021 τύραννος
1817 3945 1875 4002 δὲ

285 4038 392 4090 ἐπεὶ
446 4041 562 4097 τούς
603 4037 950 4108 μαστίζοντας
997 4035 1130 4107 ἑώρα
1182 4037 1463 4106 κάμνοντας
1513 4037 1720 4108 μᾶλλον,
1787 4042 1873 4090 τόν

284 4131 524 4203 μάρτυρα
577 4123 636 4179 δε
686 4134 756 4196 τῷ
813 4128 1044 4198 πάσχειν
1089 4122 1431 4199 φαιδροτέραν
1479 4130 1572 4183 τὴν
1626 4127 1744 4197 ἄψιν
1802 4135 1872 4196 τῷ

287 4222 413 4290 φωτὶ
471 4213 742 4269 δεικνύντα
790 4223 882 4267 τοῦ
937 4218 1244 4287 πνεύματος,
1299 4223 1398 4265 τῶν
1447 4219 1712 4286 μαστίγων
1768 4214 1872 4266 ἀνε-

287 4309 439 4366 θῆναι
487 4302 858 4360 διακελεύεται,
920 4301 1046 4355 Εἶτα
1090 4307 1215 4374 πρὸς
1269 4307 1325 4353 τὸ
1375 4307 1657 4374 πραότερον
1715 4298 1872 4360 δῆθεν

1987 3161 2084 3199 eos
2107 3145 2210 3216 qui
2241 3146 2507 3214 aderant,
2538 3149 2891 3206 horribiliter
2919 3150 3174 3217 intuens,
3207 3157 3461 3208 etmanu
3486 3169 3636 3208 mar-

1987 3241 2175 3306 tyrem
2207 3235 2524 3290 ostendens
2554 3253 2572 3293 :
2601 3237 2828 3301 Crudis,
2861 3239 3064 3308 inquit,
3100 3240 3292 3294 nervis
3333 3241 3636 3312 quampri-

1987 3339 2155 3378 mum
2181 3323 2488 3388 laceretur,
2520 3329 2583 3378 ut
2633 3324 2794 3390 sciat,
2833 3326 3124 3396 quidnam
3155 3327 3424 3383 conciliet
3448 3329 3631 3385 libere

1987 3410 2147 3483 loqui
2177 3427 2297 3467 non
2324 3413 2384 3466 in
2427 3419 2708 3484 tempore.
2751 3418 2944 3484 Atque
2974 3412 3068 3468 ille
3098 3414 3363 3485 quidem,
3386 3415 3528 3472 dum
3553 3419 3633 3474 sic

1987 3500 2432 3566 verberabatur,
2466 3500 2778 3558 laetabatur
2793 3502 3122 3568 tormentis,
3141 3518 3276 3574 quae
3304 3505 3634 3562 sustinebat

1987 3595 2229 3661 propter
2272 3589 2589 3657 Christum,
2638 3595 2694 3645 et
2737 3589 2879 3644 illud
2929 3588 3306 3660 psalmicum,
3344 3596 3631 3663 tanquam

1988 3677 2246 3733 salutare
2289 3679 2641 3744 remedium,
2671 3678 2924 3734 afferens
2954 3694 3217 3743 carmen,
3249 3681 3531 3736 cantabat
3556 3682 3633 3737 ad

1988 3767 2231 3822 vulnera
2260 3783 2273 3820 :
2308 3769 2510 3835 Supra
2536 3768 2778 3824 dorsum
2808 3783 3019 3834 meum,
3053 3767 3279 3832 dicens,
3301 3768 3632 3838 fabricam-

1984 3863 2128 3910 runt
2139 3857 2999 3925 peccatore:,protongaverunt
3012 3855 3382 3926 iniquitatem
3393 3872 3562 3913 suam
3577 3860 3598 3893 ²
3615 3875 3629 3925 ;

1982 3949 2039 4000 et
2084 3946 2293 4016 plagas
2349 3945 2608 4000 ducebat
2654 3961 2782 4001 esse
2826 3946 3272 4000 incitamentum
3303 3945 3379 4001 ad
3418 3946 3630 4004 Christi

1981 4034 2380 4090 dilectionem.
2442 4035 2748 4106 Tyrannus
2802 4041 3001 4088 autem
3052 4049 3185 4089 cum
3259 4034 3474 4090 videret
3529 4052 3630 4092 eos

1980 4121 2222 4193 quidem
2254 4138 2382 4176 esse
2408 4121 2620 4187 fessos,
2664 4122 2766 4193 qui
2794 4121 2997 4191 ﬂagris
3026 4119 3340 4175 caedebant
3367 4138 3380 4177 :
3413 4129 3632 4196 marty-

1982 4224 2108 4263 rem
2159 4224 2300 4262 vero
2350 4224 2479 4263 esse
2534 4209 2701 4263 vultu
2782 4209 3130 4264 alacriorem
3181 4209 3313 4265 luce
3363 4211 3626 4281 spiritus,

1977 4296 2146 4366 jubet
2170 4311 2308 4350 eum
2333 4295 2586 4350 relaxari
2613 4311 2648 4351 a
2679 4295 3046 4351 verberibus.
3080 4297 3297 4352 Deinde
3341 4314 3474 4353 cum
3510 4304 3624 4355 tra-

283 4394 578 4467 μεταϐαλών
608 4411 619 4422 ·
655 4393 767 4444 Ούκ
815 4392 1049 4457 ἀσθενὴς,
1096 4392 1212 4461 ἔφη,
1272 4387 1319 4441 εἷ
1363 4395 1701 4459 στρατιώτης,
1751 4392 1870 4442 ὅσον

1986 4385 2193 4439 ductus
2219 4389 2372 4438 esset
2413 4382 2490 4438 ad
2528 4383 3048 4438 mansuetudinem
3103 4387 3269 4440 :Non
3299 4401 3383 4450 es,
3435 4387 3628 4459 inquit

285 4483 385 4535 ἀπὸ
442 4489 534 4542 τῆς
590 4485 800 4552 πρώτης
867 4481 1044 4549 πείρας
1120 4479 1321 4548 μαθεῖν,
1375 4475 1502 4527 ἀλλά
1582 4477 1870 4552 ἐρρωμένως

283 4573 420 4641 ἔχων
468 4573 556 4620 καὶ
603 4563 884 4638 ἀνδρικῶς,
932 4570 1020 4618 καὶ
1079 4568 1204 4639 πρὸς
1260 4560 1498 4617 κίνδυνον
1545 4566 1869 4641 παραϐαλέσ-

288 4661 374 4711 θαι
423 4655 719 4728 δυνάμενος.
773 4654 983 4718 Ἔξεστι
1037 4651 1098 4708 δέ
1151 4674 1233 4707 σοι
1271 4662 1373 4716 τοῖς
1420 4664 1650 4730 παροῦσι
1688 4659 1866 4729 μαθεῖν

285 4751 350 4809 ὡς
392 4746 484 4799 οῦκ
516 4747 830 4820 εὐφροσύνης
861 4748 1015 4808 τινός,
1049 4741 1172 4797 οὐδὲ
1220 4741 1394 4807 δεξιᾶς
1440 4747 1616 4816 τύχης
1664 4748 1689 4797 ό
1736 4755 1866 4820 Χρι-

287 4842 408 4898 στός
478 4854 561 4887 σοι
621 4836 908 4892 καθέστηκε
963 4833 1220 4906 πρόξενος.
1269 4833 1326 4885 Ὀ
1381 4830 1440 4885 δὲ
1491 4837 1690 4906 μάρτυς
1741 4834 1867 4888 ἀνα-

286 4928 556 5000 θαρσήσας
585 4923 792 4996 μᾶλλον,
842 4928 929 4975 καὶ
981 4924 1085 4975 οἷον
1134 4922 1518 4997 εὐστομωτέραν
1567 4929 1659 4983 τὴν
1705 4924 1866 4995 γλῶτ-

283 5035 374 5068 ταν
405 5021 465 5086 τῇ
513 5017 668 5087 πείρᾳ
713 5020 810 5064 τῶν
855 5011 1094 5082 ἀλγεινῶν
1141 5013 1491 5083 ποιησάμενος
1518 5036 1530 5048 ο
1561 5015 1618 5066 Εἴ
1665 5032 1760 5065 σου
1803 5017 1869 5066 τά

282 5113 373 5164 τῆς
401 5103 609 5174 ψυχῆς,
640 5097 794 5167 εἶπεν,
844 5091 1050 5171 ἅμματα
1095 5104 1166 5170 μή
1222 5108 1291 5152 τῶ
1340 5105 1510 5152 σκότει
1543 5108 1636 5163 τῆς
1676 5098 1868 5155 δυσσε-

283 5191 420 5252 ϐείας
477 5192 778 5262 ἠμαύρωτο,
833 5185 1007 5250 ἔδειξα
1080 5189 1140 5239 ἄν
1195 5207 1278 5240 σοι
1331 5189 1464 5240 ὅσων
1521 5187 1727 5260 ἀγαθῶν
1779 5211 1868 5262 μοι

281 5285 506 5338 κατέστη
560 5278 796 5352 πρόξενος
840 5277 899 5335 ἣν
953 5275 1210 5347 ἐπήγαγες
1251 5281 1524 5349 τιμωρίαν.
1567 5279 1674 5330 Νῦν
1719 5275 1776 5332 δὲ
1818 5285 1867 5332 τί

283 5367 344 5420 ἀν
375 5370 594 5440 πάθοιμι
631 5369 730 5442 πρὸ
770 5365 963 5439 τυφλοῦ
1009 5369 1197 5436 φαίνων
1234 5369 1324 5417 καὶ
1353 5362 1494 5434 ᾄδων
1533 5367 1616 5419 ἰπὶ
1667 5377 1860 5440 κωφῷ;

359 5532 373 5566 ¹
417 5529 665 5601 Philipp.
697 5544 735 5594 1,
767 5528 858 5582 2t.
970 5529 992 5562 ³
1021 5526 1178 5582 Psal.
1211 5541 1432 5591 cxxvm,
1465 5526 1516 5582 3.

1979 4473 2121 4539 dux,
2166 4471 2334 4528 miles
2379 4470 2656 4540 ignavus,
2705 4475 3000 4542 quantum
3039 4477 3226 4544 potest
3269 4472 3512 4544 intelligi
3555 4491 3628 4531 ex

1975 4563 2170 4636 prima
2212 4559 2600 4632 experientia,
2627 4559 2730 4615 sed
2768 4560 2930 4615 fortis
2971 4565 3028 4616 et
3075 4566 3374 4629 strenuus,
3415 4567 3470 4618 et
3521 4565 3626 4635 qui

1976 4659 2142 4724 potes
2190 4650 2473 4707 audacter
2514 4649 2678 4706 adire
2708 4648 2987 4720 pericula.
3024 4649 3191 4705 Potes
3237 4656 3436 4706 autem
3477 4651 3625 4706 scire

1974 4757 2045 4798 ex
2094 4737 2500 4812 praesentibus,
2552 4736 2718 4810 quod
2792 4735 3017 4791 nullam
3074 4735 3360 4802 laetitiam,
3435 4752 3624 4808 neque

1979 4845 2329 4901 prosperam
2371 4827 2637 4898 aliquam
2670 4824 2969 4880 fortunam
3002 4823 3106 4879 tibi
3138 4824 3398 4879 Christus
3427 4825 3625 4880 conci-

1975 4919 2090 4985 liet,
2153 4919 2364 4988 Martyr
2406 4923 2603 4971 autem
2639 4913 2840 4969 animo
2894 4912 3085 4980 magis
3106 4912 3514 4978 conﬁrmatus,
3565 4917 3624 4969 et

1976 5014 2039 5064 ut
2063 5008 2161 5079 qui
2193 5021 2392 5062 rerum
2419 5017 2766 5073 aSperarum
2793 5000 3166 5073 perpessione
3199 5000 3468 5070 linguam
3498 5018 3621 5059 ma-

1975 5097 2064 5167 gis
2097 5095 2352 5151 acuisset
2392 5115 2403 5147 :
2454 5091 2513 5147 Si
2549 5089 2724 5156 oculi,
2792 5090 3003 5161 inquit,
3061 5088 3279 5144 animm
3336 5095 3448 5144 tuae
3499 5105 3624 5146 non

1974 5190 2171 5243 essent
2197 5181 2456 5240 hebetati
2518 5180 2773 5236 tenebris
2842 5178 3175 5249 impietatis,
3227 5177 3621 5234 ostendissem

1974 5275 2103 5341 tibi,
2128 5289 2314 5346 quam
2363 5270 2550 5327 multa
2596 5269 2758 5324 bona
2789 5266 2932 5322 mihi
2967 5264 3338 5322 conciliasset
3373 5266 3432 5322 id
3455 5266 3621 5339 quod

1979 5365 2120 5422 mihi
2142 5360 2392 5420 intulisti
2430 5357 2805 5430 supplicium.
2853 5355 3015 5411 Nunc
3038 5360 3237 5412 autem
3261 5355 3406 5428 quid
3441 5370 3620 5426 agam
