4142 6278
536 335 642 391 643

1837 316 2087 375 MENSIS
2127 310 2577 369 SEPTEMBER.

3794 310 3903 366 644

539 474 698 515 ceco
736 457 1090 530 praelucens,
1130 459 1186 511 et
1233 452 1415 510 surdo
1453 464 1675 506 canens
1700 448 1728 504 τ
1762 444 1817 502 Si
1860 443 2012 499 enim
2066 455 2185 496 non

2307 439 2356 492 Εἰ
2396 442 2498 510 γὰρ
2546 438 2725 502 οὕτως,
2772 435 2811 488 ὦ
2852 433 3103 501 δικαστὰ,
3145 439 3217 507 μὴ
3266 432 3519 500 διέκεισο,
3555 432 3807 499 συνεῖδες,
3842 436 3905 487 ἂν

540 550 623 604 sic
653 547 899 604 aﬂ'ectus
924 563 1103 613 esses,
1127 562 1162 601 o
1188 538 1797 616 judex,intellexisses
1824 533 2031 589 Christi
2055 547 2186 601 gra-

540 638 682 692 tiam
722 647 774 691 et
825 635 1119 697 virtutem,
1159 648 1294 704 quae
1328 647 1421 686 me
1451 628 1786 685 conﬁrmat.
1832 624 1985 677 Num
2026 618 2183 675 enim

540 730 715 795 putas
738 724 863 779 sine
891 739 961 778 ea
992 730 1111 778 tam
1143 721 1310 777 facile
1332 718 1609 775 affectum
1637 716 1707 770 iri
1728 728 1871 783 erga
1897 713 2190 766 tormenta

542 828 780 869 carnem
803 811 1229 879 etsanguinem
1249 812 1276 865 ?
1298 808 1355 865 Si
1373 822 1513 877 ergo
1537 806 1621 860 sic
1647 801 1849 870 sentis,
1880 800 1929 855 si
1958 814 2031 854 ea
2053 812 2189 869 que

545 906 683 955 sunt
730 915 852 972 prae
890 898 1168 971 pedibus,
1216 914 1335 953 non
1371 901 1541 969 potes
1595 891 1831 959 intueri,
1887 885 2193 962 quomodo

546 1004 666 1044 non
718 994 858 1043 sunt
886 986 1090 1043 omnia
1132 992 1235 1043 tua
1266 984 1468 1049 surda,
1510 987 1565 1039 et
1596 997 1770 1047 caeca,
1821 984 1877 1033 et
1922 976 2033 1032 diis
2081 975 2193 1031 tuis

547 1077 781 1133 similia.

621 1165 845 1220 lV.Dux
885 1168 1082 1219 autem
1127 1162 1303 1217 valde
1346 1161 1563 1223 ridens,
1622 1157 1733 1214 etsi
1785 1160 2011 1225 martyr
2053 1166 2197 1207 non.

554 1255 700 1309 dum
728 1259 1015 1309 cessasset
1039 1252 1233 1306 dicere
1263 1267 1275 1305 :
1317 1252 1568 1305 Tantum
1602 1247 1791 1307 abest,
1824 1243 2033 1313 inquit,
2069 1245 2195 1294 utte

551 1350 704 1397 recte
744 1341 956 1395 sentire
987 1338 1341 1405 existimem,
1392 1342 1445 1393 et
1489 1335 1730 1389 credam
1775 1332 1847 1386 iis
1892 1346 2029 1401 qum
2070 1344 2105 1382 a
2142 1334 2197 1381 te

542 1430 841 1496 dicuntur,
883 1433 949 1483 ut
985 1427 1194 1483 futuris
1234 1424 1539 1480 tormentis
1579 1422 1691 1476 sim
1744 1417 2083 1482 eifecturus,
2135 1420 2196 1470 ut

548 1516 869 1572 modestior
889 1515 1155 1570 reddaris
1172 1519 1228 1569 et
1258 1510 1603 1583 sapientior.
1630 1512 1850 1564 Rursus
1873 1511 2075 1561 autem
2107 1504 2196 1559 di-

546 1605 621 1660 cit
661 1612 916 1675 martyr:
952 1603 1088 1657 Hazc
1134 1601 1313 1656 verba
1346 1608 1399 1655 te
1434 1613 1671 1667 magna;
1703 1600 1961 1665 arguunt
1995 1608 2199 1649 amen-

551 1693 646 1749 tiae
676 1710 689 1759 ;
723 1693 828 1747 sed
856 1692 1143 1764 quoniam
1177 1688 1426 1745 conﬁdis
1458 1688 1517 1742 in
1558 1684 1885 1749 tormentis,
1917 1689 1973 1738 et
2011 1681 2201 1738 credis

2296 532 2389 584 τὴν
2434 526 2783 596 ίνισχύουσάν
2829 542 2893 596 με
2925 531 3017 575 τοῦ
3051 531 3281 595 Χριστοῦ
3328 526 3491 595 χάριν
3530 529 3616 575 xui
3650 521 3901 595 δύναμιν.

2296 614 2432 687 Ἀρα
2455 617 2555 684 γὰρ
2582 616 2677 664 οἴει
2722 615 2917 673 ταύτης
2967 617 3138 684 χωρὶς
3185 613 3308 686 ῥᾷον
3360 613 3495 664 οὕτω
3543 616 3676 685 πρός
3724 611 3907 685 βασά-

2298 722 2415 764 νους
2459 703 2589 774 αἷμα
2634 706 2724 753 καὶ
2776 703 2949 773 σάρκα
2998 698 3306 759 διατεθῆναι
3342 718 3357 766 ;
3408 702 3465 755 Εἰ
3495 702 3630 753 οὑτω
3676 710 3902 773 φρονεῖς,

2302 791 2344 843 εἰ
2399 793 2464 843 τὰ
2518 790 2566 843 ἄν
2618 795 2746 842 ποσὶ
2797 797 2964 841 ταῦτα
3017 788 3223 861 βλέπειν
3268 786 3562 854 ἀδυνατεῖς,
3615 798 3720 850 πῶς
3770 790 3903 860 οὐχὶ

2302 882 2470 932 πάντα
2519 900 2613 932 σου
2655 882 2803 951 κωφά
2849 884 2939 930 καὶ
2986 878 3154 951 τυφλά
3195 885 3285 931 καὶ
3334 886 3444 939 τοῖς
3485 882 3616 941 θεοῖς
3647 886 3758 939 τοῖς
3792 887 3907 939 σοῖς

2303 971 2457 1041 ὃμοια
2484 988 2497 1032 ;

2376 1146 2445 1199 A'.
2474 1153 2533 1197 Ὁ
2582 1144 2641 1198 δι
2684 1145 2823 1217 μάλα
2850 1145 3073 1216 γελάσας
3120 1148 3146 1197 6
3204 1144 3350 1208 δούξ,
3403 1152 3560 1216 μήπω
3604 1153 3696 1198 τοῦ
3744 1145 3906 1217 λέγειν

2304 1239 2638 1304 παυσαμένου
2674 1242 2764 1286 τοῦ
2817 1237 3100 1309 μάρτυρος,
3147 1242 3425 1298 Τοσοῦτον,
3479 1240 3659 1306 φησὶν,
3721 1233 3907 1305 ἀπέχω

2306 1331 2396 1376 τοῦ
2446 1324 2615 1384 καλῶς
2671 1343 2727 1375 σε
2776 1331 2972 1395 φρονεῖν
3024 1326 3247 1389 οἴεσθαι,
3300 1329 3389 1375 καὶ
3446 1331 3552 1385 τοῖς
3605 1327 3750 1397 παρὰ
3813 1331 3907 1375 σοῦ

2305 1412 2590 1483 λεγομένοις
2642 1415 2936 1477 πεισθῆναι⁹
3002 1414 3082 1465 ὅτι
3146 1418 3235 1465 καὶ
3301 1416 3358 1465 σε
3415 1412 3603 1483 μᾶλλον
3658 1412 3909 1483 ἀγωνιοῦ-

2308 1522 2403 1573 μαι
2454 1508 2568 1562 ταῖς
2632 1500 2935 1573 μελλούσαις
2999 1500 3253 1573 βασάνοις
3308 1500 3611 1572 μεταϐαλεῖν
3664 1506 3793 1574 πρὸς
3851 1505 3907 1553 τὸ

3706 1590 3907 1647 Πολλὴν

2310 1682 2485 1732 οἶνοιάν
2527 1699 2620 1731 σου
2676 1687 2955 1749 κατηγορεί
3002 1682 3066 1730 τὰ
3119 1680 3333 1752 ῥήματα
3368 1687 3533 1731 ταῦτα
3563 1700 3574 1711 ·
3616 1679 3749 1737 πλὴν
3798 1678 3909 1730 ἐπεὶ

2312 1596 2735 1665 σωφρονέστερον.
2790 1596 2890 1644 Καὶ
2938 1592 2963 1641 6
3012 1593 3209 1663 μάρτυς
3261 1586 3411 1651 αὖθίς
3468 1609 3598 1662 φησι
3644 1610 3656 1622 ·

543 1781 671 1838 ﬁeri
704 1797 873 1852 posse
906 1787 968 1834 ut
992 1780 1084 1834 his
1108 1794 1201 1833 me
1224 1776 1611 1847 persuadeas,
1643 1789 1755 1843 ego
1785 1772 2030 1843 quidem
2066 1787 2195 1825 sum

2314 1768 2567 1841 βασάνοις
2617 1771 2675 1819 τό
2724 1766 2925 1841 θαρρεῖν
2974 1771 3133 1839 ἔχεις,
3173 1773 3263 1819 καὶ
3310 1770 3527 1829 ταύταις
3576 1770 3669 1819 οἶει
3712 1771 3775 1839 με
3822 1786 3909 1838 με-

546 1886 763 1943 prope:
797 1884 1014 1924 manus
1054 1872 1252 1922 autem
1304 1865 1575 1920 lictorum
1617 1877 1737 1917 non
1784 1865 1921 1916 sunt
1968 1859 2198 1931 procul.

546 1959 751 2014 Libere
784 1972 925 2026 ergo
956 1956 1163 2026 loquar
1201 1955 1258 2009 in
1291 1952 1640 2008 necessitate
1673 1949 1914 2022 spiritus
1941 1947 2080 2011 mei,
2122 1952 2196 2013 et,

546 2052 611 2103 ut
631 2046 711 2102 ait
739 2045 978 2100 divinus
999 2043 1112 2099 Job
1143 2044 1186 2107 ³,
1216 2041 1481 2114 aperiam
1506 2056 1575 2096 os
1598 2056 1821 2106 meum,
1843 2037 2006 2110 quod
2038 2052 2202 2092 ama-

547 2135 802 2192 ritudine
842 2136 1059 2190 anima:
1089 2138 1423 2188 coarctatur
1464 2148 1478 2187 ε
1512 2136 1568 2187 et
1596 2129 1827 2186 videbis
1870 2144 1963 2183 me
1988 2126 2199 2199 quavis

551 2228 747 2279 statua
786 2222 1147 2287 solidiorem,
1202 2226 1259 2277 et
1308 2219 1535 2291 patibili
1564 2225 1779 2275 natura
1809 2216 2197 2287 superiorem.

547 2313 714 2383 Apud
740 2311 925 2365 Deum
957 2310 1117 2365 enim
1140 2324 1341 2365 meum
1360 2314 1445 2363 est
1469 2308 1649 2362 virtus
1680 2311 1734 2361 et
1763 2304 2019 2376 potentia
2044 2319 2198 2367 mea,

549 2405 607 2455 et
654 2400 714 2454 in
767 2400 897 2469 ipso
939 2403 1024 2452 est
1077 2414 1212 2468 spes
1256 2412 1388 2452 mea
1436 2401 1491 2451 et
1529 2395 1838 2451 auxilium.
1884 2394 2026 2447 Cum
2073 2392 2197 2447 haec

548 2487 733 2544 verba
771 2486 1099 2558 accepisset
1134 2485 1387 2557 Lysias:
1432 2486 1522 2549 Es,
1564 2483 1773 2556 inquit,
1820 2482 2022 2537 audax
2065 2496 2193 2537 con-

552 2576 838 2642 cionator,
872 2581 928 2629 et
964 2576 1021 2629 in
1068 2590 1177 2630 uos
1219 2573 1413 2628 ﬂuens
1462 2587 1685 2641 magna
1722 2570 1959 2626 dicendi
2005 2570 2199 2639 copia,

552 2669 609 2720 et
655 2664 938 2719 adversus
994 2662 1138 2718 deos
1190 2662 1451 2733 glorians
1509 2665 1562 2716 te
1613 2660 1871 2730 jactitas.
1937 2660 2203 2713 Tuamue

552 2758 812 2808 mentem
840 2751 1008 2819 fugit,
1052 2757 1103 2805 te
1134 2749 1356 2821 alloqui
1389 2748 1727 2820 prtesidem,
1759 2748 1863 2819 qui
1911 2750 2027 2801 tua;
2070 2746 2204 2800 vitea

554 2840 735 2897 habet
762 2844 1135 2910 potestatem,
1178 2854 1313 2893 cum
1342 2837 1423 2891 sis
1446 2852 1603 2891 unus
1638 2852 1710 2891 ex
1732 2834 1954 2901 multis,
1978 2840 2033 2889 et
2056 2834 2205 2891 rela-

558 2934 652 2982 tus
717 2927 797 2981 sis
850 2926 909 2981 in
962 2941 1283 2981 numerum
1342 2923 1633 2979 militum?
1670 2923 1768 2979 ille
1816 2938 1955 2979 vero
2008 2938 2022 2979 :
2078 2924 2204 2978 Non

550 3018 780 3086 ignoro,
827 3015 1037 3086 inquit,
1092 3014 1195 3069 sed
1242 3013 1300 3068 in
1352 3013 1645 3069 Christum
1682 3012 1871 3084 pietas
1912 3011 2009 3067 dat
2055 3009 2203 3066 mihi

2311 1863 2593 1919 ταπείσειν,
2643 1856 2798 1927 ἔγγὺς
2854 1860 2942 1927 μὲν
2986 1854 3101 1926 ἔγω,
3154 1858 3207 1907 αἱ
3256 1852 3313 1907 δε
3366 1852 3571 1927 δημίων
3617 1863 3789 1929 χεῖρες
3849 1856 3909 1907 ού

2310 1945 2590 2020 πόρῥωθεν.
2626 1944 3066 2019 Παρῥησιάσομαι
3097 1952 3221 2016 γοῦν
3271 1944 3321 1996 ἰν
3376 1944 3569 2017 ἀνάγκη
3624 1953 3719 1997 τοῦ
3758 1948 3911 1997 πνεύ-

2311 2040 2469 2107 ματός
2498 2054 2621 2105 μου,
2664 2039 2775 2100 xui,
2806 2036 2941 2085 κατά
2979 2036 3065 2085 τόν
3107 2032 3246 2097 Ἰὼϐ,
3297 2032 3479 2096 ἀνοίξει»
3509 2037 3566 2085 τό
3612 2038 3782 2105 στόμα
3806 2053 3909 2104 μου

2313 2129 2497 2197 πικρίᾳ
2531 2126 2701 2193 τύχης
2745 2127 3089 2193 συνεχόμενος
3122 2139 3134 2151 ”
3170 2121 3285 2192 ὄψει
3329 2142 3391 2194 με
3436 2126 3623 2183 παντὸς
3663 2119 3907 2194 animus.

2312 2232 2397 2272 τος
2478 2210 2826 2285 στεῤῥότερον,
2899 2215 2987 2262 καὶ
3070 2213 3311 2272 παθητῆς
3379 2209 3626 2282 ἀνώτερον
3686 2214 3906 2282 φύσεως.

2315 2304 2464 2375 Παρὰ
2490 2304 2593 2374 γὰρ
2635 2308 2706 2370 τῲ
2748 2304 2855 2370 Θεῷ
2904 2318 3004 2370 μου
3034 2301 3064 2356 ἡ
3111 2299 3272 2370 ἰσχῦς
3325 2304 3413 2352 καὶ
3460 2303 3519 2351 τό
3568 2302 3755 2371 κράτος
3785 2320 3907 2369 μου,

2312 2396 2401 2442 καὶ
2444 2391 2565 2463 παρ’
2618 2388 2758 2458 αύτῷ
2806 2391 2835 2445 ἡ
2885 2386 3021 2447 ἕλπίς
3067 2407 3166 2457 μου
3219 2394 3308 2439 καὶ
3352 2390 3380 2445 ἠ
3436 2386 3670 2460 βοήθεια.
3714 2396 3909 2441 Τοῦτον

2314 2481 2338 2530 ό
2366 2483 2569 2538 Λυσίας
2622 2481 2707 2529 τὸν
2749 2476 2898 2547 λόγον
2938 2475 3248 2550 παραλαϐών
3283 2495 3294 2505 ·
3331 2480 3547 2550 Θρασύς
3594 2497 3669 2538 τις
3717 2474 3765 2529 εἶ
3808 2474 3907 2535 δηο

2312 2572 2561 2640 μηγόρος,
2614 2568 2729 2637 ἔφη,
2762 2570 2851 2617 καὶ
2897 2566 3015 2616 καθ’
3044 2567 3191 2636 ἡμῶν
3234 2565 3392 2627 πολύς
3430 2567 3578 2639 ῥέων,
3628 2569 3765 2617 κατά
3806 2574 3907 2618 τῶν

2315 2658 2438 2708 θεῶν
2480 2659 2871 2727 φρυαττόμενος.
2915 2659 2980 2705 Ἤ
3032 2650 3347 2725 διαπέφευγέ
3398 2674 3493 2706 σου
3546 2658 3634 2705 τόν
3680 2663 3797 2706 νοῦν
3826 2658 3907 2706 ὅτι

2314 2746 2537 2818 ἄρχοντι
2594 2740 2808 2814 διαλέγῃ
2864 2751 2957 2804 τῆς
3013 2750 3112 2804 σῆς
3159 2742 3379 2814 κεφαλῆς
3424 2743 3901 2807 κατεξουσιάζοντι,

2314 2832 2442 2907 ἀνὴρ
2496 2836 2596 2885 τὼν
2658 2831 2853 2884 πολλῶν
2906 2832 2987 2892 ῶν,
3068 2836 3157 2883 xui
3225 2834 3461 2904 τάγμασι
3518 2840 3902 2905 στρατιωτικοῖς

2315 2921 2609 2996 ἐναρίθμιος
2641 2938 2654 2988 ;
2690 2926 2790 2973 Καὶ
2846 2920 2919 2983 ὃς,
2974 2920 3083 2972 Ούκ
3138 2918 3326 2990 ἀγνοῶ,
3382 2923 3500 2992 ἔφη,
3557 2920 3677 2972 ἀλλά
3721 2925 3777 2972 τό
3820 2920 3891 2980 εἰς

2314 3017 2544 3085 Χριστόν
2607 3010 2807 3073 εὐσεϐὲς
2856 3011 2991 3062 οὕτω
3052 3010 3253 3085 θαρρεῖν
3302 3016 3390 3061 xui
3447 3011 3901 3084 παρρησιάζεσθαι

549 3111 778 3161 tantam
811 3104 1150 3168 audaciam,
1192 3106 1249 3158 et
1285 3101 1570 3174 loquendi
1610 3102 1957 3157 libertatem.
2003 3106 2195 3172 Angor

2316 3098 2534 3157 δίδωσι.
2571 3101 2778 3174 Πλήρης
2811 3096 2869 3152 δι
2897 3104 3109 3171 γίνομαι
3146 3098 3329 3164 λύπης,
3376 3100 3455 3150 ὅτι
3496 3106 3567 3171 μή
3616 3098 3731 3151 ἐστὶ
3769 3118 3846 3160 τις
3876 3100 3901 3150 6

550 3198 750 3247 autem
783 3191 1006 3258 animo,
1029 3190 1193 3262 quod
1224 3206 1345 3245 non
1381 3189 1455 3245 sit
1485 3188 1699 3261 aliquis
1721 3189 1844 3245 sine
1870 3190 2201 3257 affectione,

550 3279 725 3335 simul
792 3286 848 3335 et
896 3279 1190 3350 sapienter
1232 3278 1630 3348 judicaturus.
1700 3280 1865 3335 Forte
1937 3280 2117 3343 enim,
2167 3294 2204 3334 ο

550 3369 739 3439 Lysia,
782 3367 880 3423 Dei
907 3366 1177 3422 omnium
1208 3365 1502 3422 effectoris
1528 3366 1873 3437 agnovisses
1902 3367 2199 3432 virtutem,

546 3460 605 3512 et
650 3456 794 3511 deos
846 3455 1029 3511 falsos
1081 3454 1564 3525 contempsisses.
1623 3455 1737 3511 Sed
1788 3470 1893 3509 cur
1937 3454 2200 3509 studium

546 3550 821 3599 nostrum
864 3542 1025 3598 nihili
1052 3542 1234 3598 iecisti
1257 3544 1285 3599 7
1321 3543 1384 3597 In
1416 3558 1683 3614 quonam
1714 3548 1913 3598 autem
1942 3543 2067 3614 ipse
2098 3542 2201 3598 tibi

548 3632 768 3704 places,
810 3636 865 3686 et
889 3631 1171 3703 praeclare
1201 3632 1275 3685 de
1306 3636 1360 3685 te
1392 3631 1572 3685 sentis
1594 3632 1622 3687 ?
1656 3633 1726 3686 Es
1763 3632 1922 3687 enim
1959 3646 2197 3703 praeses,

547 3724 692 3775 etex
723 3719 1103 3783 sublimibus,
1145 3735 1267 3774 non
1308 3719 1364 3773 id
1407 3720 1793 3788 negaverim;
1824 3720 1967 3776 nihil
1996 3726 2197 3775 tamen

547 3823 586 3863 a
624 3811 828 3862 nostra
854 3806 1056 3860 differs
1088 3807 1391 3861 communi
1435 3812 1665 3861 natura.
1696 3809 1842 3862 Nam
1867 3812 1927 3861 tu
1957 3824 2198 3880 quoque

547 3911 611 3951 es
635 3894 841 3958 homo,
868 3894 929 3949 in
960 3910 1140 3966 quem
1186 3910 1346 3949 mors
1395 3894 1551 3949 cadit
1588 3900 1645 3949 et
1686 3895 1970 3951 interitus.
2000 3897 2062 3951 In
2089 3913 2198 3952 nos

547 3988 749 4040 autem
792 3982 1132 4038 absolutam
1172 3997 1293 4037 non
1331 3982 1516 4037 habes
1564 3987 1939 4054 potestatem,
1986 3990 2199 4056 praeter

546 4087 734 4143 quam
770 4070 830 4126 in
879 4071 1070 4126 solum
1110 4087 1351 4143 corpus.
1403 4074 1537 4142 Ipsa
1594 4076 1795 4127 autem
1839 4088 1934 4128 me
1981 4074 2199 4129 docent

547 4159 753 4216 divina
780 4158 1027 4232 Eloquia
1057 4160 1100 4223 ‘,
1133 4175 1253 4215 non
1286 4160 1488 4214 timere
1518 4175 1640 4227 eos,
1668 4160 1771 4232 qui
1801 4177 2017 4233 corpus
2042 4162 2199 4218 occi-

545 4248 713 4315 dunt,
756 4248 1021 4304 animam
1066 4252 1266 4304 autem
1314 4264 1434 4304 non
1467 4256 1711 4320 possunt
1740 4250 2029 4317 occidere,
2071 4252 2197 4308 sed-

544 4336 711 4392 ilium
752 4339 948 4409 potius
979 4335 1381 4402 extimescere,
1432 4339 1534 4409 qui
1579 4354 1795 4411 corpus
1834 4345 1891 4395 et
1928 4341 2193 4396 animam

2316 3187 2549 3242 δικάσων
2588 3191 2713 3260 ἡμῖν
2762 3188 2975 3249 ἀπαθῶς
3028 3188 3138 3259 οἶμα
3182 3193 3272 3239 καὶ⁵
3324 3196 3540 3249 συνετῶς
3576 3207 3587 3217 ·
3620 3186 3733 3240 ἐπεὶ
3782 3188 3901 3259 τάχ’

2314 3278 2412 3347 ἀν’,
2446 3276 2484 3329 ὦ
2532 3283 2727 3343 Λυσία,
2761 3282 2848 3329 καὶ
2888 3285 3215 3348 παντουργοῦ
3261 3284 3393 3330 Θεοῦ
3417 3277 3701 3348 έγνώρισας
3753 3273 3908 3328 δύνα-

2314 3387 2420 3437 μιν,
2479 3371 2568 3418 καὶ
2613 3363 2824 3437 ψευδῶν
2870 3367 2992 3418 θεῶν
3054 3372 3459 3439 κατεφρόνησας.
3534 3365 3676 3422 Πλὴν
3738 3365 3807 3426 εἰς
3858 3370 3907 3417 τί

2312 3460 2402 3508 καὶ
2443 3458 2503 3507 τὸ
2545 3450 2872 3525 ἐπιτήδευμα
2924 3454 3117 3526 τούμόν
3173 3452 3521 3516 ἐξουδένωσας
3592 3452 3641 3505 ἐν
3698 3459 3803 3506 τίνι
3848 3450 3906 3506 δε

2311 3550 2400 3596 καὶ
2453 3544 2607 3605 αύτός
2660 3550 2993 3615 μεγαφρονεῖς
3048 3561 3062 3611 ;
3124 3541 3339 3616 ’Ἄρχων
3395 3547 3485 3614 μεν
3532 3546 3633 3614 γὰρ
3690 3539 3749 3605 εἷ,
3808 3547 3898 3593 xui

2309 3642 2405 3686 τῶν
2453 3632 2682 3704 ὑψηλῶν,
2740 3632 2833 3684 οὐκ
2889 3630 3175 3704 ἀρνήσομαι
3235 3650 3246 3660 ·
3308 3628 3461 3684 ούδεν
3533 3628 3592 3684 δι
3633 3638 3692 3701 τῇ
3742 3637 3886 3700 κοινῇ

2310 3725 2461 3795 φύσει
2511 3722 2874 3794 παραλλάττων
2926 3722 3072 3791 ἡμῶν
3104 3718 3258 3772 ’ἐπεὶ
3307 3725 3397 3771 καὶ
3446 3720 3603 3780 αὐτὸς
3638 3721 3893 3787 ἄνθρωπος

2311 3813 2510 3881 θανάτῳ
2558 3813 2886 3882 ὑποκείμενος
2933 3814 3021 3860 καὶ
3070 3810 3256 3880 φθορᾷ.
3305 3808 3663 3871 Ἐξουσιάζεις
3707 3804 3763 3859 δὲ
3794 3807 3898 3878 οὐχ

2309 3902 2451 3971 ἡμῶν
2507 3899 2697 3964 ἁπλῶς,
2754 3899 2879 3950 ἀλλά
2933 3904 3084 3969 μόνον
3142 3905 3233 3949 τοῦ
3288 3904 3528 3969 σώματος
3571 3915 3582 3926 ·
3615 3896 3750 3948 αύτά
3798 3899 3895 3969 γάρ

2307 4008 2369 4059 με
2410 3991 2476 4040 τὰ
2516 3990 2627 4040 θεῖα
2670 3984 2998 4039 διδάσκουσι
3042 3985 3193 4057 λόγια
3240 3991 3309 4058 μὴ
3354 3986 3626 4059 φοϐεῖσθαι
3667 3984 3766 4037 ἀπὸ
3802 3993 3900 4037 τῶν

2309 4075 2702 4128 ἀποκτεινόντων
2750 4079 2808 4127 τὸ
2864 4084 3033 4145 σῶμα⁷
3093 4079 3181 4132 τὴν
3240 4072 3300 4127 δὲ
3354 4074 3538 4146 ψυχὴν
3604 4073 3901 4126 ἀποκτεῖναι

2305 4170 2375 4237 μὴ
2425 4162 2717 4235 δυναμένων
2752 4185 2763 4197 ·
2812 4162 2999 4216 ἐκεῖνον
3053 4161 3111 4216 δε
3150 4163 3339 4235 μᾶλλον
3397 4168 3622 4236 φρίττειν
3675 4168 3765 4214 xui
3822 4159 3902 4215 δε-

2308 4251 2536 4307 δοικέναι
2560 4256 2643 4305 τὸν
2686 4257 2774 4304 καὶ
2792 4250 2977 4322 ψυχὴν
3008 4259 3097 4304 καὶ
3138 4261 3289 4323 σῶμα
3320 4247 3603 4322 δυνάμενον
3632 4258 3694 4321 τῇ
3725 4255 3894 4322 γεέννῃ

2305 4339 2698 4406 καταδικάζειν,
2729 4344 2842 4403 ἣτις
2868 4339 3130 4403 ἐκδέξεταί
3160 4359 3215 4392 σε
3233 4344 3321 4392 τόν
3345 4338 3575 4415 ἀμέτρως
3595 4348 3685 4391 νῦν
3709 4357 3897 4411 φρυατ-

545 4430 743 4496 potest
799 4426 1075 4494 gehenna
1131 4426 1567 4481 condemnare:
1627 4443 1763 4498 quas
1821 4435 1873 4481 te
1923 4429 2192 4499 accipiet,

2307 4438 2531 4504 τόμινον,
2564 4431 2739 4493 αὐτοῖς
2770 4433 2901 4491 θεοῖς
2952 4449 3044 4482 σου
3078 4434 3168 4481 xui
3204 4426 3453 4501 δαίμοσιν
3498 4428 3719 4490 αἰωνίως
3749 4427 3895 4479 κολα-

544 4513 677 4569 licet
708 4528 868 4567 nunc
912 4514 1231 4567 immodice
1284 4515 1657 4581 gloriantem,
1712 4531 1850 4570 cum
1895 4516 2038 4588 ipsis
2086 4517 2193 4573 diis

547 4602 661 4657 tuis
687 4606 744 4655 et
762 4598 1141 4654 dtemonibus
1169 4600 1227 4653 in
1259 4605 1545 4655 aeternum
1572 4602 1963 4672 puniendum.

618 4691 680 4744 V.
714 4686 811 4744 His
855 4688 1047 4756 magis
1095 4687 1170 4742 ad
1203 4687 1353 4742 iram
1385 4689 1711 4744 concitatus
1758 4689 1987 4761 Lysias,
2025 4692 2194 4764 jubet

545 4782 873 4850 martyrem
904 4774 1055 4831 trahi
1098 4791 1428 4847 appensum
1454 4775 1654 4831 ferreis
1685 4777 1894 4834 laniari
1931 4781 2187 4850 ungulis.

547 4867 868 4939 Postquam
898 4869 1092 4920 autem
1112 4868 1337 4934 martyr
1361 4864 1543 4919 sensit
1568 4869 1929 4922 tormentum
1954 4870 2191 4937 gravius

547 4954 880 5026 (quomodo
930 4952 1088 5007 enim
1144 4957 1340 5007 essent
1390 4968 1647 5018 coronas.
1692 4952 1807 5009 nisi
1854 4958 2191 5028 exciperent

546 5043 785 5099 labores
812 5047 867 5098 et
896 5042 1134 5098 dolores
1162 5042 1230 5106 ?),
1253 5042 1388 5096 Jesu
1420 5041 1663 5112 Christe,
1684 5044 2059 5112 exclamavit,
2088 5050 2190 5119 qui

547 5131 712 5186 solus
766 5131 909 5186 facis
962 5147 998 5185 a
1060 5129 1276 5186 seculo
1333 5130 1649 5196 mirabilia,
1703 5132 1805 5203 qui
1858 5150 2189 5207 suspensus

546 5218 707 5273 fuisti
746 5218 805 5272 in
837 5233 1029 5283 cruce,
1066 5225 1122 5273 et
1162 5219 1244 5273 sic
1293 5220 1617 5290 superbum
1659 5220 1925 5293 dejecisti
1955 5227 2093 5296 :qui
2131 5228 2188 5281 in

545 5304 903 5360 hodiernum
937 5320 1119 5377 usque
1148 5306 1304 5362 diem
1340 5307 1616 5377 magnifis
1646 5313 1703 5365 et
1731 5310 2025 5366 extolleris
2059 5330 2189 5383 pro-

546 5394 675 5461 pter
713 5404 895 5459 opera
940 5396 1041 5446 tua
1084 5393 1510 5451 admirabilia:
1552 5397 1683 5453 veni
1714 5397 1791 5453 ad
1808 5413 1902 5453 me
1949 5414 2187 5457 servan-

622 5569 639 5599 ³
670 5562 779 5619 Job
810 5577 903 5625 vn,
942 5564 1021 5615 ll.
1136 5567 1156 5599 ‘
1184 5569 1376 5625 Matth.
1416 5588 1475 5637 x,
1504 5574 1592 5629 28.

2308 4524 2647 4593 σθησόμενον.

2374 4696 2444 4750 Ε’.
2476 4699 2684 4755 Τούτοις
2734 4695 2804 4755 εἰς
2847 4694 3005 4769 ὀργὴν
3035 4695 3241 4748 πλείονα
3285 4697 3310 4747 ό
3360 4700 3565 4757 Λυσίας
3613 4692 3895 4763 ἆξενεχθεὶς

2301 4787 2489 4838 κελεύει
2546 4789 2631 4837 τὸν
2682 4787 2923 4857 μάρτυρα
3007 4785 3153 4858 ὶκρίῳ
3232 4783 3584 4858 ἀναρτηθέντα
3637 4781 3778 4844 ὄνυξι
3834 4784 3892 4832 τό

2304 4882 2456 4946 σῶμα
2522 4870 2762 4947 σιδηροῖς
2819 4872 3042 4935 ξέεσθαι.
3094 4872 3181 4934 Ὡς
3240 4869 3327 4924 οὖν
3379 4874 3404 4923 ό
3445 4874 3647 4946 μάρτυς
3702 4867 3891 4942 δριμυ-

2300 4967 2448 5037 τέρας
2479 4963 2669 5034 ᾖσθετο
2700 4968 2792 5023 τῆς
2825 4961 3058 5032 βασάνου
3113 4963 3227 5030 (xui
3274 4970 3385 5021 πῶς
3432 4962 3533 5031 γὰρ
3576 4958 3635 5011 ἆν
3672 4954 3892 5018 δικαίως

2299 5053 2347 5101 όί
2407 5055 2663 5123 στέφανοι,
2723 5050 2767 5102 εἰ
2813 5055 2883 5121 μὴ
2940 5055 3119 5111 πόνους
3173 5049 3447 5121 ἠμείϐοντο
3495 5052 3584 5100 καὶ
3635 5044 3828 5106 ὀδύνας
3851 5046 3890 5116 ;)

2299 5141 2477 5196 Ἰησοῦ
2525 5142 2738 5210 Χριστε,
2802 5137 3029 5198 ἐϐόησεν,
3082 5140 3108 5189 6
3166 5147 3326 5190 ποιῶν
3384 5142 3538 5209 μόνος
3606 5136 3659 5198 ἐξ
3713 5135 3895 5194 αἰῶνος

2300 5228 2588 5297 θαυμάσια,
2635 5228 2660 5277 6
2708 5225 2791 5278 ἰπὶ
2850 5234 2937 5277 τοῦ
2988 5233 3216 5299 σταυροῦ
3269 5226 3604 5297 κρεμασθεὶς,
3660 5227 3751 5274 καὶ
3805 5226 3895 5274 τόν

2298 5316 2613 5387 ὑπερήφανον
2670 5314 2805 5366 οὕτω
2850 5312 3170 5377 καταϐαλὼν,
3217 5315 3241 5364 6
3290 5318 3452 5384 μέχρι
3500 5317 3588 5364 xui
3634 5318 3723 5363 νῦν
3777 5318 3892 5373 τοῖς

2299 5398 2619 5476 παραδόξοις
2678 5411 2776 5453 τῶν
2834 5405 2992 5474 ἔργων
3052 5401 3478 5473 μεγαλυνόμενος,
3535 5400 3647 5452 ὶλθε
3705 5399 3779 5460 εἰς
3835 5401 3895 5452 τὸ
