4142 6278
216 307 324 364 645

218 437 388 486 σῶσαί
420 452 501 504 με,
555 437 758 487 καὶτὸν
808 438 899 506 μὲν
930 434 1197 511 βραχιονα
1249 447 1342 492 τοῦ
1390 440 1694 516 ἀμαρτωλοῡ
1724 449 1812 496 καὶ

213 529 441 592 πονηροῦ
502 521 806 596 σύντριψον,
865 527 929 576 τὰ
983 521 1042 578 δὲ
1097 535 1196 578 τῶν
1253 527 1388 599 ἐμῶν
1431 531 1600 602 ἄρθρα
1651 531 1814 604 μελῶν

212 609 457 682 λελυμένα
515 611 821 684 σύσφιγξον,
872 612 1055 684 ἀγαθὶ,
1106 621 1196 667 καὶ
1243 613 1332 677 δός
1380 637 1470 689 μοι
1517 622 1604 670 τὸν
1640 619 1816 690 ἀγῶνα

213 707 393 752 τοῦτον
444 697 695 754 διαιυσαι
745 709 838 753 τοῦ
890 707 1202 777 μαρτυρίου’
1259 705 1416 758 λῦσον
1468 703 1527 760 δε
1577 713 1666 760 καὶ
1721 714 1814 767 τὴν

214 787 537 860 ἐπικειμένην
617 797 687 861 τῷ
742 796 896 843 παντὶ
969 810 1064 844 σου
1129 799 1356 865 ποιμνίῳ
1433 801 1804 868 σκοτομαιναν.

211 875 368 947 Ὁρᾷς
410 876 480 939 είς
529 879 650 929 ὅσον
690 878 847 951 ἣρθη,
896 884 985 932 καὶ
1029 882 1163 942 ὃπως
1200 884 1371 934 πάντα
1412 881 1610 956 σχεδὸν
1649 891 1790 960 περιέ

212 963 379 1019 λαϐεν.
435 966 568 1036 Εἶχε
621 970 713 1038 μὲν
761 963 847 1019 οὖν
885 968 1050 1030 οὕτως
1097 969 1257 1041 εὐχῆς
1305 972 1330 1022 ὁ
1383 974 1579 1045 μάρτυς
1623 977 1814 1047 κρεμά-

211 1073 378 1124 μενος·
430 1056 456 1106 ὁ
495 1057 736 1127 τύραννος
773 1053 831 1108 δε
878 1057 1065 1118 ἄλλους
1111 1057 1191 1109 ἐπ’
1244 1059 1417 1122 ἄλλοις
1472 1064 1662 1134 ἔπεμπε
1713 1071 1811 1114 τῶν

213 1139 436 1213 δημίων,
493 1145 582 1204 τάς
614 1141 806 1206 ὀδύνας
853 1144 908 1196 ἐκ
958 1149 1145 1198 τούτου
1183 1143 1500 1221 δριμυτέρας
1528 1150 1814 1221 ἐπιτεχνώ-

209 1248 377 1301 μενος.
441 1231 578 1284 Ἐπεὶ
631 1229 691 1284 δε
743 1232 878 1305 ἐώρα
931 1237 1016 1286 τὸν
1069 1234 1219 1306 ἅγιον
1252 1235 1484 1309 ἀτρέπτῳ
1532 1243 1621 1290 καὶ
1672 1257 1812 1290 συνε-

211 1327 370 1370 στῶτι
417 1327 491 1389 τῷ
542 1326 806 1393 προσώπῳ
837 1324 902 1374 τὰ
951 1324 1245 1396 ἐπαγόμενα
1276 1330 1508 1399 φέροντα,
1556 1324 1812 1399 διαπορη-

213 1405 314 1468 θεὶς
345 1407 584 1468 ἀνεθῆναι
626 1412 716 1480 μεν
762 1419 862 1462 τῶν
899 1418 1172 1484 μαστίγων
1215 1414 1388 1479 αὐτὸν³
1437 1423 1498 1487 τῇ
1533 1415 1705 1489 εἱρκτῇ
1753 1413 1813 1468 δε

208 1492 573 1568 παραδοθῆναι
605 1495 639 1549 δ
646 1499 979 1555 ιακελεύεται.
1016 1500 1076 1553 '0
1108 1504 1310 1575 μάρτυς
1349 1500 1436 1554 οὖν
1467 1502 1809 1575 ἀπαγόμενος,

208 1588 293 1635 καὶ
374 1585 458 1637 οἷα
533 1587 720 1648 αὐταῖς
779 1588 1002 1659 πληγαῖς
1083 1596 1446 1662 σεμνυνόμενος
1503 1589 1594 1644 διὰ
1649 1596 1809 1659 μέσου

209 1670 330 1724 ἐϐόα
375 1683 466 1735 τῆς
512 1675 705 1737 πόλεως
733 1695 744 1730 :
769 1680 836 1730 Οἱ
877 1681 942 1730 τὰ
983 1681 1261 1752 τραύματα
1307 1688 1408 1731 τῶν
1452 1688 1542 1732 τοῦ
1578 1683 1809 1753 Χριστοῦ

210 1760 482 1834 βλέποντες
566 1764 819 1832 ἀθλητῶν,
878 1772 1086 1820 ἐννοεῖτε
1157 1772 1356 1821 τούτων
1423 1773 1512 1831 τὰς
1590 1769 1813 1842 ἀμοιϐὰς

207 1856 296 1903 καὶ
339 1856 403 1905 τὰ
431 1854 646 1908 ἔπαθλα.
698 1858 833 1908 Οὐτε
870 1858 968 1931 γὰρ
1007 1865 1078 1927 νῷ
1107 1855 1170 1914 λη
1185 1861 1310 1921 πτὰ,
1345 1861 1461 1910 οὐτε
1483 1858 1620 1930 λόγῳ
1658 1861 1808 1932 ῥητὰ,

206 1941 306 1992 ὃσα
350 1943 375 1993 ὀ
423 1940 674 2004 ἀθάνατος
725 1944 984 2007 Βασιλεὺς
1038 1953 1148 2007 τοῖς
1189 1948 1314 2020 ὑπὲρ
1345 1944 1504 1999 αὐτοῦ
1531 1950 1813 2020 πάσχουσι

204 2032 289 2079 καὶ
329 2038 416 2080 νῦν
467 2027 668 2084 δίδωσι
698 2031 887 2102 ἀγαθὰ,
937 2038 1028 2086 καὶ
1078 2034 1148 2095 εἰς
1206 2038 1257 2086 τὸ
1312 2032 1452 2087 ἐπιὸν
1482 2034 1530 2086 ἐν
1577 2037 1812 2109 οὐρανοῖς

201 2120 527 2188 ταμιεύεται.
595 2125 692 2172 Καὶ
737 2122 863 2174 αὐτό
908 2130 1060 2174 τοῦτο
1107 2127 1164 2175 τὸ
1209 2125 1336 2194 ὐπερ
1398 2124 1552 2176 αὐτοῦ
1581 2128 1810 2196 πάσχειν

196 2204 381 2274 γλυκύ·
439 2210 496 2257 τό
546 2205 603 2259 δὲ
659 2215 748 2261 καὶ
793 2206 866 2261 δι’
915 2211 1068 2263 αὐτὸν
1123 2210 1412 2265 ἀποθανεῖν
1476 2210 1647 2270 ἣδιον.
1711 2213 1810 2267 Καὶ

199 2292 310 2364 ἅμα
361 2299 670 2364 παρείποντο
732 2298 908 2350 πολλοὶ
971 2307 1041 2369 τῷ
1113 2297 1288 2372 ἀνδρὶ,
1352 2300 1547 2376 ἐπέρρει
1605 2299 1663 2354 δε
1719 2308 1808 2356 καὶ

201 2381 384 2433 πλείων
433 2382 458 2434 ὁ
489 2383 646 2455 ὄχλος
693 2387 758 2437 τὰ
809 2392 1040 2458 σῶτήρια
1083 2387 1170 2438 ὐπ’
1202 2389 1362 2440 αὐτοῦ
1402 2386 1806 2463 διδασκόμενοι,

203 2471 293 2530 ἕως
317 2478 406 2530 τῆς
436 2471 664 2542 φυλακῆς
689 2472 843 2532 ἐπίϐη
877 2480 966 2527 καὶ
996 2474 1156 2536 αὐτῆς
1183 2480 1306 2528 εἴσω
1327 2481 1588 2548 γεγένητο.

295 2730 385 2805 ς’
449 2737 663 2803 Ηίμπτη
720 2738 898 2786 τοίνυν
951 2737 1076 2806 μετά
1126 2739 1221 2793 τὴν
1263 2739 1488 2810 φρουρὰν
1533 2737 1804 2812 περιῆλθεν

204 2820 397 2892 ἡμέρα,
459 2826 550 2873 καὶ
599 2824 716 2892 οἰγει
771 2821 924 2874 πάλιν
957 2830 1042 2874 τὸν
1099 2822 1330 2880 ἀθλητὴν
1375 2826 1399 2875 ὁ
1447 2830 1664 2888 Λυσίας,
1713 2832 1804 2878 καὶ

204 2905 437 2970 ἀναιδῶς
502 2913 589 2960 τὸν
645 2915 810 2983 πρᾶον
857 2911 1280 2982 ὑποκρινάμενος,
1339 2914 1501 2983 ταύτῃ
1577 2931 1806 2982 μετενεγ-

200 3002 310 3046 κεῖν
362 2995 517 3047 αὐτὸν
577 3003 670 3056 τῆς
726 2996 988 3056 εὐσεϐείας
1053 2995 1376 3067 ἐμηχανᾶτο.
1439 3003 1558 3060 Καὶ,
1625 2997 1806 3052 ἰστω-

202 3101 303 3134 σαν
354 3085 402 3134 οἱ
459 3085 563 3135 θεοὶ
619 3084 860 3150 ἅπαντες,
925 3084 1084 3154 ἔλεγε,

202 3167 416 3244 σφόδρα
493 3170 868 3243 ἐκπλήττομαι,
948 3171 1376 3245 ἀναλογιζόμενος
1463 3176 1596 3235 ὅπως
1674 3175 1803 3247 ἀνὴρ

199 3259 339 3310 οὕτω
372 3262 461 3330 μὲν
509 3258 702 3330 ἀγαθὸς
747 3265 836 3318 τήν
867 3263 1022 3332 ὤραν,
1072 3266 1162 3314 καὶ
1213 3263 1315 3313 ὅσα
1355 3259 1482 3314 ἰδεῖν
1531 3260 1802 3336 ἀνδρείως,

1173 3088 1463 3158 Σευηριανε,
1536 3088 1616 3138 ὅτι
1671 3089 1804 3138 πάνυ

196 3348 339 3400 οὕτω
391 3344 450 3401 δε
507 3347 799 3421 ἐμπειρίαις
874 3351 1192 3422 πραγμάτων
1269 3351 1665 3422 μεμελετημένος
1715 3355 1803 3404 θά-

194 3456 351 3489 νατον
407 3446 638 3511 προφανῆ
691 3445 782 3490 τοῦ
856 3435 1013 3500 ἡδέος
1058 3441 1243 3490 τούτου
1305 3438 1529 3512 ἀλλάττῃ
1613 3446 1779 3512 φωτός

197 3525 426 3579 Ἐπαινῶ
479 3543 573 3577 σου
626 3529 683 3578 τὸ
727 3528 992 3599 σταθερὸν,
1028 3525 1134 3577 ἀλλ’
1187 3527 1230 3579 εἰ
1274 3531 1406 3580 κατά
1452 3537 1551 3580 τῶν
1599 3528 1802 3601 ἐχθρῶν

195 3612 466 3686 ἐκέχρησο
504 3623 576 3684 τῷ
623 3614 1046 3686 πλεονεκτήματι.
1096 3617 1165 3670 Τὸ
1217 3611 1276 3668 δε
1323 3621 1410 3668 καὶ
1453 3615 1678 3690 σιδήρῳ,
1713 3625 1804 3677 καὶ

197 3708 351 3778 πυρὶ,
387 3707 478 3754 καὶ
526 3704 705 3776 θηρσὶ,
737 3707 826 3754 καὶ
872 3702 1038 3765 λίθοις
1081 3704 1316 3756 παλαίειν
1359 3704 1559 3762 ἠλίθιον
1601 3703 1797 3779 κομιδῇ

195 3796 288 3843 καὶ
349 3787 476 3842 οὐδὲ
517 3795 701 3857 μανίας
751 3791 1028 3865 ἐλεύθερον.
1079 3790 1147 3844 Ἦ
1204 3792 1309 3864 οὐχ
1358 3794 1476 3864 ὁρᾷς
1526 3793 1570 3845 εἰ
1624 3800 1694 3866 μὴ
1751 3814 1802 3847 τι

192 3879 344 3944 ἄλλο,
398 3880 468 3938 ὡς
523 3885 760 3951 παρεῖται
812 3883 902 3950 μίν
962 3897 1046 3931 σοι
1097 3883 1154 3930 τὸ
1207 3888 1434 3950 γενναῖον
1476 3889 1570 3942 τῆς
1620 3883 1800 3956 ῥώμης

191 3973 285 4020 καὶ
337 3965 552 4018 λέλυται
583 3983 597 4031 ;
628 3963 830 4040 διαρρεῖ
871 3963 929 4019 δε
971 3971 1062 4019 καὶ
1093 3968 1218 4020 αὐτὸ
1271 3965 1378 4028 ἢδη
1410 3973 1468 4021 τὸ
1514 3979 1665 4042 σῶμα
1714 3977 1801 4024 καὶ

191 4059 459 4128 οῖχεται;
503 4057 699 4114 τούτοις
756 4057 782 4106 ὁ
835 4062 1035 4116 Λυσίας
1089 4055 1305 4109 ἐκλῦσαι
1357 4062 1658 4133 πανούρρως
1712 4064 1799 4112 τὸν

190 4150 342 4197 τόνον
390 4142 532 4213 αὐτῷ
579 4141 854 4216 ἐπεχείρει.
882 4143 943 4196 '0
975 4141 1054 4211 δε,
1107 4149 1193 4204 Μὴ
1247 4149 1370 4220 πρὸς
1425 4150 1518 4209 τὰς
1562 4144 1799 4206 δαπανηο

193 4236 381 4295 θείσας
413 4240 526 4294 ταῖς
559 4233 777 4304 μάστιξι
809 4235 1006 4306 σάρκας
1056 4239 1255 4295 σκόπει,
1295 4240 1472 4306 φησίν
1529 4236 1588 4296 ἅς
1629 4236 1672 4287 εἰ
1715 4241 1804 4287 καὶ

189 4328 266 4396 μὴ
332 4321 488 4381 αὐτὸς
560 4319 858 4387 ἀναλώσεις,
915 4321 1019 4373 ἀλλ’
1071 4324 1094 4374 ὸ
1159 4324 1376 4383 θάνατος
1457 4321 1674 4374 ἐπελθὼν
1744 4325 1802 4374 οὐ

192 4416 438 4485 φείσεται
487 4411 710 4470 πάντως·
771 4409 878 4460 ἀλλ’
932 4409 1045 4461 ἐστί
1089 4429 1179 4479 μοι
1227 4415 1548 4481 προαίρεσις,
1581 4412 1641 4468 ἣν
1691 4414 1804 4463 οὔτε

192 4498 388 4553 ἀπειλὴ
441 4496 778 4560 καταπλήξει,
839 4499 955 4548 οὔτε
1022 4493 1248 4567 βάσανος
1316 4494 1531 4566 (impar-av
1598 4498 1802 4550 τούναν-

189 4591 307 4639 τίον
364 4585 458 4654 μὶν
511 4580 598 4635 οὖν
644 4583 800 4645 οἶπαν,
850 4588 937 4636 καὶ
981 4584 1204 4658 ῥώννυσι
1250 4583 1439 4656 μᾶλλον
1471 4585 1631 4645 αὐτὴν
1675 4589 1800 4660 ὑπὲρ

191 4677 446 4749 Χριστοῦ
515 4677 603 4724 καὶ
687 4674 1074 4746 προθυμοτέραν
1151 4671 1446 4743 ἐργάζεται.
1503 4673 1654 4728 Ὅθεν
1727 4681 1798 4747 μὴ

185 4761 452 4837 μάστιξι,
512 4758 651 4831 μηδὲ
703 4761 916 4836 ἀνάρτα,
966 4758 1104 4834 μηδὲ
1157 4758 1390 4825 διάξαινε
1443 4768 1616 4835 μόνον,
1677 4763 1801 4817 ἀλλὰ

185 4857 282 4907 καὶ
334 4849 511 4911 λίθοις
557 4848 732 4921 βάλλε,
777 4856 868 4902 καὶ
910 4857 1036 4927 πυρὶ
1077 4848 1254 4918 δίδου,
1308 4857 1398 4904 καὶ
1452 4859 1552 4905 πᾶν
1601 4855 1720 4929 ὅπερ

188 4939 505 5016 βουλομένῳ
565 4956 649 4989 σοι
702 4935 942 5004 δυνατὸν,
1001 4938 1207 5012 ἐπάγειν
1253 4945 1326 5012 μὴ
1389 4939 1665 5014 ἀναϐάλλῃ.
1718 4943 1802 5004 Ὡς

188 5035 387 5086 θᾶττον
444 5026 506 5078 ἄν
573 5030 638 5079 σὺ
693 5026 924 5088 κολάζων
979 5026 1360 5103 ἀπαγορεύσῃς,
1413 5033 1444 5088 ἤ
1500 5031 1655 5092 αὐτὸς
1707 5029 1802 5084 διὰ

188 5119 433 5196 Κριστόν
508 5113 733 5185 ἐμαυτοῦ
795 5120 1061 5188 φείσομαι.
1119 5117 1335 5190 Ἐχθρὸς
1390 5113 1448 5170 δε
1508 5120 1683 5181 ὁποῖος
1739 5120 1798 5172 ἂν

184 5211 363 5282 ἔτερος
444 5202 559 5273 ἐμοὶ
635 5211 730 5256 σοῦ
783 5204 1137 5278 χαλεπώτερος
1191 5207 1356 5270 ἔσται,
1420 5205 1650 5260 συνιδεῖν
1706 5209 1799 5261 οὐκ

185 5303 325 5372 ἔχω.
374 5297 435 5357 ὃς
473 5311 534 5364 γε
583 5293 641 5344 οὐ
691 5292 950 5368 πόῥρωθεν
996 5292 1362 5365 ἀκροϐολίζεις,
1391 5291 1514 5348 οὐδὲ
1551 5300 1688 5349 κατά
1710 5307 1800 5350 τοῦ

188 5394 447 5460 σώματος
501 5380 663 5454 ἀφίης
709 5386 767 5434 τὸ
811 5380 976 5454 βέλος,
1009 5381 1116 5434 ἀλλ’
1173 5385 1334 5441 αὐτὴν
1382 5384 1663 5438 σκυλεῦσαι
1713 5407 1800 5459 φι-

183 5479 439 5535 λονεικεῖς
489 5479 584 5534 τῆς
636 5471 897 5533 εὐσεϐείας
938 5470 1102 5524 ὅπλων
1137 5480 1432 5544 γυμνῶσαι,
1466 5493 1556 5526 και
1611 5471 1802 5534 δούλην

186 5568 487 5638 ἐπαγαγεῖν
517 5564 607 5613 καὶ
637 5560 988 5636 αἰχμάλωτον.

1404 315 1850 377 MARTYRIUM
1890 320 1950 375 S.
1991 320 2395 379 SEVERIANI.

3462 330 3570 384 646

1843 445 1891 500 Α
1922 445 2089 511 dum,
2113 453 2169 503 et
2210 447 2520 504 brachium
2562 447 2807 520 quidem
2852 448 3174 519 peccatoris
3215 453 3272 505 et
3321 449 3568 521 maligni

1920 539 2181 604 contere,
2203 552 2474 591 meorum
2492 542 2693 592 autem
2719 536 3125 592 membrorum
3145 538 3426 595 articulos
3454 540 3573 596 dis-

1922 622 2147 678 solutos
2178 623 2391 693 colliga
2429 629 2484 679 et
2526 625 2650 691 uni,
2699 640 2736 680 o
2773 625 2929 680 bone
2965 640 2978 679 :
3014 632 3068 680 et
3113 626 3372 683 concede
3403 629 3567 695 mihi,

1923 715 1986 764 ut
2015 711 2235 781 possim
2272 727 2552 783 peragere
2582 713 2695 768 hoc
2723 719 3025 768 certamen
3075 714 3366 785 martyrii.
3401 717 3573 775 Solve

1923 805 2121 854 autem
2147 800 2327 857 etiam
2359 818 2512 872 eam,
2537 817 2673 873 quae
2707 807 2805 857 tuo
2842 801 3012 870 gregi
3058 801 3353 874 imminet,
3374 803 3574 875 caligi-

1922 902 2080 942 nem.
2110 888 2278 944 Vides
2303 905 2490 960 quam
2526 889 2601 944 sit
2624 889 2684 943 in
2715 889 2904 944 altum
2959 888 3135 955 elata,
3181 895 3238 945 et
3284 893 3574 963 quemad-

1923 975 2170 1032 modum
2184 977 2388 1033 omnia
2409 978 2524 1032 fere
2537 977 3014 1049 comprehendit.
3029 980 3216 1050 Atque
3230 978 3314 1034 sic
3329 981 3569 1052 quidem

1919 1065 2276 1134 precabatur
2324 1071 2550 1138 martyr
2594 1080 2950 1137 suspensus.
3000 1065 3317 1137 Tyrannus
3369 1074 3568 1125 autem

1920 1151 2067 1208 alios
2099 1160 2230 1223 post
2257 1153 2403 1208 alios
2435 1154 2702 1210 mittebat
2726 1154 2981 1218 lictores,
3013 1154 3317 1225 graviores
3353 1172 3426 1212 ex
3454 1157 3570 1214 hoc

1920 1239 2154 1295 dolores
2175 1241 2547 1296 machinans.
2568 1243 2892 1312 Postquam
2911 1249 3108 1296 autem
3127 1241 3275 1297 vidit
3292 1249 3566 1300 sanctum

1921 1328 2270 1384 immutabili
2293 1335 2347 1384 et
2373 1329 2666 1384 constanti
2697 1329 2861 1384 vultu
2885 1329 3174 1386 ferentem
3207 1347 3278 1386 ea
3308 1347 3442 1403 quae
3473 1334 3566 1388 in-

1922 1416 2322 1479 tentabantur,
2378 1417 2562 1472 animi
2615 1416 2856 1482 dubius,
2903 1416 3080 1488 jubet
3132 1434 3269 1474 eum
3323 1419 3568 1490 quidem

1919 1503 2170 1560 relaxari
2214 1521 2250 1560 a
2292 1505 2558 1571 vinculis,
2605 1505 2821 1576 conjici
2870 1511 3069 1561 autem
3121 1505 3180 1560 in
3245 1522 3564 1565 carcerem.

1920 1591 2140 1663 Martyr
2165 1608 2306 1662 ergo
2327 1593 2471 1648 dum
2491 1593 2607 1649 abd
2619 1594 2924 1658 ucebatur,
2949 1600 3002 1649 et
3035 1593 3404 1663 gloriabatur
3422 1612 3570 1668 quo-

1919 1679 2248 1735 dammodo
2261 1681 2469 1752 plagis,
2499 1697 2603 1752 per
2617 1681 2876 1736 mediam
2913 1680 3220 1736 clamabat
3233 1681 3562 1737 civitatem:

1845 1785 1890 1842 B
1921 1768 2027 1833 Qui
2082 1768 2431 1825 athletarum
2481 1769 2691 1824 Christi
2750 1769 2963 1824 videtis
3027 1768 3299 1834 vulnera,
3357 1783 3566 1824 eorum

1918 1857 2427 1913 remunerationes
2465 1858 2716 1928 cogitate
2754 1862 2812 1913 et
2851 1857 3118 1928 praemia.
3162 1859 3362 1930 Neque
3399 1857 3562 1913 enim

1921 1951 2115 2000 mente
2130 1945 2578 2017 comprehendi,
2603 1961 2795 2018 neque
2817 1945 3014 2001 verbis
3034 1944 3286 2016 exprimi
3309 1951 3569 2017 possunt

1916 2033 2099 2099 bona,
2141 2050 2276 2106 quae
2325 2037 2442 2090 Rex
2495 2034 2846 2090 immortalis
2903 2039 2960 2089 et
2997 2049 3153 2088 nunc
3200 2033 3304 2090 dat
3351 2033 3421 2089 iis
3458 2035 3567 2106 qui

1920 2137 2023 2193 pro
2053 2123 2183 2194 ipso
2215 2122 2538 2193 patiuntur.
2571 2128 2628 2178 et
2666 2123 2725 2178 in
2772 2122 2933 2178 caelis
2959 2129 3337 2178 reservantur
3367 2122 3424 2176 in
3457 2138 3568 2194 po-

1920 2215 2166 2268 sterum.
2197 2211 2349 2278 Quin
2382 2211 2560 2267 etiam
2592 2212 2791 2282 ipsum
2827 2225 3072 2282 quoque
3111 2225 3220 2282 pro
3263 2211 3392 2282 ipso
3419 2210 3563 2280 pati,

1917 2304 2010 2355 est
2033 2299 2392 2369 jucundum,
2427 2305 2668 2371 propter
2692 2299 2892 2370 ipsum
2926 2304 3125 2355 autem
3160 2299 3329 2364 mori,
3363 2304 3450 2354 est
3478 2299 3567 2369 ju-

1916 2387 2188 2442 cundius.
2223 2385 2372 2442 Eum
2398 2392 2595 2442 autem
2628 2385 2794 2441 multi
2825 2385 3252 2457 sequebantur,
3280 2390 3336 2440 et
3375 2387 3567 2457 major

1915 2475 2199 2532 afﬂuebat
2229 2476 2426 2544 turba,
2459 2491 2593 2547 quae
2614 2474 2691 2530 ab
2712 2489 2784 2530 eo
2808 2473 3135 2530 docebatur
3159 2489 3229 2530 ea
3255 2489 3392 2546 quae
3425 2480 3568 2531 sunt

1914 2563 2217 2630 salutaria,
2249 2565 2440 2619 donec
2475 2562 2743 2619 ascendit
2771 2563 2831 2618 in
2871 2561 3228 2630 custodiam,
3272 2567 3329 2618 et
3374 2562 3566 2634 ipsam

1912 2656 2004 2706 est
2026 2651 2355 2723 ingressus.

1984 2738 2071 2794 VI.
2107 2739 2359 2804 Quintus
2393 2737 2522 2794 dies
2563 2736 2942 2809 praeterierat,
2977 2752 3049 2792 ex
3110 2753 3230 2809 quo
3265 2737 3569 2808 conjectus

1912 2827 2102 2883 fuerat
2140 2829 2194 2881 in
2258 2826 2610 2896 custodiam,
2657 2831 2722 2881 et
2769 2824 3052 2881 athletam
3095 2841 3306 2881 rursus
3337 2825 3567 2882 curavit

1913 2914 2336 2969 adducendum
2395 2913 2652 2984 Lysias;
2705 2917 2764 2968 et
2813 2913 3200 2984 impudenter
3258 2929 3318 2966 se
3362 2913 3565 2969 mitem

1913 3015 2044 3054 esse
2086 3000 2398 3065 simulans,
2444 3002 2528 3055 sic
2578 3015 2716 3056 eum
2762 3000 3120 3056 moliebatur
3178 3001 3490 3055 traducere
3530 3017 3567 3056 a

1836 3129 1874 3183 Ο
1914 3087 2149 3183 pietate.
2183 3089 2267 3155 Et,
2295 3089 2494 3144 Sciant
2519 3104 2728 3144 omnes
2757 3089 2858 3157 dii,
2908 3087 3167 3183 dicebat,
3231 3089 3562 3183 Severiana,

1914 3174 2088 3230 valde
2127 3176 2329 3239 miror,
2361 3179 2647 3246 reputans
2675 3176 2839 3246 quod
2882 3175 2971 3230 vir
3003 3175 3250 3247 quidem
3282 3176 3434 3232 adeo
3452 3175 3567 3232 for-

1913 3279 2013 3319 ma
2051 3263 2308 3334 elegans,
2337 3266 2397 3316 et
2439 3261 2605 3334 quod
2645 3262 2832 3317 videri
2890 3269 3105 3333 potest,
3146 3263 3335 3330 fortis,
3367 3270 3425 3319 et
3464 3263 3565 3335 qui

1911 3367 2111 3406 rerum
2173 3356 2399 3406 tantam
2457 3355 2665 3404 nactus
2713 3364 2778 3403 es
2838 3349 3288 3420 eXperientiam,
3356 3357 3566 3422 aperta

1913 3445 2099 3495 morte
2147 3455 2183 3494 a
2221 3439 2386 3494 suavi
2439 3438 2554 3494 hac
2607 3437 2738 3492 luce
2789 3437 3084 3493 discedas.
3139 3438 3341 3494 Laudo
3397 3444 3562 3494 tuam

1912 3527 2288 3584 stabilitatem
2317 3532 2374 3583 et
2423 3525 2840 3592 constantiam,
2883 3526 2929 3580 si
2965 3541 3037 3581 ea
3078 3543 3220 3581 usus
3264 3541 3423 3581 esses
3461 3527 3562 3583 ad-

1911 3631 2113 3671 versus
2141 3615 2362 3671 hostes.
2397 3617 2539 3669 Cum
2580 3614 2734 3670 ferro
2783 3620 3017 3678 autem,
3064 3614 3224 3683 igne,
3270 3614 3476 3670 bestiis
3507 3621 3566 3670 et

1909 3703 2204 3775 lapidibus
2233 3705 2552 3769 decertare,
2589 3707 2678 3757 est
2727 3702 2905 3774 plane
2945 3701 3215 3768 stultum,
3261 3707 3319 3758 et
3354 3701 3565 3758 nonni-

1909 3792 1993 3848 hil
2051 3791 2226 3846 aﬂine
2267 3791 2644 3847 insaniae.An
2697 3805 2816 3845 non
2877 3789 3040 3844 vides
3092 3789 3142 3843 si
3194 3789 3340 3845 nihil
3384 3789 3564 3854 aliud,

1908 3881 2092 3936 robur
2119 3879 2364 3952 quidem
2414 3884 2582 3934 tuum
2630 3894 2762 3933 esse
2804 3876 3058 3934 fractum
3099 3881 3157 3933 et
3185 3877 3561 3944 dissolutum,

1907 3972 2106 4041 ipsum
2137 3973 2336 4025 autem
2367 3982 2586 4038 corpus
2613 3967 2742 4036 jam
2779 3965 3052 4021 difﬂuere
3091 3972 3148 4021 et
3177 3966 3367 4038 perire
3390 3967 3418 4022 ?
3466 3967 3564 4022 llis

1909 4058 2115 4130 Lysias
2162 4056 2372 4112 callide
2411 4055 2740 4111 conabatur
2801 4055 2932 4126 ejus
2984 4069 3266 4110 enervare
3292 4060 3568 4111 constan-

1914 4147 2074 4201 tiam.
2108 4144 2207 4198 Ille
2250 4149 2496 4201 autem:
2553 4145 2635 4198 Ne
2691 4141 3048 4205 consideres,
3095 4140 3309 4212 inquit,
3355 4157 3566 4198 carnes

1912 4235 2301 4300 consumptas
2322 4229 2597 4298 ﬂagellis,
2624 4245 2781 4299 quas
2811 4230 2934 4283 situ
2957 4244 3077 4283 non
3096 4231 3561 4300 consumpseris,

1914 4325 1974 4374 at
1991 4332 2149 4373 mors
2179 4315 2506 4372 adveniens
2541 4314 2783 4370 minime
2816 4317 3065 4370 omnino
3093 4317 3178 4371 eis
3199 4323 3423 4388 parcet.
3451 4317 3564 4373 Sed

1913 4412 2000 4462 est
2032 4405 2172 4460 mihi
2203 4405 2391 4460 libera
2418 4402 2605 4458 animi
2628 4402 2920 4468 voluntas,
2958 4419 3355 4476 quamneque
3385 4405 3564 4461 minae

1913 4494 2232 4559 terrebunt,
2262 4507 2454 4564 neque
2481 4494 2848 4546 tormentum
2879 4491 3164 4562 attinget:
3212 4499 3419 4549 contra
3461 4509 3566 4549 au-

1911 4589 2028 4640 tem
2059 4598 2194 4639 eam
2226 4579 2418 4650 magis
2449 4581 2691 4636 omnino
2738 4595 2847 4652 pro
2899 4580 3129 4636 Christo
3178 4581 3560 4649 conﬁrmant,

1909 4671 2454 4746 promptioremque
2483 4668 2746 4724 efﬁciunt
2773 4673 2838 4723 et
2867 4668 3241 4724 alacriorem.
3271 4670 3562 4735 Quocirca

1910 4777 2027 4818 non
2056 4759 2250 4816 solum
2280 4757 2486 4826 ﬂagris
2526 4755 2704 4824 caede,
2731 4757 3028 4828 suspende
3079 4761 3137 4812 et
3161 4755 3399 4813 lacera:
3454 4756 3562 4814 sed

1910 4849 2088 4906 etiam
2121 4847 2305 4902 obrue
2329 4844 2654 4917 lapidibus,
2681 4847 2736 4899 et
2776 4843 2908 4914 jace
2938 4843 2998 4898 in
3034 4843 3256 4913 ignem,
3289 4849 3345 4899 et
3380 4844 3559 4916 quid-

1908 4937 2076 5010 quid,
2107 4933 2274 5008 quod
2304 4933 2393 4988 vis
2419 4938 2475 4988 et
2497 4938 2667 5005 potes
2695 4931 2904 4998 facere,
2935 4930 2996 4986 in
3035 4947 3131 4986 me
3163 4947 3239 4987 ne
3263 4931 3558 4987 cuncteris

1908 5028 2222 5082 intentare.
2253 5026 2400 5080 Nam
2443 5026 2505 5078 tu
2547 5020 2663 5077 eris
2701 5019 2871 5076 citius
2912 5018 3177 5075 defessus
3225 5019 3556 5091 puniendo,

1907 5129 2086 5188 quam
2123 5127 2237 5182 ego
2277 5111 2418 5166 mihi
2461 5125 2705 5182 parcam
2744 5113 2981 5180 propter
3021 5106 3333 5162 Christum.
3388 5105 3560 5175 Quis-

1908 5220 2048 5260 nam
2081 5208 2280 5258 autem
2310 5205 2367 5256 te
2409 5198 2554 5255 mihi
2592 5197 2830 5267 gravior
2861 5195 3098 5250 futurus
3140 5195 3215 5251 sit
3255 5195 3554 5262 inimicus,

1907 5307 2022 5348 non
2066 5303 2314 5362 possum
2343 5287 2676 5359 perspicere
2711 5301 2724 5339 :
2770 5285 2874 5356 qui
2905 5298 3024 5338 non
3076 5283 3270 5339 solum
3318 5284 3557 5340 eminus

1904 5378 2208 5452 jacularis,
2241 5392 2311 5433 ac
2360 5375 2541 5431 telum
2573 5373 2634 5429 in
2679 5388 2896 5444 corpus
2921 5371 3186 5438 immitis,
3219 5372 3324 5428 sed
3352 5372 3557 5428 studes

1907 5471 2107 5541 ipsam
2141 5466 2394 5538 spoliare
2424 5463 2712 5529 animam,
2763 5465 2821 5518 et
2870 5476 3005 5517 eam
3058 5461 3299 5517 omnino
3327 5462 3556 5518 nudare

1910 5557 2094 5618 armis
2124 5552 2382 5630 pietatis,
2412 5555 2471 5610 et
2516 5565 2752 5609 servam
2802 5549 3102 5609 abducam
3139 5554 3196 5606 et
3232 5550 3552 5622 captivam.

1839 4447 1884 4502 D
