4142 6278
622 318 722 373 647

1931 298 2191 357 MENSIS
2226 296 2675 354 SEPTEMBEB.

3863 294 3956 348 638

695 439 810 495 VII.
845 439 982 494 Haac
996 453 1134 493 cum
1150 435 1270 490 dux
1284 432 1589 496 audiisset,
1622 428 1907 486 continuo
1939 439 2258 496 personam

2441 422 2511 478 Ζ’.
2553 425 2757 476 Τούτων
2801 421 2825 471 ό
2875 415 3005 481 δοὺξ
3051 416 3300 482 ἀκούσας,
3347 419 3407 468 τὸ
3457 423 3783 489 προσωπεῖον
3822 416 3956 478 εὐθὺς

623 536 678 585 et
748 544 988 584 scenam
1042 524 1263 594 abjicit,
1316 527 1371 577 et
1414 536 1618 576 rursus
1683 521 1809 573 erat
1868 516 2069 587 Lysias
2124 527 2262 567 cum

626 617 796 673 solita
820 615 1163 671 crudelitate
1193 617 1249 667 et
1271 610 1660 672 immanitate,
1693 613 1749 661 et
1766 604 1936 676 jubet
1963 600 2262 674 lapidibus

625 702 842 759 conteri
882 717 949 755 os
995 698 1290 768 martyris,
1318 701 1372 751 et
1415 693 1631 751 deinde
1660 691 1838 748 etiam
1870 690 1921 746 ei
1953 686 2205 744 dictitari
2246 701 2259 740 :

626 790 752 848 Noli
790 788 1082 844 Christum
1112 784 1461 841 cruciﬁxum
1509 786 1564 837 in
1620 781 1819 851 lingua
1859 776 2260 839 circumferre,

626 892 820 950 neque
848 876 1013 932 illum
1054 871 1586 929 commemorando
1624 885 1753 925 esse
1784 866 2070 923 molestus
2102 862 2265 917 ducis

629 967 895 1024 auribus.
956 965 1067 1020 Sed
1128 969 1401 1017 strenuus
1446 959 1667 1016 athleta
1726 959 1899 1013 etiam
1955 955 2265 1010 decertans

628 1073 762 1112 cum
804 1054 900 1109 tali
934 1051 1248 1124 supplicio,
1290 1057 1488 1105 tamen
1537 1046 1984 1118 responsionem
2030 1054 2267 1113 quoque

628 1145 840 1214 adjecit
871 1162 883 1201 :
919 1142 1106 1205 Miser,
1149 1139 1376 1203 dicens,
1427 1137 1529 1209 qui
1562 1142 1726 1190 tuam
1773 1134 2040 1189 animam
2081 1129 2267 1184 semel

628 1232 814 1289 fecisti
845 1231 1190 1285 daamonum
1209 1226 1631 1288 habitaculum,
1655 1222 1862 1278 merito
1891 1236 1963 1274 ne
1987 1219 2113 1273 solo
2143 1214 2272 1287 qui-

630 1322 768 1376 dem
802 1318 1013 1373 auditu
1029 1322 1197 1387 potes
1224 1314 1374 1369 ferre
1389 1312 1601 1367 Christi
1630 1311 1741 1365 mei
1765 1322 2005 1363 nomen.
2036 1305 2118 1360 Ad
2145 1304 2272 1358 haec

630 1407 970 1466 rursusdux
998 1407 1216 1473 :Ego,o
1251 1398 2016 1467 Severiane,existimanste
2046 1393 2270 1448 factum

631 1514 758 1553 esse
802 1492 1263 1550 moderatiorem
1314 1488 1621 1545 tormentis
1681 1482 2178 1558 praecedentibus,
2217 1486 2273 1536 et

630 1599 968 1640 sermonem
994 1580 1245 1651 imperii,
1275 1584 1331 1633 et
1360 1593 1489 1649 qua:
1514 1592 1665 1648 opus
1693 1580 1848 1641 sunt,
1881 1571 2042 1644 quod
2071 1570 2147 1625 ad
2179 1584 2274 1623 me

631 1673 867 1744 quidem
902 1671 1123 1733 attinet,
1159 1668 1340 1722 suasi.
1375 1666 1667 1731 Quoniam
1701 1669 1897 1719 autem
1929 1662 2055 1732 ipse
2082 1657 2274 1727 magis

2371 516 2459 562 καὶ
2504 516 2597 569 τήν
2651 513 2846 566 σκηνὴν
2900 506 3231 580 ἀπορρίπτει,
3279 510 3367 557 καὶ
3422 509 3631 566 Λυσίας
3684 502 3749 562 ἧν
3819 501 3957 569 αὖθις

2370 603 2499 670 μετά
2573 607 2665 659 τῆς
2743 599 2999 656 συνήθους
3075 594 3319 655 ἀπηνείας
3388 599 3477 647 καὶ
3530 602 3625 655 τῆς
3679 594 3952 665 ὠμότητος,

2369 686 2529 747 ).ίθ,ις
2570 706 2624 739 τε
2663 690 2719 738 τὸ
2770 688 3089 759 μαρτυρικόν
3134 683 3325 737 ἐκέλευε
3365 682 3736 754 συντρίϐεσθαι
3782 688 3951 754 στόμα,

2372 774 2479 828 εἶτα
2521 780 2610 827 καὶ
2677 774 2923 846 ἐπιλέγειν
2986 773 3144 843 αὐτῷ·
3195 777 3267 844 μὴ
3329 772 3412 825 ἐπὶ
3459 780 3549 832 τῆς
3604 770 3839 842 γλώττης
3882 791 3952 823 πεο

2372 876 2594 939 ριφερειν
2642 869 2728 916 τόν
2785 863 3171 938 ἐσταυρωμένον
3225 866 3474 936 Χριστόν,
3525 858 3664 932 μηδέ
3725 868 3786 932 τῇ
3845 859 3951 912 ἐκεί.

2374 974 2461 1006 νου
2515 958 2691 1025 μνήμῃ
2748 955 2842 1014 τὰς
2896 959 2987 1003 τοῦ
3046 948 3233 1010 δουκός
3283 950 3457 1002 λυπεῖν
3509 949 3690 1010 ἀκοάς.
3763 948 3887 1002 Ἀλλ’
3930 953 3949 1001 6

2376 1049 2602 1112 γενναῖος
2651 1042 2801 1103 οὗτος
2858 1044 3031 1092 καίτοι
3073 1038 3203 1112 αὐτῇ
3265 1038 3496 1091 παλαίων
3549 1038 3783 1101 κολάσει,
3834 1039 3949 1109 ὅμως

2377 1135 2467 1182 καὶ
2502 1133 2557 1181 τό
2589 1133 2748 1181 αἴτιον
2781 1129 3094 1202 προσετίθει·
3129 1126 3324 1193 Ἀθλιε,
3366 1128 3545 1198 λέγων,
3589 1123 3849 1197 δαιμόνων
3892 1130 3948 1177 oi-

2379 1223 2625 1290 κητήριον
2663 1217 2803 1279 ἅπαξ
2832 1221 2924 1275 τὴν
2958 1216 3111 1269 αὐτοῦ
3141 1216 3328 1288 ψυχήν
3366 1219 3741 1287 ποιησάμενος,
3771 1220 3950 1275 εἰκότως

2380 1304 2502 1359 οὐδὲ
2560 1305 2687 1376 ἀκοῇ
2764 1312 2892 1377 μόνῃ
2952 1324 3007 1358 το
3054 1310 3147 1357 τόῦ
3217 1303 3339 1377 ἐμοῦ
3385 1312 3619 1378 Χριστοῦ
3680 1307 3837 1374 ὄνομα
3886 1301 3950 1355 δι-

2382 1396 2594 1467 ενεγκεῖν
2647 1391 2893 1449 δύνασαι.
2952 1399 3082 1469 Πρός
3134 1402 3295 1447 ταῦτα
3351 1394 3503 1446 πάλιν
3561 1395 3585 1444 ό
3642 1389 3792 1454 δοὺξ·
3844 1394 3950 1463 Ἐγὼ

2385 1488 2790 1556 σωφρονέστερον
2851 1502 2907 1535 σε
2961 1484 3201 1553 γενέσθαι
3257 1490 3373 1543 ταῖς
3430 1480 3818 1555 προλαϐοῦσαις
3873 1479 3951 1553 βα-

2385 1576 2560 1634 σάνοις
2608 1572 2822 1640 οἰηθεὶς,
2866 1575 3157 1646 Σευηριανε,
3213 1576 3301 1623 καὶ
3352 1571 3507 1642 λόγου
3556 1566 3845 1642 μετέδωκα,
3884 1577 3953 1623 καὶ

2380 1665 2444 1714 τὰ
2501 1658 2683 1714 δέοντα
2736 1666 2793 1712 τό
2845 1680 2904 1731 γε
2960 1660 3028 1720 εἱς
3081 1659 3165 1731 ἐμὲ
3212 1661 3356 1723 ἧκον,
3412 1664 3706 1732 παρῄνεσαο
3760 1658 3859 1711 ἐπεὶ
3907 1657 3951 1712 δὲ

630 1760 941 1816 contendis
974 1760 1206 1812 vincere
1234 1755 1431 1827 priora
1459 1753 1755 1815 secundis,
1786 1756 1841 1806 et
1861 1765 1995 1822 quae
2026 1762 2265 1819 praeces-

2380 1750 2568 1823 μᾶλλον
2621 1749 2775 1810 αὐτὸς
2821 1757 3036 1807 νικῆσαι
3086 1749 3381 1820 φιλονεικεῐς
3436 1756 3543 1809 τοῖς
3600 1746 3859 1821 δευτέροις
3902 1751 3951 1799 τὰ

631 1853 834 1923 serunt
849 1846 1286 1918 perpessiones,
1306 1841 1764 1913 exsuperatione
1786 1838 1980 1893 delere
1998 1836 2274 1908 posterio-

629 1952 785 2000 rum,
812 1920 878 1989 Iut
906 1934 1171 2005 aliquam
1198 1930 1417 1985 referas
1441 1928 1690 1999 gloriam
1713 1944 1748 1982 a
1782 1923 2146 1989 Christianis,
2169 1920 2271 1994 qui

631 2040 799 2095 aeque
827 2038 897 2078 ac
929 2028 988 2077 tu
1020 2028 1157 2075 sunt
1187 2018 1361 2082 stulti,
1398 2023 1448 2073 te
1474 2014 1823 2072 omnimodo
1844 2012 2075 2069 docebo
2100 2026 2272 2081 expe-

628 2112 858 2173 rientia,
893 2109 1057 2180 quod
1090 2114 1141 2163 te
1169 2113 1304 2161 tuus
1337 2106 1598 2161 Christus
1624 2100 1997 2159 netantillum
2026 2098 2271 2171 quidem

627 2200 864 2271 juverit.
896 2200 1055 2251 Tunc
1106 2195 1485 2263 Severianus,
1517 2193 1619 2264 qui
1664 2193 1789 2263 ipse
1828 2204 2084 2262 quoque,
2122 2186 2273 2242 sicut

632 2288 870 2343 divinus
892 2285 1131 2350 Paulus,
1148 2289 1271 2338 erat
1292 2282 1503 2353 plenus
1528 2280 1731 2335 divino
1754 2277 1965 2349 Spiritu
1992 2279 2159 2337 :Nos,
2186 2273 2272 2329 in-

633 2376 776 2447 quit,
808 2389 927 2429 non
959 2388 1048 2437 ea,
1068 2388 1199 2443 quae
1226 2370 1516 2434 videntur,
1548 2386 1580 2423 ο
1607 2367 1811 2438 judex,
1842 2366 1943 2420 sed
1970 2381 2042 2420 ea
2067 2365 2268 2429 etiam,

631 2479 767 2536 quas
798 2478 913 2517 non
943 2461 1237 2523 videntur,
1261 2457 1712 2513 consideramus
1740 2456 1781 2509 ⁵.
1818 2453 2019 2509 Veniet
2047 2457 2268 2517 autem,

631 2552 734 2623 qui
763 2550 991 2615 liberat,
1024 2556 1080 2604 et
1107 2554 1343 2603 sanctus
1373 2562 1404 2601 e
1434 2545 1581 2601 coelo
1610 2542 1893 2608 visitabit,
1914 2547 1968 2597 et
1993 2558 2128 2613 quae
2155 2556 2191 2595 a
2219 2545 2271 2595 te

632 2641 693 2696 in
707 2656 801 2695 me
818 2640 1175 2694 intentantur
1190 2634 1497 2707 supplicia.
1515 2633 1720 2689 omnia
1736 2628 2180 2695 efﬁcietinania,
2210 2633 2272 2684 ut

634 2734 773 2783 sunt
805 2742 1026 2782 revera.
1067 2728 1199 2780 Htec
1230 2740 1367 2779 cum
1401 2728 1625 2794 martyr
1677 2720 2095 2793 respondisset,
2153 2717 2269 2773 dux

632 2831 954 2872 conversus
992 2815 1069 2869 ad
1109 2814 1558 2868 circumstantes
1602 2826 1615 2865 :
1683 2809 1998 2875 Quoniam,
2058 2806 2266 2878 inquit,

633 2904 978 2962 Severianus
1010 2901 1392 2973 prazsentium
1420 2899 1710 2954 malorum
1741 2901 2044 2968 exspectat
2071 2911 2265 2950 remu-

630 2994 988 3061 nerationes,
1023 2991 1255 3045 interim
1302 2988 1557 3059 pendeat
1588 2986 1859 3041 sublimis
1901 2985 1959 3039 in
1998 2983 2180 3052 ligno,
2215 2987 2270 3037 et

2381 1844 2635 1914 πρότηρα,
2686 1843 2775 1890 καὶ
2822 1840 2888 1889 τὰ
2935 1840 3206 1908 φθάσαντα
3260 1838 3401 1894 πάθη
3474 1844 3535 1909 τῇ
3593 1846 3697 1888 τῶν
3753 1838 3948 1910 ὑστέρων

2381 1927 2633 2001 ὑπερϐολῇ
2666 1927 3001 1999 ἀμαυρῶσαι,
3045 1928 3181 1987 ὅπως
3210 1929 3323 1978 τινὰ
3354 1931 3443 1978 καὶ
3490 1923 3649 1988 δόξαν
3696 1928 3834 1996 παρὰ
3870 1934 3947 1977 τῶν

2381 2017 2457 2070 ἐπ’
2502 2021 2625 2078 ἴσης
2685 2036 2769 2068 σοι
2818 2016 3044 2074 ἀνοήτων
3104 2014 3355 2088 ἀπενέγκῃ
3415 2023 3771 2087 Χριστιανῶν,
3826 2019 3948 2088 πείρᾳ

2383 2126 2439 2158 σε
2471 2102 2674 2167 διδάξω
2703 2106 2902 2164 πάντως
2932 2107 3001 2165 ὡς
3027 2100 3149 2157 οὐδὲ
3180 2102 3364 2177 βραχύ
3414 2122 3470 2155 σε
3498 2105 3601 2176 ἄρα
3632 2104 3660 2153 ό
3700 2105 3790 2163 σὸς
3814 2111 3946 2176 Χρισ-

2379 2198 2468 2256 τός
2496 2194 2819 2266 ὠφελήσειεν.
2860 2194 3117 2245 Ἐνταῦθα
3146 2197 3468 2264 Σευηριανὸς,
3500 2195 3638 2245 θείου
3690 2195 3945 2263 Πνεῦματος

2380 2289 2468 2336 καὶ
2515 2283 2666 2343 αὐτὸς
2737 2284 2871 2334 κατὰ
2929 2281 3127 2335 Παῦλον
3183 2281 3455 2343 πλησθεὶς·
3512 2286 3713 2353 Ἡμεῖς,
3768 2283 3943 2352 ἔφησεν,

2381 2372 2438 2424 οῦ
2486 2374 2553 2423 τὰ
2609 2370 2898 2442 βλεπόμενα
2976 2378 3141 2422 ταῦτα
3214 2377 3521 2441 σκοποῦμεν,
3592 2367 3728 2420 ἀλλά
3773 2371 3831 2419 τὰ
3892 2374 3943 2439 μὴ

2383 2459 2690 2532 βλεπόμενα,
2767 2455 3017 2511 δικαστά·
3101 2458 3211 2521 ἣξει
3287 2455 3345 2510 δὲ
3402 2460 3427 2509 ό
3481 2459 3747 2532 ῥυόμενος,
3804 2459 3941 2508 καὶὸ

2380 2550 2523 2620 ἅγιος
2580 2547 2631 2610 ἐξ
2683 2546 2903 2621 οὐρανοῦ
2960 2546 3316 2617 ἐπισκέψεται,
3371 2551 3460 2599 καὶ
3516 2550 3607 2607 τὰς
3666 2546 3941 2618 ἐπαγομένας

2767 2454 3017 2511 δικαστά·

2379 2637 2492 2710 ἐμοὶ
2566 2640 2706 2708 παρὰ
2766 2645 2859 2688 σοῦ
2932 2636 3174 2697 κολάσεις
3237 2640 3459 2708 ματαίας
3517 2631 3802 2699 ἀποδείξει,
3869 2641 3938 2686 καὶ

2377 2729 2525 2786 κενὰς
2581 2725 2811 2792 ἁπάσας,

2379 2815 2812 2888 ἀποκριναμένου,
2893 2815 2918 2864 ό
3004 2809 3133 2875 δοὺξ
3209 2816 3339 2885 πρὸς
3428 2816 3543 2873 τοὺς
3622 2822 3934 2884 περιεστῶτας

2891 2727 3016 2796 ὅπερ
3089 2727 3221 2778 ἐστί,
3281 2731 3458 2776 Ταῦτα
3532 2732 3625 2776 τοῦ
3713 2726 3935 2797 μάρτυρος

2378 2904 2729 2975 ἐπιστραφεὶς·
2789 2904 2949 2967 Ἐπεὶ,
3026 2908 3176 2973 φησι,
3234 2905 3541 2975 Σευηριανὸς
3594 2898 3928 2973 δαψιλεστέρας

2377 3002 2475 3044 τῶν
2553 2996 2817 3065 παρόντων
2883 3000 3053 3042 κακῶν
3128 2993 3215 3051 τὰς
3298 2987 3589 3051 ἀντιδόσεις
3675 2987 3925 3060 ἐκδέχεται,

628 3080 810 3150 hujus
824 3080 1009 3134 latera
1022 3078 1258 3148 uugulte
1277 3078 1477 3132 ferreae
1491 3077 1866 3131 consumant.
1924 3072 2047 3127 Sint
2065 3076 2265 3126 autem

2376 3083 2774 3155 μετεωρισθήτω
2817 3084 2934 3140 τέως
2985 3079 3067 3132 ἐπὶ
3115 3087 3206 3131 τοῦ
3258 3079 3432 3147 ξύλου,
3488 3085 3577 3132 καὶ
3638 3084 3730 3139 τάς
3776 3083 3927 3131 τοῦτον

629 3170 805 3224 etiam
838 3169 993 3223 circa
1010 3184 1142 3223 eum
1163 3167 1463 3231 satellites,
1489 3173 1552 3220 ut
1570 3164 1975 3220 vehementius
1994 3161 2266 3228 lanietur,

627 3260 686 3312 et
709 3256 885 3312 nobis
912 3256 1397 3329 aliquasfortasse
1422 3262 1557 3323 agat
1585 3253 1823 3323 gratias,
1856 3250 1953 3323 qui
1980 3250 2063 3306 sic
2088 3252 2266 3305 etiam

622 3350 894 3401 auctores
923 3361 1131 3400 sumus
1163 3344 1419 3415 plurium
1448 3342 1769 3399 bonorum.

698 3522 828 3575 Vlll.
864 3521 1000 3576 Haec
1029 3520 1123 3576 ille
1154 3520 1399 3591 quidem
1432 3519 1586 3584 dixit,
1621 3517 1798 3573 veluti
1837 3515 2213 3572 subsannans
2249 3531 2263 3580 ;

622 3609 943 3664 multitudo
972 3616 1169 3664 autem
1198 3610 1468 3664 lictorum
1501 3607 1699 3663 statim
1726 3604 2183 3669 circumsistens,
2212 3606 2268 3657 et

624 3712 763 3751 eum
796 3696 1044 3751 sublime
1096 3697 1329 3761 tollens,
1361 3696 1546 3752 latera
1590 3695 1894 3751 lacerabat
1929 3692 2262 3750 crudeliter;

624 3784 722 3838 Ille
753 3790 953 3837 autem
988 3799 998 3835 :
1031 3785 1218 3838 Unam
1250 3784 1423 3847 hanc,
1457 3784 1708 3847 dicebat,
1742 3783 1981 3853 plagam
2022 3797 2262 3850 gravem

625 3871 917 3935 existimo,
950 3886 1084 3942 quae
1112 3886 1207 3923 me
1237 3885 1273 3923 a
1319 3868 1548 3924 Christo
1578 3870 1888 3939 disjungit.
1932 3872 2076 3925 Sunt
2121 3884 2262 3925 vero

622 3959 716 4015 hae
746 3974 954 4014 omnes
981 3959 1127 4013 mihi
1160 3958 1353 4029 potius
1390 3957 1697 4029 voluptati.
1749 3960 1831 4013 Me
1883 3957 2043 4012 enim
2084 3957 2161 4012 ab
2190 3957 2263 4010 iis

621 4063 758 4116 quae
791 4052 930 4103 sunt
957 4047 1015 4102 in
1048 4054 1221 4112 terra,
1255 4051 1618 4118 separantes,
1638 4045 1744 4101 soli
1759 4045 1985 4103 Christo
2014 4045 2147 4118 conj
2161 4060 2263 4099 un-

623 4141 789 4205 gunt.
846 4136 1081 4192 Interim
1113 4140 1311 4191 autem
1342 4135 1466 4190 dux
1513 4134 1755 4207 quidem
1812 4135 2097 4191 dicebat:
2140 4134 2261 4190 Diis

623 4225 914 4291 sacriﬁca,
948 4224 1277 4289 Severiane,
1310 4229 1366 4279 et
1414 4222 1660 4279 liberare
1714 4240 1749 4280 a
1796 4222 2128 4295 suppliciis.
2164 4221 2262 4278 Ille

620 4329 765 4368 vero
795 4313 987 4384 ipsius
1012 4312 1592 4369 verbanetantillum
1618 4312 1858 4384 quidem
1891 4328 2126 4378 curans,
2156 4328 2262 4367 ne-

621 4418 733 4473 que
763 4417 899 4456 eum
932 4402 1133 4472 aliqua
1162 4402 1419 4473 dignans
1443 4402 1854 4472 responsione,
1888 4400 2045 4472 apud
2079 4418 2139 4455 se
2182 4406 2263 4456 ta-

622 4490 736 4544 cite
766 4489 1156 4559 loquebatur:
1191 4492 1315 4543 Non
1346 4494 1483 4542 sunt
1518 4489 1714 4557 dignae
1751 4490 2064 4559 passiones
2103 4505 2263 4545 nunc

622 4576 924 4648 temporis,
947 4592 1073 4646 quae
1099 4574 1475 4629 conferantur
1495 4592 1631 4631 cum
1664 4577 1854 4645 gloria
1874 4577 2196 4634 revelanda
2217 4580 2259 4633 °.

622 4668 751 4722 Dux
779 4665 978 4738 itaque
1010 4665 1287 4737 martyris
1313 4664 1628 4729 silentium,
1653 4672 2078 4736 contemptum,
2113 4668 2264 4723 sicut

619 4762 763 4821 erat,
796 4755 1137 4821 arbitratus,
1170 4753 1445 4825 graviora
1486 4753 1546 4808 in
1584 4770 1723 4809 eum
1754 4756 2131 4825 excogitabat
2165 4776 2178 4825 ;
2207 4763 2261 4814 et

618 4861 754 4899 rum
785 4860 921 4899 eum
949 4844 1023 4898 de
1069 4844 1229 4912 ligno
1277 4842 1666 4914 deposuisset,
1723 4843 1960 4899 deducit
2008 4846 2086 4901 ad
2133 4863 2260 4902 mu-

620 4948 778 4997 cum,
806 4947 1064 5003 cumque
1100 4932 1254 4987 duos
1289 4930 1515 5002 lapides
1564 4931 1859 4987 maximos
1890 4938 1946 4987 et
1993 4935 2262 5004 gravissi-

620 5037 773 5086 mos,
809 5037 994 5076 unum
1027 5019 1269 5091 quidem
1298 5019 1470 5085 collo,
1511 5019 1760 5074 alterum
1788 5027 1988 5077 autem
2027 5023 2259 5093 alligas-

620 5114 707 5162 set
736 5108 1008 5179 pedibus,
1040 5115 1095 5164 et
1121 5114 1442 5180 martyrem
1464 5108 1604 5163 fune
1634 5108 1932 5176 cinxisset,
1965 5111 2205 5168 dimittit
2227 5129 2259 5169 e

620 5208 791 5249 muro
805 5195 1059 5251 sublime
1074 5196 1445 5267 pendentem,
1460 5201 1522 5250 ut
1534 5195 1688 5267 lapid
1700 5212 1789 5250 um
1805 5198 2067 5268 pondere
2085 5216 2259 5255 mem-

618 5278 744 5333 bris
771 5282 825 5335 ei
849 5283 1114 5348 divulsis,
1153 5284 1438 5341 violenter
1466 5284 1789 5357 abrumpat
1826 5288 2113 5344 animam.
2145 5292 2256 5346 Sed

620 5380 826 5422 revera
856 5369 916 5422 in
945 5375 999 5425 te
1029 5374 1300 5441 speravit,
1335 5375 1600 5438 Domine,
1625 5379 1678 5430 et
1736 5391 1855 5433 non
1877 5383 1964 5433 est
2016 5377 2257 5434 affectus

693 5540 713 5573 ⁵
745 5540 790 5594 lI
824 5542 952 5595 Cor.
990 5556 1065 5606 iv,
1093 5544 1181 5597 18.
1218 5549 1238 5580 ⁶
1266 5550 1431 5603 Rom.
1458 5564 1575 5612 vni,
1616 5554 1697 5606 18.

2374 3171 2593 3244 πλευρὰς
2642 3173 2821 3240 ὄνυχες
2883 3165 3098 3242 σιδηροῖ
3149 3165 3553 3221 δαπανάτωσαν-
3616 3171 3744 3221 ἔστω
3774 3165 3825 3220 δέ
3865 3188 3928 3227 τις

2374 3264 2492 3327 περὶ
2544 3258 2697 3309 αὐτόν
2745 3262 2835 3309 καὶ
2887 3255 3195 3330 δορυφορία,
3253 3260 3383 3317 ὅπως
3427 3263 3795 3329 συστονώτερον
3837 3255 3928 3317 ξαι-

2373 3364 2530 3408 νοιτο,
2591 3350 2681 3397 καί
2732 3364 2875 3405 τινας
2923 3348 3050 3407 ἰσως
3101 3347 3225 3417 ἡμῖν
3276 3346 3548 3417 ὁμολογοίη
3582 3351 3671 3397 καὶ
3711 3348 3922 3417 χάριτας,

2374 3433 2614 3485 πλειόνων
2646 3433 2803 3494 οὕτως
2835 3433 3021 3494 αἰτίοις
3053 3432 3260 3503 ἀγαθῶν
3300 3433 3440 3505 αὐτῷ
3468 3438 3762 3506 γινομένοις.

2447 3521 2526 3575 Η’.
2578 3528 2755 3574 Ταῦτα
2808 3524 2833 3573 6
2878 3525 2967 3590 μεν
3016 3523 3120 3574 οἷον
3174 3521 3529 3593 ἐπιχλευάζων
3582 3520 3696 3574 εἷπε·
3744 3518 3925 3590 δημίων

2376 3607 2433 3662 δὲ
2485 3610 2680 3673 πλῆθος
2733 3611 2877 3671 εὐθὺς
2928 3613 3275 3684 περιστάντες,
3338 3617 3427 3664 καὶ
3477 3619 3639 3663 τοῦτον
3704 3614 3918 3679 μετεωρί-

2374 3719 2572 3762 σαντες,
2634 3702 2724 3761 τὰς
2773 3699 2993 3774 πλευρὰς
3042 3702 3296 3775 ὠμότερον
3355 3697 3695 3761 διεσπάθιξον,
3741 3696 3792 3749 Ὀ
3842 3692 3911 3759 δι,

2372 3794 2510 3841 Μίαν
2553 3789 2773 3859 πληγήν,
2828 3789 2981 3860 ἔλεγε,
3036 3792 3228 3846 ταύτην
3282 3786 3543 3842 ἐπώδυνον
3594 3790 3794 3858 ἥγημαι,
3839 3788 3920 3841 τὴν

2372 3876 2471 3929 ἀπὸ
2519 3885 2752 3950 Χριστοῦ
2800 3874 3090 3929 διιστώσάν
3133 3896 3214 3946 με·
3249 3878 3402 3930 αὗται
3433 3875 3493 3931 δέ
3521 3898 3613 3949 μοι
3650 3876 3817 3948 μᾶλλον
3850 3878 3927 3925 καὶ

2369 3965 2488 4017 καθ’
2535 3962 2729 4023 ἡδονήν
2777 3966 2881 4018 εἰσι
2925 3972 3117 4018 πᾶσαι·
3156 3975 3255 4018 τῶν
3300 3965 3384 4019 ἐπὶ
3433 3974 3535 4037 γῆς
3577 3969 3675 4039 γάρ
3726 3984 3781 4037 με
3822 3960 3926 4015 δια·-

2369 4057 2650 4124 τέμνουσαι
2700 4062 2908 4126 Χριστῷ
2961 4058 3287 4108 συνάπτουσι
3340 4062 3498 4127 μόνῳ.
3551 4056 3633 4109 Ἐν
3675 4058 3826 4125 τούτῳ
3858 4048 3928 4104 οὖν

2370 4142 2395 4192 ό
2433 4144 2523 4213 μὲν
2568 4137 2714 4205 δοὺξ,
2762 4149 2956 4207 Θῦσον,
2992 4142 3146 4213 ἔλεγε,
3198 4151 3302 4203 τοῖς
3334 4146 3481 4209 θεοῖς,
3531 4146 3814 4215 Σευηριανε,
3858 4145 3930 4191 καὶ

2370 4239 2467 4282 τῶν
2519 4230 2776 4282 κολάσεων
2815 4230 3161 4285 ἀπαλλάττου.
3188 4231 3246 4285 Ὀ
3288 4228 3367 4295 δε,
3413 4241 3509 4284 τῶν
3555 4235 3745 4285 ἐκείνου
3786 4230 3930 4306 ῥημά-

2371 4338 2468 4370 των
2495 4315 2616 4370 οῦδε
2659 4322 2716 4370 1'6
2748 4317 2929 4392 βραχύ
2962 4323 3263 4392 φροντίζων,
3295 4317 3419 4373 οὐδέ
3456 4340 3590 4381 τινος
3638 4322 3787 4373 αὑτὸν
3830 4319 3929 4370 ἀπο-

2370 4413 2587 4482 κρίσεως
2644 4406 2819 4476 ἀξιῶν,
2878 4408 2987 4461 Οὐκ
3043 4409 3184 4477 οἶξια,
3254 4408 3301 4461 ἐν
3368 4410 3533 4480 ἐαυτῷ
3588 4409 3835 4473 ὑπελάλει,
3883 4410 3931 4457 τὰ

2368 4499 2656 4567 παθήματα
2720 4505 2811 4549 τοῦ
2886 4504 2973 4548 νῦν
3048 4506 3233 4571 καιροῦ
3304 4501 3428 4571 πρὸς
3504 4504 3599 4557 τήν
3681 4498 3932 4572 μέλλουσαν

2371 4583 2794 4657 ἀποκαλυφθῆναι
2869 4582 3044 4649 δόξαν.
3098 4586 3155 4639 Ὁ
3213 4585 3342 4650 δοὺξ
3396 4593 3567 4640 τοίνυν
3623 4593 3715 4647 τήν
3762 4590 3932 4641 σιωπὴν

2368 4681 2460 4726 τοῦ
2506 4676 2767 4749 μάρτυρος
2813 4680 3220 4748 καταφρόνησιν,
3268 4678 3390 4750 ὅπερ
3442 4677 3525 4743 ἧν,
3579 4683 3810 4749 νομίσας,
3856 4673 3937 4743 βα·

2367 4764 2559 4836 ρύτερα
2610 4761 2725 4814 κατ’
2777 4762 2933 4815 αὐτοῦ
2979 4764 3246 4831 ἐπενοεῖτο,
3303 4770 3391 4817 καὶ
3446 4774 3535 4818 τοῦ
3588 4766 3739 4829 ξύλου
3785 4772 3934 4817 τοῦτον

2368 4856 2697 4922 καταγαγὼν,
2729 4849 2811 4903 ἐπὶ
2842 4856 2899 4904 1'6
2938 4861 3115 4925 τεῖχος
3146 4853 3324 4925 ἀνάγει
3349 4859 3439 4906 καὶ
3472 4851 3569 4907 δύο
3597 4859 3741 4917 τινὰς
3768 4854 3936 4918 λίθους,

2368 4943 2424 4991 τὸ
2463 4942 2676 5011 μέγεθος
2724 4947 3029 5011 μεγίστους,
3063 4941 3242 5015 βαρεῖς
3272 4948 3366 5001 τὴν
3396 4943 3575 5009 ὁλκήν,
3620 4948 3711 4997 τόν
3758 4947 3843 5015 μὲν
3865 4946 3938 4993 τοῦ

2365 5028 2656 5100 τραχήλου,
2706 5032 2792 5081 τόν
2844 5026 2902 5082 δε
2941 5039 3037 5082 τῶν
3093 5027 3269 5083 ποδῶν
3318 5028 3573 5097 ἐκδήσας,
3613 5037 3704 5085 καὶ
3744 5034 3941 5103 σχοινίῳ

2366 5116 2518 5169 πάλιν
2588 5121 2674 5169 τὸν
2727 5121 2969 5193 μάρτυρα
3048 5117 3316 5181 διαζώσας
3393 5126 3644 5196 μετέωρον
3708 5120 3809 5173 ἀπὸ
3868 5122 3943 5169 τοῦ

2366 5210 2578 5275 τείχους
2626 5206 2863 5277 ἀφίησιν,
2898 5210 3036 5269 ὅπως
3085 5217 3154 5279 τῷ
3203 5217 3301 5261 τῶν
3353 5209 3507 5262 λίθων
3553 5209 3709 5284 βάρει
3753 5218 3847 5263 τῶν
3872 5225 3942 5279 με·

2365 5292 2463 5344 λῶν
2512 5290 2937 5347 διασπασθέντων
2987 5297 3147 5366 αὐτῷ,
3178 5297 3368 5369 βιαίως
3414 5303 3507 5357 τήν
3559 5299 3748 5369 ψυχὴν
3806 5294 3949 5369 ἀπορ·

2364 5380 2518 5453 ῥήξῃ.
2554 5380 2689 5434 Ἀλλ’
2716 5381 2868 5443 ὄντως
2898 5382 2981 5436 ἐπὶ
3014 5390 3118 5450 σοὶ,
3153 5388 3327 5458 Κύριε,
3360 5386 3567 5454 ήλπισε,
3606 5392 3695 5440 καὶ
3726 5387 3785 5439 οῦ
3809 5402 3949 5455 κατησ
