4142 6278
234 313 363 370 6L9

1444 331 1791 393 MAHTYRX
1801 335 1922 393 UM'

1945 335 2004 393 Β.
2047 336 2448 397 SEVERIANI.
3519 357 3633 412 660

240 443 495 510 σχύνθη.
548 441 606 494 Ἡ
657 445 746 516 μὲν
797 447 898 518 γὰρ
947 456 1045 499 τῶν
1097 451 1257 521 μελῶν
1313 450 1602 521 διάπλασις
1650 469 1740 522 τῆς
1791 463 1843 514 οἰ

1980 463 2228 534 pudore.
2246 468 2394 520 Nam
2407 467 2811 525 membrorum
2830 471 3073 542 quidem
3092 472 3283 532 forma
3297 491 3333 533 a
3349 491 3459 534 sua
3469 493 3631 537 com-

237 533 395 590 κείας
447 529 708 602 ἁρμοσίας
763 530 1020 588 διεσπᾶτο
1072 545 1161 591 καὶ
1204 546 1269 594 τὰ
1333 543 1465 597 ὀστᾶ
1510 556 1609 600 τῶν
1660 559 1867 621 σαρκῶν

242 614 580 689 ἐγυμνοῦτοο
633 623 662 679 ἡ
718 619 776 674 δὲ
824 631 1123 701 προαίρεσις
1171 632 1300 693 ὅλως
1353 630 1414 691 ἦν
1465 635 1691 699 ἀπαθής.
1748 646 1868 690 Δια-

241 708 455 767 παίζων
519 706 577 761 δὲ
624 711 780 763 αὐτόν
830 715 1020 768 ἄνωθεν
1065 723 1151 770 καὶ
1199 721 1224 770 ὁ
1275 727 1494 784 Λυσίαςο
1546 724 1865 798 ’Υπόμεινοη

244 796 414 868 ἔλεγε,
461 805 754 871 Σευηριανὲ,
790 805 938 874 τάχα
977 808 1078 880 γὰρ
1130 808 1262 860 οὑτω
1310 815 1453 886 παρὰ
1497 824 1569 886 τῷ
1622 796 1696 886 agt”)
1740 821 1870 884 Xpr‘

255 893 368 955 στῷ
415 891 503 939 xui
549 889 574 939 6
617 893 807 960 μισθός
855 912 938 944 σοι
983 897 1170 966 μείζων
1221 905 1511 970 γενήσεται,
1557 904 1614 957 Ὀ
1663 908 1860 980 μάρτυς

255 970 318 1025 δὲ
359 981 449 1028 καὶ
497 977 740 1031 ἐκλείπων
780 978 910 1043 ἤδη,
963 991 1051 1036 και
1093 990 1221 1059 πρὸς
1266 989 1553 1054 τελευταίας
1602 993 1858 1056 ἀναπνοὰς

255 1063 344 1129 ὧν,
405 1065 464 1116 Εἰ
534 1064 697 1137 ᾔδεις,
773 1070 931 1142 ἔλεγε,
990 1076 1222 1145 τύραννε,
1282 1083 1397 1131 τίνα
1453 1102 1542 1152 μοι
1603 1084 1856 1156 προξενεῖς

257 1149 374 1202 ἀντὶ
415 1155 622 1222 τούτου,
666 1157 998 1229 ἐπεθύμησας
1043 1161 1102 1213 ἂν
1152 1167 1215 1216 τὰ
1263 1169 1359 1219 ἴσα
1401 1175 1488 1221 καὶ
1532 1171 1686 1234 αὑτός
1732 1174 1854 1224 ὑπο-

259 1248 486 1298 στῆναι’
544 1247 594 1294 τὶ
653 1241 824 1302 δηλῶν
879 1251 1123 1318 ἐντεῦθεν,
1179 1256 1260 1306 ὅτι
1308 1262 1397 1308 καὶ
1456 1263 1704 1330 μειζόνων
1764 1260 1856 1316 διὰ

254 1333 488 1399 Χριστόν
535 1331 699 1384 ἄλλων
748 1335 944 1407 ἠφίετο.
997 1343 1295 1414 Θαυμάζων
1353 1352 1522 1399 τοίνυν
1573 1352 1599 1401 ὁ
1651 1356 1856 1414 Λυσίας

250 1415 335 1468 ἐπὶ
381 1425 443 1490 τῇ
494 1423 724 1494 τοσαύτῃ
765 1433 854 1476 τοῦ
887 1424 1077 1502 ἀνδρὸς
1127 1432 1356 1506 ὑπομονῇ
1403 1455 1457 1488 τε
1504 1443 1593 1490 καὶ
1620 1446 1856 1509 γενναιό-

249 1525 394 1573 τητι,
425 1513 514 1559 καὶ
560 1509 793 1580 μάλιστα
837 1512 911 1585 ἐφ’
968 1518 1046 1578 οἷς
1094 1519 1345 1594 εὐκαίρως
1392 1525 1544 1590 οὑτω,
1576 1532 1746 1580 καίτοι
1793 1549 1852 1600 γε

249 1597 509 1657 τοιούτοις
567 1597 939 1672 ἀπειλημμένος
991 1615 1190 1673 κακοῖς,
1254 1609 1594 1686 ἀπεκρίνατο·
1651 1597 1841 1688 ”ῼμην,

249 1684 369 1754 ἔφη,
425 1692 719 1758 Σευηριανὲ,
779 1687 994 1750 ἰδιώτην
1047 1692 1175 1748 εἷναί
1253 1718 1329 1765 σε,
1382 1706 1472 1754 καὶ
1523 1708 1845 1776 γραμμάτων

1979 566 2132 621 page
2152 553 2558 624 divellebatur,
2579 562 2635 612 et
2652 573 2791 616 ossa
2807 559 3194 617 nudabantur
3215 565 3626 632 carnibus,vo-

1975 637 2174 696 luntas
2203 647 2402 698 autem
2426 649 2483 698 et
2504 644 2758 702 liberum
2790 647 2974 703 animi
2991 648 3323 708 institutum
3349 660 3474 711 erat
3503 671 3629 712 om-

1977 729 2116 783 nino
2145 730 2494 801 impatibile.
2521 736 2666 790 Eum
2693 741 2894 792 autem
2936 753 3007 792 ex
3037 737 3155 794 alto
3175 738 3494 798 ludiﬁcans
3526 746 3630 816 Ly.

1973 816 2086 871 sias
2119 833 2134 872 :
2160 819 2421 886 Sustine,
2447 822 2702 890 dicebat,
2733 825 3064 902 Severiane,
3085 826 3330 884 fortasse
3359 831 3519 886 enim
3546 832 3630 888 sic

1970 905 2134 977 apud
2174 907 2464 964 Christum
2499 911 2608 966 erit
2639 911 2741 966 tibi
2772 912 2966 984 major
2997 930 3245 970 merces.
3280 919 3497 990 Martyr
3525 935 3629 976 au-

1968 997 2087 1078 tem
2116 1009 2255 1050 cum
2282 997 2410 1066 jam
2441 997 2730 1063 deﬁceret,
2763 1004 2818 1054 et
2847 1007 3178 1057 extremum
3214 1010 3416 1073 ageret
3448 1007 3627 1078 spiri-

1967 1067 2112 1153 tum,
2146 1083 2206 1138 Si
2241 1084 2438 1150 scires,
2480 1093 2754 1158 tyranne,
2783 1088 3040 1156 dicebat,
3065 1067 3346 1162 quaenam
3379 1067 3500 1165 pro
3532 1096 3626 1152 his

1966 1170 2114 1225 mihi
2145 1173 2447 1239 concilies,
2489 1174 2618 1246 ipse
2657 1191 2893 1248 quoque
2940 1177 3316 1236 desiderares
3366 1184 3490 1254 pati
3528 1200 3624 1240 ea-

1964 1259 2099 1312 dem
2129 1278 2142 1318 :
2172 1260 2321 1330 quid
2347 1262 2511 1317 aliud
2530 1263 2670 1318 hinc
2698 1263 3065 1332 signiﬁcans,
3089 1282 3274 1338 quam
3303 1271 3469 1340 quod
3496 1287 3618 1330 ma-

1959 1361 2094 1433 jora
2120 1349 2399 1418 cupiebat
2424 1357 2664 1422 propter
2694 1352 2992 1408 Christum
3015 1355 3042 1410 ?
3066 1355 3386 1412 Admirans
3424 1359 3623 1432 itaque

1967 1435 2166 1505 Lysias
2200 1442 2427 1493 tantam
2457 1439 2508 1510 ej
2522 1456 2586 1493 us
2612 1439 2986 1498 tolerantiam
3019 1448 3077 1499 et
3104 1444 3532 1516 fortitudinem,
3566 1453 3624 1506 et

1961 1525 2215 1579 maxime
2236 1527 2398 1597 quod
2429 1532 2550 1582 tam
2575 1534 2934 1600 opportune,
2957 1530 3195 1588 etiamsi
3221 1534 3442 1590 talibus
3462 1541 3623 1593 esset

1957 1612 2130 1667 malis
2147 1613 2502 1685 implicatus,
2526 1617 2956 1688 respondisset,
2976 1620 3428 1693 Existimabam,
3450 1625 3620 1682 Seve-

1958 1700 2142 1769 riane,
2183 1701 2395 1774 inquit,
2426 1708 2480 1759 te
2504 1719 2632 1760 esse
2671 1705 2976 1762 hominem
3009 1708 3219 1764 rudem
3251 1717 3308 1766 et
3336 1711 3617 1780 ignarum

253 1769 587 1843 ἀπαίδευτον,
634 1777 719 1828 οἶα
767 1787 1058 1852 σρατιωτην
1114 1788 1254 1856 ὄντα,
1300 1793 1388 1841 καὶ
1437 1796 1552 1865 περὶ
1605 1793 1843 1866 πολέμοις

1955 1769 2302 1856 litterarum,
2354 1798 2415 1847 ut
2447 1794 2550 1865 qui
2584 1795 2664 1849 sis
2709 1793 2901 1862 miles,
2938 1801 2994 1852 et
3021 1795 3082 1851 in
3109 1797 3267 1854 bello
3296 1769 3618 1872 tevsemper

253 1859 332 1912 ἀεὶ
373 1863 760 1935 γυμναζόμενον
787 1883 797 1894 °
833 1867 939 1920 ἀλλ“
979 1874 1048 1934 ὡς
1090 1875 1213 1946 όρῶ,
1258 1877 1418 1938 πολὺς
1463 1859 1510 1931 εί
1548 1886 1640 1939 τὴν
1683 1859 1845 1954 γλῶτ-

253 1966 364 2013 ταν,
417 1957 506 2004 xui
559 1953 718 2024 λέγειν
765 1957 1195 2033 ῥητορικώτατος.
1245 1970 1382 2037 Πρός
1437 1976 1600 2022 ταῦτα
1656 1971 1845 2024 ὑπολα-

254 2033 353 2087 ϐὼν
407 2040 432 2090 ὁ
475 2040 637 2111 ἅγιος
671 2042 728 2095 Ὀ
780 2050 923 2112 Θεὸς,
957 2055 1135 2120 φησὶν,
1416 2056 1663 2131 λατρεύω,
1713 2062 1846 2114 ὑπο-

253 2130 557 2183 στήσασθαι
600 2135 770 2186 πάντα
817 2131 1041 2200 δυνατός
1070 2140 1157 2206 ὢν,
1194 2140 1253 2193 ἂν
1302 2141 1519 2205 ἰδιώτην
1566 2147 1719 2222 λάϐῃ,
1757 2170 1846 2202 σο-

251 2217 337 2283 φόν
383 2214 747 2291 ἀπεργάζεται,
791 2222 850 2274 ἂν
900 2222 1088 2295 δειλόν,
1136 2228 1371 2303 ἀνδρεῖον
1417 2244 1571 2303 ποιεῖ,
1615 2238 1674 2290 ἂν
1722 2259 1852 2311 μογ-

246 2301 452 2372 γιλάλον
526 2312 613 2359 καὶ
689 2307 1130 2383 βραδύγλωσσον,
1184 2301 1401 2391 εὔφωνον
1475 2301 1677 2400 ῥήτορα
1722 2301 1849 2381 ’καὶ

247 2390 448 2462 κομψὸν
505 2392 859 2454 ἀναδείκνυσι.
921 2409 1099 2456 Ταῦτα
1165 2404 1294 2474 εἶπε,
1352 2417 1440 2464 καὶ
1507 2413 1694 2488 βραχὺ
1753 2421 1844 2478 τὰς

246 2487 430 2551 χεῖρας
488 2479 819 2557 διανασχὼν,
875 2491 1194 2566 Εὑχαριστῶ
1241 2515 1344 2563 σοι,
1401 2479 1557 2575 Κύριέ
1609 2479 1658 2554 ό⁷
1691 2510 1840 2571 Θεὸς,

247 2570 358 2638 ἔφη,
419 2572 501 2622 ὃτι
557 2571 842 2646 ἐνίσχυσάς
913 2599 992 2650 με,
1055 2588 1145 2636 καὶ
1199 2586 1316 2638 ἔθου
1392 2589 1538 2652 τόξον
1607 2591 1841 2662 χαλκοῦν

244 2660 359 2719 τοὺς
419 2657 711 2733 βραχίονάς
760 2685 881 2737 μου,
935 2675 1021 2722 καὶ
1083 2670 1283 2746 ἐῤῥύσω
1351 2681 1445 2735 τὴν
1499 2678 1684 2751 ψυχήν
1738 2702 1838 2754 μου

247 2743 344 2798 ἀπὸ
389 2745 601 2810 ἀσεϐοῦς
643 2753 921 2825 ῥομφαίας,
968 2757 1068 2810 ἀπὸ
1105 2743 1321 2833 ἐχθρῶν
1366 2775 1460 2828 τῆς
1507 2775 1686 2842 χειρός
1720 2743 1839 2846 σου,

244 2839 332 2886 καὶ
388 2835 487 2888 ἀπό
540 2848 638 2890 τῶν
707 2841 1116 2916 ἐπανισταμένων
1184 2848 1260 2901 ἐπ’
1320 2853 1406 2923 ἐμὲ
1483 2857 1701 2926 ὑψωσάς
1753 2881 1839 2930 με.

248 2929 347 2976 Καὶ
421 2933 506 2975 νῦν
586 2926 633 2977 ἐν
715 2938 825 2990 ταῖς
876 2933 1053 2993 αύλαῒς
1136 2955 1249 2999 σου,
1304 2945 1558 3009 Δέσποτα,
1609 2945 1658 2995 ἐν
1731 2956 1839 3008 τοίς

248 3010 460 3082 ἀγαθοῖς
514 3023 603 3066 τοῦ
661 3020 804 3068 οἴκου
865 3039 958 3071 σου
1011 3029 1419 3082 κατασκήνωσόν
1469 3049 1569 3101 με·
1629 3035 1710 3085 ὅτι
1760 3036 1839 3086 εύ-

248 3106 589 3172 φραινομένων
663 3107 865 3158 πάντων
935 3110 965 3166 ἡ
1030 3118 1272 3165 κατοικία
1341 3115 1388 3167 ἐν
1468 3125 1570 3174 σοί,
1631 3126 1910 3204 Ταύτηνρ

250 3195 425 3261 Κυρίῳ
454 3195 546 3249 τὴν
578 3193 734 3264 εὐχὴν
781 3194 1030 3263 ἀποδούς,
1064 3201 1212 3264 εὐθὺς
1244 3204 1384 3275 αύτῷ
1435 3207 1838 3264 συναποδίδωσι

244 3283 333 3329 καὶ
407 3282 465 3330 τό
536 3290 756 3353 πνεῦμα,
835 3287 1045 3346 ἓννάτην
1123 3295 1236 3344 τότε
1315 3303 1406 3346 τοῦ
1491 3299 1836 3372 Σεπτεμϐρίου

242 3369 406 3438 μηνὸς
433 3369 663 3439 ἄγοντος.

316 3454 391 3510 ϐ’.
424 3463 497 3528 Τῇ
546 3454 604 3510 δὲ
648 3459 783 3525 ἑξῆς,
817 3471 915 3514 τῶν
960 3464 1180 3518 εὐσεϐῶν
1227 3489 1380 3538 τινες,
1413 3475 1488 3536 οἷς
1534 3473 1733 3538 διαζῶν
1764 3484 1834 3536 ἔτι

244 3547 308 3596 τὰ
347 3550 464 3617 περὶ
494 3554 589 3608 τῆς
625 3558 792 3621 ταφῆς
835 3553 859 3602 ό
901 3555 1102 3624 μάρτυς
1147 3555 1456 3632 ἐπέσκηψεν,
1488 3563 1574 3617 ἐπὶ
1617 3572 1674 3620 τό
1708 3571 1834 3623 αὑτὸ

244 3633 565 3696 συνελθόντες
607 3642 785 3690 καὶτὸ
833 3648 1148 3715 μαρτυρικόν
1179 3647 1371 3701 ἐκείνου
1422 3661 1574 3724 σῶμα
1622 3653 1834 3733 διαπρε-

240 3730 351 3783 πῶς
397 3725 823 3797 περιστείλαντες,
875 3735 964 3782 καὶ
1024 3732 1212 3803 ὕμνους
1267 3737 1345 3788 ἐπ’
1396 3741 1557 3812 αύτῷ,
1602 3751 1690 3798 καὶ
1735 3750 1833 3800 ὅσα

241 3818 577 3885 Χριστιανοῖς
623 3820 775 3886 νόμος
825 3816 1225 3887 διατελέσαντες,
1278 3829 1561 3892 ποθούσαις
1611 3834 1722 3906 οἶμα
1775 3834 1833 3890 δὲ

243 3898 544 3971 σεϐομέναις
589 3909 778 3977 χερσὶν
832 3905 1138 3980 ἀνελόμενοι,
1199 3909 1290 3966 δια
1333 3922 1498 3988 μέσης
1537 3928 1716 3985 νυκτὸς
1764 3925 1832 3986 εἰς

240 3993 336 4046 τὸν
367 3988 601 4063 πατρίδα
637 4001 728 4044 τοῦ
756 3997 1018 4070 μάρτυρος
1059 4000 1377 4074 ἀνεκόμιζον.
1414 4009 1551 4063 Ἐπεὶ
1597 4010 1654 4065 δε
1697 4017 1831 4066 κατά

241 4096 293 4128 τι
337 4085 535 4149 χωρίον
580 4079 842 4152 ἀφίκοντο,
875 4089 1124 4156 μηνύεται
1161 4095 1250 4162 μὲν
1298 4102 1359 4167 τῇ
1392 4098 1614 4172 πατρίδι
1644 4101 1829 4156 ἐκεῖθεν

241 4168 272 4223 ἡ
307 4175 397 4218 τοῦ
426 4167 666 4239 λειψάνου
695 4169 986 4245 ἐπιδημία·
1021 4183 1109 4230 καὶ
1138 4181 1357 4244 ἕκαστός
1399 4205 1451 4239 τε
1500 4199 1829 4264 προῦπαντᾲν

241 4254 438 4319 ἐνενόει,
489 4264 577 4310 καὶ
624 4261 752 4331 όμοῦ
804 4266 988 4326 πάντες
1040 4266 1274 4339 ἐξῄεσαν,
1308 4280 1395 4325 xui
1443 4275 1617 4340 οὐδεὶς
1672 4278 1732 4338 ἦν
1779 4282 1828 4342 ὃς

240 4343 333 4395 οὐκ
374 4347 566 4416 ἐφοίτα,
601 4348 657 4399 ού
684 4353 868 4422 γέρων,
901 4353 959 4403 ού
997 4363 1132 4420 παῖς,
1165 4357 1258 4408 οὑκ
1305 4358 1541 4432 ἀσθενὴς,
1577 4366 1635 4417 οῦ
1680 4373 1828 4440 φύσει

241 4429 478 4504 βραδύς·
516 4434 621 4486 ἀλλ’
668 4437 882 4498 ἕκαστος
925 4446 1264 4513 προαρπάσαι
1311 4452 1404 4505 τὴν
1448 4451 1679 4523 εὐλογίαν
1728 4457 1829 4511 ἐνό-
1860 4483 1906 4539 D

311 4521 338 4539 ι-
492 4527 500 4537 ο
684 4525 694 4539 ’
792 4529 812 4539 λ
840 4529 851 4539 ’
1052 4538 1058 4539 ν
1125 4530 1141 4539 “
1220 4532 1231 4539 ’
1271 4536 1280 4539 ‘

240 4521 380 4592 μιζε,
439 4527 590 4593 μόνον
653 4525 696 4575 εἰ
750 4529 960 4596 φθάσειε
1005 4538 1077 4600 τῷ
1125 4530 1350 4606 λειψάνῳ
1405 4548 1824 4612 προϋπαντήσας.

244 4611 394 4659 Οὕτω
450 4615 618 4662 τοίνυν
673 4612 910 4665 ἁπάντων
979 4620 1070 4668 σὺν
1145 4624 1409 4698 προθυμίᾳ
1446 4611 1822 4705 ἐπειγομένων,

243 4693 430 4748 δούλου
509 4701 772 4760 τεθνεῶτος
827 4703 1050 4776 σύζυγος
1124 4693 1451 4769 ὑπολέλειπτο
1521 4693 1651 4790 μόνη
1726 4693 1827 4796 (ιι-εέ

239 4784 530 4842 τελευτηκει
575 4789 673 4862 γάρ
716 4808 794 4852 τις
821 4795 935 4843 κατ’
985 4793 1140 4848 ἐκεῖνο
1189 4811 1372 4874 καιροῦ
1416 4815 1514 4858 τῶν
1558 4820 1649 4864 τοῦ
1695 4819 1826 4890 μάρ-

237 4893 394 4946 τυρος
441 4876 688 4948 οἱκετῶν)·
721 4884 808 4932 καὶ
853 4878 912 4939 ἧν
956 4892 1015 4956 τῇ
1049 4894 1257 4956 γυναικὶ
1286 4897 1448 4966 πικρά
1488 4901 1673 4967 πάντα,
1709 4907 1739 4964 ἦ
1771 4876 1826 4959 τε

234 4969 327 5014 τοῦ
371 4961 556 5038 ἀνδρὸς
604 4965 770 5038 ζημία
798 4975 887 5022 καὶ
933 4973 962 5030 ἡ
1011 4983 1100 5026 τοῦ
1147 4982 1566 5051 παρακαλοῦντος
1613 4994 1821 5065 ἐρημία,

235 5056 327 5103 καὶ
357 5055 413 5104 τὸ
439 5058 510 5124 μὴ
544 5056 681 5125 ἔχειν
713 5058 849 5120 ὅπως
879 5061 949 5122 εἰς
979 5064 1263 5124 ὑπάντησιν
1293 5075 1382 5123 καὶ
1414 5075 1543 5134 αὐτη
1576 5084 1820 5145 συνεξίοι.
1859 5075 1864 5082 ’

235 5145 380 5198 Μόνη
427 5147 596 5194 τοίνυν
644 5142 788 5197 ἔνδον
832 5149 1214 5222 ὑπολειφθεῖσα,
1248 5156 1426 5220 ἐπειδὴ
1474 5163 1694 5226 ἐζήτησε
1738 5178 1822 5227 τὸν

234 5230 655 5302 παρακαλοῦντα,
688 5240 776 5286 xui
824 5236 928 5308 οὑχ
975 5240 1187 5312 ὑπῆρξε,
1220 5251 1307 5296 καὶ
1339 5253 1425 5301 τόν
1472 5254 1818 5316 συλλυπούιιε-

233 5336 340 5383 νον,
365 5325 455 5372 xui
488 5321 581 5372 οὑκ
620 5323 754 5396 εὗρε,
784 5328 1108 5400 παραθεμένη
1139 5335 1224 5382 τόν
1248 5343 1339 5386 τοῦ
1387 5341 1619 5413 συζύγου
1649 5317 1820 5423 νεκρόν

234 5403 496 5474 ἐκόπτετο,
551 5412 763 5479 ἔστενεν,
818 5413 1124 5488 ὠλοφύρετο,
1183 5422 1267 5474 οἷα
1319 5424 1474 5484 ζῶντι
1524 5441 1596 5502 τῷ
1643 5403 1820 5499 τεθέδη-

306 5577 325 5612 ⁷
360 5579 507 5634 Psal.
541 5595 671 5646 xvn,
704 5586 771 5637 36
794 5600 962 5657 seqq.

520 5685 762 5746 Ριτιιοι..
791 5690 896 5748 ϐε..
929 5692 1085 5752 CXV.

1955 1879 2328 1935 exercueris:
2365 1882 2490 1948 sed,
2526 1887 2589 1937 ut
2629 1882 2827 1949 video,
2860 1899 2922 1939 es
2953 1884 3248 1940 facundus
3276 1891 3334 1942 et
3376 1903 3617 1949 summa

1947 1966 2014 2023 .vi
2041 1966 2281 2023 dicendi
2311 1969 2613 2040 praeditus.
2645 1973 2735 2027 Ad
2765 1971 2896 2028 haec
2921 1975 3288 2045 respondens
3327 1983 3612 2040 sanctus:

1956 2055 2134 2120 Deus,
2182 2057 2394 2128 inquit,
2444 2060 2539 2114 cui
2606 2075 2717 2129 ego
2767 2060 2984 2126 servio,
3034 2062 3138 2134 qui
3185 2068 3376 2134 potest
3421 2064 3611 2123 facere

1960 2149 2022 2199 ut
2045 2147 2249 2201 omnia
2277 2146 2633 2214 consistant,
2654 2164 2793 2204 cum
2821 2148 2894 2204 sit
2911 2149 3322 2222 omnipotens,
3343 2153 3392 2208 si
3420 2155 3610 2212 virum

1957 2231 2169 2288 rudem
2188 2236 2500 2308 acceperit,
2530 2251 2666 2292 eum
2687 2236 2880 2293 reddit
2900 2237 3233 2309 sapientem
3263 2257 3276 2307 ;
3302 2241 3350 2296 si
3376 2248 3608 2299 mutum

1945 2321 2258 2393 tardaeque
2287 2329 2342 2378 et
2371 2322 2762 2396 impeditioris
2791 2326 3024 2395 linguae,
3056 2343 3191 2383 eum
3225 2327 3401 2384 efﬁcit
3430 2330 3610 2387 diser-

1960 2415 2085 2465 tum
2148 2417 2204 2466 et
2251 2411 2580 2482 elegantem
2623 2419 2938 2470 oratorem.
2974 2415 3110 2470 Haec
3166 2415 3314 2472 dixit
3358 2423 3414 2473 et
3469 2434 3608 2476 cum

1957 2513 2175 2554 manus
2204 2500 2512 2570 paululum
2529 2501 2888 2558 extendisset
2910 2520 2924 2558 :
2947 2507 3072 2572 Ago
3095 2503 3220 2570 tibi,
3241 2504 3454 2576 inquit,
3477 2521 3609 2575 gra-

1956 2585 2086 2654 tias,
2109 2590 2355 2643 Domine
2377 2590 2551 2655 Deus,
2568 2591 2733 2661 quod
2758 2607 2853 2646 me
2878 2591 3328 2656 conﬁrmasti,et
3356 2595 3606 2666 posuisti

1951 2690 2159 2731 arcum
2207 2692 2442 2732 aeneum
2471 2678 2720 2734 brachia
2749 2695 2902 2744 mea,
2963 2684 3020 2734 et
3048 2681 3309 2752 eripuisti
3339 2682 3604 2740 animam

1952 2780 2149 2820 meam
2169 2765 2245 2821 ab
2269 2765 2459 2837 impia
2477 2766 2850 2839 rhomphaaa,
2873 2767 2950 2823 ab
2974 2769 3224 2824 inimicis
3249 2786 3466 2827 manus
3488 2778 3603 2828 tuas

1950 2858 2006 2907 et
2026 2853 2104 2908 ab
2128 2855 2198 2908 iis
2228 2855 2331 2924 qui
2361 2855 2751 2925 insurgebant
2777 2857 3064 2912 adversus
3093 2874 3186 2913 me
3207 2858 3463 2914 extulisti
3483 2877 3602 2916 me.

1952 2943 2017 2993 Et
2054 2956 2212 2995 nunc
2255 2943 2314 2995 in
2344 2942 2505 2998 atriis
2555 2945 2688 3009 tuis,
2737 2945 3004 3012 Domine,
3050 2946 3108 2998 in
3157 2945 3333 3001 bonis
3381 2946 3600 3002 domus

1951 3031 2065 3081 tua;
2093 3028 2318 3085 colloca
2357 3046 2474 3087 me.
2506 3032 2796 3096 Quoniam
2828 3032 3166 3088 laetantibus
3196 3034 3476 3090 omnibus
3505 3036 3600 3091 ha-

1952 3116 2156 3171 bitatio
2196 3123 2282 3171 est
2317 3117 2378 3173 in
2416 3124 2470 3173 te
2508 3121 2554 3173 ⁷.
2592 3121 2738 3175 Cum
2792 3122 2900 3176 has
2941 3137 3140 3193 preces
3178 3121 3460 3180 edidisset
3489 3125 3603 3180 Do-

1950 3205 2132 3269 mino,
2168 3205 2345 3260 simul
2369 3207 2547 3261 etiam
2583 3208 2635 3262 ei
2663 3209 2855 3264 reddit
2884 3211 3154 3281 spiritum
3186 3226 3348 3268 nona
3377 3214 3602 3269 mensis

1949 3292 2329 3364 Septembris.

2015 3487 2099 3543 IX.
2143 3488 2422 3560 Sequenti
2463 3491 2660 3544 autem
2700 3489 2794 3544 die
2833 3489 3081 3561 quidam
3113 3507 3184 3546 ex
3214 3492 3344 3564 piis,
3387 3495 3602 3567 quibus

1945 3582 2171 3648 martyr
2196 3578 2363 3632 vivus
2411 3593 2583 3633 suam
2625 3579 2944 3635 mandarat
2990 3580 3379 3650 sepulturam,
3423 3583 3603 3638 simul

1941 3665 2382 3730 convenientes,
2406 3681 2544 3721 cum
2566 3668 2952 3737 martyricum
2970 3667 3114 3726 illud
3137 3685 3353 3741 corpus
3370 3672 3602 3740 magni-

1943 3750 2051 3806 ﬁce
2078 3753 2573 3824 composuissent,
2593 3759 2649 3809 et
2669 3770 2846 3826 super
2871 3754 2932 3809 id
2953 3756 3209 3826 hymnos
3231 3758 3595 3825 cecinissent,

1942 3845 1996 3895 et
2022 3856 2392 3912 quaecunque
2440 3841 2628 3897 solent
2658 3841 2972 3902 Christiani
3018 3846 3406 3915 peregissent,
3447 3847 3600 3903 desi-

1940 3928 2287 3985 derantibus
2335 3930 2515 3986 simul
2569 3937 2626 3986 et
2668 3930 2996 3988 colentibus
3043 3934 3321 3990 manibus
3373 3935 3598 3992 elatum

1943 4019 2138 4075 media
2155 4023 2323 4075 nocte
2344 4019 2604 4075 tulerunt
2620 4019 2678 4074 in
2705 4021 2960 4091 patriam
2987 4023 3283 4093 martyris.
3315 4024 3466 4080 Cum
3493 4040 3598 4081 au-

1941 4116 2054 4164 tem
2091 4109 2386 4162 venissent
2431 4106 2491 4162 in
2538 4108 2865 4178 quemdam
2906 4108 3124 4171 locum,
3158 4110 3318 4166 illinc
3349 4112 3596 4182 quidem

1942 4196 2148 4266 patrias
2196 4194 2558 4262 signiﬁcatur
2598 4195 2886 4250 adventus
2917 4197 3317 4268 reliquiarum.
3369 4200 3600 4269 Cogita-

1939 4284 2042 4337 bat
2071 4297 2208 4336 vero
2249 4281 2658 4352 unusquisque
2708 4283 2792 4336 eis
2848 4285 2929 4337 ire
2960 4284 3200 4339 obviam
3235 4304 3247 4352 ;
3292 4291 3349 4342 et
3382 4303 3593 4344 omnes

1939 4370 2114 4424 simul
2143 4369 2361 4437 egressi
2393 4373 2550 4432 sunt,
2598 4385 2791 4441 neque
2842 4371 2949 4425 fuit
2991 4371 3162 4438 ullus,
3193 4375 3295 4444 qui
3327 4390 3447 4430 non
3494 4392 3592 4431 ve—

1939 4465 2086 4514 nent
2125 4478 2138 4513 :
2173 4473 2294 4513 non
2343 4473 2545 4527 senex,
2578 4473 2699 4512 non
2744 4475 2911 4529 puer,
2968 4475 3089 4514 non
3127 4460 3424 4530 inﬁrmus,
3471 4480 3594 4521 non

1935 4552 2152 4603 natura
2203 4545 2410 4602 tardus
2447 4562 2462 4612 ;
2495 4545 2599 4600 sed
2651 4547 3035 4604 existimabat
3083 4551 3500 4623 unusquisque
3531 4569 3592 4609 se

1934 4641 2365 4708 praarepturum
2406 4649 2536 4690 esse
2575 4635 3071 4707 benedictionem,
3108 4637 3159 4691 si
3207 4642 3389 4694 modo
3428 4641 3590 4712 prius

1932 4728 2287 4782 occurrisset
2310 4724 2589 4795 reliquiis.
2621 4725 2712 4782 Sic
2735 4739 2875 4796 ergo
2905 4724 3188 4779 omnibus
3215 4727 3484 4783 alacriter
3507 4728 3594 4784 fe-

1935 4816 2313 4884 stinantibus,
2343 4814 2557 4868 mortui
2581 4815 2734 4868 servi
2771 4813 2986 4882 conjux
3017 4814 3145 4868 sola
3173 4815 3376 4871 relicta
3401 4815 3594 4872 fuerat

1932 4905 2293 4976 (decesserat
2337 4903 2494 4958 enim
2543 4917 2613 4956 eo
2672 4908 2934 4972 tempore
2991 4902 3237 4971 quidam
3285 4919 3356 4958 ex
3405 4906 3590 4960 servis

1933 4993 2245 5065 martyris),
2307 4998 2590 5061 erantque
2642 4991 2813 5044 uxori
2862 4991 3077 5045 acerba
3117 4993 3338 5060 omnia,
3396 4995 3590 5050 mariti

1931 5085 2244 5145 damnum,
2275 5085 2330 5134 et
2359 5079 2486 5150 ejus
2517 5078 2614 5149 qui
2655 5094 2789 5132 eam
2825 5078 3244 5143 consolaretur,
3281 5079 3538 5136 solitudo
3572 5099 3585 5138 :

1932 5177 1987 5228 et
2011 5172 2172 5243 quod
2204 5168 2451 5224 nesciret
2477 5183 2745 5238 quonam
2795 5167 2976 5220 modo
3003 5171 3202 5236 posset
3235 5165 3318 5221 ire
3347 5166 3588 5226 obviam

1933 5261 2195 5331 martyri.
2241 5257 2372 5314 Sola
2398 5272 2538 5327 ergo
2565 5254 2721 5309 intus
2753 5253 2979 5320 relicta,
3016 5254 3303 5325 quoniam
3335 5258 3567 5327 quaesiit

1931 5350 2030 5422 qui
2074 5365 2203 5405 eam
2245 5345 2669 5406 consolaretur.
2721 5348 2778 5397 et
2829 5358 2946 5396 non
3001 5341 3127 5408 fuit,
3167 5347 3222 5396 et
3264 5344 3366 5414 qui
3415 5347 3588 5402 simul

1934 5441 2168 5501 doleret,
2220 5442 2277 5491 et
2323 5450 2440 5490 non
2491 5430 2731 5495 invenit,
2767 5429 2989 5484 mortui
3027 5429 3298 5499 conjugis
3347 5447 3588 5506 corpore

3237 5705 3302 5761 21
