4142 6278
598 344 699 398 651

1912 332 2174 392 MENSIS
2213 328 2658 391 SEPTEMBEB.

3861 324 3978 382 652

583 466 899 539 “apposito,
926 464 1263 537 plangebat,
1286 463 1581 533 gemebat,
1604 461 2062 526 lamentabatur,
2094 476 2247 516 mor-

2358 463 2471 511 κότι
2505 454 2876 525 συνδιελέγετο-
2909 452 3166 525 Ἔγειραι,
3199 448 3238 501 ὦ
3282 450 3423 522 ἄνερ,
3456 450 3672 523 ἓγειραι,
3712 449 3969 521 λέγουσα·

602 563 769 611 tuum
799 554 1035 625 perinde
1058 570 1125 607 ac
1147 554 1350 606 vivum
1378 550 1790 621 alloquebatur
1818 550 2052 619 :Surge,
2074 566 2108 604 ο
2132 566 2254 603 ma-

602 645 727 707 rite,
760 658 948 710 surge,
977 642 1197 702 dicens,
1232 656 1436 693 eamus
1467 638 1703 691 obviam
1733 638 1980 691 domino
2027 645 2246 702 nostro,

600 746 672 784 ne
703 732 1007 783 videamur
1038 728 1142 782 soli
1176 728 1320 797 pigri
1351 733 1407 781 et
1438 728 1691 790 desrdes,
1720 742 1920 797 neque
1949 727 2249 797 quispiam

598 833 710 872 nos
725 817 1096 888 negligentia
1115 823 1346 869 accuset
1364 816 1422 869 in
1445 822 1717 869 nostrum
1737 816 2071 869 dominum.
2101 816 2252 868 Sen-

601 907 711 962 sim
745 914 942 961 autem
974 911 1031 959 et
1071 905 1352 973 tangebat
1381 906 1666 966 tunicam,
1700 910 1753 957 et
1793 903 2089 973 lacrymas
2112 919 2250 957 cum

597 1010 743 1051 voce
772 994 1097 1049 emittebat.
1124 993 1255 1047 Haec
1286 998 1601 1062 postquam
1630 992 1790 1046 brevi
1826 998 2089 1061 tempore
2118 1008 2251 1061 sug-

600 1083 799 1153 gessit,
840 1087 897 1137 et
944 1082 1089 1136 dixit
1141 1079 1402 1149 conjugi,
1462 1080 1641 1135 etiam
1701 1095 1919 1150 corpus
1972 1079 2250 1151 martyris

598 1187 737 1227 mox
760 1170 1312 1231 eratadventurum,
1331 1170 1641 1238 repente(o
1665 1168 2250 1235 miraculum!)vivus

599 1260 872 1325 cernitur,
933 1258 1035 1329 qui
1082 1262 1206 1311 erat
1259 1260 1543 1319 mortuus,
1600 1262 1655 1309 et
1708 1256 1778 1309 iis
1821 1256 2057 1325 abjectis
2114 1271 2249 1326 quae

598 1354 763 1405 erant
788 1348 841 1402 ei
873 1347 1170 1417 imposita,
1205 1361 1339 1400 cum
1384 1359 1444 1398 se
1480 1343 1751 1414 protinus
1779 1344 2073 1408 cinxisset,
2130 1346 2250 1413 ipse

596 1453 837 1508 quoque
872 1435 1033 1490 vadit
1063 1436 1306 1489 obviam
1351 1432 1616 1503 martyri.
1661 1432 1831 1497 Quod
1876 1433 2104 1501 insigne
2144 1434 2244 1487 mi-

597 1524 955 1587 raculorum,
981 1530 1037 1577 et
1069 1523 1200 1576 tulit
1232 1522 1461 1577 athletae
1499 1520 1901 1575 testimonium
1922 1520 1995 1574 de
2026 1522 2250 1591 majore

597 1613 724 1683 ejus
763 1612 985 1667 ﬁducia
1011 1613 1086 1665 ad
1114 1612 1451 1672 Dominum,
1485 1614 1541 1663 et
1560 1610 1635 1664 ad
1668 1610 1854 1679 majus
1892 1610 2250 1665 desiderium

600 1700 869 1755 accendit
905 1700 1167 1753 omnium
1200 1698 1453 1752 animos.
1489 1701 1612 1751 Non
1646 1699 1801 1751 enim
1829 1698 1986 1769 quod
2028 1698 2250 1752 factum

2359 549 2733 615 ὑπαντήσωμεν
2784 550 2851 611 τῷ
2900 544 3131 613 ἡμετέρῳ
3180 536 3434 611 δεσπότῃ,
3480 542 3693 611 ἐγείραι,
3748 547 3821 611 μὴ
3878 547 3973 612 μό-

2358 655 2435 685 νοι
2493 642 2721 704 φανῶμεν
2773 632 2945 689 νωθεὶς
2998 626 3134 701 μηδὲ
3185 630 3431 701 ῥᾴθυμοι,
3487 626 3625 698 μηδὲ
3686 629 3974 704 ὀλιγωρίαν

2358 742 2437 782 τις
2485 724 2630 793 ἡμῶν
2696 726 2812 793 περὶ
2886 724 2972 770 τὸν
3035 719 3219 769 οἰκεῖον
3287 722 3601 786 καταγνώτω
3660 715 3966 777 δεσπότην

2342 808 2526 883 ’ἡρέμα
2571 808 2627 861 δὲ
2677 816 2764 859 και
2812 818 3027 880 χιτῶνος
3073 810 3285 873 ἥπτετο,
3332 812 3420 856 καὶ
3472 802 3680 880 δάκρυα
3709 812 3838 878 μετὰ
3871 820 3971 871 τῆς

2360 909 2527 971 φωνῆς
2580 900 2737 970 ἠφίει,
2810 905 2987 949 Ταυτα
3044 896 3150 947 ἐπεὶ
3227 893 3438 966 βραχύν
3494 897 3667 966 ὥσπερ
3731 899 3967 949 ὑπετίθει

2358 996 2548 1062 χρόνον
2602 997 2670 1057 τῷ
2720 988 2932 1056 συζύγῳ
2982 989 3070 1035 καὶ
3124 982 3400 1054 διελέγετο,
3452 979 3559 1041 ἤδη
3610 988 3710 1055 γὰρ
3766 993 3858 1036 καὶ
3908 992 3964 1038 τό

2359 1080 2677 1149 μαρτυρικόν
2753 1084 2906 1145 σῶμα
2957 1076 3076 1125 ὅσον
3154 1070 3359 1124 οὐδέπω
3432 1070 3708 1144 ἐπιδημεῖν
3769 1076 3959 1145 ἔμελλε,

2359 1167 2460 1225 ζὼν
2508 1164 2562 1215 ἐκ
2620 1173 2709 1215 τοῦ
2760 1160 3045 1234 αἰφνιδίου,
3108 1163 3147 1211 ὠ
3206 1170 3295 1212 τοῦ
3356 1161 3650 1231 θαύματοςί
3709 1165 3735 1212 ό
3786 1168 3964 1238 νεκρὸς

2359 1256 2563 1326 ὁρᾶται,
2606 1259 2695 1304 xui
2733 1257 2797 1304 τὰ
2840 1256 3167 1323 περικείμενα
3216 1250 3398 1323 ῥίψας,
3433 1247 3834 1323 διαζωσάμενος
3884 1256 3962 1304 £5”-

2361 1345 2465 1407 θὺς,
2500 1350 2570 1411 τῷ
2614 1344 2841 1415 μάρτυρι
2883 1346 2972 1391 καὶ
3024 1341 3177 1400 αὐτὸς
3221 1345 3547 1411 προϋπηντα,
3581 1346 3760 1392 καὶτὸ
3806 1344 3967 1414 ὑπερ-

2358 1431 2540 1482 ϐάλλον
2571 1428 2726 1482 τοῦδε
2768 1438 2860 1481 τοῦ
2907 1432 3170 1500 θαύματος
3213 1428 3418 1479 πλείονα
3460 1432 3588 1499 πρὸς
3632 1434 3715 1481 τόν
3771 1435 3963 1505 Κύριον

2358 1520 2656 1594 παρρησίαν
2705 1528 2777 1589 τῷ
2837 1519 3031 1590 ἀθλητῇ
3110 1517 3404 1592 ἐμαρτύρει,
3457 1524 3546 1568 καὶ
3604 1519 3674 1579 εἰς
3746 1522 3965 1590 μείζονα

2360 1612 2517 1661 πόθον
2589 1612 2679 1670 τὰς
2756 1609 2993 1660 ἁπάντων
3073 1607 3254 1677 ψυχὰς
3342 1605 3624 1678 ἀνέφλεγεν.
3705 1608 3781 1659 Oi}

2363 1695 2798 1771 δυσπαράδεκτον
2849 1694 2909 1754 ἦν
2961 1700 3017 1748 τὸ
3067 1700 3269 1767 γεγονός
3318 1692 3431 1746 οὐδ’
3495 1696 3795 1767 ἀμφίϐολον,
3857 1699 3965 1750 ἀλλ’

3861 1613 3962 1683 γάρ

597 1790 787 1844 fuerat
835 1795 959 1843 erat
1015 1788 1308 1856 ejusmodi
1372 1793 1434 1839 ut
1478 1791 1679 1855 posset
1710 1786 1895 1854 rejici,
1953 1802 2147 1856 neque
2179 1788 2247 1841 de

2364 1786 2448 1846 οὓς
2486 1796 2581 1848 τῆς
2626 1788 2856 1845 τελευτῆς
2889 1789 3073 1846 θεατὰς
3122 1782 3254 1855 εἶχε,
3287 1790 3377 1835 xui
3426 1790 3542 1856 περὶ
3589 1789 3653 1836 τὰ
3684 1784 3968 1842 ἐπικήδεια

598 1893 668 1933 eo
700 1881 929 1949 poterat
958 1892 1089 1930 esse
1126 1876 1243 1929 ulla
1274 1874 1563 1929 dubitatio
1600 1891 1611 1928 :
1649 1876 1750 1928 sed
1790 1890 1938 1945 quos
1969 1877 2250 1930 decessus

588 1966 804 2021 7habuit
829 1970 1212 2036 spectatores,
1239 1969 1293 2018 et
1316 1962 1418 2033 qui
1442 1978 1647 2017 curam
1676 1968 1979 2031 gesserant
2005 1963 2251 2022 funeris,

595 2054 830 2109 fuerunt
854 2054 892 2107 ii
920 2068 1153 2123 quoque
1194 2057 1365 2106 testes
1396 2051 1859 2106 resurrectionis.

668 2146 727 2198 Χ.
752 2144 899 2198 Cum
929 2143 1109 2211 longo
1136 2148 1329 2196 autem
1356 2147 1623 2211 tempore
1651 2140 1973 2197 assedisset
1998 2142 2253 2196 famulus

596 2232 868 2303 sepulcro
909 2230 1214 2301 martyris,
1249 2229 1484 2284 decimo
1542 2230 1751 2300 quinto
1809 2246 1969 2285 anno
2023 2231 2099 2284 ab
2154 2231 2253 2287 illo

595 2326 883 2390 tempore,
914 2325 967 2373 et
994 2318 1173 2389 paulo
1198 2316 1351 2387 plus,
1378 2318 1505 2388 ipse
1534 2333 1776 2388 quoque
1806 2320 2050 2373 excessit
2069 2321 2250 2378 evita.

598 2412 783 2479 Atque
817 2412 958 2461 tunc
987 2407 1235 2476 quidem
1266 2406 1780 2461 considerantibus
1811 2407 2111 2472 omnibus,
2146 2410 2252 2479 qui

598 2498 677 2551 ad
714 2496 825 2550 hoc
866 2495 1208 2564 congregati
1246 2495 1501 2559 fuerant,
1538 2494 1783 2549 ubinam
1826 2495 1904 2550 ab
1974 2496 2057 2549 eis
2099 2514 2252 2552 mar-

602 2585 859 2655 tyricum
881 2599 1098 2653 corpus
1118 2584 1532 2654 deponeretur,
1554 2585 1840 2653 quoniam
1864 2584 2253 2641 dubitationis

597 2687 719 2728 non
768 2672 1025 2727 dabatur
1080 2672 1315 2736 solutio,
1361 2670 1589 2725 meliori
1629 2678 1684 2725 et
1728 2672 2000 2727 diviniori
2062 2675 2253 2745 provi-

598 2761 807 2815 dentia:
837 2760 896 2815 id
928 2760 1304 2815 statuendum
1332 2760 1715 2831 reliquerunt,
1747 2767 1802 2814 et
1846 2776 2131 2816 coronam
2182 2780 2251 2819 ex

585 2848 845 2904 ﬂoribus
876 2853 1213 2903 contextam
1268 2849 1589 2919 imponunt
1639 2848 1920 2920 reliquiis.
1983 2851 2250 2905 Protinus

601 2942 821 3003 autem,
838 2943 1123 3007 tanquam
1143 2937 1219 2991 ab
1245 2937 1445 3008 aliquo
1464 2938 1667 3002 missa,
1692 2937 1949 3007 desuper
1962 2939 2249 2993 advolans

603 3025 822 3096 aquila,
865 3026 1088 3096 accepit
1119 3040 1424 3093 coronam,
1455 3030 1511 3079 et
1550 3027 1771 3081 sensim
1792 3027 1975 3082 movit
1996 3043 2247 3098 pennas,

2365 1881 2726 1947 πονουμένους,
2783 1879 2993 1935 τούτους
3046 1880 3132 1925 καὶ
3189 1882 3281 1934 τῆς
3335 1873 3655 1935 ἀναϐιώσεως
3707 1883 3964 1931 πεποίητο

2363 1969 2643 2040 μάρτυρας.

2439 2144 2493 2197 Ι’.
2554 2148 2745 2215 Χρόνον
2803 2140 2861 2194 δὲ
2909 2152 2979 2212 τῷ
3033 2150 3121 2193 τοῦ
3165 2144 3427 2215 μάρτυρος
3476 2144 3501 2193 ό
3545 2142 3745 2201 οἰκέτης
3800 2162 3964 2216 προσ-

2344 2230 2613 2305 -εδρεύσας
2666 2234 2829 2303 ταφῳ,
2879 2236 3007 2302 μετά
3055 2236 3285 2302 πέμπτον
3333 2230 3387 2292 ἐξ
3441 2234 3629 2282 ἐκείνου
3678 2236 3811 2306 πρός
3861 2240 3964 2293 τοῖς

2366 2318 2495 2372 δέκα
2540 2324 2669 2386 ἔτος,
2721 2326 2809 2371 καὶ
2860 2320 3015 2389 ὀλίγῳ
3068 2339 3119 2370 τι
3172 2320 3340 2385 πλέον,
3395 2325 3482 2371 xui
3534 2320 3691 2380 αύτός
3748 2319 3961 2373 ἀπεϐίω.

2363 2416 2488 2461 Τότε
2564 2413 2651 2481 μὲν
2720 2406 2806 2459 οὖν
2889 2405 3348 2479 διασκοπουμένων
3421 2408 3657 2459 ἀπάντων
3730 2419 3831 2461 τῶν
3888 2412 3962 2462 ἐπὶ

2363 2502 2527 2568 τούτῳ
2584 2498 2995 2569 συνειλεγμένων,
3050 2500 3174 2549 ὅπου
3230 2500 3332 2569 ἀρα
3388 2504 3476 2549 καὶ
3532 2502 3589 2549 τό
3645 2506 3963 2574 μαρτυρικὸν

2364 2588 2540 2647 αὐτοῖς
2585 2593 2949 2639 κατακείσεται
3000 2596 3170 2659 σῶμα,
3217 2586 3323 2639 ἐπεὶ
3366 2595 3455 2638 καὶ
3503 2588 3642 2647 λύσις
3692 2597 3789 2649 τῆς
3844 2589 3961 2640 αποο

2360 2680 2477 2748 ρίας
2536 2676 2627 2726 οὐκ
2705 2674 2782 2738 ἦν,
2838 2680 3092 2747 κρείττονι
3166 2682 3248 2726 xui
3312 2678 3543 2750 θειοτέρα
3598 2684 3815 2749 προνοίᾳ
3874 2685 3958 2735 τήν

2347 2763 2530 2835 ,ψῆφον
2586 2763 2845 2830 ἀνέθεσαν,
2896 2770 2984 2815 xui
3029 2768 3271 2835 στέφανον
3320 2766 3522 2816 ἄνθινον
3574 2762 3953 2829 διαπλέξαντες,

2349 2860 2427 2920 ,τῷ
2481 2852 2704 2923 λείψοίνῳ
2754 2852 3096 2909 ἐπιτιθούσιν,
3150 2854 3347 2905 Αὐτίκα
3398 2850 3455 2904 δὲ
3501 2856 3676 2926 ὥσπερ
3724 2858 3773 2905 ἔκ
3821 2875 3953 2916 τινος

2361 2939 2651 3002 ἀποστολῆς
2701 2941 2845 3002 ἀετός
2899 2944 3087 2993 οἱνωθεν
3137 2941 3354 3001 έπιπτάς
3402 2947 3486 2993 τόν
3537 2948 3770 3015 στέφανον
3818 2944 3945 3000 εἰλή-

2359 3049 2455 3100 φει,
2490 3036 2577 3081 καὶ
2625 3033 2791 3102 ἡρέμα
2832 3035 2887 3082 τό
2942 3035 3125 3101 πτερόν
3175 3030 3347 3095 ἐκίνει,
3383 3038 3471 3083 καὶ
3508 3031 3782 3105 ἀργότερον
3828 3040 3952 3106 πρὸς

601 3120 657 3169 et
694 3130 795 3168 eas
844 3114 1045 3170 minus
1076 3115 1345 3186 pernices
1383 3115 1591 3170 habuit
1633 3115 1712 3169 ad
1750 3116 2088 3171 volandum-
2136 3119 2246 3172 Sed

2356 3124 2449 3175 τὴν
2502 3128 2693 3177 πτῆσιν
2747 3116 2905 3191 εἶχεν.
2965 3120 3118 3173 Ἀλλά
3176 3129 3245 3190 τῷ
3297 3124 3386 3190 μὲν
3448 3126 3505 3172 τό
3566 3122 3755 3182 πλῆθος
3814 3124 3949 3182 εὐθὺς

598 3203 765 3259 illam
828 3204 1072 3275 quidem
1135 3208 1336 3260 statim
1389 3205 1746 3277 sequebatur
1785 3207 2058 3278 populus.
2109 3209 2247 3277 Ipsa

600 3300 796 3347 autem
825 3293 1090 3363 quodam
1132 3292 1315 3347 modo
1360 3309 1496 3347 eum
1541 3293 1813 3359 ducebat,
1857 3300 2085 3348 tantum
2111 3301 2245 3349 ante

600 3396 702 3435 eos
726 3383 952 3444 volans,
984 3385 1045 3435 ut
1073 3396 1192 3435 non
1220 3386 1375 3435 esset
1401 3382 1652 3435 multum
1678 3388 1905 3436 remota
1933 3384 2009 3437 ab
2035 3383 2240 3436 oculis.

599 3472 666 3524 Et
695 3486 832 3524 cum
862 3469 1121 3524 venisset
1159 3470 1234 3524 ad
1267 3470 1665 3541 propinquam
1698 3471 1909 3525 silvam
1951 3477 2005 3525 et
2030 3472 2243 3526 deinde

598 3573 883 3613 coronam
911 3575 981 3612 ex
1008 3558 1127 3612 alto
1153 3559 1485 3613 demisisset
1512 3560 1569 3613 in
1592 3558 1841 3630 pulchro
1867 3560 1998 3616 loco
2025 3562 2243 3615 montis

597 3654 653 3701 et
676 3646 875 3701 volare
914 3648 1086 3717 coepit
1116 3646 1382 3711 celerius,
1421 3653 1475 3701 et
1524 3648 1784 3718 profecta
1824 3654 1911 3703 est
1952 3649 2029 3703 ad
2070 3666 2239 3705 suam

597 3734 1044 3789 habitationem.
1102 3737 1219 3788 Hoc
1274 3736 1353 3788 illi
1400 3736 1777 3805 conjicientes
1810 3739 2072 3793 divinam
2118 3756 2242 3794 esse

597 3822 1043 3883 iudicationem,
1066 3838 1202 3875 cum
1219 3823 1521 3892 voluptate
1548 3830 1604 3877 et
1634 3840 1854 3894 magno
1882 3827 2076 3880 studio
2107 3844 2243 3881 con-

598 3919 903 3965 currentes
941 3926 1173 3964 sacrum
1236 3910 1379 3964 illud
1419 3916 1474 3964 et
1528 3911 1796 3965 divinum
1851 3930 2070 3983 corpus
2128 3915 2241 3969 illic

598 4007 802 4055 sancte
832 4008 887 4056 et
916 3999 1113 4054 divine
1138 4000 1464 4069 deponunt.
1495 4002 1622 4064 Quo
1649 4002 1706 4055 in
1736 4002 1867 4056 loco
1898 4003 1955 4055 in
1985 4003 2242 4057 hordier-

596 4105 742 4145 num
784 4106 966 4161 usque
996 4090 1149 4144 diem
1182 4093 1419 4143 sanctus
1450 4090 1564 4143 illic
1604 4091 1938 4160 frequentes
1963 4098 2244 4161 Operatur

596 4182 952 4244 curationes,
1015 4184 1071 4233 et
1117 4178 1306 4233 multa
1361 4178 1666 4243 miracula,
1709 4179 1947 4234 cuilibet
2006 4182 2240 4249 roganti

593 4267 852 4338 benigne
873 4283 1189 4340 apparens,
1219 4274 1274 4322 et
1297 4267 1427 4337 ejus
1448 4283 1655 4323 curam
1678 4283 1908 4338 gerens,
1935 4270 1986 4324 in
2014 4270 2239 4327 Christo

592 4356 731 4412 Jesu
782 4358 1032 4412 Domino
1057 4363 1259 4412 nostro
1298 4371 1310 4410 :
1345 4358 1439 4410 cui
1472 4357 1659 4425 gloria
1686 4363 1737 4411 et
1769 4360 2055 4428 potentia,
2100 4377 2236 4415 cum

2356 3210 2554 3259 εἵποντο
2580 3229 2591 3239 ·
2629 3211 2653 3259 ό
2684 3206 2741 3261 δὲ
2786 3212 2889 3260 οἷον
2934 3210 3085 3269 αὐτὸς
3131 3208 3374 3281 ἀφηγεῖτο
3419 3214 3653 3280 τοσούτῳ
3701 3215 3945 3282 προιπτιί-

2354 3315 2501 3366 μενος
2546 3300 2760 3359 τούτων,
2822 3300 2926 3368 ὅσῳ
2988 3302 3058 3369 μὴ
3116 3307 3214 3349 τῶν
3272 3298 3435 3367 ὄψεων
3495 3298 3576 3350 ἐπὶ
3632 3300 3758 3350 πολὺ
3811 3298 3942 3351 διίσ-

2354 3387 2563 3436 τασθαι·
2598 3391 2682 3437 xui
2731 3385 2797 3444 δὴ
2844 3392 2971 3459 πρός
3020 3396 3077 3458 τῇ
3126 3388 3344 3444 πλησίον
3377 3388 3469 3459 ὕλῃ
3522 3395 3807 3460 γενόμενος,
3839 3386 3943 3439 εἶτα

2352 3477 2437 3524 τόν
2493 3480 2737 3546 στέφανον
2794 3475 2840 3526 ἐν
2920 3477 3057 3545 καλῷ
3139 3486 3227 3527 τού
3312 3481 3458 3547 ὅρους
3524 3476 3656 3548 ἀφεὶς
3732 3481 3936 3543 ἀνωθεν,

2352 3566 2587 3623 πτήσεως
2643 3584 2695 3615 τε
2750 3567 2938 3623 ἥπτετο
3012 3568 3328 3636 ταχυτέρας,
3382 3570 3469 3616 xui
3520 3564 3594 3614 ἐπὶ
3654 3567 3716 3613 τὰ
3767 3565 3936 3615 οἰκεῖα

2353 3655 2453 3709 ἤθη
2508 3652 2716 3726 ἐχώρει,
2765 3663 2923 3707 Τοῦτο
2975 3655 3154 3706 ἐκεῖνοι
3211 3657 3343 3706 θείαν
3406 3652 3521 3706 εἶναι
3590 3653 3925 3724 συμϐαλόντες

3180 3746 3207 3801 ἡ
3220 3740 3371 3804 δονῆς
3435 3740 3812 3816 συνδραμόντες,
3866 3747 3923 3794 τὸ

2352 3740 2620 3808 ἐπίδειξιν,
2701 3742 2904 3815 σπουδῇ

2356 3832 2485 3901 ἱερόν
2538 3830 2692 3882 ἐκεῖνο
2749 3838 2837 3882 καὶ
2892 3834 3021 3883 θεῖον
3081 3842 3233 3904 σῶμα
3314 3835 3455 3907 ἱερῶς
3511 3832 3607 3883 ἐκεῖ
3660 3838 3748 3882 καὶ
3798 3834 3937 3891 θείως

2988 3743 3100 3815 μεθ’

2351 3921 2636 3970 κατέθεντο.
2693 3920 2769 3972 Οὗ
2823 3918 2889 3978 δὴ
2944 3927 3032 3971 xui
3084 3922 3240 3981 πολύς
3314 3922 3425 3973 ἐστι
3498 3926 3659 3994 μέχρι
3714 3927 3801 3972 καὶ
3858 3930 3937 3971 νυν

2352 4008 2376 4056 ό
2456 4010 2655 4079 μάρτυς
2733 4018 2845 4070 ταῖς
2924 4012 3095 4062 ἱάσεσι
3152 4016 3239 4061 καὶ
3313 4018 3426 4070 ταῖς
3504 4012 3937 4081 θαυματουργίαις

2353 4092 2573 4166 δεομένῳ
2630 4103 2785 4148 παντὶ
2842 4099 3207 4173 φιλανθρώπως
3265 4103 3568 4171 ποιούμενος
3624 4104 3714 4161 τας
3774 4099 3936 4170 έπιςιομ

2350 4190 2505 4249 νείας,
2551 4190 2639 4235 καὶ
2691 4188 2883 4257 θερμῶς
2939 4193 3329 4259 προιστάμενος,
3390 4188 3437 4239 ἐν
3496 4196 3714 4262 Χριστῷ
3775 4190 3936 4245 Ἰησου

2884 4277 2907 4292 ν

2349 4282 2419 4343 τῳ
2467 4280 2638 4348 Κυρίῳ
2682 4278 2847 4347 ἡμῶν,
2962 4279 2991 4333 ἠ
3041 4275 3169 4338 δόξα
3217 4283 3305 4329 καὶ
3349 4282 3406 4329 τό
3451 4281 3664 4350 κράτος,
3702 4283 3796 4330 σύν
3847 4285 3936 4329 Πα-

2348 4368 2431 4435 τρὶ
2486 4369 2574 4415 καὶ
2622 4364 2753 4436 ἁγίῳ
2802 4369 3081 4438 Πνεύματι,
3134 4375 3219 4416 νῦν
3270 4371 3359 4418 xui
3416 4366 3515 4432 ἀεὶ,
3572 4373 3664 4419 xui
3716 4368 3784 4429 εἰς
3834 4374 3933 4427 τοὺς

595 4445 765 4499 Patre
821 4450 877 4499 et
932 4450 1139 4499 sancto
1179 4444 1411 4512 Spiritu,
1467 4460 1625 4498 nunc
1677 4451 1732 4499 et
1774 4462 2029 4517 semper,
2078 4456 2132 4502 et
2176 4450 2235 4505 in

2356 4450 2403 4503 ἀτ
2415 4451 2713 4515 ελευτήτους
2741 4454 2925 4515 αἰῶνας
2955 4463 3053 4506 τῶν
3084 4454 3301 4510 αἰώνων.
3327 4455 3511 4529 Ἀμήν.

593 4530 825 4587 inﬁnita
856 4531 1073 4587 smcula
1102 4530 1475 4586 saeculorum.
1520 4537 1723 4587 Amen.
