4142 6278
222 329 348 404 '653

1163 351 1604 414 MARTYRIUM
1642 355 1702 416 S.
1746 357 2164 418 MENODORE
2203 361 2290 417 ΕΤ
2327 361 2714 423 SOCIARUM.

622 675 1520 801 ΜΑΡΤΥΡΙΟΝ
1584 685 1880 802 ΤΩΝ
1950 688 2410 804 ΑΓΙΩΝ
2475 689 3243 806 ΓΥΝΑΙΚΩΝ

639 947 1347 1056 ΜΗΝΟΔΩΡΑΣ,
1413 956 2156 1045 ΜΗΤΡΟΔΩΡΑΣ
2213 964 2405 1046 ΚΑΙ.
2465 959 3264 1051 ΝΥΜΦΟΔΩΡΑΣ.

565 1354 1444 1479 MABTYBIUM
1545 1360 2424 1484 SANCTARUM
2528 1368 3291 1490 MULIERUM

450 1660 1198 1769 MENODOB/E,
1317 1665 2119 1758 METRODOR/E
2234 1671 2374 1758 ET
2482 1671 3406 1768 NYMPHODOR/E.

775 1896 978 1958 (Latine
1002 1897 1144 1962 apud
1175 1897 1388 1948 Surium
1418 1899 1485 1949 ad
1521 1899 1662 1950 diem
1694 1901 1752 1950 10
1786 1901 1930 1965 Sept.
1960 1917 1971 1959 ;
2005 1901 2181 1951 Graece
2216 1916 2281 1952 ex
2313 1902 2436 1953 cod.
2485 1918 2584 1952 ms.
2623 1903 2788 1954 Paris.
2823 1917 2876 1954 n.
2905 1905 3068 1966 1526.)

315 2257 396 2313 A'.
447 2255 588 2310 Ούδε
617 2260 853 2329 γυναιξὶν
903 2259 1026 2314 οὐδὲ
1067 2267 1249 2334 κόραις
1286 2267 1344 2314 τό
1397 2271 1492 2323 τῆς
1547 2268 1838 2338 μαρτυρίας
1870 2267 1914 2319 Α

245 2345 638 2399 ἀποκέκλεισται
685 2346 924 2418 στάδιον,
976 2350 1104 2402 ἀλλὰ
1151 2356 1241 2402 καὶ
1290 2348 1448 2404 αὗται
1488 2355 1709 2405 θανάτου
1739 2373 1839 2404 κα-

247 2444 578 2508 ταφρονοῦσι,
629 2439 1018 2498 καταπαίζουσι
1063 2439 1268 2499 τελετῆς
1316 2461 1327 2472 ·
1384 2440 1574 2511 μᾶλλον
1631 2439 1691 2492 δὲ
1747 2446 1836 2492 xui

244 2534 463 2595 τιμῶσιν
513 2525 672 2583 αὐτὴν
720 2531 808 2578 xui
863 2525 1210 2593 ἀσπάζονται,
1261 2527 1422 2585 καλὴν
1477 2527 1697 2580 ἐντεῦθεν
1749 2528 1832 2600 ip.-

244 2619 427 2686 πορίαν
507 2617 598 2671 τὴν
673 2623 772 2666 τῶν
862 2615 1087 2687 οὐρανῶν
1167 2613 1441 2687 βασιλείαν
1507 2619 1829 2688 ποιούμεναι.

241 2704 333 2752 Διά
384 2710 536 2753 τούτο
585 2707 676 2753 καὶ
732 2705 762 2760 ἡ
825 2704 1102 2774 θαυμαστὴ
1172 2712 1272 2755 τῶν
1327 2707 1588 2778 παρθένων
1665 2707 1829 2779 τριὰς,

239 2787 550 2863 Μηνοδώρα,
612 2791 766 2861 λέγω,
810 2797 899 2842 καὶ
944 2789 1283 2865 Νυμφοδὼρα
1334 2798 1422 2844 xui
1474 2791 1828 2867 Μητροδώρα,

233 2880 297 2930 τὰ
344 2887 432 2937 τῆς
480 2880 758 2949 παρθενίας
802 2881 865 2938 ὡς
920 2877 1127 2939 ἀληθῶς
1173 2876 1320 2950 δῶρα
1364 2885 1453 2930 καὶ
1501 2878 1828 2950 ἀναθήματα,

236 2967 515 3035 προθύμως
563 2963 650 3015 ἐπὶ
695 2972 845 3015 τοῦτο
894 2961 1046 3022 ἦλθον
1085 2969 1175 3015 καὶ
1222 2969 1313 3015 σύν
1344 2962 1505 3036 ἡδονῇ
1547 2970 1602 3017 τὸ
1628 2963 1827 3036 κέρδος,

237 3057 327 3103 καὶ
375 3055 459 3103 τόν
509 3052 725 3103 θάνατον
783 3048 1125 3124 ἀνδρειότατα
1172 3054 1382 3118 εἴλοντο,
1441 3053 1499 3104 ού
1547 3057 1689 3125 παρά
1745 3056 1830 3103 τόν

237 3136 373 3210 ᾅδην
404 3139 566 3201 αὐτὰς
618 3142 932 3211 κατάγοντα,
979 3141 1123 3212 οἵπερ
1157 3137 1224 3198 δὴ
1276 3146 1364 3192 xui
1394 3143 1614 3193 θανάτου
1643 3145 1862 3214 τρόπος

239 3227 404 3294 ἐστὶν,
437 3227 564 3280 ἀλλὰ
605 3232 735 3301 πρός
784 3233 903 3291 τοὺς
933 3227 1220 3291 ἀθανάτους
1251 3238 1541 3301 νυμφῶνας,
1583 3233 1712 3303 πρὸς
1736 3231 1828 3290 τὰς

235 3313 512 3377 παστάδας
543 3319 634 3378 τὰς
682 3319 839 3390 ἱερὰς,
888 3322 1016 3391 πρός
1061 3318 1213 3369 αὐτὸν
1245 3321 1330 3370 τὸν
1370 3314 1591 3393 φαιδρὸν
1615 3322 1826 3390 νυμφίον

238 3409 469 3479 Χριστὸν
497 3409 764 3478 θυμότατα
788 3411 1224 3480 παραπέμποντα.

313 3493 381 3549 Β’.
441 3496 770 3569 Ἐτράφησαν
821 3499 910 3566 μὲν
961 3498 1062 3568 γὰρ
1123 3495 1171 3546 ἐν
1222 3504 1281 3568 τῇ
1339 3497 1562 3548 Βιθυνῶν
1632 3499 1828 3568 σωφρό-

239 3603 337 3645 νως
386 3579 438 3635 εὖ
486 3583 626 3655 μάλα
675 3587 764 3635 xui
811 3583 1101 3655 ἐλευθερίως
1154 3584 1308 3651 (αὕτη
1363 3586 1464 3657 γὰρ
1523 3587 1658 3635 κατά
1712 3588 1828 3642 τούς

241 3672 460 3743 εὐγενεῖς
507 3668 730 3731 κλάδους
786 3675 968 3741 ἤνεγκε
1013 3674 1106 3733 τὰς
1155 3673 1482 3746 παρθένους),
1525 3675 1741 3748 χάριτες
1772 3669 1830 3725 δὲ

241 3763 405 3822 αύτάς
455 3763 758 3834 παρθενικαὶ
801 3765 1154 3832 περιίσταντο)
1199 3776 1211 3788 ·
1266 3762 1586 3813 συνανέτελλε
1635 3759 1693 3813 δὲ
1740 3767 1828 3814 καὶ

238 3854 297 3902 τό
343 3849 424 3901 ἐπὶ
468 3857 558 3900 τοῦ
602 3854 884 3922 προσώπου
931 3851 1102 3914 οἷνθος,
1136 3855 1224 3902 xui
1255 3853 1311 3901 τό
1344 3849 1425 3901 ἐπὶ
1463 3859 1562 3901 τῶν
1604 3861 1825 3925 παρειῶν

236 3938 494 4014 ἐρύθημα.
555 3935 918 4012 Φαιδροτάτην
989 3941 1078 4010 μὲν
1149 3942 1250 4009 γὰρ
1325 3944 1417 3996 τὴν
1477 3941 1591 3991 θίαν
1647 3946 1822 4013 παρεί-

234 4047 418 4100 χοντο,
475 4031 564 4079 xui
621 4024 715 4078 διὰ
759 4036 850 4088 τῆς
899 4035 991 4079 τοῦ
1041 4033 1280 4100 σώματος
1330 4030 1482 4101 ὧρας,
1527 4030 1556 4087 ἡ
1600 4030 1824 4101 εύγένεια

233 4126 326 4178 τῆς
355 4116 538 4188 ψυχῆς
585 4115 766 4178 αύταίς
816 4119 984 4190 ἡρέμα
1031 4118 1324 4188 ύπαύγαζε,
1379 4121 1467 4169 xui
1512 4117 1822 4192 ἀπεριέργως

235 4202 370 4263 ἦσαν
417 4206 590 4258 καλαί.
641 4207 783 4257 Κατὰ
822 4203 1006 4276 βραχὺ
1057 4202 1116 4257 δι
1146 4206 1328 4266 αύταίς
1354 4204 1623 4277 ἀνέτρεχεν
1653 4209 1682 4263 ἡ
1714 4207 1820 4262 ἡλιο

233 4299 344 4358 κία,
399 4299 485 4346 xui
531 4295 803 4366 παρθενίας
836 4293 1046 4365 ἐρῶσαι,
1088 4299 1181 4351 τὴν
1223 4302 1322 4344 τῶν
1367 4290 1569 4367 ἀνδρῶν
1619 4293 1823 4364 ὁμιλίαν

235 4385 464 4454 ἔφευγον,
519 4386 608 4432 xui
665 4386 759 4439 τὴν
824 4381 1040 4452 ἐρημίαν
1120 4379 1352 4433 ἐπόθουν.
1430 4383 1523 4430 Διά
1598 4385 1824 4453 Χριστόν

235 4475 406 4522 τοίνυν
475 4473 567 4526 τήν
645 4468 978 4539 ἓνεγκαμένην
1060 4467 1410 4518 ἀπολιποῦσαι
1493 4469 1824 4540 καταλαμϐά-

234 4577 390 4609 νουσι
451 4557 703 4628 γεώλοφόν
755 4575 808 4606 τι
857 4564 954 4606 τῶν
1010 4557 1213 4607 Πυθίων
1269 4557 1464 4628 θερμῶν
1517 4556 1574 4608 ού
1628 4556 1822 4631 ποῤῥω,

237 4650 329 4696 καὶ
363 4646 665 4717 σωφροσύνῃ
699 4662 752 4696 τε
796 4643 842 4694 ἐν
891 4643 1027 4714 αύτῴ
1073 4639 1260 4703 διέζων
1304 4649 1392 4696 xui
1434 4651 1550 4718 περὶ
1607 4651 1694 4703 την
1738 4648 1820 4698 si)»

235 4734 332 4790 λην
378 4740 473 4794 τῆς
521 4731 704 4805 ἀρετῆς
752 4733 979 4789 ἄσκησιν
1029 4731 1306 4804 φιλοπόνως
1336 4729 1600 4786 διέκειντο.
1647 4741 1823 4810 Χρόνῳ

237 4819 297 4874 δὲ
356 4827 528 4873 πᾶσαν
581 4826 672 4879 τὴν
724 4829 814 4872 τοῦ
870 4824 1006 4873 θείου
1072 4825 1364 4894 Πνεύματος
1412 4823 1818 4895 εἰσοικισάμεναι

229 4914 416 4983 χάριν,
479 4907 762 4982 διέλαμπον
817 4929 867 4962 τε
930 4919 1037 4972 τοὶς
1093 4911 1269 4973 καλοῖς
1348 4915 1512 4985 ἔργοις
1565 4918 1653 4964 xui
1713 4921 1822 4976 τοῖς

231 5002 488 5070 θαύμασι,
541 5003 629 5050 xui
676 5007 736 5071 τῇ
797 4998 1009 5071 ἀφθονίᾳ
1063 5008 1158 5051 τῶν
1211 5006 1446 5072 χαρίτων
1494 5001 1635 5062 πόλις
1687 4999 1817 5060 ἦσαν

2019 2267 2061 2320 1.
2086 2269 2198 2322 Nec
2239 2267 2578 2323 mulieribus
2600 2267 2868 2338 quidem,
2911 2282 3018 2324 nec
3061 2269 3274 2340 puellis
3315 2268 3586 2326 clausum

1948 2358 2037 2408 est
2085 2353 2347 2411 stadium
2390 2355 2695 2426 martyrii:
2733 2354 2838 2410 sed
2876 2360 2933 2410 et
2969 2371 3055 2410 eas
3093 2362 3347 2412 mortem
3386 2361 3586 2413 conte-

1947 2445 2563 2511 mnunt,etdecessum
2580 2443 2801 2498 habent
2819 2441 3230 2513 proludozimo
3245 2460 3385 2500 vero
3399 2445 3586 2516 ipsum

1943 2529 2239 2586 honorant
2270 2532 2881 2603 etamplectuntur,ex
2907 2547 2976 2586 eo
2992 2532 3269 2602 pulchras
3290 2533 3404 2587 sibi
3437 2549 3586 2589 mer-

1942 2632 2039 2671 ces
2056 2628 2488 2689 comparantes,
2510 2635 2718 2690 nempe
2735 2635 2987 2688 regnum
3008 2620 3586 2693 ccelorumPropter-

1940 2720 2011 2760 ea
2038 2707 2408 2764 admirabilis
2445 2723 2682 2778 quoque
2726 2706 2956 2762 trinitas
3004 2715 3356 2778 martyrum,
3384 2714 3440 2763 et
3471 2709 3582 2764 vir-

1940 2795 2168 2862 ginum,
2219 2796 2554 2860 Menodora,
2615 2796 2881 2866 inquam,
2939 2801 2994 2850 et
3052 2797 3481 2868 Nymphodora
3529 2803 3586 2853 et

1943 2884 2289 2949 Metrodora,
2361 2900 2497 2955 quae
2551 2900 2685 2938 vere
2740 2891 2906 2938 erant
2977 2883 3140 2939 dona
3204 2884 3578 2954 virginitatis,

1941 2977 2221 3040 prompto
2250 2975 2307 3025 et
2334 2971 2515 3026 alacri
2544 2972 2746 3027 animo
2777 2971 2856 3026 ad
2886 2972 3000 3026 hoc
3031 2977 3337 3037 venerunt,
3367 2977 3579 3028 etcum

1939 3056 2241 3128 voluptate
2259 3064 2510 3113 mortem
2524 3063 2912 3130 susceperunt
2932 3058 3273 3125 fortissime,
3301 3075 3421 3116 non
3442 3077 3579 3133 qua:

1939 3143 2010 3198 ad
2035 3143 2254 3198 inferos
2279 3145 2540 3211 deducit,
2563 3149 2624 3200 ut
2641 3161 2802 3200 mors
2828 3145 2977 3200 solet
2995 3147 3346 3217 impiorum:
3371 3148 3475 3204 sed
3501 3149 3579 3204 ad

1937 3239 2184 3288 aeternos
2219 3230 2514 3288 thalamos
2544 3238 2600 3287 et
2637 3249 2836 3287 sacros
2875 3234 3157 3305 porticus,
3187 3235 3265 3290 ad
3295 3240 3353 3290 et
3381 3236 3577 3306 ipsum

1931 3321 2269 3391 jucundum
2291 3335 2578 3394 sponsum
2599 3320 2895 3376 Christum
2923 3323 3263 3376 transmittit
3283 3324 3576 3382 alacriter.

2009 3503 2072 3554 ll.
2106 3504 2292 3572 Atque
2318 3499 2583 3554 modeste
2613 3499 2852 3568 quidem
2890 3503 2949 3553 et
2978 3497 3295 3554 liberaliter
3341 3499 3579 3555 fuerunt

1937 3589 2204 3643 educatae
2230 3588 2288 3641 in
2324 3587 2587 3658 Bithynia
2617 3589 2712 3655 (ea
2743 3585 2901 3640 enim
2944 3593 3229 3657 tanquam
3258 3603 3578 3656 generosos

1938 3677 2160 3749 aliquot
2189 3692 2391 3731 ramos
2406 3677 2514 3731 has
2544 3675 2672 3730 tulit
2688 3675 2990 3746 virgines),
3011 3681 3063 3729 et
3079 3691 3176 3728 eas
3199 3675 3579 3731 circumvola-

1937 3773 2072 3821 runt
2097 3767 2296 3835 gratiae
2340 3764 2726 3834 virginitatis:
2769 3763 2946 3818 simul
2986 3771 3185 3818 autem
3217 3769 3453 3819 exortus
3493 3769 3578 3821 est

1934 3855 2114 3911 etiam
2165 3855 2276 3909 ﬂos
2305 3854 2365 3908 in
2418 3851 2602 3918 vultu,
2652 3857 2708 3907 et
2760 3853 2938 3906 rubor
2989 3852 3048 3906 in
3093 3854 3282 3923 genis.
3344 3857 3489 3908 Nam
3521 3861 3576 3908 et

1925 3943 2441 4017 jucundissimum
2487 3940 2841 3996 exhibebant
2891 3942 3317 4011 spectaculum,
3373 3948 3430 3996 et
3472 3958 3577 4013 per

1931 4032 2190 4104 speciem
2239 4030 2504 4102 corporis
2533 4029 2749 4086 animae
2783 4029 3055 4084 nobilitas
3106 4031 3332 4083 sensim
3382 4029 3442 4084 in
3491 4031 3574 4085 eis

1930 4120 2232 4176 relucebat
2281 4138 2294 4173 :
2345 4125 2401 4172 et
2424 4123 2594 4173 erant
2638 4117 2898 4188 pulchra:
2951 4117 3095 4171 citra
3145 4118 3570 4173 curiositatem.

1934 4207 2220 4262 Paulatim
2251 4214 2449 4260 autem
2477 4207 2560 4259 eis
2601 4206 2948 4260 excurrebat
2993 4211 3150 4269 aetas,
3201 4212 3257 4258 et
3305 4211 3574 4260 amantes

1934 4295 2327 4362 virginitatem
2366 4292 2675 4362 fugiebant
2703 4290 3014 4346 hominum
3057 4292 3572 4360 consuetudinem,

1934 4389 1990 4438 et
2043 4382 2460 4437 desiderabant
2529 4379 2930 4436 solitudinem.
2986 4378 3224 4449 Pr0pter
3280 4380 3572 4436 Christum

1935 4487 2096 4541 ergo,
2111 4470 2308 4525 relicta
2320 4485 2454 4541 quae
2468 4484 2567 4522 eas
2586 4467 2790 4522 tulerat
2807 4467 3019 4538 patria,
3037 4466 3280 4521 veniunt
3294 4468 3356 4521 in
3369 4483 3572 4538 quem-

1933 4560 2075 4614 dam
2108 4557 2402 4613 tumulum
2421 4571 2542 4612 non
2561 4554 3333 4626 proculaPythiisthermis,
3361 4559 3573 4611 ettem-

1935 4652 2210 4720 peranter
2233 4647 2294 4701 in
2334 4661 2406 4700 eo
2437 4645 2732 4709 vivebant,
2790 4649 2848 4698 et
2876 4645 2934 4698 in
2965 4645 3129 4699 omni
3176 4643 3295 4698 alia
3350 4644 3571 4700 virtutis

1932 4735 2344 4791 exercitatione
2396 4734 2676 4789 studiosae
2721 4740 2885 4787 erant
2942 4738 2998 4786 et
3054 4731 3383 4801 diligentes.
3426 4733 3570 4786 Cum

1933 4830 2128 4879 autem
2145 4824 2496 4896 procedente
2511 4829 2774 4890 tempore
2787 4820 3153 4876 admisissent
3175 4834 3414 4874 omnem
3442 4835 3571 4888 gra-

1932 4914 2072 4968 tiam
2086 4914 2263 4967 divini
2280 4912 2542 4983 Spiritus,
2562 4909 2735 4965 bonis
2751 4908 3196 4980 resplendebaut
3211 4906 3572 4977 operibus,et

1931 5002 2302 5066 miraculis,et
2317 5001 2487 5072 copia
2501 5000 2822 5067 gratiarum
2838 5002 3002 5051 erant
3023 5011 3226 5049 revera
3241 4995 3444 5048 civntas
3461 4996 3572 5051 sita

226 5087 436 5148 ἀληθῶς
489 5087 656 5138 ἐπάνω
713 5092 860 5160 ὅρους
916 5093 1145 5159 κειμένη.
1220 5095 1317 5141 Καὶ
1367 5085 1460 5141 διὰ
1515 5110 1662 5142 τουτο
1728 5100 1815 5144 καὶ

1939 5108 2108 5162 supra
2138 5095 2419 5145 montem.
2458 5091 2520 5142 Et
2546 5088 2677 5141 ideo
2708 5095 2822 5141 cito
2843 5085 3108 5140 evadunt
3134 5084 3485 5148 manifestae,
3517 5090 3572 5139 et

223 5182 369 5248 ταχὺ
431 5173 589 5234 δῆλαι
631 5181 881 5248 γίνονται,
936 5183 1025 5228 xui
1076 5177 1249 5229 πολλοὶ
1297 5182 1426 5249 πρὸς
1478 5180 1638 5239 αὐτάς
1681 5181 1811 5255 σ’υρ-

220 5267 422 5340 ῥέοντες
468 5263 620 5329 ἦσαν,
677 5266 724 5317 οἱ
773 5266 831 5317 ού
879 5271 1031 5337 μόνον
1079 5273 1240 5317 νόσων
1284 5286 1336 5318 τε
1381 5273 1470 5319 xui
1515 5274 1813 5340 πνευμάτων

221 5364 461 5427 πονηρῶν
516 5353 918 5412 ἀπηλλάττοντο,
990 5354 1115 5406 ἀλλά
1183 5360 1269 5405 καὶ
1323 5366 1428 5426 φώς
1490 5356 1671 5428 ψυχῆς
1723 5365 1815 5410 καὶ

229 5447 494 5518 σωτηρίαν
549 5442 844 5498 ἐπλούτουν.
892 5450 1068 5495 Tuum
1113 5449 1201 5495 xui
1239 5444 1310 5506 εἰς
1349 5451 1613 5517 Φρόντωνα
1642 5455 1814 5520 φοιτᾷ,

226 5530 281 5591 ὃς
335 5535 430 5589 τὴν
482 5529 657 5607 ἀρχὴν
729 5538 1014 5590 τηνικαῦτα
1087 5539 1181 5593 τῆς
1252 5540 1550 5607 περιχώρου
1616 5541 1810 5602 ταύτης

226 5623 560 5690 πεπίστευτο,
621 5620 956 5696 Μαξιμιανοῦ
1027 5627 1118 5681 τὴν
1195 5621 1454 5696 Ῥωμαίων
1533 5625 1812 5698 βασιλείαν

1929 5181 2176 5235 multiad
2193 5196 2296 5234 eas
2314 5177 2812 5245 conﬂuebantzqui
2830 5191 2943 5228 nou
2964 5173 3150 5226 solum
3169 5172 3572 5226 liberabantur

1925 5289 1960 5326 a
1988 5273 2209 5325 morbis
2238 5275 2292 5322 et
2336 5286 2370 5321 a
2403 5269 2570 5321 malis
2611 5264 2934 5332 spiritibus,
2980 5264 3082 5315 sed
3121 5261 3338 5316 ﬁebant
3390 5261 3568 5316 etiam

1925 5363 2137 5416 divites
2163 5361 2290 5413 luce
2313 5374 2526 5412 animus
2554 5363 2609 5409 et
2633 5355 2836 5408 salute.
2871 5356 2999 5406 lim:
3020 5349 3568 5422 perveniuntetiam

1925 5455 2001 5507 ad
2033 5465 2205 5506 aures
2224 5447 2550 5510 Frontonis,
2575 5446 2746 5514 cujus
2769 5442 2901 5497 ﬁdei
2926 5439 3250 5496 commissa
3271 5437 3461 5494 fuerat
3483 5453 3570 5493 re-

1928 5541 2118 5610 gionis
2183 5537 2339 5593 illius
2385 5532 2840 5598 administratio,
2893 5529 3249 5588 Maximiano
3329 5531 3565 5584 tenente

1933 5633 2337 5688 Romanorum
2359 5625 2672 5699 imperium
2709 5640 2721 5679 :
2755 5621 3114 5678 etcontiuuo
3155 5616 3328 5675 mittit
3362 5618 3570 5672 Fronte
