4142 6278
673 377 779 437 655
1982 373 2242 432 MENSIS
2270 369 2718 429 SEPTEMBER.
3931 370 4030 427 656

675 538 852 577 suum
916 535 1273 577 assessorem
1334 533 1473 573 cum
1540 515 1824 571 ministris
1898 522 1953 572 et
2020 516 2310 573 satellibus

2428 495 2690 556 διέποντος
2745 514 2756 525 ·
2815 500 2904 547 καὶ
2950 498 3141 567 πέμπει
3197 495 3284 545 τόν
3366 489 3740 567 συμπάρεδρον
3802 493 3957 556 εὐθὺς
4005 499 4026 548 ό

666 610 889 680 jubens
912 616 975 664 ut
1000 611 1289 681 quaereret
1327 604 1610 676 virgines.

2426 590 2657 658 Φρόντων
2684 586 2815 655 μετὰ
2864 582 3055 643 πολλῆς
3106 590 3200 643 τῆς
3260 582 3734 653 ὑπερασπισάντων
3789 587 3882 635 καὶ
3936 594 4027 636 τῶν

2427 668 2723 745 δορυφόρων
2780 671 3005 732 πληθύος
3066 676 3132 723 τὰ
3206 672 3343 722 κατὰ
3397 672 3492 731 τὰς
3545 672 3842 745 παρθένους
3897 672 4025 744 αύτῷ

2425 760 2717 835 ἐπιτρέψας.

2497 850 2571 904 Γ’.
2632 851 2689 903 Ὀ
2743 848 2801 903 δὲ
2848 847 2939 903 διὰ
2988 858 3086 901 τῶν
3141 852 3565 925 ὑπηρετουμένων
3623 849 3770 920 αὑτῷ
3829 847 4021 923 δημίων

2423 940 2877 1012 μεταστειλάμενος
2958 942 3167 1004 ταύτας,
3231 941 3389 991 Πόθεν
3469 940 3590 1009 ὑμῖν
3659 940 3690 996 ἠ
3770 944 4014 1007 τοσαύτη,

2423 1028 2579 1097 ἔλεγε,
2612 1030 2791 1099 τόλμα,
2841 1032 2928 1095 ὡς,
2976 1030 3059 1079 ἵνα
3112 1027 3273 1079 τᾶλλα
3315 1036 3484 1099 παρῶ,
3542 1031 3669 1080 Θεὸν
3730 1027 3920 1092 σέϐειν,
3970 1031 4016 1081 ὃν

2424 1119 2539 1167 οὔτε
2578 1116 2901 1187 Μαξιμιανὸς
2950 1116 3105 1178 αὑτός
3154 1117 3178 1167 6
3230 1120 3387 1186 μέγας
3436 1115 3545 1167 οὗθ’
3600 1117 3750 1186 ἡμεῖς
3782 1126 4015 1188 τιμῶντες

2424 1206 2558 1277 οἰχρι
2605 1210 2693 1256 καὶ
2739 1214 2824 1255 νῦν
2870 1207 3111 1277 ὤφθημεν
3151 1223 3163 1268 ;
3198 1204 3321 1257 ’Υπό
3364 1213 3435 1274 τῷ
3491 1204 3630 1273 αύτῷ
3679 1209 3857 1256 τοίνυν
3904 1210 4012 1258 καθ-

2423 1296 2549 1365 άπερ
2594 1302 2689 1355 τῆς
2731 1294 2917 1365 ψυχῆς
2963 1298 3344 1366 παραστήματι
3397 1295 3451 1344 αἱ
3500 1295 3769 1367 παρθένοι,
3831 1294 4006 1366 Ἡμεῖς,

2421 1378 2460 1430 ὦ
2509 1383 2711 1453 ἄρχων,
2766 1386 2976 1453 ἔφησαν,
3041 1383 3134 1433 οὐκ
3194 1384 3497 1455 ἀνθρωπίνῳ
3560 1378 3797 1453 δογματι
3846 1403 4007 1435 πεπαι-

2421 1466 2647 1541 δεύμεθα
2703 1468 2891 1523 εὶδέναι
2945 1474 3093 1535 Θεὸν,
3148 1470 3275 1521 ἀλλὰ
3327 1477 3507 1522 τοῦτον
3567 1466 3747 1527 δήπου
3804 1474 3887 1522 τὸν
3942 1472 4005 1524 ἀεὶ

2420 1564 2541 1611 ὅντα
2568 1566 2657 1612 καὶ
2686 1565 2745 1613 1'6
2784 1567 2883 1612 πᾶν
2932 1559 3191 1633 ἐφορῶντα
3238 1560 3607 1632 ὁμολογοῦμεν,
3644 1560 3702 1620 ὃς
3752 1565 3842 1612 καὶ
3866 1559 4002 1619 τήνδε

2418 1652 2511 1706 τὴν
2554 1658 2653 1699 τῶν
2701 1649 2826 1701 ὅλων
2880 1656 3165 1723 συγκρατεῖ
3220 1648 3364 1710 τάξιν
3421 1653 3510 1700 καὶ
3561 1644 3785 1721 δυνάμει
3843 1650 3897 1700 ού
3948 1659 3996 1722 τῇ

2418 1736 2574 1808 οὐσίᾳ
2625 1746 2972 1804 κατανοεῖται,
3030 1737 3086 1800 ὃς
3142 1739 3348 1810 καθαρᾷ
3399 1756 3452 1789 τε
3528 1736 3719 1796 ἣδεται
3786 1737 3995 1810 πολιτείᾳ

744 877 835 930 111.
897 876 1043 930 Cum
1102 878 1303 930 autem
1351 874 1596 928 inventze
1649 873 1917 938 fuissent,
1983 871 2311 935 Undenam,

678 963 1137 1033 dicebatjudex,
1174 967 1338 1017 tanta
1369 968 1456 1016 est
1507 962 1675 1016 vobis
1704 960 1977 1023 audacia,
2034 966 2111 1024 ut,
2147 958 2314 1012 mitto

672 1058 894 1116 caetera,
927 1055 1110 1105 Deum
1148 1051 1375 1115 colatis,
1418 1066 1593 1120 quem
1648 1064 1841 1120 neque
1887 1047 2011 1119 ipse
2063 1063 2315 1116 magnus

670 1140 1083 1204 Maximianus,
1107 1155 1298 1209 neque
1326 1154 1436 1193 nos
1469 1140 1829 1193 honorantes
1865 1137 1925 1190 in
1955 1138 2311 1191 hodiernum

672 1244 857 1299 usque
884 1228 1041 1282 diem
1070 1228 1372 1297 conspecti
1400 1242 1604 1279 sumus
1628 1226 1654 1278 ‘I
1690 1229 2079 1295 Nequaquam
2113 1232 2310 1278 autem

669 1315 1033 1385 perturbata},
1064 1316 1167 1368 sed
1207 1314 1261 1367 in
1313 1319 1522 1367 eodem
1558 1312 1768 1366 animae
1819 1317 1975 1365 statu
2006 1317 2313 1365 manentes

669 1405 942 1473 virgines,
1014 1407 1149 1465 Nos,
1205 1418 1240 1457 o
1299 1402 1503 1471 judex,
1548 1400 1841 1467 dixerunt,
1886 1415 2005 1453 non
2045 1399 2310 1453 humano

667 1494 904 1547 decreto
936 1494 1119 1545 Deum
1148 1506 1322 1545 nosse
1353 1489 1671 1543 didicimus
1706 1506 1721 1558 ;
1778 1488 1879 1542 sed
1915 1504 2051 1542 eum
2087 1488 2307 1558 utique,

667 1584 770 1653 qui
827 1595 1064 1648 semper
1116 1586 1219 1645 est,
1253 1585 1309 1633 et
1356 1579 1701 1632 universum
1743 1579 2024 1641 intuetur,
2068 1576 2310 1631 confite-

668 1686 803 1723 mur
835 1685 846 1722 :
878 1668 975 1739 qui
1025 1668 1202 1721 etiam
1235 1666 1392 1720 hunc
1449 1666 1709 1720 continet
1752 1665 2023 1720 ordinem
2083 1666 2307 1720 univer-

667 1774 893 1819 sorum,
925 1765 981 1811 et
1012 1760 1323 1825 potestate,
1354 1770 1474 1809 non
1507 1754 1787 1819 essentia,
1813 1760 2008 1808 mente
2035 1768 2306 1825 compre-

665 1846 941 1900 henditur
974 1861 985 1898 :
1028 1844 1131 1914 qui
1162 1842 1391 1897 munda
1432 1844 1548 1897 vita
1606 1842 1930 1896 delectatur
1959 1848 2015 1896 et
2072 1843 2306 1911 virtute,

2422 1831 2507 1877 καὶ
2586 1826 2761 1899 ἀρετῇ,
2835 1833 2922 1879 καὶ
3003 1834 3112 1887 τοῖς
3189 1827 3323 1877 οὑτω
3394 1828 3483 1896 μεν
3541 1827 3804 1899 καθαρῶς,
3884 1826 3993 1878 οὕτω

664 1934 815 1988 etiis
851 1931 1064 2003 quisic
1127 1945 1197 1984 ex
1250 1931 1456 1983 virtute
1507 1929 1681 1984 vitam
1728 1936 1913 1998 agunt
1957 1946 2080 1983 suae
2130 1929 2304 1985 boni-

2422 1910 2478 1965 δε
2530 1913 2771 1989 ἐναρέτως
2832 1915 3037 1987 βιοῦσι,
3116 1922 3177 1986 τῇ
3256 1922 3346 1974 τῆς
3420 1914 3613 1975 οἰκείας
3691 1913 3989 1985 ἁγαθότητος

665 2022 797 2076 tatis
837 2002 1025 2089 gratia
1078 2019 1224 2073 solet
1280 2033 1568 2089 apparere
1625 2034 1638 2072 :
1694 2026 1748 2071 et
1802 2019 1913 2071 sub
1984 2033 2105 2089 quo
2141 2032 2308 2086 reges

2422 2008 2603 2076 χάριτι
2651 2005 2784 2076 φιλεῖ
2832 2004 3208 2076 ἐπιφαίνεσθαι,
3264 2009 3354 2055 καὶ
3424 2004 3507 2074 ὑφ’
3557 2003 3617 2054 οὗ
3674 2002 3905 2075 βασιλεῖς
3949 2023 3989 2055 τε

662 2112 977 2181 imperant,
1047 2114 1103 2162 et
1173 2107 1404 2178 tyranni
1461 2114 1677 2161 terram
1741 2121 1849 2161 sua
1906 2106 2172 2161 obtinent
2225 2107 2302 2161 di-

2422 2094 2649 2164 ἄρχουσι
2692 2098 2781 2145 καὶ
2828 2097 3066 2167 τύραννοι
3118 2100 3371 2166 κρατοῦσι
3418 2099 3512 2152 τῆς
3554 2100 3670 2162 γῆς.
3719 2099 3889 2145 Ταῦτα
3913 2100 3982 2153 τᾶς

663 2180 837 2252 tione.
869 2196 1130 2265 Virgines
1161 2196 1287 2250 haec
1320 2194 1490 2249 valde
1539 2198 1881 2249 constanter
1930 2198 1987 2248 et
2017 2194 2307 2249 concinne

2422 2185 2695 2256 παρθένους
2765 2182 3022 2255 ἀτρέπτως
3076 2186 3211 2234 πάνυ
3292 2186 3381 2233 καὶ
3445 2181 3671 2253 ἐμμελῶς
3739 2180 3983 2254 ἀποκρινα-

658 2285 1088 2355 respondentes
1129 2299 1347 2353 praeses
1379 2284 1636 2349 intuens,
1662 2288 1717 2337 et
1748 2282 2102 2337 modestiam
2140 2283 2307 2337 valde

2422 2275 2571 2343 μένας
2627 2274 2652 2323 ό
2708 2274 2889 2345 ἄρχων
2938 2271 3215 2343 ἐμϐλέψας,
3276 2272 3622 2344 ὑπερηγάσθη
3682 2276 3777 2329 τὴν
3826 2289 3873 2323 τε
3916 2290 3979 2322 κο⁴

659 2381 745 2427 est
768 2374 1108 2436 admiratus,
1131 2379 1184 2425 et
1208 2386 1631 2442 responsorum
1660 2371 2033 2442 sapientiam.
2062 2371 2170 2424 Diu
2201 2372 2308 2426 ita-

2422 2365 2576 2431 σμίαν
2628 2364 2960 2433 παράστασιν
3008 2368 3097 2413 καὶ
3150 2365 3205 2413 τό
3254 2369 3354 2412 τῶν
3406 2359 3735 2433 ἀποκρίσεων
3778 2368 3977 2431 νουνεχες

659 2477 769 2533 que
823 2468 1048 2528 tacens,
1090 2466 1145 2514 et
1208 2461 1335 2514 haec
1393 2460 1614 2513 ducens
1682 2474 1791 2530 pro
1845 2459 2155 2526 miraculo,
2209 2459 2306 2515 vix

2422 2454 2505 2500 καὶ
2553 2450 2837 2503 εύσύνετον.
2888 2451 2988 2504 Καὶ
3031 2450 3192 2512 οὕτως
3239 2447 3297 2508 ἧν
3338 2449 3420 2501 ἐπὶ
3460 2450 3586 2501 πολὺ
3639 2458 3865 2512 σιωπῶν,
3906 2454 3975 2499 καὶ

659 2549 895 2604 tandem
926 2547 1254 2603 secundam
1286 2548 1484 2602 intulit
1513 2548 2058 2616 interrogationem,
2093 2563 2307 2617 rogans

2422 2536 2464 2587 ἓν
2495 2540 2721 2608 θαύματι
2748 2542 2932 2599 ταύτας
2962 2541 3281 2610 ποιούμενος.
3334 2536 3467 2608 Ὀψε
3516 2535 3565 2589 δ’
3607 2534 3699 2589 οὖν
3739 2540 3865 2609 ὅμως
3904 2544 3971 2587 καὶ

655 2653 933 2708 quaenam
1009 2641 1206 2689 essent
1255 2652 1461 2690 earum
1518 2636 1781 2701 nomina,
1836 2643 1886 2689 et
1918 2652 2051 2705 quas
2093 2637 2303 2706 patria-

2422 2622 2656 2699 δευτέραν
2709 2627 2959 2700 ἐρώτησιν
3009 2627 3187 2699 ἐπῆγε,
3244 2632 3357 2678 τίνα
3414 2645 3467 2678 τε
3522 2629 3585 2679 τὰ
3644 2626 3871 2698 ὀνόματα,
3901 2630 3968 2676 καὶ

655 2726 771 2781 Illas
815 2732 1056 2779 autem:
1104 2723 1365 2778 Primum
1409 2724 1676 2794 quidem,
1736 2740 1770 2778 a
1800 2725 2029 2779 Christo
2082 2732 2305 2779 vocatae

2422 2719 2525 2776 ἥτις
2572 2717 2754 2778 αὑταῖς
2807 2720 3181 2789 πυνθανόμενος
3238 2719 3267 2774 ἠ
3325 2721 3528 2790 πατρίς.
3584 2718 3654 2767 Αἰ
3704 2714 3777 2781 δε,
3817 2723 3967 2787 Πρῶτοι

654 2831 886 2878 sumus,
914 2814 1207 2868 dixerunt.
1233 2813 1403 2876 Quod
1426 2812 1473 2865 si
1495 2814 1670 2867 etiam
1691 2828 1911 2867 nomen
1944 2830 1979 2868 a
2000 2814 2302 2885 baptismo

2422 2808 2499 2857 κεν
2556 2806 2655 2858 ἀπὸ
2718 2814 2946 2879 Χριστοῦ
2994 2807 3302 2878 κεκλήμεθα,
3366 2802 3527 2859 εἷπον.
3580 2806 3645 2858 Εἰ
3712 2803 3765 2858 δε
3804 2810 3877 2857 καὶ
3919 2807 3962 2854 τὸ

650 2904 999 2973 impositum
1021 2906 1287 2971 oporteat
1304 2901 1542 2965 addere,
1564 2917 1681 2955 una
1698 2901 1940 2972 quidem
1964 2902 2297 2970 Menodora,

2422 2892 2509 2946 ἷιπό
2568 2904 2658 2947 τοῦ
2716 2895 3077 2967 βαπτίσματος
3135 2900 3295 2967 ὄνομα
3347 2891 3430 2946 δεῖ
3480 2898 3787 2969 προσθεῖναι,
3819 2897 3843 2950 ἡ
3880 2896 3958 2963 μεν

651 2992 835 3046 altera
877 3000 1075 3045 autem
1115 2989 1457 3053 Metrodora,
1505 2988 1718 3044 deinde
1770 2988 1936 3045 tertia
1994 2991 2297 3061 Nympho-

2422 2980 2704 3055 Ἀηνοδώρα
2755 2987 2783 3042 ἡ
2841 2982 2899 3036 δε
2953 2981 3305 3057 Μητροδώρα,
3350 2988 3439 3034 καὶ
3491 2985 3521 3040 ἡ
3573 2985 3688 3056 μετ’
3736 2983 3867 3039 αὐτὴν
3903 2977 3951 3032 δὲ

650 3079 820 3143 dora,
844 3079 1120 3133 dicimur.
1166 3078 1358 3132 Patria
1388 3084 1588 3133 autem
1631 3078 1800 3132 nobis
1851 3085 1939 3133 est
1985 3077 2286 3150 Bithynia.

2422 3069 2758 3145 Ἷυμφοδώρα,
2854 3074 3125 3145 λεγόμεθα.
3216 3070 3479 3146 Πατρίδος
3556 3075 3816 3145 ὁρμώμεθα
3875 3078 3953 3128 τῆς

647 3170 729 3221 Ex
761 3166 973 3222 eodem
1021 3182 1160 3221 vero
1191 3167 1412 3222 semine
1460 3166 1762 3236 productae
1834 3184 2063 3232 sumus,
2114 3173 2170 3223 et
2217 3170 2294 3223 ab

2422 3164 2648 3215 hau-acino.
2696 3162 2915 3234 Ἐφυμεν
2951 3161 3009 3214 δὲ
3054 3162 3153 3215 ἀπὸ
3204 3172 3293 3214 τοῦ
3339 3163 3498 3213 αὑτοῦ
3553 3170 3842 3236 σπέρματος,
3881 3165 3951 3209 καὶ

646 3256 858 3310 eadem
924 3262 1108 3309 matre
1186 3271 1394 3309 sumus
1461 3255 1747 3320 educatae,
1821 3262 1873 3311 et
1938 3256 2015 3311 ab
2072 3258 2291 3312 eisdem

2422 3252 2501 3301 m6
2531 3260 2619 3310 τῆς
2666 3252 2824 3312 αὑτῆς
2866 3255 3066 3323 μητρὸς
3106 3253 3419 3326 ἐτράφημεν,
3476 3257 3564 3303 καὶ
3609 3254 3705 3304 ὑπό
3742 3260 3827 3303 τῶν
3876 3249 3945 3298 αὐ-

646 3344 985 3415 parentibus
1032 3342 1258 3398 dilecta:
1313 3359 1540 3407 sumus,
1601 3351 1654 3398 et
1711 3346 1986 3399 eamdem
2043 3354 2291 3400 matrem

2422 3348 2495 3388 ’ὠν
2538 3344 2722 3410 γονέων
2770 3340 3102 3412 ἠγαπόμεθα,
3164 3346 3251 3393 καὶ
3307 3346 3400 3399 τὴν
3454 3341 3613 3399 αὑτὴν
3655 3344 3835 3413 μητέρα
3874 3342 3944 3387 καὶ

643 3432 989 3487 eteumdem
1005 3440 1229 3502 patrem
1249 3432 1699 3503 appellavimus.
1739 3433 2024 3486 Eamdem
2050 3449 2291 3504 quoque

2422 3432 2485 3477 ’ὸν
2537 3428 2690 3480 αὑτὸν
2740 3433 2938 3501 πατέρα
2990 3434 3507 3502 προσηγορεὺσαμεν.
3583 3436 3676 3482 Καὶ
3721 3430 3943 3485 πολιτείας

643 3523 777 3576 vitae
807 3523 1099 3576 rationem
1150 3530 1365 3575 secutae
1407 3538 1640 3587 sumus,
1682 3527 1739 3576 et
1784 3520 2058 3576 eamdem
2091 3523 2289 3577 adhuc

2422 3514 2457 3569 Γὲ
2490 3517 2736 3590 ἡψάμεθα
2780 3526 2875 3580 τῆς
2928 3520 3105 3585 αὐτῆς,
3160 3525 3250 3572 καὶ
3297 3529 3393 3581 τῆς
3452 3523 3569 3582 ἴσης
3616 3523 3686 3571 ἔτι
3737 3517 3941 3588 ἐχόμεθα

648 3617 914 3663 tenemus
942 3611 1317 3664 sententiam.

2422 3613 2572 3678 ’νώμη
2584 3628 2623 3669 ς.

717 3696 805 3748 lV.
841 3700 1062 3751 Morum
1094 3700 1291 3767 itaque
1324 3704 1377 3752 et
1407 3698 1724 3753 verborum
1758 3698 2167 3755 liberalitatem
2192 3700 2285 3755 ille

2464 3696 2535 3748 A'.
2566 3700 2635 3748 T6
2689 3695 2965 3769 ἐλευθέριον
3018 3702 3187 3748 τοίνυν
3245 3706 3336 3749 τοῦ
3393 3716 3445 3750 τε
3488 3702 3663 3770 τρόπου
3714 3699 3790 3745 καὶ
3838 3700 3925 3744 τῶν

644 3784 872 3838 silentio
902 3784 1254 3848 admiratus,
1311 3787 1540 3839 curiose
1589 3787 1918 3841 admodum
1974 3797 2027 3841 et
2075 3789 2282 3845 callide

2428 3788 2633 3857 ημάτων
2692 3788 2873 3857 ἡσυχῆ
2928 3786 3111 3847 ἐκεῖνος
3168 3788 3463 3858 θαυμάσας,
3514 3790 3765 3859 περιέργως
3811 3783 3925 3851 ἄγαν

644 3871 806 3926 vafer
835 3872 927 3925 ille
954 3879 1198 3925 conatus
1236 3878 1325 3925 est
1357 3873 1627 3940 protinus
1661 3874 1916 3941 virgines
1956 3880 2235 3931 seducere
2266 3894 2278 3933 :

2468 3872 2634 3936 δεινὸς
2678 3879 2767 3926 καὶ
2810 3875 3064 3943 ὑπούλως,
3106 3874 3292 3945 κλέψαι
3348 3879 3435 3937 τὰς
3490 3877 3754 3949 παρθένους
3805 3870 3933 3929 εὐθὺς

638 3961 719 4014 Ne
745 3961 1141 4029 ergo,dicens,
1159 3976 1295 4031 quas
1322 3959 1400 4014 dii
1419 3962 1493 4015 ad
1520 3963 1902 4017 concordiam
1924 3964 2087 4019 bona
2106 3965 2281 4020 dede-

2422 3969 2667 4035 πεχείρει,
2722 3968 2807 4021 Μὴ
2864 3961 2951 4015 οὖν
3004 3962 3038 4015 ἂ
3098 3966 3147 4015 οἱ
3199 3967 3324 4027 θεοὶ,
3386 3965 3562 4036 λέγων,
3625 3964 3686 4024 εἰς
3729 3965 3931 4034 ὁμόνοιαι

638 4054 791 4119 runt,
826 4065 950 4112 vos,
979 4048 1220 4103 ocharte
1254 4048 1484 4119 puellae,
1514 4049 1773 4105 reddatis
1803 4066 1958 4105 vana
1980 4055 2037 4106 et
2058 4052 2276 4116 inania,

2422 4058 2499 4111 αῖς
2548 4048 2791 4123 ἀδελφαῖς
2840 4057 3108 4124 παρέσχον
3170 4056 3235 4104 τὰ
3308 4054 3499 4125 ἀγαθὰ,
3559 4056 3748 4125 μάταια
3796 4051 3927 4120 ὑμεῖς,

639 4137 743 4191 sed
805 4154 983 4208 super
1038 4137 1164 4191 haec
1229 4138 1407 4192 etiam
1470 4138 1585 4194 alia
1649 4138 1952 4208 asditicate,
2016 4147 2071 4196 et
2132 4143 2277 4197 mihi

2422 4164 2425 4185 ι
2479 4140 2619 4210 φίλαι
2666 4145 2837 4212 κόραι,
2895 4146 3151 4199 ποιήσητε
3184 4159 3195 4170 ’
3230 4142 3335 4193 ἀλλ’
3385 4143 3467 4193 ἐπὶ
3509 4150 3673 4195 ταῦτα
3717 4145 3795 4191 καὶ
3828 4136 3928 4189 ἄλλα

638 4234 931 4297 parentes,
979 4225 1092 4279 diis
1136 4242 1376 4298 quoque
1420 4228 1812 4281 communiter
1865 4230 2189 4286 sacriﬁcate
2226 4240 2279 4287 et

2422 4224 2705 4299 ἰκοδομεῖτε
2750 4229 2926 4301 φιλικὰ
2974 4233 3118 4301 ἔργα,
3166 4236 3251 4282 καὶ
3301 4227 3497 4303 ἀδελφά
3551 4250 3642 4303 μοι
3697 4231 3813 4282 οὑτω
3857 4230 3925 4275 τοῦ

637 4323 921 4385 tanquam
974 4330 1203 4369 sorores
1251 4315 1308 4369 in
1361 4316 1768 4371 benevolentia
1815 4334 1955 4388 erga
1995 4335 2097 4373 eos
2138 4336 2275 4375 con-

2422 4325 2563 4369 moi)
2647 4326 2871 4392 φρονεῖτε
2940 4337 2952 4350 ·
3037 4324 3127 4370 καὶ
3195 4321 3446 4377 πειθήνιοί
3517 4339 3608 4391 μοι
3685 4322 3921 4391 γενόμεναι,

634 4406 841 4457 sentite
899 4404 1188 4472 protinus,
1258 4420 1367 4457 nec
1440 4406 1721 4459 sustineat
1786 4406 1966 4461 altera
2027 4408 2274 4464 alteram

2422 4415 2524 4479 οινῇ
2608 4408 2738 4460 οὑτω
2812 4414 2901 4460 καὶ
2962 4415 3071 4467 τοῖς
3127 4410 3259 4469 θεοῖς
3316 4410 3503 4461 θύσατε
3555 4415 3646 4461 καὶ
3700 4411 3760 4468 ὡς
3808 4400 3921 4455 ἀδελ-

634 4505 899 4543 sororem
934 4490 1125 4542 videre
1152 4490 1504 4558 turpissima,
1556 4508 1591 4546 ο
1622 4492 1697 4545 dii
1739 4492 1750 4544 l
1794 4498 1849 4547 et
1888 4495 2273 4552 acerbissima
2304 4521 2310 4575 1

2422 4500 2492 4560 αἱ,
2552 4502 2640 4549 καὶ
2695 4500 2784 4569 μεν
2854 4503 2969 4571 περὶ
3036 4502 3129 4555 την
3199 4499 3270 4558 εἰς
3328 4497 3517 4558 αύτούς
3566 4501 3757 4551 εὔνοιαν
3806 4492 3921 4548 εὐθὺς

632 4577 969 4647 patientem,
991 4576 1263 4630 etﬂorem
1279 4577 1727 4646 pulchritudinis
1752 4582 1984 4651 probris
2000 4591 2195 4639 etcont
2208 4602 2269 4639 u-

2422 4591 2672 4637 ιαστάσαι
2724 4584 2972 4652 ἀλλήλων,
3023 4585 3322 4658 ἀνάσχεσθε
3362 4584 3587 4658 ἀδελφὴν
3634 4589 3766 4659 ὑμῶν
3804 4578 3917 4639 ἰδεῖν,

634 4665 820 4719 meliis
895 4664 1300 4719 miserabiliter
1362 4665 1539 4720 afﬁci.
1592 4667 1722 4721 Haec
1792 4685 1952 4737 ergo,
2015 4678 2074 4723 ut
2144 4676 2264 4745 qui,

2422 4676 2442 4724 Ξι
2488 4677 2770 4746 αἴσχιστα,
2826 4673 2865 4726 ὦ
2924 4678 3044 4741 θεοὶ,
3104 4680 3194 4728 καὶ
3246 4681 3535 4747 πικρότατα
3584 4677 3916 4748 ὑπομένουσαν,

629 4769 761 4825 quae
792 4760 1019 4824 oportet
1046 4752 1243 4808 dicam
1274 4760 1330 4808 et
1382 4755 1554 4809 vobis
1582 4754 1767 4820 utilia,
1802 4773 1836 4811 a
1866 4775 1957 4813 me
1998 4762 2263 4832 accipite,

2422 4768 2464 4813 πὶ
2522 4767 2577 4815 τό
2636 4771 2725 4823 τῆς
2793 4766 2928 4836 ὧρας
2981 4767 3136 4826 ἄνθος
3188 4764 3405 4825 ἐλεεινῶς
3462 4763 3807 4838 ὑϐριζόμενον.
3855 4758 3917 4814 Ὠς

627 4849 680 4899 et
712 4843 857 4897 mihi
886 4848 1101 4913 parete,
1146 4849 1433 4913 tanquam
1483 4845 1651 4913 patri,
1688 4844 1746 4898 in
1800 4862 1903 4900 vos
1955 4855 2264 4917 paternam

2422 4849 2460 4901 iv
2512 4855 2577 4903 τὰ
2633 4849 2812 4904 δέοντα
2860 4858 2949 4905 καὶ
3005 4852 3268 4916 λυσιτελῆ,
3324 4852 3559 4925 λέγοντος
3621 4853 3760 4927 ἐμοῦ,
3796 4848 3917 4901 οὑτως

624 4930 878 4986 servanti
971 4930 1364 4986 affectionem.
1461 4932 1551 4987 Sic
1644 4932 1800 4987 enim
1894 4936 2263 5008 imperatoris

2422 4936 2720 5012 τοδέχεσθε,
2766 4946 2855 4993 καί
2906 4961 2996 5013 μοι
3046 4945 3147 4995 ὃσα
3214 4948 3303 4995 καὶ
3368 4944 3727 5017 περιπείθεσθε
3771 4952 3918 5006 πατρι-

620 5020 1089 5075 benevolentiam
1110 5021 1509 5091 assequemini
1536 5030 1590 5075 et
1603 5021 1946 5089 gloriam,et
1981 5043 2081 5081 vos
2111 5030 2262 5085 exci-

2422 5033 2465 5086 5ν
2525 5034 2653 5102 πρὸς
2714 5032 2846 5103 ὑμᾶς
2912 5038 3153 5104 τηροῦντι
3208 5028 3473 5086 διάθεσιν.
3539 5032 3691 5084 Οὑτω
3739 5030 3829 5100 γὰρ
3872 5020 3915 5072 ἂν

621 5110 739 5179 piet
764 5108 1067 5163 afﬂuentia
1096 5116 1149 5162 et
1182 5124 1342 5162 mare
1370 5108 1665 5163 bonorum
1698 5126 1711 5175 ;
1744 5117 1799 5165 et
1829 5115 2033 5168 merito
2063 5115 2259 5173 felices

2424 5124 2623 5188 μενείας
2676 5138 2731 5172 τε
2774 5120 3104 5179 ἁπολαύσητε
3150 5119 3434 5192 βασιλικῆς
3484 5126 3573 5173 καὶ
3629 5118 3795 5182 δόξης,
3843 5114 3912 5164 τί·

619 5197 1765 5263 εθιωρθτθκὶεῐίωειὺὶωιιιὶ,θῐωθωοτίεθ
1784 5203 2252 5265 mandabimini:
2364 5210 2484 5280 ροιά
2530 5226 2581 5259 τε
2638 5207 2758 5279 βίου
2799 5211 2933 5281 ὑμᾶς
2975 5215 3064 5261 καὶ
3116 5208 3321 5280 ἀγαθῶν
3370 5206 3646 5272 ἐχδέξηται
3681 5207 3912 5261 θάλασσα,

618 5284 705 5335 sin
784 5284 978 5338 minus
1074 5287 1335 5341 immane
1424 5296 1480 5342 ct
1572 5288 1806 5343 crudele
1895 5294 2255 5364 supplicium

2422 5300 2453 5345 ιὶ
2502 5300 2884 5369 μακαρίζοισθέ
2937 5318 2995 5369 γε
3049 5295 3266 5359 δικαίως
3314 5304 3400 5351 τὸν
3454 5298 3531 5352 ἀεὶ
3596 5304 3797 5373 χρόνον,
3844 5290 3912 5340 καὶ

616 5378 927 5423 consumet
953 5373 1263 5441 pulchram
1302 5384 1557 5432 vestram
1600 5384 1653 5432 et
1682 5382 1937 5433 teneram
1973 5384 2251 5452 speciem.

2422 5390 2570 5452 νήμης
2599 5390 2934 5458 τυγχάνοιτε.
2966 5388 3026 5441 Εἰ
3075 5385 3126 5440 δ’
3152 5384 3260 5453 οὖν,
3309 5388 3437 5440 ἀλλὰ
3476 5394 3598 5460 χεὶρ
3638 5388 3823 5443 ἀπηνὴς
3844 5381 3912 5429 καί

613 5456 716 5548 Αᾱ⁸
752 5454 876 5550 haec
933 5460 1231 5525 excipiens
1270 5464 1603 5529 Menodora,
1664 5471 1731 5520 At
1788 5466 1983 5532 nobis,
2040 5470 2249 5543 inquit,

2425 5473 2571 5533 λασις
2622 5475 2874 5550 ὠμοτέρα,
2928 5480 2986 5529 τό
3054 5478 3228 5541 καλὸν,
3285 5481 3425 5549 οἶμοι
3472 5485 3566 5540 τῆς
3629 5479 3754 5549 ὧρας
3792 5474 3910 5523 τοῦτο

611 5555 647 5594 o
697 5539 901 5606 judex,
984 5557 1089 5595 nec
1133 5560 1267 5615 quas
1337 5556 1399 5605 tu
1455 5555 1745 5622 promittis
1807 5555 2081 5613 videntur
2121 5539 2251 5616 esse

2422 5566 2449 5613 εἱ
2522 5561 2715 5615 ἁπαλὸν
2783 5564 3132 5618 ἀναλώσουσι.
3206 5570 3337 5639 Πρὸς
3409 5572 3581 5618 ταῦτα
3652 5555 3911 5629 Μηνοδώρα

609 5639 853 5693 magna,
911 5643 1019 5681 nec
1083 5646 1217 5699 quae
1283 5641 1345 5690 tu
1410 5653 1617 5696 rursus
1682 5644 1927 5699 minaris
1992 5658 2247 5719 possunt

2422 5650 2712 5719 τολαϐοῦσα,
2767 5655 2897 5709 Ἀλλ’
2956 5657 3101 5727 ημῖν,
3166 5654 3205 5708 ὦ
3256 5660 3457 5731 ἄρχων,
3514 5652 3665 5721 εἶπεν,
3720 5653 3824 5704 οὔτε
3860 5646 3908 5696 τά
