4142 6278
307 274 418 331 657

1215 279 1660 338 MARTYRIUM
1698 281 1757 338 S.
1800 279 2224 344 MENODORE
2260 289 2350 348 ET
2384 291 2775 354 SOCIARUM.

3556 302 3662 360 658

307 403 452 475 παρὰ
505 407 604 454 σοῦ
653 399 1054 474 ὑπισχνούμενοι
1104 404 1322 476 μεγάλα,
1378 403 1506 458 εἶναι
1559 403 1722 473 δοκεῖ,
1786 409 1891 460 οὔτε

2015 409 2202 469 ullum
2232 418 2511 473 terrorem
2532 418 2814 476 incutere.
2848 423 2991 477 Nam
3016 421 3128 477 frui
3148 422 3390 494 quidem
3422 424 3657 492 divitiis,

304 494 408 562 μὴν
459 490 612 542 πάλιν
667 491 735 542 τὰ
785 488 1126 564 ἀπειλούμενα
1174 493 1325 564 φόϐον
1382 494 1606 565 ἐμποιεῖν
1658 493 1898 549 δύναται.

308 581 540 634 Πλούτου
591 584 682 652 μεν
709 582 833 655 γὰρ,
874 587 961 635 καὶ
1000 592 1216 656 τρυφῆς,
1249 589 1338 636 καὶ⁵
1383 580 1559 650 δόξης,
1585 591 1674 637 καὶ
1717 588 1747 644 ἡ
1803 594 1901 638 τῶν

306 667 468 720 ἄλλων
519 666 684 728 ἡδέων
741 669 1051 737 ἀπόλαυσις,
1111 674 1217 744 ὅσῳ
1267 679 1588 748 πρόσκαιρον
1644 677 1758 746 ἔχει
1809 679 1900 733 τὴν

303 755 521 828 ἡδονὴν,
580 761 814 830 τοσούτῳ
870 765 1086 832 μόνιμον
1139 762 1328 815 ἐκεῖθεν
1381 767 1473 821 τὴν
1519 768 1789 836 τιμωρίαν·
1847 765 1900 815 αἱ

304 843 363 899 δι
427 847 667 911 κολάσεις
716 853 805 900 καὶ
864 851 894 907 ἡ
967 857 1058 901 τοῦ
1111 853 1339 923 φθαρτοῦ
1391 854 1575 904 τούτου
1659 858 1897 923 σώματος

300 939 531 999 κάκωσις
601 936 902 995 λυπήσουσι
957 942 1047 1010 μὲν
1101 941 1230 1001 ἴσως
1283 939 1505 992 ἐνταῦθα
1555 945 1644 994 καὶ
1711 945 1895 1014 μικρὸν

301 1023 532 1096 ἀλγῆσαι
627 1028 1138 1099 παρασκευάσουσιν,
1237 1028 1552 1100 εὐφροσύνης
1642 1026 1701 1082 δὲ
1769 1031 1894 1102 ἡμῖν

299 1116 504 1166 ἔσονται
555 1113 790 1186 πρόξενοι
846 1112 1112 1187 μηδέποτε
1167 1121 1480 1189 παυομένης.
1530 1125 1626 1171 Σοῦ
1673 1122 1761 1191 μὲν
1791 1123 1890 1193 γὰρ

298 1207 387 1254 καὶ
439 1205 497 1254 τὸ
540 1206 698 1254 κακόν
727 1208 1046 1279 πρόσκαιρον
1097 1211 1187 1258 καὶ
1231 1209 1290 1258 16
1329 1205 1524 1277 ἀγαθὸν
1567 1213 1885 1280 παρερχόμεξ

295 1309 397 1342 νον·
447 1299 538 1344 τοῦ
591 1293 840 1364 ἡμετέρου
891 1289 950 1345 δί
998 1299 1257 1347 Δεσπότου
1301 1298 1391 1346 καὶ
1440 1299 1497 1346 16
1541 1295 1732 1347 λυποῦν
1772 1296 1894 1347 αἰω-

294 1398 399 1430 νιον
444 1385 534 1432 καὶ
589 1383 648 1432 16
688 1381 953 1456 εὐφραῖνον
1002 1381 1083 1435 ἀεί
1136 1403 1259 1436 ποτε
1304 1380 1565 1454 διαμένον.
1607 1387 1782 1456 Ταύτῃ
1836 1380 1894 1436 δὲ

293 1473 380 1521 καὶ
412 1468 601 1540 μᾶλλον
633 1466 851 1543 ἀδελφαὶ
905 1467 1141 1543 δόξομεν,
1178 1477 1268 1524 καὶ
1317 1470 1536 1544 ἀδελφαὶ
1578 1475 1667 1533 τὰς
1708 1471 1893 1544 ψυχὰς

293 1556 482 1629 μᾶλλον
535 1559 564 1617 ἣ
619 1561 684 1610 τὰ
733 1564 970 1631 σώματα,
1029 1560 1073 1613 εἰ
1123 1562 1296 1633 ὥσπερ
1355 1566 1453 1632 μία
1491 1565 1699 1633 γαστὴρ
1752 1563 1892 1633 ἡμᾶς

293 1642 493 1711 ὤδινεν,
550 1647 684 1700 οὕτω
736 1653 825 1701 καὶ
870 1650 1083 1710 θάνατος
1131 1650 1200 1711 εἷς
1243 1650 1368 1721 ὑπὲρ
1417 1648 1657 1710 ἀσεϐείας
1694 1649 1890 1702 τελειώ-

2013 505 2068 556 et
2079 501 2302 558 deliciis
2319 511 2374 559 et
2391 506 2579 575 gloria
2599 514 2654 563 et
2670 509 3234 584 aliisjucundis,quo
3249 513 3537 583 majorem
3555 514 3660 570 ha-

2011 587 2110 644 bet
2127 591 2204 646 ad
2222 598 2452 664 tempus
2468 596 2848 667 voluptatem,
2865 615 2934 654 eo
2953 599 3220 654 stabilius
3238 616 3306 654 ac
3321 601 3656 659 diuturnius

2010 676 2124 732 illic
2156 679 2334 736 habet
2381 684 2754 754 supplicium.
2787 686 3086 757 Supplicia
3121 692 3342 755 autem,
3374 694 3432 744 et
3457 690 3650 760 hujus,

2011 763 2070 820 in
2127 769 2290 839 quod
2347 772 2504 826 cadit
2566 773 2858 841 interitus,
2913 777 3178 846 corporis
3232 775 3490 841 afﬂictio,
3543 793 3654 834 nos

2009 856 2250 926 quidem
2269 858 2363 913 hic
2378 860 2625 916 fortasse
2647 864 2915 918 molestia
2939 863 3284 928 atﬁciunt,et
3304 865 3568 920 efﬁciunt
3594 871 3657 922 ut

2007 943 2176 999 dolor
2187 945 2402 1018 aliquis
2420 951 2702 1006 sentiatur
2718 969 2730 1004 :
2746 951 3001 1007 laetitiam
3021 957 3215 1006 autem
3231 953 3650 1022 conciliabunt,

2004 1046 2139 1102 quae
2187 1049 2498 1108 nunquam
2529 1043 2616 1092 est
2639 1039 2922 1095 desitura.
2955 1041 3100 1094 Nam
3140 1041 3367 1095 malum
3405 1042 3651 1113 quidem

2003 1123 2167 1189 quod
2207 1140 2241 1178 a
2274 1130 2325 1178 te
2355 1124 2598 1181 infertur
2637 1133 2720 1182 est
2747 1128 2822 1182 ad
2864 1133 3120 1198 tempus,
3151 1133 3209 1182 et
3230 1128 3457 1183 bonum
3485 1129 3645 1200 quod

2003 1211 2296 1266 confertur
2326 1217 2610 1282 praeterit;
2636 1218 2818 1272 nostri
2841 1221 3038 1271 autem
3062 1217 3293 1271 Domini
3323 1221 3377 1272 et
3399 1217 3458 1271 id
3485 1217 3649 1289 quod

2003 1297 2171 1353 affert
2210 1300 2539 1357 molestiam
2573 1309 2660 1358 est
2701 1309 3010 1373 aeternum,
3044 1311 3100 1359 et
3138 1305 3198 1359 id
3242 1305 3405 1376 quod
3449 1305 3650 1361 laetitia

2003 1385 2182 1441 afﬁcit
2208 1403 2438 1458 semper
2469 1398 2680 1446 manet.
2723 1393 2813 1446 Sic
2863 1397 2920 1446 et
2964 1392 3156 1462 magis
3179 1392 3516 1448 videbimur
3555 1409 3649 1448 so-

2002 1491 2187 1541 rores,
2216 1481 2270 1531 et
2302 1493 2535 1534 sorores
2567 1480 2780 1534 animis
2813 1480 3010 1550 potius
3041 1497 3226 1552 quam
3269 1480 3641 1551 corporibus,

2003 1565 2051 1618 si
2082 1565 2232 1618 sicut
2261 1579 2369 1620 nos
2400 1571 2599 1621 venter
2647 1583 2798 1621 unus
2847 1569 3089 1638 peperit,
3133 1567 3215 1624 ita
3254 1568 3434 1623 etiam
3481 1583 3644 1624 mors

1999 1661 2310 1708 consumet
2337 1669 2445 1724 pro
2485 1654 2716 1725 pietate,
2744 1659 2802 1710 et
2825 1656 2980 1710 idem
3015 1656 3300 1728 suscipiat
3324 1656 3637 1713 thalamus.

295 1754 394 1805 σει,
427 1740 515 1788 καὶ
562 1736 787 1809 θάλαμος
833 1739 859 1790 ὁ
907 1737 1063 1800 αὐτὸς
1110 1735 1436 1801 ὑποδέξεται.
1470 1739 1649 1801 Οὕτως
1697 1739 1754 1791 ού
1802 1738 1886 1790 λυ-

2001 1742 2091 1798 Sic
2117 1757 2238 1797 non
2265 1741 2617 1799 dissolvetur
2646 1744 2818 1799 nobis
2845 1744 3125 1810 amicitia,
3157 1760 3351 1817 neque
3391 1761 3427 1801 a
3469 1745 3641 1802 nobis

1047 1827 1059 1844 )
1077 1827 1125 1849 3L
1167 1827 1189 1849 λ
1229 1829 1242 1849 ν
1284 1830 1296 1845 τ

292 1825 510 1882 θήσεται
558 1827 682 1898 ἡμῖν
736 1827 764 1886 ἡ
819 1826 963 1899 φιλία
1005 1824 1128 1880 ούδε
1158 1827 1242 1899 ἀφ’
1274 1830 1420 1900 ἡμῶν
1460 1825 1882 1900 διαστησάμεθα,

291 1911 419 1966 ἀλλὰ
446 1910 657 1972 διηνεκῆ
705 1919 798 1975 τὴν
839 1913 1166 1990 ἀδελφότητα
1198 1917 1403 1978 ἑαυταῖς
1445 1922 1534 1970 καὶ
1581 1922 1672 1976 τὴν
1718 1918 1886 1978 συζυ-

288 2005 406 2071 γίαν
458 2009 766 2076 τηρήσομεν,
846 2004 889 2057 εἰ
963 2014 1034 2077 τῷ
1117 2003 1338 2077 ἀδελφὰς
1416 2008 1552 2078 ἡμᾶς
1624 2005 1881 2059 πλάσαντι

289 2085 487 2161 ἁδελφὰ
541 2097 632 2145 καὶ
675 2096 740 2145 τὰ
788 2099 1093 2167 φρονήματα
1140 2099 1563 2168 παραστησόμεν.
1594 2095 1728 2146 Ἀλλ’
1786 2097 1878 2148 οῦκ

285 2177 618 2250 ἀρνησόμεθα
672 2201 746 2245 σε,
803 2188 988 2254 νυμφίε
1043 2186 1262 2257 Χριστε,
1309 2185 1593 2258 ἔμπροσθεν
1649 2193 1748 2236 τῶν
1796 2185 1877 2236 ἁν-

283 2268 518 2338 θρώπων,
588 2273 657 2341 μὴ
739 2274 908 2323 τοίνυν
979 2269 1116 2343 μηδὲ
1178 2271 1327 2332 αὐτὸς
1396 2275 1529 2343 ἡμᾶς
1592 2275 1878 2346 ἔμπροσθεν

281 2363 374 2408 τοῦ
420 2363 614 2430 Πατρός
669 2377 762 2411 σου
807 2367 899 2411 τοῦ
949 2360 1000 2411 ἐν
1055 2367 1164 2421 τοῖς
1211 2360 1469 2434 οὐρανοῖς,
1519 2365 1650 2434 Πρός
1691 2370 1876 2428 ταῦτα,

282 2440 321 2494 ὦ
371 2441 618 2512 δικαστά,
647 2447 834 2508 κόλαζε
867 2451 926 2500 16
972 2447 1124 2500 καλόν
1176 2467 1269 2500 σου
1313 2456 1465 2501 τοῦτο
1499 2457 1591 2501 τοῦ
1640 2455 1880 2521 σώματος

277 2533 450 2596 ἄνθος,
483 2541 572 2588 καὶ
599 2533 950 2590 καταδαπάνα
977 2545 1088 2597 ταῖς
1115 2537 1384 2609 μάστιξιν,
1420 2534 1596 2598 οὐδεὶς
1613 2541 1714 2611 γὰρ
1742 2539 1878 2590 οὕτω

275 2621 553 2685 κάλλιστος
593 2629 811 2698 κόσμος,
861 2623 985 2679 ούδε
1032 2630 1257 2698 χρυσὸς,
1297 2622 1420 2678 οὐδὲ
1465 2625 1734 2688 πολυτελὲς
1765 2625 1878 2679 ἐπί·

277 2707 452 2782 ϐλημα
480 2717 572 2764 καὶ
594 2713 826 2766 ποικίλον
852 2714 986 2766 οὕτω
1011 2719 1323 2785 κοσμήσειεν
1353 2716 1421 2774 ὡς
1447 2715 1502 2765 αἱ
1532 2719 1622 2766 σαὶ
1651 2714 1869 2786 πληγαὶ,

277 2801 332 2850 αἱ
382 2805 473 2852 σαὶ
527 2803 802 2873 μάστιγες,
861 2802 923 2863 οἷς
970 2801 1024 2852 ἐκ
1072 2801 1263 2853 πολλοῦ
1309 2803 1459 2872 ἡμεῖς
1503 2799 1737 2873 διψῶμεν
1778 2799 1872 2856 διὰ

277 2892 530 2959 Χριστὸν,
560 2893 650 2941 καὶ
681 2889 747 2940 ὧν
787 2891 864 2941 ἔτι
885 2889 1204 2960 γλιχόμεθα,

352 2975 425 3028 Ε’.
502 2983 681 3028 Ταῦτα
741 2977 830 3027 ούκ
893 2979 1075 3046 ἤνεγκε
1126 2976 1308 3048 πράως
1357 2977 1382 3026 ό
1431 2971 1684 3040 δικάζων,
1745 2975 1871 3029 ἀλλὰ

1996 1830 2246 1886 invicem
2280 1831 2698 1901 separabimur
2725 1848 2738 1887 :
2770 1833 2874 1886 sed
2895 1837 3242 1904 perpetuam
3267 1833 3640 1889 servabimus

1995 1919 2162 1974 nobis
2206 1918 2629 1975 fraternitatem
2675 1925 2731 1975 et
2781 1920 3282 1990 conjunctionem,
3340 1922 3385 1976 si
3435 1921 3485 1977 ei
3536 1922 3638 1993 qui

1992 2023 2104 2062 nos
2144 2007 2312 2064 ﬁnxit
2349 2022 2580 2063 sorores
2610 2008 2994 2063 exhibeamus
3035 2009 3210 2064 etiam
3244 2009 3500 2064 sororiae
3538 2025 3639 2064 vo-

1989 2095 2261 2151 luntates.
2299 2095 2410 2152 Sed
2467 2101 2518 2152 te
2566 2112 2688 2152 non
2733 2097 3109 2167 negabimus,
3143 2112 3360 2168 sponse
3392 2097 3632 2164 Christe,

1987 2199 2186 2241 coram
2217 2185 2583 2241 hominibus.
2628 2189 2741 2241 Nec
2771 2190 2834 2240 tu
2865 2200 3006 2255 ergo
3049 2201 3158 2240 nos
3210 2200 3389 2255 neges
3430 2201 3634 2241 coram

1990 2273 2160 2328 Patre
2217 2279 2436 2339 nostro,
2477 2274 2582 2346 qui
2611 2277 2698 2328 est
2736 2274 2794 2328 in
2855 2272 3034 2329 caelis.
3077 2272 3310 2342 Castiga
3344 2273 3565 2345 itaque,
3597 2290 3633 2329 ο

1983 2362 2188 2432 judex,
2235 2362 2393 2417 hunc
2447 2363 2550 2417 tibi
2605 2361 2921 2433 pulchrum
2974 2359 3182 2416 ﬂorem
3234 2362 3518 2432 corporis,
3579 2367 3635 2416 et

1987 2465 2269 2505 consume
2291 2450 2565 2519 ﬂagellis.
2596 2451 2827 2505 Nullum
2855 2449 3015 2504 enim
3045 2454 3462 2505 ornamentum
3500 2449 3634 2520 pul-

1987 2537 2369 2603 cherrimum,
2403 2554 2597 2610 neque
2625 2554 2862 2604 aurum,
2894 2553 3087 2609 neque
3114 2541 3520 2607 tegumentum
3550 2536 3633 2592 ul-

1985 2624 2110 2680 lum
2145 2626 2531 2695 magniﬁcum
2564 2629 2620 2680 et
2649 2625 2900 2691 varium,
2944 2626 3023 2680 ita
3049 2625 3343 2680 ornaverit
3390 2641 3624 2697 corpus,

1985 2719 2046 2768 ut
2065 2720 2177 2769 tua:
2209 2714 2423 2786 plagae,
2447 2718 2548 2769 tua
2572 2713 2827 2784 ﬂagella,
2851 2729 2987 2785 quae
3010 2729 3119 2768 nos
3135 2713 3371 2784 jamdiu
3401 2713 3629 2768 sitimus

1981 2808 2224 2873 propter
2267 2803 2586 2867 Christum,
2621 2806 2677 2857 et
2722 2817 2856 2874 quae
2887 2802 3081 2857 adhuc
3111 2800 3303 2871 magis
3332 2801 3630 2857 desidera-

1982 2905 2133 2944 mus.

2051 2977 2116 3032 V.
2165 2979 2295 3032 Hinc
2333 2993 2453 3033 non
2487 2977 2787 3034 moderate
2817 2977 2944 3032 tulit
2996 2977 3202 3047 judex,
3249 2976 3352 3031 sed
3383 2992 3624 3032 omnem

276 3065 446 3116 πάντα
525 3066 684 3135 θυμὸν
738 3067 870 3116 κατὰ
937 3072 1028 3124 τῆς
1103 3065 1358 3135 παρθένου
1416 3065 1612 3125 ταύτης
1685 3063 1869 3135 ἀφῆκεο

1986 3065 2134 3118 iram
2167 3064 2226 3118 in
2273 3065 2429 3120 hanc
2467 3067 2714 3121 immisit
2754 3065 3085 3135 virginem;
3118 3069 3173 3120 et
3198 3065 3394 3119 statim
3435 3064 3624 3135 jubet,

277 3159 367 3205 καὶ
442 3162 774 3226 παραχρῆμα
837 3152 1026 3206 κελεύει
1080 3149 1404 3223 Μηνοδώραν
1473 3147 1868 3224 περιδυθεῖσαν,

279 3244 379 3294 ὑπὸ
430 3245 685 3316 τέσσαρσι
743 3238 1102 3305 διαξαίνεσθαι
1154 3247 1258 3302 τοῖς
1307 3237 1517 3312 δημίοις
1562 3246 1652 3292 καὶ
1705 3245 1866 3314 ταύτῃ

270 3333 357 3383 τὸν
430 3334 639 3403 κήρυκα
688 3328 897 3402 ἐμϐοᾷνο
957 3332 1114 3390 Θεοὺς
1159 3333 1306 3400 τίμα,
1356 3327 1580 3401 βασιλέα
1630 3329 1868 3402 εὐφήμει,

271 3422 393 3480 τοὺς
446 3423 704 3491 κειμένους
747 3423 932 3491 νόμους
974 3423 1044 3489 μή
1096 3416 1296 3492 ὕϐριζε.
1356 3417 1414 3470 Ἠ
1475 3413 1534 3470 δὲ
1577 3422 1666 3470 καὶ
1725 3420 1868 3490 ὡρῶν

274 3505 372 3560 δύο
447 3515 561 3569 ταῖς
633 3508 860 3580 πληγαῖς
939 3503 1326 3578 διαξαινομένη,
1382 3503 1629 3578 οὐδεμιᾶς
1693 3509 1864 3579 ὥσπερ

273 3594 466 3659 ὀδύνης
544 3597 821 3670 ᾐσθάνετο,
900 3599 1180 3668 περιουσίᾳ
1249 3600 1423 3667 μέντοι
1513 3600 1868 3671 γενναιότητος

271 3684 386 3740 οὐδ’
437 3685 736 3748 ἐπεστέναξε
787 3692 897 3746 ταῖς
947 3681 1188 3755 πληγαῖς.
1222 3687 1292 3738 T6
1324 3681 1383 3737 δε
1433 3691 1521 3744 τῆς
1570 3684 1734 3754 ὅψεως
1779 3685 1864 3758 ῥό-

272 3775 363 3830 δον
425 3773 548 3828 ούδε
599 3775 769 3846 ὀλίγον
823 3773 1017 3848 ὠχρία·
1079 3773 1178 3844 ὅλῳ
1228 3774 1329 3846 γὰρ
1388 3773 1584 3844 ὄμματι
1631 3777 1762 3845 πρὸς
1802 3777 1866 3827 τὰ

269 3866 517 3938 μέλλοντα
567 3864 721 3936 ἑώρα,
771 3867 861 3914 καὶ
904 3869 1021 3924 ταῖς
1071 3861 1269 3914 ἐκείνων
1319 3861 1490 3914 ἐλπίσι
1537 3865 1624 3920 τὴν
1678 3861 1864 3934 ψυχὴν

270 3961 608 4028 μετεώριστο.
680 3951 738 4005 Ὀ
791 3955 963 4024 μέντοι
1019 3953 1239 4012 ἀνόητος
1317 3952 1521 4023 ἄρχων,
1584 3948 1864 4022 διαϐλέψαι

268 4049 393 4116 πρὸς
450 4051 617 4096 ταῦτα
692 4040 786 4094 ούκ
859 4042 1016 4113 ἔχων,
1091 4039 1380 4112 τετύφλωτο
1429 4042 1530 4114 γὰρ
1585 4043 1705 4102 τούς
1775 4049 1864 4101 τῆς

265 4133 454 4205 ψυχῆς
500 4131 795 4204 ὀφθαλμοὺς
857 4131 1198 4202 μαλακωτέρα
1253 4130 1352 4181 ὑπὸ
1427 4137 1526 4180 τῶν
1595 4134 1863 4201 μαστίγων

268 4221 589 4284 ἐντεύξεσθαι
645 4227 706 4277 τῆ
767 4220 998 4292 μάρτυρι
1048 4221 1190 4288 ᾤετο,
1246 4222 1335 4268 καὶ
1388 4215 1472 4267 ἐπὶ
1524 4218 1589 4267 τὰ
1644 4221 1866 4288 πρότερα

267 4311 544 4384 παρεκάλει
591 4314 681 4360 καὶ
740 4309 876 4360 θύειν
928 4302 1079 4365 αὖθις
1127 4304 1364 4356 ἐκέλευεν.
1397 4301 1455 4354 Ἠ
1512 4300 1592 4370 δὲ,
1664 4307 1758 4354 Καὶ
1813 4306 1865 4352 τί

266 4401 412 4474 παρὰ
455 4404 607 4450 τοῦτο
647 4397 836 4468 ἕτερον,
890 4395 1005 4464 ἔφη,
1056 4395 1267 4462 μάταιε,
1302 4393 1358 4441 16
1407 4391 1554 4463 ἔργον
1601 4392 1714 4461 ἐμοί
1751 4407 1764 4454 ;

269 4487 376 4558 όύχ
431 4487 556 4559 ὁρᾷς
610 4484 675 4542 ὡς
727 4481 846 4537 ὅλην
896 4478 1123 4552 ἐμαυτὴν
1175 4479 1366 4529 τέθυκα
1423 4485 1493 4548 τῷ
1550 4476 1652 4549 ἐμῷ
1701 4485 1862 4547 Θεῷ;

266 4579 360 4636 Τίς
405 4577 507 4644 γὰρ
561 4580 630 4642 τῷ
681 4573 865 4641 αἵματί
908 4587 1007 4640 μου
1062 4565 1274 4638 ὠφέλεια
1325 4564 1373 4616 ἐν
1420 4573 1490 4636 τῷ
1538 4565 1862 4618 καταϐαίνειν

267 4681 331 4736 με
387 4661 459 4724 εἰς
511 4657 820 4733 διαφθορὰν,
853 4657 1003 4729 εἰμὴ
1051 4665 1122 4726 τῷ
1171 4653 1274 4726 ἐμῷ
1322 4661 1474 4706 τοῦτο
1527 4653 1866 4728 προλαϐοῦσα

266 4752 551 4804 καταθύσω
596 4751 845 4820 νυμφίῳ;
893 4753 1088 4811 Ταῦτα,
1146 4745 1319 4815 ὥσπερ
1374 4763 1453 4804 τις
1511 4745 1735 4815 σπινθὴρ
1792 4751 1862 4814 τῷ

265 4848 357 4893 τοῦ
418 4832 790 4911 συμπαρειδρου
869 4837 1013 4907 θυμῷ
1067 4833 1375 4906 ἐμπεσόντα,
1435 4831 1619 4895 ἐξῆπτε
1673 4832 1862 4904 μᾶλλον

263 4929 428 4987 αύτῆν
507 4931 597 4979 καὶ
671 4923 901 4996 ἀνίφλγε,
983 4927 1066 4975 καὶ
1141 4918 1489 4996 σφοδροτέραν
1562 4923 1698 4972 κατὰ
1769 4931 1864 4984 τῆς

265 5022 400 5093 ἱερᾶς
455 5016 643 5088 ψυχῆς
718 5013 912 5074 ἐκείνης
963 5011 1153 5071 ὥπλιζε
1219 5015 1311 5068 τὴν
1361 5015 1568 5082 μανίαν,
1629 5016 1716 5062 καὶ
1771 5013 1862 5085 ῥά-

263 5105 414 5169 ϐδοις
445 5101 770 5175 συνετρίϐετο
811 5103 876 5153 τὰ
923 5099 1055 5152 ὀστᾶ
1093 5101 1122 5156 ἡ
1167 5103 1377 5170 γενναία
1427 5103 1516 5150 καὶ
1563 5099 1858 5167 συνεθλᾱτο,

262 5201 333 5269 μὴ
389 5195 660 5265 κινουμένη
747 5190 894 5254 ὅλως,
978 5192 1049 5259 μὴ
1131 5191 1547 5259 μεταπίπτουσα.
1607 5195 1689 5256 Τῷ
1759 5191 1861 5271 γὰρ

264 5286 473 5359 ἰσχυρῷ
526 5290 616 5334 τοῦ
672 5286 902 5353 Χριστοῦ
953 5279 1093 5348 πόθῳ
1143 5273 1350 5328 ἐδέδετο
1412 5277 1682 5329 πάντοθεν.
1739 5275 1864 5329 Εἶτα

259 5382 333 5446 τῷ
362 5376 563 5445 νυμφίῳ
603 5374 691 5428 τὴν
746 5367 918 5440 ἄφιξιν
963 5367 1267 5439 προμηνύει,
1315 5368 1424 5430 καὶ,
1479 5366 1633 5436 Κύριε
1687 5364 1863 5422 Ἰησοῦ

261 5464 480 5535 Χριστε,
533 5463 668 5532 μέγα
720 5455 992 5529 βοήσασα,
1037 5457 1095 5505 τὸ
1147 5453 1267 5525 ἐμὸν
1321 5450 1696 5524 ἀγαλλίαμα,ό
1749 5449 1864 5522 ἐμὸς

261 5554 409 5628 ἔρως,
464 5547 548 5602 ἰπὶ
598 5549 656 5601 σε
725 5549 818 5605 τὴν
896 5539 1089 5598 ἐλπίδα
1165 5545 1258 5602 τὴν
1335 5539 1460 5615 ἐμὴν
1541 5542 1861 5616 καταφεύγω·

1795 4389 1945 4482 ,ΗΒ

1981 3151 2112 3206 aliis
2143 3152 2382 3207 duabus
2409 3154 2700 3219 abductis,
2729 3160 2969 3209 exutam
3000 3153 3382 3208 Menodoram
3413 3153 3559 3208 caedi
3591 3170 3627 3210 a

1980 3247 2238 3313 quatuor
2269 3241 2597 3306 lictoribus,
2632 3247 2689 3296 et
2739 3243 2819 3295 sic
2877 3241 3211 3296 exclamare
3251 3257 3621 3309 praeconem:

1984 3332 2128 3384 Deos
2159 3329 2284 3385 cole
2318 3347 2332 3396 ;
2364 3327 2539 3384 bonis
2591 3328 2785 3383 verbis
2843 3334 2899 3384 et
2942 3328 3222 3383 laudibus
3267 3344 3623 3400 prosequere

1977 3417 2395 3489 imperatorem
2431 3437 2444 3484 ;
2472 3419 2623 3475 latas
2652 3415 2808 3485 leges
2847 3415 2966 3472 noli
2997 3416 3209 3488 injuria
3238 3416 3491 3472 afﬁcere.
3519 3417 3625 3473 Illa

1977 3511 2198 3572 autem,
2231 3523 2367 3561 cum
2385 3505 2618 3561 duabus
2646 3505 2808 3560 horis
2828 3504 3162 3570 caederetur,
3184 3504 3413 3560 nullum
3441 3505 3624 3560 sensit

1974 3595 2253 3650 dolorem.
2289 3598 2431 3650 Nam
2464 3598 2706 3665 propter
2743 3592 3035 3662 insignem
3067 3592 3520 3662 generositatem
3547 3609 3620 3650 ne

1975 3684 2162 3756 plagis
2193 3684 2436 3754 quidem
2475 3681 2925 3750 ingemiscebat.
2977 3679 3176 3735 Vultus
3207 3685 3405 3736 autem
3437 3681 3621 3737 rubor

1974 3771 2117 3827 nihil
2147 3770 2390 3826 omnino
2411 3770 2731 3842 expalluit;
2760 3774 2882 3824 toto
2912 3768 3073 3823 enim
3103 3769 3275 3823 oculo
3301 3769 3625 3841 aspiciebat

1972 3860 2045 3916 ad
2078 3860 2293 3923 futura,
2345 3874 2568 3931 speque
2616 3873 2942 3929 suspensus
2995 3862 3050 3912 et
3079 3864 3304 3911 erectus
3335 3864 3458 3913 erat
3495 3859 3623 3929 ejus

1972 3949 2226 4005 animus.
2263 3949 2483 4005 Stultus
2514 3952 2714 4003 autem
2753 3946 2958 4017 judex,
2999 3947 3102 4018 qui
3131 3946 3258 4001 haec
3289 3947 3623 4019 perspicere

1973 4054 2092 4093 non
2108 4043 2334 4107 poterat
2347 4037 2688 4108 (occaecatos
2702 4036 2856 4089 enim
2872 4034 3136 4089 habebat
3147 4035 3352 4090 oculos
3365 4036 3619 4106 animae),

1973 4125 2355 4180 existimabat
2391 4140 2450 4178 se
2491 4130 2729 4194 propter
2764 4126 3061 4176 tormenta
3093 4121 3426 4177 molliorem
3455 4123 3623 4179 habi-

1975 4218 2174 4268 turum
2203 4216 2550 4280 martyrem,
2575 4216 2632 4264 et
2657 4210 2733 4264 ad
2762 4209 2944 4276 ea,ad
2973 4225 3109 4279 quae
3140 4210 3464 4279 prius,eam
3490 4212 3623 4267 hor-

1977 4299 2230 4362 tabatur,
2274 4301 2331 4351 et
2373 4296 2622 4366 jubebat
2655 4312 2862 4350 rursus
2911 4295 3266 4351 sacriﬁcare.
3300 4297 3399 4352 illa
3437 4314 3572 4355 vero
3604 4317 3617 4354 :

1976 4391 2042 4444 Et
2069 4386 2399 4460 quodnam.
2436 4385 2645 4456 inquit,
2675 4383 2860 4453 aliud,
2892 4388 3108 4456 praeter
3135 4384 3269 4452 hoc,
3291 4401 3440 4458 opus
3470 4402 3505 4442 a
3527 4403 3620 4443 me

1975 4477 2194 4532 factum
2213 4480 2302 4531 est
2325 4473 2354 4529 ?
2371 4482 2581 4529 Annon
2618 4472 2803 4539 vides,
2829 4473 2992 4546 quod
3017 4489 3110 4528 me
3133 4477 3318 4530 totam
3348 4475 3465 4532 Deo
3484 4492 3618 4532 meo

1974 4563 2632 4629 sacriﬁcavi?Quaanam
2647 4563 2805 4616 enim
2829 4567 3061 4617 estmeo
3088 4563 3364 4632 sanguini
3380 4564 3618 4630 utilitas,

1971 4655 2117 4709 dum
2141 4653 2440 4707 descendo
2463 4652 2522 4705 in
2545 4651 2866 4715 interitum,
2895 4649 2945 4704 si
2967 4665 3089 4705 non
3120 4667 3255 4706 eum
3286 4652 3453 4723 prius
3485 4668 3620 4710 meo

1974 4757 2200 4813 sponso
2252 4739 2715 4796 sacriﬁcavero?
2760 4739 2892 4793 Haec
2942 4753 3079 4792 cum
3124 4739 3302 4794 veluti
3345 4741 3618 4810 quaedam

1972 4829 2224 4886 scintilla
2241 4828 2592 4884 cecidissent
2606 4828 2660 4881 in
2682 4826 2952 4882 animum
2977 4827 3316 4892 assessoris,
3341 4844 3477 4882 eum
3493 4845 3622 4884 ma-

1972 4921 2062 4988 gis
2118 4917 2532 4977 accenderunt,
2591 4921 2647 4970 et
2703 4916 2831 4985 ejus
2887 4915 3144 4970 furorem
3207 4914 3617 4972 vehementius

1971 5006 2422 5063 inﬂammarunt
2458 5010 2515 5059 et
2552 5008 2931 5058 armaverunt
2961 5008 3165 5057 contra
3194 5019 3426 5058 sacram
3458 5004 3618 5061 illam

1973 5099 2258 5150 animam.
2295 5097 2357 5148 Et
2386 5094 2564 5161 virgis
2594 5108 2730 5147 ossa
2761 5089 3232 5155 conterebantur,
3274 5096 3330 5145 et
3357 5091 3616 5149 confrin-

1973 5185 2266 5253 gebantur
2288 5197 2453 5251 genas
2477 5197 2662 5235 roseae
2690 5179 2949 5250 martyri,
2973 5195 3105 5250 quae
3129 5195 3246 5233 non
3270 5181 3621 5236 movebatur

1971 5273 2238 5336 omnino,
2268 5286 2372 5325 nec
2406 5269 2772 5324 concidebat.
2806 5271 2935 5322 Erat
2964 5267 3120 5322 enim
3154 5268 3313 5322 omni
3348 5284 3420 5323 ex
3453 5274 3619 5339 parte

1972 5361 2212 5429 alligata
2242 5357 2439 5412 valido
2471 5373 2540 5411 ac
2586 5355 2760 5410 ﬁrmo
2792 5355 2999 5411 Christi
3043 5354 3354 5412 desiderio.
3395 5357 3618 5414 Deinde

1974 5463 2195 5522 sponso
2221 5461 2398 5500 suum
2427 5445 2752 5500 adventum
2786 5443 3096 5513 signiﬁcat.
3131 5445 3189 5499 Et
3223 5460 3360 5500 cum
3395 5460 3618 5516 magna

1973 5554 2118 5598 voce
2145 5537 2464 5595 clamasset
2487 5550 2504 5592 :
2532 5532 2782 5592 Domine
2807 5535 2948 5590 Jesu
2987 5535 3229 5604 Christe,
3261 5551 3398 5594 mea
3422 5535 3620 5593 exsul-
