4142 6278
585 335 687 386 650

1880 318 2138 375 MENSIS
2176 314 2621 373 SEP’I'EMBER.

3848 316 3962 371 660

586 457 748 523 tatio,
800 472 968 512 meus
1016 470 1205 519 amor,
1242 454 1318 510 ad
1376 459 1429 508 te
1482 466 1650 523 spem
1694 464 1888 503 meam
1922 446 2225 513 confugio,

2346 439 2491 505 δέξαι
2537 464 2637 515 μου
2677 449 2769 501 τὴν
2823 445 3002 515 ψυχὴν
3055 443 3163 515 μετ’
3222 443 3441 516 εἰρήνης·
3500 444 3623 496 αὐτό
3669 463 3733 496 τε
3786 442 3962 515 ἀφῆκε

587 546 790 618 accipe
817 545 874 599 in
902 560 1046 615 pace
1064 559 1258 597 meam
1294 542 1577 605 animam,
1611 544 1667 594 et
1696 540 1883 608 ipsum
1906 536 2097 591 emisit
2118 534 2231 605 spi-

587 636 785 698 ritum,
830 638 887 687 et
929 633 1210 702 praeclare
1259 631 1524 685 ascendit
1553 629 1627 685 ad
1675 642 1985 698 sponsum,
2049 639 2227 695 quem

588 721 889 788 diligebat,
917 738 1023 792 pro
1055 721 1187 791 ipso
1215 718 1506 789 susceptis
1536 715 1913 785 stigmatibus
1944 719 1999 768 et
2028 713 2231 769 vulne-

584 809 1116 870 rumcicatricihus
1146 815 1449 873 exornata,
1475 813 1531 863 et
1576 807 1791 879 quovis
1834 805 1976 859 ﬂore
2011 803 2231 874 specio-

589 900 711 954 sius
747 904 801 953 et
832 898 1154 967 jucundius
1173 898 1418 952 variata.

656 989 747 1042 Vl.
778 988 914 1042 Post
946 994 1223 1059 quartum
1253 992 1449 1040 autem
1467 986 1621 1040 diem
1652 1000 1786 1039 cum
1812 982 1970 1055 apud
2005 997 2067 1037 se
2094 996 2231 1035 con-

588 1076 1156 1139 sultassetassessor,
1173 1090 1245 1128 ne
1268 1075 1345 1129 ab
1366 1074 1490 1128 aliis
1513 1088 1752 1145 quoque
1770 1073 1820 1144 ej
1832 1089 1898 1125 us
1926 1070 2228 1126 sororibus

582 1165 933 1226 vinceretur,
961 1168 1016 1217 et
1038 1165 1305 1218 animum
1321 1168 1615 1218 versasset
1634 1164 1691 1216 in
1711 1177 1951 1216 omnem
1977 1165 2227 1231 partem,

585 1258 640 1309 et
668 1254 878 1308 mentis
904 1253 1355 1323 quodammodo
1407 1253 1617 1305 intima
1657 1251 2009 1320 explicasset
2052 1265 2229 1319 pene-

585 1342 769 1405 tralia,
801 1342 1186 1396 Metrodoram
1216 1340 1457 1411 quidem
1484 1345 1541 1394 et
1568 1338 2049 1409 Nymphodoram
2070 1336 2232 1391 ducit

584 1430 662 1487 ad
685 1430 963 1485 tribunal.
983 1432 1093 1484 Eas
1122 1434 1316 1483 autem
1341 1428 1435 1483 ille
1456 1427 1700 1500 quidem
1727 1428 1905 1481 miser
1926 1425 2036 1481 sub
2055 1442 2226 1480 suum

585 1518 862 1591 producit
878 1523 1285 1589 conspectum,
1312 1518 1544 1589 etponit
1564 1521 1698 1571 ante
1717 1516 1896 1587 pedes
1915 1514 2231 1585 virginales

586 1607 903 1679 pulchrum
932 1606 1069 1661 illud
1103 1622 1319 1677 corpus
1353 1605 1589 1670 sororis,
1624 1605 1785 1676 quod
1818 1620 1936 1659 non
1969 1603 2232 1659 habebat

585 1696 892 1761 amictum,
922 1711 1041 1749 non
1072 1696 1563 1763 integumentum,
1603 1699 1789 1749 totum
1836 1694 2133 1749 tumidum
2178 1698 2229 1747 et

2342 537 2400 583 τὸ
2458 542 2658 603 πνεῦμα
2730 538 2818 584 καὶ
2872 537 2999 605 πρὸς
3076 536 3127 584 ὃν
3183 534 3365 603 ἡγάπα
3417 539 3633 605 νυμφίον
3692 534 3963 605 λαμπρῶς

2343 619 2638 692 ἀνέρχεται,
2689 628 2795 682 τοῖς
2849 622 2975 695 ὑπὲρ
3035 621 3194 672 αύτοῦ
3244 626 3495 692 στίγμασι
3546 626 3635 674 καὶ
3680 630 3813 683 ταῖς
3858 631 3958 672 τῶν

2340 712 2648 781 τραυμάτων
2733 710 2903 770 οὐλαῖς
2981 710 3234 762 κάλλιστα
3328 708 3769 783 διεσκευασμένη,
3869 716 3957 762 xui

2340 804 2530 861 παντὸς
2612 801 2797 863 ἄνθους
2866 800 3216 874 εύχροώτερόν
3299 820 3353 852 τε
3400 801 3781 873 πεποικιλμένη
3868 806 3955 851 καὶ

2339 894 2701 963 χαριέστερον.

2428 977 2518 1061 ς.
2574 982 2717 1031 Μετά
2764 983 2937 1051 μέντοι
2980 981 3229 1053 τετάρτην
3286 982 3481 1053 ἡμέραν
3534 979 3874 1051 σκεψάμενος
3927 983 3949 1030 ό

2343 1065 2705 1138 συμπάρεδρος
2762 1070 2897 1128 ὃπως
2974 1070 3034 1119 ἄν
3103 1073 3174 1141 μή
3235 1075 3324 1121 καὶ
3388 1078 3486 1121 τῶν
3551 1069 3719 1120 ἄλλων
3785 1069 3949 1129 αὐτῆς

2341 1154 2569 1227 ἀδελφῶν
2624 1159 2895 1220 ἡττηθείη,
2964 1162 3053 1209 xui
3127 1162 3454 1229 πανταχόθεν
3534 1160 3943 1231 συγκροτηθεὶς,

2340 1250 2429 1296 καὶ
2487 1249 2660 1317 ὥσπερ
2713 1250 2827 1297 τινὰ
2886 1246 3179 1322 βαθυτέραν
3230 1246 3521 1310 ἀναπτύξας
3569 1252 3753 1320 φρένα,
3805 1255 3945 1319 Νυμ-

2343 1330 2581 1404 φοδώραν
2661 1338 2749 1406 μεν
2833 1337 2949 1406 ἄγει
3000 1341 3087 1388 xui
3158 1334 3518 1410 Μητροδῶραν
3576 1345 3649 1407 τῷ
3715 1336 3939 1409 βήματι·

2341 1424 2564 1493 παράγει
2616 1419 2674 1475 δὲ
2722 1425 2746 1475 ό
2790 1424 2967 1486 ἄθλιος
3019 1428 3119 1477 ὑπὸ
3163 1430 3256 1484 τήν
3310 1426 3429 1496 ὁψιν
3481 1426 3661 1486 αύταις
3712 1432 3944 1501 καὶπρό

2342 1519 2439 1562 τῶν
2493 1509 2671 1564 ποδῶν
2725 1515 2905 1571 τίθησι
2953 1522 3052 1565 τῶν
3104 1517 3423 1587 παρθενικῶν
3470 1520 3526 1568 τὸ
3574 1516 3737 1568 καλὸν
3791 1516 3943 1569 έκεῖνο

2342 1607 2431 1659 τῆς
2464 1597 2689 1672 ἀδελφῆς
2720 1610 2890 1673 σῶμα
2948 1603 3042 1655 ούκ
3095 1602 3355 1674 ἐπίϐλημα
3403 1607 3547 1675 ἕχον,
3601 1605 3661 1656 ού
3722 1609 3943 1677 περικά-

2340 1687 2539 1757 λυμμα,
2590 1689 2700 1740 ὅλον
2753 1687 3015 1760 διῳδηκός
3071 1700 3173 1751 τοῖς
3229 1692 3449 1763 μώλωψι
3505 1698 3593 1744 καὶ
3670 1714 3943 1766 κατειργα-

586 1784 920 1839 confectum
958 1784 1266 1847 vibicibus,
1310 1788 1630 1854 apertaque
1671 1782 1990 1853 ﬂagrorum
2023 1788 2077 1837 et
2112 1781 2226 1852 pla-

2346 1782 2547 1848 σμένον,
2600 1788 2736 1849 σαφῆ
2780 1783 2844 1831 τὰ
2893 1789 2991 1831 τῶν
3034 1786 3304 1852 μαστίγων
3351 1787 3479 1853 ἴχνη
3528 1788 3616 1834 καὶ
3658 1792 3764 1834 τῶν
3820 1784 3937 1840 πλη·

586 1888 795 1941 garum
819 1872 1067 1937 vestigia
1106 1872 1297 1925 ferens
1330 1872 1387 1925 in
1427 1872 1587 1926 omni
1622 1870 1913 1933 membro,
1966 1875 2019 1924 et
2060 1871 2230 1941 quasi

586 1962 853 2016 sentibus
899 1962 1161 2015 obsitum
1210 1960 1567 2026 vulneribus,
1602 1959 1872 2015 mirabile
1921 1960 2231 2031 quoddam

587 2050 992 2121 spectaculum
1025 2054 1079 2104 et
1109 2066 1217 2104 nec
1248 2050 1389 2120 ipsis
1421 2050 1659 2120 quidem
1694 2048 1881 2104 oculis
1929 2048 2226 2103 credibile.

588 2141 680 2195 Sic
707 2140 863 2193 enim
909 2138 1283 2193 existimabat
1309 2137 1451 2201 fore,
1500 2144 1562 2193 ut
1605 2154 1707 2193 eas
1738 2137 2229 2207 obstupefaceret,

585 2234 643 2283 et
671 2233 895 2283 metum
925 2229 1007 2280 eis
1058 2226 1309 2289 afferret,
1344 2225 1681 2280 timentibus
1721 2241 1794 2279 ne
1847 2225 1931 2279 eis
1979 2225 2090 2278 tale
2134 2225 2234 2278 ali-

584 2316 731 2388 quid
763 2317 1036 2371 eveniret.
1084 2315 1199 2369 Sed
1244 2315 1401 2369 illius
1448 2315 1691 2386 quidem
1742 2330 1960 2383 corpus
2000 2314 2080 2368 sic
2130 2314 2235 2368 fuit

584 2404 978 2477 propositum,
1003 2408 1059 2458 et
1087 2420 1293 2458 omnes
1327 2403 1428 2474 qui
1460 2402 1989 2468 circumsistebant,
2031 2402 2233 2456 animo

584 2491 1161 2564 perturbabantur,et
1177 2491 1513 2546 manifestas
1527 2489 2230 2561 etfundebantlacrymas,

586 2586 643 2637 et
687 2598 755 2637 eo
786 2580 1123 2651 spectaculo
1178 2580 1573 2634 movebantur
1622 2580 1699 2634 ad
1737 2580 2231 2645 misericordiam,

586 2674 799 2741 praeter
838 2685 1061 2724 saevam
1093 2675 1150 2724 et
1173 2670 1495 2723 immanem
1530 2668 1794 2723 animam
1818 2668 2051 2737 judicis.
2089 2671 2231 2721 Eum

585 2758 745 2813 enim
778 2773 896 2812 non
940 2758 1343 2812 misericordia
1376 2758 1477 2811 sed
1525 2758 1610 2811 ira
1658 2757 1855 2827 potius
1904 2756 2145 2811 subibat
2181 2763 2236 2811 et

585 2848 937 2917 indignatio.
980 2848 1087 2902 Illae
1114 2852 1306 2902 autem
1343 2847 1728 2903 trahebantur
1757 2846 2001 2918 quidem
2034 2864 2066 2901 a
2093 2862 2235 2919 pro-

583 2937 727 3007 priis
760 2936 1081 2991 visceribus
1099 2937 1173 2990 ad
1187 2937 1643 3007 lacrymandum
1672 2953 1684 3001 ;
1710 2938 1812 2991 sed
1835 2936 1893 2990 id
1912 2936 1994 2991 eis
2014 2952 2235 3007 nequa-

584 3040 770 3095 quam
802 3024 1067 3095 permisit
1093 3025 1466 3081 conscientia.
1503 3024 1776 3081 Sciebant
1802 3025 1955 3080 enim
1986 3030 2041 3079 et
2082 3041 2233 3079 mar-

2340 1875 2442 1936 γῶν
2493 1867 2576 1918 ἐπὶ
2620 1871 2807 1930 παντὸς
2857 1873 3003 1940 φέρον
3047 1870 3228 1940 μέλους
3277 1876 3366 1922 xui
3423 1872 3789 1944 ἡκανθωμένον
3837 1882 3938 1934 τοῖς

2342 1958 2627 2027 τραύμασι,
2684 1957 2979 2031 παράλογόν
3033 1978 3081 2010 τι
3142 1962 3305 2031 θέαμα
3354 1966 3442 2012 xui
3499 1958 3620 2013 οὐδὲ
3665 1962 3813 2032 αύτῷ
3864 1982 3935 2013 πι-

2345 2048 2465 2095 στὸν
2524 2049 2737 2117 ὄμματι.
2799 2050 2971 2119 Ταύτῃ
3045 2052 3145 2123 γὰρ
3206 2050 3366 2111 αὐτὰς
3422 2050 3776 2113 καταπλήξειν
3856 2058 3933 2105 xui

2344 2133 2410 2192 εἰς
2466 2131 2581 2195 δέος
2636 2134 2869 2205 ἐμϐαλεῖν
2919 2141 3063 2206 ᾤετο,
3132 2134 3436 2200 δεδοικυίας
3487 2146 3558 2212 μή
3612 2146 3708 2192 καὶ
3784 2142 3935 2202 αὐτὰς

2343 2224 2407 2272 τὰ
2500 2223 2843 2295 παραπλήσια
2929 2227 3108 2277 παθεῖν
3174 2232 3388 2297 γένοιτο.
3476 2228 3630 2281 Ἀλλὰ
3717 2233 3776 2281 τὸ
3853 2234 3931 2302 μὲν

2344 2310 2534 2371 ἐκείνης
2612 2321 2762 2383 σῶμα
2850 2314 2982 2365 οὕτω
3062 2320 3350 2389 προέκειτο,
3454 2324 3541 2369 xui
3625 2321 3820 2379 πάντες
3890 2324 3930 2371 οἱ

2343 2404 2733 2471 περιεστηκότες
2812 2401 3125 2475 ἐπληροῦντο
3195 2407 3412 2469 πάθους,
3496 2412 3581 2459 καὶ
3683 2409 3754 2468 εἰς
3849 2405 3929 2460 δά-

2344 2506 2479 2557 κρυα
2549 2492 2739 2559 φανερὰ
2798 2497 3102 2562 κατήγοντο,
3159 2500 3248 2545 xui
3306 2495 3375 2556 εἰς
3434 2493 3603 2547 οἶκτον
3672 2500 3777 2549 ὑπὸ
3852 2506 3929 2557 τῆς

2347 2576 2464 2635 θέας
2509 2575 2764 2630 ἐκινοῦντο
2806 2578 2939 2638 πλὴν
2996 2589 3091 2643 τῆς
3154 2591 3242 2634 τοῦ
3296 2580 3553 2636 δικαστοῦ
3600 2585 3794 2658 ψυχῆς
3847 2596 3929 2647 τῆς

2347 2662 2574 2727 ἀπηνοῦς
2650 2687 2704 2719 τε
2774 2673 2861 2720 καὶ
2912 2668 3188 2743 ἀνημέρου.
3249 2680 3439 2726 Τοῦτον
3487 2678 3586 2745 γὰρ
3658 2677 3754 2728 οὐκ
3814 2678 3924 2737 ἔλεος

2346 2752 2451 2803 ἀλλ’
2506 2755 2632 2826 ὀργή
2686 2757 2874 2828 μᾶλλον
2927 2765 3015 2811 xui
3063 2766 3260 2831 νέμεσις
3316 2765 3573 2836 ὑπεισήει.
3631 2769 3697 2818 Ai
3739 2763 3796 2819 δὲ
3844 2764 3923 2819 δα-

2345 2844 2539 2915 κρύσαι
2591 2848 2680 2915 μεν
2726 2848 2823 2898 ὑπὸ
2873 2858 2972 2900 τῶν
3008 2849 3204 2902 οἰκείων
3256 2852 3572 2924 σπλάγχνων
3625 2853 3915 2926 ἐφείλκοντο,

2345 2934 2401 2981 τό
2446 2930 2684 2995 συνειδὸς
2743 2932 2800 2987 δε
2855 2938 3032 2999 αύταῖς
3078 2940 3171 2990 οὐκ
3214 2942 3499 3015 ἐπέτρεπεν.
3562 2942 3794 3017 ’ξίδεσαν
3830 2950 3915 3018 γὰρ

2343 3023 2585 3094 μάρτυρά
2632 3044 2684 3075 τε
2736 3030 2827 3083 τήν
2873 3024 3098 3099 ἀδελφήν
3152 3029 3297 3093 εἶναι,
3331 3039 3419 3085 xui
3450 3042 3603 3087 τοῦτο
3646 3041 3736 3088 xui
3775 3036 3914 3096 αὑτὰς

584 3116 774 3185 tyrem
811 3128 938 3167 esse
980 3128 1263 3177 sororem,
1298 3117 1353 3167 et
1392 3113 1555 3183 ipsas
1594 3129 1832 3185 quoque
1872 3114 1985 3169 hoc
2026 3118 2226 3185 postea

2346 3114 2529 3183 μικρὸν
2587 3113 2799 3187 ὕστερον
2852 3118 3083 3181 ἔσεσθαι,
3143 3125 3231 3171 xui
3281 3124 3407 3193 πρός
3456 3123 3623 3181 αὐτήν
3681 3127 3796 3177 ὅσον
3844 3125 3915 3177 ού-

585 3201 839 3268 futuras,
863 3202 1003 3257 etad
1020 3202 1212 3272 ipsam
1242 3218 1379 3258 mox
1405 3218 1533 3258 esse
1552 3208 1827 3257 venturas
1846 3219 2235 3275 perconsum-

584 3289 928 3344 mationem.
962 3289 1167 3362 Itaque
1206 3291 1286 3345 sic
1326 3291 1562 3346 fuerunt
1604 3291 1845 3356 aﬁectaa,
1890 3292 2136 3363 perinde
2170 3309 2238 3346 ac

586 3378 635 3434 si
664 3378 961 3434 venissent
1003 3378 1081 3434 ad
1121 3379 1417 3435 thalamos
1464 3382 1721 3446 sororis;
1757 3386 2039 3451 erantque
2069 3379 2239 3433 valde

586 3467 738 3522 laetae
776 3471 827 3521 et
861 3466 1052 3538 plenae
1082 3467 1401 3539 voluptate,
1436 3474 1501 3523 ut
1534 3486 1668 3540 quae
1698 3486 1829 3524 eam
1878 3470 2239 3527 deducerent

583 3555 662 3611 ad
709 3555 1027 3622 thalamos,
1062 3557 1119 3611 in
1169 3574 1322 3629 quos
1365 3573 1484 3613 non
1528 3558 1689 3614 cadit
1730 3558 2015 3626 interitus,
2065 3563 2121 3616 et
2179 3566 2241 3619 ut

583 3659 658 3701 ne
706 3644 849 3715 ipsae
895 3644 971 3699 ab
1021 3644 1091 3699 iis
1139 3651 1333 3701 essent
1380 3652 1623 3702 remotas
1653 3656 2064 3720 properarent.
2121 3653 2235 3709 Sed

576 3732 761 3804 judex
783 3732 1015 3787 etiamsi
1046 3737 1164 3788 tam
1188 3734 1318 3789 forti
1352 3740 1403 3790 et
1436 3742 1556 3791 tam
1584 3738 1815 3793 excelso
1849 3739 2234 3796 fuissentani-

582 3836 686 3877 mo
722 3820 793 3875 ad
824 3827 1200 3890 conspectum
1219 3824 1451 3890 sororis,
1471 3840 1589 3879 non
1607 3826 1944 3896 desperavit
1959 3836 2153 3883 tamen
2170 3848 2232 3884 se

582 3926 683 3965 eas
711 3924 839 3963 esse
868 3924 1297 3979 persuasurum
1336 3928 1349 3976 ;
1398 3913 1493 3966 sed
1542 3914 1627 3981 (ut
1672 3920 1757 3969 est
1795 3916 1853 3970 in
1898 3920 2229 3987 proverbio)

582 4013 824 4054 omnem
857 3998 1042 4052 movit
1071 3997 1352 4069 lapidem,
1390 4001 1603 4071 partim
1645 4004 1887 4075 quidem
1916 4007 2091 4062 minis
2118 4015 2231 4064 tor-

580 4091 917 4144 mentorum
947 4091 1177 4143 tentans
1208 4104 1409 4143 earum
1432 4090 1787 4148 labefactare
1810 4096 2076 4151 animum
2100 4114 2229 4169 par-

580 4176 685 4231 tim
729 4182 927 4231 autem
953 4176 1247 4232 bonorum
1265 4181 1833 4249 promissisillicere;
1863 4189 1937 4252 et,
1972 4184 2031 4241 Si
2056 4190 2228 4243 sacri—

577 4265 914 4331 ﬁcaveritis,
939 4266 1146 4337 inquit,
1181 4268 1437 4324 scribam
1456 4271 1648 4326 statim
1681 4274 1756 4328 ad
1784 4274 2223 4347 imperatorem.

577 4353 677 4409 Ille
717 4358 915 4410 autem
948 4356 1213 4425 pecuniis
1244 4362 1301 4411 et
1346 4352 1563 4429 opibus
1595 4361 1789 4416 multis
1821 4380 1925 4418 vos
1956 4365 2223 4431 donabit,

2348 3197 2487 3252 δέπω
2536 3210 2787 3275 χωρῆσαι
2844 3202 2937 3256 διὰ
3006 3215 3095 3267 τῆς
3144 3208 3307 3270 αὐτῆς
3378 3210 3688 3275 τελειώσεως
3760 3214 3910 3285 ἀμέλει

2348 3293 2436 3339 καὶ
2508 3292 2572 3349 ὡς
2623 3290 2705 3342 ἐπὶ
2758 3291 3039 3357 παστάδας
3086 3304 3180 3359 τῆς
3238 3296 3459 3371 ἀδελφῆς
3510 3301 3747 3356 ἐλθοῦσαι
3793 3304 3910 3355 οὕτω

2353 3372 2621 3443 διέκειντο,
2672 3386 2759 3432 καὶ
2814 3380 3034 3455 φαιδραί
3080 3405 3134 3438 τε
3190 3388 3323 3445 ἦσαν
3367 3395 3453 3442 xui
3496 3388 3686 3453 ἡδονῆς
3720 3400 3906 3463 μεσταί,

2352 3466 2435 3517 οἵα
2493 3466 2574 3518 ἐπὶ
2623 3473 2741 3531 τοὺς
2790 3470 3078 3545 ἀκηράτους
3128 3486 3401 3549 νυμφῶνας
3446 3478 3661 3543 ἐκείνους
3701 3486 3907 3553 προπέμ-

2350 3575 2545 3608 πουσαι
2595 3560 2807 3623 ταύτην,
2853 3561 2919 3611 ὧν
2968 3560 3106 3633 μηδὲ
3165 3566 3317 3619 αὐταὶ
3374 3566 3716 3639 ἀπολειφθῆναι
3765 3571 3899 3627 ήπεί-

2344 3664 2512 3716 γοντο.
2548 3647 2684 3699 Ἀλλ’
2730 3651 2753 3699 ὁ
2799 3646 3077 3715 δικαστής,
3132 3659 3305 3707 καίτοι
3350 3663 3574 3728 γενναίως
3618 3659 3738 3710 οὕτω
3783 3655 3886 3709 δια-

2344 3737 2582 3787 τεθεισῶν
2632 3747 2729 3789 τῶν
2777 3741 3038 3813 παρθένων
3084 3747 3211 3814 πρὸς
3258 3750 3350 3803 τήν
3395 3752 3486 3808 τής
3532 3744 3884 3819 ἀδελφῆςὸψιν,

2343 3825 2481 3894 ὅμως
2528 3830 2583 3877 τό
2642 3832 2833 3880 πείσειν
2882 3831 3043 3889 αὐτὴν
3088 3832 3181 3884 ούκ
3230 3832 3450 3907 ἀπέγνω.
3495 3837 3621 3890 Ἀλλ’
3655 3839 3827 3910 (ὥσπερ
3871 3839 3893 3888 ό

2342 3911 2508 3982 λόγος)
2565 3917 2729 3967 πάντα
2783 3917 2921 3969 λίθον
2974 3920 3145 3973 ἐκίνει⁶
3206 3931 3351 3976 τοῦτο
3404 3929 3493 3997 μὲν
3544 3926 3763 3988 ἀπειλαῖς
3815 3925 3898 3998 βαο

2342 4003 2507 4051 σάνων
2561 4011 2852 4057 κατασείειν
2911 4009 3076 4060 αὐτῶν
3126 4015 3183 4063 τό
3240 4013 3449 4088 στερρόν
3502 4025 3593 4068 τοῦ
3672 4022 3901 4089 φρονήμα·

2339 4106 2445 4152 τος,
2497 4100 2647 4143 τοῦτο
2699 4090 2755 4145 δὲ
2808 4101 2895 4148 καὶ
2950 4096 3159 4167 ἀγαθῶν
3205 4101 3534 4173 ἐπαγγελίαις
3595 4105 3899 4158 ύποκλέπτειν

2339 4178 2517 4239 αύταῐς
2572 4187 2892 4253 πειρώμενος·
2950 4192 3038 4239 καὶ
3090 4191 3154 4249 ὡς
3200 4191 3257 4241 Εἰ
3306 4193 3508 4256 θύσετε,
3562 4194 3901 4267 φησὶ,γράψω

2336 4278 2670 4341 παραχρῆμα
2722 4280 2791 4341 τῷ
2864 4273 3089 4345 βασιλεῖ.
3146 4278 3203 4330 '0
3264 4276 3324 4332 δὲ
3379 4287 3464 4333 καὶ
3524 4289 3771 4356 χρήμασι
3833 4286 3904 4332 καὶ

2336 4356 2538 4429 πλούτῳ
2599 4360 2766 4433 πολλῷ
2819 4372 3106 4437 χαριεῖται,
3149 4374 3237 4421 xui
3293 4367 3519 4434 ἀνδράσι
3559 4377 3691 4443 γένει
3733 4393 3782 4426 τε
3831 4376 3903 4422 καὶ

576 4458 803 4513 vosque
841 4444 983 4497 viris
1017 4459 1229 4511 genere
1268 4450 1323 4499 et
1379 4446 1659 4513 dignitate
1709 4451 2051 4507 clarissimis
2094 4472 2222 4509 con-

2338 4445 2597 4519 ἀξιώμασι
2661 4457 3116 4525 περιφανεστάτοις
3182 4464 3305 4527 πρὸς
3388 4463 3557 4533 γάμον
3613 4464 3741 4535 ὑμᾶς
3808 4481 3903 4513 σνν-

570 4529 781 4599 jungat
806 4530 1207 4595 matrimonio,
1249 4536 1303 4586 et
1348 4533 1657 4590 invenietis
1708 4554 1959 4609 sponsos
2008 4542 2221 4611 dignos

575 4621 769 4673 vestra
798 4616 1255 4687 pulchritudine.

645 4705 828 4762 VlI.Et
842 4705 889 4761 is
910 4707 1153 4779 quidem
1168 4708 1322 4775 haec;
1349 4708 1459 4765 illa;
1474 4716 1668 4767 autem
1688 4729 1699 4767 :
1722 4716 2220 4789 Quousque,dice-

574 4795 731 4861 bant,
763 4810 884 4850 non
915 4796 1194 4863 cessabis,
1220 4798 1415 4863 miser,
1445 4814 1561 4853 non
1578 4808 1781 4857 nostro
1804 4804 1992 4861 solum
2014 4825 2217 4881 scopo,

572 4884 857 4939 sedetiam
876 4884 976 4939 tibi
994 4886 1110 4955 ipsi
1138 4886 1333 4941 dicere
1361 4890 1656 4945 contraria
1676 4890 1771 4946 ?et
1790 4909 1945 4949 nunc
1973 4898 2215 4967 quidem

571 4988 681 5027 nos
702 4988 911 5027 vocare
961 4990 1190 5030 sorores
1233 4975 1409 5045 hujus
1440 4978 1642 5044 beatae,
1676 4996 1835 5036 nunc
1876 4990 2073 5040 autem
2108 5004 2215 5043 nos

571 5061 837 5129 aggredi,
870 5067 1154 5135 tanquam
1200 5064 1446 5134 alienas,
1481 5072 1537 5122 et
1586 5084 1716 5139 qua;
1768 5070 1931 5127 facile
1964 5084 2214 5145 possunt

571 5146 764 5235 vinci?
802 5150 854 5205 Si
880 5166 987 5205 nos
1011 5168 1150 5221 ergo
1184 5153 1485 5210 credidisti
1527 5172 1657 5211 esse
1704 5176 1934 5216 sorores
1974 5180 2208 5235 genere,

569 5234 720 5288 hanc
751 5237 922 5291 etiam
948 5255 1055 5309 pro
1078 5242 1292 5310 pietate
1322 5246 1733 5311 constantiam,
1768 5253 1823 5303 et
1852 5234 1995 5307 nihil
2017 5254 2211 5325 abjec-

568 5326 731 5377 ctum
753 5327 808 5378 et
826 5325 1126 5396 illiberale,
1156 5348 1349 5404 neque
1379 5334 1475 5391 tali
1508 5353 1729 5403 sorore,
1759 5355 1952 5413 neque
1985 5343 2101 5408 illa,
2138 5362 2206 5400 ex

566 5412 813 5481 quatres
837 5417 984 5468 rami
1015 5418 1124 5471 orti
1152 5436 1379 5491 sumus,
1434 5424 1632 5481 radice
1662 5427 1976 5497 indignum
2007 5432 2205 5489 inven-

566 5501 766 5590 turum
784 5498 1067 5590 existima.
1088 5506 1185 5559 Sin
1198 5513 1393 5566 autem
1411 5513 1498 5568 vis
1514 5516 1678 5581 scire,
1693 5517 1891 5590 qualis
1906 5520 1981 5574 sit
2002 5526 2204 5580 nostra

571 5587 923 5653 constantia,
953 5602 1022 5642 ex
1044 5605 1113 5646 ea
1142 5608 1270 5667 quae
1301 5604 1639 5670 prmcessita
1661 5587 1896 5665 ccurate
1922 5609 2196 5682 intellige.

2334 4536 2502 4605 άψειε,
2554 4544 2641 4591 καὶ
2686 4540 2861 4604 ἀξίους
2905 4552 2994 4596 τοῦ
3051 4546 3268 4609 κάλλους
3320 4550 3461 4620 ὑμῶν
3514 4554 3755 4624 εὑρήσετε
3806 4555 3905 4609 τοὺς

2331 4632 2600 4698 νυμφίους.

2402 4716 2472 4769 Ζ’.
2512 4723 2606 4769 Καὶ
2637 4720 2661 4769 ὁ
2691 4724 2779 4790 μὲν
2807 4730 2990 4774 ταῦτα·
3027 4726 3080 4775 αἰ
3111 4721 3190 4790 δε,
3222 4731 3398 4799 Μέχρι
3451 4733 3610 4797 τίνος,
3662 4732 3816 4796 εἶπον,
3858 4728 3904 4780 οὗ

2329 4809 2529 4878 παύση,
2592 4808 2754 4873 ἄθλιε,
2814 4806 2872 4861 οὗ
2925 4820 2995 4881 τῷ
3058 4814 3282 4888 ἡμετέρῳ
3334 4822 3487 4886 μόνον
3548 4830 3748 4891 σκοπῷ,
3799 4818 3903 4869 ἀλλὰ

2327 4902 2415 4948 καὶ
2472 4906 2670 4967 σεαυτῷ
2725 4902 2785 4950 τά
2842 4900 3043 4953 ἐναντία
3097 4899 3453 4976 διαλεγόμενος
3492 4924 3505 4973 ;
3549 4914 3637 4961 xui
3695 4918 3780 4962 νῦν

2327 4981 2547 5054 ἀδελφὰς
2600 4989 2735 5058 ἡμᾶς
2788 4997 2877 5047 τῆς
2934 4996 3191 5062 μακαρίας
3238 4996 3432 5055 ταύτης
3479 4996 3665 5059 καλῶν,
3728 5006 3810 5049 νῦν
3855 4993 3903 5047 δε

2324 5075 2391 5132 ὡς
2440 5075 2732 5147 ἀλλοτρίαις
2808 5081 2986 5138 οὔσαις
3040 5079 3368 5152 εὖχειρώτοις
3421 5084 3802 5156 προσϐάλλων;
3854 5084 3901 5136 Εἰ

2320 5168 2487 5213 τοίνυν
2544 5161 2760 5235 ἀδελφὰς
2809 5168 2935 5217 εἶναι
2985 5171 3041 5218 τὸ
3098 5173 3235 5239 γένος
3279 5176 3646 5237 πεπίστευκας,
3702 5172 3903 5242 ἀδελφὰς

2318 5257 2407 5303 καὶ
2462 5258 2551 5309 τήν
2606 5255 2764 5311 καλήν
2816 5260 3007 5313 ταύτην
3054 5259 3179 5330 ὑπὲρ
3220 5267 3315 5321 τῆς
3363 5261 3629 5325 εὐσεϐείας
3678 5268 3901 5317 ἔνστασιν

2318 5341 2664 5407 ὑπολάμϐανε,
2724 5348 2810 5394 καὶ
2880 5342 3043 5413 μηδὲν
3100 5345 3298 5417 ἀγεννὲς
3366 5348 3411 5399 ἐν
3480 5353 3604 5420 ἡμῖν
3683 5354 3902 5425 εὑρήσειν

2316 5426 2453 5501 μηδὲ
2536 5429 2762 5503 ἀδελφὴς
2840 5438 3087 5496 τοιαύτης
3166 5433 3303 5507 μηδὲ
3380 5440 3538 5512 ῥίζης
3590 5440 3781 5501 ἐκείνης
3855 5436 3903 5497 ἧς

2314 5522 2361 5572 οἱ
2438 5528 2574 5593 τρεῖς
2620 5524 2802 5594 ἔφυμεν
2873 5520 3058 5576 κλάδοι
3114 5525 3337 5589 ἀνάξιον.
3412 5530 3473 5580 Εἰ
3524 5527 3584 5582 δε
3639 5537 3727 5584 xui
3791 5532 3897 5601 περὶ

2313 5611 2455 5683 ἡμῶν
2506 5608 2678 5683 βούλει
2731 5613 2911 5683 μαθεῖν
2974 5613 3127 5667 ὁποῖα
3174 5616 3233 5667 οἶν
3277 5621 3365 5675 τὴν
3419 5620 3667 5673 ἔνστασιν
3714 5623 3897 5694 εἴημεν,
