4142 6278
287 265 390 321 661

1179 263 1625 320 MARTYRIUM
1665 264 1724 320 S.
1768 263 2189 324 MENODORJE
2227 268 2314 324 ET
2353 270 2742 334 SOCIARUM.

3535 283 3644 338 662

290 388 392 442 ἀπὸ
442 397 538 450 τῆς
588 387 956 461 προλαϐούσης
1003 387 1226 463 ἀκριϐῶς
1267 391 1508 462 μάνθανε.
1543 388 1604 442 Εἰ
1646 392 1748 461 γὰρ
1795 393 1884 442 καὶ

2000 391 2048 447 Si
2082 393 2240 448 enim
2267 411 2359 460 ea,
2381 411 2520 453 eum
2539 399 2770 456 nullum
2797 400 3040 460 haberet
3053 405 3357 478 exemplar
3377 407 3642 478 proposi-

289 484 458 552 χωρὶς
503 475 882 550 ύποδείγματος
925 478 1207 536 τηλικαύτη
1259 481 1402 550 ὤφθη
1447 483 1540 536 τὴν
1585 477 1789 552 ἀρετὴν,
1836 483 1885 530 τί

289 588 412 620 ποτε
470 565 529 618 ἂν
585 569 732 638 ἡμεῖς
789 564 1078 640 δράσαιμεν
1135 571 1257 640 πρὸς
1309 575 1539 619 τοιοῦτον
1593 565 1889 638 ὑπόδειγμα

290 661 384 715 τὴν
438 654 662 728 ἀδελφὴν
725 655 1051 728 βλέπουσαι;
1113 655 1177 708 ⁴Η
1232 656 1335 726 οὐχ
1389 658 1510 728 ὁρᾷς
1571 659 1708 716 ὅπως
1753 658 1888 726 ἡμᾶς

291 751 379 798 καὶ
429 750 628 816 κειμένη
684 750 1048 820 προτρέπεται,
1098 750 1187 797 καὶ
1229 753 1322 806 τῆς
1365 750 1662 816 συγγενείας
1702 747 1889 816 ὑπομι-

291 841 527 907 μνήσκει,
585 843 671 886 καί
723 839 848 907 πρὸς
899 840 986 887 τὸν
1041 838 1216 906 ὅμοιον
1272 833 1654 908 παραθαρῥύνει
1711 833 1888 898 ζῆλον,

293 924 446 975 καλὸν
514 923 798 982 ἀθλήσεται
849 927 1007 977 τύπον
1081 925 1266 982 ἑαυτὴν
1344 931 1740 996 παρασχοῦσα;
1793 921 1890 980 Ἦς

293 1011 416 1066 οὐδὲ
465 1011 956 1086 ἁπολειφθησόμεθα
1003 1015 1136 1078 ἴσθι,
1189 1010 1311 1065 οὐδὲ
1369 1018 1463 1071 τὴν
1510 1011 1705 1071 ἐκείνης
1753 1011 1891 1081 εὐγέ-

294 1122 429 1154 νειαν
483 1102 820 1174 ἀτιμάσομεν.
906 1103 980 1154 Ού
1065 1103 1366 1173 ψευσόμεθα
1440 1105 1555 1160 τοὺς
1634 1105 1889 1164 τεκόντας,

295 1192 482 1250 ἐκείνης
539 1194 762 1263 πατέρας
823 1187 950 1243 εἶναι
999 1193 1274 1242 πείθουσαι
1319 1194 1494 1262 μόνης,
1543 1189 1584 1240 εἰ
1639 1193 1756 1262 περὶ
1805 1193 1892 1244 τὴν

295 1279 531 1331 ἀσέϐειαν
611 1282 747 1351 ἡμᾶς
847 1277 1267 1350 κινδυνεύσομεν.
1353 1278 1570 1353 Ἐῥρἐτω
1651 1277 1889 1340 πλούτος,

293 1367 476 1442 ἐῤῥέτω
531 1365 679 1434 δόξα,
727 1371 790 1420 τὰ
848 1367 931 1420 ἐπὶ
985 1378 1081 1440 γῆς
1137 1377 1302 1420 ταυτα
1353 1373 1442 1420 καὶ
1491 1367 1558 1427 εἰς
1601 1375 1698 1437 γῆν
1749 1362 1893 1425 αὖθις

291 1459 503 1532 ῥέοντα·
595 1456 880 1532 ἐρῥέτῶσαν
973 1460 1191 1530 φθαρτοὶ
1271 1466 1584 1528 μνηστῆρες.
1667 1454 1892 1526 Ἐχομεν

295 1549 523 1620 Χριστόν
609 1549 757 1617 ἡμεῖς
827 1551 912 1598 τὸν
966 1549 1205 1618 ἡμέτερον
1276 1551 1513 1617 νυμφίον,
1569 1545 1628 1596 οὗ
1685 1540 1892 1616 σφόδρα

293 1633 501 1708 ἐρῶμεν,
625 1641 712 1687 καὶ
749 1643 936 1708 προῖκα
984 1639 1135 1706 μόνον
1185 1639 1270 1686 τὸν
1315 1636 1440 1708 ὑπὲρ
1487 1633 1645 1685 αὐτοῦ
1697 1630 1890 1684 δοῦσαι

1997 487 2144 548 tum,
2169 489 2394 540 tantam
2417 489 2673 544 ostendit
2697 491 2993 560 virtutem,
3015 493 3304 564 quidnam
3329 495 3640 552 fecerimus

2001 587 2106 626 nos
2139 573 2249 628 tale
2279 577 2601 646 exemplar,
2643 593 2858 649 nempe
2897 597 3185 647 sororem,
3230 584 3582 654 aspicientes
3611 584 3639 640 ?

1999 664 2084 714 An
2119 677 2236 716 non
2269 663 2453 728 vides,
2485 667 2994 735 quemadmodum
3031 669 3132 726 illa
3166 671 3252 725 vel
3295 672 3501 740 jacens
3528 687 3640 728 nos

1999 749 2357 816 adhortatur,
2399 758 2455 806 et
2476 755 2886 822 cognationem
2920 764 3156 814 revocat
3180 760 3238 814 in
3263 761 3640 827 memoriam,

1999 843 2055 892 et
2085 839 2158 892 ad
2191 839 2366 894 talem
2391 842 2580 898 zelum
2621 844 2794 898 nobis
2835 846 2998 901 addit
3037 848 3326 914 animum,
3380 849 3640 918 seipsam

2001 930 2268 997 praebens
2301 930 2610 1000 pulchrum
2639 935 2944 1005 exemplar
2973 936 3388 992 decertationis
3408 936 3494 992 ?A
3521 953 3643 1010 qua

1999 1023 2158 1072 certo
2191 1019 2340 1074 scias
2371 1035 2480 1074 nos
2511 1037 2628 1076 non
2659 1037 2785 1077 esse
2823 1023 3206 1090 discessuras,
3249 1041 3444 1098 neque
3483 1025 3640 1082 illius

2000 1106 2356 1162 nobilitatem
2415 1109 2724 1165 habituras
2763 1113 3146 1183 contemptui.
3194 1117 3320 1168 Non
3367 1113 3642 1168 fallamus

2003 1202 2300 1263 parentes,
2329 1197 2480 1250 illius
2509 1198 2694 1252 solius
2723 1205 2991 1269 parentes
3029 1216 3156 1256 esse
3195 1202 3640 1272 persuadentes,

2005 1283 2048 1334 si
2107 1282 2167 1335 in
2223 1283 2554 1352 periculum
2610 1287 2918 1342 veniamus
2972 1288 3046 1342 de
3101 1289 3334 1359 pietate.
3405 1289 3646 1346 Valeant

2003 1369 2244 1434 divitiae,
2291 1371 2480 1426 valeat
2527 1372 2715 1440 gloria
2763 1379 2820 1428 et
2875 1375 2998 1430 haec
3048 1393 3178 1446 quae
3235 1383 3372 1433 sunt
3419 1392 3450 1432 e
3489 1382 3645 1434 terra

2001 1463 2058 1512 et
2093 1473 2298 1513 rursus
2345 1460 2404 1514 in
2457 1467 2668 1516 terram
2729 1468 3117 1520 revertuntur.
3163 1465 3410 1522 Valeant
3459 1465 3640 1537 proci,

2001 1546 2058 1600 in
2091 1563 2243 1616 quos
2301 1549 2457 1604 cadit
2503 1550 2788 1606 interitus.
2845 1553 3154 1609 Habemus
3196 1570 3306 1608 nos
3347 1555 3641 1609 Christum

2003 1640 2268 1691 nostrum
2285 1652 2788 1710 sponsum,quem
2811 1641 2980 1696 valde
2993 1657 3290 1708 amamus,
3314 1645 3368 1698 et
3386 1642 3478 1698 cui
3507 1658 3643 1698 cum

296 1726 530 1788 θάνατον,
563 1721 841 1784 παστάδας
869 1744 922 1776 τε
973 1727 1126 1799 ἱερὰς,
1159 1730 1248 1776 καὶ
1277 1723 1533 1795 θαλάμους
1577 1721 1883 1784 ἀθανάτους,

2000 1723 2188 1778 dotem
2205 1724 2386 1780 solum
2401 1726 2896 1792 dederimus,eam
2907 1746 3081 1801 quam
3102 1746 3208 1800 pro
3221 1731 3354 1801 ipso
3371 1730 3645 1786 subimus

227 1827 231 1829 ·
293 1817 381 1864 καὶ
430 1821 700 1883 νυμφῶνας
751 1809 1004 1873 διηνεκεῖς
1037 1811 1408 1883 ἁντιλάϐοιμεν,
1441 1815 1530 1862 καὶ
1577 1814 1695 1884 παρ’
1748 1809 1887 1878 αύτῷ

293 1899 540 1972 λαμπρῶς
571 1899 968 1972 βασιλεύσομεν.

367 1991 442 2043 H'.
491 1993 624 2061 Πρὸς
669 1997 834 2040 ταῦτα
877 1991 902 2040 ὁ
949 1987 1227 2054 δικαστὴς,
1259 1985 1414 2048 εἰδὼς
1444 1989 1511 2048 ὡς
1558 1987 1758 2039 ἀνύσειε
1800 1989 1886 2057 μὲν

293 2077 440 2130 πλέον
499 2075 666 2140 οὐδὲν,
725 2079 1082 2150 φλεγμαίνοντι
1135 2075 1193 2130 δὲ
1234 2081 1364 2148 ὅμως
1415 2087 1486 2146 τῷ
1540 2079 1683 2145 θυμῷ
1734 2095 1890 2148 χαρι-

295 2167 526 2234 ζόμενος,
573 2171 664 2223 τὴν
708 2164 953 2240 δευτέραν
1007 2176 1104 2218 τῶν
1150 2164 1378 2238 ἀδελφῶν
1426 2162 1640 2237 δευτέρᾳ
1693 2161 1890 2218 δίδωσι

291 2263 408 2315 ταῖς
457 2253 728 2325 βασάνοις.
765 2261 864 2308 Καὶ
914 2255 1213 2328 μετεωρίζει
1265 2259 1354 2326 μὲν
1399 2254 1480 2306 ἐπὶ
1528 2262 1618 2305 τού
1664 2253 1815 2315 ξύλου
1858 2255 1886 2310 ἡ

289 2349 498 2412 γενναία
578 2347 707 2412 γυνὴ
795 2341 1146 2416 Μητροδώρα,
1231 2340 1500 2414 λαμπάδες
1589 2339 1646 2394 δε
1729 2346 1892 2414 πυρὸς

294 2429 521 2484 διέκαιον
577 2431 736 2490 αὐτὴν
788 2434 1072 2484 πάντοθεν·
1107 2437 1196 2484 καὶ
1249 2434 1392 2503 ὡρῶν
1447 2428 1542 2482 δύο
1595 2439 1656 2502 τῇ
1708 2431 1894 2488 ἀπηνεί

287 2524 449 2593 ταύτῃ
533 2525 808 2592 πιεζομένη
885 2521 1113 2586 κολάσει,
1190 2525 1274 2572 τὸν
1345 2519 1568 2591 ἐραστὴν
1648 2518 1890 2572 ἐπεϐοᾶτο

288 2615 460 2682 μόνον,
521 2614 610 2660 καὶ
687 2613 780 2667 τὴν
852 2608 1038 2660 ἐκεῖθεν
1112 2609 1280 2660 ἐκάλει
1353 2607 1671 2678 ἐπικουρίαν.
1729 2607 1890 2660 Ἀλλὰ

288 2703 390 2771 μὴν
445 2695 567 2751 οὐδὲ
625 2707 720 2759 τῆς
777 2694 1050 2760 εἰδωλικῆς
1103 2699 1279 2769 ἠμέλει
1329 2697 1555 2762 ἀπάτης,
1605 2696 1711 2747 ἀλλ’
1765 2695 1886 2767 ἐμυ-

286 2791 504 2861 κτὴριζέ
529 2808 581 2839 τε
614 2788 776 2845 αὐτὴν
807 2791 916 2850 καὶ,
950 2790 1070 2857 ὅπερ
1105 2785 1164 2844 ἧν
1210 2786 1432 2850 ἀληθῶς,
1465 2787 1728 2856 αἰσχύνην
1760 2781 1890 2837 ἐδεί-

287 2897 378 2927 κνυ
434 2881 522 2926 καὶ
593 2875 812 2943 γέλωτα.
869 2873 1046 2926 ’Ἔνθεν
1113 2895 1194 2925 τοι
1243 2879 1333 2924 καὶ
1383 2877 1600 2942 κατάγει
1655 2877 1742 2942 μεν
1796 2877 1888 2928 τὴν

286 2968 522 3032 γενναίαν
583 2963 768 3016 ἐκεῖθεν
795 2980 806 2992 ·
841 2963 1062 3032 μοχλοῖς
1111 2959 1169 3014 δὲ
1215 2959 1452 3032 σιδηροῖς
1499 2960 1774 3012 ὑποϐάλλει
1801 2965 1889 3012 καὶ

2001 1818 2267 1882 mortem,
2303 1830 2501 1870 sacros
2531 1815 2896 1872 immortales
2925 1822 2978 1874 et
3005 1821 3254 1874 aeternos
3282 1819 3644 1890 accipiemus

2000 1900 2314 1968 thalamos,
2357 1907 2413 1958 et
2469 1905 2744 1974 praeclare
2783 1907 2943 1976 apud
2991 1907 3188 1977 ipsum
3235 1907 3641 1976 regnabimus.

2073 1991 2204 2044 Vlll.
2231 1993 2310 2046 Ex
2333 1991 2422 2045 his
2440 1992 2966 2064 intelligensjudex
2993 2011 3054 2050 se
3081 1995 3484 2067 nihilquidem
3512 1994 3646 2050 effe-

2000 2081 2254 2143 cturum,
2295 2078 2543 2136 ferventi
2575 2086 2772 2137 tamen
2803 2083 2902 2138 iraa
2942 2083 3280 2153 indulgens,
3316 2082 3643 2138 secundam

2001 2183 2264 2222 sororem
2301 2184 2570 2224 seorsum
2599 2170 2694 2224 dat
2716 2172 2973 2226 secundo
2994 2171 3126 2227 loco
3143 2171 3559 2242 torquendam.
3583 2173 3647 2226 Et

2003 2255 2254 2310 sublime
2283 2257 2522 2328 quidem
2552 2257 2610 2312 in
2640 2257 2800 2328 ligno
2828 2259 3044 2329 pendet
3087 2260 3403 2316 mulierum
3454 2259 3644 2313 fortis-

2004 2344 2151 2399 sima
2165 2345 2515 2410 Metrodora,
2533 2345 2840 2417 lampades
2856 2351 3054 2402 autem
3069 2347 3220 2418 ignis
3241 2363 3376 2403 eam
3391 2346 3646 2402 urebant

2003 2450 2072 2488 ex
2103 2433 2263 2488 omni
2289 2439 2486 2505 parte;
2520 2441 2722 2490 etcum
2737 2436 2927 2504 spatio
2945 2435 3204 2491 duarum
3225 2436 3508 2490 horarum
3530 2434 3645 2490 hoc

2001 2522 2164 2590 gravi
2197 2526 2562 2592 premeretur
2588 2522 2894 2593 supplicio,
2930 2523 3120 2578 solum
3147 2539 3322 2578 suum
3349 2521 3644 2578 clamabat

2000 2615 2352 2674 amatorem,
2386 2614 2442 2664 et
2466 2610 2594 2678 ejus
2621 2610 2940 2666 invocabat
2965 2610 3274 2666 auxilium.
3309 2609 3422 2666 Sed
3448 2623 3644 2681 neque

1999 2697 2296 2752 idolorum
2327 2697 3108 2769 negligebatdeceptionem,
3133 2698 3236 2754 sed
3259 2703 3316 2754 et
3343 2713 3478 2754 eam
3505 2698 3644 2754 sub-

1999 2785 2314 2850 sannabat,
2330 2790 2402 2852 et,
2419 2785 2478 2840 id
2491 2786 2652 2856 quod
2667 2789 2792 2842 erat
2803 2802 3028 2853 revera,
3045 2791 3275 2857 turpem
3289 2785 3644 2842 ostendebat

2000 2879 2054 2927 et
2085 2873 2416 2927 ridiculam.
2463 2874 2746 2944 Deinceps
2778 2879 2977 2930 autem
3005 2889 3356 2944 generosam
3395 2873 3642 2944 quidem

2001 2959 2158 3012 illam
2185 2959 2472 3030 virginem
2503 2960 2660 3016 illinc
2689 2961 3164 3028 deducit,ferreis
3189 2977 3330 3015 vero
3372 2960 3641 3016 vectibus

288 3056 346 3103 τό
404 3058 504 3103 πᾶν
562 3051 724 3112 αὐτῆς
797 3055 962 3114 πιέζει
1031 3059 1182 3121 σῶμα
1237 3055 1326 3100 καὶ
1382 3048 1630 3118 καταθλᾷ.
1687 3049 1886 3104 Ἐκείνη

2002 3045 2243 3115 subjicit
2265 3053 2319 3102 et
2354 3047 2686 3104 universum
2718 3049 2848 3119 ejus
2863 3065 3072 3120 corpus
3101 3047 3642 3120 premitetconfrin-

287 3145 462 3212 μέντοι
505 3146 598 3197 τὴν
643 3144 794 3211 φύσιν
841 3137 948 3197 ἤδη
1001 3139 1435 3210 ἁπαγορεύσασαν
1483 3137 1786 3208 αἰσθομένη,
1821 3144 1888 3206 τῷ

287 3230 568 3300 φιλουμένῳ
621 3229 860 3280 συλλαλεῖ
895 3233 1136 3300 Νυμφίῳ,
1171 3229 1253 3280 οἶα
1285 3224 1350 3282 δὲ
1396 3224 1488 3278 διὰ
1529 3235 1618 3278 τοῦ
1667 3227 1886 3277 θανάτου

288 3322 412 3389 πρὸς
485 3318 639 3369 αὑτὸν
697 3317 1090 3380 πλησιάζουσα,
1145 3321 1234 3367 καὶ
1287 3319 1372 3367 τόν
1433 3323 1678 3386 νυμφῶνα
1731 3314 1884 3386 ἑαυτῇ

285 3407 795 3478 προπαρασκευάζει.
849 3403 976 3458 Εἶτα
1027 3411 1116 3456 καὶ
1199 3409 1290 3462 τὴν
1344 3403 1522 3474 ψυχὴν
1576 3411 1688 3464 ταῖς
1738 3402 1888 3474 ἀγγέ-

283 3495 379 3546 λων
427 3501 586 3567 χερσὶ
636 3499 890 3561 πιστεύει,
923 3501 1008 3546 xui
1061 3496 1150 3552 ὅλη
1199 3497 1323 3565 πρὸς
1363 3493 1517 3544 αὑτὸν
1564 3489 1798 3564 ἐκδημεῖ.
1828 3493 1886 3544 Ὀ

285 3587 576 3658 παράνομος
606 3581 664 3636 δὲ
711 3587 892 3656 ἄρχων
941 3583 1128 3644 ἐκεῖνος
1159 3590 1268 3644 τοῖς
1315 3582 1450 3642 ὅλοις
1499 3581 1883 3655 ἀπαγορεύσας,

283 3679 372 3725 καὶ
426 3678 483 3725 τὸ
539 3683 630 3734 τῆς
683 3673 946 3744 αἰσχύνης
997 3674 1243 3744 ὑπερφυὲς
1291 3673 1581 3740 ὑπενεγκεῖν
1626 3671 1684 3720 ού
1731 3667 1888 3722 δυνά-

284 3783 453 3834 μενος,
504 3762 773 3814 ύπελίπετό
821 3781 938 3812 τινα
991 3762 1131 3831 ὅμως
1175 3759 1340 3830 ἐαυτῷ
1391 3761 1744 3834 παραμυθίαν,
1795 3765 1885 3817 τὴν

283 3856 462 3922 τρίτην
513 3861 610 3902 τῶν
668 3847 937 3921 ἀδελφῶν·
999 3854 1088 3900 καὶ
1148 3849 1616 3920 παραστησάμενος
1672 3855 1886 3918 Νυμφο-

286 3937 460 4014 δῶραν
491 3943 547 3992 τὸ
593 3946 754 4013 πρᾶον
801 3937 1162 4010 ἀναισχύντως
1199 3943 1286 3989 καὶ
1337 3937 1508 4008 ἱλαρόν
1555 3939 1882 4010 ὑπεκρίνατο,

281 4035 392 4094 καὶ,
441 4031 690 4086 Πείσθητί
740 4048 828 4099 μοι
871 4025 964 4079 κᾶν
1009 4027 1164 4091 αὕτη,
1215 4025 1398 4098 ἔλεγεν,
1447 4026 1486 4076 ὧ
1526 4026 1654 4084 καλὴ
1701 4033 1880 4092 νεᾶνις,

283 4118 343 4176 ἣν
389 4118 488 4189 ἐγὼ
533 4117 680 4170 πλέον
736 4126 834 4168 τῶν
887 4117 1064 4178 ἄλλων,
1125 4118 1178 4167 αἱ
1224 4115 1366 4187 φίλαι
1419 4124 1517 4166 τῶν
1564 4117 1685 4166 θεῶν
1733 4117 1884 4166 ἴσασι

282 4209 513 4278 χάριτες,
567 4212 658 4258 xui
711 4214 802 4258 τοῦ
859 4205 1076 4267 κάλλους
1130 4207 1334 4274 ἄγαμαι
1396 4209 1482 4254 καὶ
1529 4211 1621 4262 τῆς
1678 4203 1884 4262 ἡλικίας

281 4297 548 4368 οἰκτείρω·
581 4297 826 4352 πείσθητί
877 4314 966 4364 μοι
1011 4303 1080 4364 τῷ
1125 4295 1286 4352 οὕτως
1332 4296 1398 4352 ῶς
1449 4288 1638 4349 παιδὸς
1666 4295 1884 4360 γνησίας

285 4403 378 4435 σου
477 4389 868 4454 περικαιομένῳ,
947 4387 1037 4434 καὶ
1121 4381 1509 4453 προσελθοῦσα,
1585 4383 1636 4428 τί
1731 4385 1882 4429 τοῦτο

284 4471 464 4543 βαρύ;
527 4475 886 4544 προσκύνησον
943 4477 1051 4528 τοῖς
1125 4470 1256 4527 θεοῖς
1310 4470 1480 4537 μόνον,
1539 4471 1627 4516 καὶ
1695 4466 1884 4518 αὐτίκα

281 4565 534 4630 μεγίστην
587 4564 674 4632 μὲν
729 4561 922 4610 εἴσεταί
982 4577 1064 4608 σοι
1113 4559 1274 4628 χάριν
1323 4557 1349 4607 ό
1403 4554 1667 4626 βασιλεύς·
1722 4551 1881 4608 δώσει

285 4646 344 4700 δε
389 4653 478 4698 καὶ
526 4653 781 4722 χρήματα
821 4652 908 4698 καὶ
953 4649 1127 4717 τιμὰς,
1173 4651 1260 4696 xui
1304 4649 1362 4696 τό
1407 4663 1462 4715 γε
1505 4645 1700 4715 μεῖξον,
1755 4643 1882 4718 παῤ-

279 4737 470 4811 ῥησίαν
509 4741 601 4794 τὴν
633 4741 760 4808 πρὸς
787 4736 958 4788 αὐτόν.
998 4735 1052 4788 Εἰ
1083 4735 1140 4786 δε
1170 4741 1264 4805 μὴ,
1300 4733 1426 4784 ἀλλὰ
1476 4743 1658 4794 κακῶς,
1697 4732 1874 4804 οἶμοιὲ

281 4831 371 4878 xui
455 4825 584 4882 αύτή
660 4823 854 4888 ἀπολεῖ,
915 4829 1003 4876 καὶ
1061 4821 1212 4874 οὐδὲν
1285 4824 1488 4882 πάντως
1545 4829 1637 4881 τῆς
1694 4827 1880 4894 πικρᾶς

281 4917 470 4974 ταύτης
527 4912 689 4984 ὀνήσῃ
747 4913 984 4973 τελευτῆς
1030 4914 1202 4986 ὥσπερ
1253 4907 1340 4962 οὖν
1398 4908 1512 4962 οὐδ’
1561 4912 1614 4960 αἱ
1664 4906 1880 4982 ἀδελφαὶ

281 5004 412 5060 αὐτῆ
427 5023 447 5063 ς
473 5007 680 5056 ὤναντο.

354 5089 426 5144 Θ’.
481 5091 655 5150 Οὕτως
703 5086 788 5142 οὖν
838 5095 928 5140 τοῦ
984 5090 1242 5162 ἄρχοντος
1291 5089 1574 5161 εἰρηκότος,
1627 5086 1709 5138 ἐπὶ
1753 5086 1881 5156 τέλει

283 5178 342 5232 δε
393 5183 482 5232 καὶ
535 5185 776 5251 φρόνιμον
831 5185 918 5229 xui
974 5187 1072 5228 τῶν
1133 5174 1362 5248 ἀδελφῶν
1419 5179 1759 5247 συνετωτέραν
1816 5176 1882 5227 εἰ·

280 5275 483 5332 πόντος,
530 5267 688 5324 ἐκείνη
743 5275 842 5318 τῶν
894 5265 1055 5318 ἄλλων
1105 5265 1261 5318 αὐτοῦ
1307 5265 1470 5336 λόγων
1522 5267 1620 5316 ὅσα
1663 5269 1750 5316 xui
1793 5263 1879 5321 λιξ-

280 5378 381 5431 ρων
425 5362 786 5430 φροντίσασα·
821 5357 880 5407 τό
929 5359 1170 5428 φρόνιμον
1221 5351 1278 5406 δε
1326 5359 1476 5425 μόνον
1525 5351 1878 5410 ὑπολαϐοῦσα.

285 5445 413 5498 Εἶτα
461 5445 553 5498 ούκ
598 5445 856 5516 αἰσχύνη,
889 5447 1002 5515 ἔφη,
1036 5439 1159 5494 οὐδὲ
1201 5441 1462 5516 ἐρυθριᾷς,
1493 5449 1580 5492 νῦν
1628 5443 1718 5513 μὲν
1763 5446 1880 5516 φρό-

283 5555 428 5607 νιμον
483 5534 770 5608 ὀνομάζων,
829 5539 916 5584 νῦν
993 5528 1052 5585 δε
1108 5535 1194 5584 τὸν
1262 5529 1426 5590 ἀληθῆ
1501 5529 1880 5584 καταλιποῦσαν

2003 3134 2100 3201 git.
2137 3133 2234 3188 llla
2260 3135 2872 3202 autem,defatigatam
2897 3138 3023 3207 jam
3051 3137 3310 3194 sentiens
3339 3141 3640 3202 naturam,

2000 3237 2287 3292 sponsum
2314 3221 2588 3276 dilectum
2603 3223 2939 3293 alloquitur,
2977 3228 3173 3296 utquee
3191 3241 3294 3294 per
3325 3227 3570 3280 mortem
3591 3225 3639 3280 ei

2000 3311 2528 3380 appropinquaret,
2578 3313 2634 3364 et
2682 3310 2794 3364 sibi
2825 3317 2994 3380 parat
3024 3312 3377 3366 thalamum.
3422 3311 3640 3366 Deinde

1999 3397 2266 3452 animam
2279 3413 2449 3451 suam
2467 3397 2649 3452 credit
2671 3397 2948 3452 manibus
2965 3398 3334 3466 angelorum.
3352 3401 3407 3453 et
3419 3403 3543 3452 tota
3563 3398 3641 3454 ad

1996 3487 2192 3558 ipsum
2205 3485 2699 3557 excedit.Iniquus
2715 3489 2912 3544 autem
2927 3484 3022 3540 ille
3027 3485 3214 3556 judex
3226 3501 3393 3557 spem
3406 3501 3637 3540 omnem

1997 3575 2310 3645 abjiciens,
2326 3579 2513 3628 etnon
2527 3573 2729 3628 valens
2745 3573 2890 3628 ferre
2909 3589 3216 3630 summum
3229 3573 3508 3638 dedecus,
3527 3573 3641 3629 sibi

1997 3668 2196 3718 tamen
2210 3661 2542 3734 quamdam
2555 3661 2924 3732 relinquebat
2937 3661 3640 3733 consolationem,nempe

1997 3752 2221 3806 tertiam
2260 3765 2543 3804 sororem.
2591 3752 2658 3805 Et
2705 3765 2840 3806 cum
2885 3749 3328 3820 producendam
3379 3754 3643 3806 curasset

1997 3840 2510 3914 Nymphodoram,
2530 3837 3050 3894 mansuetudinem
3077 3845 3134 3894 et
3155 3837 3507 3894 hilaritatem
3528 3837 3640 3894 im-

1994 3930 2286 4001 pudenter
2316 3926 2633 3994 simulavit,
2666 3930 2722 3981 et
2749 3925 2802 3981 ei
2824 3926 2998 3982 dixit:
3025 3926 3158 3982 Mihi
3175 3942 3404 3982 morem
3419 3941 3576 3997 gere,
3603 3941 3639 3982 ο

1995 4019 2246 4090 pulchra
2267 4015 2720 4080 adolescentula,
2754 4031 2938 4085 quam
2971 4029 3081 4083 ego
3109 4015 3244 4084 plus
3277 4031 3458 4085 quam
3491 4014 3639 4070 alias

1995 4107 2270 4176 (deorum
2285 4107 2492 4162 amicae
2506 4105 2564 4160 id
2581 4105 2772 4158 sciunt
2788 4103 3038 4172 Gratiae),
3053 4107 3108 4158 et
3121 4102 3384 4158 admiror
3401 4107 3640 4174 propter

1995 4193 2515 4264 pulchritudinem,
2557 4197 2614 4246 et
2661 4192 2848 4246 aetatis
2895 4192 3195 4245 misereor.
3237 4193 3450 4246 Morem
3493 4191 3640 4248 mihi

1995 4299 2150 4354 gere,
2185 4281 2290 4353 qui
2317 4296 2437 4335 non
2467 4279 2687 4344 minus,
2720 4295 2902 4348 quam
2929 4293 3228 4348 germanae
3259 4278 3390 4332 ﬁlia:
3425 4284 3524 4334 tuo
3553 4279 3639 4334 in-

1994 4371 2217 4429 cendor
2231 4385 2434 4425 amore
2452 4384 2466 4434 ;
2483 4373 2536 4422 et
2550 4367 2840 4422 accedens
2855 4366 3164 4438 (quidnam
3179 4367 3388 4422 esthoc
3402 4367 3638 4440 grave?)

1993 4464 2138 4518 deos
2161 4459 2358 4515 solum
2380 4457 2586 4522 adora,
2615 4461 2671 4511 et
2687 4455 2886 4510 statim
2909 4455 3230 4510 maximam
3261 4454 3502 4527 quidem
3533 4455 3638 4512 tibi

1992 4551 2243 4622 gratiam
2261 4547 2507 4604 habebit
2523 4546 2874 4616 imperator;
2893 4543 3269 4600 dabitautem
3284 4543 3564 4616 pecunias
3583 4549 3640 4600 et

1987 4641 2269 4702 honores,
2296 4642 2350 4692 et
2380 4635 2538 4708 quod
2569 4641 2656 4689 est
2678 4633 2856 4702 longe
2883 4632 3230 4700 maximum,
3259 4633 3417 4704 apud
3443 4632 3636 4703 ipsum

1989 4729 2408 4785 ﬁduciam.Sin
2434 4725 2650 4788 minus,
2669 4723 2760 4778 hei
2781 4721 3023 4784 mihi,tu
3053 4737 3294 4794 quoque
3321 4723 3452 4788 ipsa
3483 4721 3638 4776 male

1989 4817 2246 4891 peribis;
2291 4831 2482 4887 neque
2538 4813 2666 4868 haec
2707 4827 2868 4866 mors
2907 4809 3122 4866 acerba
3159 4809 3262 4866 tibi
3302 4810 3638 4881 quidquam

1988 4906 2234 4963 omnino
2267 4901 2536 4975 proderit,
2570 4899 2878 4972 quomodo
2905 4914 3014 4954 nec
3061 4897 3176 4954 tuis
3229 4895 3448 4968 profuit
3477 4910 3640 4952 soro-

1987 4995 2172 5052 ﬁbus

2059 5086 2144 5140 IX.
2173 5084 2322 5138 Cum
2351 5081 2434 5136 sic
2463 5079 2709 5134 dixisset
2735 5079 2940 5150 judex,
2970 5079 3269 5147 postremo
3287 5076 3486 5128 autem
3505 5089 3637 5130 eam

1990 5182 2046 5230 et
2077 5171 2430 5244 prudentem
2456 5172 2513 5222 et
2535 5167 2758 5223 caeteris
2783 5167 3060 5220 vocasset
3075 5161 3512 5234 sapientiorem,
3539 5161 3640 5224 illa

1991 5264 2107 5319 alia
2147 5261 2274 5330 ejus
2297 5257 2476 5314 verba
2503 5271 2622 5312 non
2648 5254 2838 5322 magis
2864 5267 3096 5319 curans,
3117 5266 3300 5322 quam
3331 5264 3549 5320 nugas,
3575 5250 3636 5324 id

1991 5357 2190 5410 autem
2220 5347 2437 5410 solum,
2473 5345 2636 5416 quod
2662 5359 2796 5398 eam
2815 5342 3063 5398 vocabat
3079 5339 3453 5414 prudentem,
3485 5339 3638 5400 excig

1991 5442 2184 5514 piens,
2206 5439 2334 5492 Non
2351 5438 2405 5488 te
2422 5432 2625 5504 pudet,
2645 5430 2854 5502 inquit,
2877 5445 2986 5485 nec
3002 5429 3321 5494 erubescis,
3338 5443 3497 5484 nunc
3509 5428 3639 5499 qui-
3709 5435 3724 5447 '

1993 5529 2132 5586 dem
2145 5523 2456 5583 nominare
2471 5537 2539 5596 pr
2547 5519 3225 5604 udentem,nunc-autem
3237 5533 3435 5588 verum
3449 5518 3636 5590 Deum
