4142 6278
574 302 680 363 663

1888 294 2146 351 MENSIS
2186 292 2631 350 SEPTEMBER.

3844 295 3948 353 664

576 430 1028 502 relinquentem,
1041 428 1243 500 jubere
1257 428 1331 483 ad
1355 432 1481 483 tuos
1496 425 1773 482 accedere
1795 423 2101 478 daemones
2114 419 2141 475 ?
2155 420 2211 474 Et

2327 420 2538 473 κελεύων
2613 427 2718 481 τοῖς
2796 416 3018 490 δαίμοσι
3088 426 3198 480 τοῖς
3270 426 3381 480 σοῖς
3438 420 3793 491 προσελ.θεῖν;
3852 428 3945 479 Καὶ

575 534 844 591 quonam
871 519 1074 583 modo,
1098 518 1307 589 inquit,
1332 522 1608 572 extremae
1639 530 1757 570 non
1787 512 1958 568 fuerit
1991 512 2101 566 hoc
2130 510 2215 564 in-

578 606 780 670 sania,
814 610 870 661 et
894 607 1105 661 mentis
1126 606 1303 677 plane
1321 608 1554 668 emotae,
1575 620 1611 659 a
1641 600 1944 658 communi
1966 599 2218 655 Domino

576 698 635 748 et
653 694 1061 749 universorum
1089 693 1303 764 opiﬁce
1323 692 1696 747 deﬁcientem
1732 690 1900 762 sequi
1929 704 2219 743 manuum

575 796 920 853 opera,qua3
947 787 1149 837 carent
1170 798 1350 837 sensu
1375 779 1920 851 etintelligentia,et
1944 793 2014 832 ea
2031 777 2219 832 colere

576 874 866 942 tanquam
891 868 1037 924 deos
1061 870 1088 924 ?
1108 871 1395 934 Quaenam
1427 885 1500 925 ex
1529 869 1612 925 eis
1634 868 1857 939 possim
1881 882 2139 937 sperare,
2165 872 2219 920 et

573 974 851 1031 quaenam
875 958 1235 1023 lucrifacere,
1266 958 1361 1013 dic
1388 958 1553 1023 mihi,
1593 963 1647 1012 et
1686 956 1934 1027 accipio.
1965 955 2219 1011 Ostende

575 1046 741 1111 mihi,
772 1047 915 1117 quid
936 1046 1078 1101 boni
1100 1046 1180 1100 sis
1211 1052 1564 1102 consecutus
1592 1061 1663 1101 ex
1688 1050 1788 1100 tua
1816 1044 1877 1098 in
1907 1044 2036 1098 illos
2064 1059 2167 1115 spe
2197 1062 2213 1113 ;

578 1139 631 1190 et
662 1134 907 1205 parebo.
957 1135 1065 1191 Sed
1118 1134 1261 1189 nihil
1309 1140 1477 1205 potes
1528 1134 1738 1189 dicere.
1794 1136 2013 1188 Revera
2056 1132 2215 1186 enim

576 1222 905 1278 simulacra
925 1224 1188 1293 gentium
1211 1228 1525 1293 argentum
1548 1226 1601 1277 et
1630 1237 1865 1289 aurum,
1891 1235 2070 1285 opera
2096 1236 2214 1275 ma-

574 1326 757 1365 nuum
783 1311 1102 1367 hominum.
1128 1311 1359 1367 Similes
1382 1311 1498 1365 illis
1520 1311 1670 1377 ﬁant
1707 1309 1809 1379 qui
1846 1310 2043 1363 colunt
2076 1324 2142 1363 ea
2170 1310 2209 1361 ί.

573 1399 640 1453 Et
666 1398 799 1455 ideo
826 1414 899 1454 ne
929 1415 1141 1471 parcas
1170 1414 1241 1454 ea
1269 1415 1399 1471 quae
1428 1399 1572 1453 velis
1604 1397 1812 1453 facere.
1849 1399 1925 1451 En
1960 1397 2059 1450 tibi
2092 1412 2215 1451 car-

574 1501 681 1543 nes
706 1492 928 1558 paratae
959 1489 1070 1559 pati
1112 1492 1352 1558 propter
1377 1486 1694 1556 Christum,
1728 1492 1784 1541 et
1808 1486 1997 1555 magis
2028 1500 2210 1557 quam

572 1580 638 1631 tu
667 1591 774 1631 nos
803 1576 1036 1647 punire.
1065 1578 1225 1631 Tunc
1263 1576 1546 1646 ignorans
1572 1575 1874 1639 scelestus,
1897 1574 2043 1645 quid
2074 1589 2213 1643 age-

571 1668 678 1729 ret,
712 1668 769 1719 et
790 1679 1121 1736 quamnam
1164 1680 1332 1734 spem
1374 1664 1802 1735 aprehenderet
1852 1664 1981 1734 (per
2009 1662 2213 1717 omnia

572 1751 2212 1824 enimfueratrepulsus),hancquoquesublimeminligno
2250 1765 2293 1819 Β

571 1840 811 1907 extollit,
840 1844 896 1896 et
924 1840 1125 1897 ferreis
1158 1857 1293 1897 eam
1332 1841 1612 1911 discerpit
1655 1841 1913 1910 ungulis.
1964 1841 2071 1897 Sed
2115 1841 2214 1895 illa

572 1929 649 1985 ad
678 1929 790 1985 hoc
811 1929 1036 1985 nullam
1061 1946 1255 2001 neque
1272 1946 1501 1997 vocem,
1524 1945 1720 2002 neque
1742 1931 2027 2000 gemitum
2050 1931 2215 1986 emit-

569 2017 733 2073 tebat
762 2034 774 2073 :
808 2022 1009 2089 aperte
1035 2023 1236 2075 autem
1266 2019 1622 2075 ostendebat
1645 2035 1707 2075 se
1729 2036 1866 2075 cum
1892 2020 2010 2075 Deo
2040 2020 2215 2076 collo-

570 2106 695 2178 qui.
724 2108 788 2162 Et
812 2106 925 2161 hoc
956 2106 1250 2163 docebant
1277 2113 1334 2163 et
1357 2107 1526 2164 labra
1552 2124 1684 2180 quae
1714 2108 2127 2175 movebantur,
2161 2114 2216 2165 et

569 2194 724 2249 oculi
754 2210 903 2265 quos
926 2197 1003 2250 ad
1025 2195 1241 2251 caelum
1271 2196 1597 2251 extollebat.
1622 2196 1718 2251 Ille
1745 2200 1943 2252 autem
1966 2197 2215 2251 stolidus

569 2296 774 2337 rursus
796 2299 1037 2355 quoque
1057 2283 1253 2339 verbis
1278 2299 1409 2339 eam
1434 2289 1522 2339 est
1543 2299 1861 2356 aggressus
1886 2301 1900 2351 ;
1926 2301 2043 2340 non
2067 2286 2215 2341 citra

571 2369 935 2437 violentiam,
959 2378 1013 2426 et
1033 2387 1139 2444 per
1153 2388 1486 2443 praeconem
1509 2374 1684 2444 jussit
1703 2388 1837 2429 eam
1859 2374 2211 2441 sacriﬁcare,

571 2464 627 2512 et
654 2457 885 2514 liberari
899 2475 934 2514 a
954 2461 1285 2515 tormentis.
1312 2460 1416 2517 Illa
1428 2476 1561 2517 vero
1576 2461 1840 2518 dicebat:
1858 2465 1941 2518 Me
1958 2463 2215 2518 Domino

573 2561 709 2603 meo
727 2547 1075 2615 sacriﬁcavi,
1102 2554 1342 2621 propter
1356 2565 1536 2622 quem
1556 2550 1639 2605 vel
1658 2550 1780 2621 pati
1799 2557 1889 2607 est
1915 2551 2212 2622 voluptas,

574 2638 632 2689 et
653 2636 802 2691 mori
817 2634 1073 2692 lucrum.
1098 2636 1247 2692 Illud
1263 2643 1461 2693 autem
1485 2640 1706 2708 injusto
1718 2639 1904 2710 judici
1926 2641 2212 2710 majorem

576 2723 849 2778 accendit
866 2722 1122 2780 furorem
1132 2766 1145 2778 .
1165 2724 1385 2780 Deinde
1398 2732 1595 2782 autem
1609 2743 1743 2782 eam
1756 2744 1997 2799 quoque
2016 2729 2216 2785 ferreis

577 2810 849 2867 contrivit
878 2816 934 2867 et
962 2813 1248 2882 confregit
1285 2814 1576 2871 vectibus.
1620 2816 1732 2872 Sed
1765 2816 1946 2887 hujus
1974 2833 2216 2890 quoque

576 2898 826 2955 omnino
856 2916 1062 2957 curam
1092 2902 1362 2959 similiter
1391 2904 1627 2974 gerebat
1652 2906 1803 2961 Deus
1828 2910 1892 2961 ut
1918 2921 2212 2972 sororum,

575 2990 632 3042 et
659 2987 953 3045 efﬁciebat
982 2995 1044 3045 ut
1067 2991 1329 3047 immane
1347 2994 1604 3049 vinceret
1634 2995 2010 3066 supplicium,
2032 2999 2087 3050 et
2112 2996 2215 3052 ad-

2327 519 2475 573 ποίας
2547 513 2639 564 ούκ
2719 512 2955 582 ἐσχάτης
3009 520 3160 564 τοῦτο
3227 518 3413 584 μανίας
3477 519 3567 565 καὶ
3642 512 3944 587 διαφθορᾶς

2328 614 2426 656 τῶν
2459 613 2666 677 φρενῶν,
2700 610 2960 657 Δεσπότοῦ
3006 614 3179 657 κοινοῦ
3228 612 3316 657 καὶ
3364 615 3455 658 τοῦ
3498 616 3593 658 τῶν
3637 607 3775 658 ὅλων
3828 612 3938 658 τούς

2334 718 2426 749 ςων
2480 698 2786 750 ἀποστᾶσαν
2841 705 3192 771 Δημιουργου,
3249 709 3442 771 χειρῶν
3490 703 3679 773 ἔργοις,
3750 700 3941 758 αἰσθή-

2332 798 2453 852 σεώς
2509 812 2562 844 τε
2608 797 2697 843 καὶ
2751 801 2939 866 φρενῶν
2993 792 3219 865 ἐρήμους
3272 794 3643 859 ἀκολουθῆσαι,
3701 800 3802 845 xui
3857 796 3937 845 αύ-

2329 894 2433 947 τοῖς
2482 888 2574 939 ἶσα
2618 893 2706 939 καὶ
2756 889 2878 939 θεῶν
2922 887 3442 958 προσανέχειν;”1να
3489 894 3606 940 τίνα
3646 896 3789 959 ’γοῦν
3820 887 3937 940 ἐκεῖ·

2331 981 2410 1031 θεν
2455 979 2679 1046 ἐλπίσω;
2709 986 2818 1032 Ἵνα
2843 984 2893 1030 τί
2938 976 2997 1031 δὲ
3044 977 3317 1054 κερδάνω;
3353 981 3495 1045 Εἰπὲ,
3528 987 3616 1033 καὶ
3655 978 3931 1053 δέχομαι·

2328 1067 2495 1132 δεῖξόν
2538 1092 2627 1141 μοι
2675 1077 2725 1123 τί
2772 1075 3013 1143 χρηστὸν
3060 1079 3147 1132 τῆς
3192 1071 3266 1123 ἐπ’
3317 1073 3450 1124 αύτά
3495 1077 3559 1125 σύ
3606 1070 3936 1146 προσδοκίας

2328 1164 2639 1227 ἀπέλαυσας,
2684 1169 2775 1215 καὶ
2822 1166 3087 1236 πείθομαι.
3118 1164 3253 1217 Ἀλλ’
3302 1165 3395 1217 ούκ
3443 1164 3501 1217 ἂν
3544 1169 3695 1237 ἔχοις
3742 1166 3929 1218 εἰπεῖν’

2327 1256 2529 1317 ἀληθῶς
2602 1260 2702 1328 γὰρ
2775 1260 2841 1308 tu
2912 1254 3102 1309 εἴδωλα
3152 1267 3251 1310 τῶν
3310 1258 3461 1310 ἐθνῶν
3513 1258 3773 1332 ἀργύριον
3853 1262 3932 1313 καὶ

2324 1355 2571 1421 χρυσίον,
2631 1353 2757 1422 ἔργα
2829 1361 3021 1425 χειρῶν
3104 1351 3403 1425 ἀνθρώπων.
3460 1352 3674 1424 ”Ομοιοι
3764 1353 3931 1415 αὐτοῖς

2321 1448 2541 1514 γένοιντο
2596 1448 2643 1496 οἱ
2719 1455 2963 1513 τιμῶντες
3041 1447 3191 1499 αὐτά.
3255 1451 3386 1521 Πρὸς
3460 1456 3625 1499 ταῦτα
3710 1444 3932 1519 μηδενὸς

2324 1536 2525 1607 ἀπέχου
2558 1537 2623 1587 ὧν
2670 1535 2863 1608 βούλει.
2899 1535 3039 1590 Ἰδού
3091 1559 3174 1591 σοι
3220 1545 3308 1591 καὶ
3360 1541 3548 1612 σάρκες
3578 1541 3815 1611 πάσχειν
3849 1537 3930 1592 διὰ

2323 1635 2553 1702 Χριστὸν
2605 1633 2822 1702 ἕτοιμοι,
2880 1638 2969 1685 καὶ
3020 1633 3208 1705 μᾶλλον
3260 1636 3289 1693 ἣ
3355 1638 3420 1686 σὺ
3473 1634 3717 1695 κολάζειν
3776 1636 3924 1706 ἡμᾶς.

2323 1722 2672 1795 Ἐνταύθαμὴ
2725 1728 2860 1796 ἔχων
2908 1728 2933 1777 ὸ
2984 1732 3173 1799 μιαρός
3222 1730 3247 1779 ὃ
3296 1748 3345 1779 τι
3404 1734 3492 1780 καὶ
3549 1725 3792 1801 δράσειε,
3848 1735 3926 1781 καὶ

2324 1821 2475 1879 ποίας
2521 1820 2623 1890 ἄρα
2664 1826 2759 1880 τῆς
2807 1815 3015 1880 ἐλπίδος
3069 1820 3330 1883 ἀνθέξεται
3376 1819 3493 1894 (διὰ
3554 1825 3766 1877 πάντων
3818 1842 3926 1895 τρο-

2322 1919 2430 1962 πῶν
2481 1910 2858 1986 ἀπεκρούσθη),
2909 1918 2998 1965 καὶ
3044 1917 3235 1971 ταύτην
3280 1915 3364 1967 ἐπὶ
3406 1912 3496 1967 τού
3547 1916 3705 1978 ξύλου
3752 1936 3922 1988 μετεω-

2323 2005 2477 2077 ρίζει,
2527 2011 2615 2057 καὶ
2665 2002 2919 2067 διαξαίνει
2969 2004 3209 2080 σιδηροῖς
3257 2008 3443 2071 ὄνυξιν.
3494 2010 3626 2062 Ἀλλ’
3680 2008 3919 2082 οὐδεμίαν

2322 2102 2453 2171 πρὸς
2499 2106 2665 2150 ταῦτα
2706 2098 2870 2157 ἐκείνη
2904 2096 3027 2151 οὐδὲ
3074 2106 3240 2172 φωνὴν
3289 2098 3413 2154 οὐδὲ
3445 2106 3738 2175 στεναγμὸν
3770 2105 3915 2175 ἠφίει,

2325 2194 2514 2263 φανερά
2581 2188 2639 2243 δὲ
2715 2189 2775 2250 ἦν
2844 2191 3174 2245 συλλαλοῦσα
3223 2202 3355 2265 Θεῷ.
3408 2200 3507 2248 Καὶ
3585 2204 3744 2249 τοῦτο
3800 2198 3913 2269 αὐτῇ

2323 2286 2387 2335 τά
2438 2303 2498 2355 γε
2547 2286 2923 2355 ύποκινούμενα
2977 2286 3130 2357 χείλη
3194 2285 3494 2353 ἐδίδασκον,
3552 2294 3642 2341 καὶ
3702 2292 3752 2341 οἱ
3808 2295 3913 2362 πρὸς

2323 2376 2573 2449 οὐρανούς
2649 2379 2910 2450 αἰρόμενοι
2983 2380 3256 2452 ὀφθαλμοί.
3316 2381 3373 2434 Ὀ
3449 2386 3617 2434 τοίνυν
3692 2383 3914 2443 ἀσύνετος

2323 2470 2511 2531 ἐκεῖνος
2546 2470 2750 2543 λόγους,
2785 2473 2914 2545 αὐτῇ
2965 2479 3054 2526 καὶ
3101 2474 3252 2526 πάλιν
3297 2476 3390 2527 ούκ
3433 2474 3703 2539 ἀϐιάστως
3748 2476 3908 2548 ἐπῆγε,

2322 2565 2409 2611 καὶ
2477 2561 2610 2611 θύειν
2670 2557 2762 2613 διὰ
2828 2569 2919 2614 τοῦ
2974 2569 3200 2636 κήρυκος
3248 2563 3456 2633 ἐκέλευε,
3518 2572 3607 2619 xui
3665 2565 3909 2618 ἀπαλλάτ-

2324 2650 2506 2700 τεσθαι
2548 2657 2647 2700 τῶν
2696 2649 2961 2722 βασάνων.
2994 2652 3050 2704 Ἡ
3100 2650 3176 2718 δὲ,
3226 2656 3427 2706 Τέθυκα
3469 2654 3724 2726 ἐμαυτήν,
3770 2656 3905 2727 ἔλεγε,

2322 2736 2466 2807 κάγὼ
2516 2747 2587 2808 τῷ
2639 2744 2811 2811 Κυρίῳ
2859 2761 2978 2811 μου,
3025 2738 3099 2793 δι’
3146 2743 3197 2794 ὃν
3251 2749 3339 2795 καὶ
3389 2748 3444 2795 τὸ
3499 2746 3683 2796 παθεῖν
3738 2742 3904 2805 ἡδονὴ,

2323 2832 2411 2877 καὶ
2441 2830 2498 2877 τὸ
2529 2826 2800 2879 ἀποθανεῖν
2832 2827 3035 2902 κέρδος.
3063 2835 3132 2883 Τὸ
3179 2829 3237 2883 δε
3267 2834 3369 2907 ἄρα
3412 2834 3629 2903 μείζονα
3658 2843 3728 2905 τῷ
3756 2832 3905 2905 ἀδίκῳ
4064 2894 4065 2899 η

2325 2924 2472 2988 κριτῇ
2524 2922 2615 2973 τὴν
2664 2923 2849 2988 μανίαν
2880 2920 3127 2991 ὑφῆπτεν,
3160 2919 3311 2973 ’Ὅθεν
3356 2928 3443 2974 καὶ
3491 2923 3717 2995 μοχλοῖς
3764 2924 3903 2980 αὐτὴν
4064 2928 4065 3009 1

2326 3001 2570 3077 σιδηροῖς
2602 3006 2864 3081 συνέτριϐε
2894 3013 2982 3059 καὶ
3033 3010 3269 3062 συνέθλα.
3303 3011 3457 3063 Ἀλλά
3504 3018 3593 3065 καὶ
3624 3015 3812 3074 ταύτης
3851 3011 3899 3070 ἦν

575 3091 781 3131 versus
806 3076 1001 3149 ipsam
1035 3078 1199 3134 fortis
1244 3084 1420 3136 staret
1469 3086 1767 3139 naturam.
1824 3084 2038 3140 Deinde
2082 3101 2211 3140 eam

2325 3095 2523 3154 πάντως
2574 3097 2597 3145 ὁ
2653 3104 2748 3145 τῶν
2807 3093 3036 3168 ἀδελφῶν
3087 3103 3212 3159 Θεὸς
3259 3101 3446 3171 ὁμοίως
3496 3099 3779 3172 κηδόμενος
3826 3108 3899 3151 καὶ
4060 3060 4065 3172 J

576 3179 819 3236 quoque
842 3166 919 3222 ad
946 3182 1007 3222 se
1036 3170 1302 3237 accersit,
1317 3170 2068 3247 etvirgolibenterdeponit
2088 3175 2217 3232 ani-

578 3267 741 3308 mam
771 3254 831 3309 in
862 3255 997 3311 sinu
1022 3258 1327 3314 amatoris.

646 3519 719 3577 X.
749 3522 973 3595 Impius
997 3526 1195 3579 autem
1213 3524 1415 3595 judex,
1451 3525 1550 3582 irin
1567 3531 1740 3584 utens
1767 3528 2010 3595 auxilio,
2036 3530 2212 3587 etiam

573 3608 637 3667 in
666 3610 793 3681 ipsa
809 3616 1043 3668 mortua
1064 3628 1313 3684 corpora
1328 3613 1548 3670 bellum
1568 3617 1713 3686 gerit
1733 3635 1753 3683 ;
1772 3623 1828 3673 et
1847 3634 1985 3675 cum
2008 3634 2214 3676 accen-

574 3698 760 3755 disset
796 3699 1118 3766 fornacem,
1172 3717 1427 3773 eamque
1472 3704 1713 3761 aluisset
1751 3709 1938 3763 multa
1976 3712 2031 3763 et
2075 3714 2215 3780 apta

574 3786 843 3853 materia,
885 3786 943 3841 in
996 3788 1186 3858 ipsam
1222 3790 1519 3858 jaculatur
1574 3809 1824 3863 corpora
1880 3793 2210 3867 martyrica.

574 3873 729 3928 Deus
745 3879 940 3929 autem
954 3880 1187 3931 amator
1203 3877 1562 3946 animarum,
1585 3896 1694 3935 nec
1707 3897 1958 3952 corpora
1969 3885 2213 3956 quidem

572 3961 826 4032 neglexit
856 3980 870 4028 ;
903 3963 1005 4019 sed
1046 3979 1266 4034 magna
1315 3965 1404 4020 vis
1441 3975 1677 4038 repente
1716 3985 2036 4042 erumpens
2070 3976 2215 4029 toni-

572 4054 775 4105 truum
819 4055 874 4106 et
916 4051 1217 4121 fulgurum
1266 4057 1545 4125 przevenit
1586 4057 1780 4126 ignem
1836 4060 2115 4127 fornacis,
2159 4068 2214 4119 et

571 4139 769 4209 ipsum
790 4141 1075 4211 judicem,
1108 4146 1166 4197 et
1189 4159 1325 4215 quis
1352 4144 1402 4200 ei
1452 4146 1746 4203 serviebat
1776 4148 2209 4209 multitudinem

574 4225 635 4281 in
665 4227 929 4285 favillam
956 4230 1169 4300 redigit
1193 4237 1249 4287 et
1275 4232 1599 4303 fuliginem.
1630 4239 1697 4292 Et
1721 4237 1835 4294 hoc
1866 4240 2214 4299 invenerunt

570 4317 929 4389 prooemium
957 4319 1263 4388 gehennae,
1311 4339 1445 4395 quae
1493 4341 1797 4397 nunquam
1843 4329 2076 4396 desinit,
2109 4333 2210 4404 qui

2326 3191 2414 3242 τῆς
2443 3202 2496 3234 τε
2528 3181 2765 3254 βασάνου
2796 3193 2999 3259 κρατεῖν
3044 3186 3205 3239 ἐποίει
3248 3196 3341 3251 τῆς
3385 3187 3634 3254 ἀπηνοῦς,
3666 3196 3749 3243 καὶ
3792 3195 3898 3265 πρὸς

2326 3271 2486 3329 αύτην
2529 3273 2777 3324 ἵστασθαι
2829 3280 3074 3344 γενναίως
3118 3281 3212 3334 τήν
3262 3281 3416 3350 φύσιν
3442 3293 3457 3308 ⁸
3510 3277 3621 3332 εἶτα
3661 3286 3741 3332 καὶ
3785 3284 3894 3352 πρὸς

2325 3358 2504 3411 ἑαυτὸν
2574 3362 2954 3432 μετακαλεῖται,
3014 3368 3098 3417 xui
3165 3370 3260 3424 τὴν
3327 3366 3515 3440 ψυχὴν
3572 3372 3601 3429 ἡ
3672 3371 3891 3442 παρθένος

2323 3454 2432 3511 τοῖς
2455 3448 2665 3511 κόλποις
2693 3447 2858 3512 ἡδέως
2887 3460 2979 3504 τοῦ
3008 3452 3225 3526 ἐραστοῦ
3259 3455 3574 3513 ἀποτίθεται.

2396 3536 2453 3593 Ι’.
2507 3538 2564 3590 Ὀ
2620 3536 2807 3601 ἄδικος
2857 3547 3027 3594 τοίνυν
3084 3550 3288 3618 κριτὴς,
3348 3551 3442 3605 τὴν
3496 3547 3544 3599 ἐκ
3595 3555 3675 3598 τοῦ
3730 3550 3881 3617 θυμοῦ

2326 3632 2638 3699 συμμαχίαν
2686 3630 3017 3702 παραλαϐὼν,
3062 3639 3151 3686 καὶ
3199 3634 3375 3698 αὐτοῖς
3423 3636 3737 3707 ἐπιστρατεύει
3776 3642 3869 3695 τοῖς

2324 3724 2520 3790 νεκροῖς
2592 3724 2819 3790 σώμασι,
2876 3726 2963 3773 καὶ
3035 3724 3249 3793 κάμινον
3326 3724 3539 3795 ἀνάψας,
3588 3730 3667 3776 καὶ
3732 3723 3865 3793 πολλῇ

2325 3808 2517 3863 ταύτην
2580 3808 2671 3878 ὕλη
2748 3814 2835 3860 καὶ
2892 3807 3165 3883 ἐπιτηδεία
3222 3813 3433 3885 θρέψας,
3500 3813 3735 3876 ἀκοντίζει
3779 3813 3875 3863 κατ’

2325 3893 2487 3954 αὐτῆς
2531 3898 2593 3945 τὰ
2638 3902 2935 3969 μαρτυρικά
2986 3906 3220 3971 σώματα.
3255 3906 3383 3963 Θεὸς
3417 3900 3474 3955 δὲ
3521 3906 3546 3955 ὁ
3587 3912 3675 3954 τῶν
3720 3902 3886 3973 ψυχῶν

2325 3980 2547 4053 ἐραστὴς
2608 3981 2730 4037 οὐδὲ
2785 3995 2884 4037 τῶν
2937 3991 3187 4058 σωμάτων
3238 3992 3411 4061 ἠμέλει
3445 4014 3455 4024 ·
3517 3990 3639 4043 ἀλλὰ
3690 3990 3889 4064 βροντῶν

2323 4075 2498 4141 μέντοι
2556 4080 2745 4144 χρῆμα
2792 4081 2880 4126 καὶ
2940 4075 3217 4151 ἀστραπῶν
3273 4080 3456 4151 ἀθρόον
3513 4081 3891 4155 καταῤῥαγείσαι

2323 4161 2678 4231 προφθάνουσι
2725 4166 2782 4213 τὸ
2861 4171 2952 4226 τῆς
3024 4172 3243 4237 καμίνου
3296 4177 3417 4243 πῦρ,
3470 4176 3558 4221 καὶ
3632 4171 3775 4221 αὐτόν
3823 4172 3891 4219 τὸν

2324 4244 2610 4309 δικάζοντα
2660 4256 2748 4303 καὶ
2811 4255 2867 4303 τὸ
2939 4255 3343 4327 ύπηρετούμενον
3392 4259 3533 4328 αύτῷ
3583 4258 3784 4317 πλῆθος,
3831 4256 3889 4307 αἱ·

2324 4335 2481 4393 θάλην
2536 4335 2832 4391 δεικνύουσι
2881 4347 2969 4393 καὶ
3020 4341 3264 4401 ἀσϐολην.
3305 4351 3401 4397 Καὶ
3452 4353 3605 4398 τοῦτό
3650 4366 3706 4417 γε
3746 4349 3891 4416 προοί-

568 4410 739 4461 erant
779 4406 879 4462 illa
939 4408 1067 4464 sola
1114 4425 1321 4465 revera
1375 4412 1557 4482 digni.
1610 4414 1944 4472 Vehemens
2007 4424 2208 4476 autem

2322 4445 2435 4495 μιον
2488 4436 2581 4488 τῆς
2651 4427 2987 4487 ἀτελευτήτου
3039 4437 3243 4501 γεέννης
3304 4434 3467 4507 εὖρον,
3524 4438 3571 4487 οἱ
3627 4441 3712 4487 καὶ
3761 4440 3893 4506 μόνης

567 4498 806 4564 repente
835 4510 1151 4566 erumpens
1199 4498 1395 4568 pluvia
1433 4502 1721 4568 extinguit
1762 4504 2064 4562 fornacem
2114 4516 2209 4564 :et

567 4596 705 4637 cum
737 4582 931 4637 statim
964 4583 1155 4639 avidis
1203 4586 1480 4641 manibus
1507 4589 1804 4657 virginum
1846 4611 2098 4665 corpora
2130 4600 2209 4669 pii

566 4669 958 4736 sustulissent,
978 4672 1292 4742 magniﬁce
1314 4691 1430 4746 que
1443 4685 1751 4735 ornassent
1766 4686 1820 4737 et
1842 4688 2209 4755 composuis-

565 4758 1088 4824 sent,foderunteis
1124 4762 1459 4834 sepulcrum
1483 4764 1541 4819 in
1566 4765 1697 4822 loco
1710 4783 1912 4826 earum
1932 4789 2206 4832 consum-

562 4848 842 4903 mationis
885 4864 898 4903 :
935 4850 1051 4905 Deo
1075 4848 1189 4905 hoc
1212 4867 1453 4923 quoque
1474 4856 1820 4925 providente
1842 4860 2204 4920 admirabili-

559 4937 665 5001 ter,
702 4940 763 4991 ut
801 4952 955 5008 quas
1005 4954 1157 4994 unus
1208 4946 1511 5011 pepererat
1559 4948 1780 5010 uterus,
1830 4949 1913 5002 eis
1961 4966 2201 5025 quoque

557 5038 745 5079 unum
773 5025 1362 5099 daretursepulcrum
1397 5045 1411 5094 ;
1439 5034 1763 5103 etquarum
1785 5038 1997 5095 animae
2013 5057 2197 5098 unum

557 5114 615 5166 et
642 5114 919 5170 eumdem
949 5120 1084 5172 sunt
1113 5116 1446 5173 thalamum
1478 5128 1836 5190 consecutae,
1887 5143 2092 5185 earum
2124 5148 2195 5186 ne

557 5199 776 5253 surdus
806 5204 1048 5275 quidem
1102 5205 1249 5261 cinis
1280 5214 1677 5279 separaretur,
1730 5214 1835 5269 sed
1876 5232 2109 5273 sorores
2137 5221 2193 5276 in

555 5284 694 5351 vita,
728 5303 957 5346 sorores
978 5292 1036 5346 in
1065 5293 1248 5359 caelis,
1280 5312 1511 5354 sorores
1536 5300 1713 5357 etiam
1739 5303 1796 5359 in
1833 5310 1981 5361 terra
2001 5314 2195 5364 osten-

554 5370 855 5431 derentur.
885 5378 1193 5450 Templum
1247 5390 1442 5443 autem
1493 5387 1551 5443 in
1598 5388 1952 5450 hodiernum
2004 5412 2191 5470 usque

628 5552 649 5592 ί
679 5555 827 5613 Psal.
862 5573 1011 5624 cxm,
1044 5563 1096 5627 4,
1127 5564 1180 5618 8.

2320 4512 2507 4574 ἐκείνης
2582 4518 2650 4577 ὡς
2721 4516 2917 4577 ἀληθῶς
2996 4520 3152 4582 ἄξιοι.
3206 4521 3367 4582 ’Υετὸς
3436 4521 3493 4575 δὲ
3569 4529 3704 4576 κατὰ
3756 4520 3893 4579 πόδας

2316 4599 2567 4675 ῥαγδαῖος
2626 4604 2880 4658 ἐπιπεσὼν
2940 4607 3164 4660 σϐεννύει
3212 4615 3303 4669 τήν
3377 4614 3610 4684 κάμινον,
3670 4619 3749 4667 καὶ
3816 4632 3892 4665 πο-

2320 4692 2533 4753 θούσαις
2588 4693 2775 4745 αὐτίκα
2822 4700 2984 4767 χερσὶ
3033 4700 3098 4749 τά
3145 4702 3430 4771 παρθενικά
3474 4703 3693 4774 λείψανα
3741 4707 3785 4756 οἱ
3828 4701 3894 4754 εύ-

2320 4779 2483 4842 σεϐεῑς
2542 4780 2845 4853 ἀνελόμενοι,
2905 4790 2993 4837 καὶ
3071 4784 3370 4862 διαπρεπῶς
3444 4797 3803 4864 κοσμήσαντες
3852 4810 3894 4843 τε

2314 4875 2401 4921 καὶ
2453 4872 2881 4942 περιστείλαντες,
2929 4877 3085 4946 τάφον
3132 4877 3303 4937 αὐτοῖς
3353 4882 3399 4931 ἐν
3449 4890 3519 4951 τῷ
3572 4892 3669 4944 τῆς
3720 4883 3887 4935 τελειώ-

2314 4976 2440 5019 σεως
2485 4962 2691 5029 ἔχωσαν
2736 4966 2893 5032 τόπῳ,
2929 4970 3061 5016 Θεοῦ
3106 4971 3195 5018 καὶ
3245 4976 3410 5019 ταῦτα
3455 4972 3890 5045 θαυματουργούνα

2310 5065 2410 5109 τος,
2472 5050 2606 5108 ὅπως
2656 5048 2717 5109 ἃς
2762 5056 2856 5120 μία
2902 5057 3109 5125 γαστὴρ
3155 5051 3328 5118 ὤδινε,
3376 5061 3564 5119 ταύτας
3617 5066 3707 5112 καὶ
3756 5062 3894 5128 τάφος

2308 5136 2379 5195 εἷς
2425 5139 2716 5207 πιστευθῇ·
2747 5145 2834 5191 καὶ
2883 5141 2949 5190 ὧν
3002 5144 3087 5193 ἕνα
3134 5148 3218 5194 καὶ
3271 5149 3356 5196 τόν
3410 5147 3565 5199 αὐτόν
3625 5150 3808 5221 ἔλαχον
3848 5148 3892 5196 αἱ

2305 5225 2481 5296 ψυχαὶ
2511 5237 2773 5299 νυμφῶνα,
2805 5234 2997 5283 τούτων
3045 5231 3184 5303 μηδὲ
3216 5237 3243 5293 ἡ
3300 5242 3444 5308 κωφὴ
3495 5236 3690 5313 διαστῇ
3740 5245 3890 5299 κόνις’

2306 5312 2411 5365 ἀλλ’
2444 5312 2537 5366 εἶεν
2588 5313 2804 5388 ἀδελφαὶ
2854 5318 2947 5369 κάν
2992 5329 3063 5391 τῷ
3113 5321 3236 5394 βίῳ,
3272 5321 3490 5397 ἀδελφαὶ
3537 5328 3632 5379 κάν
3667 5312 3787 5390 τοῖς
3820 5326 3891 5378 ού-

2302 5409 2491 5472 ρανοῖς,
2553 5401 2770 5475 ἀδελφαὶ
2843 5405 2936 5458 κάν
3009 5416 3068 5482 τῇ
3137 5420 3205 5483 γῇ
3264 5409 3643 5487 δεικνυόμεναι.
3698 5419 3892 5489 Τέμσνός
