  <div class='ocr_page' id='page_1' title='image "/cluster/home/n/w/nwhite01/storage/ocr_20150623/115/mdp.39015028574336/344.png"; bbox 0 0 4142 6278; ppageno 0'>
   <div class='ocr_carea' id='block_1_1' title="bbox 236 281 340 336">
    <p class='ocr_par' dir='ltr' id='par_1_1' title="bbox 236 281 340 336">
     <span class='ocr_line' id='line_1_1' title="bbox 236 281 340 336; baseline 0 0"><span class='ocrx_word' id='word_1_1' title='bbox 236 281 340 336; x_wconf 88' lang='grc'>665</span> 
     </span>
    </p>
   </div>
   <div class='ocr_carea' id='block_1_2' title="bbox 1272 280 2565 339">
    <p class='ocr_par' dir='ltr' id='par_1_2' title="bbox 1272 280 2565 339">
     <span class='ocr_line' id='line_1_2' title="bbox 1272 280 2565 339; baseline 0 -3"><span class='ocrx_word' id='word_1_2' title='bbox 1272 281 1436 337; x_wconf 86' lang='lat' dir='ltr'><strong>VITA</strong></span> <span class='ocrx_word' id='word_1_3' title='bbox 1479 282 1539 339; x_wconf 93' lang='lat' dir='ltr'>S.</span> <span class='ocrx_word' id='word_1_4' title='bbox 1581 282 1988 339; x_wconf 69' lang='lat' dir='ltr'>THEODORE</span> <span class='ocrx_word' id='word_1_5' title='bbox 2022 280 2565 339; x_wconf 75' lang='lat' dir='ltr'>ALEXANDRIN/E.</span> 
     </span>
    </p>
   </div>
   <div class='ocr_carea' id='block_1_3' title="bbox 3484 269 3592 325">
    <p class='ocr_par' dir='ltr' id='par_1_3' title="bbox 3484 269 3592 325">
     <span class='ocr_line' id='line_1_3' title="bbox 3484 269 3592 325; baseline 0 0"><span class='ocrx_word' id='word_1_6' title='bbox 3484 269 3592 325; x_wconf 89' lang='lat'>666</span> 
     </span>
    </p>
   </div>
   <div class='ocr_carea' id='block_1_4' title="bbox 233 394 1844 480">
    <p class='ocr_par' dir='ltr' id='par_1_4' title="bbox 233 399 1833 480">
     <span class='ocr_line' id='line_1_4' title="bbox 233 399 1833 480; baseline 0.003 -24"><span class='ocrx_word' id='word_1_7' title='bbox 233 423 284 457; x_wconf 83' lang='grc' dir='ltr'>τι</span> <span class='ocrx_word' id='word_1_8' title='bbox 312 404 384 465; x_wconf 79' lang='grc' dir='ltr'><em>ιίς</em></span> <span class='ocrx_word' id='word_1_9' title='bbox 429 399 584 474; x_wconf 82' lang='grc' dir='ltr'><em>δεῦρο</em></span> <span class='ocrx_word' id='word_1_10' title='bbox 615 403 714 476; x_wconf 87' lang='grc' dir='ltr'><em>πρὸ</em></span> <span class='ocrx_word' id='word_1_11' title='bbox 754 410 827 471; x_wconf 88' lang='grc' dir='ltr'><em>τῷ</em></span> <span class='ocrx_word' id='word_1_12' title='bbox 858 404 1002 474; x_wconf 85' lang='grc' dir='ltr'><em>τάφῳ</em></span> <span class='ocrx_word' id='word_1_13' title='bbox 1034 403 1202 455; x_wconf 78' lang='grc' dir='ltr'><em>αὐτῶν</em></span> <span class='ocrx_word' id='word_1_14' title='bbox 1248 406 1377 478; x_wconf 85' lang='grc' dir='ltr'><em>ἱερὸν</em></span> <span class='ocrx_word' id='word_1_15' title='bbox 1413 403 1646 480; x_wconf 81' lang='grc' dir='ltr'><em>ἰδρυται,</em></span> <span class='ocrx_word' id='word_1_16' title='bbox 1680 409 1833 460; x_wconf 79' lang='grc' dir='ltr'><em>οἱονεί</em></span> 
     </span>
    </p>
   </div>
   <div class='ocr_carea' id='block_1_5' title="bbox 1959 394 3590 480">
    <p class='ocr_par' dir='ltr' id='par_1_5' title="bbox 1959 394 3590 476">
     <span class='ocr_line' id='line_1_5' title="bbox 1959 394 3590 476; baseline -0.009 -14"><span class='ocrx_word' id='word_1_17' title='bbox 1959 407 2104 462; x_wconf 76' lang='grc' dir='ltr'><em>1ίοω</em></span> <span class='ocrx_word' id='word_1_18' title='bbox 2132 405 2394 476; x_wconf 90' lang='lat' dir='ltr'>positum</span> <span class='ocrx_word' id='word_1_19' title='bbox 2430 407 2514 460; x_wconf 91' lang='lat' dir='ltr'>est</span> <span class='ocrx_word' id='word_1_20' title='bbox 2543 404 2602 458; x_wconf 89' lang='lat' dir='ltr'>in</span> <span class='ocrx_word' id='word_1_21' title='bbox 2631 415 2836 457; x_wconf 89' lang='lat' dir='ltr'>earum</span> <span class='ocrx_word' id='word_1_22' title='bbox 2868 398 3158 470; x_wconf 89' lang='lat' dir='ltr'>sepulcro,</span> <span class='ocrx_word' id='word_1_23' title='bbox 3183 396 3367 452; x_wconf 87' lang='lat' dir='ltr'>instar</span> <span class='ocrx_word' id='word_1_24' title='bbox 3394 394 3590 465; x_wconf 91' lang='lat' dir='ltr'>cujus-</span> 
     </span>
    </p>
   </div>
   <div class='ocr_carea' id='block_1_6' title="bbox 231 487 1423 564">
    <p class='ocr_par' dir='ltr' id='par_1_6' title="bbox 231 487 1423 564">
     <span class='ocr_line' id='line_1_6' title="bbox 231 487 1423 564; baseline 0.001 -19"><span class='ocrx_word' id='word_1_25' title='bbox 231 513 345 545; x_wconf 88' lang='grc' dir='ltr'><em>τινα</em></span> <span class='ocrx_word' id='word_1_26' title='bbox 371 496 626 563; x_wconf 81' lang='grc' dir='ltr'><em>ποταμὸν,</em></span> <span class='ocrx_word' id='word_1_27' title='bbox 657 487 801 542; x_wconf 78' lang='grc' dir='ltr'><em>ἔνδον</em></span> <span class='ocrx_word' id='word_1_28' title='bbox 837 496 1132 563; x_wconf 77' lang='grc' dir='ltr'>προχέονται</span> <span class='ocrx_word' id='word_1_29' title='bbox 1160 494 1423 564; x_wconf 80' lang='grc' dir='ltr'><em>θαύματα.</em></span> 
     </span>
    </p>
   </div>
   <div class='ocr_carea' id='block_1_7' title="bbox 305 579 1832 656">
    <p class='ocr_par' dir='ltr' id='par_1_7' title="bbox 305 579 1832 656">
     <span class='ocr_line' id='line_1_7' title="bbox 305 579 1832 656; baseline 0.002 -23"><span class='ocrx_word' id='word_1_30' title='bbox 305 581 404 636; x_wconf 81' lang='grc' dir='ltr'>1Α’.</span> <span class='ocrx_word' id='word_1_31' title='bbox 463 582 865 632; x_wconf 80' lang='grc' dir='ltr'><em>Ἀκουσάτωσαν</em></span> <span class='ocrx_word' id='word_1_32' title='bbox 919 589 1085 632; x_wconf 76' lang='grc' dir='ltr'><em>ταῦτα</em></span> <span class='ocrx_word' id='word_1_33' title='bbox 1141 590 1230 633; x_wconf 80' lang='grc' dir='ltr'>καὶ</span> <span class='ocrx_word' id='word_1_34' title='bbox 1286 579 1504 653; x_wconf 76' lang='grc' dir='ltr'><em>ἀδελφαὶ</em></span> <span class='ocrx_word' id='word_1_35' title='bbox 1561 589 1650 635; x_wconf 83' lang='grc' dir='ltr'>καὶ</span> <span class='ocrx_word' id='word_1_36' title='bbox 1701 605 1832 656; x_wconf 88' lang='grc' dir='ltr'><em>παρ-</em></span> 
     </span>
    </p>
   </div>
   <div class='ocr_carea' id='block_1_8' title="bbox 240 669 1838 741">
    <p class='ocr_par' dir='ltr' id='par_1_8' title="bbox 240 669 1838 741">
     <span class='ocr_line' id='line_1_8' title="bbox 240 669 1838 741; baseline 0.001 -19"><span class='ocrx_word' id='word_1_37' title='bbox 240 673 392 737; x_wconf 76' lang='grc' dir='ltr'><em>θένοι,</em></span> <span class='ocrx_word' id='word_1_38' title='bbox 438 675 526 721; x_wconf 84' lang='grc' dir='ltr'>καὶ</span> <span class='ocrx_word' id='word_1_39' title='bbox 573 672 693 721; x_wconf 85' lang='grc' dir='ltr'>ὅσαι</span> <span class='ocrx_word' id='word_1_40' title='bbox 738 670 838 720; x_wconf 82' lang='grc' dir='ltr'>ὑπὸ</span> <span class='ocrx_word' id='word_1_41' title='bbox 891 669 1070 740; x_wconf 76' lang='grc' dir='ltr'>ζυγόν.</span> <span class='ocrx_word' id='word_1_42' title='bbox 1126 675 1224 722; x_wconf 82' lang='grc' dir='ltr'>Καὶ</span> <span class='ocrx_word' id='word_1_43' title='bbox 1259 673 1310 721; x_wconf 77' lang='grc' dir='ltr'><em>αἱ</em></span> <span class='ocrx_word' id='word_1_44' title='bbox 1351 675 1440 741; x_wconf 71' lang='grc' dir='ltr'><em>μὲν</em></span> <span class='ocrx_word' id='word_1_45' title='bbox 1488 673 1647 733; x_wconf 68' lang='grc' dir='ltr'><em>οὕτως</em></span> <span class='ocrx_word' id='word_1_46' title='bbox 1687 674 1838 731; x_wconf 82' lang='grc' dir='ltr'><em>αλλή-</em></span> 
     </span>
    </p>
   </div>
   <div class='ocr_carea' id='block_1_9' title="bbox 239 755 1836 832">
    <p class='ocr_par' dir='ltr' id='par_1_9' title="bbox 239 755 1836 832">
     <span class='ocr_line' id='line_1_9' title="bbox 239 755 1836 832; baseline 0.002 -21"><span class='ocrx_word' id='word_1_47' title='bbox 239 760 327 820; x_wconf 91' lang='grc' dir='ltr'>λας</span> <span class='ocrx_word' id='word_1_48' title='bbox 376 759 702 831; x_wconf 81' lang='grc' dir='ltr'><em>φιλείτωσαν,</em></span> <span class='ocrx_word' id='word_1_49' title='bbox 737 760 789 808; x_wconf 88' lang='grc' dir='ltr'><em>αἱ</em></span> <span class='ocrx_word' id='word_1_50' title='bbox 842 755 900 810; x_wconf 75' lang='grc' dir='ltr'>δὲ</span> <span class='ocrx_word' id='word_1_51' title='bbox 948 763 1020 828; x_wconf 81' lang='grc' dir='ltr'>μὴ</span> <span class='ocrx_word' id='word_1_52' title='bbox 1078 767 1173 820; x_wconf 83' lang='grc' dir='ltr'>τῆς</span> <span class='ocrx_word' id='word_1_53' title='bbox 1220 759 1407 820; x_wconf 81' lang='grc' dir='ltr'>οἰκείας</span> <span class='ocrx_word' id='word_1_54' title='bbox 1453 767 1836 832; x_wconf 72' lang='grc' dir='ltr'><em>καταγινωσκέ-</em></span> 
     </span>
    </p>
   </div>
   <div class='ocr_carea' id='block_1_10' title="bbox 242 848 1836 920">
    <p class='ocr_par' dir='ltr' id='par_1_10' title="bbox 242 848 1836 920">
     <span class='ocr_line' id='line_1_10' title="bbox 242 848 1836 920; baseline 0.002 -20"><span class='ocrx_word' id='word_1_55' title='bbox 242 867 414 901; x_wconf 89' lang='grc' dir='ltr'><em>τωσαν</em></span> <span class='ocrx_word' id='word_1_56' title='bbox 473 850 674 920; x_wconf 76' lang='grc' dir='ltr'><em>φύσεως</em></span> <span class='ocrx_word' id='word_1_57' title='bbox 737 863 750 876; x_wconf 85' lang='lat'><strong><em>&#39;</em></strong></span> <span class='ocrx_word' id='word_1_58' title='bbox 815 848 1030 919; x_wconf 79' lang='grc' dir='ltr'>Ἀνέῳγε</span> <span class='ocrx_word' id='word_1_59' title='bbox 1081 850 1182 920; x_wconf 70' lang='grc' dir='ltr'>γὰρ</span> <span class='ocrx_word' id='word_1_60' title='bbox 1242 856 1330 900; x_wconf 82' lang='grc' dir='ltr'><em>καὶ</em></span> <span class='ocrx_word' id='word_1_61' title='bbox 1377 850 1612 920; x_wconf 71' lang='grc' dir='ltr'><em>γυναιξὶν</em></span> <span class='ocrx_word' id='word_1_62' title='bbox 1661 853 1690 909; x_wconf 79' lang='grc' dir='ltr'><strong>ἡ</strong></span> <span class='ocrx_word' id='word_1_63' title='bbox 1747 859 1836 903; x_wconf 77' lang='grc' dir='ltr'><em>τοὺ</em></span> 
     </span>
    </p>
   </div>
   <div class='ocr_carea' id='block_1_11' title="bbox 242 933 1839 1010">
    <p class='ocr_par' dir='ltr' id='par_1_11' title="bbox 242 933 1839 1010">
     <span class='ocr_line' id='line_1_11' title="bbox 242 933 1839 1010; baseline 0.004 -23"><span class='ocrx_word' id='word_1_64' title='bbox 242 941 531 1010; x_wconf 80' lang='grc' dir='ltr'>μαρτυρίου</span> <span class='ocrx_word' id='word_1_65' title='bbox 587 938 717 1009; x_wconf 80' lang='grc' dir='ltr'><em>θύρα</em></span> <span class='ocrx_word' id='word_1_66' title='bbox 749 956 762 969; x_wconf 76' lang='grc' dir='ltr'>ο</span> <span class='ocrx_word' id='word_1_67' title='bbox 797 943 963 988; x_wconf 85' lang='grc' dir='ltr'><em>πᾶσαι</em></span> <span class='ocrx_word' id='word_1_68' title='bbox 1013 933 1072 988; x_wconf 69' lang='grc' dir='ltr'>δὲ</span> <span class='ocrx_word' id='word_1_69' title='bbox 1117 938 1307 1007; x_wconf 84' lang='grc' dir='ltr'><em>ὁμοίως</em></span> <span class='ocrx_word' id='word_1_70' title='bbox 1353 943 1439 990; x_wconf 77' lang='grc' dir='ltr'><em>καὶ</em></span> <span class='ocrx_word' id='word_1_71' title='bbox 1485 941 1704 992; x_wconf 86' lang='grc' dir='ltr'><em>θανάτου</em></span> <span class='ocrx_word' id='word_1_72' title='bbox 1747 937 1839 993; x_wconf 78' lang='grc' dir='ltr'>διὰ</span> 
     </span>
    </p>
   </div>
   <div class='ocr_carea' id='block_1_12' title="bbox 245 1027 1838 1100">
    <p class='ocr_par' dir='ltr' id='par_1_12' title="bbox 245 1027 1838 1100">
     <span class='ocr_line' id='line_1_12' title="bbox 245 1027 1838 1100; baseline 0.001 -21"><span class='ocrx_word' id='word_1_73' title='bbox 245 1031 474 1100; x_wconf 80' lang='grc' dir='ltr'><em>Χριστὸν</em></span> <span class='ocrx_word' id='word_1_74' title='bbox 527 1031 616 1077; x_wconf 80' lang='grc' dir='ltr'>καὶ</span> <span class='ocrx_word' id='word_1_75' title='bbox 663 1027 868 1086; x_wconf 80' lang='grc' dir='ltr'><em>πάντως</em></span> <span class='ocrx_word' id='word_1_76' title='bbox 923 1031 1423 1099; x_wconf 77' lang='grc' dir='ltr'>καταφρονείτωσαν,</span> <span class='ocrx_word' id='word_1_77' title='bbox 1477 1030 1557 1079; x_wconf 82' lang='grc' dir='ltr'><em>ἵνα</em></span> <span class='ocrx_word' id='word_1_78' title='bbox 1604 1034 1693 1081; x_wconf 84' lang='grc' dir='ltr'>καὶ</span> <span class='ocrx_word' id='word_1_79' title='bbox 1740 1039 1838 1081; x_wconf 84' lang='grc' dir='ltr'><em>τῶν</em></span> 
     </span>
    </p>
   </div>
   <div class='ocr_carea' id='block_1_13' title="bbox 242 1115 1838 1190">
    <p class='ocr_par' dir='ltr' id='par_1_13' title="bbox 242 1115 1838 1190">
     <span class='ocr_line' id='line_1_13' title="bbox 242 1115 1838 1190; baseline 0.002 -23"><span class='ocrx_word' id='word_1_80' title='bbox 242 1117 433 1187; x_wconf 83' lang='grc' dir='ltr'><em>ὁμοίων</em></span> <span class='ocrx_word' id='word_1_81' title='bbox 463 1117 606 1188; x_wconf 79' lang='grc' dir='ltr'><em>παρὰ</em></span> <span class='ocrx_word' id='word_1_82' title='bbox 647 1124 737 1174; x_wconf 84' lang='grc' dir='ltr'><em>τῆς</em></span> <span class='ocrx_word' id='word_1_83' title='bbox 778 1115 936 1166; x_wconf 67' lang='grc' dir='ltr'><em>αὐτοῦ</em></span> <span class='ocrx_word' id='word_1_84' title='bbox 970 1115 1353 1186; x_wconf 79' lang='grc' dir='ltr'>φιλανθρωπίας</span> <span class='ocrx_word' id='word_1_85' title='bbox 1380 1122 1580 1179; x_wconf 80' lang='grc' dir='ltr'><em>καὶτῆς</em></span> <span class='ocrx_word' id='word_1_86' title='bbox 1603 1124 1838 1190; x_wconf 83' lang='grc' dir='ltr'><em>χρηστό-</em></span> 
     </span>
    </p>
   </div>
   <div class='ocr_carea' id='block_1_14' title="bbox 242 1202 1836 1277">
    <p class='ocr_par' dir='ltr' id='par_1_14' title="bbox 242 1202 1836 1277">
     <span class='ocr_line' id='line_1_14' title="bbox 242 1202 1836 1277; baseline 0.001 -22"><span class='ocrx_word' id='word_1_87' title='bbox 242 1223 400 1264; x_wconf 88' lang='grc' dir='ltr'><em>τητος</em></span> <span class='ocrx_word' id='word_1_88' title='bbox 451 1202 818 1268; x_wconf 77' lang='grc' dir='ltr'>ἀπολαύσειαν,</span> <span class='ocrx_word' id='word_1_89' title='bbox 849 1205 916 1255; x_wconf 85' lang='grc' dir='ltr'><em>ὧν</em></span> <span class='ocrx_word' id='word_1_90' title='bbox 942 1207 1137 1274; x_wconf 74' lang='grc' dir='ltr'><em>γένοιτο</em></span> <span class='ocrx_word' id='word_1_91' title='bbox 1169 1206 1364 1264; x_wconf 78' lang='grc' dir='ltr'><em>πάντας</em></span> <span class='ocrx_word' id='word_1_92' title='bbox 1394 1207 1533 1276; x_wconf 81' lang='grc' dir='ltr'><em>ἡμᾶς</em></span> <span class='ocrx_word' id='word_1_93' title='bbox 1571 1207 1836 1277; x_wconf 79' lang='grc' dir='ltr'><em>ἐπιτυχεῖν</em></span> 
     </span>
    </p>
   </div>
   <div class='ocr_carea' id='block_1_15' title="bbox 240 1291 1838 1366">
    <p class='ocr_par' dir='ltr' id='par_1_15' title="bbox 240 1291 1838 1366">
     <span class='ocr_line' id='line_1_15' title="bbox 240 1291 1838 1366; baseline 0.003 -24"><span class='ocrx_word' id='word_1_94' title='bbox 240 1295 430 1365; x_wconf 88' lang='grc' dir='ltr'><em>χάριτι</em></span> <span class='ocrx_word' id='word_1_95' title='bbox 459 1298 547 1342; x_wconf 82' lang='grc' dir='ltr'>καὶ</span> <span class='ocrx_word' id='word_1_96' title='bbox 572 1291 928 1364; x_wconf 79' lang='grc' dir='ltr'>φιλανθρωπίᾳ</span> <span class='ocrx_word' id='word_1_97' title='bbox 955 1300 1046 1344; x_wconf 84' lang='grc' dir='ltr'>τοῦ</span> <span class='ocrx_word' id='word_1_98' title='bbox 1076 1296 1270 1364; x_wconf 78' lang='grc' dir='ltr'>Κυρίου</span> <span class='ocrx_word' id='word_1_99' title='bbox 1289 1295 1434 1363; x_wconf 80' lang='grc' dir='ltr'><em>ἡμῶν</em></span> <span class='ocrx_word' id='word_1_100' title='bbox 1467 1299 1643 1350; x_wconf 80' lang='grc' dir='ltr'>Ἰησοῦ</span> <span class='ocrx_word' id='word_1_101' title='bbox 1676 1303 1838 1366; x_wconf 86' lang='grc' dir='ltr'><em>Χρισ-</em></span> 
     </span>
    </p>
   </div>
   <div class='ocr_carea' id='block_1_16' title="bbox 236 1379 1832 1454">
    <p class='ocr_par' dir='ltr' id='par_1_16' title="bbox 236 1379 1832 1454">
     <span class='ocr_line' id='line_1_16' title="bbox 236 1379 1832 1454; baseline 0.001 -22"><span class='ocrx_word' id='word_1_102' title='bbox 236 1389 346 1444; x_wconf 77' lang='grc' dir='ltr'><em>τοῦ,</em></span> <span class='ocrx_word' id='word_1_103' title='bbox 380 1379 492 1452; x_wconf 76' lang='grc' dir='ltr'>μεθ’</span> <span class='ocrx_word' id='word_1_104' title='bbox 533 1380 594 1430; x_wconf 79' lang='grc' dir='ltr'>οὗ</span> <span class='ocrx_word' id='word_1_105' title='bbox 619 1389 690 1449; x_wconf 83' lang='grc' dir='ltr'><em>τῷ</em></span> <span class='ocrx_word' id='word_1_106' title='bbox 743 1386 910 1454; x_wconf 86' lang='grc' dir='ltr'><em>Πατρὶ</em></span> <span class='ocrx_word' id='word_1_107' title='bbox 948 1381 1058 1452; x_wconf 79' lang='grc' dir='ltr'><em>ἅμα</em></span> <span class='ocrx_word' id='word_1_108' title='bbox 1105 1390 1176 1450; x_wconf 83' lang='grc' dir='ltr'><em>τῷ</em></span> <span class='ocrx_word' id='word_1_109' title='bbox 1223 1381 1356 1452; x_wconf 73' lang='grc' dir='ltr'>ἁγίῳ</span> <span class='ocrx_word' id='word_1_110' title='bbox 1390 1385 1650 1452; x_wconf 78' lang='grc' dir='ltr'><em>Πνεύματι</em></span> <span class='ocrx_word' id='word_1_111' title='bbox 1683 1380 1832 1446; x_wconf 61' lang='grc' dir='ltr'><em>δοξα,</em></span> 
     </span>
    </p>
   </div>
   <div class='ocr_carea' id='block_1_17' title="bbox 239 1467 1832 1540">
    <p class='ocr_par' dir='ltr' id='par_1_17' title="bbox 239 1467 1832 1540">
     <span class='ocr_line' id='line_1_17' title="bbox 239 1467 1832 1540; baseline 0.001 -20"><span class='ocrx_word' id='word_1_112' title='bbox 239 1473 388 1540; x_wconf 84' lang='grc' dir='ltr'><em>τιμὴ,</em></span> <span class='ocrx_word' id='word_1_113' title='bbox 421 1470 610 1540; x_wconf 82' lang='grc' dir='ltr'><em>κράτος</em></span> <span class='ocrx_word' id='word_1_114' title='bbox 639 1476 726 1519; x_wconf 79' lang='grc' dir='ltr'>νῦν</span> <span class='ocrx_word' id='word_1_115' title='bbox 756 1474 846 1521; x_wconf 86' lang='grc' dir='ltr'>καὶ</span> <span class='ocrx_word' id='word_1_116' title='bbox 877 1467 974 1532; x_wconf 75' lang='grc' dir='ltr'>ἀεὶ,</span> <span class='ocrx_word' id='word_1_117' title='bbox 1007 1474 1096 1520; x_wconf 81' lang='grc' dir='ltr'>καὶ</span> <span class='ocrx_word' id='word_1_118' title='bbox 1127 1469 1196 1529; x_wconf 77' lang='grc' dir='ltr'>εἰς</span> <span class='ocrx_word' id='word_1_119' title='bbox 1225 1473 1348 1529; x_wconf 81' lang='grc' dir='ltr'><em>τοὺς</em></span> <span class='ocrx_word' id='word_1_120' title='bbox 1372 1470 1562 1532; x_wconf 79' lang='grc' dir='ltr'><em>αἰῶνας</em></span> <span class='ocrx_word' id='word_1_121' title='bbox 1587 1479 1685 1523; x_wconf 87' lang='grc' dir='ltr'><em>τῶν</em></span> <span class='ocrx_word' id='word_1_122' title='bbox 1716 1470 1832 1521; x_wconf 79' lang='grc' dir='ltr'>αἰώ-</span> 
     </span>
    </p>
   </div>
   <div class='ocr_carea' id='block_1_18' title="bbox 233 1558 572 1629">
    <p class='ocr_par' dir='ltr' id='par_1_18' title="bbox 233 1558 572 1629">
     <span class='ocr_line' id='line_1_18' title="bbox 233 1558 572 1629; baseline 0 -21"><span class='ocrx_word' id='word_1_123' title='bbox 233 1578 353 1612; x_wconf 87' lang='grc' dir='ltr'><em>νων.</em></span> <span class='ocrx_word' id='word_1_124' title='bbox 391 1558 572 1629; x_wconf 78' lang='grc' dir='ltr'><em>Ἀμήν.</em></span> 
     </span>
    </p>
   </div>
   <div class='ocr_carea' id='block_1_19' title="bbox 1944 487 3142 552">
    <p class='ocr_par' dir='ltr' id='par_1_19' title="bbox 1944 487 3142 552">
     <span class='ocr_line' id='line_1_19' title="bbox 1944 487 3142 552; baseline -0.01 0"><span class='ocrx_word' id='word_1_125' title='bbox 1944 497 2086 552; x_wconf 92' lang='lat' dir='ltr'>dam</span> <span class='ocrx_word' id='word_1_126' title='bbox 2116 494 2277 549; x_wconf 87' lang='lat' dir='ltr'>ﬂuvii</span> <span class='ocrx_word' id='word_1_127' title='bbox 2306 494 2464 548; x_wconf 85' lang='lat' dir='ltr'>intus</span> <span class='ocrx_word' id='word_1_128' title='bbox 2491 491 2805 547; x_wconf 81' lang='lat' dir='ltr'>effundens</span> <span class='ocrx_word' id='word_1_129' title='bbox 2841 487 3142 544; x_wconf 90' lang='lat' dir='ltr'>miracula.</span> 
     </span>
    </p>
   </div>
   <div class='ocr_carea' id='block_1_20' title="bbox 2015 572 3588 643">
    <p class='ocr_par' dir='ltr' id='par_1_20' title="bbox 2015 572 3588 643">
     <span class='ocr_line' id='line_1_20' title="bbox 2015 572 3588 643; baseline -0.009 -4"><span class='ocrx_word' id='word_1_130' title='bbox 2015 585 2108 640; x_wconf 85' lang='lat' dir='ltr'>Xl.</span> <span class='ocrx_word' id='word_1_131' title='bbox 2145 586 2275 638; x_wconf 68' lang='lat' dir='ltr'>Haec</span> <span class='ocrx_word' id='word_1_132' title='bbox 2306 582 2551 637; x_wconf 84' lang='lat' dir='ltr'>audiant</span> <span class='ocrx_word' id='word_1_133' title='bbox 2589 595 2841 643; x_wconf 84' lang='lat' dir='ltr'>sorores,</span> <span class='ocrx_word' id='word_1_134' title='bbox 2883 581 2940 632; x_wconf 91' lang='lat' dir='ltr'>et</span> <span class='ocrx_word' id='word_1_135' title='bbox 2972 575 3259 630; x_wconf 66' lang='lat' dir='ltr'>universae</span> <span class='ocrx_word' id='word_1_136' title='bbox 3287 572 3588 640; x_wconf 83' lang='lat' dir='ltr'>mulieres,</span> 
     </span>
    </p>
   </div>
   <div class='ocr_carea' id='block_1_21' title="bbox 1949 662 3592 742">
    <p class='ocr_par' dir='ltr' id='par_1_21' title="bbox 1949 662 3592 742">
     <span class='ocr_line' id='line_1_21' title="bbox 1949 662 3592 742; baseline -0.009 -14"><span class='ocrx_word' id='word_1_137' title='bbox 1949 677 2067 728; x_wconf 89' lang='lat' dir='ltr'>tam</span> <span class='ocrx_word' id='word_1_138' title='bbox 2099 672 2375 742; x_wconf 85' lang='lat' dir='ltr'>virgines,</span> <span class='ocrx_word' id='word_1_139' title='bbox 2403 685 2587 742; x_wconf 90' lang='lat' dir='ltr'>quam</span> <span class='ocrx_word' id='word_1_140' title='bbox 2615 683 2749 740; x_wconf 64' lang='lat' dir='ltr'>quae</span> <span class='ocrx_word' id='word_1_141' title='bbox 2776 665 3256 734; x_wconf 74' lang='lat' dir='ltr'>suntconjunctze</span> <span class='ocrx_word' id='word_1_142' title='bbox 3286 662 3592 716; x_wconf 87' lang='lat' dir='ltr'>matrimo-</span> 
     </span>
    </p>
   </div>
   <div class='ocr_carea' id='block_1_22' title="bbox 1949 750 3592 831">
    <p class='ocr_par' dir='ltr' id='par_1_22' title="bbox 1949 750 3592 831">
     <span class='ocr_line' id='line_1_22' title="bbox 1949 750 3592 831; baseline -0.009 -14"><span class='ocrx_word' id='word_1_143' title='bbox 1949 763 2066 817; x_wconf 88' lang='lat' dir='ltr'>nio.</span> <span class='ocrx_word' id='word_1_144' title='bbox 2110 764 2176 816; x_wconf 90' lang='lat' dir='ltr'>Et</span> <span class='ocrx_word' id='word_1_145' title='bbox 2210 761 2324 816; x_wconf 71' lang='lat' dir='ltr'>illae</span> <span class='ocrx_word' id='word_1_146' title='bbox 2362 759 2602 831; x_wconf 88' lang='lat' dir='ltr'>quidem</span> <span class='ocrx_word' id='word_1_147' title='bbox 2643 757 2724 812; x_wconf 92' lang='lat' dir='ltr'>sic</span> <span class='ocrx_word' id='word_1_148' title='bbox 2754 772 2815 810; x_wconf 89' lang='lat' dir='ltr'>se</span> <span class='ocrx_word' id='word_1_149' title='bbox 2853 754 3105 808; x_wconf 88' lang='lat' dir='ltr'>invicem</span> <span class='ocrx_word' id='word_1_150' title='bbox 3137 751 3424 819; x_wconf 81' lang='lat' dir='ltr'>diligant;</span> <span class='ocrx_word' id='word_1_151' title='bbox 3465 750 3592 804; x_wconf 63' lang='lat' dir='ltr'>haec</span> 
     </span>
    </p>
   </div>
   <div class='ocr_carea' id='block_1_23' title="bbox 1948 837 3594 906">
    <p class='ocr_par' dir='ltr' id='par_1_23' title="bbox 1948 837 3594 906">
     <span class='ocr_line' id='line_1_23' title="bbox 1948 837 3594 906; baseline -0.01 0"><span class='ocrx_word' id='word_1_152' title='bbox 1948 857 2148 906; x_wconf 88' lang='lat' dir='ltr'>autem</span> <span class='ocrx_word' id='word_1_153' title='bbox 2177 866 2347 905; x_wconf 90' lang='lat' dir='ltr'>suam</span> <span class='ocrx_word' id='word_1_154' title='bbox 2370 864 2490 904; x_wconf 91' lang='lat' dir='ltr'>non</span> <span class='ocrx_word' id='word_1_155' title='bbox 2517 846 2916 903; x_wconf 90' lang='lat' dir='ltr'>condemnent</span> <span class='ocrx_word' id='word_1_156' title='bbox 2939 847 3240 897; x_wconf 91' lang='lat' dir='ltr'>naturam.</span> <span class='ocrx_word' id='word_1_157' title='bbox 3259 839 3406 893; x_wconf 89' lang='lat' dir='ltr'>Nam</span> <span class='ocrx_word' id='word_1_158' title='bbox 3431 837 3594 892; x_wconf 85' lang='lat' dir='ltr'>femi-</span> 
     </span>
    </p>
   </div>
   <div class='ocr_carea' id='block_1_24' title="bbox 1947 929 3589 1011">
    <p class='ocr_par' dir='ltr' id='par_1_24' title="bbox 1947 929 3589 1011">
     <span class='ocr_line' id='line_1_24' title="bbox 1947 929 3589 1011; baseline -0.01 -16"><span class='ocrx_word' id='word_1_159' title='bbox 1947 940 2040 996; x_wconf 82' lang='lat' dir='ltr'>nis</span> <span class='ocrx_word' id='word_1_160' title='bbox 2054 955 2285 1011; x_wconf 92' lang='lat' dir='ltr'>quoque</span> <span class='ocrx_word' id='word_1_161' title='bbox 2307 944 2512 1010; x_wconf 88' lang='lat' dir='ltr'>aperta</span> <span class='ocrx_word' id='word_1_162' title='bbox 2528 942 2615 992; x_wconf 92' lang='lat' dir='ltr'>est</span> <span class='ocrx_word' id='word_1_163' title='bbox 2632 936 2820 1006; x_wconf 89' lang='lat' dir='ltr'>janua</span> <span class='ocrx_word' id='word_1_164' title='bbox 2840 930 3126 1002; x_wconf 86' lang='lat' dir='ltr'>martyrii.</span> <span class='ocrx_word' id='word_1_165' title='bbox 3153 929 3369 982; x_wconf 86' lang='lat' dir='ltr'>Omnes</span> <span class='ocrx_word' id='word_1_166' title='bbox 3392 933 3589 982; x_wconf 88' lang='lat' dir='ltr'>autem</span> 
     </span>
    </p>
   </div>
   <div class='ocr_carea' id='block_1_25' title="bbox 1949 1014 3593 1088">
    <p class='ocr_par' dir='ltr' id='par_1_25' title="bbox 1949 1014 3593 1088">
     <span class='ocr_line' id='line_1_25' title="bbox 1949 1014 3593 1088; baseline -0.009 -4"><span class='ocrx_word' id='word_1_167' title='bbox 1949 1029 2219 1086; x_wconf 90' lang='lat' dir='ltr'>similiter</span> <span class='ocrx_word' id='word_1_168' title='bbox 2239 1035 2293 1083; x_wconf 91' lang='lat' dir='ltr'>et</span> <span class='ocrx_word' id='word_1_169' title='bbox 2316 1033 2566 1082; x_wconf 92' lang='lat' dir='ltr'>mortem</span> <span class='ocrx_word' id='word_1_170' title='bbox 2592 1030 2645 1080; x_wconf 91' lang='lat' dir='ltr'>et</span> <span class='ocrx_word' id='word_1_171' title='bbox 2666 1023 2862 1078; x_wconf 86' lang='lat' dir='ltr'>omnia</span> <span class='ocrx_word' id='word_1_172' title='bbox 2878 1023 3279 1088; x_wconf 87' lang='lat' dir='ltr'>contemnant,</span> <span class='ocrx_word' id='word_1_173' title='bbox 3297 1023 3356 1070; x_wconf 89' lang='lat' dir='ltr'>ut</span> <span class='ocrx_word' id='word_1_174' title='bbox 3378 1014 3593 1070; x_wconf 86' lang='lat' dir='ltr'>similia</span> 
     </span>
    </p>
   </div>
   <div class='ocr_carea' id='block_1_26' title="bbox 1948 1103 3591 1189">
    <p class='ocr_par' dir='ltr' id='par_1_26' title="bbox 1948 1103 3591 1189">
     <span class='ocr_line' id='line_1_26' title="bbox 1948 1103 3591 1189; baseline -0.01 -17"><span class='ocrx_word' id='word_1_175' title='bbox 1948 1134 2186 1189; x_wconf 90' lang='lat' dir='ltr'>quoque</span> <span class='ocrx_word' id='word_1_176' title='bbox 2217 1119 2659 1186; x_wconf 73' lang='lat' dir='ltr'>consequantur</span> <span class='ocrx_word' id='word_1_177' title='bbox 2686 1111 2762 1167; x_wconf 89' lang='lat' dir='ltr'>ab</span> <span class='ocrx_word' id='word_1_178' title='bbox 2793 1111 2920 1180; x_wconf 89' lang='lat' dir='ltr'>ejus</span> <span class='ocrx_word' id='word_1_179' title='bbox 2944 1107 3204 1162; x_wconf 88' lang='lat' dir='ltr'>bonitate</span> <span class='ocrx_word' id='word_1_180' title='bbox 3242 1111 3296 1160; x_wconf 90' lang='lat' dir='ltr'>et</span> <span class='ocrx_word' id='word_1_181' title='bbox 3325 1103 3591 1171; x_wconf 85' lang='lat' dir='ltr'>benigni-</span> 
     </span>
    </p>
   </div>
   <div class='ocr_carea' id='block_1_27' title="bbox 1950 1192 3592 1270">
    <p class='ocr_par' dir='ltr' id='par_1_27' title="bbox 1950 1192 3592 1270">
     <span class='ocr_line' id='line_1_27' title="bbox 1950 1192 3592 1270; baseline -0.011 -8"><span class='ocrx_word' id='word_1_182' title='bbox 1950 1213 2083 1262; x_wconf 85' lang='lat' dir='ltr'>tate.</span> <span class='ocrx_word' id='word_1_183' title='bbox 2127 1208 2265 1270; x_wconf 68' lang='lat' dir='ltr'>Quae</span> <span class='ocrx_word' id='word_1_184' title='bbox 2296 1205 2467 1258; x_wconf 87' lang='lat' dir='ltr'>detur</span> <span class='ocrx_word' id='word_1_185' title='bbox 2497 1201 2671 1257; x_wconf 88' lang='lat' dir='ltr'>nobis</span> <span class='ocrx_word' id='word_1_186' title='bbox 2712 1198 2992 1254; x_wconf 89' lang='lat' dir='ltr'>omnibus</span> <span class='ocrx_word' id='word_1_187' title='bbox 3018 1194 3294 1263; x_wconf 85' lang='lat' dir='ltr'>consequi</span> <span class='ocrx_word' id='word_1_188' title='bbox 3321 1192 3509 1264; x_wconf 90' lang='lat' dir='ltr'>gratia</span> <span class='ocrx_word' id='word_1_189' title='bbox 3534 1195 3592 1244; x_wconf 85' lang='lat' dir='ltr'>et</span> 
     </span>
    </p>
   </div>
   <div class='ocr_carea' id='block_1_28' title="bbox 1949 1283 3589 1362">
    <p class='ocr_par' dir='ltr' id='par_1_28' title="bbox 1949 1283 3589 1362">
     <span class='ocr_line' id='line_1_28' title="bbox 1949 1283 3589 1362; baseline -0.009 -13"><span class='ocrx_word' id='word_1_190' title='bbox 1949 1295 2306 1362; x_wconf 75' lang='lat' dir='ltr'>benignitate</span> <span class='ocrx_word' id='word_1_191' title='bbox 2357 1291 2588 1347; x_wconf 90' lang='lat' dir='ltr'>Domini</span> <span class='ocrx_word' id='word_1_192' title='bbox 2638 1287 2822 1343; x_wconf 85' lang='lat' dir='ltr'>nostri</span> <span class='ocrx_word' id='word_1_193' title='bbox 2859 1287 3002 1340; x_wconf 87' lang='lat' dir='ltr'>Jesu</span> <span class='ocrx_word' id='word_1_194' title='bbox 3038 1283 3272 1352; x_wconf 86' lang='lat' dir='ltr'>Christi,</span> <span class='ocrx_word' id='word_1_195' title='bbox 3305 1297 3437 1336; x_wconf 91' lang='lat' dir='ltr'>cum</span> <span class='ocrx_word' id='word_1_196' title='bbox 3469 1295 3589 1350; x_wconf 90' lang='lat' dir='ltr'>quo</span> 
     </span>
    </p>
   </div>
   <div class='ocr_carea' id='block_1_29' title="bbox 1950 1369 3590 1444">
    <p class='ocr_par' dir='ltr' id='par_1_29' title="bbox 1950 1369 3590 1444">
     <span class='ocr_line' id='line_1_29' title="bbox 1950 1369 3590 1444; baseline -0.01 -7"><span class='ocrx_word' id='word_1_197' title='bbox 1950 1384 2096 1437; x_wconf 89' lang='lat' dir='ltr'>Patri</span> <span class='ocrx_word' id='word_1_198' title='bbox 2148 1381 2320 1435; x_wconf 88' lang='lat' dir='ltr'>simul</span> <span class='ocrx_word' id='word_1_199' title='bbox 2371 1395 2506 1434; x_wconf 86' lang='lat' dir='ltr'>cum</span> <span class='ocrx_word' id='word_1_200' title='bbox 2555 1381 2758 1431; x_wconf 90' lang='lat' dir='ltr'>sancto</span> <span class='ocrx_word' id='word_1_201' title='bbox 2807 1373 3025 1444; x_wconf 89' lang='lat' dir='ltr'>Spiritu</span> <span class='ocrx_word' id='word_1_202' title='bbox 3057 1371 3263 1442; x_wconf 89' lang='lat' dir='ltr'>gloria,</span> <span class='ocrx_word' id='word_1_203' title='bbox 3306 1369 3497 1423; x_wconf 88' lang='lat' dir='ltr'>honor</span> <span class='ocrx_word' id='word_1_204' title='bbox 3535 1372 3590 1422; x_wconf 92' lang='lat' dir='ltr'>et</span> 
     </span>
    </p>
   </div>
   <div class='ocr_carea' id='block_1_30' title="bbox 1944 1456 3587 1541">
    <p class='ocr_par' dir='ltr' id='par_1_30' title="bbox 1944 1456 3587 1541">
     <span class='ocr_line' id='line_1_30' title="bbox 1944 1456 3587 1541; baseline -0.01 -18"><span class='ocrx_word' id='word_1_205' title='bbox 1944 1468 2229 1541; x_wconf 87' lang='lat' dir='ltr'>potentia.</span> <span class='ocrx_word' id='word_1_206' title='bbox 2261 1484 2412 1522; x_wconf 89' lang='lat' dir='ltr'>nunc</span> <span class='ocrx_word' id='word_1_207' title='bbox 2439 1472 2493 1522; x_wconf 94' lang='lat' dir='ltr'>et</span> <span class='ocrx_word' id='word_1_208' title='bbox 2523 1479 2774 1534; x_wconf 87' lang='lat' dir='ltr'>semper,</span> <span class='ocrx_word' id='word_1_209' title='bbox 2803 1467 2858 1516; x_wconf 89' lang='lat' dir='ltr'>et</span> <span class='ocrx_word' id='word_1_210' title='bbox 2885 1462 2940 1514; x_wconf 90' lang='lat' dir='ltr'>in</span> <span class='ocrx_word' id='word_1_211' title='bbox 2969 1459 3186 1515; x_wconf 71' lang='lat' dir='ltr'>saecula</span> <span class='ocrx_word' id='word_1_212' title='bbox 3211 1456 3587 1513; x_wconf 75' lang='lat' dir='ltr'>saeculorum.</span> 
     </span>
    </p>
   </div>
   <div class='ocr_carea' id='block_1_31' title="bbox 1943 1560 2150 1612">
    <p class='ocr_par' dir='ltr' id='par_1_31' title="bbox 1943 1560 2150 1612">
     <span class='ocr_line' id='line_1_31' title="bbox 1943 1560 2150 1612; baseline -0.024 0"><span class='ocrx_word' id='word_1_213' title='bbox 1943 1560 2150 1612; x_wconf 85' lang='lat' dir='ltr'>Amen.</span> 
     </span>
    </p>
   </div>
   <div class='ocr_carea' id='block_1_32' title="bbox 254 1724 3590 1758">
    <p class='ocr_par' dir='ltr' id='par_1_32' title="bbox 254 1724 3590 1758">
     <span class='ocr_line' id='line_1_32' title="bbox 254 1724 3590 1758; baseline -0.008 0"><span class='ocrx_word' id='word_1_214' title='bbox 254 1724 3590 1758; x_wconf 88' lang='lat'>____________________—_—</span> 
     </span>
    </p>
   </div>
   <div class='ocr_carea' id='block_1_33' title="bbox 249 1755 3579 1780">
    <p class='ocr_par' dir='ltr' id='par_1_33' title="bbox 255 1755 1949 1758">
     <span class='ocr_line' id='line_1_33' title="bbox 255 1755 1949 1758; baseline 0 -2"><span class='ocrx_word' id='word_1_215' title='bbox 255 1755 1135 1758; x_wconf 30' lang='grc' dir='ltr'>ρ-ᾐῄηκ</span> <span class='ocrx_word' id='word_1_216' title='bbox 1148 1755 1157 1756; x_wconf 58' lang='lat'><strong><em>,</em></strong></span> <span class='ocrx_word' id='word_1_217' title='bbox 1174 1755 1341 1756; x_wconf 15' lang='grc' dir='ltr'>γηράς</span> <span class='ocrx_word' id='word_1_218' title='bbox 1354 1755 1949 1756; x_wconf 33' lang='lat' dir='ltr'>—7,i,</span> 
     </span>
    </p>
   </div>
   <div class='ocr_carea' id='block_1_34' title="bbox 1366 1903 2436 1990">
    <p class='ocr_par' dir='ltr' id='par_1_34' title="bbox 1366 1903 2436 1990">
     <span class='ocr_line' id='line_1_34' title="bbox 1366 1903 2436 1990; baseline -0.006 0"><span class='ocrx_word' id='word_1_219' title='bbox 1366 1905 1624 1990; x_wconf 85' lang='grc' dir='ltr'>ΒΙΟΣ.</span> <span class='ocrx_word' id='word_1_220' title='bbox 1667 1907 1864 1989; x_wconf 87' lang='grc' dir='ltr'>ΚΑΙ</span> <span class='ocrx_word' id='word_1_221' title='bbox 1907 1903 2436 1989; x_wconf 83' lang='grc' dir='ltr'>ΠΟΛΙΤΕΙΑ</span> 
     </span>
    </p>
   </div>
   <div class='ocr_carea' id='block_1_35' title="bbox 1416 2083 2297 2135">
    <p class='ocr_par' dir='ltr' id='par_1_35' title="bbox 1416 2083 2297 2135">
     <span class='ocr_line' id='line_1_35' title="bbox 1416 2083 2297 2135; baseline -0.002 -2"><span class='ocrx_word' id='word_1_222' title='bbox 1416 2087 1540 2133; x_wconf 84' lang='grc' dir='ltr'>ΤΗΣ</span> <span class='ocrx_word' id='word_1_223' title='bbox 1580 2083 1770 2135; x_wconf 87' lang='grc' dir='ltr'>ΟΣΙΑΣ</span> <span class='ocrx_word' id='word_1_224' title='bbox 1802 2087 2065 2134; x_wconf 86' lang='grc' dir='ltr'>ΜΗΤΡΟΣ</span> <span class='ocrx_word' id='word_1_225' title='bbox 2107 2084 2297 2133; x_wconf 86' lang='grc' dir='ltr'>ΗΜΩΝ</span> 
     </span>
    </p>
   </div>
   <div class='ocr_carea' id='block_1_36' title="bbox 529 2229 3233 2363">
    <p class='ocr_par' dir='ltr' id='par_1_36' title="bbox 529 2229 3233 2363">
     <span class='ocr_line' id='line_1_36' title="bbox 529 2229 3233 2363; baseline -0.006 0"><span class='ocrx_word' id='word_1_226' title='bbox 529 2245 1356 2363; x_wconf 86' lang='grc' dir='ltr'>ΘΕΟΔΩΡΑΣ</span> <span class='ocrx_word' id='word_1_227' title='bbox 1442 2248 1752 2359; x_wconf 86' lang='grc' dir='ltr'>ΤΗΣ</span> <span class='ocrx_word' id='word_1_228' title='bbox 1835 2247 2033 2359; x_wconf 90' lang='grc' dir='ltr'>ΕΝ</span> <span class='ocrx_word' id='word_1_229' title='bbox 2126 2229 3233 2356; x_wconf 83' lang='grc' dir='ltr'>ΑΔΕΞΑΝΔΡΕΙΑ.</span> 
     </span>
    </p>
   </div>
   <div class='ocr_carea' id='block_1_37' title="bbox 1128 2611 1435 2705">
    <p class='ocr_par' dir='ltr' id='par_1_37' title="bbox 1128 2611 1435 2705">
     <span class='ocr_line' id='line_1_37' title="bbox 1128 2611 1435 2705; baseline 0.02 -6"><span class='ocrx_word' id='word_1_230' title='bbox 1128 2611 1435 2705; x_wconf 81' lang='lat' dir='ltr'>VlTA</span> 
     </span>
    </p>
   </div>
   <div class='ocr_carea' id='block_1_38' title="bbox 1535 2603 2692 2702">
    <p class='ocr_par' dir='ltr' id='par_1_38' title="bbox 1535 2603 2692 2702">
     <span class='ocr_line' id='line_1_38' title="bbox 1535 2603 2692 2702; baseline -0.004 -2"><span class='ocrx_word' id='word_1_231' title='bbox 1535 2613 1697 2702; x_wconf 88' lang='lat' dir='ltr'><strong>ET</strong></span> <span class='ocrx_word' id='word_1_232' title='bbox 1777 2603 2692 2700; x_wconf 75' lang='lat' dir='ltr'>CONVERSATIO</span> 
     </span>
    </p>
   </div>
   <div class='ocr_carea' id='block_1_39' title="bbox 1547 2815 2318 2878">
    <p class='ocr_par' dir='ltr' id='par_1_39' title="bbox 1547 2815 2318 2878">
     <span class='ocr_line' id='line_1_39' title="bbox 1547 2815 2318 2878; baseline -0.006 -1"><span class='ocrx_word' id='word_1_233' title='bbox 1547 2818 1609 2877; x_wconf 93' lang='lat' dir='ltr'>S.</span> <span class='ocrx_word' id='word_1_234' title='bbox 1657 2817 1941 2878; x_wconf 84' lang='lat' dir='ltr'>MATRIS</span> <span class='ocrx_word' id='word_1_235' title='bbox 1984 2815 2318 2876; x_wconf 71' lang='lat' dir='ltr'>NOSTR/E</span> 
     </span>
    </p>
   </div>
   <div class='ocr_carea' id='block_1_40' title="bbox 560 2979 3289 3139">
    <p class='ocr_par' dir='ltr' id='par_1_40' title="bbox 560 2979 3289 3139">
     <span class='ocr_line' id='line_1_40' title="bbox 560 2979 3289 3139; baseline -0.006 -5"><span class='ocrx_word' id='word_1_236' title='bbox 560 2990 1694 3139; x_wconf 73' lang='lat' dir='ltr'>THEODOR/E</span> <span class='ocrx_word' id='word_1_237' title='bbox 1782 2979 3289 3130; x_wconf 68' lang='lat' dir='ltr'>ALEXANDRIN/E.</span> 
     </span>
    </p>
   </div>
   <div class='ocr_carea' id='block_1_41' title="bbox 1052 3256 2794 3330">
    <p class='ocr_par' dir='ltr' id='par_1_41' title="bbox 1052 3256 2794 3330">
     <span class='ocr_line' id='line_1_41' title="bbox 1052 3256 2794 3330; baseline -0.008 -14"><span class='ocrx_word' id='word_1_238' title='bbox 1052 3267 1258 3326; x_wconf 85' lang='lat' dir='ltr'>(Latine</span> <span class='ocrx_word' id='word_1_239' title='bbox 1289 3265 1430 3330; x_wconf 85' lang='lat' dir='ltr'>apud</span> <span class='ocrx_word' id='word_1_240' title='bbox 1463 3264 1680 3314; x_wconf 85' lang='lat' dir='ltr'>Surium</span> <span class='ocrx_word' id='word_1_241' title='bbox 1704 3263 1846 3327; x_wconf 88' lang='lat' dir='ltr'>Sept.</span> <span class='ocrx_word' id='word_1_242' title='bbox 1878 3264 1958 3322; x_wconf 81' lang='grc'>11,</span> <span class='ocrx_word' id='word_1_243' title='bbox 1993 3261 2170 3312; x_wconf 68' lang='lat' dir='ltr'>Greece</span> <span class='ocrx_word' id='word_1_244' title='bbox 2205 3272 2270 3310; x_wconf 85' lang='lat' dir='ltr'>ex</span> <span class='ocrx_word' id='word_1_245' title='bbox 2299 3271 2398 3308; x_wconf 89' lang='lat' dir='ltr'>ms.</span> <span class='ocrx_word' id='word_1_246' title='bbox 2437 3256 2598 3307; x_wconf 87' lang='lat' dir='ltr'>Paris.</span> <span class='ocrx_word' id='word_1_247' title='bbox 2632 3256 2794 3318; x_wconf 80' lang='grc'>1526.)</span> 
     </span>
    </p>
   </div>
   <div class='ocr_carea' id='block_1_42' title="bbox 315 3574 1915 3653">
    <p class='ocr_par' dir='ltr' id='par_1_42' title="bbox 315 3574 1915 3653">
     <span class='ocr_line' id='line_1_42' title="bbox 315 3574 1915 3653; baseline -0.004 -19"><span class='ocrx_word' id='word_1_248' title='bbox 315 3582 391 3634; x_wconf 80' lang='grc' dir='ltr'>Α’.</span> <span class='ocrx_word' id='word_1_249' title='bbox 441 3586 616 3639; x_wconf 80' lang='grc' dir='ltr'><em>Ζήνων</em></span> <span class='ocrx_word' id='word_1_250' title='bbox 668 3583 758 3653; x_wconf 67' lang='grc' dir='ltr'><em>μὲν</em></span> <span class='ocrx_word' id='word_1_251' title='bbox 822 3577 930 3638; x_wconf 75' lang='grc' dir='ltr'>ἤδη</span> <span class='ocrx_word' id='word_1_252' title='bbox 991 3584 1083 3637; x_wconf 80' lang='grc' dir='ltr'>τὴν</span> <span class='ocrx_word' id='word_1_253' title='bbox 1154 3577 1518 3650; x_wconf 74' lang='grc' dir='ltr'><em>αὐτοκράτορα</em></span> <span class='ocrx_word' id='word_1_254' title='bbox 1566 3575 1842 3647; x_wconf 86' lang='grc' dir='ltr'><em>Ῥωμαίοις</em></span> <span class='ocrx_word' id='word_1_255' title='bbox 1875 3574 1915 3627; x_wconf 90' lang='grc' dir='ltr'>Β</span> 
     </span>
    </p>
   </div>
   <div class='ocr_carea' id='block_1_43' title="bbox 245 3665 1842 3741">
    <p class='ocr_par' dir='ltr' id='par_1_43' title="bbox 245 3665 1842 3741">
     <span class='ocr_line' id='line_1_43' title="bbox 245 3665 1842 3741; baseline -0.006 -19"><span class='ocrx_word' id='word_1_256' title='bbox 245 3667 439 3722; x_wconf 77' lang='grc' dir='ltr'>διεῖπεν</span> <span class='ocrx_word' id='word_1_257' title='bbox 509 3668 704 3740; x_wconf 74' lang='grc' dir='ltr'><em>ἀρχὴν,</em></span> <span class='ocrx_word' id='word_1_258' title='bbox 777 3673 1060 3741; x_wconf 81' lang='grc' dir='ltr'><em>Γρηγὸριος</em></span> <span class='ocrx_word' id='word_1_259' title='bbox 1133 3665 1191 3719; x_wconf 73' lang='grc' dir='ltr'>δὲ</span> <span class='ocrx_word' id='word_1_260' title='bbox 1260 3670 1353 3724; x_wconf 81' lang='grc' dir='ltr'>τὴν</span> <span class='ocrx_word' id='word_1_261' title='bbox 1429 3673 1520 3716; x_wconf 81' lang='grc' dir='ltr'>τοῦ</span> <span class='ocrx_word' id='word_1_262' title='bbox 1596 3665 1842 3734; x_wconf 78' lang='grc' dir='ltr'>ὑπάρχου</span> 
     </span>
    </p>
   </div>
   <div class='ocr_carea' id='block_1_44' title="bbox 247 3749 1844 3830">
    <p class='ocr_par' dir='ltr' id='par_1_44' title="bbox 247 3749 1844 3830">
     <span class='ocr_line' id='line_1_44' title="bbox 247 3749 1844 3830; baseline -0.001 -22"><span class='ocrx_word' id='word_1_263' title='bbox 247 3757 484 3820; x_wconf 84' lang='grc' dir='ltr'>ἐξουσίαν</span> <span class='ocrx_word' id='word_1_264' title='bbox 538 3759 586 3809; x_wconf 85' lang='grc' dir='ltr'><em>ἐν</em></span> <span class='ocrx_word' id='word_1_265' title='bbox 639 3766 700 3830; x_wconf 76' lang='grc' dir='ltr'>τῇ</span> <span class='ocrx_word' id='word_1_266' title='bbox 757 3758 871 3810; x_wconf 80' lang='grc' dir='ltr'><em>κατ’</em></span> <span class='ocrx_word' id='word_1_267' title='bbox 951 3761 1211 3827; x_wconf 74' lang='grc' dir='ltr'><em>Αἴγυπτον</em></span> <span class='ocrx_word' id='word_1_268' title='bbox 1269 3751 1409 3825; x_wconf 79' lang='grc' dir='ltr'>εἶχεν</span> <span class='ocrx_word' id='word_1_269' title='bbox 1463 3749 1844 3824; x_wconf 80' lang='grc' dir='ltr'>Ἀλεξανδρείᾳ.</span> 
     </span>
    </p>
   </div>
   <div class='ocr_carea' id='block_1_45' title="bbox 245 3839 1842 3916">
    <p class='ocr_par' dir='ltr' id='par_1_45' title="bbox 245 3839 1842 3916">
     <span class='ocr_line' id='line_1_45' title="bbox 245 3839 1842 3916; baseline -0.006 -17"><span class='ocrx_word' id='word_1_270' title='bbox 245 3847 303 3899; x_wconf 83' lang='grc' dir='ltr'>Ἠ</span> <span class='ocrx_word' id='word_1_271' title='bbox 353 3844 412 3898; x_wconf 64' lang='grc' dir='ltr'>δὲ</span> <span class='ocrx_word' id='word_1_272' title='bbox 465 3846 523 3898; x_wconf 69' lang='grc' dir='ltr'>οὗ</span> <span class='ocrx_word' id='word_1_273' title='bbox 568 3855 814 3898; x_wconf 74' lang='grc' dir='ltr'><em>τοσοῦτον</em></span> <span class='ocrx_word' id='word_1_274' title='bbox 862 3845 936 3896; x_wconf 87' lang='grc' dir='ltr'>ἐπ’</span> <span class='ocrx_word' id='word_1_275' title='bbox 982 3844 1118 3916; x_wconf 81' lang='grc' dir='ltr'><em>ἄλλῳ</em></span> <span class='ocrx_word' id='word_1_276' title='bbox 1177 3853 1275 3896; x_wconf 83' lang='grc' dir='ltr'>τῶν</span> <span class='ocrx_word' id='word_1_277' title='bbox 1321 3844 1556 3895; x_wconf 75' lang='grc' dir='ltr'><em>ἁπάντων</em></span> <span class='ocrx_word' id='word_1_278' title='bbox 1607 3839 1842 3902; x_wconf 83' lang='grc' dir='ltr'><em>Ἀλεξάν-</em></span> 
     </span>
    </p>
   </div>
   <div class='ocr_carea' id='block_1_46' title="bbox 253 3930 1840 4008">
    <p class='ocr_par' dir='ltr' id='par_1_46' title="bbox 253 3930 1840 4008">
     <span class='ocr_line' id='line_1_46' title="bbox 253 3930 1840 4008; baseline -0.004 -21"><span class='ocrx_word' id='word_1_279' title='bbox 253 3933 405 4008; x_wconf 80' lang='grc' dir='ltr'><em>δρεια</em></span> <span class='ocrx_word' id='word_1_280' title='bbox 491 3938 613 3987; x_wconf 84' lang='grc' dir='ltr'><em>ὅσον</em></span> <span class='ocrx_word' id='word_1_281' title='bbox 697 3933 778 3988; x_wconf 79' lang='grc' dir='ltr'><em>ἐπὶ</em></span> <span class='ocrx_word' id='word_1_282' title='bbox 852 3931 1101 4006; x_wconf 81' lang='grc' dir='ltr'>Θεοδώρᾳ</span> <span class='ocrx_word' id='word_1_283' title='bbox 1179 3933 1368 4002; x_wconf 81' lang='grc' dir='ltr'><em>μᾶλλον</em></span> <span class='ocrx_word' id='word_1_284' title='bbox 1448 3930 1840 3993; x_wconf 76' lang='grc' dir='ltr'><em>ἐκαλλωπίζετο,</em></span> 
     </span>
    </p>
   </div>
   <div class='ocr_carea' id='block_1_47' title="bbox 252 4022 1844 4099">
    <p class='ocr_par' dir='ltr' id='par_1_47' title="bbox 252 4022 1844 4099">
     <span class='ocr_line' id='line_1_47' title="bbox 252 4022 1844 4099; baseline -0.005 -22"><span class='ocrx_word' id='word_1_285' title='bbox 252 4027 366 4088; x_wconf 88' lang='grc' dir='ltr'><em>οῖας</em></span> <span class='ocrx_word' id='word_1_286' title='bbox 444 4028 643 4099; x_wconf 78' lang='grc' dir='ltr'><em>μητρὸς</em></span> <span class='ocrx_word' id='word_1_287' title='bbox 727 4024 889 4086; x_wconf 73' lang='grc' dir='ltr'><em>αὐτῆς</em></span> <span class='ocrx_word' id='word_1_288' title='bbox 960 4022 1240 4095; x_wconf 78' lang='grc' dir='ltr'><em>ὑπάρξασα</em></span> <span class='ocrx_word' id='word_1_289' title='bbox 1317 4027 1404 4074; x_wconf 81' lang='grc' dir='ltr'>καὶ</span> <span class='ocrx_word' id='word_1_290' title='bbox 1474 4026 1682 4093; x_wconf 82' lang='grc' dir='ltr'><em>πατρὶς,</em></span> <span class='ocrx_word' id='word_1_291' title='bbox 1755 4023 1844 4070; x_wconf 86' lang='grc' dir='ltr'>καὶ</span> 
     </span>
    </p>
   </div>
   <div class='ocr_carea' id='block_1_48' title="bbox 250 4109 1846 4184">
    <p class='ocr_par' dir='ltr' id='par_1_48' title="bbox 250 4109 1846 4184">
     <span class='ocr_line' id='line_1_48' title="bbox 250 4109 1846 4184; baseline -0.006 -17"><span class='ocrx_word' id='word_1_292' title='bbox 250 4123 484 4167; x_wconf 85' lang='grc' dir='ltr'><em>τοιοῦτον</em></span> <span class='ocrx_word' id='word_1_293' title='bbox 540 4114 692 4184; x_wconf 71' lang='grc' dir='ltr'>ἁγενῆ</span> <span class='ocrx_word' id='word_1_294' title='bbox 745 4110 936 4165; x_wconf 79' lang='grc' dir='ltr'><em>κλάδον</em></span> <span class='ocrx_word' id='word_1_295' title='bbox 989 4109 1277 4176; x_wconf 73' lang='grc' dir='ltr'><em>ἀναδουσα,</em></span> <span class='ocrx_word' id='word_1_296' title='bbox 1330 4116 1420 4162; x_wconf 83' lang='grc' dir='ltr'>καὶ</span> <span class='ocrx_word' id='word_1_297' title='bbox 1472 4109 1605 4161; x_wconf 78' lang='grc' dir='ltr'><em>οὕτω</em></span> <span class='ocrx_word' id='word_1_298' title='bbox 1649 4112 1846 4168; x_wconf 80' lang='grc' dir='ltr'><em>πάσαις</em></span> 
     </span>
    </p>
   </div>
   <div class='ocr_carea' id='block_1_49' title="bbox 249 4200 1838 4276">
    <p class='ocr_par' dir='ltr' id='par_1_49' title="bbox 249 4200 1838 4276">
     <span class='ocr_line' id='line_1_49' title="bbox 249 4200 1838 4276; baseline -0.007 -20"><span class='ocrx_word' id='word_1_299' title='bbox 249 4205 478 4276; x_wconf 83' lang='grc' dir='ltr'><em>βρύοντα</em></span> <span class='ocrx_word' id='word_1_300' title='bbox 528 4206 774 4275; x_wconf 87' lang='grc' dir='ltr'><em>χάρισιν.</em></span> <span class='ocrx_word' id='word_1_301' title='bbox 848 4203 928 4254; x_wconf 87' lang='grc' dir='ltr'><em>Ἐν</em></span> <span class='ocrx_word' id='word_1_302' title='bbox 985 4202 1116 4272; x_wconf 72' lang='grc' dir='ltr'>αὐτῇ</span> <span class='ocrx_word' id='word_1_303' title='bbox 1168 4204 1268 4273; x_wconf 75' lang='grc' dir='ltr'>γὰρ</span> <span class='ocrx_word' id='word_1_304' title='bbox 1310 4203 1339 4257; x_wconf 82' lang='grc' dir='ltr'>ἡ</span> <span class='ocrx_word' id='word_1_305' title='bbox 1402 4203 1557 4270; x_wconf 72' lang='grc' dir='ltr'><em>σεμνὴ</em></span> <span class='ocrx_word' id='word_1_306' title='bbox 1605 4205 1676 4265; x_wconf 85' lang='grc' dir='ltr'>τῷ</span> <span class='ocrx_word' id='word_1_307' title='bbox 1717 4200 1838 4256; x_wconf 87' lang='grc' dir='ltr'><em>ὅντι,</em></span> 
     </span>
    </p>
   </div>
   <div class='ocr_carea' id='block_1_50' title="bbox 245 4282 1846 4363">
    <p class='ocr_par' dir='ltr' id='par_1_50' title="bbox 245 4282 1846 4363">
     <span class='ocr_line' id='line_1_50' title="bbox 245 4282 1846 4363; baseline -0.008 -18"><span class='ocrx_word' id='word_1_308' title='bbox 245 4299 332 4345; x_wconf 85' lang='grc' dir='ltr'>καὶ</span> <span class='ocrx_word' id='word_1_309' title='bbox 385 4297 582 4363; x_wconf 82' lang='grc' dir='ltr'><em>κοσμία</em></span> <span class='ocrx_word' id='word_1_310' title='bbox 661 4298 772 4352; x_wconf 88' lang='grc' dir='ltr'><em>τοῖς</em></span> <span class='ocrx_word' id='word_1_311' title='bbox 826 4293 998 4356; x_wconf 76' lang='grc' dir='ltr'><em>ἤθεσι,</em></span> <span class='ocrx_word' id='word_1_312' title='bbox 1055 4293 1149 4348; x_wconf 81' lang='grc' dir='ltr'><em>τὰς</em></span> <span class='ocrx_word' id='word_1_313' title='bbox 1208 4287 1255 4339; x_wconf 75' lang='grc' dir='ltr'><em>ἐν</em></span> <span class='ocrx_word' id='word_1_314' title='bbox 1313 4293 1495 4356; x_wconf 80' lang='grc' dir='ltr'><em>κόσμῳ</em></span> <span class='ocrx_word' id='word_1_315' title='bbox 1569 4282 1846 4354; x_wconf 77' lang='grc' dir='ltr'><em>διατριϐὰς</em></span> 
     </span>
    </p>
   </div>
   <div class='ocr_carea' id='block_1_51' title="bbox 246 4375 1847 4450">
    <p class='ocr_par' dir='ltr' id='par_1_51' title="bbox 246 4375 1847 4450">
     <span class='ocr_line' id='line_1_51' title="bbox 246 4375 1847 4450; baseline -0.008 -16"><span class='ocrx_word' id='word_1_316' title='bbox 246 4381 466 4434; x_wconf 82' lang='grc' dir='ltr'><em>ἐποιεῖτο</em></span> <span class='ocrx_word' id='word_1_317' title='bbox 534 4397 546 4408; x_wconf 86' lang='grc'><strong><em>⁸</em></strong></span> <span class='ocrx_word' id='word_1_318' title='bbox 605 4376 759 4450; x_wconf 78' lang='grc' dir='ltr'><em>ἀνδρὶ</em></span> <span class='ocrx_word' id='word_1_319' title='bbox 811 4381 900 4448; x_wconf 73' lang='grc' dir='ltr'>μὲν</span> <span class='ocrx_word' id='word_1_320' title='bbox 958 4385 1210 4428; x_wconf 83' lang='grc' dir='ltr'><em>συνοικεῖν</em></span> <span class='ocrx_word' id='word_1_321' title='bbox 1282 4375 1528 4444; x_wconf 81' lang='grc' dir='ltr'><em>λαχοῦσα</em></span> <span class='ocrx_word' id='word_1_322' title='bbox 1599 4375 1847 4442; x_wconf 80' lang='grc' dir='ltr'><em>συναφείᾳ</em></span> 
     </span>
    </p>
   </div>
   <div class='ocr_carea' id='block_1_52' title="bbox 243 4460 1845 4542">
    <p class='ocr_par' dir='ltr' id='par_1_52' title="bbox 243 4460 1845 4542">
     <span class='ocr_line' id='line_1_52' title="bbox 243 4460 1845 4542; baseline -0.007 -22"><span class='ocrx_word' id='word_1_323' title='bbox 243 4473 415 4542; x_wconf 72' lang='grc' dir='ltr'><em>γάμου</em></span> <span class='ocrx_word' id='word_1_324' title='bbox 463 4475 523 4538; x_wconf 77' lang='grc' dir='ltr'>τῇ</span> <span class='ocrx_word' id='word_1_325' title='bbox 575 4468 710 4517; x_wconf 82' lang='grc' dir='ltr'><em>κατὰ</em></span> <span class='ocrx_word' id='word_1_326' title='bbox 753 4472 928 4534; x_wconf 80' lang='grc' dir='ltr'><em>νόμον,</em></span> <span class='ocrx_word' id='word_1_327' title='bbox 972 4467 1134 4534; x_wconf 73' lang='grc' dir='ltr'><em>ταύτῃ</em></span> <span class='ocrx_word' id='word_1_328' title='bbox 1182 4460 1241 4514; x_wconf 77' lang='grc' dir='ltr'>δὲ</span> <span class='ocrx_word' id='word_1_329' title='bbox 1279 4466 1364 4513; x_wconf 73' lang='grc' dir='ltr'>καὶ</span> <span class='ocrx_word' id='word_1_330' title='bbox 1418 4460 1580 4521; x_wconf 77' lang='grc' dir='ltr'><em>ἄλλως</em></span> <span class='ocrx_word' id='word_1_331' title='bbox 1635 4463 1722 4530; x_wconf 73' lang='grc' dir='ltr'><em>μὲν</em></span> <span class='ocrx_word' id='word_1_332' title='bbox 1752 4463 1845 4516; x_wconf 82' lang='grc' dir='ltr'>τὴν</span> 
     </span>
    </p>
   </div>
   <div class='ocr_carea' id='block_1_53' title="bbox 250 4549 1847 4628">
    <p class='ocr_par' dir='ltr' id='par_1_53' title="bbox 250 4549 1847 4628">
     <span class='ocr_line' id='line_1_53' title="bbox 250 4549 1847 4628; baseline -0.005 -20"><span class='ocrx_word' id='word_1_333' title='bbox 250 4556 576 4628; x_wconf 81' lang='grc' dir='ltr'><em>ὀφειλομένην</em></span> <span class='ocrx_word' id='word_1_334' title='bbox 607 4561 714 4615; x_wconf 86' lang='grc' dir='ltr'><em>τοῖς</em></span> <span class='ocrx_word' id='word_1_335' title='bbox 756 4550 982 4625; x_wconf 77' lang='grc' dir='ltr'><em>ἀνδράσι</em></span> <span class='ocrx_word' id='word_1_336' title='bbox 1036 4556 1190 4621; x_wconf 79' lang='grc' dir='ltr'><em>τιμὴν</em></span> <span class='ocrx_word' id='word_1_337' title='bbox 1240 4549 1571 4621; x_wconf 80' lang='grc' dir='ltr'><em>ἀπονέμουσα</em></span> <span class='ocrx_word' id='word_1_338' title='bbox 1618 4549 1847 4620; x_wconf 73' lang='grc' dir='ltr'><em>μάλιστα</em></span> 
     </span>
    </p>
   </div>
   <div class='ocr_carea' id='block_1_54' title="bbox 258 4636 1847 4714">
    <p class='ocr_par' dir='ltr' id='par_1_54' title="bbox 258 4636 1847 4714">
     <span class='ocr_line' id='line_1_54' title="bbox 258 4636 1847 4714; baseline -0.008 -18"><span class='ocrx_word' id='word_1_339' title='bbox 258 4641 316 4696; x_wconf 75' lang='grc' dir='ltr'>δὲ</span> <span class='ocrx_word' id='word_1_340' title='bbox 370 4653 440 4712; x_wconf 81' lang='grc' dir='ltr'><em>τῷ</em></span> <span class='ocrx_word' id='word_1_341' title='bbox 506 4643 901 4714; x_wconf 84' lang='grc' dir='ltr'><em>σωφρονεστάτη</em></span> <span class='ocrx_word' id='word_1_342' title='bbox 961 4659 1015 4692; x_wconf 86' lang='grc' dir='ltr'>τε</span> <span class='ocrx_word' id='word_1_343' title='bbox 1068 4637 1195 4692; x_wconf 75' lang='grc' dir='ltr'><em>εἶναι</em></span> <span class='ocrx_word' id='word_1_344' title='bbox 1251 4659 1262 4671; x_wconf 88' lang='grc'><strong>·</strong></span> <span class='ocrx_word' id='word_1_345' title='bbox 1319 4647 1414 4690; x_wconf 86' lang='grc' dir='ltr'><em>τῶν</em></span> <span class='ocrx_word' id='word_1_346' title='bbox 1491 4637 1538 4688; x_wconf 81' lang='grc' dir='ltr'>ἐν</span> <span class='ocrx_word' id='word_1_347' title='bbox 1597 4645 1657 4702; x_wconf 79' lang='grc' dir='ltr'><em>τῇ</em></span> <span class='ocrx_word' id='word_1_348' title='bbox 1706 4636 1847 4689; x_wconf 82' lang='grc' dir='ltr'><em>πόλει</em></span> 
     </span>
    </p>
   </div>
   <div class='ocr_carea' id='block_1_55' title="bbox 255 4723 1849 4800">
    <p class='ocr_par' dir='ltr' id='par_1_55' title="bbox 255 4723 1849 4800">
     <span class='ocr_line' id='line_1_55' title="bbox 255 4723 1849 4800; baseline -0.004 -16"><span class='ocrx_word' id='word_1_349' title='bbox 255 4741 438 4785; x_wconf 83' lang='grc' dir='ltr'><em>πασῶν</em></span> <span class='ocrx_word' id='word_1_350' title='bbox 493 4731 686 4790; x_wconf 80' lang='grc' dir='ltr'>οἰκείως</span> <span class='ocrx_word' id='word_1_351' title='bbox 737 4749 790 4781; x_wconf 84' lang='grc' dir='ltr'><em>τε</em></span> <span class='ocrx_word' id='word_1_352' title='bbox 846 4732 974 4800; x_wconf 84' lang='grc' dir='ltr'><em>πρὸς</em></span> <span class='ocrx_word' id='word_1_353' title='bbox 1030 4737 1209 4780; x_wconf 80' lang='grc' dir='ltr'><em>τοῦτον</em></span> <span class='ocrx_word' id='word_1_354' title='bbox 1270 4733 1357 4780; x_wconf 85' lang='grc' dir='ltr'>καὶ</span> <span class='ocrx_word' id='word_1_355' title='bbox 1398 4735 1594 4786; x_wconf 83' lang='grc' dir='ltr'><em>πιστῶς</em></span> <span class='ocrx_word' id='word_1_356' title='bbox 1647 4723 1849 4778; x_wconf 77' lang='grc' dir='ltr'><em>διακεῖ-</em></span> 
     </span>
    </p>
   </div>
   <div class='ocr_carea' id='block_1_56' title="bbox 257 4816 1848 4891">
    <p class='ocr_par' dir='ltr' id='par_1_56' title="bbox 257 4816 1848 4891">
     <span class='ocr_line' id='line_1_56' title="bbox 257 4816 1848 4891; baseline -0.006 -17"><span class='ocrx_word' id='word_1_357' title='bbox 257 4824 402 4884; x_wconf 83' lang='grc' dir='ltr'><em>σθαι,</em></span> <span class='ocrx_word' id='word_1_358' title='bbox 454 4825 543 4872; x_wconf 83' lang='grc' dir='ltr'>καὶ</span> <span class='ocrx_word' id='word_1_359' title='bbox 575 4821 806 4890; x_wconf 80' lang='grc' dir='ltr'><em>καθαρὰν</em></span> <span class='ocrx_word' id='word_1_360' title='bbox 849 4818 989 4888; x_wconf 71' lang='grc' dir='ltr'><em>αὐτῷ</em></span> <span class='ocrx_word' id='word_1_361' title='bbox 1039 4824 1130 4875; x_wconf 81' lang='grc' dir='ltr'><em>τὴν</em></span> <span class='ocrx_word' id='word_1_362' title='bbox 1187 4822 1410 4891; x_wconf 74' lang='grc' dir='ltr'><em>στοργήν</em></span> <span class='ocrx_word' id='word_1_363' title='bbox 1451 4816 1716 4888; x_wconf 77' lang='grc' dir='ltr'><em>φυλάττειν</em></span> <span class='ocrx_word' id='word_1_364' title='bbox 1758 4817 1848 4864; x_wconf 80' lang='grc' dir='ltr'>καὶ</span> 
     </span>
    </p>
   </div>
   <div class='ocr_carea' id='block_1_57' title="bbox 2027 3559 3604 3644">
    <p class='ocr_par' dir='ltr' id='par_1_57' title="bbox 2027 3559 3604 3644">
     <span class='ocr_line' id='line_1_57' title="bbox 2027 3559 3604 3644; baseline -0.01 -16"><span class='ocrx_word' id='word_1_365' title='bbox 2027 3577 2178 3628; x_wconf 90' lang='lat' dir='ltr'>Zeno</span> <span class='ocrx_word' id='word_1_366' title='bbox 2209 3571 2448 3644; x_wconf 90' lang='lat' dir='ltr'>quidem</span> <span class='ocrx_word' id='word_1_367' title='bbox 2477 3569 2814 3625; x_wconf 84' lang='lat' dir='ltr'>Romanum</span> <span class='ocrx_word' id='word_1_368' title='bbox 2843 3567 2967 3637; x_wconf 86' lang='lat' dir='ltr'>jam</span> <span class='ocrx_word' id='word_1_369' title='bbox 2998 3563 3236 3620; x_wconf 87' lang='lat' dir='ltr'>tenebat</span> <span class='ocrx_word' id='word_1_370' title='bbox 3261 3559 3604 3632; x_wconf 86' lang='lat' dir='ltr'>imperium,</span> 
     </span>
    </p>
   </div>
   <div class='ocr_carea' id='block_1_58' title="bbox 1955 3648 3603 3732">
    <p class='ocr_par' dir='ltr' id='par_1_58' title="bbox 1955 3648 3603 3732">
     <span class='ocr_line' id='line_1_58' title="bbox 1955 3648 3603 3732; baseline -0.01 -14"><span class='ocrx_word' id='word_1_371' title='bbox 1955 3662 2268 3732; x_wconf 85' lang='lat' dir='ltr'>Gregorius</span> <span class='ocrx_word' id='word_1_372' title='bbox 2299 3665 2496 3715; x_wconf 90' lang='lat' dir='ltr'>autem</span> <span class='ocrx_word' id='word_1_373' title='bbox 2525 3657 2782 3729; x_wconf 76' lang='lat' dir='ltr'>praefecti</span> <span class='ocrx_word' id='word_1_374' title='bbox 2810 3653 3052 3725; x_wconf 82' lang='lat' dir='ltr'>gerebat</span> <span class='ocrx_word' id='word_1_375' title='bbox 3097 3649 3507 3720; x_wconf 81' lang='lat' dir='ltr'>magistratum</span> <span class='ocrx_word' id='word_1_376' title='bbox 3543 3648 3603 3701; x_wconf 91' lang='lat' dir='ltr'>in</span> 
     </span>
    </p>
   </div>
   <div class='ocr_carea' id='block_1_59' title="bbox 1954 3733 3602 3818">
    <p class='ocr_par' dir='ltr' id='par_1_59' title="bbox 1954 3733 3602 3818">
     <span class='ocr_line' id='line_1_59' title="bbox 1954 3733 3602 3818; baseline -0.011 -12"><span class='ocrx_word' id='word_1_377' title='bbox 1954 3748 2592 3818; x_wconf 74' lang='lat' dir='ltr'>Alexandrina/Egypti</span> <span class='ocrx_word' id='word_1_378' title='bbox 2610 3738 3222 3800; x_wconf 82' lang='lat' dir='ltr'>civitate.Alexandria</span> <span class='ocrx_word' id='word_1_379' title='bbox 3239 3743 3424 3792; x_wconf 88' lang='lat' dir='ltr'>autem</span> <span class='ocrx_word' id='word_1_380' title='bbox 3442 3733 3602 3788; x_wconf 90' lang='lat' dir='ltr'>nullo</span> 
     </span>
    </p>
   </div>
   <div class='ocr_carea' id='block_1_60' title="bbox 1954 3829 3602 3900">
    <p class='ocr_par' dir='ltr' id='par_1_60' title="bbox 1954 3829 3602 3900">
     <span class='ocr_line' id='line_1_60' title="bbox 1954 3829 3602 3900; baseline -0.011 -5"><span class='ocrx_word' id='word_1_381' title='bbox 1954 3856 2024 3894; x_wconf 84' lang='lat' dir='ltr'>ex</span> <span class='ocrx_word' id='word_1_382' title='bbox 2079 3839 2358 3894; x_wconf 88' lang='lat' dir='ltr'>omnibus</span> <span class='ocrx_word' id='word_1_383' title='bbox 2419 3835 2547 3890; x_wconf 90' lang='lat' dir='ltr'>aliis</span> <span class='ocrx_word' id='word_1_384' title='bbox 2594 3840 2824 3889; x_wconf 89' lang='lat' dir='ltr'>tantum</span> <span class='ocrx_word' id='word_1_385' title='bbox 2882 3829 3266 3900; x_wconf 83' lang='lat' dir='ltr'>gloriabatur,</span> <span class='ocrx_word' id='word_1_386' title='bbox 3308 3829 3602 3896; x_wconf 88' lang='lat' dir='ltr'>quantum</span> 
     </span>
    </p>
   </div>
   <div class='ocr_carea' id='block_1_61' title="bbox 1952 3921 3601 3997">
    <p class='ocr_par' dir='ltr' id='par_1_61' title="bbox 1952 3921 3601 3997">
     <span class='ocr_line' id='line_1_61' title="bbox 1952 3921 3601 3997; baseline -0.01 -15"><span class='ocrx_word' id='word_1_387' title='bbox 1952 3928 2281 3992; x_wconf 90' lang='lat' dir='ltr'>Theodora,</span> <span class='ocrx_word' id='word_1_388' title='bbox 2340 3931 2398 3980; x_wconf 90' lang='lat' dir='ltr'>ut</span> <span class='ocrx_word' id='word_1_389' title='bbox 2433 3940 2568 3997; x_wconf 64' lang='lat' dir='ltr'>quae</span> <span class='ocrx_word' id='word_1_390' title='bbox 2604 3927 2755 3978; x_wconf 84' lang='lat' dir='ltr'>esset</span> <span class='ocrx_word' id='word_1_391' title='bbox 2794 3921 2919 3991; x_wconf 91' lang='lat' dir='ltr'>ejus</span> <span class='ocrx_word' id='word_1_392' title='bbox 2963 3923 3171 3981; x_wconf 87' lang='lat' dir='ltr'>mater,</span> <span class='ocrx_word' id='word_1_393' title='bbox 3227 3922 3282 3970; x_wconf 90' lang='lat' dir='ltr'>et</span> <span class='ocrx_word' id='word_1_394' title='bbox 3306 3929 3438 3984; x_wconf 68' lang='lat' dir='ltr'>quae</span> <span class='ocrx_word' id='word_1_395' title='bbox 3469 3928 3601 3967; x_wconf 91' lang='lat' dir='ltr'>eam</span> 
     </span>
    </p>
   </div>
   <div class='ocr_carea' id='block_1_62' title="bbox 1954 4001 3602 4089">
    <p class='ocr_par' dir='ltr' id='par_1_62' title="bbox 1954 4001 3602 4089">
     <span class='ocr_line' id='line_1_62' title="bbox 1954 4001 3602 4089; baseline -0.01 -16"><span class='ocrx_word' id='word_1_396' title='bbox 1954 4014 2489 4089; x_wconf 88' lang='lat' dir='ltr'>pepereratpatria,</span> <span class='ocrx_word' id='word_1_397' title='bbox 2515 4017 2570 4067; x_wconf 90' lang='lat' dir='ltr'>ct</span> <span class='ocrx_word' id='word_1_398' title='bbox 2588 4027 2820 4066; x_wconf 90' lang='lat' dir='ltr'>ramum</span> <span class='ocrx_word' id='word_1_399' title='bbox 2842 4008 3121 4063; x_wconf 88' lang='lat' dir='ltr'>edidisset</span> <span class='ocrx_word' id='word_1_400' title='bbox 3144 4010 3263 4059; x_wconf 92' lang='lat' dir='ltr'>tam</span> <span class='ocrx_word' id='word_1_401' title='bbox 3287 4001 3602 4074; x_wconf 88' lang='lat' dir='ltr'>pulchrum</span> 
     </span>
    </p>
   </div>
   <div class='ocr_carea' id='block_1_63' title="bbox 1955 4090 3603 4164">
    <p class='ocr_par' dir='ltr' id='par_1_63' title="bbox 1955 4090 3603 4164">
     <span class='ocr_line' id='line_1_63' title="bbox 1955 4090 3603 4164; baseline -0.011 -5"><span class='ocrx_word' id='word_1_402' title='bbox 1955 4105 2302 4159; x_wconf 88' lang='lat' dir='ltr'>etomnibus</span> <span class='ocrx_word' id='word_1_403' title='bbox 2325 4103 2472 4157; x_wconf 90' lang='lat' dir='ltr'>adeo</span> <span class='ocrx_word' id='word_1_404' title='bbox 2487 4105 2809 4154; x_wconf 84' lang='lat' dir='ltr'>scatentem</span> <span class='ocrx_word' id='word_1_405' title='bbox 2835 4095 3056 4164; x_wconf 88' lang='lat' dir='ltr'>gratiis.</span> <span class='ocrx_word' id='word_1_406' title='bbox 3077 4094 3137 4146; x_wconf 90' lang='lat' dir='ltr'>In</span> <span class='ocrx_word' id='word_1_407' title='bbox 3159 4108 3228 4146; x_wconf 90' lang='lat' dir='ltr'>ea</span> <span class='ocrx_word' id='word_1_408' title='bbox 3251 4090 3410 4144; x_wconf 88' lang='lat' dir='ltr'>enim</span> <span class='ocrx_word' id='word_1_409' title='bbox 3429 4104 3603 4143; x_wconf 91' lang='lat' dir='ltr'>suam</span> 
     </span>
    </p>
   </div>
   <div class='ocr_carea' id='block_1_64' title="bbox 1958 4179 3604 4245">
    <p class='ocr_par' dir='ltr' id='par_1_64' title="bbox 1958 4179 3604 4245">
     <span class='ocr_line' id='line_1_64' title="bbox 1958 4179 3604 4245; baseline -0.01 1"><span class='ocrx_word' id='word_1_410' title='bbox 1958 4192 2323 4245; x_wconf 87' lang='lat' dir='ltr'>mundanam</span> <span class='ocrx_word' id='word_1_411' title='bbox 2399 4188 2659 4242; x_wconf 86' lang='lat' dir='ltr'>habebat</span> <span class='ocrx_word' id='word_1_412' title='bbox 2724 4183 3231 4238; x_wconf 80' lang='lat' dir='ltr'>conversationem</span> <span class='ocrx_word' id='word_1_413' title='bbox 3291 4179 3406 4232; x_wconf 88' lang='lat' dir='ltr'>ista</span> <span class='ocrx_word' id='word_1_414' title='bbox 3469 4191 3604 4230; x_wconf 86' lang='lat' dir='ltr'>vere</span> 
     </span>
    </p>
   </div>
   <div class='ocr_carea' id='block_1_65' title="bbox 1956 4265 3607 4337">
    <p class='ocr_par' dir='ltr' id='par_1_65' title="bbox 1956 4265 3607 4337">
     <span class='ocr_line' id='line_1_65' title="bbox 1956 4265 3607 4337; baseline -0.01 -4"><span class='ocrx_word' id='word_1_415' title='bbox 1956 4277 2318 4337; x_wconf 83' lang='lat' dir='ltr'>veneranda,</span> <span class='ocrx_word' id='word_1_416' title='bbox 2346 4281 2401 4329; x_wconf 91' lang='lat' dir='ltr'>et</span> <span class='ocrx_word' id='word_1_417' title='bbox 2430 4279 2638 4329; x_wconf 88' lang='lat' dir='ltr'>ornata</span> <span class='ocrx_word' id='word_1_418' title='bbox 2667 4270 2957 4334; x_wconf 90' lang='lat' dir='ltr'>moribus,</span> <span class='ocrx_word' id='word_1_419' title='bbox 2986 4284 3122 4322; x_wconf 91' lang='lat' dir='ltr'>cum</span> <span class='ocrx_word' id='word_1_420' title='bbox 3147 4268 3269 4320; x_wconf 90' lang='lat' dir='ltr'>viro</span> <span class='ocrx_word' id='word_1_421' title='bbox 3288 4265 3607 4334; x_wconf 90' lang='lat' dir='ltr'>conjuncta</span> 
     </span>
    </p>
   </div>
   <div class='ocr_carea' id='block_1_66' title="bbox 1955 4350 3606 4434">
    <p class='ocr_par' dir='ltr' id='par_1_66' title="bbox 1955 4350 3606 4434">
     <span class='ocr_line' id='line_1_66' title="bbox 1955 4350 3606 4434; baseline -0.008 -16"><span class='ocrx_word' id='word_1_422' title='bbox 1955 4363 2221 4434; x_wconf 86' lang='lat' dir='ltr'>legitimo</span> <span class='ocrx_word' id='word_1_423' title='bbox 2253 4361 2653 4426; x_wconf 88' lang='lat' dir='ltr'>matrimonio,</span> <span class='ocrx_word' id='word_1_424' title='bbox 2687 4360 2738 4414; x_wconf 90' lang='lat' dir='ltr'>ei</span> <span class='ocrx_word' id='word_1_425' title='bbox 2789 4357 3031 4429; x_wconf 91' lang='lat' dir='ltr'>quidem</span> <span class='ocrx_word' id='word_1_426' title='bbox 3062 4371 3198 4409; x_wconf 92' lang='lat' dir='ltr'>eum</span> <span class='ocrx_word' id='word_1_427' title='bbox 3230 4353 3331 4425; x_wconf 93' lang='lat' dir='ltr'>qui</span> <span class='ocrx_word' id='word_1_428' title='bbox 3382 4350 3606 4406; x_wconf 85' lang='lat' dir='ltr'>maritis</span> 
     </span>
    </p>
   </div>
   <div class='ocr_carea' id='block_1_67' title="bbox 1956 4440 3607 4514">
    <p class='ocr_par' dir='ltr' id='par_1_67' title="bbox 1956 4440 3607 4514">
     <span class='ocr_line' id='line_1_67' title="bbox 1956 4440 3607 4514; baseline -0.01 -3"><span class='ocrx_word' id='word_1_429' title='bbox 1956 4455 2204 4511; x_wconf 91' lang='lat' dir='ltr'>debetur</span> <span class='ocrx_word' id='word_1_430' title='bbox 2248 4455 2530 4508; x_wconf 89' lang='lat' dir='ltr'>honorem</span> <span class='ocrx_word' id='word_1_431' title='bbox 2581 4450 2869 4514; x_wconf 86' lang='lat' dir='ltr'>tribuens;</span> <span class='ocrx_word' id='word_1_432' title='bbox 2913 4445 3172 4501; x_wconf 86' lang='lat' dir='ltr'>maxime</span> <span class='ocrx_word' id='word_1_433' title='bbox 3203 4448 3400 4498; x_wconf 90' lang='lat' dir='ltr'>autem</span> <span class='ocrx_word' id='word_1_434' title='bbox 3435 4440 3508 4496; x_wconf 90' lang='lat' dir='ltr'>ab</span> <span class='ocrx_word' id='word_1_435' title='bbox 3536 4455 3607 4494; x_wconf 96' lang='lat' dir='ltr'>eo</span> 
     </span>
    </p>
   </div>
   <div class='ocr_carea' id='block_1_68' title="bbox 1957 4532 3607 4614">
    <p class='ocr_par' dir='ltr' id='par_1_68' title="bbox 1957 4532 3607 4614">
     <span class='ocr_line' id='line_1_68' title="bbox 1957 4532 3607 4614; baseline -0.01 -15"><span class='ocrx_word' id='word_1_436' title='bbox 1957 4545 2190 4606; x_wconf 90' lang='lat' dir='ltr'>dilecta,</span> <span class='ocrx_word' id='word_1_437' title='bbox 2231 4541 2392 4614; x_wconf 90' lang='lat' dir='ltr'>quod</span> <span class='ocrx_word' id='word_1_438' title='bbox 2427 4545 2582 4595; x_wconf 89' lang='lat' dir='ltr'>esset</span> <span class='ocrx_word' id='word_1_439' title='bbox 2611 4536 2947 4593; x_wconf 89' lang='lat' dir='ltr'>castissima</span> <span class='ocrx_word' id='word_1_440' title='bbox 2976 4534 3247 4590; x_wconf 91' lang='lat' dir='ltr'>omnium</span> <span class='ocrx_word' id='word_1_441' title='bbox 3279 4546 3413 4602; x_wconf 69' lang='lat' dir='ltr'>qua:</span> <span class='ocrx_word' id='word_1_442' title='bbox 3445 4532 3607 4584; x_wconf 89' lang='lat' dir='ltr'>erant</span> 
     </span>
    </p>
   </div>
   <div class='ocr_carea' id='block_1_69' title="bbox 1956 4620 3608 4699">
    <p class='ocr_par' dir='ltr' id='par_1_69' title="bbox 1956 4620 3608 4699">
     <span class='ocr_line' id='line_1_69' title="bbox 1956 4620 3608 4699; baseline -0.012 -9"><span class='ocrx_word' id='word_1_443' title='bbox 1956 4635 2012 4690; x_wconf 88' lang='lat' dir='ltr'>in</span> <span class='ocrx_word' id='word_1_444' title='bbox 2064 4633 2318 4695; x_wconf 83' lang='lat' dir='ltr'>civitate,</span> <span class='ocrx_word' id='word_1_445' title='bbox 2355 4629 2755 4699; x_wconf 91' lang='lat' dir='ltr'>benevoleque</span> <span class='ocrx_word' id='word_1_446' title='bbox 2808 4631 2864 4681; x_wconf 91' lang='lat' dir='ltr'>et</span> <span class='ocrx_word' id='word_1_447' title='bbox 2895 4624 3144 4678; x_wconf 84' lang='lat' dir='ltr'>ﬁdeliter</span> <span class='ocrx_word' id='word_1_448' title='bbox 3181 4621 3240 4676; x_wconf 92' lang='lat' dir='ltr'>in</span> <span class='ocrx_word' id='word_1_449' title='bbox 3282 4635 3420 4674; x_wconf 90' lang='lat' dir='ltr'>eum</span> <span class='ocrx_word' id='word_1_450' title='bbox 3453 4620 3608 4672; x_wconf 84' lang='lat' dir='ltr'>esset</span> 
     </span>
    </p>
   </div>
   <div class='ocr_carea' id='block_1_70' title="bbox 1958 4704 3607 4791">
    <p class='ocr_par' dir='ltr' id='par_1_70' title="bbox 1958 4704 3607 4791">
     <span class='ocr_line' id='line_1_70' title="bbox 1958 4704 3607 4791; baseline -0.013 -11"><span class='ocrx_word' id='word_1_451' title='bbox 1958 4724 2190 4787; x_wconf 73' lang='lat' dir='ltr'>affecta,</span> <span class='ocrx_word' id='word_1_452' title='bbox 2219 4727 2274 4777; x_wconf 89' lang='lat' dir='ltr'>et</span> <span class='ocrx_word' id='word_1_453' title='bbox 2312 4735 2529 4791; x_wconf 90' lang='lat' dir='ltr'>purum</span> <span class='ocrx_word' id='word_1_454' title='bbox 2590 4718 2642 4772; x_wconf 91' lang='lat' dir='ltr'>ei</span> <span class='ocrx_word' id='word_1_455' title='bbox 2705 4718 2963 4770; x_wconf 86' lang='lat' dir='ltr'>servaret</span> <span class='ocrx_word' id='word_1_456' title='bbox 3015 4725 3304 4771; x_wconf 87' lang='lat' dir='ltr'>amorem,</span> <span class='ocrx_word' id='word_1_457' title='bbox 3337 4713 3393 4762; x_wconf 90' lang='lat' dir='ltr'>et</span> <span class='ocrx_word' id='word_1_458' title='bbox 3431 4704 3607 4760; x_wconf 88' lang='lat' dir='ltr'>nullis</span> 
     </span>
    </p>
   </div>
   <div class='ocr_carea' id='block_1_71' title="bbox 1956 4793 3606 4882">
    <p class='ocr_par' dir='ltr' id='par_1_71' title="bbox 1956 4793 3606 4882">
     <span class='ocr_line' id='line_1_71' title="bbox 1956 4793 3606 4882; baseline -0.013 -14"><span class='ocrx_word' id='word_1_459' title='bbox 1956 4812 2231 4882; x_wconf 74' lang='lat' dir='ltr'>turpibus</span> <span class='ocrx_word' id='word_1_460' title='bbox 2254 4808 2582 4863; x_wconf 86' lang='lat' dir='ltr'>immistum</span> <span class='ocrx_word' id='word_1_461' title='bbox 2602 4803 2929 4860; x_wconf 90' lang='lat' dir='ltr'>desideriis.</span> <span class='ocrx_word' id='word_1_462' title='bbox 2952 4800 3246 4866; x_wconf 89' lang='lat' dir='ltr'>Quoniam</span> <span class='ocrx_word' id='word_1_463' title='bbox 3259 4811 3399 4851; x_wconf 88' lang='lat' dir='ltr'>vero</span> <span class='ocrx_word' id='word_1_464' title='bbox 3416 4794 3453 4849; x_wconf 89' lang='lat' dir='ltr'>ii</span> <span class='ocrx_word' id='word_1_465' title='bbox 3477 4793 3606 4864; x_wconf 89' lang='lat' dir='ltr'>qui-</span> 
     </span>
    </p>
   </div>
   <div class='ocr_carea' id='block_1_72' title="bbox 253 4883 1844 4983">
    <p class='ocr_par' dir='ltr' id='par_1_72' title="bbox 253 4901 1844 4982">
     <span class='ocr_line' id='line_1_72' title="bbox 253 4901 1844 4982; baseline -0.003 -20"><span class='ocrx_word' id='word_1_466' title='bbox 253 4912 437 4970; x_wconf 81' lang='grc' dir='ltr'><em>πόθοις</em></span> <span class='ocrx_word' id='word_1_467' title='bbox 489 4909 737 4982; x_wconf 78' lang='grc' dir='ltr'><em>ῥυπαροῖς</em></span> <span class='ocrx_word' id='word_1_468' title='bbox 817 4905 1166 4977; x_wconf 78' lang='grc' dir='ltr'><em>ἀνεπίμικτον.</em></span> <span class='ocrx_word' id='word_1_469' title='bbox 1246 4902 1457 4961; x_wconf 74' lang='grc' dir='ltr'>Ἐπειδὴ</span> <span class='ocrx_word' id='word_1_470' title='bbox 1535 4901 1592 4956; x_wconf 79' lang='grc' dir='ltr'>δὲ</span> <span class='ocrx_word' id='word_1_471' title='bbox 1671 4904 1844 4957; x_wconf 76' lang='grc' dir='ltr'><em>ἀνεπι-</em></span> 
     </span>
    </p>
   </div>
   <div class='ocr_carea' id='block_1_73' title="bbox 1959 4883 3608 4983">
    <p class='ocr_par' dir='ltr' id='par_1_73' title="bbox 1959 4883 3608 4972">
     <span class='ocr_line' id='line_1_73' title="bbox 1959 4883 3608 4972; baseline -0.013 -16"><span class='ocrx_word' id='word_1_472' title='bbox 1959 4903 2064 4956; x_wconf 88' lang='lat' dir='ltr'>bus</span> <span class='ocrx_word' id='word_1_473' title='bbox 2095 4899 2287 4972; x_wconf 89' lang='lat' dir='ltr'>placet</span> <span class='ocrx_word' id='word_1_474' title='bbox 2339 4898 2529 4952; x_wconf 88' lang='lat' dir='ltr'>vivere</span> <span class='ocrx_word' id='word_1_475' title='bbox 2582 4894 2726 4948; x_wconf 88' lang='lat' dir='ltr'>citra</span> <span class='ocrx_word' id='word_1_476' title='bbox 2770 4888 3288 4962; x_wconf 90' lang='lat' dir='ltr'>reprehensionem</span> <span class='ocrx_word' id='word_1_477' title='bbox 3330 4883 3457 4938; x_wconf 89' lang='lat' dir='ltr'>ﬁeri</span> <span class='ocrx_word' id='word_1_478' title='bbox 3487 4896 3608 4937; x_wconf 92' lang='lat' dir='ltr'>non</span> 
     </span>
    </p>
   </div>
   <div class='ocr_carea' id='block_1_74' title="bbox 251 4992 1846 5066">
    <p class='ocr_par' dir='ltr' id='par_1_74' title="bbox 251 4992 1846 5066">
     <span class='ocr_line' id='line_1_74' title="bbox 251 4992 1846 5066; baseline 0.001 -21"><span class='ocrx_word' id='word_1_479' title='bbox 251 4999 455 5058; x_wconf 80' lang='grc' dir='ltr'><em>λήπτως</em></span> <span class='ocrx_word' id='word_1_480' title='bbox 502 4995 809 5066; x_wconf 76' lang='grc' dir='ltr'><em>ἀγαπῶντας</em></span> <span class='ocrx_word' id='word_1_481' title='bbox 841 4993 989 5066; x_wconf 83' lang='grc' dir='ltr'><em>βιοῦν</em></span> <span class='ocrx_word' id='word_1_482' title='bbox 1039 4996 1131 5047; x_wconf 73' lang='grc' dir='ltr'>οὐκ</span> <span class='ocrx_word' id='word_1_483' title='bbox 1163 4998 1236 5046; x_wconf 84' lang='grc' dir='ltr'>ἔτι</span> <span class='ocrx_word' id='word_1_484' title='bbox 1265 4999 1334 5066; x_wconf 74' lang='grc' dir='ltr'>μὴ</span> <span class='ocrx_word' id='word_1_485' title='bbox 1385 4999 1472 5045; x_wconf 83' lang='grc' dir='ltr'>καὶ</span> <span class='ocrx_word' id='word_1_486' title='bbox 1519 4997 1610 5054; x_wconf 80' lang='grc' dir='ltr'>τας</span> <span class='ocrx_word' id='word_1_487' title='bbox 1661 4992 1713 5044; x_wconf 80' lang='grc' dir='ltr'><em>ἐκ</em></span> <span class='ocrx_word' id='word_1_488' title='bbox 1756 5003 1846 5046; x_wconf 81' lang='grc' dir='ltr'><em>τοῦ</em></span> 
     </span>
    </p>
   </div>
   <div class='ocr_carea' id='block_1_75' title="bbox 254 5080 1846 5160">
    <p class='ocr_par' dir='ltr' id='par_1_75' title="bbox 254 5080 1846 5160">
     <span class='ocr_line' id='line_1_75' title="bbox 254 5080 1846 5160; baseline -0.003 -20"><span class='ocrx_word' id='word_1_489' title='bbox 254 5093 481 5160; x_wconf 79' lang='grc' dir='ltr'><em>πονηροῦ</em></span> <span class='ocrx_word' id='word_1_490' title='bbox 540 5083 836 5158; x_wconf 80' lang='grc' dir='ltr'><em>προσϐολὰς</em></span> <span class='ocrx_word' id='word_1_491' title='bbox 903 5080 1181 5154; x_wconf 69' lang='grc' dir='ltr'><em>δέχεσθαι,</em></span> <span class='ocrx_word' id='word_1_492' title='bbox 1238 5088 1527 5157; x_wconf 78' lang='grc' dir='ltr'><em>πειρασμὸς</em></span> <span class='ocrx_word' id='word_1_493' title='bbox 1599 5081 1846 5155; x_wconf 73' lang='grc' dir='ltr'><em>ἐγείρεται</em></span> 
     </span>
    </p>
   </div>
   <div class='ocr_carea' id='block_1_76' title="bbox 251 5168 1846 5246">
    <p class='ocr_par' dir='ltr' id='par_1_76' title="bbox 251 5168 1846 5246">
     <span class='ocr_line' id='line_1_76' title="bbox 251 5168 1846 5246; baseline -0.003 -18"><span class='ocrx_word' id='word_1_494' title='bbox 251 5181 340 5229; x_wconf 78' lang='grc' dir='ltr'>καὶ</span> <span class='ocrx_word' id='word_1_495' title='bbox 388 5178 548 5246; x_wconf 74' lang='grc' dir='ltr'><em>ταύτῃ</em></span> <span class='ocrx_word' id='word_1_496' title='bbox 629 5170 818 5233; x_wconf 79' lang='grc' dir='ltr'><em>δεινός.</em></span> <span class='ocrx_word' id='word_1_497' title='bbox 876 5175 1097 5234; x_wconf 82' lang='grc' dir='ltr'><em>Ἐκεῖνος</em></span> <span class='ocrx_word' id='word_1_498' title='bbox 1145 5176 1244 5243; x_wconf 75' lang='grc' dir='ltr'>γὰρ</span> <span class='ocrx_word' id='word_1_499' title='bbox 1298 5178 1355 5223; x_wconf 83' lang='grc' dir='ltr'>τὸ</span> <span class='ocrx_word' id='word_1_500' title='bbox 1399 5191 1452 5223; x_wconf 81' lang='grc' dir='ltr'>τε</span> <span class='ocrx_word' id='word_1_501' title='bbox 1506 5179 1596 5223; x_wconf 75' lang='grc' dir='ltr'><em>τοῦ</em></span> <span class='ocrx_word' id='word_1_502' title='bbox 1655 5168 1846 5244; x_wconf 81' lang='grc' dir='ltr'><em>ἀνδρὸς</em></span> 
     </span>
    </p>
   </div>
   <div class='ocr_carea' id='block_1_77' title="bbox 255 5257 1844 5338">
    <p class='ocr_par' dir='ltr' id='par_1_77' title="bbox 255 5257 1844 5338">
     <span class='ocr_line' id='line_1_77' title="bbox 255 5257 1844 5338; baseline -0.004 -21"><span class='ocrx_word' id='word_1_503' title='bbox 255 5275 454 5338; x_wconf 84' lang='grc' dir='ltr'><em>σῶφρον</em></span> <span class='ocrx_word' id='word_1_504' title='bbox 485 5265 632 5335; x_wconf 81' lang='grc' dir='ltr'><em>ὁρῶν,</em></span> <span class='ocrx_word' id='word_1_505' title='bbox 682 5270 742 5333; x_wconf 74' lang='grc' dir='ltr'><em>τῇ</em></span> <span class='ocrx_word' id='word_1_506' title='bbox 807 5281 861 5313; x_wconf 84' lang='grc' dir='ltr'><em>τε</em></span> <span class='ocrx_word' id='word_1_507' title='bbox 899 5266 1173 5332; x_wconf 77' lang='grc' dir='ltr'><em>σεμνότητι</em></span> <span class='ocrx_word' id='word_1_508' title='bbox 1205 5271 1298 5322; x_wconf 76' lang='grc' dir='ltr'>τῆς</span> <span class='ocrx_word' id='word_1_509' title='bbox 1351 5263 1500 5322; x_wconf 83' lang='grc' dir='ltr'><em>ὁσίας</em></span> <span class='ocrx_word' id='word_1_510' title='bbox 1555 5257 1844 5331; x_wconf 76' lang='grc' dir='ltr'><em>διαφθονῶν</em></span> 
     </span>
    </p>
   </div>
   <div class='ocr_carea' id='block_1_78' title="bbox 252 5345 1844 5425">
    <p class='ocr_par' dir='ltr' id='par_1_78' title="bbox 252 5345 1844 5425">
     <span class='ocr_line' id='line_1_78' title="bbox 252 5345 1844 5425; baseline -0.004 -19"><span class='ocrx_word' id='word_1_511' title='bbox 252 5357 397 5425; x_wconf 71' lang='grc' dir='ltr'><em>ἔργον</em></span> <span class='ocrx_word' id='word_1_512' title='bbox 423 5355 561 5406; x_wconf 80' lang='grc' dir='ltr'><em>ἔθετο</em></span> <span class='ocrx_word' id='word_1_513' title='bbox 591 5356 680 5403; x_wconf 82' lang='grc' dir='ltr'>καὶ</span> <span class='ocrx_word' id='word_1_514' title='bbox 723 5347 960 5408; x_wconf 75' lang='grc' dir='ltr'><em>σπουδὴν</em></span> <span class='ocrx_word' id='word_1_515' title='bbox 990 5355 1080 5408; x_wconf 80' lang='grc' dir='ltr'><em>τὴν</em></span> <span class='ocrx_word' id='word_1_516' title='bbox 1109 5353 1349 5407; x_wconf 83' lang='grc' dir='ltr'><em>τοιαύτην</em></span> <span class='ocrx_word' id='word_1_517' title='bbox 1397 5349 1652 5418; x_wconf 77' lang='grc' dir='ltr'><em>συζυγίαν</em></span> <span class='ocrx_word' id='word_1_518' title='bbox 1677 5345 1844 5400; x_wconf 65' lang='grc' dir='ltr'><em>διατε-</em></span> 
     </span>
    </p>
   </div>
   <div class='ocr_carea' id='block_1_79' title="bbox 250 5449 380 5514">
    <p class='ocr_par' dir='ltr' id='par_1_79' title="bbox 250 5449 380 5514">
     <span class='ocr_line' id='line_1_79' title="bbox 250 5449 380 5514; baseline 0.008 -20"><span class='ocrx_word' id='word_1_519' title='bbox 250 5449 380 5514; x_wconf 73' lang='grc' dir='ltr'><em>μεῖν.</em></span> 
     </span>
    </p>
   </div>
   <div class='ocr_carea' id='block_1_80' title="bbox 326 5523 1842 5603">
    <p class='ocr_par' dir='ltr' id='par_1_80' title="bbox 326 5523 1842 5603">
     <span class='ocr_line' id='line_1_80' title="bbox 326 5523 1842 5603; baseline -0.006 -19"><span class='ocrx_word' id='word_1_520' title='bbox 326 5527 397 5585; x_wconf 78' lang='grc' dir='ltr'>Β’.</span> <span class='ocrx_word' id='word_1_521' title='bbox 459 5533 559 5584; x_wconf 82' lang='grc' dir='ltr'>Καὶ</span> <span class='ocrx_word' id='word_1_522' title='bbox 616 5525 683 5588; x_wconf 78' lang='grc' dir='ltr'>δὴ</span> <span class='ocrx_word' id='word_1_523' title='bbox 755 5547 873 5582; x_wconf 88' lang='grc' dir='ltr'><em>τινα</em></span> <span class='ocrx_word' id='word_1_524' title='bbox 931 5527 1147 5603; x_wconf 79' lang='grc' dir='ltr'><em>ῥιόντων</em></span> <span class='ocrx_word' id='word_1_525' title='bbox 1198 5531 1443 5600; x_wconf 81' lang='grc' dir='ltr'><em>χρήμασι</em></span> <span class='ocrx_word' id='word_1_526' title='bbox 1488 5528 1579 5577; x_wconf 80' lang='grc' dir='ltr'>καὶ</span> <span class='ocrx_word' id='word_1_527' title='bbox 1639 5523 1842 5596; x_wconf 78' lang='grc' dir='ltr'><em>πλούτῳ</em></span> 
     </span>
    </p>
   </div>
   <div class='ocr_carea' id='block_1_81' title="bbox 1958 4969 3609 5062">
    <p class='ocr_par' dir='ltr' id='par_1_81' title="bbox 1958 4969 3609 5062">
     <span class='ocr_line' id='line_1_81' title="bbox 1958 4969 3609 5062; baseline -0.013 -17"><span class='ocrx_word' id='word_1_528' title='bbox 1958 4969 2168 5062; x_wconf 84' lang='lat' dir='ltr'>potest,</span> <span class='ocrx_word' id='word_1_529' title='bbox 2194 4991 2258 5041; x_wconf 89' lang='lat' dir='ltr'>ut</span> <span class='ocrx_word' id='word_1_530' title='bbox 2288 5001 2404 5041; x_wconf 91' lang='lat' dir='ltr'>non</span> <span class='ocrx_word' id='word_1_531' title='bbox 2429 4986 2852 5056; x_wconf 88' lang='lat' dir='ltr'>Oppugnentur</span> <span class='ocrx_word' id='word_1_532' title='bbox 2869 4976 3113 5045; x_wconf 88' lang='lat' dir='ltr'>maligni</span> <span class='ocrx_word' id='word_1_533' title='bbox 3139 4973 3389 5037; x_wconf 88' lang='lat' dir='ltr'>insidiis,</span> <span class='ocrx_word' id='word_1_534' title='bbox 3413 4969 3609 5042; x_wconf 86' lang='lat' dir='ltr'>gravis</span> 
     </span>
    </p>
   </div>
   <div class='ocr_carea' id='block_1_82' title="bbox 1957 5057 3608 5151">
    <p class='ocr_par' dir='ltr' id='par_1_82' title="bbox 1957 5057 3608 5151">
     <span class='ocr_line' id='line_1_82' title="bbox 1957 5057 3608 5151; baseline -0.012 -17"><span class='ocrx_word' id='word_1_535' title='bbox 1957 5057 2198 5151; x_wconf 79' lang='lat' dir='ltr'>quoque</span> <span class='ocrx_word' id='word_1_536' title='bbox 2217 5077 2272 5130; x_wconf 94' lang='lat' dir='ltr'>in</span> <span class='ocrx_word' id='word_1_537' title='bbox 2302 5090 2435 5130; x_wconf 91' lang='lat' dir='ltr'>eam</span> <span class='ocrx_word' id='word_1_538' title='bbox 2460 5073 2536 5128; x_wconf 93' lang='lat' dir='ltr'>ab</span> <span class='ocrx_word' id='word_1_539' title='bbox 2566 5072 2692 5141; x_wconf 90' lang='lat' dir='ltr'>ipso</span> <span class='ocrx_word' id='word_1_540' title='bbox 2723 5067 3010 5124; x_wconf 82' lang='lat' dir='ltr'>excitatur</span> <span class='ocrx_word' id='word_1_541' title='bbox 3031 5061 3291 5119; x_wconf 88' lang='lat' dir='ltr'>tentatio.</span> <span class='ocrx_word' id='word_1_542' title='bbox 3327 5060 3419 5115; x_wconf 90' lang='lat' dir='ltr'>Ille</span> <span class='ocrx_word' id='word_1_543' title='bbox 3448 5057 3608 5114; x_wconf 88' lang='lat' dir='ltr'>enim</span> 
     </span>
    </p>
   </div>
   <div class='ocr_carea' id='block_1_83' title="bbox 1960 5148 3607 5230">
    <p class='ocr_par' dir='ltr' id='par_1_83' title="bbox 1960 5148 3607 5230">
     <span class='ocr_line' id='line_1_83' title="bbox 1960 5148 3607 5230; baseline -0.013 -8"><span class='ocrx_word' id='word_1_544' title='bbox 1960 5148 2096 5222; x_wconf 74' lang='lat' dir='ltr'>tunc</span> <span class='ocrx_word' id='word_1_545' title='bbox 2149 5166 2349 5219; x_wconf 90' lang='lat' dir='ltr'>videns</span> <span class='ocrx_word' id='word_1_546' title='bbox 2379 5162 2553 5230; x_wconf 89' lang='lat' dir='ltr'>hujus</span> <span class='ocrx_word' id='word_1_547' title='bbox 2589 5157 2783 5215; x_wconf 90' lang='lat' dir='ltr'>mariti</span> <span class='ocrx_word' id='word_1_548' title='bbox 2816 5152 3311 5217; x_wconf 89' lang='lat' dir='ltr'>moderationem,</span> <span class='ocrx_word' id='word_1_549' title='bbox 3343 5153 3399 5204; x_wconf 91' lang='lat' dir='ltr'>et</span> <span class='ocrx_word' id='word_1_550' title='bbox 3428 5148 3607 5218; x_wconf 87' lang='lat' dir='ltr'>hujus</span> 
     </span>
    </p>
   </div>
   <div class='ocr_carea' id='block_1_84' title="bbox 1956 5237 3608 5311">
    <p class='ocr_par' dir='ltr' id='par_1_84' title="bbox 1956 5237 3608 5311">
     <span class='ocr_line' id='line_1_84' title="bbox 1956 5237 3608 5311; baseline -0.012 1"><span class='ocrx_word' id='word_1_551' title='bbox 1956 5261 2173 5311; x_wconf 72' lang='lat' dir='ltr'>sanctae</span> <span class='ocrx_word' id='word_1_552' title='bbox 2193 5253 2464 5308; x_wconf 82' lang='lat' dir='ltr'>invidens</span> <span class='ocrx_word' id='word_1_553' title='bbox 2492 5245 2809 5307; x_wconf 88' lang='lat' dir='ltr'>honestati,</span> <span class='ocrx_word' id='word_1_554' title='bbox 2844 5241 3115 5298; x_wconf 89' lang='lat' dir='ltr'>adhibuit</span> <span class='ocrx_word' id='word_1_555' title='bbox 3143 5253 3320 5295; x_wconf 91' lang='lat' dir='ltr'>omne</span> <span class='ocrx_word' id='word_1_556' title='bbox 3347 5237 3608 5292; x_wconf 89' lang='lat' dir='ltr'>studium</span> 
     </span>
    </p>
   </div>
   <div class='ocr_carea' id='block_1_85' title="bbox 1953 5326 3604 5414">
    <p class='ocr_par' dir='ltr' id='par_1_85' title="bbox 1953 5326 3604 5414">
     <span class='ocr_line' id='line_1_85' title="bbox 1953 5326 3604 5414; baseline -0.015 -13"><span class='ocrx_word' id='word_1_557' title='bbox 1953 5350 2009 5401; x_wconf 92' lang='lat' dir='ltr'>et</span> <span class='ocrx_word' id='word_1_558' title='bbox 2031 5342 2418 5414; x_wconf 88' lang='lat' dir='ltr'>diligentiam,</span> <span class='ocrx_word' id='word_1_559' title='bbox 2457 5343 2515 5393; x_wconf 92' lang='lat' dir='ltr'>ut</span> <span class='ocrx_word' id='word_1_560' title='bbox 2541 5337 2694 5392; x_wconf 88' lang='lat' dir='ltr'>hanc</span> <span class='ocrx_word' id='word_1_561' title='bbox 2723 5331 3082 5390; x_wconf 90' lang='lat' dir='ltr'>rescinderet</span> <span class='ocrx_word' id='word_1_562' title='bbox 3099 5326 3604 5398; x_wconf 89' lang='lat' dir='ltr'>conjunctionem.</span> 
     </span>
    </p>
   </div>
   <div class='ocr_carea' id='block_1_86' title="bbox 2024 5501 3607 5587">
    <p class='ocr_par' dir='ltr' id='par_1_86' title="bbox 2024 5501 3607 5587">
     <span class='ocr_line' id='line_1_86' title="bbox 2024 5501 3607 5587; baseline -0.013 -9"><span class='ocrx_word' id='word_1_563' title='bbox 2024 5523 2093 5580; x_wconf 88' lang='lat' dir='ltr'>Il.</span> <span class='ocrx_word' id='word_1_564' title='bbox 2118 5515 2672 5587; x_wconf 84' lang='lat' dir='ltr'>Quemdamitaque</span> <span class='ocrx_word' id='word_1_565' title='bbox 2689 5512 2994 5585; x_wconf 86' lang='lat' dir='ltr'>juvenem,</span> <span class='ocrx_word' id='word_1_566' title='bbox 3011 5506 3282 5582; x_wconf 86' lang='lat' dir='ltr'>pecuniis</span> <span class='ocrx_word' id='word_1_567' title='bbox 3310 5507 3364 5561; x_wconf 90' lang='lat' dir='ltr'>et</span> <span class='ocrx_word' id='word_1_568' title='bbox 3396 5501 3607 5576; x_wconf 81' lang='lat' dir='ltr'>apibus</span> 
     </span>
    </p>
   </div>
  </div>
