4142 6278
592 328 695 385 ϐϐτ

1902 320 2159 377 MENSIS
2198 318 2638 375 SEPTEMBER.

3859 317 3965 372 668

595 457 900 517 onustum,
933 450 1153 522 quibus
1183 465 1379 504 rerum
1412 450 1587 520 copia
1613 447 2035 520 suppeditabat
2056 450 2239 501 mate-

2355 444 2730 519 βαρυνομένων,
2765 444 2841 502 οἷς
2883 442 2977 499 ὕλη
3024 444 3152 514 πρὸς
3206 438 3415 515 αἶστρον
3463 443 3493 499 ἡ
3544 440 3787 503 εὐθηνία,
3833 446 3963 514 πρὸς

593 543 743 597 riam
778 542 849 595 ad
874 540 1179 593 stimulum
1209 540 1449 603 amoris,
1482 538 1737 593 incitavit
1768 538 1845 592 ad
1876 552 2007 591 eam
2036 550 2240 590 aman-

595 632 734 686 dam
758 636 997 701 propter
1013 628 1314 682 ﬂorentem
1331 628 1457 697 ejus
1480 628 1759 697 speciem.
1784 626 1881 681 llla
1905 630 2101 680 autem
2120 640 2238 679 non

596 727 827 779 nutum,
860 732 980 771 non
1030 722 1279 784 gestum,
1317 732 1423 769 nec
1453 715 1790 787 quidquam
1838 714 1948 769 tale
1992 713 2240 768 omnino

596 806 943 865 sustinente,
982 804 1180 858 nullus
1211 820 1331 858 non
1375 804 1524 873 lapis
1557 805 1633 858 ab
1664 821 1734 858 eo
1776 803 2144 864 movebatur,
2181 806 2241 855 ut

595 894 666 950 ad
707 892 978 948 effectum
1022 893 1267 946 omnino
1299 893 1613 947 deduceret
1645 894 1702 946 id
1733 893 1896 964 quod
1945 891 2239 945 desidera-

596 983 792 1047 batur;
824 982 973 1036 adeo
1003 988 1064 1035 ut
1084 981 1210 1050 ejus
1233 981 1447 1035 familia
1461 998 1551 1035 res
1585 986 1640 1036 et
1670 981 1911 1045 vicinas,
1946 980 2021 1035 ad
2044 980 2155 1034 hoc
2186 979 2239 1035 ei

594 1070 992 1133 inservientes,
1044 1070 1282 1123 assidue
1341 1071 1757 1124 transmitteret
1796 1068 2092 1140 quidquid
2120 1073 2243 1121 erat

597 1158 988 1215 desiderabile
1033 1162 1089 1212 et
1144 1158 1456 1213 blandiens
1510 1159 1815 1228 cupiditati
1866 1174 1925 1211 se
1966 1159 2241 1212 daturum

598 1248 906 1321 pollicens.
939 1247 1041 1301 Illa
1071 1254 1268 1301 autem
1302 1247 1392 1299 his
1426 1247 1621 1300 verbis
1652 1252 1707 1299 et
1738 1246 2027 1300 illecebris
2060 1260 2243 1315 oppo-

597 1338 779 1393 nebat
798 1336 953 1390 diem
970 1335 1173 1405 judicii
1193 1342 1247 1389 et
1264 1336 1531 1390 timorem
1558 1335 1873 1405 gehennae:
1901 1334 2049 1398 Quin
2067 1336 2243 1387 etiam

601 1426 909 1485 erubesco,
936 1424 1188 1488 dicebat,
1220 1424 1310 1477 vel
1342 1424 1535 1493 ipsum
1571 1423 1753 1477 solem
1786 1422 2005 1477 habere
2040 1428 2244 1477 testem

602 1514 735 1569 talis
762 1512 987 1579 ﬂagitii.
1017 1513 1184 1577 Quod
1214 1512 1453 1583 quidem
1476 1512 1723 1566 verbum
1753 1528 1888 1566 cum
1917 1510 2247 1581 apprehen-

600 1602 785 1656 disset
804 1618 922 1656 una
944 1618 1013 1655 ex
1030 1600 1203 1669 lenis,
1229 1598 1365 1654 mali
1388 1600 1786 1655 accessionem
1810 1600 2037 1654 habens
2061 1605 2246 1653 artem

603 1691 923 1758 magicam,
966 1690 1078 1743 hoc
1102 1690 1152 1743 ei
1181 1690 1489 1759 proposuit
1518 1688 1905 1759 probabiliter
1934 1705 1944 1741 :
1984 1688 2096 1744 Sed
2136 1689 2247 1742 hoc

2347 538 2431 586 τὸν
2501 537 2687 591 ταύτης
2764 529 2857 582 διὰ
2948 535 3042 588 τὴν
3127 530 3449 582 ἐπανθοῦσαν
3522 533 3655 603 ὥραν
3724 533 3961 587 ἐκίνησεν

2349 624 2531 691 ἔρωτα.
2584 622 2811 679 Ἐκείνης
2866 616 2923 671 δὲ
2984 624 3053 689 μὴ
3133 628 3311 690 νεῦμα,
3383 624 3452 690 μὴ
3514 628 3731 690 σχῆμα,
3794 616 3959 686 μηδὲν

2350 710 2475 769 ὅλως
2541 718 2639 760 των
2690 711 2931 759 τοιούτων
3010 706 3346 778 ἀνεχομένης,
3412 708 3548 767 λίθος
3618 708 3768 777 αὐτῷ
3832 706 3961 768 εἶπας

2351 799 2561 851 ἐκινεῖτο
2616 806 2705 849 τοῦ
2759 800 2958 856 πάντως
3011 798 3077 856 εἰς
3136 800 3281 869 ἔργον
3341 796 3551 866 ἀγαγεῖν
3606 801 3663 847 τὸ
3721 798 3953 847 ὑποθον-

2628 891 2696 947 ως
2750 892 2835 938 xui
2902 889 2990 945 τὰς
3050 888 3284 945 συνήθεις
3359 886 3512 957 αὐτῇ,
3587 890 3677 937 καὶ
3749 890 3853 945 τὰς
3909 884 3955 936 ἐκ

2688 979 2815 1046 πρὸς

2354 1062 2744 1136 διαπέμπεσθαι
2791 1070 2889 1115 πᾶν
2937 1064 3057 1137 ὅπερ
3102 1062 3271 1133 ἐφετὸν
3315 1068 3405 1115 καὶ
3459 1071 3631 1114 σαῖνον
3675 1061 3953 1131 ἐπιθυμίαν

2351 908 2496 956 μενον
2554 906 2563 916 ·

2350 982 2589 1047 γειτόνων
2688 979 2815 1046 πρὸς
2912 982 3063 1025 τοῦτο
3165 971 3614 1045 διακοσμουμένας
3728 982 3955 1043 συνεχῶς

2356 1151 2543 1207 δώσειν
2601 1152 3053 1223 ἐπαγγελλόμενος.
3114 1152 3171 1203 Ἠ
3234 1150 3291 1204 δὲ
3350 1160 3457 1213 τοῖς
3499 1154 3709 1226 ῥήμασι
3760 1155 3953 1211 τούτοις

2353 1248 2443 1293 καὶ
2523 1244 2878 1310 ὐποκνίσμασι
2964 1245 3057 1297 τὴν
3134 1249 3228 1302 τῆς
3298 1246 3516 1312 κρίσεως
3594 1242 3799 1311 ἡμέραν
3877 1245 3955 1289 καὶ

2354 1334 2440 1381 τὸν
2513 1339 2606 1390 τῆς
2659 1334 2862 1399 γεέννης
2920 1327 3169 1380 ἀντετίθει
3231 1330 3382 1400 φοϐον
3435 1349 3445 1359 ·
3511 1328 3635 1379 ἀλλά
3705 1333 3799 1399 μὲν
3856 1334 3951 1391 xui,

2355 1422 2451 1471 Τὸν
2506 1418 2647 1476 ἣλιον
2698 1418 3040 1489 αἰσχύνομαι,
3096 1422 3246 1488 φησὶ,
3301 1419 3543 1491 μάρτυρα
3585 1426 3678 1469 τοῦ
3721 1422 3955 1469 τοιούτου

2356 1511 2770 1578 μιάσματος.....
2832 1504 3124 1578 δραξαμένη
3185 1508 3415 1580 ῥήματος
3470 1516 3567 1557 τῶν
3640 1516 3953 1578 προαγωγῶν

2357 1602 2453 1667 μία
2504 1599 2810 1668 προσθήκην
2864 1604 2953 1647 τοῦ
3018 1604 3179 1646 κακοῦ
3254 1600 3343 1647 καὶ
3390 1600 3483 1653 τὴν
3533 1598 3704 1666 μάγον
3762 1599 3957 1666 ἔχουσα

3745 1704 3755 1713 ·
3811 1684 3951 1736 Ἀλλὰ

2358 1690 2566 1755 τέχνην,
2622 1687 2847 1745 πιθανῶς
2934 1682 3092 1741 δῆθεν
3177 1684 3306 1755 αὐτῇ
3392 1689 3676 1757 προέτεινεν

604 1778 898 1848 inquiens,
923 1794 957 1831 a
987 1783 1039 1831 te
1071 1777 1172 1830 ﬁat
1198 1784 1330 1847 post
1356 1777 1492 1831 solis
1519 1793 1799 1832 occasum
1830 1782 1883 1831 et
1915 1776 2112 1831 nullus
2142 1776 2243 1829 erit

2359 1778 2487 1845 μετά
2520 1772 2724 1845 δυσμὰς
2770 1774 2937 1837 ἡλίου,
2989 1773 3232 1843 λέγουσα,
3262 1770 3381 1825 τοδε
3413 1793 3495 1825 σοι
3522 1775 3845 1845 πραχθήτω,
3876 1780 3951 1823 καὶ

602 1868 702 1937 qui
743 1871 795 1920 te
825 1873 1143 1933 cognoscat
1176 1881 1187 1918 :
1218 1881 1404 1935 neque
1437 1866 1666 1919 futurus
1700 1872 1787 1920 est
1817 1865 1971 1919 ullus
2003 1866 2249 1919 omnino

600 1954 765 2009 testis
792 1954 952 2023 apud
983 1956 1187 2017 Deum,
1221 1959 1321 2007 aut
1342 1953 1495 2023 apud
1523 1953 1825 2009 homines.
1865 1954 2007 2010 Htec
2029 1953 2252 2009 audivit

606 2050 660 2097 et
690 2043 797 2096 fuit
826 2058 923 2096 cor
948 2042 1073 2111 ejus
1102 2042 1368 2111 protinus
1391 2041 1645 2096 illectum
1676 2048 1728 2097 et
1761 2042 2094 2099 seductum.
2122 2045 2250 2097 Erat

604 2132 761 2186 enim
790 2131 998 2185 mulier
1017 2147 1153 2201 quae
1179 2137 1387 2186 natura
1408 2131 1574 2186 facile
1592 2133 1723 2201 capi
1749 2137 1940 2203 potest
1956 2137 2009 2186 et
2033 2132 2246 2202 decipi,

602 2224 659 2273 et
682 2219 939 2273 maxime
952 2218 1113 2289 quod
1135 2218 1397 2273 futurum
1417 2225 1569 2274 esset
1584 2226 1644 2273 ut
1660 2220 1880 2274 factum
1908 2221 2090 2274 Deum
2115 2222 2249 2274 late-

601 2312 708 2371 ret,
738 2323 843 2377 per
871 2307 1139 2361 fraudem
1174 2307 1481 2361 audiverat
1510 2318 1565 2361 et
1587 2308 1929 2362 crediderat.
1966 2308 2029 2361 Et
2060 2309 2141 2362 sic
2173 2308 2250 2363 ad

600 2397 873 2451 effectum
907 2395 1229 2448 deductum
1263 2400 1347 2449 est
1380 2394 1603 2450 malum
1631 2396 1759 2465 ejus
1790 2396 2126 2450 consilium.

672 2484 767 2541 ΙΙΙ.
810 2486 1124 2553 Postquam
1161 2490 1358 2538 autem
1401 2500 1458 2537 re
1482 2484 1638 2539 facta
1662 2501 1843 2554 quam
1874 2486 2060 2554 turpis
2083 2490 2136 2539 et
2169 2485 2249 2540 in-

600 2572 819 2626 decora
844 2586 936 2626 res
962 2572 1037 2626 sit
1063 2577 1394 2641 peccatum,
1421 2572 1709 2641 agnoscit,
1740 2574 1988 2627 acerbos
2024 2574 2250 2627 habens

603 2660 875 2715 stimulos
905 2665 960 2713 et
1002 2659 1170 2713 valde
1211 2666 1570 2729 compuncta
1602 2661 1966 2716 conscientia
2001 2661 2248 2715 cruciari

603 2749 810 2804 animo
850 2750 1025 2819 coepit
1080 2754 1135 2803 et
1181 2765 1388 2804 amara
1428 2749 1562 2803 duci
1604 2750 1955 2819 poanitentia
2000 2750 2247 2804 dicens:

604 2840 685 2891 Ex
715 2836 869 2908 quali
905 2840 1126 2891 honore
1160 2837 1237 2891 ad
1267 2843 1557 2908 quantam
1592 2838 1798 2892 transii
1831 2839 2243 2906 ignominiam!

603 2948 631 2976 ‹‹
667 2930 1018 2980 Putruerunt
1034 2932 1393 2996 etcorruptae
1410 2932 1545 2981 sunt
1563 2927 1861 2981 cicatrices
1887 2943 2031 2981 meae
2050 2943 2084 2980 a
2102 2927 2248 2981 facie

602 3014 952 3085 insipientize
994 3016 1185 3069 mea:1
1222 3032 1289 3080 ;»
1307 3020 1359 3069 et
1394 3032 1405 3069 :
1444 3036 1471 3067 «
1502 3017 1796 3071 Conversa
1828 3033 1961 3070 sum
2004 3016 2061 3069 in
2103 3032 2249 3070 aeru-

604 3118 831 3166 mnam,
865 3103 1007 3157 dum
1040 3102 1224 3158 inﬁxa
1254 3108 1343 3158 est
1383 3104 1524 3158 mihi
1558 3104 1815 3173 spina.—»
1852 3108 1982 3159 Haec
2013 3104 2248 3159 dicebat

599 3196 655 3245 et
681 3191 1082 3261 lacrymarum
1124 3192 1429 3247 emittebat
1476 3192 1663 3247 fontes
1703 3193 1949 3257 calidos,
1985 3194 2066 3248 sic
2118 3210 2247 3263 pec-

596 3279 714 3334 cati
747 3279 1093 3346 abstergens
1136 3280 1403 3335 foetorem
1433 3286 1485 3336 et
1516 3280 1974 3336 deformitatem.
2018 3283 2245 3349 Conjux

599 3372 797 3423 autem
827 3368 1107 3435 ignorans
1136 3385 1381 3424 causam
1407 3370 1535 3438 ejus
1572 3368 1833 3434 tristitiae,
1868 3372 2074 3424 omnia
2092 3371 2245 3423 dice-

600 3454 703 3508 bat
732 3461 787 3509 et
818 3456 1087 3519 faciebat,
1139 3474 1269 3511 eam
1301 3459 1617 3511 consolans
1640 3464 1693 3511 et
1719 3474 1827 3526 pro
1861 3456 2081 3510 viribus
2110 3473 2244 3511 eam

599 3558 826 3597 conans
858 3560 1135 3599 recreare.
1182 3546 1292 3600 Sed
1324 3545 1442 3609 illa,
1479 3552 1720 3615 peccato
1766 3551 2051 3616 tanquam
2094 3562 2241 3615 quo-

598 3630 739 3685 dam
784 3632 971 3686 ulcere
1016 3634 1243 3688 interna
1293 3634 1648 3703 depascente
1712 3639 1766 3688 et
1825 3634 2245 3703 cogitationem

600 3735 721 3773 non
755 3720 982 3776 sinente
1014 3723 1331 3791 quiescere,
1364 3730 1486 3777 erat
1516 3722 1985 3787 inconsolabilis,
2034 3731 2088 3778 et
2119 3724 2245 3777 nul-

600 3807 717 3860 lam
757 3808 1099 3863 attendebat
1150 3810 1502 3873 orationem,
1552 3828 1686 3880 quae
1745 3827 1878 3865 eam
1932 3820 2238 3867 recrearet.

602 3896 912 3964 Propterea
945 3896 1145 3950 statuit
1177 3896 1373 3951 venire
1405 3898 1481 3952 ad
1505 3914 1688 3952 unum
1722 3915 1793 3953 ex
1826 3902 2011 3953 sacris
2040 3916 2244 3955 mona-

602 3983 809 4047 steriis,
848 3984 907 4037 in
946 4000 1067 4054 quo
1102 3985 1207 4054 pias
1261 3987 1687 4041 exercebantur
1741 3987 1997 4049 feminas,
2055 3994 2110 4042 et
2163 3989 2243 4041 sic

599 4070 800 4142 aliqua
846 4072 1070 4127 ratione
1124 4090 1332 4145 parare
1387 4074 1491 4129 sibi
1548 4075 2036 4131 consolationem.
2098 4079 2241 4131 Cum

598 4174 739 4227 ergo
765 4159 1032 4225 abiisset,
1073 4167 1127 4215 et
1153 4163 1279 4233 ejus
1309 4179 1442 4235 quae
1484 4171 1730 4233 prmerat
1785 4164 1964 4235 pedes
2024 4181 2241 4237 appre-

593 4248 913 4313 hendisset,
947 4266 1079 4305 eam
1110 4252 1541 4317 valderogabat
1567 4258 1622 4307 et
1648 4254 1904 4324 petebat,
1941 4260 2001 4309 ut
2032 4271 2245 4326 quam-

594 4337 854 4407 primum
904 4337 1205 4395 at‘ferretur
1255 4342 1521 4397 divinum
1582 4344 1986 4411 Evangelium.
2048 4344 2243 4399 Causa

592 4430 788 4480 autem
830 4432 972 4494 erat,
1013 4434 1070 4482 ut
1108 4429 1245 4483 hinc
1286 4431 1496 4484 certior
1528 4430 1976 4501 ﬁeret,anquod
1994 4448 2239 4502 vespere

594 4512 644 4566 ei
672 4512 890 4567 factum
924 4492 1130 4575 fuerat,
1191 4517 1476 4571 evasisset
1521 4492 1763 4571 evidens
1804 4492 1898 4572 D-ei
1942 4492 2147 4573 oculis.
2183 4523 2244 4575 Et
2280 4492 2322 4544 D

592 4598 759 4670 quid,
803 4600 882 4653 ait
912 4600 961 4655 ei
1016 4601 1307 4671 praetecta,
1354 4609 1443 4657 est
1492 4607 1605 4658 Deo
1655 4606 2055 4674 incognitum?
2090 4610 2241 4663 Num

593 4687 752 4743 enim
798 4688 975 4759 (sicut
1007 4690 1083 4744 ait
1114 4690 1352 4745 divinus
1388 4692 1570 4746 David
1594 4694 1636 4759 ³)
1660 4694 1761 4765 qui
1800 4694 2097 4763 plantavit
2137 4712 2245 4751 au-

592 4792 717 4832 rem
754 4793 870 4832 non
901 4778 1070 4833 audit
1102 4780 1130 4835 ?
1172 4786 1273 4834 aut
1312 4781 1413 4851 qui
1456 4780 1622 4835 ﬁnxit
1661 4782 1895 4836 oculum
1944 4799 2062 4837 non
2104 4801 2233 4841 con-

595 4865 832 4935 siderat,
866 4866 958 4921 cui
988 4867 1078 4921 vel
1116 4867 1242 4938 ipse
1274 4868 1502 4938 primus
1544 4875 1599 4922 et
1629 4870 1798 4924 exilis
1829 4871 2024 4925 cordis
2058 4875 2243 4930 nostri

595 4958 790 5008 motus
819 4955 1012 5009 evadit
1069 4955 1414 5011 manifestus
1455 4957 1481 5011 ?
1531 4958 1643 5012 Sed
1687 4958 1733 5011 si
1778 4958 2045 5014 dolorem
2091 4962 2240 5016 nolis

591 5039 811 5095 habere
861 5042 1262 5104 intensiorem.
1314 5044 1458 5099 mihi
1506 5060 1739 5114 expone
1795 5048 2086 5117 quidnam
2148 5050 2237 5113 sit,

591 5130 750 5197 quod
782 5135 948 5185 tuum
975 5132 1205 5187 mordet
1223 5132 1513 5198 animum;
1543 5140 1597 5188 et
1630 5134 1879 5189 fortasse
1913 5137 2095 5191 nobis
2120 5154 2239 5193 non

591 5213 773 5270 deerit
812 5218 1161 5275 remedium.
1202 5220 1305 5276 Illa
1361 5227 1560 5277 autem
1624 5224 2035 5279 recordatione
2090 5227 2236 5297 ejus,

594 5303 751 5371 quod
782 5302 1001 5359 factum
1043 5306 1248 5375 fuerat,
1280 5320 1582 5367 commota
1621 5313 1695 5367 ad
1721 5313 2033 5384 lacrymas,
2076 5316 2235 5386 quod

593 5387 670 5443 ab
699 5388 865 5444 initio
897 5393 1158 5460 petierat,
1200 5398 1399 5455 denuo
1426 5401 2237 5475 petiitChristiEvangelium.

661 5560 679 5594 ι
714 5558 863 5615 Psal.
899 5576 1114 5630 xxxvu,
1157 5572 1208 5621 6.
1320 5576 1341 5608 ²
1370 5576 1515 5632 Psal.
1547 5593 1705 5642 xm,
1740 5583 1789 5633 4.

2359 1866 2474 1913 οὔτε
2504 1865 2617 1913 τινα
2647 1866 2731 1913 τὸν
2761 1868 3190 1932 συγγινωσκοντα
3216 1863 3355 1923 ἔξεις,
3393 1866 3508 1913 οὔτε
3537 1868 3635 1933 μὴν
3675 1866 3805 1933 πρὸς
3833 1866 3945 1913 Θεὸν

2360 1952 2388 2009 ἦ
2423 1956 2550 2021 πρὸς
2611 1951 2931 2025 ἀνθρώπους,
2988 1954 3228 2023 μάρτυρα
3281 1955 3336 2002 τὸ
3401 1956 3642 2024 παράπαν
3704 1952 3947 2022 ἐσόμενον.

2359 2048 2535 2091 Ταῦτα
2566 2044 2757 2098 ἤκουσέ
2780 2060 2850 2103 τε,
2886 2045 2973 2091 καὶ
3005 2046 3097 2098 τὴν
3125 2037 3348 2113 καρδίαν
3384 2041 3533 2101 εὐθὺς
3564 2040 3903 2092 ὑποϐλέπεται
3934 2060 3943 2071 ⁸

2358 2134 2487 2199 γυνη
2517 2132 2615 2203 γάρ
2641 2126 2700 2186 ἦν
2724 2132 2873 2198 φύσις
2904 2129 3277 2190 εὐεξαπάτητος
3308 2134 3395 2180 καὶ
3424 2129 3711 2199 ἀλωσιμος,
3749 2135 3836 2179 καὶ
3865 2132 3943 2199 μοι.

2359 2218 2513 2269 λιστα
2545 2220 2623 2268 ὅτι
2654 2223 2742 2268 xui
2774 2222 2894 2269 Θεὸν
2944 2222 3000 2268 τὸ
3046 2219 3281 2291 πραχθὲν
3326 2217 3474 2268 λάθοι
3508 2215 3737 2291 δολερῶς
3768 2222 3942 2275 ἤκουσε

2361 2312 2449 2357 καὶ
2474 2305 2747 2358 ἐπίστευσε
2783 2324 2793 2334 ·
2828 2311 2917 2357 καὶ
2946 2306 3104 2367 οὕτως
3137 2306 3203 2365 εἰς
3252 2310 3397 2378 ἔργον
3430 2306 3570 2369 ἐξέϐη
3624 2311 3685 2357 τὸ
3741 2312 3942 2376 πονηρὸν

2364 2394 2627 2466 βούλημα.

2434 2484 2507 2537 Γ’.
2556 2484 2697 2534 Ἐπεὶ
2772 2481 2829 2534 δὲ
2915 2486 3042 2554 μετά
3116 2488 3208 2540 τὴν
3288 2484 3494 2556 πρᾶξιν,
3552 2488 3689 2544 ὅπως
3738 2484 3939 2555 αἰσχρὸν

2361 2578 2449 2624 καὶ
2507 2574 2726 2643 ἄσεμνον
2784 2574 2812 2629 ἡ
2866 2572 3098 2643 ἁμαρτία
3141 2573 3466 2645 γνωρίζεται,
3528 2576 3721 2645 πικρὰς
3762 2577 3940 2643 ἔχουσα

2361 2665 2449 2720 τάς
2498 2658 2682 2719 ἀκίδας
2731 2666 2818 2712 xui
2868 2661 3101 2733 ἰσχυρῶς
3149 2665 3205 2711 τὸ
3255 2658 3493 2721 συνειδὸς
3549 2662 3932 2723 καταξαίνουσα,

2360 2756 2448 2801 καὶ
2502 2750 2733 2819 μάλιστα
2809 2758 2898 2800 τοι)
2954 2750 3239 2822 πράξαντος
3316 2756 3497 2821 σεμνὸν
3576 2754 3633 2801 τὸ
3719 2771 3936 2822 προτερον

2868 2836 2983 2909 βίον

2359 2930 2579 2998 ἤρξαντο
2656 2932 2745 2977 καὶ
2822 2927 2948 2984 αι)τή
3012 2929 3401 2999 σπαράττεσθαι
3467 2933 3557 2984 τὴν

2360 2836 2771 2909 μεταδιώκοντος
2868 2836 2983 2909 βίον
3077 2845 3166 2890 καὶ
3246 2839 3528 2911 φιλοσοφίᾳ
3603 2846 3933 2913 προσέχοντος

3634 2928 3815 2999 ψυχὴν
3865 2934 3932 2979 καὶ

2358 3020 2541 3088 πικρὸν
2596 3017 2697 3067 οἷον
2756 3019 2840 3066 τὸν
2900 3016 3176 3086 μετάμελον
3238 3012 3495 3085 δέχεσθαι
3543 3037 3553 3047 ·
3594 3018 3675 3076 Εἰς
3740 3020 3840 3068 οἰαν
3891 3017 3930 3077 ἐξ

2360 3107 2472 3166 οῖας
2529 3113 2680 3176 τιμῆς
2728 3108 2817 3162 τὴν
2880 3105 3140 3175 αἰσχύνην
3190 3104 3373 3174 μετέϐη
3414 3104 3425 3159 1
3462 3108 3804 3177 Προσωζεσαν
3858 3112 3928 3156 καὶ

2360 3197 2631 3251 ἐσάπησαν
2694 3196 2741 3244 οἱ
2791 3194 3033 3264 μωλωπές
3086 3214 3207 3265 μου,
3250 3194 3493 3263 λέγουσα,
3547 3194 3645 3246 ἀπὸ
3679 3202 3927 3269 προσώπου

2356 3292 2445 3341 τῆς
2495 3283 2791 3353 ἀφροσύνης
2838 3301 2957 3351 μου,
3012 3289 3098 3332 xui
3154 3284 3233 3334 ὅτι
3278 3282 3503 3353 ἐτράφην
3554 3284 3623 3345 εἰς
3687 3285 3920 3334 ταλαιπω-

2356 3376 2492 3444 ρίαν,
2568 3369 2614 3420 ἐν
2665 3380 2732 3438 τῷ
2792 3370 3087 3441 ἐμπαγῆναι
3143 3391 3232 3441 μοι
3285 3374 3531 3427 ἄκανθαν.
3587 3381 3752 3425 Ταῦτα
3802 3372 3920 3441 5%,:

2356 3479 2407 3510 τε
2459 3464 2547 3509 καὶ
2610 3461 2798 3530 θερμάς
2860 3456 3100 3530 δακρύων
3156 3462 3291 3531 ἠφίει
3354 3466 3543 3531 πηγὰς,
3599 3467 3650 3513 τὸ
3704 3459 3918 3519 δυσῶδες

2355 3549 2488 3599 οὕτω
2558 3553 2646 3597 καὶ
2731 3547 2943 3608 ἀκαλλὲς
3021 3557 3113 3607 τῆς
3181 3550 3436 3621 ἁμαρτίας
3496 3550 3910 3621 ἀποκαθαιρονσα.

2352 3627 2410 3688 Ὀ
2463 3642 2634 3707 μέντοι
2691 3640 2947 3701 σύνοικος,
2999 3642 3092 3695 τὴν
3150 3638 3320 3690 αἰτίαν
3372 3648 3460 3700 τῆς
3506 3641 3905 3705 σκυθρωπότητος

2358 3725 2571 3796 ἀγνοῶν,
2647 3728 2817 3776 πάντα
2890 3744 2938 3777 τε
3024 3726 3155 3796 ὒεγε
3229 3734 3317 3780 xui
3396 3731 3543 3779 ἐποίει
3624 3734 3898 3796 παρηγορῶν

2354 3814 2532 3881 αὐτὴν,
2589 3819 2679 3865 καὶ
2728 3817 2825 3872 ὅση
2880 3812 3122 3886 δύναμις,
3173 3816 3544 3888 ἀναλαμϐάνειν
3591 3821 3905 3886 πειρώμενος¹

2356 3901 2458 3952 ἀλλ’
2514 3906 2678 3959 ἐκείνη
2738 3906 2910 3974 ὥσπερ
2965 3908 3101 3966 τινὸς
3164 3905 3341 3966 ἕλκους
3396 3916 3486 3965 τῆς
3538 3906 3774 3978 ἁμαρτίας
3812 3898 3915 3953 δια-

2355 3989 2671 4060 ϐοσκομένης
2745 3996 2810 4042 τὰ
2872 3990 3037 4055 ἔνδον,
3106 3999 3194 4045 καὶ⁵
3261 3998 3346 4045 τὸν
3424 3995 3669 4066 λογισμὸν
3740 3995 3918 4064 ἠρεμεῖν

2356 4079 2446 4129 οὐκ
2497 4078 2683 4141 ἐώσης,
2744 4080 3109 4154 ἀπαράκλητος
3160 4080 3219 4141 ἦν
3279 4089 3366 4136 καὶ
3424 4082 3599 4136 οὐδενὶ
3652 4084 3777 4153 λόγῳ
3808 4098 3916 4152 παρ-

2356 4175 2633 4240 ηγορούντι
2691 4174 3051 4241 προσέχουσα.
3106 4175 3198 4223 Διά
3249 4181 3414 4224 ταῦτα
3468 4180 3558 4225 καὶ
3612 4174 3679 4233 εἰς
3720 4172 3763 4223 ἓν
3813 4172 3918 4238 ἔγνω

2354 4266 2450 4306 τῶν
2507 4258 2649 4328 ἱερῶν
2710 4256 2988 4328 ἀφικέσθαι
3042 4267 3470 4333 φροντιστηρίων,
3525 4262 3573 4313 ἐν
3713 4266 3920 4331 γυναῖκες

2356 4346 2611 4403 ἠσκοῦντο
2668 4346 2918 4407 θεοσεϐεῖς
2968 4355 3056 4401 καὶ
3110 4354 3242 4401 οὕτω
3296 4358 3482 4422 τρόπον
3536 4354 3652 4402 τινα
3707 4345 3917 4421 παραψυ-

2355 4442 2428 4505 χῆ
2442 4455 2462 4494 ς
2520 4436 2674 4506 ἑαυτῇ
2760 4442 2976 4507 μηχανή
2989 4441 3204 4491 σασθαι.

2354 4532 2449 4573 τῶν
2504 4532 2599 4585 τῆς
2653 4532 2990 4597 προεστώσης
3060 4527 3312 4599 λαϐομένη
3386 4526 3582 4594 ποδῶν,

3290 4440 3438 4491 Ἀπελ
3453 4442 3541 4491 θοι)
3551 4460 3619 4491 σα
3686 4446 3799 4507 γοὺν
3852 4438 3919 4483 καὶ

3661 4528 3807 4582 πολλή
3858 4542 3920 4581 τις

2356 4608 2414 4668 ἦν
2476 4609 2690 4685 δεομένη
2747 4619 2957 4679 ταύτης,
3020 4622 3105 4667 καὶ
3154 4621 3207 4667 τὸ
3271 4620 3402 4669 θεῖον
3453 4618 3762 4688 Εὐαγγέλιον
3813 4631 3921 4684 παρ-

2354 4703 2586 4770 αχθῆναι
2642 4708 2697 4753 τὸ
2755 4706 2918 4772 τάχος
2976 4705 3202 4756 αἰτοῦσα
3257 4725 3267 4736 ’
3326 4712 3415 4757 καὶ
3492 4711 3550 4758 τὸ
3607 4710 3769 4757 αῖτιον
3818 4705 3920 4751 ὥστε

2353 4790 2701 4863 πληροφορίαν
2810 4791 2995 4844 ἐκεῖθεν
3089 4793 3280 4855 λαϐεῖν,
3370 4795 3413 4845 εὶ
3488 4799 3543 4846 τὸ
3626 4792 3919 4865 διαπραχθὲν

2354 4877 2575 4950 ἑσπέρας
2620 4881 2748 4951 αὐτῇ
2801 4890 2910 4943 τοῖς
2940 4890 3030 4933 τοῦ
3058 4887 3181 4934 Θεου
3220 4881 3375 4940 δῆλον
3406 4889 3611 4955 γέγονεν
3658 4882 3915 4955 ὀφθαλμοῖς

2356 4972 2454 5018 Καὶ
2503 4974 2572 5032 τί,
2620 4976 2776 5040 φησιν
2831 4973 2858 5027 η
2924 4974 3284 5042 καθηγουμένη
3342 4977 3471 5043 πρὸς
3522 4973 3705 5039 αὐτὴν,
3759 4973 3918 5039 ἠγνόη-

2352 5074 2438 5105 ται
2495 5065 2565 5125 re)
2627 5066 2784 5125 ﬁeri);
2834 5064 2918 5115 Μὴ
2968 5062 3067 5132 γαρ
3129 5060 3215 5128 (ως
3274 5062 3297 5110 ὁ
3346 5063 3479 5121 θεῖος
3530 5064 3623 5131 ἔφη
3683 5054 3854 5125 Δαυίδ)
3901 5055 3919 5103 ὁ

3358 5167 3373 5219 ;
3433 5150 3461 5206 ἡ
3516 5151 3541 5200 ὁ
3605 5150 3803 5206 πλάσας
3851 5146 3919 5193 τὸν

2352 5231 2609 5301 ὀφθαλμὸν
2692 5235 2817 5304 οὐχὶ
2885 5245 3143 5299 κατανοεῖ,
3206 5237 3243 5304 ᾧ
3300 5242 3387 5288 καὶ
3434 5238 3565 5295 αὐτὴ
3626 5244 3798 5311 πρώτη
3851 5234 3921 5282 καὶ

2352 5146 2603 5213 φυτεύσας
2664 5150 2718 5195 τὸ
2773 5144 2860 5207 οὖς
2916 5147 3043 5217 οὐχὶ
3123 5147 3296 5199 ἀκούει

2349 5318 2503 5375 λεπτὴ
2564 5324 2768 5381 κίνησις
2848 5332 2943 5383 τῆς
3008 5323 3228 5394 καρδίας
3296 5326 3440 5396 ἡμῶν
3511 5324 3646 5384 δήλη
3730 5329 3916 5395 γίνεται,

2348 5406 2498 5471 πλὴν,
2555 5408 2597 5459 εἰ
2672 5415 2740 5480 μὴ
2810 5412 3011 5482 μέλλοις
3086 5412 3347 5464 ἐπιτείνειν
3400 5418 3456 5465 τὸ
3532 5415 3764 5487 ἄλγημα,
3825 5412 3920 5480 ἐμοὶ

1904 5581 1925 5613 ⁸
1955 5582 2102 5638 Psal.
2134 5596 2290 5651 xcm,
2321 5600 2375 5657 9.
