4142 6278
247 264 353 324 669

1279 265 1440 321 VITA
1483 264 1542 321 S.
1584 265 1992 331 TBEODORE
2030 269 2580 328 ALEXANDRINE.

3489 270 3595 330 670

249 391 599 464 προσανάθου,
651 395 703 442 τί
754 393 812 442 τό
857 387 1046 443 δάκνον
1092 410 1187 443 σου
1222 395 1315 449 τήν
1342 391 1546 462 ψυχὴν,
1579 395 1669 445 καὶ
1721 394 1846 454 ῖσως

1957 393 2126 458 Quod
2147 394 2400 467 quidem
2425 412 2561 452 cum
2585 397 2845 468 primum
2868 397 3197 464 evolvisset,
3219 397 3393 453 simul
3416 403 3596 469 atque

247 481 342 533 οὐκ
395 480 726 552 ἀπορήσομεν
783 483 1072 552 θεραπείας,
1125 487 1182 532 Ἡ
1241 476 1321 546 δε,
1375 488 1434 552 τῇ
1497 485 1672 554 μνήμῃ
1755 487 1846 534 τοῦ

247 574 517 640 γεγονότος
577 571 850 624 κινηθεῖσα
926 573 1053 642 πρὸς
1129 565 1356 642 δάκρυα,
1410 572 1467 619 τὸ
1545 568 1596 630 ἐξ
1676 569 1848 640 ἀρχῆς

250 658 458 715 αἱτηθεν
515 662 602 710 xui
662 657 810 718 αὖθις
860 657 1033 720 ἐζήτει
1084 665 1175 709 τοῦ
1228 665 1463 732 Χριστοῦ
1515 657 1846 728 Εύαγγέλιον.

247 746 410 821 Ὀπερ
465 746 616 808 εὐθὺς
662 745 944 809 ἀνελίξασα
986 746 1096 818 οἶμα
1138 753 1199 819 τῇ
1253 745 1463 819 ἐπιϐολῇ
1511 755 1608 797 τῶν
1662 746 1848 818 ὀφθαλ-

249 845 357 908 μῶν
392 835 551 888 ἐκεῖνο
602 835 742 908 εὗρεν
790 835 1092 908 ἐγκείμενον,
1131 840 1189 887 τὸ
1237 836 1262 888 ὁ
1306 840 1536 910 γέγραρα
1587 841 1844 907 γέγραφα.

252 929 350 979 Καὶ
404 925 596 977 αὐτίκα
636 925 770 997 λύπη
828 923 1017 998 βαρείᾳ
1064 929 1156 983 τὴν
1198 923 1384 996 ψυχὴν
1431 924 1706 994 πληγεῖσα,
1736 931 1848 984 ταῖς

249 1018 410 1086 χερσί
436 1033 487 1066 τε
515 1018 609 1071 τὴν
633 1013 750 1084 ἄψιν
781 1013 1080 1078 πατάξασα,
1114 1013 1248 1065 Οὐαί
1277 1033 1367 1086 μοι
1410 1022 1471 1085 τῇ
1506 1013 1680 1084 άθλίᾳ,
1713 1017 1848 1085 μέγα

249 1102 450 1161 ἐϐόησε·
505 1109 595 1174 φεῦ
640 1109 730 1162 τῆς
776 1102 992 1167 πλάνης,
1049 1109 1140 1174 φεῦ
1186 1109 1278 1155 τοῦ
1343 1100 1722 1174 τολμήματοςι
1775 1103 1846 1164 εἰς

249 1195 349 1264 γὰρ
398 1195 492 1250 τήν
547 1199 636 1244 τοῦ
693 1188 885 1264 ἀνδρὸς
942 1189 1193 1266 έξύϐρισα
1269 1196 1467 1249 κοίτην.
1524 1197 1700 1243 Ταῦτα
1773 1189 1848 1242 λέ-

248 1299 439 1351 γουσα,
490 1285 577 1332 καὶ
630 1282 939 1351 συγχύσεως
1006 1284 1094 1351 μὲν
1153 1284 1242 1338 τήν
1299 1277 1546 1354 καρδίαν,
1606 1275 1847 1349 δακρύων

253 1365 310 1421 δε
367 1369 642 1443 πληροῦσα
713 1373 769 1422 τὸ
816 1365 1021 1441 ἔδαφος,
1075 1373 1164 1422 καὶ
1216 1366 1355 1441 μηδί
1405 1371 1464 1419 τό
1531 1371 1673 1438 ὄμμα
1719 1369 1850 1438 πρός

249 1457 494 1530 οὐρανοὺς
547 1460 708 1529 αῖρειν
762 1457 1025 1529 τολμῶσα,
1083 1457 1210 1509 ἀλλά
1273 1462 1364 1508 καὶ
1411 1459 1596 1507 τούτου
1671 1452 1847 1525 ἀπείρ-

1954 481 2154 550 injecit
2180 483 2385 539 oculos
2413 485 2634 541 invenit
2654 485 2799 542 illud
2829 488 3142 558 scriptum:
3165 488 3332 552 Quod
3363 485 3590 556 scripsi,

1956 570 2165 641 scripsi
2197 572 2238 623 ι.
2273 594 2300 622 n
2336 575 2398 628 Et
2430 575 2606 629 simul
2645 575 2806 644 gravi
2847 576 3029 630 animi
3060 575 3263 630 dolore
3304 574 3590 637 sauciata,

1957 663 2012 712 et
2039 660 2318 715 manibus
2343 677 2513 718 suam
2546 662 2795 734 pulsans
2823 664 3037 719 faciem
3071 680 3083 720 :
3113 665 3207 718 Hei
3242 663 3387 718 mibi
3419 663 3594 718 mise—

1955 761 2053 814 rae,
2087 764 2307 818 magna
2336 766 2480 806 voce
2505 753 2860 808 exclamavit
2892 769 2904 818 ;
2938 769 2972 808 o
3001 769 3284 816 errorem,
3315 768 3352 808 o
3392 752 3594 806 audax

1956 834 2245 893 facinus!
2295 839 2509 895 violavi
2550 840 2656 895 viri
2706 841 2919 898 cubile.
2962 842 3095 896 Haec
3125 841 3347 902 dicens,
3392 845 3448 894 et
3495 854 3598 894 cor

1954 925 2192 995 quidem
2212 927 2579 995 confusione,
2604 930 2798 984 solum
2822 936 3016 985 autem
3045 927 3594 1001 replenslacrymis,

1955 1017 2141 1069 etnec
2166 1015 2236 1069 ad
2283 1017 2495 1072 caelum
2536 1020 2782 1090 quidem
2815 1019 3040 1074 audens
3070 1018 3273 1073 oculos
3309 1017 3594 1080 attollere,

1955 1101 2059 1156 sed
2081 1104 2258 1158 etiam
2293 1105 2371 1160 ab
2397 1107 2510 1162 hoc
2539 1107 2743 1162 dicens
2761 1124 2824 1162 se
2864 1107 3069 1171 arceri,
3105 1112 3170 1160 ut
3205 1121 3340 1177 quae
3372 1105 3594 1160 nefario

1956 1207 2065 1244 suo
2107 1190 2333 1260 ﬂagitio
2363 1193 2555 1264 ipsum
2607 1197 2783 1252 etiam
2833 1212 3032 1251 aerem
3065 1195 3357 1266 polluerit,
3392 1192 3595 1248 statuit

1955 1278 2236 1349 deinceps
2262 1295 2383 1336 non
2408 1283 2664 1353 amplius
2695 1299 2934 1340 manere
2981 1284 3039 1338 in
3075 1283 3316 1349 mundo,
3342 1287 3402 1336 et
3437 1283 3497 1336 in
3527 1282 3595 1336 iis

1954 1381 2090 1437 quas
2123 1372 2260 1422 sunt
2285 1369 2514 1436 mundi,
2548 1371 2652 1425 sed
2685 1370 3136 1441 sapientissimis
3165 1369 3431 1439 cogitatis
3457 1385 3597 1439 sup-

1957 1451 2223 1524 plantare
2248 1472 2383 1513 eum
2413 1458 2514 1529 qui
2538 1459 2870 1531 deceperat.

246 1549 434 1617 γεσθαι
511 1546 754 1617 λέγουσα,
833 1547 903 1608 ὡς
976 1551 1065 1598 xui
1145 1553 1216 1615 τῷ
1292 1544 1404 1618 ἀέρι
1459 1544 1727 1616 μολυσμὸν
1786 1539 1959 1593 δοῦσα
2015 1550 2076 1614 τῇ
2153 1542 2342 1617 ἀτοπίᾳ
2398 1555 2492 1602 τοῦ
2556 1547 2952 1620 ἐγχειρήματος,
3013 1553 3083 1620 μὴ
3151 1548 3455 1620 προσθεῖναι
3508 1545 3595 1596 τόν

246 1634 422 1688 λοιπὸν
508 1638 636 1706 ἔγνω
698 1639 878 1707 κόσμῳ
942 1642 1252 1708 προσμεῖναι
1325 1639 1415 1685 καὶ
1471 1639 1579 1694 τοῖς
1651 1630 1699 1682 ἓν
1773 1634 1978 1701 κόσμῳ,
2055 1629 2181 1683 ἀλλά
2239 1638 2559 1706 σοφωτάταις
2611 1635 2861 1699 ἐπινοίαις
2921 1641 3191 1712 πτερνίσαι
3240 1638 3328 1688 τὸν
3401 1632 3597 1691 ἀπατή-

249 1743 429 1779 σαντα.

319 1813 390 1866 A'.
445 1818 542 1866 Καὶ
596 1809 828 1885 ἀνδρεῖον
874 1813 1061 1864 αὐτίκα
1110 1819 1302 1883 σχῆμα
1347 1813 1666 1886 περιθεμένη,
1701 1810 1842 1861 ὡσάν
1873 1804 1918 1859 Β

249 1903 382 1954 οὕτω
432 1906 545 1962 τοῦς
585 1900 866 1964 διάκοντας
913 1902 1043 1974 λάθῃ
1084 1898 1226 1974 (ᾔδει
1275 1903 1375 1976 γὰρ
1415 1902 1486 1960 ὡς
1535 1895 1742 1972 σφόδρα
1771 1905 1842 1968 τῷ

251 1987 403 2062 ἀνδρὶ
450 1996 660 2062 μελήσει
707 1997 824 2064 περὶ
872 1991 1035 2051 αύτής
1075 1995 1164 2043 καὶ
1207 1989 1265 2041 ού
1323 1991 1581 2041 παύσεται
1649 1990 1841 2043 ταύτην

249 2079 552 2150 ἰπιζητῶν),
593 2077 792 2152 ἀνδρῶν
841 2085 1090 2153 πρόσεισι
1132 2077 1391 2149 κοινοϐίῳ,
1423 2081 1656 2148 σημείοις
1685 2076 1842 2128 ὀκτω-

247 2166 471 2220 καίδεκα
521 2177 614 2229 τῆς
672 2166 1042 2240 Ἀλεξανδρέων
1119 2167 1393 2238 ἀπέχοντι·
1460 2171 1548 2218 καὶ
1621 2169 1695 2218 ἔτι
1751 2171 1842 2216 τοῦ

246 2256 479 2318 πυλῶνος
547 2255 642 2319 ἔξω
722 2261 1086 2327 τυγχάνουσα,
1169 2253 1516 2327 εἰσδεχθῆναί
1571 2274 1624 2306 τε
1681 2253 1842 2311 αύτήν

246 2346 414 2410 ἠξίου,
457 2350 544 2398 καὶ
607 2353 696 2398 τοῦ
748 2344 972 2418 ἀριθμοῦ
1028 2347 1267 2416 γενέσθαι
1318 2354 1416 2397 τῶν
1487 2344 1838 2414 ἀσκουμένων.

249 2438 314 2487 Οἱ
374 2431 432 2487 δε
486 2434 545 2487 ού
604 2439 851 2509 πρότερον
917 2437 1113 2506 ἔφησαν
1186 2434 1348 2492 αὐτὴν
1429 2434 1839 2496 εἰσόικίσασθαι,

247 2530 418 2577 καίτοι
467 2521 638 2598 ἄνδρα
684 2527 888 2585 τούτοις
951 2529 1039 2576 καὶ
1088 2524 1216 2596 οὐχὶ
1280 2529 1505 2594 γυναῖκα
1572 2521 1842 2593 νομιζομέ-

246 2633 356 2674 νην,
413 2613 456 2666 εἱ
503 2618 574 2685 μή
626 2613 750 2687 παρ’
794 2613 914 2670 ὅλην
966 2611 1068 2666 ἐκεῖ
1116 2618 1209 2672 τήν
1256 2615 1418 2664 νύκτα
1469 2614 1670 2684 αἴθριος
1728 2607 1842 2662 δια-

250 2709 423 2775 μείνῃ,
470 2707 556 2754 καὶ
613 2699 852 2772 δοκίμιον
922 2703 1056 2754 οὕτω
1113 2705 1385 2775 καρτερίας
1428 2702 1684 2774 παράσχῃ
1735 2707 1844 2761 τοῖς

251 2790 512 2864 ἀδελφοῖς.
597 2791 656 2843 Ἠ
737 2787 795 2843 δε
873 2791 930 2842 ού
1011 2796 1162 2860 μόνον
1237 2787 1406 2850 ἡδέως
1485 2787 1694 2850 ἐδέξατο
1787 2792 1843 2840 τὸ

251 2880 453 2950 λεχθὲν,
514 2884 604 2930 καὶ
647 2887 815 2930 ταῦτα
871 2883 941 2948 μή
1017 2877 1278 2946 ἀγνοοῦσα
1331 2879 1410 2928 ὅτι
1471 2878 1629 2946 θηρία
1687 2875 1849 2927 πολλά

253 2976 347 3028 τῆς
398 2970 583 3026 νυκτὸς
633 2965 945 3037 προσϐάλλει
986 2961 1080 3016 διὰ
1128 2969 1185 3016 τὸ
1230 2971 1322 3016 τοῦ
1350 2969 1511 3015 τόπου
1560 2966 1748 3036 ἔρημόν
1797 2981 1849 3013 τε

252 3060 342 3107 καὶ
385 3051 580 3126 κομιδῇ
627 3056 830 3126 ἄγριον,
882 3053 1008 3105 ἀλλά
1053 3059 1143 3105 καὶ
1199 3053 1266 3113 εἰς
1315 3055 1462 3125 ἔργον
1509 3055 1563 3103 τὸ
1617 3068 1846 3122 προστα-

252 3145 381 3215 χθεν
438 3147 621 3214 ἤγαγε·
684 3147 770 3195 καὶ
831 3139 1243 3216 διενυκτέρευσεν
1297 3141 1430 3194 οὕτω
1484 3143 1846 3212 προσμένουσα

1959 3138 2018 3193 id
2068 3138 2232 3209 quod
2290 3138 2647 3210 imperatum
2688 3140 2877 3196 fuerat
2928 3157 2940 3194 :

252 3240 323 3302 τῷ
374 3231 588 3285 πυλῶνι.
622 3236 710 3284 Διό
747 3237 832 3284 καὶ
868 3233 893 3282 ό
939 3239 1012 3300 τῷ
1048 3231 1236 3289 Δανιὴλ
1265 3229 1426 3282 πάλαι
1470 3230 1848 3299 καθημερώσας

249 3325 344 3378 τήν
397 3320 643 3373 λεοντείαν
718 3320 982 3392 ὠμότητα,
1044 3319 1194 3380 αὐτός
1245 3324 1334 3371 καὶ
1408 3326 1496 3369 νῦν
1552 3321 1644 3375 τὴν
1698 3318 1847 3368 ὁσίαν

250 3406 508 3484 προειδὼς
593 3410 664 3471 εἰς
712 3410 815 3462 οἷον
869 3409 1000 3480 ὕψος
1059 3406 1436 3482 ἀναδραμεῖται
1489 3416 1582 3468 τῆς
1640 3405 1844 3479 ἀρετῆς,

250 3504 340 3551 καὶ
385 3501 569 3572 θηρσὶν
621 3498 848 3556 ἄληπτον
908 3495 1237 3573 διετήρησεν
1293 3498 1318 3548 ὃ
1369 3501 1457 3548 καὶ
1513 3495 1642 3567 αὐτῇ
1696 3499 1848 3570 πείρᾳ

251 3590 637 3660 καταμαθόντες
697 3590 746 3639 οἱ
802 3592 1029 3659 μοναχοὶ
1087 3590 1143 3638 τὸ
1198 3582 1426 3637 συνεῖναι
1481 3587 1685 3645 τούτοις
1744 3585 1847 3636 θεο-

253 3678 391 3750 φιλὲς
441 3679 664 3749 ἔκριναν.
727 3675 985 3748 Ἀσμένως
1057 3672 1143 3727 οὖν
1228 3671 1618 3744 εἰσδεχθείσης,
1677 3674 1703 3725 ό
1758 3680 1848 3734 τῆς

253 3774 411 3832 μονῆς
463 3770 744 3836 προεστὼς,

253 3855 418 3928 μελῶς
468 3855 666 3928 ἠρώτα,
710 3858 784 3915 τίς
835 3873 887 3906 τε
940 3856 1038 3918 εἴη,
1079 3857 1170 3905 καὶ
1221 3854 1354 3904 κατά
1408 3856 1560 3903 ποίαν
1619 3847 1686 3909 δὴ
1753 3855 1846 3908 τήν

253 3946 448 4012 αἰτίαν,
514 3947 643 4017 πρὸς
710 3945 774 3995 τὰ
818 3952 916 3993 τῶν
995 3950 1242 4014 μοναχῶν
1313 3943 1674 4014 παραγένοιτο.
1759 3944 1843 3998 Mr)

256 4031 574 4104 δανείσμασι
648 4040 837 4106 χρεῶν,
921 4036 1073 4103 φησὶ,
1147 4029 1514 4104 βαρυνόμενος,

254 4127 394 4184 τινός
424 4121 592 4186 ἁλοὺς,
651 4124 680 4178 ἦ
736 4124 931 4192 τρέφειν
971 4115 1165 4178 παῖδας
1210 4119 1508 4192 ἠπορηκὼς,
1561 4120 1618 4168 τό
1662 4135 1848 4186 κοσμι-

252 4214 344 4263 κόν
397 4208 669 4262 ἀποϐαλεῖν
729 4217 921 4279 σχῆμα
971 4207 1207 4280 προείλου
1243 4223 1256 4273 ;
1296 4206 1369 4260 Δι’
1429 4202 1578 4257 ούδὶν
1634 4207 1843 4266 τούτων,

257 4296 568 4370 ἣΘεοδὼρα
617 4299 770 4364 εἶπεν,
818 4295 856 4347 ὧ
902 4298 1082 4364 πάτερ,
1119 4293 1244 4345 ἀλλά
1289 4296 1431 4367 παρά
1478 4296 1534 4344 τό
1582 4291 1850 4362 σχολάσαι

821 3763 1051 3836 ἐντυχὼν
1107 3764 1236 3834 αὐτῇ
1295 3766 1429 3814 κατά
1485 3767 1662 3833 μόνας,
1736 3760 1844 3814 ἐπι-

1599 4030 1628 4088 i
1716 4033 1846 4100 φόνῳ

254 4409 317 4460 με
371 4393 523 4459 μόνον
575 4395 667 4438 τοῦ
724 4391 980 4456 κοσμικοῦ
1041 4380 1283 4453 θορύϐου,
1348 4386 1438 4432 καὶ
1489 4382 1577 4439 τάς
1657 4379 1850 4438 οἰκείας

2023 1811 2111 1865 1V.
2150 1811 2312 1868 Virili
2357 1817 2560 1868 autem
2603 1813 2813 1870 induta
2865 1815 3093 1878 habitu,
3143 1817 3206 1868 ut
3245 1812 3452 1867 lateret
3493 1824 3596 1864 eos

1951 1901 2050 1972 qui
2069 1917 2204 1956 eam
2229 1909 2721 1972 persequerentur
2743 1903 2996 1972 (sciebat
3017 1903 3173 1957 enim
3204 1901 3346 1966 fore,
3375 1905 3437 1954 ut
3459 1898 3594 1970 ipsa

1953 1991 2160 2045 marito
2188 2006 2423 2060 magna)
2475 1996 2630 2047 esset
2669 2007 2843 2056 curse,
2896 1997 2951 2047 et
2988 2008 3122 2046 eam
3171 2006 3291 2044 non
3339 1989 3597 2043 cessaret

1950 2079 2236 2150 querere)
2282 2079 2511 2135 accedit
2565 2079 2639 2134 ad
2687 2081 2946 2135 virorum
3002 2078 3365 2144 coenobium,
3430 2073 3596 2146 quod

1949 2167 2157 2224 decem
2188 2174 2244 2224 et
2267 2173 2401 2224 octo
2443 2168 2716 2225 milliaria
2741 2169 2920 2224 distat
2958 2167 3332 2224 Alexandria.
3369 2167 3433 2219 Et
3463 2178 3591 2217 cum

1951 2262 2102 2312 esset
2139 2263 2303 2312 extra
2342 2257 2713 2324 vestibulum,
2774 2258 3024 2327 rogabat
3081 2262 3142 2312 ut
3179 2256 3334 2311 intro
3381 2253 3599 2308 admit-

1950 2350 2187 2410 teretur,
2244 2350 2301 2400 et
2341 2350 2490 2400 esset
2537 2362 2609 2400 ex
2655 2361 2901 2401 numero
2949 2361 3156 2401 eorum
3208 2343 3311 2414 qui
3359 2355 3596 2396 exerce-

1952 2435 2192 2490 bantur.
2231 2435 2315 2489 llli
2372 2440 2572 2490 autem
2622 2434 2917 2500 dixerunt,
2965 2450 3028 2488 se
3080 2447 3201 2488 non
3255 2430 3419 2502 prius
3463 2443 3598 2484 eam

1951 2538 2082 2577 esse
2134 2523 2606 2587 intromissuros,
2637 2523 2744 2578 etsi
2794 2523 2878 2577 vir
2917 2521 2994 2578 ab
3028 2523 3112 2577 eis
3166 2517 3600 2574 existimaretur

1951 2626 2079 2666 esse
2105 2616 2310 2666 etnon
2355 2610 2599 2677 femina,
2627 2610 2742 2665 nisi
2781 2614 2904 2665 tota
2956 2614 3126 2664 nocte
3165 2607 3280 2662 illic
3333 2607 3599 2662 maneret

1952 2699 2061 2756 sub
2091 2700 2206 2764 dio,
2235 2703 2291 2754 et
2317 2698 2641 2754 tolerantiae
2681 2698 3145 2770 experimentum
3177 2696 3261 2750 sic
3312 2693 3602 2764 praeberet

1953 2789 2256 2844 fratribus.
2286 2787 2388 2842 Illa
2404 2792 2606 2844 autem
2632 2787 2876 2844 libenter
2903 2787 3152 2857 accepit,
3175 2785 3336 2856 quod
3375 2782 3597 2836 dictum

1956 2876 2186 2944 fuerat;
2240 2875 2421 2945 idque
2473 2893 2609 2931 cum
2662 2892 2781 2931 non
2821 2876 3141 2945 ignoraret,
3202 2873 3362 2943 quod
3420 2871 3600 2924 noctu

1958 2962 2153 3017 multae
2183 2963 2385 3019 bestias
2422 2964 2910 3033 ingrediebantur
2940 2979 3043 3034 per
3070 2963 3269 3017 locum
3299 2960 3599 3014 desertum

1957 3054 2016 3103 et
2044 3051 2373 3107 admodum
2401 3059 2717 3121 agrestem,
2737 3053 2836 3109 sed
2866 3054 3042 3108 etiam
3070 3050 3318 3106 deduxit
3343 3047 3420 3102 ad
3447 3061 3602 3117 opus

2997 3145 3052 3195 et
3082 3141 3164 3194 sic
3215 3133 3598 3209 pernoctavit,

1959 3243 2209 3283 manens
2240 3232 2378 3283 ante
2419 3227 2792 3283 vestibulum.
2848 3229 3246 3294 Quamobrem
3305 3224 3408 3294 qui
3458 3222 3600 3278 olim

1962 3315 2184 3372 Danieli
2222 3317 2523 3372 leoninam
2557 3316 2940 3372 mansuefecit
2973 3314 3374 3370 crudelitatem
3405 3313 3448 3377 ⁵,
3474 3310 3600 3380 ipse

1956 3422 2198 3478 quoque
2221 3406 2411 3461 sciens
2439 3405 2517 3462 ad
2543 3411 2834 3477 quantam
2863 3406 3095 3460 virtutis
3131 3401 3501 3459 altitudinem
3528 3398 3604 3454 sit

1958 3500 2163 3550 sancta
2192 3501 2567 3567 perventura,
2609 3493 2986 3551 conservavit
3037 3508 3191 3555 eam,
3249 3505 3324 3545 ne
3377 3505 3413 3543 a
3465 3488 3600 3542 feris

1955 3591 2284 3656 caperetur.
2336 3583 2507 3648 Quod
2560 3599 2697 3639 cum
2750 3581 3029 3638 monachi
3076 3581 3202 3650 ipsa
3252 3576 3603 3633 didicissent

1956 3672 2338 3742 experientia,
2383 3671 2723 3742 judicarunt
2767 3686 2894 3726 esse
2929 3673 3044 3725 Deo
3077 3673 3331 3736 gratum,
3369 3670 3430 3720 ut
3460 3679 3596 3718 cum

1956 3760 2042 3816 eis
2070 3767 2419 3816 versaretur.
2455 3762 2533 3814 Ea
2548 3775 2690 3829 ergo
2720 3759 2968 3815 libenter
2989 3751 3602 3822 admissa,prasfectus

1957 3849 2300 3905 monasterii
2330 3865 2464 3905 eam
2497 3847 2742 3904 seorsim
2775 3847 3088 3915 allocutus,
3122 3844 3437 3913 diligenter
3465 3856 3598 3896 eam

1959 3940 2180 4007 rogavit
2203 3938 2482 4009 quisnam
2497 3941 2667 3999 esset,
2694 3942 3028 4008 etquanam
3048 3935 3122 3989 de
3134 3947 3318 3989 causa
3341 3929 3600 3986 venisset

1957 4028 2036 4083 ad
2078 4027 2525 4082 monasterium.
2558 4029 2730 4093 Num,
2763 4024 2976 4096 inquit,
3026 4023 3249 4078 fcenore
3295 4025 3598 4088 gravatus,

1957 4123 2056 4170 aut
2085 4115 2252 4169 factae
2278 4114 2458 4169 caadis
2489 4113 2814 4176 convictus,
2859 4119 2959 4166 aut
3007 4126 3143 4164 cum
3179 4124 3300 4163 non
3348 4105 3601 4161 haberes

1959 4202 2117 4257 unde
2148 4201 2302 4258 filios
2334 4202 2538 4264 aleres,
2573 4201 2824 4254 statuisti
2876 4198 3254 4253 mundanum
3310 4195 3604 4264 deponere

1957 4289 2228 4345 habitum
2254 4289 2282 4345 ‘I
2320 4289 2563 4359 Propter
2609 4286 2840 4342 nullum
2886 4287 3124 4350 horum,
3155 4301 3191 4340 o
3223 4287 3408 4350 Pater,
3457 4280 3602 4336 dixit

1959 4377 2291 4440 Theodora,
2321 4380 2420 4430 sed
2456 4380 2517 4430 ut
2545 4375 2707 4430 solus
2735 4374 2997 4445 quietem
3030 4387 3202 4440 agam
3232 4387 3268 4427 a
3294 4368 3602 4424 mundano

255 4476 692 4528 ἀποκλαύσασθαι
749 4473 1027 4544 ἁμαρτίας.
1092 4476 1208 4530 Πῶς
1265 4465 1323 4522 δὲ
1399 4473 1507 4533 xui,
1573 4466 1846 4539 ἀνθυπέφε-

1962 4466 2298 4532 tumultu,et
2326 4481 2458 4520 mea
2485 4462 2734 4518 deﬂeam
2751 4467 3014 4534 peccata.
3042 4459 3356 4526 Quomodo
3377 4461 3600 4524 autem,

256 4584 340 4637 ρεν
381 4566 406 4615 ὁ
450 4567 628 4635 μέγας,
659 4561 788 4631 καλῇ
826 4563 961 4625 ;Kui
1000 4561 1029 4616 ἠ
1076 4561 1302 4629 γενναία,
1351 4552 1644 4629 Θεόδωρος,
1692 4552 1846 4626 εἶπεν⁹

258 4652 372 4725 ἐμοὶ
425 4671 483 4704 το
536 4655 712 4721 ὄνομα.
769 4647 827 4701 Ὀ
904 4645 982 4716 δε,
1037 4646 1127 4698 καὶ
1177 4651 1248 4718 μὴ
1310 4644 1660 4713 ὑπολάμϐανε,
1731 4647 1846 4716 ἔφη,

259 4737 442 4811 ἀδελφὲ
509 4736 765 4812 Θεόδωρε,
847 4737 922 4790 ὃτι
993 4735 1137 4798 ἐκτός
1220 4739 1367 4788 ἔσται
1439 4755 1522 4788 σοι
1600 4740 1763 4787 πόνων
1816 4736 1844 4792 ἠ

258 4829 478 4882 ἐνταῦθα
535 4825 793 4898 διαγωγηο
848 4825 953 4877 ἀλλ’
1011 4826 1053 4877 εἰ
1110 4823 1286 4897 βούλει
1338 4834 1409 4895 τῷ
1466 4828 1572 4876 ὄντι
1623 4827 1708 4876 τόν
1756 4831 1849 4884 τῆς

255 4921 491 4980 ὑπακοῆς
585 4918 744 4988 ζυγὸν

254 5010 582 5081 ὑπερετὴσων
647 5015 745 5057 τῶν
821 5002 1073 5075 ἀδελφῶν,
1127 5003 1185 5054 ού
1237 5010 1353 5064 ταῖς
1426 5002 1475 5053 ἐν

846 4915 1095 4978 ὑπελθεῖν,
1177 4916 1370 4971 πάσαις
1452 4915 1565 4966 ἴσθι
1640 4917 1849 4984 χρείαις

1572 5010 1631 5073 τῇ
1714 5009 1843 5073 μονῇ

256 5102 430 5169 μόνον,
475 5097 579 5148 οἷον
636 5103 732 5148 τῶν
787 5102 955 5165 φυτῶν
1011 5096 1100 5143 καὶ
1149 5091 1390 5162 λαχάνων
1439 5089 1843 5161 ἐπιμελούμενος,

253 5184 449 5249 ὕδατός
516 5205 570 5238 τε
639 5178 964 5253 μετακομιδῆ
1041 5189 1346 5250 Αειτουργῶν
1437 5184 1524 5231 καὶ
1600 5178 1846 5251 ἀμελλητὶ

253 5272 477 5349 ἄνδρων,
539 5273 665 5325 ἀλλά
713 5270 779 5331 δὴ
831 5275 919 5322 καὶ
950 5276 1058 5329 ταῖς
1082 5268 1176 5331 ἔξω
1204 5271 1393 5328 ταύτης
1425 5265 1840 5340 διακονούμενος,

254 5371 342 5416 καὶ
410 5366 491 5418 ὅτε
546 5367 704 5435 χρεία
750 5360 930 5418 καλοίη
977 5361 1104 5432 πρός
1145 5362 1238 5416 τήν
1289 5355 1436 5410 πόλιν
1485 5355 1707 5421 ἀπιέναι,
1764 5361 1837 5429 μή

332 5543 352 5576 ⁴
381 5542 552 5597 Joan.
585 5556 704 5628 nx,
737 5541 827 5595 22.
906 5539 927 5573 ⁵
957 5539 1102 5595 Dan.
1139 5551 1216 5606 vi,
1253 5539 1272 5590 l
1313 5550 1484 5609 seqq.

1961 4555 2263 4627 subjunxit
2320 4569 2576 4623 magnus
2625 4550 2952 4623 praefectus,
3003 4548 3325 4621 appellaris
3367 4546 3394 4602 ?
3458 4545 3607 4600 Dixit

1960 4653 2160 4702 autem
2207 4645 2305 4698 illa
2366 4658 2656 4712 generosa
2700 4640 2910 4696 mulier
2965 4658 2976 4696 :
3029 4638 3128 4693 Est
3177 4637 3320 4692 mihi
3382 4649 3604 4690 nomen

1958 4733 2320 4790 Theodorus.
2370 4731 2464 4786 Ille
2527 4735 2748 4794 autem,
2801 4731 2877 4784 Ne
2923 4727 3246 4785 existimes.
3306 4724 3516 4796 inquit,
3567 4737 3604 4777 0

1960 4825 2137 4879 frater
2174 4821 2495 4882 Theodore,
2540 4821 2684 4874 citra
2712 4818 2977 4873 laborem
3029 4814 3130 4870 tibi
3177 4813 3437 4869 futuram
3469 4825 3605 4867 eam

1959 4927 2095 4983 quas
2176 4915 2262 4965 est
2332 4909 2423 4963 hic
2494 4905 3006 4963 conversationem
3077 4919 3089 4958 :
3175 4901 3278 4956 sed
3347 4900 3395 4954 si
3460 4897 3606 4953 velis

1960 5015 2165 5055 revera
2223 4997 2417 5053 subire
2461 4998 2677 5068 jugum
2723 4991 3093 5058 obedientite,
3127 4990 3281 5046 scias
3331 4993 3389 5045 te
3427 4987 3609 5042 inser-

1961 5089 2218 5144 viturum
2273 5085 2550 5156 fratribus
2597 5087 2657 5138 in
2707 5081 2992 5138 omnibus
3030 5095 3168 5152 quin
3219 5084 3354 5132 sunt
3411 5090 3609 5132 neces-

1959 5179 2136 5241 saria,
2207 5191 2327 5232 non
2395 5173 2591 5228 solum
2641 5171 2700 5227 in
2777 5167 3157 5232 monasterio,
3233 5169 3296 5221 ut
3362 5165 3468 5238 qui
3525 5162 3609 5218 sis

1957 5273 2269 5323 curaturus
2324 5264 2563 5334 plantas
2611 5268 2664 5315 et
2712 5258 2892 5323 olera,
2956 5263 3012 5314 et
3060 5256 3500 5311 ministraturus
3543 5253 3606 5310 in

1957 5373 2119 5430 aqua
2163 5351 2557 5428 exportanda,
2622 5354 2678 5406 et
2751 5348 2992 5408 hortum
3059 5345 3432 5418 irrigaturus,
3503 5342 3610 5400 sed
