4142 6278
555 331 653 388 6⁸71

1851 312 2113 373 MENSIS
2154 307 2601 370 SEPTEMBEB.

3808 300 3913 355 672

560 457 702 513 foris
736 458 911 513 etiam
968 458 1307 521 serviturus,
1337 458 1392 509 et
1442 448 1684 523 quando
1725 461 1870 502 usus
1917 440 2232 510 exegerit,.

2344 438 2735 508 ἀραιτούμενος.
2793 433 2868 485 Ού
2922 437 3024 504 μὴν
3076 434 3225 483 ἔσται
3307 449 3389 483 σοι
3431 436 3598 481 ταῦτα
3649 430 3917 499 πρόφασις

564 551 627 600 ut
675 561 775 600 eas
824 547 879 599 in
922 547 1237 607 civitatem,
1283 542 1524 597 minime
1568 540 1967 593 recusaturus.
2002 534 2199 601 Neque

566 639 763 689 tamen
804 636 915 689 hoc
950 639 1228 704 praetextu
1273 629 1638 699 contemptui
1684 623 1937 681 habebis
1965 620 2200 676 labores

530 722 1016 787 exercitationis,
1092 724 1191 775 sed
1253 724 1481 791 oportet
1539 714 1915 772 nihilosecius
1988 722 2201 764 vacare

560 810 787 879 jejunio
841 815 896 865 et
948 810 1217 873 orationi,
1252 815 1307 864 et.
1344 810 1417 863 de
1448 822 1612 862 more
1652 803 1919 875 psallere,
1972 812 2203 867 vesper-

567 898 874 969 tinamque
917 905 969 953 et
1012 899 1361 952 matutinam
1420 894 1899 959 gloriﬁcationem
1938 886 2203 960 quotidie

569 1001 852 1057 peragere
912 1004 925 1053 ;
976 993 1262 1057 praeterea
1309 995 1505 1041 autem
1557 1001 1663 1041 nec
1718 984 2021 1041 horarum,
2072 992 2207 1049 quin

569 1080 871 1135 vocantur,
932 1076 1099 1129 ullam
1150 1076 1641 1147 praetermittere;
1719 1072 1864 1143 quin
1916 1069 2093 1124 etiam
2151 1067 2209 1120 in

570 1164 821 1231 genibus
873 1164 1177 1222 ﬂectendis
1224 1166 1515 1232 laborare,
1564 1167 1622 1217 et
1661 1161 1743 1215 sic
1794 1174 2010 1229 corpus
2068 1155 2214 1210 afﬂi-

570 1266 705 1319 gere
736 1258 976 1323 propter
1024 1254 1270 1309 insidias
1306 1268 1510 1307 eorum
1561 1250 1660 1321 qui
1708 1247 1925 1302 bellum
1977 1248 2210 1314 gerunt.

573 1342 759 1411 Atque
788 1341 964 1397 beata
1002 1344 1263 1413 quidem,
1300 1357 1438 1396 cum
1481 1340 1608 1394 haec
1639 1336 1842 1392 omnia
1887 1334 2010 1389 suis
2044 1348 2215 1387 acce-

572 1428 758 1499 pisset
831 1431 1095 1495 auribus,
1158 1437 1211 1486 et
1262 1447 1333 1486 ea
1384 1444 1511 1485 esse
1569 1430 1855 1499 putasset,
1923 1430 2212 1493 tanquam

577 1515 807 1587 aliquas
861 1520 1072 1574 animae
1123 1520 1387 1585 delicias,
1453 1533 1587 1572 cum
1644 1529 1859 1584 magno
1916 1516 1973 1567 et
2030 1509 2214 1567 alacri

579 1604 763 1659 animi
811 1607 1008 1662 studio
1046 1626 1107 1663 sc
1158 1625 1229 1664 ea
1276 1624 1403 1663 esse
1454 1607 1745 1662 facturam
1790 1606 1882 1658 est
1932 1599 2210 1672 pollicita.

578 1694 646 1746 Et
701 1693 783 1748 sic
851 1696 1178 1752 admittitur
1247 1697 1306 1752 in
1381 1697 1660 1752 eumdem
1731 1692 2007 1749 ordinem
2077 1704 2215 1744 cum

579 1781 819 1849 egregio
848 1782 947 1839 illo
978 1786 1155 1841 choro
1193 1786 1648 1841 monachorum.

653 1868 717 1923 V.
752 1872 1047 1935 Quoniam
1074 1879 1271 1929 autem
1299 1876 1427 1943 ejus
1460 1890 1597 1928 cum
1626 1873 1740 1926 Deo
1770 1874 1942 1941 pacta
1971 1881 2225 1923 conven-

582 1962 640 2013 ta
665 1958 861 2015 futura
892 1970 1057 2017 erant
1080 1979 1240 2029 vera,
1273 1969 1327 2019 et
1357 1979 1392 2018 a
1419 1961 1735 2017 mendacio
1767 1960 1981 2021 aliena,
2028 1955 2224 2011 valere

580 2046 797 2117 jubens
827 2064 1068 2105 omnem
1109 2053 1303 2107 carnis
1334 2050 1735 2124 prudentiam,
1767 2064 1827 2103 se
1845 2048 2043 2103 statim
2064 2044 2227 2100 exuit

585 2136 658 2189 ad
692 2138 1037 2205 certamina,
1084 2140 1308 2196 nullam
1350 2157 1600 2206 moram,
1632 2154 1825 2209 neque
1871 2138 2225 2207 praetextum

586 2224 774 2279 ullum
801 2226 1076 2293 atterens,
1122 2245 1235 2300 quo
1266 2230 1464 2285 minus
1492 2228 1867 2283 ministraret.
1899 2227 2043 2280 Cum
2086 2236 2226 2291 ergo

587 2318 721 2367 octo
765 2330 956 2370 annos
1007 2319 1264 2388 quotidie
1311 2320 1710 2390 perseveraret
1771 2315 1829 2369 in
1883 2312 2224 2380 irrigatione

588 2401 926 2472 plantarum
967 2410 1021 2459 et
1060 2406 1310 2471 olerum,
1361 2423 1497 2478 qure
1546 2421 1726 2460 usum
1765 2402 2114 2476 prazbebant
2158 2398 2227 2453 iis

587 2490 691 2561 qui
721 2497 889 2545 erant
928 2493 988 2547 in
1018 2497 1396 2559 monasterio,
1447 2495 1829 2566 molendique
1868 2498 1924 2547 et
1954 2487 2226 2562 pinsendi

592 2577 954 2634 frumentum
977 2583 1119 2638 etad
1134 2600 1348 2654 panem
1365 2583 1741 2657 praeparandi
1774 2597 1998 2637 munus
2019 2576 2229 2633 nihilo-

591 2666 783 2720 secius
808 2677 1244 2740 exsequeretur,
1288 2678 1345 2727 et
1370 2678 1648 2743 coqueret
1690 2672 1821 2725 olus
1860 2684 1982 2741 quo
2013 2683 2073 2722 se
2104 2665 2231 2719 ale-

596 2752 739 2809 bant
767 2756 868 2825 qui
900 2773 1117 2829 corpus
1147 2761 1461 2816 studebant
1509 2759 1886 2819 mortificare,
1920 2768 2231 2825 nunquam

598 2845 796 2897 tamen
827 2844 1012 2901 abfuit
1032 2864 1065 2901 a
1081 2850 1314 2919 synaxi,
1330 2866 1464 2920 quae
1479 2848 1873 2921 peragebatur
1886 2846 1943 2901 in
1959 2843 2230 2907 ecclesia,

593 2929 697 2983 sed
727 2931 786 2985 in
817 2948 887 2987 ea
916 2951 1156 3007 quoque
1179 2938 1339 3008 pium
1360 2954 1535 2992 suum
1562 2936 1916 2993 ostendebat
1941 2934 2231 2988 animum.

596 3018 711 3077 Sed
744 3021 873 3075 licet
904 3023 982 3077 ita
1007 3024 1265 3095 degeret,
1299 3031 1355 3081 et
1394 3028 1575 3081 vitam
1606 3025 1876 3095 elegisset
1915 3030 2037 3078 tam
2070 3020 2233 3078 labo-

592 3113 837 3177 riosam,
880 3114 1262 3181 praecedentis
1300 3114 1491 3170 delicti
1532 3113 1807 3185 cogitatio
1848 3128 1967 3167 non
2005 3108 2232 3165 sinebat

2347 3119 2585 3172 ἐπίπονον
2662 3118 2919 3187 ἑλομένην,

595 3215 731 3254 eam
760 3200 1009 3255 omnino
1030 3202 1337 3273 quiescere
1366 3226 1378 3269 ;
1423 3204 1529 3258 sed
1561 3206 1752 3268 nocte,
1780 3217 1915 3273 quae
1948 3198 2238 3270 sequeba-

595 3294 693 3344 tur
730 3288 858 3343 haee
895 3288 1111 3346 diurna
1150 3292 1492 3358 ministeria,
1534 3291 1780 3363 quando
1828 3296 1883 3345 et
1930 3303 2142 3343 somno
2180 3292 2236 3341 et

597 3377 883 3433 mediocri
908 3380 1432 3453 Oportebatquiete
1463 3381 1597 3449 frui,
1638 3384 1844 3452 pectus
1886 3378 2149 3449 pulsans,
2184 3380 2240 3429 et

597 3466 864 3523 animam
894 3470 1542 3541 movensadlacrymas
1575 3488 1587 3524 :
1623 3469 1906 3525 Condona
1931 3466 2072 3521 mihi
2102 3480 2234 3535 pec-

598 3560 822 3619 catum,
855 3556 1107 3622 dicebat,
1142 3559 1406 3622 Domine,
1435 3559 1599 3630 quod
1618 3556 2069 3630 perdiditdecus
2094 3569 2240 3608 mea;

599 3644 997 3699 continentiae.
1032 3646 1175 3699 Cum
1216 3647 1530 3703 monachis
1559 3653 1757 3703 autem
1798 3644 2117 3715 aliquando
2148 3643 2241 3696 de-

600 3734 830 3789 fecisset
888 3733 1106 3801 oleum,
1162 3736 1395 3804 jubetur
1453 3741 1514 3791 ut
1567 3735 1815 3804 accipiat
1860 3734 2140 3799 camelos,
2189 3737 2244 3787 et

602 3822 847 3877 veniens
878 3822 936 3874 in
970 3821 1286 3885 civitatem,
1303 3825 1386 3877 eis
1400 3824 1606 3878 afferat
1624 3823 1843 3887 oleum,
1859 3839 1981 3892 quo
1995 3822 2106 3875 sibi
2122 3827 2244 3876 erat

604 3927 778 3981 opus.
810 3911 955 3963 Cum
984 3915 1181 3963 autem
1218 3910 1341 3980 jam
1381 3911 1487 3965 iter
1516 3916 1669 3965 esset
1720 3912 2008 3980 ingressa,
2035 3909 2243 3964 accidit

604 4003 668 4054 ut
684 4002 895 4069 prteter
910 4000 1409 4068 exspectationem
1426 4000 1705 4056 maritum
1720 4000 2030 4071 aspiceret,
2046 3999 2247 4052 divina

605 4086 743 4143 huic
774 4086 1021 4141 omnino
1054 4103 1230 4158 opem
1260 4087 1481 4144 ferente
1512 4089 1900 4144 Providentia.
1932 4091 2077 4143 Nam
2110 4103 2246 4141 cum

607 4177 865 4247 seipsum
896 4178 1187 4233 consolari
1217 4194 1332 4232 non
1362 4186 1565 4250 posset
1604 4180 1724 4252 ejus
1758 4179 2027 4243 maritus,
2060 4183 2120 4233 ut
2148 4177 2249 4248 qui

609 4270 762 4322 esset
791 4282 826 4321 a
853 4266 952 4321 tali
982 4268 1229 4337 conjuge
1259 4275 1586 4340 separatus,
1621 4274 1675 4323 et
1703 4284 1773 4323 ea
1798 4269 1871 4323 de
1904 4284 2089 4323 causa
2118 4267 2251 4323 abs-

606 4370 724 4426 que
755 4355 1190 4412 intermissione
1207 4356 1536 4412 eﬂ‘underet
1558 4358 1876 4429 lacrymas,
1902 4362 1957 4411 et
1987 4372 2093 4411 nec
2108 4361 2249 4411 tem-

2249 1779 2293 1835 Β

2310 530 2440 597 πρὸς
2492 529 2604 583 τοὺς
2672 523 2987 582 ἁσκητικούς
3041 526 3232 582 πόνους
3280 519 3567 593 ὀλιγωρεῖν,
3622 515 3758 567 ἀλλά
3828 520 3915 567 καὶ

2312 615 2442 666 οὕτω
2520 612 2707 684 μᾶλλον
2784 610 3174 685 ἀπαραλείπτως
3224 614 3441 679 νηστείᾳ
3498 604 3582 659 δεῖ
3632 624 3691 657 σε
3756 623 3914 676 προσ-

2312 705 2515 772 ανέχειν
2574 705 2663 752 καὶ
2716 707 3015 773 προσευχῇ,
3087 698 3356 768 ψάλλειντα
3408 696 3643 754 συνήθως
3684 696 3779 743 καὶ
3832 696 3915 749 τὴν

2313 791 2584 864 ἐσπερινήν
2691 792 2947 861 ὁσημέραι
3044 792 3134 838 καὶ
3230 786 3476 859 ὀρθρινὴν

2668 883 2798 953 πρὸς
2886 874 2945 928 δε
3017 883 3108 928 καὶ
3184 884 3283 927 τῶν
3358 873 3685 943 καλουμένων

2691 792 2947 861 ὁσημέραι
3044 792 3134 838 καὶ
3230 786 3476 859 ὀρθρινὴυ
3604 778 3915 850 δοξολογίαν

2316 880 2576 933 ἐπιτελεῖν·
2668 883 2798 940 πρὸς
2886 874 2945 928 δὲ
3017 883 3108 928 καὶ
3184 884 3283 927 τῶν
3358 873 3685 940 καλουμένων
3777 871 3915 940 ὡρῶν

2319 965 2581 1040 μηδεμίαν
2674 967 3106 1039 παραλιμπάνειν,
3190 962 3608 1033 προσπονεῖσθαι
3692 953 3756 1009 δὲ
3834 960 3918 1007 καὶ

2321 1060 2549 1128 γονάτων
2626 1056 2811 1122 κλίσει,
2863 1059 2952 1106 καὶ
3002 1054 3132 1105 οὕτω
3183 1056 3399 1127 τρύχειν
3450 1053 3510 1101 τὸ
3594 1055 3756 1117 σῶμα
3833 1041 3918 1095 διὰ

3815 1153 3913 1204 μα·

3722 1223 3925 1285 ἀκοαῖς,

2674 967 3106 1039 παραλιμπάνειν,

2324 1150 2414 1208 τὰς
2471 1145 2657 1197 ἐκεῖθεν
2710 1153 2809 1195 τῶν
2872 1143 3225 1215 πολεμούντων
3303 1138 3597 1197 ἐπιϐουλάς.
3670 1134 3740 1188 Ἡ

2323 1240 2481 1308 καρία
2529 1238 2616 1305 μὲν
2672 1230 2778 1295 οὖν,
2830 1238 2981 1285 ταυτὶ
3033 1235 3200 1284 πάντα
3243 1230 3446 1283 ἐνθεῖσα
3515 1233 3626 1285 ταῖς

2324 1328 2412 1375 καὶ
2466 1325 2636 1393 ὥσπερ
2704 1342 2755 1373 τι
2806 1321 2994 1392 ψυχῆς
3051 1318 3179 1373 εἶναι
3228 1320 3545 1389 λογισαμένη
3600 1313 3916 1387 ἐντρύφημα,

2324 1415 2453 1483 μετὰ
2530 1410 2720 1471 πολλῆς
2798 1411 2931 1462 αύτά
3010 1418 3105 1471 τῆς
3187 1410 3485 1481 προθυμίας
3583 1401 3921 1472 ἐπηγγείλατο

2323 1503 2588 1573 πράττειν,
2633 1504 2722 1551 καὶ
2772 1500 2933 1560 οὕτως
2991 1498 3237 1571 όμοτελής
3294 1505 3366 1566 τῷ
3421 1503 3560 1565 καλῷ
3608 1492 3786 1561 ἐκείνῳ
3832 1498 3919 1540 τῶν

2326 1597 2570 1660 μοναχῶν
2600 1595 2748 1661 χορῷ
2776 1592 2995 1658 γίνεται.

2406 1874 2476 1929 Ε’.
2540 1874 2682 1926 Ἐπεὶ
2740 1869 2799 1924 δε
2846 1874 2901 1923 αἱ
2977 1874 3107 1944 πρὸς
3156 1872 3282 1923 Θεὸν
3354 1868 3518 1927 αὐτῆς
3568 1866 3831 1921 συνθῆκαι
3870 1864 3918 1913 τὸ

2335 1961 2561 2037 ἀψευδὲς
2607 1962 2732 2025 ἕξειν
2786 1961 3005 2033 ἔμελλον,
3068 1966 3201 2012 πᾶσι
3252 1966 3361 2018 τοῖς
3408 1965 3504 2017 τῆς
3563 1956 3764 2025 σαρκός
3810 1970 3920 2023 φρο-

2333 2061 2532 2126 νήμασι
2596 2057 2802 2125 χαίρειν
2881 2051 3120 2114 εἰποῦσα,
3204 2048 3350 2107 εὐθὺς
3418 2041 3729 2096 ἀπεδύσατο
3805 2044 3918 2106 πρὸς

2335 2147 2457 2203 τούς
2497 2146 2704 2203 πόνους,
2746 2136 2947 2211 μηδένα
2998 2139 3140 2190 ὃκνον
3200 2133 3336 2208 μηδὲ
3376 2139 3637 2206 πρόφασιν
3696 2130 3767 2191 εἰς
3811 2126 3919 2180 δια-

2336 2236 2510 2284 κονίαν
2579 2228 2983 2303 προϐαλλομένη.
3068 2226 3213 2279 Εἰσιν
3257 2221 3349 2275 οὖκ
3420 2222 3553 2273 ὀκτὼ
3612 2228 3681 2291 τῇ
3736 2238 3786 2270 τε
3833 2226 3915 2267 τῶν

2339 2329 2506 2393 φυτῶν
2551 2315 2737 2390 ἀρδείᾳ
2778 2322 2865 2368 καὶ
2905 2324 3003 2368 τῶν
3049 2314 3290 2385 λαχάνων
3334 2312 3367 2363 ἅ
3413 2318 3519 2372 τοῖς
3578 2309 3627 2361 ἐν
3692 2316 3752 2379 τῇ
3803 2313 3911 2377 μονῇ

2338 2415 2431 2467 τήν
2475 2413 2658 2482 χρείαν
2706 2413 2977 2478 παρεῖχεν,
3033 2406 3155 2455 ὅσαι
3198 2405 3387 2475 ἡμέραι
3438 2404 3915 2471 προσκαρτερούσα·

2339 2506 2429 2551 τοῦ
2481 2516 2534 2548 τε
2584 2496 2783 2554 ἀλήθειν
2837 2498 2921 2545 τὸν
2981 2500 3123 2545 σῖτον
3171 2497 3259 2543 καὶ
3301 2495 3496 2562 τρυγᾷν
3534 2491 3591 2539 τό
3637 2484 3912 2557 ἁλούμενον,

2339 2591 2428 2638 καὶ
2486 2585 2556 2646 εἰς
2616 2587 2806 2658 ἄρτους
2875 2580 3311 2655 παρασκευάζειν,
3372 2578 3477 2649 οὐχ
3557 2575 3910 2647 ὑστερίζουσα,

2341 2674 2542 2745 ἓψουσά
2584 2693 2636 2725 τε
2680 2676 2735 2725 τὸ
2784 2673 3010 2745 λάχανον
3158 2674 3247 2721 καὶ
3305 2667 3582 2739 ἀπέτρεφον
3633 2664 3834 2721 ἑαυτοὺς
3876 2662 3915 2711 οἱ

2342 2770 2549 2838 νεκροῡν
2592 2764 2648 2813 τὸ
2701 2770 2852 2832 σῶμα
2901 2756 3305 2823 σπουδάζοντες,
3338 2753 3461 2809 οὐδὲ
3515 2762 3605 2815 τῆς
3654 2751 3705 2805 ἐν
3752 2750 3914 2806 ἐκκλη-

2346 2857 2437 2923 σίᾳ
2479 2852 2779 2922 τελουμένης
2832 2849 3086 2911 συνάξεως
3132 2846 3405 2917 ἀπελείφθη
3466 2847 3609 2909 ποτε,
3669 2841 3790 2894 ἀλλὰ
3840 2844 3912 2891 καὶ

2345 2942 2532 3013 μᾶλλον
2586 2942 2632 2991 ἐν
2690 2942 2852 3010 ταύτῃ
2912 2947 3005 2999 τῆς
3060 2936 3248 3007 ψυχῆς
3302 2934 3522 3005 ἐνέφαινε
3574 2936 3634 2983 τὸ
3690 2929 3909 2996 φιλόθεοι.

2346 3030 2503 3083 Ἀλλά
2558 3034 2645 3081 καὶ
2694 3028 2856 3087 οὓτως
2909 3028 3137 3097 ἔχουσαν
3190 3026 3419 3095 ἀγωγῆς,
3482 3026 3572 3072 καὶ
3634 3019 3747 3092 βίον
3801 3020 3911 3088 ἄγαν

3008 3117 3032 3166 6
3090 3122 3180 3166 τοῦ
3239 3111 3588 3186 προλαϐόντος
3650 3109 3917 3180 σφάλματος

2345 3209 2598 3279 λογισμὸς
2653 3207 2746 3257 ούκ
2796 3204 2978 3263 ἀνῆκεν
3026 3203 3153 3265 ὅλως
3196 3202 3356 3259 αὐτὴν
3401 3203 3627 3271 ἠρεμεῖν,
3662 3198 3778 3249 ἀλλὰ
3816 3202 3914 3254 ταῖς

2348 3300 2658 3367 πανημέροις
2730 3297 2943 3352 ταύταις
3014 3290 3305 3351 διακονίαις
3364 3298 3457 3351 τῆς
3515 3292 3695 3350 νυκτὸς
3764 3287 3909 3337 ἐπιού-

2350 3405 2467 3448 σης,
2523 3386 2604 3435 ὅτε
2673 3387 2761 3434 καὶ
2813 3381 2973 3433 ύπνου
3034 3386 3122 3433 καὶ
3178 3384 3391 3453 μετρίας
3452 3375 3558 3430 ἔδει
3627 3376 3909 3449 μεταλαχεῐν

2350 3473 2706 3535 ἀναπαύσεως,
2762 3471 3067 3529 πλήττουσα
3108 3473 3166 3521 τό
3201 3471 3413 3533 στῆθος,
3471 3473 3555 3519 καὶ
3608 3471 3691 3523 τήν
3738 3465 3906 3533 ψυχὴν

2350 3570 2568 3614 κινοῦσα
2612 3563 2743 3633 πρὸς
2791 3556 3016 3631 δάκρυα,
3074 3562 3429 3629 Συγχώρησόν
3480 3575 3563 3625 μοι
3612 3557 3695 3609 τήν
3742 3550 3900 3620 ἁμαρ-

2350 3656 2484 3719 τίαν,
2538 3650 2691 3720 ἔλεγε,
2745 3650 2923 3719 Κύριε,
2981 3650 3011 3707 ἦ
3064 3651 3124 3698 τὸ
3171 3650 3440 3718 εὔσχημον
3476 3651 3560 3704 τῆς
3609 3640 3719 3713 ἐμῆς
3760 3637 3889 3689 ἀπώ-

2351 3740 2465 3792 λεσε
2518 3741 2875 3811 σωφροσύνης.
2936 3736 3139 3788 Ἐλαίου
3196 3732 3254 3787 δέ
3316 3753 3438 3787 ποτε
3495 3735 3603 3790 τοὺς
3669 3730 3896 3800 μοναχούι,

2352 3828 2693 3892 ἐπιλιπόντος,
2750 3825 3072 3898 ἐπιτρέπεται
3124 3824 3252 3882 αὐτή
3308 3826 3394 3882 τὰς
3433 3820 3687 3892 καμήλους
3732 3813 3904 3877 λαϐεῖν,

2354 3915 2426 3987 ἐφ’
2585 3920 2709 3988 πρὸς
2765 3920 2857 3972 τὴν
2930 3914 3073 3966 πόλιν
3151 3912 3431 3985 ἀφικομένη
3487 3914 3545 3962 τὸ
3618 3908 3681 3969 εἰς
3751 3907 3911 3978 χρείαν

2356 4008 2719 4076 μετακομίσειν
2803 4004 2979 4062 αὐτοῖς
3058 4002 3245 4056 ἔλαιον.
3303 4000 3387 4062 Ὠς
3441 3999 3529 4051 οὖν
3605 4000 3764 4068 εἶχετο
3840 3999 3916 4050 τῆς

2358 4089 2675 4163 ὁδοιπορίας,
2753 4092 2823 4153 εἰς
2899 4093 3013 4143 θέαν
3089 4088 3355 4150 ἀδοκήτως
3412 4096 3503 4140 τοῦ
3565 4083 3746 4157 ἀνδρὸς
3799 4101 3919 4155 περι-

2359 4187 2557 4247 πίπτει,
2606 4188 2697 4241 τῆς
2754 4183 2891 4241 θείας
2957 4180 3028 4241 εἰς
3100 4187 3249 4231 τοῦτο
3321 4180 3523 4237 πάντως
3606 4175 3921 4246 συναραμένης

2360 4276 2620 4344 προνοίας.
2680 4276 2999 4343 Παρηγορεῖν
3042 4272 3142 4341 γὰρ
3203 4269 3379 4320 ἑαυτὸν
3435 4266 3540 4335 οὐχ
3598 4263 3704 4325 οἶός
3773 4280 3821 4312 τε
3867 4263 3920 4309 ὢν

2359 4362 2384 4411 6
2430 4363 2625 4420 ταύτης
2672 4357 2799 4432 ἀνὴρ
2854 4361 3101 4420 τοιαύτης
3147 4357 3377 4427 συζύγου
3419 4352 3745 4425 διατμηθεὶς,
3779 4352 3921 4402 ἄποιν’

607 4458 747 4515 pore
760 4444 1002 4514 quidem
1035 4452 1236 4515 posset
1264 4446 1602 4511 extinguere
1618 4446 1799 4499 animi
1818 4445 2224 4515 aegritudinem

2360 4454 2480 4500 στὸν
2528 4467 2580 4500 τε
2632 4450 2689 4499 τὸ
2744 4446 2825 4498 ἐπὶ
2874 4449 3032 4519 ταύτῃ
3084 4445 3336 4507 σταλάζον
3386 4440 3638 4515 δάκρυον⁶
3685 4446 3769 4492 καὶ
3809 4432 3921 4509 μηδὲ

609 4532 839 4604 petiita
892 4535 1028 4595 Deo,
1076 4532 1181 4601 qui
1225 4538 1462 4586 noverat
1505 4533 1704 4596 telum,
1764 4533 1926 4603 quod
1980 4534 2108 4603 ejus
2150 4550 2251 4588 cor

612 4619 939 4683 sauciabat,
975 4624 1037 4673 ut
1070 4620 1170 4673 sibi
1206 4620 1588 4674 manifestum
1622 4619 1799 4685 ﬁeret,
1835 4636 1910 4675 an
1941 4621 2247 4676 Theodora

612 4710 879 4764 statuerit
934 4707 1117 4763 alium
1172 4711 1353 4762 virum
1410 4710 1594 4779 sequi.
1663 4711 1777 4762 Hoc
1829 4711 1989 4764 enim
2057 4711 2246 4781 suspin

611 4799 870 4863 cabatur,
914 4803 967 4853 et
1014 4804 1326 4870 propterea
1376 4797 1568 4865 major
1606 4795 1853 4852 ﬂamma
1898 4797 2092 4853 cordis
2132 4798 2251 4854 ale-

609 4886 807 4943 batur.

682 5064 772 5119 Vt.
806 5064 915 5133 Qui
948 5065 1209 5121 contritis
1235 5079 1375 5132 ergo
1423 5062 1692 5117 medetur
1748 5061 1966 5118 animis
2009 5064 2082 5118 ad
2112 5076 2250 5118 eum

614 5152 789 5206 mittit
844 5151 1145 5221 angelum,
1188 5153 1288 5224 qui
1345 5152 1476 5222 ejus
1534 5151 1884 5221 suspicionis
1938 5152 2257 5224 depelleret

617 5241 952 5293 molestiam
982 5256 995 5293 :
1027 5241 1080 5295 Si
1115 5241 1255 5295 velis
1283 5240 1576 5312 inquiens,
1605 5240 1802 5295 venire
1848 5240 1902 5293 in
1957 5243 2084 5309 ejus
2119 5257 2258 5295 con-

617 5331 908 5395 spectum,
924 5326 1011 5378 fac
1034 5335 1093 5381 ut
1110 5345 1282 5382 mane
1310 5344 1542 5397 surgas,
1560 5334 1615 5382 et
1630 5328 1817 5382 vadas
1830 5333 1992 5382 recta
2013 5330 2089 5383 ad
2106 5346 2258 5384 mar-

617 5411 837 5483 tyrium
896 5412 1045 5465 Petri
1100 5416 1375 5483 apostoli,
1407 5423 1464 5472 et
1513 5418 1777 5471 attendas
1834 5416 2060 5471 vultum
2124 5419 2253 5487 ejus

618 5498 718 5570 qui
746 5496 848 5553 tibi
876 5497 1070 5567 primo
1095 5506 1180 5553 est
1217 5518 1592 5571 occursurus,
1646 5511 1701 5560 et
1743 5510 1795 5561 te
1830 5506 2255 5577 contemplatu-

622 5602 743 5641 rus.
793 5584 887 5639 Sic
937 5582 1099 5643 enim
1147 5587 1264 5654 ﬁet,
1336 5599 1399 5650 ut
1450 5609 1831 5666 nequaquam
1888 5593 2184 5652 frustraris
2211 5610 2281 5658 eo

2356 4546 2427 4606 τῷ
2481 4541 2654 4608 χρόνῳ
2710 4532 2991 4605 δυνάμενος
3041 4534 3226 4586 σϐέσαι
3253 4537 3346 4591 τὴν
3380 4533 3627 4603 ἀθυμίαν,
3660 4533 3744 4581 τὸν
3774 4523 3923 4579 εἰδότα

2358 4627 2460 4677 οἷον
2492 4625 2629 4693 αύτῲ
2658 4628 2714 4676 τὸ
2766 4622 2909 4695 βέλος
2962 4623 3238 4694 ἐτίτρωσκε
3290 4626 3384 4679 τήν
3440 4616 3669 4692 καρδίαν
3715 4622 3815 4691 ᾔτει
3853 4616 3922 4665 τὸν

2358 4717 2485 4767 Θεὸν
2543 4717 2751 4785 φανερόν
2822 4713 2961 4781 αύτῷ
3014 4713 3274 4781 γενέσθαι,
3326 4709 3370 4761 εἰ
3442 4705 3699 4780 Θεοδώρα
3747 4706 3924 4779 προσεί-

2355 4803 2466 4854 λετο
2522 4799 2674 4872 ἀνδρὶ
2727 4801 2876 4873 ἑτέρῳ
2928 4800 3239 4852 ἀκολουθεῖν·
3296 4805 3448 4850 τοῦτο
3505 4800 3607 4871 γὰρ
3663 4797 3797 4865 αὐτῷ
3854 4794 3924 4842 καὶ

2358 4893 2723 4961 ὑπονοούμενον
2766 4887 2845 4954 ἧν,
2888 4894 2978 4941 καὶ
3011 4886 3104 4940 διὰ
3134 4896 3283 4940 τοῦτο
3312 4887 3501 4958 μείζων
3547 4889 3576 4944 ἡ
3625 4894 3715 4946 τῆς
3739 4878 3926 4955 καρδίας

2360 4979 2588 5052 ἐτρέφετο
2621 4978 2762 5049 φλόξ,

2450 5067 2548 5149 ς’.
2610 5066 2668 5118 Ὀ
2721 5072 2891 5117 τοίνυν
2939 5066 3149 5137 ἰώμενός
3177 5067 3270 5123 τὰς
3303 5068 3739 5136 συντετριμμένοις
3774 5060 3931 5129 ψυχὰς

2364 5154 2575 5225 ἄγγελον
2643 5155 2779 5224 αύτῴ
2837 5154 3109 5224 ἐπιπέμπει
3165 5157 3221 5203 τό
3276 5152 3508 5223 λυπηρὸν
3571 5161 3662 5211 τῆς
3716 5150 3931 5202 ὑπονοίας

2367 5240 2806 5305 διασκεδάζοντα·
2864 5242 2919 5294 Εἰ
2978 5240 3220 5313 βούλοιτο
3271 5237 3350 5307 δὲ,
3399 5245 3551 5312 φησὶ,
3586 5246 3678 5292 καὶ
3732 5238 3798 5298 εἰς
3837 5233 3933 5303 ὄψιν

2368 5334 2496 5404 αὐτῇ
2554 5331 2874 5403 προσελθεῖν,
2934 5329 3267 5403 ὁρθριώτερον
3327 5327 3619 5386 ἀναστῆναι
3675 5333 3761 5379 καὶ
3836 5323 3935 5375 εύθύ

2372 5417 2599 5493 βαδίσαι
2684 5427 2773 5469 τού
2837 5422 3126 5489 μαρτυρίου
3209 5422 3400 5489 Πέτρου
3477 5424 3569 5468 τοῦ
3650 5412 3936 5468 ἀπόστολον,

2370 5511 2649 5579 προσέχειν
2698 5524 2749 5557 τε
2791 5513 2849 5576 τῇ
2894 5505 3009 5574 ὄψει
3053 5512 3143 5555 τοῦ
3184 5509 3388 5576 πρώτου
3421 5504 3559 5574 αύτῷ
3616 5504 3938 5558 συναντήσον-

2371 5615 2452 5659 τος
2500 5599 2589 5647 καὶ
2648 5595 3171 5667 προσαγορεύσοντας.
3249 5594 3401 5645 Οὕτω
3451 5595 3577 5675 γὰρ,
3631 5590 3783 5657 εἶπεν,
3860 5585 3939 5639 οὐκ
