4142 6278
265 317 372 375 673

268 439 522 511 ἀποτεύξῃ
606 444 700 489 τοῦ
776 439 1114 507 ζητουμένου.

266 532 403 583 κατὰ
457 531 524 580 τά
575 526 930 600 ἐπηγγελμένα
977 532 1136 594 ποιεῖ,
1179 531 1269 576 καὶ
1338 529 1576 577 συνίασιν
1631 527 1869 587 ἀλλήλοις

271 618 667 692 ἀντιπρόσωπον
760 621 850 667 καὶ
915 615 1031 666 κατ’
1105 612 1416 685 ὀφθαλμούς.
1494 614 1646 667 Ἀλλά
1717 617 1869 666 πόθεν

273 706 332 759 ἂν
371 707 544 778 ἐκείνῳ
606 704 886 778 συμϐαλεῖν
937 708 1030 762 τὴν
1081 703 1337 775 όμόξυγον
1388 703 1535 774 εἶναι,
1592 700 1763 778 ἄνδρα
1815 707 1870 756 1'6

275 801 572 870 φαινόμενον
648 797 958 870 καθορῶντι,
1017 797 1107 844 καὶ
1162 791 1277 842 κατ’
1332 788 1530 864 ἄνδρας
1594 789 1874 865 ἐνδεδυμέ-

275 903 378 953 νον,
432 889 522 935 καὶ
580 883 746 944 ἄλλως
799 883 1024 942 ἐσθῆτος
1081 882 1240 938 οὔσης
1290 889 1609 951 μοναχικῆς,
1664 876 1771 938 ἠδη
1815 877 1872 932 δὲ

276 977 366 1025 καὶ
437 981 532 1033 τῆς
612 973 746 1042 ὧρας
823 970 1279 1043 ὑπομαρανθείσης
1337 968 1465 1039 αὐτῇ
1535 977 1595 1040 τῇ
1669 967 1872 1044 ἀμέτρῳ

278 1063 600 1132 κακοπαθείᾳ
657 1065 743 1111 καὶ
805 1068 877 1129 τῷ
924 1065 1116 1132 τραχεῖ
1159 1065 1254 1118 τῆς
1305 1057 1574 1118 ἀσκήσεως
1614 1075 1627 1124 ;
1676 1058 1870 1115 Ἐκείνη

279 1153 452 1222 μέντοι
505 1157 577 1219 τῷ
630 1153 781 1220 μόνον
846 1148 1002 1198 αὐτὸν
1061 1144 1210 1210 ἰδεῖν,
1265 1151 1355 1196 καὶ
1405 1151 1497 1203 τὴν
1565 1145 1683 1216 ὄψιν
1739 1147 1869 1218 αὐτῇ

281 1240 514 1310 μηνύσαι
565 1244 646 1297 τίς
697 1238 722 1288 ό
777 1234 1088 1308 βλεπομενος
1136 1234 1325 1304 (ἔσωζε
1364 1237 1464 1308 γὰρ
1516 1236 1541 1284 ό
1592 1240 1872 1307 χαρακτὴρ

280 1325 473 1378 ἐκείνου
529 1325 822 1396 ἀτρέστατα
867 1327 934 1375 τὰ
974 1323 1353 1394 γνωρίσματα),
1405 1320 1691 1394 ἀνάμνησιν
1731 1322 1876 1384 εὐθὺς

279 1413 528 1485 ἐλάμϐανε
585 1421 676 1464 τοῦ
732 1413 800 1473 εἰς
853 1413 1007 1463 αὐτόν
1062 1411 1276 1484 φίλτρου
1329 1417 1418 1463 καὶ
1480 1412 1873 1483 ἁμαρτήματος,

278 1509 369 1554 καὶ
424 1506 490 1554 Οἵ
540 1521 632 1574 μοι
686 1501 698 1554 !
750 1503 890 1573 ἄνερ,
952 1499 1328 1552 ἀνακλαύσασα
1395 1497 1550 1564 εἶπεν,
1605 1500 1677 1560 εὶς
1734 1501 1874 1560 οῐους

281 1597 464 1651 πόνους
541 1587 813 1642 ἐκδέδωκα
890 1587 1118 1660 ἐμαυτὴν
1196 1592 1466 1660 θεραπείαν
1516 1592 1868 1659 μηχανωμένη

279 1687 372 1731 τού
422 1685 547 1753 πρὸς
597 1683 654 1730 σε
706 1679 1019 1749 σφάλματος,
1073 1681 1161 1728 καὶ
1193 1674 1450 1750 δάκρυσιν
1481 1676 1638 1727 ἐκεῖνο
1667 1676 1873 1735 πολλοῖς

1293 309 1463 369 VITA
1499 312 1562 371 S.
1600 310 2013 372 THEODORE
2047 312 2607 378 ALEXANDRINE.

1194 433 1450 487 Ἤκουσεν
1515 434 1718 502 ἐκεῖνος,
1776 442 1864 489 καὶ

1992 437 2138 508 111611
2167 437 2408 508 quaeris.
2439 439 2674 494 Audivit
2700 438 2813 507 ille,
2848 447 2904 494 et
2939 439 3073 495 fecit
3104 440 3253 496 sicut
3267 443 3474 512 jussus
3500 443 3620 500 fue-

3513 322 3619 376 674

1976 531 2084 578 rat.
2131 523 2194 579 Et
2223 525 2586 580 conveniunt
2613 526 2876 581 adversis
2919 528 3238 596 frontibus,
3265 534 3323 584 et
3361 547 3425 586 se
3472 531 3623 586 invi-

1977 627 2107 666 cem
2137 612 2533 684 aspicientes;
2575 615 2679 668 sed
2716 617 3019 671 undenam
3064 623 3268 688 posset
3311 619 3405 674 1116
3438 621 3620 690 conji-

1979 715 2109 755 cere
2147 717 2280 755 cam
2315 717 2446 756 esse
2489 719 2657 758 suam
2689 705 3032 774 conjugem,
3073 721 3212 760 cum
3244 707 3302 763 id
3356 710 3521 778 quod
3572 707 3626 763 ei

1981 789 2312 860 apparebat
2349 791 2568 846 videret
2587 807 2719 846 esse
2746 793 2959 855 virum.
3002 801 3060 848 et
3091 795 3239 849 virili
3267 805 3424 850 veste
3455 796 3628 851 indu-

1981 884 2129 941 tum,
2160 877 2417 933 maxime
2447 895 2578 934 cum
2617 884 2790 934 vestis
2837 890 2992 936 esset
3034 885 3389 953 monastica,
3419 892 3474 938 et
3498 886 3626 955 jam

1981 969 2033 1021 ei
2063 968 2444 1021 emarcuisset
2486 967 2716 1038 species
2749 968 3076 1024 immodica
3106 968 3421 1026 afﬂictione
3452 979 3507 1027 et
3537 989 3630 1027 as-

1983 1059 2229 1127 peritate
2241 1055 2702 1112 exercitationis?
2718 1057 2819 1111 illa
2831 1066 3031 1112 autem
3045 1075 3183 1113 cum
3197 1075 3333 1114 eum
3346 1062 3539 1116 solum
3554 1063 3628 1116 vi-

1983 1145 2185 1207 disset,
2219 1148 2276 1198 et
2303 1145 2354 1198 ei
2384 1145 2667 1200 indicaret
2692 1146 2912 1211 vultus,
2935 1149 3212 1217 quisnam
3243 1154 3397 1204 esset
3419 1150 3520 1220 qui
3553 1153 3628 1205 vi-

1983 1232 2234 1286 debatur
2285 1233 2583 1303 (servabat
2624 1235 2782 1288 enim
2813 1235 2968 1288 illius
3014 1237 3208 1303 figura
3250 1235 3471 1292 indicia
3521 1238 3630 1293 im-

1985 1319 2335 1389 mutabilia),
2363 1322 2673 1376 recordata
2691 1330 2777 1376 est
2803 1323 3072 1392 protinus
3104 1324 3196 1377 sui
3220 1324 3280 1378 in
3303 1340 3439 1378 eum
3466 1341 3630 1382 amo-

1981 1412 2060 1464 ris
2091 1416 2146 1464 et
2169 1411 2416 1480 peccati,
2447 1417 2523 1475 et,
2545 1413 2640 1465 Hei
2672 1411 2839 1476 1111111,
2876 1428 2911 1466 o
2932 1415 3157 1481 marite,
3173 1413 3324 1467 ﬂens
3344 1415 3630 1470 ethumili

1980 1513 2126 1552 voce
2163 1497 2330 1560 dixit,
2367 1497 2444 1553 ad
2487 1504 2748 1569 quantos
2789 1517 2882 1555 1116
2929 1501 3164 1556 labores
3208 1502 3441 1568 tradidi,
3481 1504 3625 1559 dum

1983 1587 2097 1640 mei
2121 1587 2181 1639 in
2211 1589 2266 1640 te
2293 1586 2488 1640 delicti
2515 1603 2721 1658 quaero
2749 1589 3131 1655 medicinam,
3164 1596 3221 1644 et.
3249 1591 3462 1646 studeo
3482 1592 3632 1646 mul-

1984 1673 2054 1728 tis
2082 1674 2226 1728 illud
2247 1674 2440 1729 delere
2464 1675 2778 1746 lacrymisl
2809 1679 2875 1732 Et
2899 1694 3036 1732 cum
3059 1679 3110 1732 ei
3129 1678 3332 1734 fuisset
3358 1683 3627 1751 propius,

283 1767 556 1838 ἀναλεῖψαι
605 1763 1006 1826 σπουδάζουσα.
1071 1771 1170 1818 Καὶ
1224 1761 1292 1822 δή
1343 1770 1432 1816 καὶ
1466 1765 1686 1822 πλησίον
1714 1768 1872 1816 αὐτοῦ

1992 1768 2042 1818 et
2077 1764 2150 1831 ei,
2181 1761 2376 1828 Salve,
2407 1763 2651 1818 dixisset
2676 1781 2862 1836 quam
2903 1767 3165 1837 primum
3198 1768 3492 1838 praeteriit.
3533 1769 3629 1824 1116

282 1861 546 1928 γενομένη,
603 1862 765 1927 Χαῖρε
828 1874 883 1906 τε
925 1855 1064 1924 αύτῴ
1111 1858 1563 1926 προσφωνήσασα,
1605 1857 1663 1904 τὸ
1713 1856 1874 1924 τάχος

287 1943 726 2018 ἀντιπαρίῳχετο.
777 1943 836 1994 Ὁ
868 1939 926 1994 δὲ
973 1950 1031 2014 τῇ
1080 1944 1235 2014 ὁμοίᾳ
1419 1947 1504 1994 καὶ
1551 1943 1702 2002 αὐτὸς
1743 1941 1876 1993 ἀντι-

285 2037 662 2105 προσαγορεύει
694 2040 857 2104 φωνῇ.
906 2032 1146 2104 Παρῆλθε
1195 2029 1253 2082 δὴ
1304 2039 1402 2082 τῶν
1429 2032 1687 2106 ῥηθέντων
1735 2031 1876 2103 αὐτῷ

289 2127 413 2194 πρὸς
440 2130 533 2173 τοῦ
562 2121 778 2192 ἀγγέλου
804 2122 1037 2192 καθάπερ
1069 2119 1448 2192 ἐπιλαθόμενος,
1480 2123 1545 2180 ὡς
1567 2128 1628 2192 τῇ
1662 2119 1878 2192 μεταϐο-

286 2209 346 2282 λῇ
374 2229 429 2261 τε
453 2218 545 2261 τοῦ
568 2214 848 2281 σχήματος
872 2215 962 2262 καὶ
988 2218 1060 2279 τῷ
1083 2209 1306 2284 ἀνομοίῳ
1327 2217 1421 2272 τῆς
1442 2209 1603 2282 ὄψεως
1631 2213 1688 2261 τὸ
1711 2212 1880 2284 παρά-

282 2317 384 2350 παν
414 2298 720 2360 ἀπατηθείς.

353 2397 428 2451 Z’.
487 2396 654 2468 non;
727 2392 814 2447 οὖν
871 2403 932 2467 τῇ
997 2396 1199 2467 ἀθυμίᾳ
1254 2395 1568 2468 βαλλόμενος
1621 2398 1706 2448 οἶα
1763 2393 1879 2448 δια-

280 2484 488 2558 ψευθεὶς
516 2490 610 2544 τὴν
661 2484 988 2557 ἐπαγγελίαν,
1016 2489 1179 2536 Ἵνατί
1207 2503 1289 2556 με,
1325 2481 1578 2550 δέσποτα,
1609 2482 1870 2558 παριδὼν,

282 2573 439 2646 ἔλεγε,
513 2579 586 2647 μὴ
664 2573 730 2635 εἰς
803 2574 945 2636 τέλος
1022 2575 1086 2626 τὰ
1132 2573 1480 2645 ἐπηγγελμένα
1521 2579 1868 2646 προήγαγες;

283 2661 418 2714 Ἀλλ’
449 2660 601 2724 αὖθις
630 2664 655 2714 ό
695 2667 866 2736 φανείς
914 2663 1054 2733 αύτῷ
1103 2667 1393 2734 παραστὰς,
1437 2662 1547 2714 Ούκ
1576 2663 1872 2727 ὴπάτησαι,

283 2748 436 2806 εἶπεν.
486 2752 544 2805 Ὀ
574 2759 636 2823 τῇ
685 2756 966 2826 προτεραίᾳ
1006 2756 1106 2825 γὰρ
1155 2757 1478 2812 συναντήσας
1522 2771 1606 2804 σοι
1644 2757 1874 2823 μοναχὸς

283 2846 372 2892 καὶ
426 2844 588 2913 Χαῖρε
637 2858 722 2891 σοι
766 2846 1083 2912 προσειπὼν,
1138 2839 1292 2900 αὐτὸς
1337 2836 1418 2903 ἦν,
1468 2841 1654 2900 ἐκεῖνος
1699 2840 1870 2904 αὐτος,

285 2931 409 2989 ἣσοι
460 2924 763 2987 σπουδαίως
819 2926 1142 2989 ἐπιζητεῖται
1193 2931 1344 2996 γυνή.
1422 2927 1527 2978 Καὶ
1605 2927 1740 2977 οὕτω
1786 2930 1874 2996 μὲν

291 3016 433 3086 αὐτῷ
489 3019 554 3067 τὰ
600 3021 694 3074 τῆς
737 3016 975 3073 ὑπονοίας
1019 3013 1207 3077 ὶλύετο,
1256 3017 1314 3064 1'6
1369 3018 1440 3084 μὴ
1491 3013 1642 3084 ἑτέρῳ
1685 3016 1878 3070 ταύτην

1985 1859 2184 1907 61116111
2211 1868 2342 1906 66111
2372 1867 2613 1924 quoque
2634 1854 2807 1908 simili
2849 1870 2991 1910 voce
3017 1857 3386 1914 resalutavrt.
3425 1856 3633 1913 Praete-

1987 1941 2079 1995 riit
2117 1948 2318 1995 autem
2368 1942 2543 1995 veluti
2591 1943 2809 1997 oblitus
2857 1959 3064 1998 eorum
3111 1960 3248 2015 quae
3298 1948 3350 1999 ei
3401 1947 3632 2001 dixerat

1988 2029 2251 2100 angelus,
2283 2029 2691 2101 1111161118111ω
2712 2034 3039 2086 mutatione
3069 2040 3126 2087 et
3155 2031 3350 2088 vultus
3377 2034 3633 2088 dissimi-

1986 2117 2235 2172 litudine
2259 2116 2461 2172 fuisset
2479 2132 2726 2174 omnino
2751 2120 3056 2190 deceptus.

2061 2385 2172 2440 Vll.
2221 2383 2396 2440 Multa
2422 2384 2622 2456 itaque
2653 2383 2906 2440 aﬁlictus
2947 2386 3128 2440 animi
3165 2385 3534 2454 aegritudine,
3573 2392 3634 2443 ut

1987 2473 2086 2544 qui
2099 2474 2412 2528 frustratus
2425 2474 2630 2527 fuisset
2651 2473 3044 2544 promissione
3063 2491 3076 2529 :
3094 2478 3207 2530 Cur
3227 2491 3339 2544 me,
3361 2476 3628 2541 Domine,

1986 2563 2346 2632 despiciens,
2368 2563 2625 2628 dicebat,
2645 2579 2764 2617 non
2782 2564 3074 2618 deduxisti
3100 2566 3177 2620 ad
3193 2567 3373 2623 finem
3400 2584 3473 2622 ea
3497 2582 3632 2637 quae

1985 2653 2280 2722 promissa
2310 2650 2580 2705 fuerant?
2610 2652 2727 2705 Sed
2766 2667 2972 2706 rursus
3017 2655 3304 2709 accedens
3335 2656 3405 2722 is,
3448 2657 3552 2727 qui
3581 2653 3634 2709 ei

1983 2746 2391 2810 apparuerat:
2422 2742 2550 2794 Non
2577 2740 2735 2795 fuisti
2779 2741 3086 2811 deceptus,
3139 2743 3304 2798 dixit.
3337 2748 3482 2801 Nam
3527 2743 3633 2816 qui

1989 2828 2085 2882 tibi
2114 2830 2299 2898 pridie
2329 2832 2586 2884 occurrit
2605 2832 2961 2898 monachus,
2987 2839 3043 2886 et
3063 2832 3207 2887 dixit
3235 2833 3561 2902 tibi,Salve,
3585 2833 3634 2888 is

1987 2926 2114 2986 ipse
2135 2922 2262 2970 erat
2281 2916 2381 2970 illa
2402 2923 2501 2971 tua
2517 2918 2755 2986 conjux,
2777 2933 2911 2988 quae
2925 2935 2960 2973 a
2982 2925 3035 2974 te
3049 2920 3309 2976 studiose
3327 2922 3634 2992 quaeritur.

1989 3008 2057 3061 Et
2098 3007 2180 3060 sic
2207 3006 2453 3076 quidem
2499 3006 2691 3061 soluta
2720 3008 2774 3061 ei
2799 3009 2909 3062 fuit
2952 3010 3230 3079 suspicio,
3264 3012 3424 3082 quod
3461 3028 3532 3066 ea
3556 3011 3635 3066 ad

295 3099 450 3176 ἀνδρὶ
499 3101 796 3175 προσελθεῖν
861 3104 981 3174 ὅπερ
1036 3104 1064 3160 ἡ
1143 3110 1243 3153 τῶν
1311 3110 1614 3173 μοναχικών
1681 3100 1879 3172 ἀμφίων

1992 3097 2241 3151 alterum
2271 3094 2465 3149 virum
2497 3110 2617 3149 non
2660 3097 3009 3152 accessisset
3039 3112 3052 3150 :
3085 3099 3250 3168 quod
3281 3099 3528 3170 quidem
3557 3100 3637 3154 si-

295 3188 484 3249 έδηλου
563 3191 830 3264 περιϐολή.
902 3189 1081 3262 Ἔμενε
1143 3187 1194 3242 δ’
1246 3187 1333 3242 οὖν
1390 3190 1524 3241 οὕτω
1575 3189 1882 3262 περιαλγῶν,

293 3284 383 3331 καὶ
427 3286 488 3350 τῇ
536 3287 630 3340 τῆς
681 3279 941 3350 ὁμοζύγου
1002 3283 1244 3351 στερήσει
1287 3275 1666 3350 διακαιόμενος.
1717 3277 1775 3330 Ἡ
1827 3275 1886 3330 δὲ

290 3373 528 3442 μακαρία
594 3365 864 3441 Θεοδώρα,
940 3371 998 3420 τὸ
1073 3372 1204 3442 πρὸς
1281 3371 1468 3442 Κύριον
1529 3369 1883 3442 φιλάνθρωπον

289 3458 438 3510 πλέον
486 3457 806 3523 ἑξάπτουσα,
842 3457 930 3510 ἅτε
975 3463 1064 3508 καὶ
1111 3465 1207 3519 τῆς
1239 3457 1398 3509 αὐτου
1427 3457 1744 3528 γλυκύτητος
1773 3453 1880 3515 ἤδη

287 3550 603 3618 γευσαμένη,
663 3552 753 3598 καὶ
813 3547 1050 3619 μείζοσιν
1121 3545 1318 3618 ἀγῶσιν
1398 3547 1584 3605 ἑαυτὴν
1651 3546 1882 3618 ἐμϐαλεῖν

285 3637 552 3710 πρόθυμος
599 3631 683 3701 ἦν,
729 3641 818 3687 καὶ
862 3635 1023 3699 ἅπαξ,
1067 3643 1160 3695 τῆς
1198 3638 1395 3710 ἡμέρας
1425 3635 1613 3687 ἐσθίειν
1643 3639 1700 3686 τό
1735 3645 1886 3707 σῶμα

287 3721 643 3795 ἐπαιδαγώγει
700 3745 713 3757 ·
773 3727 951 3776 ἔπειτα
1005 3732 1109 3784 τοῖς
1160 3731 1331 3786 πόνοις
1385 3726 1679 3796 προσθεῖσα
1751 3727 1886 3776 κατά

288 3810 409 3878 δύο,
465 3817 530 3865 τά
611 3819 758 3866 σιτία
820 3821 1060 3886 παρεῖχε,
1123 3820 1211 3866 καὶ
1269 3814 1404 3866 ούτω
1459 3813 1728 3885 κατολίγον
1779 3821 1884 3874 τοῖς

287 3904 694 3976 έπιπονωτέροις
771 3901 1186 3975 προσϐαίνουσα,
1269 3910 1358 3956 καὶ
1434 3904 1501 3963 εἰς
1561 3903 1663 3966 ἕξιν
1719 3905 1883 3976 ἄκρας

289 3994 596 4064 ἐγκρατείας
644 3991 868 4044 ἐλθοῦσα
949 4001 1077 4044 κινεῖ
1156 3997 1284 4067 πρὸς
1352 3995 1549 4045 ἱκεσίαν
1601 3996 1716 4052 τοὺς
1768 4012 1886 4044 συν-

291 4085 645 4153 ασκουμένους
722 4081 852 4154 αὐτῇ
935 4086 1220 4154 μοναχοὺς,
1277 4084 1560 4155 ἐπιτροπήν
1612 4089 1702 4133 τοῦ
1756 4101 1884 4154 προ-

293 4178 518 4229 εστώτος
569 4169 760 4235 λαϐεῖν,
807 4170 1082 4244 ἀρκεῖσθαι
1125 4169 1198 4223 δι’
1230 4169 1525 4243 ἑϐδομάδος
1561 4178 1882 4245 προσαγωγῇ

291 4267 388 4319 τῆς
419 4268 628 4331 τροφῆς.
677 4259 831 4312 Ἀλλά
872 4265 961 4311 καὶ
994 4263 1179 4313 τούτου
1209 4269 1344 4313 κατα
1387 4266 1597 4331 γνώμην
1642 4266 1889 4328 τυχοῦσα

291 4352 427 4422 πρὸς
484 4349 655 4422 ἑτέραν
731 4346 915 4402 ἀπείὃε
990 4347 1192 4412 δέησιν,
1268 4353 1526 4417 τριχίνοις
1601 4345 1886 4418 ἐνδύμασιν

1993 3182 2317 3254 gniﬁcabat
2352 3182 2601 3236 amictus
2627 3187 3091 3240 monasticarum
3124 3187 3396 3242 vestium.
3430 3188 3528 3242 1116
3555 3193 3638 3244 16-

1991 3287 2130 3328 men
2159 3271 2441 3340 deinceps
2468 3271 2747 3324 manebat
2777 3272 2977 3327 dolore
2995 3273 3236 3328 affectus
3259 3283 3314 3328 et
3343 3277 3637 3332 cruciatus

1993 3365 2234 3432 pr0pter
2257 3358 2651 3430 privationem
2681 3358 2976 3428 conjugis.
3007 3361 3190 3416 Beata
3220 3369 3419 3418 autem
3456 3365 3640 3419 Theo-

1990 3449 2140 3504 dora
2178 3462 2383 3504 amore
2424 3446 2658 3502 Domini
2699 3448 2890 3516 magis
2927 3464 3198 3516 accensa,
3243 3458 3303 3506 ut
3340 3469 3475 3524 quae
3511 3454 3638 3523 jam

1991 3544 2256 3612 gustarat
2283 3536 2413 3607 ejus
2452 3539 2828 3601 suavitatem,
2876 3543 2933 3592 et
2962 3545 3174 3609 parata
3211 3546 3335 3595 erat
3378 3543 3640 3612 seipsam

1990 3629 2051 3683 in
2080 3627 2316 3697 majora
2337 3625 2628 3695 conjicere
2658 3626 3007 3692 certamina,
3038 3634 3094 3683 et
3139 3630 3320 3684 semel
3346 3629 3403 3683 in
3428 3631 3524 3684 die
3545 3646 3638 3685 co-

1993 3717 2260 3779 medens,
2295 3729 2515 3784 corpus
2535 3713 2899 3785 castigabat;
2931 3717 3148 3772 deinde
3169 3718 3642 3786 adjicienslabo-

1991 3805 2177 3868 ribus,
2209 3805 2470 3857 secundo
2498 3817 2740 3873 quoque
2765 3804 2860 3858 die
2890 3804 3092 3858 cibum
3119 3805 3392 3861 sumebat
3421 3822 3436 3872 ;
3474 3813 3530 3861 et
3558 3807 3642 3861 sic

1993 3893 2282 3963 paulatim
2319 3891 2677 3960 aggrediens
2715 3893 2909 3959 magis
2933 3893 3252 3956 laboriosa,
3276 3910 3413 3948 cum
3433 3908 3641 3966 perve-

1992 3982 2181 4036 nisset
2204 3982 2281 4035 ad
2305 3981 2574 4035 habitum
2604 3996 2858 4035 summie
2884 3982 3268 4047 abstinentiae,
3295 3991 3496 4039 monet
3518 3999 3644 4039 mo-

1994 4072 2245 4133 nachos,
2271 4069 2375 4140 qui
2405 4085 2543 4123 cum
2588 4084 2659 4123 ea
2700 4071 3143 4136 exercebantur,
3197 4080 3257 4126 ut
3295 4087 3332 4126 a
3371 4073 3644 4143 praefecto

1995 4164 2258 4230 peterent
2279 4159 2332 4210 ei
2353 4157 2628 4227 permitti,
2663 4163 2724 4211 ut
2749 4158 2947 4212 cibum
2977 4159 3160 4212 semel
3192 4167 3422 4214 tantum
3450 4177 3648 4215 sume-

1996 4253 2082 4300 ret
2108 4245 2168 4298 in
2210 4243 2610 4299 bebdomada.
2645 4244 2759 4298 Sed
2801 4261 2940 4298 cum
2965 4245 3026 4299 id
3057 4262 3300 4318 quoque
3346 4255 3520 4314 esset,
3580 4254 3644 4305 ut

1996 4332 2252 4400 volebat,
2284 4338 2626 4396 consecuta,
2659 4330 2738 4385 ad
2767 4331 3014 4388 alteram
3036 4337 3266 4404 aspexit
3277 4337 3642 4406 petitionem,

293 4421 572 4510 ἐπιτρίψαι
599 4441 658 4488 1'6
705 4446 875 4507 σῶμα,
923 4439 1094 4508 ὥσπερ
1141 4438 1431 4508 ἀμυνομένη
1477 4439 1569 4493 τὴν
1613 4435 1879 4496 πλήξασα1ι

1996 4437 2214 4493 nempe
2237 4425 2296 4476 ut
2325 4435 2541 4491 corpus
2557 4421 3110 4488 contereretcilicio,
3135 4423 3314 4478 veluti
3352 4424 3643 4481 ulciscens

294 4520 516 4581 ἡδονήν.
581 4525 740 4576 Οὔπω
811 4527 912 4598 γὰρ
991 4522 1114 4576 οὐδὲ
1168 4527 1300 4596 μετὰ
1349 4525 1629 4583 τοσούτους
1687 4522 1888 4594 ἀγῶνας

295 4612 464 4669 λήθην
534 4609 761 4670 ἠδύνατο
821 4619 914 4674 τῆς
991 4612 1194 4684 πληγῆς
1273 4611 1464 4674 ἔκείνης
1534 4612 1720 4679 λαϐεῖν,
1783 4613 1889 4666 ἀλλ’

297 4701 491 4771 ἔμεινεν
519 4698 595 4752 ἀεὶ
625 4707 686 4770 τῇ
732 4703 1007 4775 προσθήκῃ
1042 4710 1140 4754 τῶν
1171 4701 1443 4770 ἐπιπόνων,
1472 4705 1557 4753 τὸν
1597 4700 1891 4775 βεϐληκότα

299 4786 594 4860 βάλλουσα,
639 4794 728 4841 καὶ
773 4790 942 4861 πολλῷ
973 4791 1186 4863 μείζονα
1229 4797 1314 4850 τὴν
1363 4791 1627 4863 αἰσχύνην
1668 4793 1730 4854 ἧς
1756 4797 1887 4851 αὐτὴ

296 4879 548 4930 πέπονθεν
579 4877 748 4950 ἐκείνῳ
772 4881 1111 4952 περιτιθείσα,
1141 4886 1270 4952 γυνὴ
1289 4885 1374 4932 τὸν
1402 4885 1491 4933 καὶ
1512 4881 1728 4943 πολλοὺς
1748 4887 1892 4940 νικὴ-

298 4985 472 5019 σαντα
517 4975 616 5018 τῶν
647 4963 846 5041 ἀνδρῶν
876 4975 962 5022 καὶ
996 4972 1167 5044 σάρκα
1217 4979 1450 5044 φοροῦσα
1495 4974 1579 5023 τὸν
1611 4969 1889 5043 ἀσώματον

293 5061 649 5129 τροπουμένη.

376 5232 453 5288 Η’.
488 5232 599 5287 Ἵνα
645 5230 704 5286 δὲ
751 5239 840 5287 καὶ
895 5237 921 5287 ό
973 5235 1130 5298 πολὺς
1175 5236 1225 5287 ἐν
1274 5235 1397 5288 έλέει
1453 5240 1577 5298 Θεὸς
1629 5233 1888 5310 δοξασθῇ,

289 5327 394 5378 καὶ
489 5325 519 5380 ἡ
605 5322 794 5384 έκείνης
870 5322 1289 5397 ἀξιοθαύμαστος
1389 5324 1562 5397 ἀγωγὴ
1638 5332 1892 5398 γνώριμος

287 5419 564 5484 καταστῇ,
623 5414 1098 5486 θαυματουργεῖταί
1177 5433 1229 5466 τι
1303 5422 1533 5466 τοιοῦτον
1598 5414 1750 5486 λόγου
1804 5419 1892 5467 καὶ

290 5507 518 5578 μνήμης
565 5501 729 5565 ἄξιον.
785 5506 956 5576 Λίμνη
1006 5510 1100 5565 τῆς
1163 5511 1326 5575 μονῆς
1376 5504 1613 5576 ὑπῆρχεν
1873 5520 1887 5536 .

290 5594 472 5668 ταύτῃ
520 5589 848 5666 κροκόδειλος
917 5591 1306 5670 ἕμφιλοχωρῶν,
1361 5592 1400 5667 ᾧ
1452 5592 1510 5646 ἂν
1568 5594 1779 5668 ἐντύχοι
1821 5603 1882 5668 τῇ

1997 4528 2151 4577 eam,
2181 4525 2313 4582 quae
2354 4512 2553 4586 ipsam
2585 4510 2900 4575 sauciarat,
2939 4511 3320 4583 voluptatem.
3368 4514 3644 4570 Nondum

1997 4600 2156 4657 enim
2183 4615 2291 4654 nec
2321 4601 2457 4670 post
2493 4603 2616 4653 tam
2646 4597 2834 4654 multa
2855 4599 3099 4670 quidem
3129 4602 3456 4658 certamina
3485 4609 3648 4674 pote~

1997 4697 2086 4746 rat
2110 4705 2244 4745 eam
2274 4703 2489 4758 capere
2501 4686 2725 4742 oblivio
2739 4687 2890 4742 illius
2913 4689 3122 4758 plagae,
3138 4692 3239 4745 sed
3261 4707 3496 4762 semper
3517 4708 3646 4763 per-

1997 4783 2192 4851 gebat,
2225 4778 2561 4848 adjiciendo
2585 4778 2841 4843 labores,
2861 4777 3026 4832 ferire
3043 4795 3182 4834 eum
3208 4780 3311 4850 qui
3336 4796 3648 4851 percusse-

1998 4875 2175 4937 rat,et
2206 4869 2259 4923 ei
2306 4869 2596 4938 majorem
2648 4869 2882 4921 inurere
2919 4867 3310 4936 ignominiam
3340 4886 3412 4925 ea
3453 4887 3642 4942 quam

1999 4975 2182 5032 passa
2208 4957 2417 5023 fuerat,
2440 4956 2664 5012 femina
2681 4973 2822 5010 eum
2840 4957 2942 5027 qui
2969 4958 3188 5012 multos
3219 4963 3377 5013 viros
3406 4960 3642 5026 vicerat,

1999 5055 2056 5106 et
2079 5063 2319 5104 carnem
2345 5054 2606 5115 gestans,
2633 5060 2773 5100 eum
2793 5044 3047 5100 fundens
3079 5062 3148 5101 ac
3171 5047 3514 5117 proﬂigans,
3539 5050 3649 5119 qui

2000 5144 2126 5196 erat
2147 5139 2551 5208 incorporeus.

2074 5230 2211 5283 Vlll.
2279 5227 2350 5283 Ut
2405 5232 2603 5283 autem
2680 5222 3104 5294 gloriﬁcaretur
3165 5225 3340 5295 Deus,
3390 5227 3494 5299 qui
3561 5233 3652 5284 est

2001 5334 2261 5389 magnus
2295 5321 2351 5372 61
2405 5314 2678 5386 copiosus
2720 5315 2782 5366 in
2839 5311 3262 5380 misericordia,
3316 5320 3372 5370 et
3429 5333 3652 5388 cogno-

2001 5415 2260 5466 sceretur
2287 5405 2445 5461 illius
2477 5405 2596 5460 vita
2623 5401 3006 5469 admirabilis,
3035 5404 3098 5458 fit
3126 5404 3236 5460 tale
3267 5405 3647 5473 miraculum,

2000 5501 2252 5570 dignum
2293 5494 2459 5568 quod
2505 5491 2793 5550 scribatur
2839 5496 2895 5548 et
2943 5493 3264 5550 mandetur
3318 5495 3646 5552 memorias.

2003 5594 2136 5649 Erat
2189 5587 2434 5661 quidam
2486 5583 2650 5642 lacus
2703 5598 2887 5658 prope
2948 5584 3398 5642 monasterium.
3463 5587 3527 5640 111
3578 5599 3650 5640 66
