4142 6278
554 344 679 410 ενδ

575 480 851 536 habitans
905 474 1254 537 crocodilus,
1312 472 1375 527 in
1444 484 1858 542 quemcunque
1921 469 2221 525 incidisset

2330 466 2481 540 λίμνη
2563 463 2948 539 παραϐάλλοντι

575 566 881 623 hominem
912 565 999 620 vel
1050 564 1323 629 bestiam,
1357 575 1460 614 seu
1503 574 1747 630 parvam
1779 573 1882 611 seu
1912 573 2220 627 magnam,

576 668 712 711 eam
763 655 1034 726 protinus
1088 650 1393 707 exedebat.
1468 649 1540 702 lis
1603 647 1821 717 itaque,
1876 650 1975 717 qui
2032 648 2090 701 in
2154 662 2224 701 ea

576 745 815 815 regione
853 740 1225 805 habitabant,
1272 744 1395 793 erat
1447 736 1676 792 malum
1732 736 1882 791 adeo
1943 735 2219 803 terribile,

576 837 640 886 ut
689 832 813 902 ipse
860 829 1175 900 praefectus
1224 827 1477 882 civitatis
1530 826 1680 896 (erat
1732 830 1931 880 autem
1986 824 2083 879 hic
2130 823 2225 878 ille

577 919 914 989 Gregorius,
1000 933 1180 988 quem
1251 932 1381 987 quas
1480 918 1783 985 praecessit
1869 912 2225 983 signiﬁcavit

579 1009 792 1079 oratio)
829 1007 890 1062 in
938 1021 1007 1062 eo
1046 1006 1176 1060 loco
1221 1003 1492 1059 statuerit
1544 1002 1759 1058 milites
1809 1002 1887 1057 ad
1936 1001 2228 1057 arcendos

579 1113 680 1153 eos
753 1096 857 1167 qui
906 1093 1038 1150 illac
1114 1093 1468 1149 transibant.
1509 1092 1657 1146 Cum
1744 1105 1884 1159 ergo
1968 1088 2229 1144 scivisset

577 1184 886 1257 prasiectus
898 1182 1261 1247 monasterii,
1285 1179 1481 1250 qualis
1495 1184 1647 1234 esset
1679 1178 1802 1234 vita
1826 1177 2230 1241 Theodorae,et

578 1273 743 1345 quod
799 1287 980 1342 prope
1035 1268 1287 1325 conferri
1336 1272 1540 1339 posset
1594 1282 1733 1321 cum
1785 1266 1929 1336 ipsis
1982 1265 2224 1334 angelis,

576 1367 635 1416 et
675 1359 840 1432 quod
896 1375 1018 1413 non
1073 1364 1222 1412 esset
1273 1372 1484 1427 expers
1555 1355 1769 1409 divinae
1818 1355 2040 1424 gratiae,
2091 1368 2227 1407 eam

581 1448 882 1506 accersivit
906 1448 1034 1503 etei
1074 1447 1218 1502 dixit
1246 1463 1260 1501 :
1294 1445 1419 1509 Fili,
1462 1444 1788 1510 Theodore,
1820 1443 1956 1499 tolle
1985 1458 2227 1510 urnam,

580 1544 637 1593 et
665 1553 920 1609 propera
972 1535 1143 1591 nobis
1194 1550 1417 1607 aquam
1448 1531 1657 1588 aﬂ’erre
1687 1549 1759 1587 ex
1788 1533 1902 1588 hoc
1944 1532 2096 1588 lacu.
2125 1530 2228 1586 Illa

580 1632 780 1683 autem
812 1642 883 1680 ex
913 1623 1240 1689 apostolico
1270 1627 1561 1693 praecepto
1609 1623 1798 1676 sciens
1842 1637 1969 1676 esse
2019 1636 2228 1692 paren-

580 1715 724 1769 dum
764 1714 836 1768 iis
868 1713 968 1783 qui
999 1718 1282 1783 praesunt,
1324 1710 1595 1781 implevit
1622 1710 1788 1782 quod
1815 1710 1988 1780 jussa
2014 1709 2223 1763 fuerat.

579 1805 647 1858 Et
674 1802 872 1857 multis
906 1801 1253 1871 jubentibus
1284 1799 1444 1854 illam
1475 1800 1659 1853 eloco
1702 1799 2005 1865 excedere,
2032 1797 2079 1851 si
2107 1813 2228 1852 non
2258 1821 2301 1876 Β

577 1897 829 1946 mortem
857 1895 1095 1960 cuperet
1133 1888 1528 1958 apertissime,
1556 1887 1657 1943 illa
1689 1892 1889 1942 tamen
1923 1886 2072 1942 freta
2108 1885 2227 1940 ﬁde

576 1980 640 2034 in
670 1982 876 2043 Deum,
906 1984 962 2032 et
997 1990 1288 2048 peragens
1316 1992 1468 2047 opus
1503 1975 1872 2042 obedientisa,
1899 1991 2035 2046 quae
2066 1975 2231 2030 novit

579 2067 759 2123 vitam
809 2066 1137 2130 conciliare,
1210 2080 1329 2119 non
1387 2069 1663 2129 mortem,
1739 2079 1878 2119 cum
1926 2063 2231 2132 effugisset

581 2171 789 2212 omnes
830 2156 933 2225 qui
981 2153 1281 2217 arcebant,
1326 2152 1553 2208 accedit
1622 2152 1701 2207 ad
1758 2150 1956 2207 locum
1997 2166 2012 2205 :
2068 2155 2123 2206 et
2168 2150 2228 2219 (ο

580 2242 958 2300 admirabilia
998 2249 1097 2297 tua
1160 2257 1362 2313 opera,
1422 2257 1459 2296 o
1523 2241 1769 2296 Domine
1818 2242 1862 2308 6)
1911 2244 2228 2311 conspecta

581 2329 691 2387 fuit
740 2331 873 2386 vehi
924 2347 960 2386 a
1006 2331 1204 2386 bellua
1251 2349 1266 2396 ;
1327 2335 1383 2383 et
1438 2345 1576 2383 cum
1630 2345 1852 2401 aquam
1902 2328 2226 2397 hausisset,

583 2428 638 2477 et
677 2419 980 2491 implesset
1035 2435 1140 2473 vas
1190 2418 1355 2490 quod
1405 2424 1529 2473 erat
1588 2418 1649 2472 iu
1707 2418 2007 2481 manibus,
2061 2423 2230 2472 vecta

580 2524 789 2565 rursus
835 2508 911 2562 ad
966 2507 1064 2563 illa
1099 2508 1293 2562 bellua
1338 2511 1507 2561 terra:
1548 2506 1836 2562 redditur.
1890 2509 1956 2562 Et
2010 2508 2093 2561 sic
2130 2505 2229 2562 illa

581 2597 826 2670 quidem
856 2598 911 2650 in
938 2602 1092 2651 terra
1120 2600 1502 2651 conservatur
1528 2595 1703 2649 illaesa
1730 2614 1748 2666 ;
1781 2594 1976 2650 bellua
2006 2600 2222 2661 autem,

583 2702 719 2740 cum
812 2689 1020 2738 sancta
1092 2685 1286 2755 ipsam
1354 2684 1744 2753 increpasset,
1828 2683 1937 2737 luit
2019 2698 2229 2754 poenas

582 2789 789 2830 eorum
859 2788 992 2843 quae
1061 2774 1138 2826 ad
1191 2773 1303 2826 hoc
1352 2787 1540 2842 usque
1579 2777 1812 2842 tempus
1880 2771 2225 2837 admiserat,

580 2868 638 2918 et
713 2878 784 2917 eo
845 2861 903 2915 in
963 2860 1097 2915 loco
1140 2860 1340 2915 statim
1391 2859 1649 2914 cernitur
1706 2865 1961 2915 mortua.
2024 2860 2232 2916 Evadit

579 2967 723 3021 ergo
764 2967 857 3006 res
910 2950 1039 3005 aliis
1099 2964 1342 3021 quoque
1387 2947 1724 3013 manifesta,
1786 2953 1989 3019 utpote
2068 2950 2226 3021 quod

577 3040 682 3111 qui
730 3041 1130 3111 percepissent
1184 3037 1393 3103 oculis,
1425 3052 1558 3091 eam
1610 3037 1933 3092 multorum
1984 3037 2226 3093 auribus

576 3129 811 3184 tradere
883 3125 1181 3184 voluerint
1246 3142 1258 3179 :

572 3223 827 3285 egerunt
848 3216 1088 3285 gratias.

650 3305 743 3359 ΙΧ.
824 3307 956 3359 Erat
1023 3308 1219 3359 autem
1272 3302 1365 3357 hic
1407 3319 1647 3375 quoque
1700 3302 1925 3359 invidia
1976 3303 2222 3367 factura,

576 3408 711 3463 quas
802 3393 853 3447 ei
942 3391 1317 3457 conveniunt,
1385 3397 1441 3446 et
1520 3393 1650 3461 eius
1746 3398 1885 3446 sunt
1960 3392 2221 3462 propria.

578 3482 833 3546 Quidam
890 3482 1047 3535 enim
1098 3496 1175 3535 ex
1227 3481 1539 3536 monachis
1595 3482 1801 3549 (nemo
1896 3486 1985 3534 est
2043 3480 2222 3546 enim,

572 3570 678 3639 qui
736 3585 851 3623 non
932 3572 1246 3639 appetatur
1300 3567 1525 3621 inimici
1578 3567 1824 3638 insidiis)
1884 3567 2225 3623 invidentiaa

573 3656 826 3711 stimulis
873 3656 987 3719 icti,
1038 3655 1203 3727 quod
1269 3656 1533 3710 viderent
1594 3658 1831 3711 beatam
1890 3656 2093 3711 venire
2148 3656 2225 3711 ad

570 3760 877 3797 summum
916 3743 1165 3810 virtutis,
1218 3743 1500 3798 insciente
1550 3745 1851 3813 prefecto,
1904 3761 2037 3799 eam
2096 3745 2225 3800 mit-

572 3836 705 3887 tunt
734 3831 794 3884 in
824 3830 1132 3900 quoddam
1168 3831 1369 3884 Procul
1427 3836 1721 3885 remotum
1781 3834 2221 3899 monasterium,

571 3918 869 3974 tradentes
914 3918 964 3972 ei
1022 3919 1355 3988 epistolam,
1407 3919 1600 3989 specie
1645 3920 1914 3991 quidem,
1972 3928 2035 3975 ut
2090 3939 2223 3992 quas

570 4008 819 4062 haberet
841 4007 1065 4077 aliquid
1091 4007 1256 4078 quod
1286 4011 1539 4076 urgeret,
1574 4013 1630 4062 et
1663 4008 1985 4079 postularet
2023 4010 2225 4064 celeri-

572 4102 754 4151 tatem
787 4112 800 4161 ;
831 4112 1037 4151 revera
1067 4100 1267 4152 autem
1298 4097 1377 4153 ita
1407 4102 1639 4152 structae
1686 4098 1921 4153 fuerant
1970 4099 2220 4155 insidias»

569 4186 857 4257 quoniam
925 4186 1036 4240 hoc
1114 4190 1292 4240 noctu
1362 4186 1565 4250 ﬁebat,
1620 4191 1689 4243 ut
1756 4188 2138 4244 devoraretur
2185 4206 2221 4245 a

570 4274 796 4330 bestiis.
852 4273 987 4328 Erat
1049 4273 1207 4329 enim
1264 4273 1362 4330 illa
1423 4274 1521 4329 via
1572 4275 1831 4342 deserta,
1890 4281 1947 4332 et
1992 4277 2052 4332 in
2096 4293 2218 4349 qua

564 4363 712 4418 solas
761 4362 1072 4418 alebantur
1118 4362 1274 4420 ferte.
1333 4363 1448 4418 Sed
1513 4363 1731 4419 frustra
1799 4364 1911 4420 has
1964 4365 2214 4421 insidias

570 4452 809 4507 molitus
856 4457 941 4506 est
995 4451 1388 4515 adversarius,
1448 4457 1502 4504 et
1550 4467 1719 4506 secus
1776 4454 1969 4508 evenit
2033 4470 2213 4526 quam

1873 338 2127 399 MENSIS
2158 322 2617 399 SEPTEMBEB.

3048 462 3302 537 ἀνθρώπῳ
3381 461 3411 520 ἦ
3495 465 3686 527 κτήνει,
3766 468 3939 535 μικρῷ

2328 576 2381 608 τε
2410 560 2498 606 καὶ
2527 554 2746 625 μείζονι,
2781 561 2933 604 τοῦτο
2986 549 3195 604 δεῖπνον
3242 552 3392 613 εὐθὺς
3429 551 3652 603 ἐποιεῖτο
3704 568 3718 583 ⁸
3772 551 3939 614 οὕτως

2332 641 2418 697 οὖν
2474 648 2699 699 κατέστη
2759 650 2867 702 τοῖς
2917 640 3370 716 ἐπιχωριάζουσιν
3422 638 3664 711 ἐπίφοϐον
3725 642 3784 692 τὸ
3838 660 3937 692 κα-

2331 736 2439 797 κὸν,
2490 734 2559 793 ὡς
2600 735 2688 782 καὶ
2719 730 2874 782 αὐτόν
2912 733 2996 782 τόν
3042 738 3132 789 τῆς
3180 729 3367 788 πόλεως
3416 729 3661 800 ὕπαρχον
3713 732 3938 803 (Γρηγό-

2332 840 2442 896 ριος
2499 816 2559 873 δὲ
2606 820 2754 881 οὗτος
2812 816 2872 877 ἧν
2930 818 2983 870 ὃν
3036 822 3126 871 καὶ
3181 819 3405 890 πρόσθεν
3456 819 3664 889 φθάσας
3716 819 3743 869 ὀ
3789 818 3937 889 λόγος

2334 907 2586 980 ἐδήλωσε)
2669 914 2989 981 στρατιώτας
3061 909 3425 979 παρακαθίσαι
3476 915 3548 977 τῷ
3606 912 3775 978 τόπῳ,
3836 910 3937 982 εῖρο

2333 1018 2441 1070 γειν
2497 1002 2618 1059 τοὺς
2677 993 2749 1049 δι’
2804 996 3001 1056 ἐκείνης
3049 993 3346 1057 ὁδεύοντας.
3399 992 3565 1055 Εἰδὼς
3621 991 3709 1047 οὖν
3769 997 3795 1047 ό
3841 1004 3933 1058 τῆς

2335 1094 2494 1158 μονῆς
2541 1090 2822 1161 προεστὼς,
2870 1086 2975 1146 οἷος
3024 1081 3086 1143 ἦν
3131 1086 3156 1135 ό
3199 1092 3295 1145 τῆς
3335 1080 3615 1157 Θεοδώρας
3664 1082 3804 1155 βίος,
3845 1090 3931 1137 καὶ

2335 1178 2400 1235 ὡς
2450 1183 2639 1249 μικροῦ
2709 1178 2799 1226 καὶ
2856 1173 3097 1245 ἀγγέλοις
3163 1173 3343 1235 αὐτοῖς
3417 1172 3785 1245 ἁμιλλώμενος,
3847 1178 3932 1225 καὶ

2336 1264 2423 1330 ὡς,
2478 1264 2571 1316 οῦκ
2623 1263 2683 1315 ἂν
2736 1266 2812 1321 εἴη
2867 1268 2955 1315 καὶ
3025 1266 3249 1337 χάριτος
3308 1265 3447 1323 θείας
3500 1263 3631 1319 αὕτη
3691 1264 3927 1334 ἄμοιρος,

2335 1353 2651 1425 μετάκλητον
2705 1352 2865 1411 αὐτὴν
2919 1355 3287 1424 ποιησάμενος,
3363 1354 3569 1417 Τέκνον,
3620 1348 3748 1415 εἷπε,
3801 1357 3930 1405 Θεό-

2337 1439 2492 1516 δωρε,
2546 1445 2604 1492 τὸ
2663 1442 2905 1512 κεράμιον
2959 1441 3104 1514 ἄρας,
3162 1437 3305 1514 ὕδωρ
3360 1441 3485 1511 ἡμῖν
3541 1438 3642 1492 ἀπὸ
3694 1449 3789 1501 τῆς
3833 1437 3933 1492 ὦδε

2334 1530 2517 1601 λίμνης
2574 1529 2792 1600 ἐπείχθη
2854 1548 2906 1580 τι
2977 1528 3209 1601 ἀγαγεῖν.
3267 1528 3325 1580 Ἡ
3385 1525 3444 1581 δὲ
3496 1530 3770 1581 πείθεσθαι
3826 1537 3932 1590 τοῖς

2336 1621 2642 1691 ἡγουμένοις
2695 1616 3044 1675 ἀποστολικὴν
3103 1614 3276 1669 εἰδυῖα
3330 1621 3657 1688 παραίνεσιν,
3710 1617 3929 1691 ἐπλήρου

2336 1710 2394 1759 τό
2444 1707 2731 1769 κελευσθὲν,
2792 1710 2882 1757 καὶ
2937 1705 3135 1757 πολλῶν
3184 1705 3346 1763 αὐτὴν
3404 1704 3653 1777 ἐκχωρεῖν
3707 1713 3799 1756 τοῦ
3852 1710 3929 1757 τό·

2335 1816 2433 1848 που
2492 1792 2941 1867 διακελευομένων,
2987 1794 3030 1847 εἰ
3109 1799 3179 1866 μὴ
3272 1796 3468 1863 θανατᾷ
3539 1790 3929 1867 προδηλότατα,

2335 1884 2500 1942 ἐκείνη
2552 1888 2726 1935 πίστει
2781 1890 2845 1955 τῇ
2915 1883 2981 1943 εἰς
3037 1886 3166 1936 Θεὸν
3238 1881 3506 1957 θαρῥοῦσα
3557 1886 3647 1935 καὶ
3694 1883 3932 1942 ὑπακοῆς

2336 1973 2480 2046 ἔργον
2524 1970 2772 2035 ἀνύουσα,
2823 1969 2853 2028 ἣ
2897 1971 3036 2031 ζωὴν
3077 1970 3266 2042 μᾶλλον
3316 1968 3475 2035 οἶδεν,
3522 1969 3650 2041 οὐχὶ
3692 1971 3927 2036 θάνατον,

2335 2060 2610 2134 προξενεῖν,
2666 2061 2863 2120 πάντας
2914 2061 3043 2130 ὁμοῦ
3103 2055 3441 2131 διαφυγοῦσα
3491 2062 3609 2119 τοὺς
3644 2061 3928 2133 εἴργοντας,

2335 2156 2398 2221 τῇ
2448 2149 2600 2221 λίμνη
2653 2146 2985 2221 προσϐάλλει,
3039 2152 3150 2216 καὶ,
3199 2146 3239 2199 ὢ
3284 2156 3382 2200 τῶν
3429 2144 3741 2221 παραδόξων
3771 2150 3930 2222 ἔργων

2338 2256 2455 2301 σου,
2484 2240 2640 2311 Κύριε
2673 2236 2689 2289 l
2721 2236 2895 2289 ἐπάνω
2936 2243 3028 2288 τοῦ
3077 2238 3255 2311 θηρὸς,
3304 2237 3495 2310 ἑωρᾶτο
3537 2235 3926 2309 βασταζομένη,

2338 2325 2667 2401 ἀῤῥυσαμένη
2722 2345 2775 2377 τε
2823 2322 2967 2398 ὕδωρ
3012 2331 3103 2377 καὶ
3158 2329 3215 2377 τὸ
3265 2324 3313 2376 ἐν
3364 2331 3552 2399 χερσὶν
3602 2327 3763 2397 ἄγγος
3802 2327 3929 2384 πλη-

2339 2436 2498 2479 σασα,
2554 2417 2743 2487 ἔποχος
2796 2414 2948 2467 πάλιν
2999 2416 3086 2466 ὑπ’
3142 2412 3333 2466 ἐκείνου
3390 2412 3456 2473 δὴ
3509 2423 3601 2466 τοῦ
3652 2418 3825 2489 θηρός,
3867 2425 3927 2488 τῇ

2338 2504 2472 2576 ξηρᾲ
2528 2500 2903 2574 παραδίδοται.
2966 2506 3058 2555 Καὶ
3143 2504 3300 2562 οὕτως
3366 2502 3529 2562 ἐκείνη
3582 2508 3670 2575 μὲν
3728 2504 3929 2567 ἀπαθὴς

2337 2600 2397 2664 τῇ
2449 2601 2514 2663 γῇ
2564 2589 2887 2651 διασώζεται
2922 2609 2933 2619 ”
2961 2594 3018 2643 τὸ
3064 2588 3123 2643 δὲ
3174 2594 3351 2663 θηρίον
3399 2593 3520 2665 παρ’
3566 2593 3724 2653 αὐτῆς
3769 2596 3927 2645 ἐπιτι-

2337 2684 2495 2753 μηθὲν
2553 2680 2918 2753 εἰσπράττεται
2967 2676 3122 2737 δίκην
3173 2689 3272 2731 τῶν
3343 2685 3507 2752 μέχρι
3560 2687 3674 2733 τότε
3738 2683 3928 2753 τολμη-

2340 2773 2521 2822 θέντων
2551 2769 2713 2839 αύτῷ,
2745 2774 2833 2820 καὶ
2863 2770 2982 2831 παρ’
3016 2769 3203 2821 αὐτίκα
3252 2778 3323 2840 τῷ
3353 2777 3494 2841 τόπῳ
3527 2775 3689 2823 πεσὸν
3739 2771 3928 2844 ἑωρᾶτο

2336 2864 2509 2930 νεκρόν
2574 2874 2585 2886 '
2646 2863 2844 2927 γίνεται
2898 2858 2986 2909 οὖν
3036 2861 3091 2909 τό
3146 2864 3364 2931 πρᾶγμα
3439 2864 3528 2911 καὶ
3604 2868 3711 2920 τοῖς
3762 2861 3928 2922 ἄλλοις

2337 2946 2599 3013 ἐπίδηλον,
2654 2947 2744 2999 οἷτε
2795 2956 2893 2999 τῶν
2950 2947 3232 3019 ὀφθαλμοῖς
3289 2957 3441 3001 τοῦτο
3504 2949 3919 3022 παραλαϐόντων,

2335 3036 2532 3088 πολλῶν
2586 3035 2761 3096 ἀκοαῖς
2803 3038 3139 3108 χαρίσασθαι
3194 3036 3573 3109 βουληθέντων,
3617 3045 3708 3091 καὶ
3738 3042 3925 3099 πάντας

1332 3132 1386 3181 et
1442 3132 1754 3197 propterea
1823 3129 1939 3181 Deo
2010 3142 2221 3183 omnes

2338 3121 2449 3196 εἶχε
2477 3128 2606 3186 Θεὸς
2636 3122 2708 3176 δι’
2736 3123 2931 3185 ἐκείνης
2961 3124 3404 3198 εὐχαριστοῦντας
3444 3126 3610 3197 αύτῷ.

2407 3300 2479 3354 Θ’.
2533 3310 2615 3354 Δεῖ
2667 3302 2759 3353 κάν
2815 3305 2980 3374 τούτῳ
3028 3307 3094 3356 τὰ
3145 3305 3313 3357 οἰκεῖα
3359 3306 3385 3356 ό
3436 3308 3615 3378 φθόνος
3667 3302 3919 3359 ἐνδείκνυ-

2337 3392 2479 3442 σθαι.
2530 3392 2672 3452 Τινὶς
2745 3393 2847 3466 γὰρ
2924 3401 3022 3444 τῶν
3097 3402 3341 3465 μοναχῶν
3401 3394 3531 3465 (ἐπεὶ
3576 3392 3766 3467 μηδεὶς
3812 3405 3919 3458 ταῖς

2335 3478 2596 3551 ἑπηρείαις
2643 3479 2929 3552 ἀχείρωτος
2974 3490 3064 3532 τοῦ
3108 3480 3349 3554 ἐχθροῦ),
3393 3482 3681 3555 βασκανίας
3730 3490 3918 3556 κέντρῳ

2336 3566 2621 3638 βληθέντες,
2672 3569 2749 3630 οἷς
2800 3569 2964 3640 ἑώρων
3011 3576 3103 3628 τὴν
3154 3578 3413 3645 μακαρίαν
3456 3572 3526 3630 εἰς
3578 3573 3735 3642 άκρον
3792 3572 3908 3645 ἀρεο

2333 3664 2428 3718 τῆς
2479 3660 2730 3723 ἤκουσαν,
2789 3658 2956 3730 λάθρα
3006 3668 3097 3719 τῆς
3171 3668 3263 3713 τοῦ
3315 3668 3618 3733 προεστῶτος
3670 3666 3897 3731 γνώμης,

2334 3746 2404 3807 εὶς
2456 3746 2503 3798 ἓν
2555 3766 2607 3798 τι
2656 3756 2753 3798 τῶν
2811 3750 3011 3820 μακρὰν
3068 3748 3404 3822 ἀσκητηρίων
3477 3752 3660 3806 ταύτην
3723 3748 3902 3821 ἐκπέμ-

2331 3854 2537 3900 πουσιν,
2625 3834 2901 3893 ἐπιστολὴν
2978 3836 3378 3909 ἐγχείριξοντες,

2331 3924 2420 3993 μὲν
2428 3964 2440 3986 ,

3482 3842 3540 3889 τὸ
3622 3844 3912 3909 φαινόμενον

2522 3925 2656 3975 ὥστε
2733 3933 2831 3974 τῶν
2922 3927 3223 3997 ἐπειγόντων
3292 3929 3543 3998 ἔχουσαν,
3616 3932 3704 3978 καὶ
3749 3926 3917 3988 τέλους

2302 4007 2568 4081 νδεόμενον
2617 4011 2878 4086 ὀξυτέρου,
2940 4018 2997 4065 τὸ
3056 4013 3114 4067 δὲ
3173 4015 3351 4075 ἀληθὲς
3407 4020 3623 4073 συσκειὴ
3681 4011 3764 4083 ἦν,
3814 4014 3917 4067 ἐπεὶ

2329 4104 2417 4151 καὶ
2507 4105 2686 4161 νυκτὸς

2331 4190 2521 4262 θηρίων

2325 4281 2490 4348 μόνων

2807 4100 3162 4176 διεπράττετο,
3275 4107 3584 4178 κατάφρωνα
3681 4106 3920 4175 γενέσθαι

2583 4206 2594 4218 '
2646 4192 2834 4264 ἕρημος
2911 4194 3011 4265 γὰρ
3094 4194 3124 4249 ἠ
3158 4189 3300 4253 ιόδός
3358 4192 3523 4250 ἐκείνη
3582 4196 3673 4244 καὶ
3727 4194 3917 4266 θηρίων

2582 4285 2792 4353 τροφός.
2896 4279 3031 4333 Ἀλλ’
3112 4281 3179 4341 εἰς
3274 4284 3444 4353 μάτην
3540 4284 3567 4339 ὁ
3672 4281 3914 4339 ἐπιϐουλὴ

2325 4374 2396 4436 τῷ
2463 4365 2811 4441 ἀντικειμένῳ,
2875 4374 2964 4420 καὶ
3042 4370 3337 4422 τούναντίον
3410 4370 3619 4441 μᾶλλον,
3678 4370 3709 4429 ἦ
3772 4371 3917 4431 αὐτὸς

2324 4453 2649 4526 ἓτεχνάξετο.
2706 4458 3011 4530 Πλανωμένη
3092 4461 3194 4532 γὰρ
3284 4459 3400 4511 καθ’
3483 4456 3608 4510 ὁδόν
3682 4468 3744 4531 τῇ
3801 4461 3917 4531 όσίᾳ

571 4539 697 4610 ipse
732 4538 1208 4592 machinabatur.
1272 4537 1359 4591 Ad
1436 4543 1707 4593 sanctam
1781 4540 1939 4596 enim
2005 4542 2066 4597 in
2124 4545 2213 4600 via

2330 4549 2674 4617 προσέρχεταί
2729 4565 2778 4597 τι
2838 4548 3035 4620 θηρίον,
3089 4552 3176 4599 καὶ
3229 4552 3427 4619 γίνεται
3473 4551 3669 4609 ταύτης
3725 4543 3915 4617 όδηγὸς

570 4633 865 4682 errantem
908 4625 1135 4681 accedit
1186 4625 1469 4695 quaedam
1511 4625 1719 4691 bestia,
1766 4628 1950 4700 ﬁtque
1997 4631 2049 4685 ei
2101 4632 2214 4688 dux

572 4715 679 4771 vise
735 4729 857 4769 non
909 4712 1108 4779 fallax,
1155 4713 1345 4768 donec
1384 4728 1518 4767 eam
1564 4714 1807 4770 deduxit
1866 4717 1943 4771 ad
2001 4735 2209 4775 mona-

568 4805 833 4870 sterium,
864 4803 943 4859 ad
971 4802 1135 4873 quod
1157 4801 1347 4856 fuerat
1369 4802 1561 4857 missa
1590 4819 1602 4857 :
1638 4803 1760 4858 imo
1785 4819 1926 4860 vero
1972 4822 2045 4860 ne
2073 4813 2210 4864 tunc

568 4893 812 4964 quidem
863 4891 1151 4946 discessit.
1211 4892 1356 4945 Cum
1411 4906 1483 4946 ea
1538 4892 1695 4946 enim
1748 4893 2038 4965 ingressa,
2078 4896 2209 4968 ipsa

566 4997 809 5053 quoque
854 4979 1105 5045 introiit;
1148 4983 1204 5034 et
1250 4994 1388 5034 cum
1428 4979 1526 5035 illa
1564 4980 1780 5047 ivisset,
1826 4988 1886 5038 ut
1932 4986 2208 5055 praefecto

560 5068 837 5124 redderet
879 5069 1114 5133 litteras,
1168 5068 1437 5136 ingressa
1484 5074 1571 5121 est
1597 5067 1719 5123 fera
1762 5070 1837 5125 ad
1863 5072 2206 5141 janitorem,

567 5171 827 5225 cumque
851 5172 991 5210 mox
1020 5161 1146 5210 erat
1169 5155 1552 5227 discerptura,
1597 5158 1706 5212 nisi
1736 5158 1830 5213 ille
1868 5160 2207 5227 clamasset;

567 5247 625 5296 et
670 5256 808 5295 cum
855 5260 927 5298 ex
968 5244 1226 5298 clamore
1269 5260 1557 5300 conversa
1607 5245 1782 5302 beata
1837 5251 2210 5317 cognovisset

567 5327 849 5397 quisnam
877 5337 1028 5385 esset
1065 5332 1369 5398 tumultus,
1402 5332 1649 5388 offendit
1692 5335 1905 5401 virum,
1939 5338 2041 5407 qui
2078 5340 2205 5406 jam

536 5456 539 5457 ν
569 5412 926 5470 exedebatur
954 5432 989 5470 a
1012 5418 1219 5474 bestia.
1263 5421 1367 5477 illa
1395 5437 1537 5493 ergo
1567 5422 1784 5494 statim,
1829 5426 2204 5497 apprehenso

643 5587 666 5623 ⁸
694 5584 843 5642 Psal.
870 5602 1071 5653 xxxix,
1099 5589 1156 5646 6.

2322 4630 2552 4695 ἀπλανὴς
2580 4635 2670 4695 ἕως
2718 4636 2859 4705 ἄγων
2909 4642 2972 4707 τῇ
3012 4643 3140 4707 μονῇ
3187 4641 3505 4708 παρέστησε,
3545 4639 3676 4707 πρὸς
3722 4636 3781 4694 ἢν
3829 4643 3915 4688 καὶ

2319 4722 2504 4791 ἔτυχεν
2567 4720 2916 4793 ἐκπεμφθείσα
2994 4742 3005 4753 ’
3072 4723 3260 4795 μᾶλλον
3315 4721 3373 4776 δὲ
3426 4720 3551 4776 οὐδὲ
3605 4725 3771 4786 οὕτως
3823 4724 3915 4775 ἀπ-

2318 4813 2441 4867 έστη
2496 4826 2508 4840 ⁸
2544 4810 2842 4884 εἰσελθούσῃ
2899 4814 3000 4883 γὰρ
3053 4818 3142 4864 καὶ
3196 4812 3322 4864 αύτό
3379 4819 3664 4871 συνεισηει.
3726 4815 3914 4866 Κάκεί-

2317 4917 2409 4957 νης
2444 4902 2567 4971 πρὸς
2603 4902 2658 4951 τὸ
2689 4898 2987 4973 ἐγχειρίσαι
3031 4910 3104 4972 τῷ
3154 4910 3448 4974 προεστῶτι
3494 4906 3584 4959 τὴν
3638 4901 3915 4959 ἐπιστολὴν

2318 4984 2664 5053 ἀπελθούσης,
2720 4991 2744 5040 ό
2803 4992 2899 5062 θὴρ
2971 4997 3043 5060 τῷ
3127 4990 3348 5063 πυλωρῷ
3423 4989 3589 5063 ἐπῄει,
3649 4996 3741 5043 καὶ
3795 4994 3916 5043 ὅσον

2318 5077 2460 5125 οὔπω
2536 5073 2768 5147 διασπᾷν
2843 5078 2995 5130 αὐτόν
3050 5079 3267 5150 ἔμελλεν,
3346 5079 3389 5131 εἰ
3471 5084 3540 5151 μὴ
3621 5078 3917 5150 βοήσαντος

2318 5161 2530 5230 ἐκείνου,
2585 5171 2674 5217 καὶ
2742 5163 3046 5238 συνδρομῆς
3114 5172 3382 5237 γεγονυίας
3448 5168 3828 5241 ἐπιστραφεῖσα
3884 5172 3913 5226 ἡ

2316 5256 2570 5324 μακαρία,
2617 5260 2705 5305 καὶ
2751 5255 2893 5314 ὅστις
2932 5258 3007 5312 εἴη
3061 5258 3085 5306 ό
3136 5255 3353 5329 θόρυϐος
3394 5253 3706 5327 διαγνουσα,
3751 5277 3920 5309 κατα-

2316 5339 2558 5411 λαμϐάνει
2590 5346 2676 5393 τὸν
2722 5341 2892 5416 ἄνδρα
2936 5342 3138 5418 βρῶσιν
3182 5342 3311 5408 ἤδη,
3356 5354 3448 5397 τοῦ
3499 5348 3656 5420 θηρὸς
3712 5354 3920 5419 γινόμε-

2316 5446 2419 5482 νον.
2483 5429 2644 5489 Εὐθὺς
2704 5427 2791 5482 οὖν
2856 5435 3019 5490 ἐκείνη
3088 5442 3181 5485 τοῦ
3242 5437 3507 5507 φάρυγγος
3554 5435 3717 5487 αὐτοῦ
3779 5433 3918 5511 δρα-
