4142 6278
243 311 347 376 6‘77

1261 311 1424 370 VITA
1463 316 1523 372 S.
1563 311 1976 374 THEODORIE
2013 315 2576 381 ALEXANDRINIE.

3491 322 3599 380 678

247 443 462 518 ξαμένη,
515 441 801 519 διαφθορᾶς
858 448 944 496 τὸν
994 443 1262 512 ἄνθρωπον
1311 439 1642 508 ἀπαλλάττει,
1693 442 1843 514 ἐλαίῳ

1958 442 2082 512 ejus
2105 446 2361 510 gutture,
2385 444 2584 514 ipsum
2607 445 2818 500 liberat
2842 445 2920 501 ab
2946 446 3200 501 interitu.
3223 445 3363 502 Oleo
3392 454 3593 506 autem

249 531 308 586 δε
356 533 712 606 ύπαλείφουσα
763 537 825 584 τὰ
873 529 1132 604 βλαϐέντα
1183 529 1332 600 μέλη,
1366 535 1456 580 καὶ
1505 538 1738 602 Χριστοῦ
1785 536 1842 582 16

251 627 412 694 ὄνομα
476 618 912 695 προσεπάδουσα,
963 627 1142 670 τοῦτον
1211 621 1299 688 μεν
1366 621 1430 676 ως
1484 622 1542 669 τό
1600 637 1845 693 προτερον

253 713 377 782 ὑγιᾶ
421 708 784 779 ἀποδείκνυσι,
820 714 874 761 τὸ
921 705 979 760 δε
1030 710 1208 780 θηρίον
1257 713 1428 758 πεσεῖν
1474 725 1527 758 τε
1569 714 1656 758 καὶ
1694 703 1845 782 διαρ-

253 801 479 874 ραγῆναι
511 806 846 872 παραχρῆμα
873 803 1026 849 ποιεῖ.

327 887 384 941 Ι’.
440 895 617 940 Ταῦτα
674 887 837 944 ἐκείνη
889 891 978 958 μὲν
1029 884 1198 936 λαθεῖν
1244 881 1508 948 ἠϐούλετο,
1558 889 1647 934 καὶ
1697 880 1846 935 οὐδὲν

255 979 385 1049 μετά
463 981 554 1036 τὴν
635 972 883 1028 ἐπάνοδον
955 973 1196 1046 ἐφανέρου
1270 979 1376 1031 τοῖς
1444 979 1737 1043 μοναχοῖς’
1799 974 1847 1023 οὶ

253 1072 498 1136 τυχόντες
556 1061 614 1116 δε
669 1074 760 1123 τῆς
835 1064 1124 1135 εὐεργεσίας
1189 1060 1298 1132 ἅμα
1350 1080 1484 1134 πρωι
1541 1061 1849 1132 αὐτάγγελοι

253 1163 342 1204 τοῦ
400 1156 729 1226 πραχθέντος
783 1158 1032 1223 γίνονται,
1087 1150 1290 1220 Εύχαῖς
1338 1149 1635 1223 Θεοδώρου,
1681 1150 1847 1221 λέγον-

254 1262 356 1306 τες,
410 1243 643 1313 χαλεποῦ
701 1243 919 1293 θανάτου
962 1242 1142 1313 ῥύεται
1198 1240 1464 1310 ἄνθρωπος
1521 1243 1608 1290 καὶ
1664 1241 1847 1312 θηρίου

255 1331 458 1404 φάρυγξ
513 1332 634 1402 ἡμῖν
690 1331 994 1403 χαρίζεται,
1051 1331 1136 1379 τόν
1195 1327 1265 1386 εἰς
1339 1325 1537 1397 βρῶσιν
1596 1324 1702 1384 ἤδη
1761 1327 1850 1384 λη-

254 1422 454 1491 φθέντα.
508 1420 601 1470 Ὧν
651 1424 737 1470 καὶ
795 1423 913 1479 τοῦς
962 1418 1148 1488 λόγους
1196 1417 1220 1466 ό
1263 1421 1528 1488 προεστὼς
1571 1424 1660 1466 τοῦ
1702 1435 1848 1490 φρον-

250 1514 526 1580 τιστηρίον
587 1507 940 1578 καταπλαγεὶς
992 1513 1066 1565 τίς
1123 1507 1172 1565 ὃς
1243 1505 1405 1555 ἐκεῖσε
1457 1513 1637 1556 τοῦτον
1705 1506 1848 1556 ἀπεί-

255 1596 469 1648 σταλκεν
526 1594 867 1668 ἀπορούμενος
925 1591 1197 1666 διηρώτα·
1232 1597 1296 1652 ὡς
1342 1591 1400 1643 δὲ
1448 1589 1580 1650 ἦσαν
1628 1593 1848 1654 ἅπαντες

251 1685 472 1759 ἔξαρνοι,
524 1689 616 1743 τήν
670 1691 929 1756 μακαρίαν
976 1681 1328 1757 προσϐλέψας·
1369 1687 1460 1740 Τίς
1512 1683 1674 1750 οὗτος,
1729 1685 1844 1752 ἔφη,

254 1771 512 1846 Θεόδωρε,
565 1774 618 1834 ὃς
659 1773 741 1824 ἐπὶ
786 1780 1033 1845 προφανεῖ
1080 1769 1304 1840 κινδύνῳ
1353 1768 1541 1844 ἀωρίσε
1589 1779 1689 1821 τῶν
1731 1775 1850 1821 νύκ-

252 1881 352 1912 των
403 1867 682 1932 κατήπειγε
731 1864 795 1912 τά
852 1863 1019 1912 ἐκεῖσε
1074 1858 1418 1928 καταλαϐεῑν;
1457 1865 1555 1911 Καὶ
1608 1861 1697 1910 θέα
1759 1878 1848 1931 μοι

253 1949 442 2020 ψυχῆς
521 1950 712 2010 εύθείας
791 1949 1124 2021 ἀνάπλασμα,
1193 1953 1282 1999 καὶ
1361 1952 1416 1998 16
1487 1949 1676 2018 οἴτυφον
1746 1952 1846 2023 γὰρ

257 2038 409 2111 ἑαυτῇ
463 2044 880 2113 περιποιουμένῃ,
937 2046 1027 2089 καὶ
1071 2045 1174 2097 τοῖς
1224 2034 1462 2107 ἀδελφοῖς
1518 2038 1850 2108 φυλάττουσα

253 2132 309 2178 1'6
378 2126 700 2197 ἀνέγκλητονο
758 2127 949 2198 Ὕπνῳ,
1009 2125 1164 2193 εἶπεν,
1219 2133 1334 2177 τότε
1389 2131 1505 2184 τοὺς
1562 2125 1849 2197 ὀφθαλμούς

253 2220 372 2276 τοῦς
420 2213 562 2266 ἔνδον
616 2235 669 2266 τε
719 2222 808 2267 καὶ
856 2221 971 2275 τούς
1027 2216 1122 2276 ἔξω
1176 2213 1525 2287 βαρυνομένη,
1571 2220 1641 2286 μή
1693 2215 1847 2267 εἰπεῖν

249 2305 389 2374 ἔχειν
448 2304 566 2377 ἄρτι
636 2308 757 2365 τοὺς
831 2304 1214 2364 ἀποσταλέντας
1281 2303 1334 2364 ἐξ
1391 2302 1636 2375 ὀνόματος
1669 2321 1681 2333 ο
1740 2301 1846 2356 διε-

246 2397 426 2464 πρίετο
475 2390 654 2453 δεινῶς
704 2394 728 2442 ό
783 2389 1046 2456 διάϐολος,
1089 2393 1252 2448 αὐτὴν
1302 2395 1390 2462 μὲν
1439 2396 1531 2449 τὴν
1575 2393 1844 2444 ύποσκελιο

251 2483 463 2532 σθεῖσαν
519 2483 647 2553 ὁρῶν
720 2484 1006 2541 τοσαύταις
1051 2486 1218 2540 νίγαις
1288 2485 1379 2537 τὴν
1433 2481 1590 2537 ἧτταν
1645 2479 1842 2532 ἀναπα-

245 2569 512 2637 λαίουσαν,
570 2569 744 2621 ἑαυτὸν
805 2568 863 2621 δὲ
935 2572 1258 2641 κατακράτος
1322 2569 1629 2639 ἡττώμενον.
1691 2570 1844 2640 Ἀφέ-

243 2677 387 2729 μενος
445 2655 531 2709 οὖν
589 2667 679 2710 τοῦ
729 2662 864 2710 κατά
908 2663 963 2710 τό
1007 2659 1252 2709 λανθάνον
1301 2656 1644 2709 ἐπιϐούλεύειν
1698 2677 1838 2729 φανε-

246 2757 348 2818 ρῶς
399 2747 557 2807 αὐτῆς
607 2751 876 2820 παραστὰς
923 2750 1118 2805 ήπείλει
1170 2754 1240 2818 μὴ
1307 2746 1514 2802 ἀνήσειν
1563 2750 1682 2808 τοὺς
1729 2765 1840 2798 πει-

249 2842 480 2908 ρασμοῦς
533 2835 814 2906 ἐπάγοντα,
870 2839 963 2897 ἕως
1015 2837 1175 2893 αύτήν
1227 2838 1336 2890 θείη
1387 2845 1576 2905 πτῶμα
1621 2836 1846 2905 γελώμε-

252 2945 336 2975 νον
392 2931 484 2981 τήν
537 2932 620 2974 νῦιν
677 2925 776 2975 ἀπὸ
850 2927 1048 2975 πάντων
1111 2923 1526 2992 θαυμαζομένην.
1587 2919 1709 2998 Εξπε
1760 2927 1848 2973 καὶ

256 3010 314 3061 ού
367 3011 522 3060 πολύν
573 3009 736 3080 ἀφῆκε
787 3012 872 3060 τόν
927 3008 1119 3080 μεταξὺ
1174 3027 1363 3081 χρόνον
1410 3009 1672 3077 γένεσθαι,
1725 3006 1852 3058 ἀλλά

261 3103 406 3149 σίτου
462 3107 550 3158 τῆς
602 3106 764 3169 μονῆς
813 3098 878 3158 εἰς
934 3096 1130 3149 ἔνδειαν
1183 3098 1542 3160 καταστάσης,
1599 3095 1851 3147 κελεύεται

260 3189 400 3258 παρά
459 3195 547 3237 τοῦ
595 3196 913 3259 προεστῶτος
971 3189 998 3243 ὴ
1058 3191 1294 3257 μακαρία
1339 3190 1410 3256 μη
1461 3183 1674 3255 μέλλειν,
1727 3184 1854 3236 ἀλλά

254 3278 342 3334 τὰς
400 3275 701 3344 καμήλους·
747 3273 894 3335 αὖθις
946 3275 1180 3326 λαϐουσα
1237 3279 1325 3324 καὶ
1379 3278 1503 3347 πρός
1560 3278 1647 3330 τήν
1705 3273 1851 3325 πόλιν

253 3362 566 3434 ἀφικομένην
655 3371 796 3414 σῖτον
883 3364 1054 3423 αὐτοῖς
1123 3364 1400 3436 πρίασθαι.
1478 3362 1850 3435 Ἐπετέτραπτο

253 3449 313 3503 δὲ
361 3457 446 3503 καὶ
501 3460 673 3518 τοῦτο,
710 3455 774 3512 ὡς
820 3455 864 3504 εἶ
906 3472 964 3524 γε
1011 3451 1278 3512 ἀδυνάτως
1325 3451 1454 3523 αύτῇ
1505 3455 1703 3521 γένοιτο
1751 3455 1850 3524 πρό

254 3550 348 3600 τῆς
429 3540 650 3615 ἑσπέρας
724 3541 1032 3606 ἐπανελθεῖν,
1104 3541 1409 3592 καταλύσειν
1486 3539 1533 3590 ἐν
1609 3548 1679 3609 τῷ
1762 3549 1852 3592 τοῦ

252 3628 429 3680 ἐνάτου
486 3636 887 3703 φροντιστηρίῳ,
939 3630 1146 3682 κάκεῖσε
1203 3633 1290 3690 τάς
1337 3629 1600 3701 καμήλους
1673 3625 1852 3680 διανα-

251 3726 475 3770 παῦσαι.
532 3722 853 3770 Ἐπανιοῦσα
898 3728 1170 3792 τοιγαροῦν
1221 3717 1275 3769 ἐκ
1324 3727 1414 3777 τῆς
1461 3717 1672 3783 πολεως,
1724 3717 1852 3768 ἐπεί-

252 3827 345 3881 περ
392 3804 500 3864 ἣδη
551 3812 678 3881 προς
728 3804 938 3878 δυσμὰς
987 3809 1117 3880 ἐώρα
1161 3812 1246 3858 τόν
1292 3808 1451 3873 ἣλιον,
1499 3813 1560 3877 τῇ
1608 3814 1698 3857 τοῦ
1742 3807 1853 3857 ἐνά-

251 3915 343 3946 του
395 3900 530 3947 κατά
577 3901 634 3947 τό
686 3895 949 3967 ἐπίταγμα
995 3903 1123 3968 μονῇ
1172 3900 1484 3968 προσφοιτᾷ,
1532 3891 1750 3951 δοθῆναί
1801 3912 1852 3944 τε

253 3991 408 4036 τόπον
483 3985 610 4056 αὐτῇ
693 3991 783 4036 καὶ
852 3994 962 4044 ταῖς
1037 3986 1290 4056 καμήλοις
1366 3991 1488 4056 πρὸς
1560 3983 1851 4034 ἀνάπαυσιν

255 4076 389 4146 ᾔτει,
423 4074 481 4124 οὗ
513 4080 600 4124 καὶ
629 4079 919 4145 γενομένου,
953 4079 1078 4147 πρὸς
1116 4081 1242 4126 ποσὶ
1291 4074 1421 4130 αὕτη
1471 4082 1569 4124 τῶν
1607 4072 1851 4144 καμήλων

258 4159 293 4214 δ
299 4165 620 4216 ιανεπαύετο.

327 4251 432 4304 ΙΑ’.
489 4251 745 4304 Ἐντεῦθεν
795 4248 881 4303 οὖν
927 4251 1068 4323 ἀρχή
1115 4258 1315 4322 γίνεται
1364 4257 1454 4302 τοῦ
1494 4249 1716 4319 πολέμου
1762 4255 1852 4297 τοῦ

254 4341 367 4392 κατ’
427 4341 629 4398 αύτήν·
677 4343 702 4391 ό
745 4343 845 4412 γὰρ
907 4349 1015 4401 τοῖς
1067 4347 1311 4411 πονηροῖς
1367 4342 1537 4410 ἔργοις
1593 4337 1854 4405 ἐπιτερπό-

255 4447 404 4500 μενος
453 4425 675 4498 δαίμων,
709 4437 798 4480 καὶ
840 4433 960 4488 τοῦς
1006 4431 1141 4478 κατά
1188 4447 1284 4478 των
1330 4430 1486 4496 αγίων
1531 4427 1852 4497 πειρασμούς

258 4516 530 4587 ἀνεγείρειν
584 4518 661 4568 ἀεὶ
717 4523 1110 4586 μηχανώμενος,
1171 4520 1260 4566 καὶ
1320 4511 1487 4571 τῆσδε
1551 4518 1641 4564 καὶ
1693 4512 1848 4564 πλείω

259 4608 352 4660 τὴν
405 4604 604 4655 λύσσαν
661 4603 1090 4676 ἐπιδεικνύμενος,
1140 4603 1228 4655 ἅτε
1301 4599 1368 4661 δὴ
1423 4606 1510 4654 καὶ
1580 4605 1707 4673 μετὰ
1757 4606 1849 4659 τὴν

262 4693 424 4763 θήραν
479 4693 570 4753 τὰς
622 4691 812 4743 ἐκείνου
869 4701 1050 4766 χεῖρας
1103 4689 1486 4764 διαφυγούσης,
1542 4693 1608 4742 τὰ
1663 4689 1847 4742 ἑαυτοῦ

260 4785 422 4831 ποιεῖν
480 4780 574 4832 ούκ
646 4781 840 4852 ἠμελει,
898 4781 1025 4834 ἀλλὰ
1099 4779 1309 4834 νεάνιδά
1389 4799 1524 4846 τινα,
1579 4785 1695 4831 τότε
1751 4787 1848 4830 τῶν

780 4876 1079 4943 συγγενείας
1155 4871 1290 4943 λόγῳ
1375 4867 1846 4944 συνδιατρίϐουσαν

257 4960 388 5028 πρός
462 4953 667 5031 οἶστρον
741 4958 1018 5032 ἀνερεθίζει
1083 4959 1332 5032 λαγνείας,
1408 4958 1439 5017 ἢ
1515 4963 1603 5010 καὶ
1680 4954 1848 5030 ἄνδρα

258 5044 388 5098 εἶναι
439 5052 532 5106 τὴν
589 5053 849 5122 μακαρίαν
916 5049 968 5111 ἐξ
1023 5050 1090 5100 ὧν
1142 5050 1276 5124 ἐώρα
1321 5049 1656 5120 λογισαμένη,
1716 5050 1846 5120 πρὸς

255 5139 312 5187 τὸ
359 5139 517 5210 ταύτῃ
573 5135 1006 5209 συγκαθευδῆσαι
1055 5138 1440 5213 προσεκαλεῖτο,
1491 5133 1626 5189 αἰδῶ
1671 5142 1844 5188 πᾶσαν

257 4877 504 4942 μοναχῶν
578 4876 681 4921 τινὶ

258 5223 566 5297 ἀποθεμένη,
627 5231 715 5279 καὶ
772 5233 1052 5300 προσώπου
1109 5233 1198 5278 καὶ
1255 5235 1350 5288 τῆς
1395 5227 1601 5298 ψυχῆς.
1653 5225 1736 5286 Ὠς
1785 5221 1843 5276 δε

253 5319 341 5366 καὶ
385 5317 611 5373 ὑπήκοον
650 5316 784 5390 ἐώρα
822 5320 950 5392 πρὸς
993 5325 1164 5385 τοῦτο,
1205 5321 1292 5368 καὶ
1334 5325 1670 5390 προτιμῶσαν
1714 5314 1844 5386 μᾶλ-

252 5402 336 5455 λον
413 5411 504 5463 τὴν
570 5407 654 5458 ἐπὶ
725 5405 862 5478 ψιλῷ
917 5414 989 5478 τῷ
1055 5402 1232 5478 ἐδάφει
1284 5411 1373 5458 καὶ
1423 5412 1540 5467 ταῖς
1585 5404 1841 5476 καμήλοις

251 5492 532 5546 κατάκλισι
600 5498 658 5547 τό
732 5492 1059 5568 ἔνδομυχοῦν
1114 5495 1279 5554 ἐκείνη
1349 5502 1441 5547 τοῦ
1499 5497 1710 5570 οἴστρου
1745 5497 1838 5565 -μὴ

249 5582 574 5638 κατασϐέσαι
600 5591 702 5659 πῦρ
750 5581 1026 5660 δυναμένη,
1059 5582 1343 5638 ἐκδίδωσιν
1387 5584 1574 5643 ἑαυτὴν
1620 5583 1694 5638 ἑνὶ
1737 5590 1838 5636 τῶν

1957 530 2228 584 membra
2257 531 2398 585 laesa
2430 533 2748 602 inungens,
2795 540 2851 588 et
2893 533 3100 588 Christi
3149 549 3370 591 nomen
3417 553 3597 609 super

1954 635 2026 674 ea
2093 624 2361 686 cantans,
2424 636 2562 676 eum
2623 622 2888 692 quidem,
2955 624 3104 677 sicut
3175 624 3353 692 prius,
3404 627 3597 683 reddit

1956 723 2218 773 sanum;
2260 708 2438 763 efﬁcit
2490 718 2715 775 autem,
2761 717 2820 765 ut
2872 711 3066 766 bestia
3110 721 3378 783 protinus
3423 716 3597 772 cade-

1953 801 2060 863 ret,
2093 802 2149 849 et
2176 795 2652 868 disrumperetur.

2026 884 2101 938 X.
2155 884 2290 938 Haec
2342 884 2439 940 illa
2489 886 2734 956 quidem
2797 885 3031 941 volebat
3085 887 3289 954 latere,
3362 895 3418 946 et
3463 896 3597 962 post

1954 973 2209 1026 reditum
2266 973 2410 1027 nihil
2457 975 2761 1044 aperiebat
2815 974 3180 1030 monachis:
3238 977 3340 1048 qui
3401 985 3597 1035 autem

1959 1059 2301 1115 beneﬁcium
2330 1061 2563 1117 fuerant
2605 1063 2884 1126 assecuti,
2917 1064 3114 1118 statim
3167 1063 3281 1135 ipsi
3336 1067 3397 1122 id
3435 1069 3596 1139 quod

1957 1147 2179 1203 factum
2247 1148 2442 1204 fuerat
2504 1152 2862 1220 renuntiant,
2927 1151 3187 1206 dicentes
3243 1169 3257 1207 :
3322 1157 3596 1210 Precibus

1956 1237 2243 1290 Theodori
2300 1237 2578 1292 liberatus
2621 1245 2710 1292 est
2756 1239 2938 1293 homo
2975 1255 3011 1293 a
3057 1242 3221 1308 gravi
3285 1251 3492 1309 morte,
3546 1249 3601 1300 et

1957 1325 2159 1378 bestiae
2185 1323 2324 1392 gula
2365 1325 2542 1379 nobis
2581 1327 2834 1380 restituit
2867 1342 3026 1391 eum,
3060 1327 3159 1399 qui
3197 1330 3327 1396 jam
3359 1339 3590 1402 captus

1957 1418 2082 1467 erat
2125 1413 2408 1466 devorari.
2464 1414 2722 1477 Quorum
2755 1415 2950 1468 verbis
2979 1416 3425 1488 obstupefactus
3451 1436 3595 1490 pran-

1957 1501 2142 1556 fectus
2176 1501 2538 1569 monasterii,
2563 1504 2844 1572 quisnam
2873 1519 3012 1558 eum
3045 1505 3289 1571 miserit,
3317 1507 3598 1563 dubitans

1955 1590 2377 1658 interrogabat.
2427 1591 2747 1661 Postquam
2781 1599 2981 1646 autem
3011 1609 3220 1648 omnes
3259 1604 3597 1664 negassent,

1961 1677 2196 1731 beatam
2235 1679 2523 1732 intuitus:
2587 1679 2726 1743 Quis
2776 1688 2886 1744 est,
2945 1681 3157 1751 inquit,
3199 1699 3234 1737 ο
3268 1684 3592 1750 Theodore,

1884 1799 1927 1853 Β
1957 1768 2077 1837 qui,
2109 1782 2245 1820 cum
2277 1774 2433 1821 esset
2472 1769 2854 1823 manifestum
2896 1770 3245 1839 periculum,
3287 1777 3344 1826 te
3386 1776 3598 1829 intem-

1959 1865 2130 1926 pesta
2203 1862 2373 1910 nocte
2447 1858 2704 1927 impulit,
2771 1862 2831 1911 ut
2882 1857 2997 1911 illic
3054 1859 3511 1929 proficiscereris
3566 1860 3594 1915 ?

1957 1944 2091 1999 Mihi
2149 1960 2286 1998 vero
2339 1947 2652 2000 constdera
2704 1950 2878 2000 rectte
2934 1949 3150 2001 animae
3219 1948 3595 2018 ﬁgmentum.

1959 2032 2078 2088 Sibi
2108 2035 2266 2088 enim
2295 2035 2620 2088 attribuens
2652 2034 3111 2105 simplicitatem,
3143 2043 3197 2090 et
3235 2053 3599 2094 conservans

1955 2122 2171 2177 fratres
2241 2128 2529 2192 tanquam
2583 2122 2726 2177 nulli
2779 2123 3013 2178 crimini
3072 2123 3279 2180 aﬂines
3342 2141 3355 2180 :
3416 2128 3598 2197 Tunc,

1957 2211 2168 2281 inquit,
2224 2216 2346 2266 tam
2395 2211 2606 2264 interni
2675 2227 2863 2283 quam
2915 2212 3139 2268 externi
3197 2213 3355 2268 oculi
3430 2220 3600 2271 erant

1958 2298 2105 2352 mihi
2137 2314 2352 2354 somno
2382 2300 2532 2354 adeo
2572 2300 2818 2369 gravati,
2855 2306 2914 2355 ut
2965 2317 3086 2356 non
3136 2303 3355 2372 possim
3409 2303 3600 2358 nomi-

1956 2390 2145 2442 natim
2176 2388 2372 2443 dicere
2410 2404 2509 2443 eos
2547 2391 2648 2460 qui
2681 2389 2986 2444 miserunt.
3041 2394 3362 2458 Aigerrime
3400 2399 3598 2446 autem

1955 2477 2181 2531 ferebat
2204 2477 2500 2542 diabolus,
2537 2478 2743 2532 videns
2781 2481 2980 2548 ipsam
3019 2480 3260 2549 quidem
3313 2480 3601 2551 supplano

1957 2569 2164 2632 tatam,
2195 2567 2409 2620 talibus
2469 2566 2722 2620 victoriis
2762 2583 2799 2622 a
2854 2582 2916 2620 se
2956 2568 3216 2621 dedecus
3265 2568 3591 2638 repulisse;

1954 2667 2017 2706 se
2046 2660 2247 2707 autem
2288 2653 2334 2706 vi
2368 2670 2499 2708 esse
2527 2661 2893 2724 superatum.
2922 2655 3158 2709 Mittens
3189 2671 3332 2726 ergo
3363 2657 3601 2712 clancu-

1955 2741 2080 2795 lum
2110 2740 2390 2807 insidiari,
2426 2754 2626 2812 aperte
2666 2744 2745 2798 ad
2783 2758 2918 2798 eam
2971 2743 3281 2808 accedens,
3333 2745 3599 2802 minatus

1955 2835 2043 2883 est
2104 2845 2165 2884 se
2236 2846 2356 2884 non
2419 2839 2788 2886 cessaturum
2863 2835 3156 2887 intentare
3221 2833 3598 2898 tentationes,

1957 2917 2147 2970 donec
2175 2917 2445 2983 effecerit,
2495 2927 2556 2972 ut
2598 2920 2734 2989 ipsa
2792 2921 2989 2983 cadat,
3048 2936 3185 2991 quae
3238 2921 3491 2976 habetur
3523 2922 3602 2977 ab

1959 3003 2243 3058 omnibus
2309 3005 2369 3058 in
2434 3006 2848 3063 admiratione.
2905 3009 3059 3062 Dixit
3113 3024 3126 3061 :
3187 3014 3244 3062 et
3292 3024 3414 3063 non
3467 3011 3603 3063 sivit

1961 3090 2216 3145 multum
2237 3093 2594 3148 intercedere
2623 3096 2908 3166 temporis
2943 3114 2956 3163 ;
2986 3095 3090 3150 sed
3120 3113 3259 3150 cum
3299 3095 3601 3152 laboraret

1961 3179 2387 3234 monasterium
2447 3182 2650 3251 inopia
2695 3183 2993 3250 frumenti,
3060 3185 3232 3254 jubet
3290 3188 3601 3256 praefectus

1960 3269 2150 3321 beatas
2201 3282 2275 3321 ne
2341 3275 2646 3322 cunctetur
2691 3287 2705 3336 ;
2758 3273 2862 3324 sed
2911 3272 3210 3342 accipiens
3256 3289 3465 3327 rursus
3515 3289 3608 3329 ca-

1964 3356 2172 3421 melos,
2221 3361 2277 3410 et
2334 3356 2558 3410 vadens
2618 3358 2678 3412 in
2745 3358 3062 3426 civitatem,
3116 3361 3196 3413 eis
3275 3366 3437 3415 emat
3486 3362 3608 3416 fru-

1961 3453 2250 3499 mentum.
2282 3443 2463 3500 Porro
2493 3452 2692 3500 autem
2729 3447 2844 3501 hoc
2878 3463 3116 3518 quoque
3162 3449 3214 3502 ei
3242 3449 3602 3518 imperatum

1959 3535 2172 3599 fuerat,
2199 3534 2358 3604 quod
2387 3536 2433 3588 si
2451 3549 2522 3590 ea
2541 3549 2660 3590 non
2676 3541 2877 3606 posset
2894 3537 3084 3591 redire
3114 3546 3250 3592 ante
3275 3553 3598 3607 vesperam,

1960 3623 2356 3678 diversaretur
2410 3624 2471 3676 in
2520 3626 2874 3680 monasterio
2926 3627 3113 3691 Nono,
3156 3630 3212 3680 et
3255 3625 3509 3681 etﬁceret
3545 3634 3606 3682 ut

1961 3712 2174 3768 cameli
2225 3711 2339 3765 illic
2425 3715 2883 3782 requiescerent.
2953 3715 3267 3768 Revertens
3377 3729 3518 3784 ergo
3573 3731 3606 3770 e

1961 3801 2212 3864 civntate,
2266 3803 2546 3870 quoniam
2570 3801 2703 3871 jam
2736 3801 2923 3856 solem
2975 3802 3212 3856 videbat
3244 3804 3305 3856 in
3359 3817 3603 3871 occasu,

1963 3890 2119 3944 venit
2147 3889 2224 3943 ad
2256 3887 2490 3942 Nonum
2523 3889 2973 3954 monasterium,
3009 3889 3162 3944 sicut
3193 3890 3244 3944 ei
3272 3889 3464 3946 fuerat
3495 3893 3604 3947 im-

1959 3985 2233 4049 peratum
2261 3992 2276 4041 ;
2315 3983 2370 4030 et
2399 3976 2562 4046 petiit
2590 3979 2703 4031 sibi
2733 3987 2792 4031 et
2829 3977 3074 4033 camelis
3103 3979 3233 4032 dari
3279 3977 3480 4034 locum
3527 3981 3606 4036 ad

1958 4067 2414 4138 quiescendum.
2434 4066 2605 4129 Quod
2629 4081 2764 4119 cum
2780 4065 2999 4121 factum
3025 4076 3195 4133 esset,
3221 4067 3352 4137 ipsa
3377 4070 3607 4139 requie~

1961 4154 2159 4207 scebat
2187 4153 2262 4205 ad
2294 4153 2476 4221 pedes
2505 4153 2895 4208 camelorum.

2034 4242 2116 4292 Xl.
2137 4240 2278 4292 Hinc
2290 4253 2429 4305 ergo
2443 4242 2627 4292 oritur
2639 4240 2778 4293 belli
2793 4242 2851 4294 in
2877 4242 3071 4311 ipsam
3088 4241 3471 4313 principium.
3493 4245 3607 4308 Qui

1961 4328 2120 4382 enim
2148 4325 2438 4397 improbis
2470 4324 2638 4380 factis
2668 4325 2992 4382 delectatur
3021 4329 3284 4396 daemon,
3315 4336 3372 4384 et
3397 4330 3604 4385 adver-

1962 4433 2062 4471 sus
2083 4421 2316 4470 sanctos
2341 4429 2575 4486 semper
2597 4414 2837 4470 molitur
2866 4416 3118 4471 excitare
3141 4418 3517 4484 tentationes,
3539 4419 3603 4474 in

1885 4485 1928 4539 D
1961 4505 2157 4577 ipsam
2185 4511 2385 4560 autem
2417 4485 2703 4573 majorem
2730 4505 2907 4559 etiam
2924 4512 3232 4562 ostentans
3260 4507 3509 4574 rabiem,
3543 4516 3605 4564 ut

1956 4610 2092 4666 quae
2122 4601 2258 4665 post
2288 4592 2664 4647 venationem
2691 4592 2992 4663 effugisset
3020 4593 3176 4649 illius
3214 4611 3454 4663 manus,
3479 4612 3601 4653 non

1955 4683 2212 4752 neglexit
2239 4682 2430 4736 facere
2461 4697 2590 4752 quae
2619 4689 2757 4735 sunt
2781 4698 2910 4746 sua,
2939 4684 3043 4736 sed
3085 4685 3418 4754 quamdam
3456 4685 3601 4740 ado-

1957 4771 2357 4835 lescentulam,
2377 4786 2512 4841 quae
2540 4776 2678 4825 tunc
2707 4772 3050 4825 versabatur
3065 4786 3204 4826 cum
3231 4772 3599 4842 quibusdam

1958 4861 2263 4917 monachis
2292 4861 2516 4915 ratione
2554 4859 3110 4929 consanguinitatis,
3149 4861 3353 4916 incitat
3385 4861 3466 4917 ad
3497 4861 3601 4917 sti-

1955 4950 2186 5007 mulum
2197 4948 2454 5004 libidinis
2487 4963 2499 5003 :
2531 4963 2667 5020 quas
2679 4949 2922 5004 beatam
2937 4948 3099 5004 illam
3117 4963 3188 5002 ex
3209 4947 3277 5003 iis
3293 4965 3430 5020 quas
3451 4949 3605 5006 vide-

1952 5040 2068 5106 bat,
2128 5040 2410 5095 arbitrata
2465 5053 2594 5092 esse
2652 5037 2845 5092 virum
2907 5037 3198 5092 invitabat
3277 5044 3341 5092 ut
3394 5053 3602 5096 secum

1951 5129 2253 5192 dormiret,
2279 5127 2553 5199 deposito
2583 5127 2751 5182 omni
2776 5126 3006 5198 pudore
3047 5130 3103 5180 et
3133 5141 3205 5181 ex
3231 5125 3394 5182 vultu
3431 5134 3490 5182 et
3524 5143 3600 5185 ex

1951 5220 2173 5275 animo.
2207 5220 2527 5288 Postquam
2570 5220 2767 5270 autem
2797 5213 2942 5269 vidit
2993 5229 3129 5269 eam
3169 5230 3290 5270 non
3329 5215 3594 5284 obedire,

1950 5314 2006 5364 et
2046 5307 2200 5363 male
2249 5306 2309 5360 in
2349 5305 2514 5360 nudo
2567 5303 2695 5359 solo
2745 5303 3008 5359 dormire
3069 5318 3251 5376 prope
3310 5305 3590 5376 camelos,

1950 5413 2070 5454 non
2095 5397 2298 5453 valens
2327 5395 2430 5451 illa
2468 5393 2814 5463 extinguere
2858 5392 3139 5449 latentem
3182 5394 3343 5450 intus
3392 5395 3595 5466 ignem

1948 5487 2229 5555 libidinis,
2273 5485 2376 5540 dat
2420 5498 2482 5539 se
2525 5481 2628 5538 uni
2659 5496 2729 5538 ex
2775 5481 2848 5537 iis
2889 5481 2993 5554 qui
3037 5480 3156 5538 illic
3197 5483 3590 5552 dormiebant,

1947 5579 2050 5653 qui
2070 5577 2196 5650 ipse
2220 5587 2460 5646 quoque
2509 5576 2632 5630 erat
2659 5571 2870 5640 viator,
2920 5576 2977 5628 et
3020 5571 3085 5628 in
3115 5573 3368 5638 transitu
3396 5573 3599 5632 diver-
