4142 6278
592 294 698 352 679
1601 333 1618 347 ,
1890 269 2151 327 MENSIS
2192 266 2642 327 SEPTEMBER.
3837 277 3943 333 680

592 424 754 475 satus
775 420 903 473 erat
930 414 991 471 in
1020 409 1399 469 monasterio.
1432 405 1575 460 Cum
1610 403 1658 455 is
1691 413 1851 468 ergo,
1884 396 1985 468 qui
2014 396 2200 450 fecera

2339 396 2501 448 ἐκεῖσε
2543 393 3057 469 προσκαθευδόντων,
3115 394 3264 469 ὀδίτη
3324 402 3414 449 καὶ
3467 398 3606 469 αύτῷ
3666 404 3795 464 ὄντι,
3851 409 3939 455 καὶ

588 508 981 579 iniquitatem,
1024 504 1129 556 sub
1171 512 1448 555 auroram
1488 490 1824 547 recessisset
1862 486 1920 540 in
1969 501 2106 539 eum
2146 483 2200 537 lo

2338 484 2390 536 ἐκ
2450 484 2684 559 παρόδου
2742 495 2800 557 τῇ
2858 495 2985 558 μονῇ
3046 486 3417 541 καταλύσαντι.
3463 495 3565 540 Τοῦ
3616 495 3787 542 τοίνυν
3845 499 3937 548 τήν

591 612 749 659 cum,
802 593 958 648 unde
1007 591 1391 661 processerat,
1441 580 1767 654 procedens
1818 581 2054 645 tempus
2100 573 2224 642 jam

585 684 1081 739 intumescentem
1115 673 1463 731 ostendebat
1491 676 1724 724 uterum
1774 662 2042 732 virginis.
2085 663 2226 726 Quae

586 788 622 828 a
659 770 926 841 cognatis
976 769 1335 832 interrogata
1364 777 1399 816 a
1451 774 1575 831 quo
1622 757 1734 810 hoc
1789 755 2007 809 factum
2050 753 2222 814 esset,

585 862 743 925 dixit,
775 857 1153 913 Theodorum
1187 850 1541 907 monachum
1575 841 1987 901 Octavidecimi
2022 855 2226 894 mona-

585 951 741 1005 sterii
764 964 899 1003 cum
923 962 991 1000 ea
1011 944 1275 998 coivisse.
1300 941 1388 1004 Iis,
1418 953 1551 1007 quae
1575 936 1729 989 dicta
1752 932 2000 998 fuerant,
2023 928 2222 982 statim

581 1041 828 1094 credunt
858 1033 1153 1089 monachi.
1186 1030 1333 1084 Nam
1373 1027 1475 1097 qui
1505 1025 1691 1079 beatas
1723 1021 1988 1076 minatus
2036 1016 2224 1071 fuerat

585 1128 930 1182 tentationes
995 1122 1192 1176 docuit
1255 1118 1436 1172 etiam
1500 1113 1757 1185 puellam
1826 1110 1937 1163 hoc
2005 1107 2217 1175 dicere,

584 1222 639 1271 et
686 1215 812 1269 illos
888 1211 1146 1267 credere.
1222 1205 1439 1259 Deinde
1499 1218 1634 1256 cum
1704 1196 2092 1252 accessissent
2145 1194 2222 1248 ad

584 1302 1031 1364 monasterium,
1086 1298 1187 1351 ubi
1232 1311 1293 1349 se
1338 1291 1645 1347 exercebat
1694 1287 1794 1340 illa
1842 1284 2031 1345 beata,
2082 1299 2217 1336 cum

584 1408 806 1463 magna
831 1388 1249 1446 vociferatione
1278 1390 1334 1438 et
1364 1380 1615 1437 tumultu
1667 1375 1945 1430 dicebant
1976 1392 1988 1425 :
2038 1372 2220 1427 Theo-

583 1482 785 1545 dorus,
826 1480 927 1551 qui
961 1483 1044 1532 est
1078 1474 1238 1546 apud
1281 1488 1385 1526 vos
1430 1466 1777 1527 monachus,
1832 1478 1950 1517 non
2000 1460 2218 1515 veritus

580 1576 670 1625 est
718 1574 944 1624 tantum
993 1565 1297 1620 admittere
1351 1558 1657 1629 ﬂagitium.
1726 1557 1949 1623 Rogata
2017 1556 2216 1604 autem

580 1675 616 1714 a
646 1657 935 1729 praefecto,
988 1670 1063 1709 an
1114 1667 1237 1706 rem
1288 1650 1516 1703 fecisset
1560 1652 1681 1700 tam
1722 1638 2216 1701 abominandam,

579 1726 712 1817 ipsa
766 1745 908 1799 dixit
944 1743 995 1796 ei
1046 1756 1108 1794 se
1182 1754 1303 1792 non
1352 1736 1574 1790 habere
1627 1748 1752 1786 rem
1812 1729 1991 1784 ullam
2052 1726 2200 1795 cujus

2327 1728 2541 1802 ἔφριξεν.
2592 1730 2670 1790 Εἰς
2717 1729 2990 1801 ἐρωτήσεις
3035 1728 3120 1783 οὖν
3170 1731 3390 1784 ἐλθοῦσα
3437 1736 3579 1804 παρὰ
3623 1743 3709 1786 τοῦ
3758 1738 3916 1805 ἡγουο

572 1815 704 1905 jure
752 1836 1068 1887 teneretur.
1116 1834 1303 1897 Atque
1358 1825 1433 1878 illi
1495 1822 1739 1895 quidem
1797 1825 1935 1874 tunc
1996 1831 2200 1870 revers.

2325 1823 2496 1887 μένου,
2550 1820 2593 1870 εἰ
2645 1819 2893 1892 κατῆρξεν
2946 1820 3079 1871 οὕτω
3151 1816 3409 1895 βδελυροῖς
3472 1824 3720 1896 πράξεως,
3784 1828 3913 1883 αὕτη

576 1930 714 1979 sunt
737 1922 812 1979 ad
841 1936 1015 1975 suum
1049 1913 1494 1973 monasterium.

2328 1913 2542 1978 πρᾶγμα
2588 1913 2658 1979 μή
2730 1910 2869 1979 ἔχειν
2925 1905 3031 1960 εἷπε
3094 1913 3220 1981 πρὸς
3290 1910 3444 1961 αὐτὸν
3508 1914 3692 1982 ἐνοχής
3750 1914 3915 1976 οἷξιον.

2324 1994 2539 2047 Ἐκεῖνοι
2620 1998 2708 2068 μὲν
2779 1992 2864 2048 οὖν
2939 2002 3051 2049 τότε
3107 2001 3230 2072 πρὸς
3304 1996 3444 2051 ἰδίαν
3530 2006 3683 2072 μονήν
3766 2002 3913 2055 ἐπαν-

2337 573 2548 644 ἀνομίαν
2602 576 2975 649 ἐργασαμένου,
3011 578 3109 627 ὑπὸ
3168 582 3260 633 τήν
3308 578 3370 628 ἕω
3418 586 3512 638 τῆς
3561 588 3723 649 μονῆς
3764 580 3937 652 ἐκχωο

2333 668 2604 735 ρήσαντος,
2656 670 2743 715 καὶ
2792 672 2885 726 τῆς
2934 666 3082 726 ὁσίας
3130 665 3183 727 ἐξ
3235 666 3295 717 οὗ
3344 666 3595 737 προῆλθεν
3651 667 3935 722 ἀνασωθεί-

2335 770 2450 813 σης,
2504 754 2529 809 ἱ)
2583 760 2672 804 τοῦ
2728 758 2923 826 χρόνου
2970 757 3283 824 παράτασις,
3321 756 3594 827 αἰρομένην
3642 754 3750 815 ἤδη
3808 764 3933 830 πρὸς

2332 845 2483 911 ὄγκον
2514 846 2605 899 τὴν
2649 847 2879 914 γαστέρα
2926 850 3013 901 τῆς
3058 847 3211 915 κόρης
3244 840 3464 895 ἐδείκνυ·
3501 850 3589 897 καὶ
3619 848 3731 897 ὅθεν
3773 857 3930 901 τοῦτο

3132 932 3287 984 εἰπεῖν
3382 932 3713 1005 ἀνακρινομέν
3724 956 3749 991 a
3844 942 3927 989 τόν

2331 933 2472 1002 παρὰ
2573 939 2669 981 τῶν
2767 940 3027 1001 συγγενῶν

2330 1022 2583 1088 μοναχὸν,
2644 1018 2766 1083 εἷπε,
2828 1017 3121 1093 Θεόδωρον,
3198 1025 3284 1072 τὸν
3362 1031 3455 1082 τῆς
3529 1022 3921 1078 Ὀκτωδεκάτον

2329 1115 2508 1175 μονῆς,
2560 1108 2689 1178 αὐτῇ
2748 1112 3135 1180 συμφθαρῆναι.
3185 1113 3527 1162 Πιστεύουσιν
3586 1113 3773 1165 αὐτίκα
3818 1124 3922 1175 τοῖς

2328 1195 2589 1265 λεχθεῖσιν
2641 1199 2689 1247 οὶ
2740 1200 3063 1267 μοναχοί·ό
3112 1201 3210 1272 γὰρ
3254 1207 3314 1271 τῇ
3358 1205 3594 1273 μακαρίᾳ
3650 1206 3773 1262 τούς
3820 1223 3922 1254 πει-

2326 1289 2559 1354 ρασμούς
2635 1282 3121 1356 διαπειλησάμενος,
3200 1293 3288 1339 καὶ
3357 1292 3451 1347 τήν
3532 1296 3691 1362 κόρην
3773 1302 3921 1344 τοῦτο

2328 1373 2483 1443 λέγειν
2534 1370 2803 1439 ἐδίδασκε,
2856 1374 3119 1435 κάκείνους
3175 1380 3455 1429 πιστεύειν.
3512 1377 3635 1430 Εἶτα
3680 1388 3739 1451 τῇ
3793 1390 3918 1451 pavi,

2325 1462 2710 1534 προσελθόντος,
2770 1466 2897 1536 ήπερ
2974 1462 3113 1535 εἶχεν
3190 1464 3514 1537 ἀσκουμένην
3589 1472 3681 1525 τήν
3756 1490 3923 1539 μακα-

2325 1556 2440 1623 ρίαν
2499 1558 2589 1602 σύν
2642 1552 2740 1624 βοῇ
2792 1558 2880 1604 καὶ
2937 1553 3157 1625 θορύϐῳ.
3204 1552 3496 1627 Θεόδωρος,
3549 1557 3795 1628 ἓλεγον,ό
3845 1559 3919 1630 ἐφ’

2327 1641 2461 1711 ὑμᾶς
2513 1641 2639 1693 τελεί
2712 1646 2967 1713 μοναχός,
3018 1640 3220 1695 τοιόνδε
3277 1652 3444 1715 μῦσος
3510 1648 3753 1719 πράττειν
3829 1649 3920 1699 οὐκ

2322 2088 2584 2156 έστρεφον.

2395 2173 2493 2228 IB’.
2540 2173 2627 2233 Ὠς
2677 2171 2736 2225 δὲ
2788 2181 2876 2225 καὶ
2923 2178 2979 2226 τὸ
3030 2173 3215 2248 βρέφος
3262 2179 3446 2247 τεχθὲν
3502 2174 3609 2237 ἤδη
3664 2180 3916 2253 προῆλθεν

2322 2262 2391 2322 εἰς
2435 2270 2553 2332 φῶς,
2609 2260 2852 2334 ἀράμενοι
2895 2269 3067 2331 τοῦτο,
3114 2267 3249 2315 κατὰ
3296 2270 3461 2336 μέσην
3507 2268 3626 2318 ἔνθα
3674 2270 3703 2325 ἡ
3752 2290 3918 2340 μακα-

2318 2356 2409 2424 ρία
2440 2348 2593 2421 διῆγε
2622 2356 2715 2409 τήν
2759 2356 2917 2422 μονήν
2971 2350 3372 2426 ἀπορρίπτουσι.
3406 2361 3568 2407 Τοῦτο
3610 2352 3669 2408 δὲ
3718 2359 3919 2419 πάντως

2319 2436 2565 2510 μεθοδεία
2620 2445 2707 2491 καὶ
2758 2444 2918 2511 τέχνη
2972 2448 3062 2492 τοῦ
3112 2437 3402 2513 δυσμενοῦς
3450 2440 3509 2500 ήν
3562 2444 3790 2513 ἀθυμίαν
3834 2447 3918 2513 ἐμ-

2319 2528 2508 2592 ϐαλλεῖ,
2560 2528 2689 2599 αύτῇ
2746 2526 3138 2591 σπουδάζοντος
3191 2528 3451 2602 ἐμποδιών
3500 2552 3555 2583 τε
3598 2536 3664 2584 τὰ
3714 2502 3918 2587 omne)?

2316 2625 2635 2689 παρασχεῖν.
2672 2618 2803 2669 Ἀλλ’
2838 2618 2908 2679 εἰς
2951 2622 3119 2689 μάτην
3168 2639 3250 2670 σοι
3296 2625 3384 2671 καὶ
3428 2618 3580 2682 αὖθις
3622 2626 3688 2674 τὰ
3713 2622 3915 2699 ἓνεδρα,

2316 2711 2521 2779 πονηρὲ,
2582 2706 2769 2777 μᾶλλον
2823 2704 2880 2757 δὲ
2953 2707 3045 2759 οὐκ
3098 2708 3163 2767 εἰς
3218 2711 3407 2780 μάτην,
3462 2708 3590 2761 ἀλλὰ
3642 2719 3732 2764 καὶ
3785 2718 3917 2766 κατὰ

2319 2802 2412 2845 σοῦ
2465 2799 2862 2866 τεκταινόμενα·
2916 2798 3086 2869 ὥσπερ
3143 2798 3220 2857 οἷς
3275 2805 3492 2869 τρώσειν
3550 2800 3776 2862 ἤλπισας
3824 2805 3915 2854 αῦ-

2314 2891 2422 2943 τοὶς
2478 2884 2681 2943 ἐκείνοις
2737 2891 2844 2944 τοῖς
2905 2883 3079 2956 βέλεσι
3137 2886 3467 2947 πληττούσης
3529 2907 3587 2939 σε
3644 2898 3737 2950 τῆς
3801 2911 3909 2960 γεν-

2310 2977 2476 3033 ναίας.
2527 2976 2589 3024 Τί
2643 2976 2742 3046 γαρ
2793 2977 2849 3023 τό
2906 2972 3366 3047 ἐντεῦθεν;πατήρ
3424 2972 3553 3027 εἶναι
3612 2982 3903 3031 πιστεύεται

644 2187 757 2242 XII.
811 2186 1137 2255 Postquam
1203 2184 1401 2235 autem
1453 2175 1645 2230 infans
1693 2174 1821 2243 jam
1871 2171 2061 2226 editus
2107 2170 2213 2225 fuit

572 2275 633 2330 in
676 2275 889 2338 lucem,
922 2288 1060 2327 eum
1120 2269 1405 2331 tollentes,
1451 2263 1772 2337 projiciunt
1824 2261 1884 2315 in
1943 2259 2209 2314 medium

573 2362 1018 2424 monasterium,
1052 2361 1111 2413 in
1154 2373 1275 2428 quo
1324 2360 1448 2410 erat
1475 2353 1572 2407 illa
1609 2352 1803 2406 beata.
1840 2352 1955 2403 Hoc
2009 2355 2207 2403 autem

571 2458 696 2507 erat
740 2450 965 2505 insidias
1016 2454 1071 2503 et
1136 2445 1448 2501 artiﬁcium
1518 2439 1761 2504 inimici,
1818 2439 2108 2493 studentis
2155 2438 2206 2493 ei

570 2540 808 2610 injicere
861 2537 1045 2593 animi
1112 2533 1546 2603 aegritudinem,
1619 2536 1675 2584 et
1740 2528 1867 2598 ejus
1914 2527 2205 2598 impedire

567 2628 916 2683 institutum.
959 2625 1073 2679 Sed
1111 2623 1326 2677 frustra
1376 2636 1577 2674 rursus
1628 2634 1663 2671 a
1715 2623 1787 2681 te,
1829 2632 1866 2670 ο
1925 2614 2203 2683 maligne,

568 2722 792 2789 paratae
833 2720 969 2769 sunt
1010 2712 1279 2780 insidiae;
1310 2710 1430 2763 imo
1481 2723 1613 2762 vero
1663 2721 1782 2760 non
1834 2704 2066 2767 frustra,
2102 2704 2205 2757 sed

559 2820 664 2859 eas
690 2805 749 2859 in
774 2803 1023 2873 teipsum
1056 2817 1118 2855 es
1149 2797 1549 2859 machinatus,
1574 2801 1626 2849 te
1653 2794 1891 2848 feriente
1918 2808 2204 2861 generosa

566 2893 809 2947 muliere
859 2891 968 2945 illis
999 2889 1142 2959 ipsis
1188 2887 1333 2955 telis,
1383 2885 1601 2957 quibus
1634 2890 1687 2937 te
1736 2898 1868 2936 eam
1921 2881 2201 2951 sperabas

562 2982 987 3036 sauciaturum.
1021 2977 1169 3042 Quid
1194 2976 1352 3030 enim
1380 2974 1517 3028 hinc
1548 2971 1923 3042 consequitur
1953 2969 1980 3023 ‘I
2008 2968 2199 3023 Infan-

563 3070 633 3125 tis
660 3085 790 3124 esse
832 3074 1000 3139 pater
1028 3065 1282 3120 creditur
1332 3062 1679 3126 Theodora;
1730 3059 1959 3114 silentio
1999 3064 2195 3113 autem

2311 3070 2395 3113 τοῦ
2444 3066 2629 3119 νηπίου
2679 3063 2707 3117 ἡ
2760 3058 3029 3134 Θεοδώρα,
3081 3069 3203 3134 σιγῇ
3255 3082 3307 3114 τε
3359 3068 3451 3121 τήν
3492 3072 3906 3139 κατακρίνουσαν

558 3158 770 3227 accipit
798 3170 1119 3226 eam,,quae
1151 3154 1337 3222 ipsam
1375 3152 1755 3213 condemnat,
1799 3147 2194 3213 sententiam;

2311 3149 2477 3221 ψῆφον
2533 3148 2768 3221 δέχεται,
2813 3154 2902 3201 καὶ
2949 3150 3088 3219 αύτῴ
3140 3150 3319 3225 βρέφει
3360 3161 3447 3212 τῆς
3482 3163 3643 3223 μονῆς
3689 3154 3902 3230 ἐξορίζε-

557 3255 614 3301 et
667 3245 843 3301 simul
906 3259 1042 3299 cum
1096 3241 1318 3296 infante
1380 3239 1689 3309 expellitur
1734 3253 1764 3292 e
1814 3236 2193 3291 monasterio.

2311 3259 2411 3293 ται.
2453 3242 2671 3299 Τιθηνός
2721 3236 2806 3289 οὖν
2852 3240 2980 3297 αύτή
3029 3246 3245 3311 γίνεται,
3298 3247 3389 3293 καὶ
3433 3244 3519 3293 οἷα
3564 3249 3738 3318 μήτηρ
3786 3265 3905 3297 παι-

554 3337 684 3405 Ipsa
722 3334 920 3404 itaque
978 3331 1042 3385 ﬁt
1097 3332 1311 3394 nutrix,
1381 3335 1435 3383 et
1471 3332 1763 3397 tanquam
1820 3331 2005 3396 pater,
2058 3340 2194 3377 eum

2311 3324 2572 3399 δοτροφεῖν
2626 3328 2996 3398 ἀναγκάζεται,
3045 3329 3266 3400 γάλακτι
3323 3333 3412 3401 μὲν
3455 3331 3746 3405 προϐάτων,
3794 3333 3901 3387 ἐπεὶ

555 3424 784 3493 cogitur
826 3422 1001 3484 alere,
1035 3421 1183 3475 lacte
1224 3417 1470 3489 quidem
1517 3415 1720 3469 ovium
1771 3414 1985 3484 (neque
2035 3412 2193 3465 enim

2311 3420 2375 3486 μή
2424 3416 2586 3477 άλλως
2616 3413 2747 3487 εἶχε,
2782 3420 2839 3467 τὸ
2868 3420 3085 3487 νεογενὲς
3116 3417 3496 3490 ἁποτρέφουσα,
3530 3423 3641 3494 ἔρια
3694 3420 3773 3487 δὲ,
3806 3422 3899 3475 κὰ-

552 3517 781 3582 poterat
837 3509 1024 3579 aliter)
1077 3507 1363 3562 infantem
1410 3519 1602 3575 nuper
1642 3508 1847 3557 natum
1881 3500 2191 3566 nutriens;

2311 3513 2445 3556 νιεῐνα
2494 3508 2635 3577 παρά
2686 3514 2782 3557 τῶν
2836 3511 3086 3577 ποιμένων
3140 3507 3380 3575 αἰτοῦσα,
3437 3514 3520 3560 καὶ
3573 3509 3644 3568 εἰς
3700 3517 3895 3580 χρείαν

549 3599 718 3653 lanas
749 3604 941 3652 autem
960 3602 1159 3667 petens
1182 3601 1237 3649 et
1258 3595 1437 3649 etiam
1459 3609 1494 3647 a
1512 3591 1871 3663 pastoribus,
1906 3589 1983 3643 ad
2016 3606 2190 3644 usum

2311 3594 2502 3667 Ξιμφίων
2549 3602 2715 3646 ταῦτα
2768 3604 2832 3664 τῷ
2872 3592 3027 3647 παιδὶ
3079 3593 3457 3667 σχεδιάζουσα.
3493 3596 3643 3648 Ἀλλά
3688 3602 3770 3658 τίς
3822 3599 3887 3651 ἂν

548 3686 725 3741 vestis
765 3702 865 3740 eas
909 3700 1091 3754 puero
1139 3682 1415 3737 contexit.
1470 3680 1581 3735 Sed
1624 3679 1902 3750 quisnam
1952 3679 2189 3733 animus

2311 3690 2389 3736 ιαὶ
2426 3684 2578 3755 ψυχή
2620 3680 2939 3756 παρεδέξατο
2995 3682 3297 3757 βαρυτάτην
3343 3685 3468 3737 ούτω
3498 3691 3876 3757 συκοφαντίας

564 3733 723 3741 .-----
768 3733 862 3740 -_-
910 3733 1084 3754 rw---
1145 3733 1411 3737 _-_--_--.
1481 3733 1528 3735 _,
1642 3733 1665 3750 ι

548 3774 841 3843 acceperit
881 3771 1031 3825 adeo
1100 3785 1344 3838 gravem
1400 3767 1762 3821 calumniam
1818 3765 1847 3819 ?
1899 3769 2187 3831 Quaenam

2322 3733 2388 3736 VV_'
2438 3733 2453 3754 Ῐ
2480 3733 2575 3755 Vh“
2627 3733 2631 3734 ν
2667 3733 2932 3756 ⁷⁷Γ““’¹¹Π⁷ή
2995 3733 3003 3755 Ι
3041 3733 3287 3757 ῨΤ⁷“““’Ἰ’
3349 3733 3464 3737 “””
3505 3733 3826 3757 ’ήῗήνῖή’ή⁷”⁷’
3858 3733 3876 3757 ,

2311 3780 2433 3826 [Ιοία
2487 3771 2545 3826 δε
2594 3779 2681 3825 καὶ
2729 3779 2846 3847 χεὶρ
2898 3773 2989 3825 οὐκ
3040 3774 3098 3824 ἆν
3143 3772 3464 3848 ἐδυσχέρανε
3510 3778 3629 3848 πρός
3674 3774 3878 3846 ἐπαχθῆ

550 3866 749 3916 autem
787 3875 999 3913 manus
1048 3873 1167 3911 non
1216 3871 1369 3924 aegre
1425 3854 1649 3909 tulisset
1702 3859 1820 3908 tam
1868 3856 2185 3911 molestum

2311 3866 2541 3920 τοιαύτην
2593 3864 2914 3933 ὑπηρεσίαν;
2973 3861 3098 3919 Ἐτη
3157 3866 3257 3937 γὰρ
3314 3864 3443 3915 ἑπτὰ
3498 3866 3865 3937 παρετάθησαν

549 3944 971 4003 ministerium?
999 3944 1203 4016 Spatio
1216 3944 1376 3998 enim
1408 3947 1631 4012 septem
1653 3956 1949 3997 annorum
1969 3942 2188 3999 afﬂicta

2600 3910 2914 3933 ""'l"'"'"
3000 3910 3096 3919 —"'
3164 3910 3252 3937 αττ
3315 3910 3443 3915 """
3501 3910 3888 3937 ""t'""""""

2311 3951 2345 4002 ἓν
2403 3952 2474 4010 οἷς
2527 3950 2865 4022 ἐταλαιπώρει
2920 3957 3135 4021 γυναίου
3197 3956 3369 4024 φύσις,
3425 3951 3463 4005 ὦ
3540 3960 3675 4006 Θεοῦ
3730 3956 3895 4006 πάντα

544 4037 654 4093 fuit
710 4039 835 4091 haec
893 4035 1083 4091 beata.
1153 4034 1196 4089 Ο
1256 4031 1377 4095 Dei,
1437 4031 1538 4102 qui
1596 4036 1809 4086 cuncta
1866 4031 2182 4096 intuimini,

2311 4038 2567 4099 Βλέποντες
2646 4038 2922 4109 ὀφθαλμοὶ,
2998 4037 3247 4098 διαϐολήν
3327 4046 3554 4112 ματαίαν
3628 4042 3891 4113 καταψευ-

544 4126 719 4191 oculi,
751 4125 913 4179 inani
945 4130 999 4178 et
1039 4122 1186 4178 falsa
1239 4136 1483 4192 opressa
1538 4119 1859 4186 calumnia,
1920 4125 2032 4175 etc
2062 4136 2186 4176 mo-

2311 4131 2502 4191 τθεῐσα,
2534 4134 2621 4179 καὶ
2652 4136 2743 4187 τῆς
2775 4136 2935 4197 μονῆς
2966 4128 3059 4191 ἔξω
3091 4129 3368 4201 βληθεῖσα,
3402 4135 3491 4181 καὶ
3523 4126 3671 4182 οὐδὲν
3704 4136 3889 4202 μικρό-

542 4188 801 4271 nasterio
848 4213 1053 4283 ejecta,
1088 4211 1230 4267 nihil
1270 4188 1469 4282 pusilli
1511 4213 1567 4264 et
1616 4208 1832 4279 abjecti
1866 4210 2048 4265 animi
2081 4216 2186 4265 aut

2311 4217 2468 4288 μυχόν
2511 4237 2562 4268 τι
2609 4221 2697 4267 καὶ
2749 4215 2947 4286 ἀγεννὲς
2995 4218 3023 4275 ἡ
3076 4215 3293 4290 ἔδρασεν
3343 4220 3372 4276 ἦ
3434 4188 3732 4290 ἐφθέγξατδ,
3782 4188 3885 4270 ἀλλ’

540 4304 693 4369 fecit,
746 4307 850 4357 aut
888 4308 972 4356 est
1034 4301 1233 4356 locuta
1292 4315 1304 4354 :
1360 4298 1456 4354 sed
1516 4297 1646 4353 talis
1701 4298 1902 4370 probri
1969 4299 2181 4369 delegit

2311 4305 2447 4356 ,ἵλετο
2495 4308 2741 4364 τοιαύτης
2790 4303 2997 4375 ἀτιμίαν
3044 4306 3327 4377 αἰσχύνης,
3379 4306 3441 4357 ἶν’
3489 4309 3611 4379 ὅπερ
3663 4308 3886 4379 αἰσχρόν

538 4391 952 4461 ignominiam,
997 4395 1057 4444 ut
1094 4390 1259 4459 quod
1314 4394 1482 4458 turpe
1536 4386 1670 4441 fecit
1716 4388 1942 4452 volens,
1974 4403 2178 4441 rursus

2727 4360 2739 4364 ⁷
2876 4362 2884 4375 ι
3138 4360 3179 4377 ’ν
3264 4360 3327 4370 “’¹
3583 4360 3590 4381 Ι
3756 4360 3809 4379 Ν

2311 4394 2473 4468 ’πραξε
2527 4392 2836 4465 βουλομένη,
2898 4393 3111 4445 ἑκουσία
3162 4394 3312 4445 πάλιν
3368 4395 3599 4467 αἰσχύνῃ
3659 4416 3880 4447 κατακα-

540 4442 875 4535 vooluntario
924 4442 1139 4545 tegerejt
1190 4442 1501 4540 dedecore,
1555 4480 1613 4528 et
1655 4491 1807 4545 quos
1858 4442 1977 4530 non
2010 4476 2181 4530 latuit

2318 4442 2471 4468 ’⁷Γ““ῗ“
2527 4442 2551 4465 Γ
2573 4442 2637 4444 'V’
2667 4442 2747 4463 ⁷(Ὕ
2790 4442 2836 4460 "’
2901 4442 3002 4444 {7"
3026 4442 3109 4445 “’“
3166 4442 3304 4445 ”’“““’
3370 4442 3597 4467 "“NVV'A'
3660 4442 3860 4447 ""‘nv'ﬁ

2311 4485 2448 4554 .ύψῃ,
2529 4487 2618 4534 καὶ
2688 4481 2774 4543 οὓς
2856 4482 2949 4532 οῦκ
3024 4483 3194 4535 ἔλαθεν
3276 4483 3569 4555 ὀφθαλμούς
3642 4493 3881 4555 πρότερον

538 4568 743 4624 oculos
800 4567 964 4637 prius
1024 4564 1249 4619 malum
1307 4562 1547 4629 faciens,
1604 4562 1863 4633 placaret
1920 4580 2174 4625 rursus:

2362 4534 2372 4552 ι
2404 4534 2448 4554 τι
2760 4534 2773 4543 ·
3158 4534 3161 4535 ⁷
3311 4534 3320 4555 ι
3352 4534 3357 4535 ⁷
3439 4534 3447 4555 ι
3555 4534 3569 4544 ι
3646 4534 3653 4535 ί
3681 4534 3689 4557 ι
3726 4534 3734 4535 ί
3755 4534 3819 4546 ηπ
3840 4534 3848 4535 ί

2311 4575 2343 4622 ’ὁ
2420 4576 2639 4644 πονηρόν
2719 4572 3040 4642 πράττουσα,
3107 4574 3394 4644 θεραπεύσῃ
3464 4573 3639 4638 πάλιν,
3700 4578 3882 4644 μόνους

538 4673 638 4713 eos
665 4655 821 4711 solos
868 4653 1092 4708 habens
1132 4657 1324 4712 testes,
1382 4668 1519 4705 cum
1558 4630 1639 4705 rei
1695 4652 1981 4722 improbae
2011 4653 2179 4706 susti-

2311 4680 2487 4731 χουσα
2552 4662 2815 4733 μάρτυρας
2889 4668 3115 4733 πονηροῦ
3188 4663 3516 4733 πράγματος,
3588 4660 3871 4732 ἀνεχομένη

536 4752 697 4801 nerei
752 4742 1133 4800 calumniam.
1183 4739 1349 4805 Quali
1411 4747 1611 4794 autem
1660 4739 1899 4795 vivendi
1954 4742 2175 4797 ratione

2311 4752 2648 4821 ⁵υκοφαντίοιν.
2706 4750 2806 4799 Οἷα
2863 4745 2920 4800 δὲ
2988 4752 3116 4819 μετὰ
3181 4758 3278 4800 τῶν
3333 4750 3494 4801 ἀλλων
3550 4755 3639 4801 καὶ
3700 4747 3874 4820 διαίτη

535 4836 800 4890 utebatur
865 4847 1003 4886 cum
1068 4829 1195 4884 aliis
1254 4829 1280 4881 ?
1349 4826 1432 4881 Illi
1507 4827 1666 4882 enim
1743 4829 2171 4886 nutrimentum

532 4930 700 4978 erant
739 4921 940 4976 herbas
984 4923 1263 4988 agrestes,
1324 4923 1499 4988 potus
1548 4923 1745 4971 autem
1817 4923 1943 4974 erat
1989 4936 2166 4991 aqua,

531 5028 665 5083 quas
722 5026 753 5066 e
808 5010 938 5063 lacu
990 5012 1289 5077 utcunque
1341 5006 1414 5060 ab
1468 5021 1537 5060 eo
1590 5005 1996 5071 hauriebatur,
2054 5009 2170 5065 nisi

531 5100 702 5153 malis
747 5099 961 5163 dicere,
1020 5096 1149 5166 ejus
1198 5096 1502 5165 lacrymae.
1558 5094 1793 5149 Nullum
1834 5098 1993 5151 enim
2041 5106 2165 5155 erat

530 5193 779 5256 tempus,
834 5203 954 5257 quo
1003 5200 1087 5239 eae
1137 5200 1256 5239 non
1308 5184 1614 5238 eftluerent
1666 5200 1733 5238 ex
1787 5185 1913 5254 ejus
1944 5187 2159 5252 oculis,

529 5274 681 5327 adeo
712 5280 772 5327 ut
810 5274 1076 5329 Psalmus
1132 5272 1191 5327 in
1245 5289 1314 5328 ea
1368 5272 1746 5344 impleretur:
1787 5277 1904 5329 «Et
1953 5282 2157 5346 potum

527 5375 727 5414 meum
779 5377 915 5416 cum
945 5362 1086 5414 fletu
1140 5362 1468 5417 miscebam
1496 5364 1539 5419 ⁷.
1591 5383 1614 5414 υ
1674 5364 1764 5419 Sic
1822 5378 1963 5433 ergo
2021 5382 2158 5422 cum

527 5460 745 5513 corpus
794 5447 847 5500 ei
884 5448 1245 5516 liquesceret,
1279 5456 1336 5508 et
1363 5451 1777 5522 negligeretur,
1810 5457 1983 5511 erant
2031 5456 2160 5528 qui-

598 5542 618 5576 "
653 5542 803 5599 Psal.
830 5559 907 5611 Cl,
949 5547 1031 5597 10.

2283 4837 2513 4910 ἐχρῆτος
2568 4841 2739 4910 Τροφή
2788 4840 2876 4908 μὲν
2924 4840 3023 4909 γὰρ
3075 4836 3236 4910 ἐκείνῃ
3286 4842 3343 4889 τό
3394 4837 3448 4889 ἐκ
3494 4846 3593 4889 τῶν
3650 4837 3877 4909 βοτανῶν

2281 4929 2400 4978 ὅσον
2453 4928 2628 4999 οἷρτον,
2674 4929 2829 4976 ποτὸν
2880 4922 2939 4977 δὲ
2984 4929 3039 4977 τὸ
3088 4928 3141 4977 ἐκ
3187 4934 3281 4987 τῆς
3324 4927 3507 4999 λίμνης
3555 4925 3878 4999 ἀμωσγέπως

2280 5014 2407 5085 αύτῇ
2467 5014 2764 5085 ἀρυόμενον,
2825 5015 2868 5065 εἰ
2925 5020 2994 5085 μή
3054 5020 3142 5066 καὶ
3195 5016 3385 5085 μᾶλλον
3440 5019 3603 5075 εἴποις
3663 5021 3721 5067 τό
3780 5026 3877 5066 τῶν

2279 5100 2552 5175 δακρύων·
2590 5107 2682 5154 οὐκ
2736 5100 2795 5160 ἦν
2848 5107 2945 5175 γὰρ
3002 5105 3083 5155 ὅτε
3136 5104 3229 5155 οῦκ
3287 5104 3493 5177 ἀπέρρει
3539 5107 3736 5165 ταύτης
3780 5113 3877 5155 τῶν

2277 5191 2565 5263 ὀφθαλμῶν,
2602 5194 2666 5251 ὡς
2714 5195 2770 5243 τὸ
2816 5200 2914 5242 τῶν
2958 5192 3177 5263 Ψαλμῶν
3229 5193 3305 5243 ἐπ’
3338 5194 3465 5264 αῦτη
3520 5192 3875 5265 πληροῦσθαι·

2276 5301 2301 5326 ‹‹
2339 5284 2436 5331 Καὶ
2482 5285 2537 5331 τό
2577 5285 2720 5351 πόμα
2766 5300 2866 5352 μου
2897 5284 3023 5352 μετά
3064 5281 3329 5351 κλαυθμοῦ
3372 5281 3601 5355 ἐκίρνων.
3637 5301 3664 5333 ›>
3705 5282 3881 5342 Οὕτως

2274 5363 2359 5418 οὖν
2408 5368 2535 5439 αὐτῇ
2592 5375 2682 5419 τοῦ
2733 5374 2971 5441 σώματος
3018 5375 3321 5441 τηκομένου,
3356 5376 3445 5421 καὶ
3478 5369 3677 5441 ἀμελῶς
3729 5374 3879 5442 ἔχον-

2273 5476 2376 5525 τος,
2430 5459 2478 5509 οἱ
2526 5460 2616 5529 μεν
2673 5460 2853 5529 ὄνυχες
2908 5460 3181 5531 ἐπιμήκεις
3243 5454 3398 5523 ἦσαν,
3461 5464 3550 5510 καί
3607 5478 3721 5511 τισι
3779 5469 3882 5513 τῶν
