4142 6278
264 291 357 346 681

1289 286 1450 344 νΙΤΑ
1496 289 1555 344 S.
1590 285 2001 346 THEODORE
2036 290 2591 356 ALEXANDRINXE.

3507 320 3614 373 682

265 413 588 486 ἀγριωτέρων
642 416 784 475 ζώων
832 412 1020 484 μᾶλλον
1065 413 1392 484 ἁρμόζοντες,
1445 416 1498 466 αἱ
1553 411 1611 468 δε
1655 421 1845 488 τρίχες

1969 415 2102 470 dem
2163 433 2392 486 ungues
2442 423 2672 492 prolixi,
2707 431 2762 481 et
2803 428 3164 500 quibusdam
3223 433 3360 492 feris
3405 438 3614 498 bestiis

268 503 546 577 αύχμηραί
575 521 628 553 τε
672 506 761 552 καὶ
802 501 982 564 λάσια,
1015 507 1103 552 καὶ
1130 498 1310 562 δεινῶς
1339 509 1455 564 ταῖς
1483 507 1668 565 νάπαις
1697 523 1858 576 προσ.

269 599 510 644 εοικυίαν.
543 591 600 642 Ἡ
644 590 764 659 ὄψις
797 585 857 641 δε
903 597 964 661 τῆ
1022 588 1199 660 ἀμέσῳ
1238 599 1337 640 τῶν
1385 590 1610 648 ἡλιακῶν
1643 591 1859 642 ἀκτίνων

270 678 475 751 ἐπιϐολῇ
531 675 638 735 ἤδη
679 680 1089 740 κατοπτηθεῖσα,
1142 680 1272 750 πρὸς
1317 684 1376 730 τό
1428 680 1858 752 Αἰθιοπικὼτερον

270 766 552 839 ἐμελαίνετο
583 786 595 798 ο
630 770 695 818 τὰ
734 765 967 839 βλέφαρά
997 785 1052 818 τε
1079 766 1323 824 ἠλλοίωτο
1352 775 1413 839 τῇ
1448 773 1671 839 συντόνῳ
1702 788 1858 819 καϊα⁶

267 859 428 928 νάγκῃ
479 863 570 915 τῆς
619 854 925 929 ἀγρυπνίας,
972 860 1060 907 καὶ
1109 858 1246 927 ὅμως
1279 856 1443 916 οὕτως
1471 856 1858 930 ἐγκαρτεροῦσα

267 951 352 997 καὶ
397 942 576 996 δεινῶν
617 943 860 1016 ἐπαγωγῇ
912 948 1123 1017 τοιαύτη
1175 946 1473 997 παλαίουσα
1513 951 1601 998 καὶ
1648 953 1855 1018 νιφάσιν

268 1033 358 1084 οὐκ
412 1031 600 1105 ἀερίοις
646 1039 820 1104 μόνον,
857 1032 982 1084 ἀλλά
1029 1038 1118 1085 xui
1163 1042 1273 1094 ταῖς
1317 1033 1371 1085 ἔκ
1411 1045 1510 1086 τῶν
1557 1044 1854 1108 πειρασμῶν

267 1120 577 1194 βαλλομένη,
629 1118 752 1173 οὐδὲ
803 1126 930 1193 πρὸς
997 1121 1180 1195 βραχύ
1228 1131 1316 1183 τῆς
1359 1132 1514 1196 μονῆς
1567 1123 1856 1182 ἀποστῆναι

267 1210 534 1281 ὀνέσχετο,
566 1210 692 1261 ἀλλά
723 1207 970 1282 διέμεινεν
991 1212 1124 1262 οὕτω
1146 1212 1375 1270 καλύϐην
1401 1212 1699 1284 πηξαμένης
1726 1218 1855 1288 πρὸς

265 1306 332 1368 τῷ
363 1299 574 1362 πυλῶνι,
618 1305 707 1351 καὶ
737 1296 906 1360 ἡδέως
936 1301 1075 1371 αὐτῷ
1101 1301 1579 1376 παραῤῥιπτεῖσθαι
1608 1306 1741 1354 κατά
1769 1306 1855 1353 τὸν

266 1383 548 1459 Προφήτην
569 1387 878 1459 ἀνεχομένη.

333 1561 434 1618 II".
470 1566 532 1613 Τί
570 1558 604 1612 δ
609 1565 629 1613 's
659 1562 812 1614 πάλιν
845 1565 870 1613 6
912 1571 1022 1625 τοῖς
1052 1563 1266 1634 ἀγαθοῖς
1309 1565 1686 1639 ἀντικείμενος;
1718 1566 1855 1638 Ἀρα

265 1653 518 1712 τοιούτοις
592 1651 753 1709 αὐτὴν
830 1652 1202 1704 καθυποϐαλὼν
1296 1663 1626 1729 πειρασμοῖς,
1703 1661 1854 1726 κόρον

1969 504 2162 598 magis
2180 515 2586 598 congruentes
2640 529 2652 578 ;
2702 514 2803 585 pili
2833 523 3031 572 autem
3062 519 3232 576 densi
3278 529 3332 580 et
3362 530 3612 598 sordidi,

1967 596 2023 646 et
2061 593 2231 687 valde
2261 595 2482 687 similes
2515 600 2779 657 saltibus.
2815 604 3020 660 Vultus
3052 613 3269 678 autem,
3303 593 3617 687 propterea

1965 681 2130 750 quod
2189 682 2352 738 nulla
2401 701 2462 740 re
2519 688 2916 748 intercedente
2975 709 3111 752 eum
3163 681 3432 758 ferirent-
3463 706 3614 762 radii

1969 767 2127 833 solis,
2163 769 2288 839 jam
2325 777 2532 839 tostus,
2580 778 2866 851 ίΕιωορὶε
2894 781 3083 839 instar
3112 785 3282 856 niger
3323 802 3614 860 evaserat,

1965 859 2021 909 et
2079 861 2302 914 mutata
2365 868 2534 918 erant
2597 867 2913 938 supercilia
2969 869 3204 928 inteusa
3256 859 3615 940 necessitate

1965 944 2320 1012 vigiliarum.
2368 951 2434 1004 Et
2492 955 2692 1008 tamen
2743 956 2826 1011 sic
2901 973 3310 1030 perseverans,
3361 974 3418 1024 et
3475 987 3612 1027 cum

1965 1034 2137 1088 malis
2161 1049 2296 1106 quas
2347 1039 2812 1110 intentabantur,
2853 1047 2936 1101 sic
2977 1047 3211 1106 luctans
3264 1058 3321 1109 et
3374 1057 3613 1115 nivibus

1962 1136 2086 1176 non
2115 1124 2268 1178 aeris
2307 1126 2521 1192 solum,
2577 1131 2682 1185 sed
2714 1132 2891 1188 etiam
2940 1139 3335 1198 tentationum
3376 1152 3610 1215 vexata,

1965 1225 2039 1264 ne
2091 1211 2380 1268 tantillum
2424 1216 2670 1286 quidem
2726 1221 3003 1279 sustinuit
3050 1225 3352 1287 discedere
3397 1249 3433 1290 a
3490 1211 3614 1293 mo-

1963 1299 2242 1364 nasterio,
2294 1301 2398 1355 sed
2469 1304 2554 1358 sic
2633 1311 2964 1377 permansit
3044 1317 3282 1384 tugurio
3356 1320 3478 1379 ﬁxo
3550 1325 3613 1380 in

1962 1387 2279 1476 vestibulo,
2332 1393 2385 1444 et
2426 1389 2676 1449 libenter
2725 1395 2787 1450 in
2854 1412 2925 1454 eo
2970 1399 3150 1472 abjici
3199 1405 3286 1476 (ut
3338 1408 3421 1466 ait
3482 1414 3612 1468 Pro-

1962 1473 2490 1545 pheta)sustinens.

2039 1561 2170 1617 X111.
2205 1564 2357 1628 Quid
2377 1571 2578 1622 autem
2609 1585 2814 1626 rursus
2840 1572 3139 1633 bonorum
3171 1581 3556 1643 adversarius
3582 1589 3610 1643 7

1964 1651 2136 1715 Num,
2196 1667 2334 1707 cum
2387 1670 2521 1710 eam
2571 1657 2631 1711 in
2682 1659 2828 1715 tales
2875 1661 3174 1734 injecisset
3238 1674 3609 1743 tentationes,

262 1740 390 1810 ἔσχε
448 1749 546 1790 τῶν
598 1739 916 1811 προσϐολῶν,
969 1746 1058 1794 xui
1119 1750 1286 1794 ταῦτα
1334 1749 1656 1815 νικώμενος,
1691 1747 1845 1816 Οὕμε-

1966 1737 2135 1831 illum
2166 1741 2320 1831 cepit
2362 1758 2494 1798 eam
2545 1744 2870 1804 invadendi
2925 1754 3188 1826 satietas,
3244 1758 3426 1831 idque
3474 1737 3610 1820 cum

259 1846 397 1893 νουν,
435 1827 540 1880 ἀλλ’
573 1827 656 1881 ἐπὶ
704 1837 818 1890 ταῖς
867 1831 1247 1904 προλαϐούσαις
1303 1838 1392 1884 καὶ
1439 1837 1632 1890 ταύτην
1683 1833 1855 1885 ἐπιτε-

262 1918 544 1986 χνάζεται.
597 1922 702 1975 Τὴν
743 1921 843 1990 γὰρ
886 1924 1088 1993 μορφὴν
1115 1929 1206 1971 τοῦ
1231 1917 1423 1995 ἀνδρὸς
1449 1921 1607 1982 αὐτῆς
1633 1920 1854 1994 ὑποδὺς,

260 2010 346 2055 καὶ
403 2009 487 2057 ὑπ’
550 2006 668 2076 ὄψιν
721 2007 850 2079 αὐτῇ
903 2012 1180 2080 παραστὰς
1234 2007 1440 2083 δάκρυά
1487 2030 1540 2063 τε
1585 2011 1718 2082 ἀφίει
1760 2020 1859 2063 τῶν

258 2093 526 2164 ὀφθαλμῶν
583 2100 670 2146 καὶ
719 2095 896 2166 λόγοις
940 2096 1134 2169 ἐχρῆτο
1205 2100 1277 2158 οἷς
1325 2097 1383 2150 ἀν
1438 2098 1565 2173 ἀνὴρ
1621 2104 1856 2152 σύνευνον

256 2180 533 2251 φιλουμένη
587 2183 800 2252 ὑπάγων
843 2190 1114 2255 χρήσαιτο
1146 2203 1158 2216 ⁸
1193 2195 1445 2260 φωστῆρα
1481 2188 1637 2259 λέγων
1668 2189 1852 2252 αὐτὴν,

251 2266 572 2340 ἀγαλλίαμα,
607 2268 824 2337 ἡδονήν,
872 2281 971 2324 τῶν
1003 2275 1276 2347 ὀφθαλμῶν
1329 2284 1452 2346 φῶς,
1512 2285 1611 2328 τῶν
1655 2275 1852 2328 ὀδυνῶν

250 2366 626 2432 παρηγόρημα,
685 2365 792 2424 καὶ,
828 2369 1001 2434 Δεῦρο,
1039 2369 1216 2434 φησιν,
1269 2361 1308 2414 ὦ
1354 2371 1527 2437 κυρία,
1561 2369 1618 2417 τὸ
1650 2365 1733 2417 ἐπὶ
1767 2372 1850 2418 σοὶ

253 2443 346 2497 διά
372 2451 632 2499 τοσούτων
675 2453 879 2520 χρόνων
924 2449 1142 2522 ἐπίσχες
1191 2471 1283 2523 μοι
1331 2455 1528 2519 πένθος,
1581 2459 1669 2504 καὶ
1722 2460 1847 2527 πρὸς

244 2539 328 2587 τόν
387 2533 524 2588 ἴδιον
578 2534 730 2598 αὖθις
793 2536 930 2590 οἷκον
978 2539 1262 2592 ἐπανελθεῖν
1314 2545 1705 2615 προθυμήθητι.
1759 2542 1847 2603 Ὠς

249 2620 306 2676 δε
362 2625 528 2682 ἐκείνη
602 2630 688 2677 τόν
737 2623 907 2700 ἄνδρα
957 2625 1084 2679 εἶναι
1130 2637 1240 2690 ταῖς
1290 2629 1550 2691 ἀληθείαις
1601 2631 1840 2696 ύπελαϐε,

243 2717 493 2772 τοιαύτην
555 2712 716 2767 ἔδωκε
785 2721 878 2774 τήν
935 2716 1231 2789 ἀπόκρισιν,
1287 2719 1347 2776 ἣν
1417 2719 1581 2794 ἐχρῆν
1656 2723 1845 2774 ἐκεῖνον

247 2801 490 2869 ἀκούσαι,
547 2803 592 2854 εἰ
638 2805 758 2874 ὅπερ
808 2804 1091 2861 ὑπείληπτο
1128 2813 1274 2856 τοῦτο
1328 2803 1414 2870 ἧν,
1471 2813 1560 2858 καὶ
1607 2814 1676 2878 μή
1721 2814 1849 2880 φάν-

247 2909 426 2960 τασμα
477 2895 534 2941 τό
583 2891 854 2964 ὁρώμενον.
896 2893 1024 2961 Ἐγὼ
1079 2901 1186 2953 τοῖς
1229 2901 1320 2943 του
1368 2901 1570 2963 κόσμου
1603 2904 1850 2966 ματαίοις

250 2976 631 3049 ἀποταξαμένη,
669 2975 937 3040 ἀδυνάτως
984 2982 1094 3050 ἔχω
1140 2987 1243 3040 τοῖς
1288 2980 1480 3032 ἐκείνου
1521 2983 1671 3034 πάλιν
1717 3003 1850 3056 συμ-

251 3069 504 3138 φύρεσθαι

248 3174 364 3222 μαι,
395 3157 423 3212 ἠ
462 3159 654 3213 ταύτην
701 3162 861 3227 μόνην
897 3159 1103 3227 ἔχουσα
1150 3166 1242 3218 τῆς
1296 3168 1460 3229 φυγῆς
1505 3160 1696 3225 αἰτίαν,
1760 3169 1853 3221 τήν

556 3086 568 3098 ο
613 3078 718 3128 πῶς
750 3064 808 3119 δε
855 3074 942 3119 xui
991 3077 1246 3120 συνοικεῖν
1293 3089 1378 3121 σοι
1433 3069 1847 3126 καταναιδεύσο·

246 3243 315 3305 εἰς
345 3247 401 3294 σε
430 3247 761 3316 πραχθεῖσάν
805 3265 894 3316 μοι
941 3246 1195 3318 ἁμαρτίαν
1229 3266 1240 3315 ;
1275 3253 1370 3298 Kui
1417 3251 1479 3308 ὡς
1520 3249 1590 3310 εἰς
1619 3257 1829 3321 μνήμην

243 3331 442 3383 ἐκείνων
524 3329 663 3398 ἦλθε,
723 3339 812 3384 καὶ
866 3337 960 3394 τὰς
1011 3343 1193 3409 χεῖρας
1249 3336 1318 3398 εἰς
1393 3341 1606 3409 οὐρανόν
1660 3338 1847 3413 ἐπῆρε,

243 3421 364 3478 ὃλην
432 3420 618 3478 ἑαυτήν
681 3422 747 3482 εἰς
816 3423 974 3493 εὐχὴν
1030 3423 1287 3497 τρέψασα,
1348 3421 1408 3482 ἦν
1465 3424 1650 3478 ἐκεῖνον
1716 3425 1845 3480 ἰδεῖν

244 3518 378 3582 φυγῇ
432 3515 720 3581 χρώμενον,
771 3515 860 3562 καὶ
906 3508 1045 3583 μηδὲ
1094 3518 1151 3563 τό
1193 3518 1491 3586 πρόσχημα
1539 3523 1632 3578 τῆς
1675 3517 1841 3588 εὐχῆς

245 3596 526 3670 δυνάμενον
569 3600 861 3657 ὑποστῆναι
900 3615 911 3626 ·
952 3606 1040 3652 καὶ
1070 3606 1182 3653 τότε
1208 3604 1436 3672 ἔγνωστο
1465 3612 1527 3675 τῇ
1577 3605 1720 3676 ὁσία,
1755 3610 1834 3666 τίς

245 3688 272 3738 ὁ
304 3685 617 3759 προσελθὼν,
651 3693 739 3738 καὶ
782 3689 812 3744 η
842 3688 952 3739 κατ’
998 3688 1159 3750 αὐτῆς
1211 3688 1421 3756 ἐκείνου,
1471 3692 1841 3764 πολυμήχανός

250 3793 314 3826 συ
323 3780 481 3832 σκευή
493 3816 504 3828 .
1014 3798 1044 3820 α

321 4038 417 4091 ΙΔ’.
451 4037 662 4092 ’Ἄλλοτε
693 4035 752 4092 δὲ
782 4040 934 4092 πάλιν
974 4045 1039 4094 τά
1083 4044 1244 4116 θηρία
1269 4046 1398 4117 ὁμοῦ
1428 4049 1613 4114 πάντα,
1657 4050 1756 4102 ὅσα
1791 4070 1844 4103 τε

249 4129 516 4180 θάλασσαν
544 4134 634 4180 καὶ
684 4132 784 4181 ὅσα
835 4138 932 4201 γῆν
988 4141 1235 4198 κατοικεῖ,
1291 4132 1460 4188 ἐδόκει
1512 4138 1625 4188 κατ’
1681 4140 1844 4201 αὐτῆς

245 4216 439 4268 ἐπιέναι
473 4236 485 4248 ·
517 4222 574 4268 τό
607 4216 665 4269 δε
719 4219 824 4289 οὐχ
871 4220 1030 4280 οὕτως
1073 4223 1155 4287 ἧν,
1210 4222 1316 4273 ἀλλ’
1360 4225 1494 4275 αύτά
1531 4233 1623 4286 τῆς
1656 4233 1840 4288 κακίας

245 4311 379 4377 φημὶ
435 4310 500 4356 τά
554 4309 839 4377 πνεύματα,
901 4313 992 4364 τὴν
1047 4310 1246 4360 ἐκείνων
1305 4312 1654 4382 ύποκριθέντα
1710 4335 1838 4389 μορ-

244 4400 364 4464 φήν.
399 4392 695 4466 ’Ἄνθρωπος
736 4391 793 4444 δε
844 4398 1044 4454 τούτοις
1087 4395 1476 4468 ἐπιφαινόμενος
1529 4398 1840 4474 ἐπιδραμεῖν

242 4490 305 4553 τῇ
353 4483 494 4552 όσίᾳ,
527 4487 615 4532 xui
660 4491 976 4553 καταφαγεῖν
1015 4487 1204 4541 ταύτην
1243 4484 1568 4554 ἐνεκελεύετο,
1632 4493 1835 4550 Ἐκείνη

244 4567 305 4620 δε
334 4572 401 4629 ὡς
435 4569 572 4640 ὅπλῳ
615 4577 685 4639 τῷ
735 4578 989 4642 Δαυῑτικῷ
1027 4574 1231 4644 ᾅσματι
1258 4581 1594 4648 χρησαμένη,
1630 4582 1694 4640 ὡς
1737 4585 1837 4653 μό·-

241 4677 327 4709 νον
384 4660 497 4729 ἔφη,
563 4658 924 4721 Κυκλώσαντες
979 4659 1273 4714 ἑκύκλωσάν
1321 4684 1402 4736 με,
1462 4673 1552 4718 xui
1605 4677 1677 4738 τῷ
1729 4670 1838 4723 ὀνό-

240 4765 372 4819 ματι
429 4751 620 4820 Κυρίου
675 4747 951 4819 ἠμυνάμην
1004 4750 1193 4812 αὐτούς
1242 4770 1253 4781 ·

241 4839 523 4907 φάντασμα
568 4833 796 4888 διελύετο
838 4851 851 4866 ⁸

1302 4754 1452 4816 εύθύς
1487 4756 1559 4818 εἰς
1608 4757 1732 4830 ἀέρα
1777 4765 1832 4812 τό

901 4839 1175 4912 προϐάλλει
1223 4847 1312 4894 xui
1360 4843 1530 4919 ἑτέραν
1573 4855 1752 4921 πεῖραν
1806 4852 1830 4902 ό

242 4931 497 4997 Πονηρὸς.
560 4925 720 4976 Πάλιν
782 4929 882 5001 γὰρ
970 4933 1191 5000 στρατός
1244 4934 1369 5005 αὐτῇ
1430 4934 1831 5008 πολυάνθρωπος

237 5017 556 5086 καθεωρᾶτο,
594 5019 682 5066 καὶ
730 5017 754 5064 6
812 5017 992 5090 ἄρχων
1041 5022 1254 5084 τούτων,
1313 5025 1444 5092 μετά
1493 5025 1681 5077 πολλοῦ
1738 5037 1828 5080 τοῦ

234 5103 488 5171 πλήθους,
542 5103 772 5178 σοϐαρῶς
809 5123 1148 5178 πορευόμενος
1184 5129 1195 5140 ·
1227 5111 1266 5179 ᾧ
1314 5117 1403 5163 καὶ
1459 5118 1550 5171 τὴν
1600 5120 1828 5187 προσκύ-

229 5211 386 5249 νησιν
443 5193 710 5263 ἀπονέμειν
753 5195 801 5244 οἱ
852 5193 1258 5269 λειτουργοῦντες
1298 5199 1585 5257 ἐπέταττον.
1649 5205 1820 5268 Αὐτῆς

230 5276 293 5332 δὲ
325 5285 451 5333 Θεὸν
497 5288 650 5352 μόνον
695 5280 936 5342 εἰπούσης
969 5280 1075 5335 δεῖν
1123 5297 1446 5358 προσκυνεῖν,
1498 5291 1701 5364 πληγάς
1751 5294 1823 5346 ἐνο

224 5376 393 5423 τεῖναι
437 5373 601 5444 ταύτῃ
657 5370 683 5422 ὀ
731 5366 888 5430 δῆθεν
928 5374 1110 5448 ἄρχων
1157 5372 1490 5445 διεκελεύετο,
1534 5387 1624 5435 καὶ
1665 5386 1720 5435 τὸ
1746 5403 1824 5437 κε·

305 5549 328 5582 ⁸
354 5547 506 5604 Psal.
534 5563 773 5614 Lxxxui,
809 5550 893 5605 11.

629 5653 866 5712 ΡΛτειοι.
908 5657 1012 5715 Gn.
1055 5655 1217 5718 CXV.

1968 1826 2328 1884 vinceretur?
2355 1833 2766 1905 Nequaquam,
2799 1838 2905 1893 sed
2950 1847 3161 1910 praeter
3185 1861 3256 1901 ea
3283 1826 3416 1918 quis
3458 1866 3609 1922 pras-

1969 1924 2283 1982 cesserant,
2327 1919 2441 1974 hoc
2469 1937 2712 1995 quoque
2749 1932 2835 1981 est
2859 1929 3254 1989 machinatus.
3279 1936 3418 2007 Ejus
3450 1919 3610 1998 enim

1969 2006 2164 2060 mariti
2218 2007 2476 2064 formam
2555 2013 2907 2084 suscipiens,
2969 2024 3024 2073 et
3085 2020 3145 2074 in
3219 2006 3610 2098 conspectum

1967 2093 2097 2163 ejus
2129 2096 2392 2167 veniens,
2424 2097 2720 2170 lacrymas
2775 2105 3080 2162 emittebat
3108 2125 3180 2164 ex
3215 2093 3423 2180 oculis,
3456 2122 3514 2172 et
3535 2117 3608 2172 iis

1965 2182 2158 2237 verbis
2221 2184 2515 2250 utebatur,
2556 2191 2778 2259 quibus
2834 2209 2977 2248 usus
3017 2195 3189 2253 fuerit
3238 2202 3489 2258 maritus
3535 2206 3611 2261 ad

1964 2270 2210 2326 charam
2259 2288 2426 2327 suam
2480 2276 2772 2332 accedens
2821 2283 3160 2352 conjugem,
3214 2303 3349 2344 eam
3403 2291 3610 2348 dicens

1961 2375 2137 2414 suum
2160 2359 2474 2427 luminare,
2498 2365 2976 2438 exsultationem,
3003 2372 3383 2444 voluptatem,
3415 2379 3610 2437 lucem

1959 2447 2290 2513 oculorum,
2335 2449 2609 2507 solatium
2651 2455 2946 2513 malorum
2989 2476 3004 2526 ;
3037 2466 3124 2516 et:
3156 2470 3295 2533 Age,
3329 2468 3542 2540 inquit,
3573 2485 3611 2526 ο

1957 2534 2224 2603 domina,
2259 2538 2399 2592 siste
2432 2540 2578 2595 mihi
2605 2542 2831 2599 luctum
2859 2551 2942 2601 tot
2971 2563 3268 2608 annorum
3299 2534 3609 2614 tua—causa

1955 2630 2323 2694 susceptum,
2349 2633 2750 2701 promptoque
2804 2638 2860 2688 et
2903 2634 3085 2691 alacri
3121 2640 3323 2696 animo
3356 2643 3607 2702 domum

1954 2718 2262 2768 revertere.
2325 2715 2469 2768 Cum
2524 2721 2726 2773 autem
2774 2720 2873 2776 illa
2912 2729 3141 2792 putaret
3203 2744 3410 2788 revera
3477 2751 3607 2792 esse

1959 2802 2258 2891 maritum,
2289 2801 2540 2891 iddedit
2576 2810 2865 2878 responsi,
2908 2814 3072 2882 quod
3117 2815 3280 2872 illum
3311 2825 3607 2891 oportuis-

1959 2894 2045 2940 set
2071 2889 2299 2952 audire,
2323 2890 2372 2944 si
2391 2891 2452 2944 id
2484 2892 2693 2950 fuisset
2722 2897 2884 2966 quod
2915 2901 3254 2969 putabatur,
3289 2889 3494 2964 et_non
3525 2911 3607 2965 vi-

1959 2989 2113 3038 sum,
2141 2976 2304 3046 quod
2331 2979 2710 3037 cernebatur:
2737 2983 2878 3055 Ego,
2910 2985 3250 3062 dicens,qui
3269 2997 3606 3055 renuntiavi

1959 3063 2124 3116 vanis
2149 3063 2329 3117 rebus
2359 3066 2538 3136 hujus
2569 3073 2798 3139 mundi,
2829 3090 2945 3128 non
2968 3093 3215 3147 possum
3245 3097 3450 3138 rursus
3467 3102 3603 3143 cum

1960 3151 2072 3205 illis
2111 3152 2413 3219 congredi.
2450 3156 2762 3218 Quomodo
2802 3169 3000 3218 autem
3045 3172 3207 3223 tanta
3237 3177 3442 3240 potero
3473 3191 3605 3232 esse

1960 3241 2354 3311 impudentia,
2380 3248 2440 3295 ut
2457 3249 2649 3298 tecum
2671 3245 2955 3315 habitem,
2981 3253 3075 3306 cui
3098 3257 3224 3312 sola
3247 3257 3399 3328 fugas
3420 3277 3604 3318 causa

1961 3328 2070 3383 fuit
2095 3345 2131 3384 a
2160 3343 2256 3383 me
2299 3328 2519 3384 factum
2544 3330 2601 3384 in
2626 3338 2675 3388 te
2708 3341 3058 3404 peccatum?
3087 3344 3232 3397 Cum
3263 3353 3462 3402 autem
3505 3351 3604 3407 illa

1960 3432 2165 3470 eorum
2221 3416 2547 3482 recordata,
2609 3435 2828 3476 manus
2857 3425 2918 3478 in
2975 3427 3190 3484 coelum
3251 3435 3600 3504 sustulisset,

1959 3519 2019 3558 se
2063 3510 2247 3558 totam
2295 3503 2375 3559 ad
2452 3519 2655 3575 preces
2712 3518 3077 3586 convertens,
3146 3517 3357 3576 licebat
3433 3503 3601 3582 illum

1959 3599 2156 3655 videre
2194 3600 2537 3669 fugientem,
2581 3607 2637 3658 et
2669 3619 2779 3660 nec
2817 3607 3113 3667 valentem
3151 3615 3399 3686 quidem
3451 3620 3602 3678 ferre

1956 3688 2215 3759 speciem
2259 3689 2566 3745 orationis.
2608 3694 2674 3748 Et
2717 3700 2853 3750 tunc
2893 3703 3167 3767 cognovit
3205 3712 3413 3763 sancta
3441 3709 3604 3780 quis-

1954 3792 2098 3832 nam
2163 3777 2212 3831 is
2269 3783 2440 3842 esset,
2497 3781 2600 3850 qui
2657 3793 3005 3852 accesserat,
3057 3795 3114 3844 et
3167 3807 3350 3863 quam
3401 3777 3602 3856 essent

1953 3865 2303 3937 multiplices
2341 3866 2470 3937 ejus
2513 3867 2576 3922 in
2613 3869 2781 3926 illam
2829 3871 3082 3942 insidiae,
3125 3883 3180 3935 et
3208 3896 3394 3953 quam
3435 3887 3600 3944 varia

1954 3954 2342 4010 machinatio.

2023 4054 2152 4107 XIV.
2209 4055 2427 4106 Rursus
2481 4059 2678 4110 autem
2739 4057 3064 4129 aliquando
3135 4080 3344 4122 omnes
3416 4071 3595 4130 simul

1953 4141 2176 4204 bestiae,
2230 4146 2352 4192 tam
2385 4156 2520 4209 quas
2544 4141 2820 4199 habitant
2849 4147 2909 4200 in
2949 4152 3118 4214 mari,
3156 4168 3341 4223 quam
3380 4174 3506 4228 quae
3536 4162 3596 4216 in

1954 4234 2125 4297 terra,
2174 4226 2530 4280 videbantur
2580 4244 2713 4284 eam
2763 4234 3085 4302 invadere;
3144 4255 3350 4300 revera
3389 4226 3590 4304 autem

1952 4328 2070 4367 non
2105 4311 2185 4365 ita
2223 4315 2364 4374 erat,
2398 4311 2503 4365 sed
2536 4319 2704 4368 erant
2741 4317 2982 4386 spiritus
3032 4323 3293 4389 malitias.
3336 4331 3440 4400 qui
3478 4332 3590 4388 for-

1951 4417 2112 4456 mam
2147 4399 2382 4454 illorum
2412 4399 2748 4457 induerant.
2803 4405 2946 4460 Post
2973 4408 3104 4464 hinc
3157 4399 3372 4470 autem,
3409 4418 3592 4477 homo

1947 4505 2267 4561 apparens,
2294 4488 2500 4557 jussus
2526 4493 2615 4543 est
2634 4490 2710 4545 ad
2731 4500 3001 4551 sanctam
3023 4514 3350 4569 accurrere,
3375 4513 3431 4562 et
3455 4524 3591 4565 eam

1948 4580 2252 4634 devorare.
2284 4577 2384 4631 llla
2415 4591 2553 4633 vero
2583 4583 2873 4652 tanquam
2901 4587 3082 4640 armis
3110 4588 3394 4649 Davidico
3418 4603 3588 4652 utens

1945 4668 2192 4730 cantico,
2226 4668 2547 4737 postquam
2591 4667 2784 4724 solum
2830 4671 2976 4726 dixit
3021 4692 3034 4731 :
3077 4694 3104 4725 «
3146 4675 3588 4740 Circumdantes

1944 4755 2460 4811 circumdederunt
2488 4770 2601 4821 me,
2635 4761 2690 4810 et
2721 4758 2961 4813 nomine
2994 4761 3229 4818 Domini
3262 4769 3416 4823 ultus
3451 4788 3586 4829 sum

1942 4845 2090 4910 eos',
2140 4863 2167 4895 »
2210 4845 2403 4897 visum
2451 4846 2648 4897 statim
2694 4847 2957 4902 evanuit.
3024 4851 3239 4920 Objicit
3283 4858 3586 4928 malignus

1940 4933 2119 4989 aliam
2149 4947 2390 5005 quoque
2426 4931 2826 4988 tentationem.
2860 4935 3084 4991 Rursus
3112 4942 3268 4996 enim
3310 4948 3590 5006 cerneba-

1939 5029 2034 5078 tur
2064 5022 2141 5078 ab
2171 5037 2241 5076 ea
2287 5021 2495 5088 ingens
2535 5022 2842 5077 exercitus.
2879 5023 3016 5095 Ejus
3064 5036 3256 5084 autem
3306 5034 3584 5109 princeps

1939 5129 2076 5168 cum
2104 5126 2324 5180 magna
2357 5110 2730 5166 multitudine
2761 5115 3017 5183 superbe
3047 5116 3376 5189 incedebat,
3405 5140 3584 5197 quem

1936 5202 2179 5276 quidem
2211 5207 2270 5254 ut
2296 5199 2592 5264 adoraret,
2619 5199 2906 5268 jubebaut
2951 5205 3079 5273 ejus
3127 5206 3397 5267 ministri.
3439 5214 3585 5273 Cum

1936 5293 2069 5364 ipsa
2097 5293 2295 5345 autem
2325 5286 2572 5342 dixisset
2603 5289 2788 5344 Deum
2810 5291 3005 5346 solum
3029 5309 3156 5350 esse
3178 5296 3585 5377 adorandum,

1932 5381 2107 5454 jussit
2153 5377 2431 5451 princeps
2474 5375 2528 5430 ei
2589 5374 2801 5448 plagas
2865 5377 3075 5452 inﬂigi.
3135 5385 3202 5442 Et
3248 5387 3452 5458 jussus
3509 5374 3586 5452 ad

3238 5673 3305 5726 22
