4142 6278
542 326 646 382 683
1851 298 2110 362 MENSIS
2147 298 2218 357 SE

2332 295 2595 353 EMBER.
3790 285 3888 343 68‘

545 450 820 507 effectum
868 450 955 502 est
1010 442 1317 499 deductus.
1370 438 1433 493 Id
1489 436 1649 492 enim
1694 431 2085 489 declarabant
2137 430 2193 483 et

2327 426 2510 476 suaO'ev
2552 423 2697 494 ἔργον
2730 414 2791 475 ἧν
2828 433 2840 447 ⁸
2868 411 3087 472 ἐδήλουν
3112 413 3214 483 γὰρ
3250 414 3303 461 αἶ
3359 429 3412 461 τε
3436 408 3636 480 πληγαὶ
3667 416 3899 482 φαινόμι-

546 498 953 611 ᾗῖεἶέέεῖῖιυὲ
978 530 1366 602 apparebant,
1401 529 1455 581 et
1485 525 1615 595 ipsa
1653 524 1779 577 visa
1829 525 2065 576 mortua
2100 517 2189 581 iis,

2330 532 2403 576 αι,
2463 516 2551 560 καὶ
2609 507 2738 563 αὐτὴ
2786 506 2939 578 νεκρὰ
2979 498 3184 563 δόξασα
3234 506 3339 560 τοῖς
3410 500 3740 570 θεασαμένοις
3784 510 3899 552 (ποι.

2356 604 2363 611 ,
2486 594 2518 611 ι.
2571 594 2591 611 τ
2764 594 2788 611 τ·
2877 595 2888 611 \
2996 590 3012 605 Α
3066 594 3125 611 η·
3190 588 3217 611 1,
3294 596 3351 611 ,Α
3413 596 3534 611 ..-Δάι-
3595 587 3875 611 .‘__A.n:.__,

591 587 760 607 "'0"!
806 587 924 607 τη
1020 587 1075 602 ι.
1353 587 1359 590 γ
1510 587 1523 595 .

548 587 651 699 qui
718 624 1097 694 aspexerant.
1174 617 1435 670 Fuerunt
1498 618 1698 668 autem
1770 610 1831 664 hi
1901 613 2190 681 pastores,

2327 604 2441 659 ιένες
2475 594 2531 649 δὲ
2565 594 2697 654 ἦσαν
2729 594 2916 662 οὗτοι),
2967 590 3015 642 οἳ
3045 594 3135 641 καὶ
3184 588 3233 639 ἐν
3291 596 3351 660 τῇ
3407 596 3534 659 μονῇ
3589 587 3897 654 ἀπελθόντες,

2330 685 2351 699 τ
2508 688 2526 699 α.
2698 686 2719 699 Α
2770 688 2780 699 ι
2926 689 2962 699 Λ
3009 677 3062 699 ’ᾖ
3124 697 3191 699 ,_,
3258 683 3336 699 ,_,‘
3412 681 3421 688 '
3456 696 3465 699 Α
3533 676 3679 699 2,i__-,
3740 685 3869 699 ἀτί-κο

549 676 649 785 qui
677 714 905 766 iverunt
950 710 1008 763 in
1053 704 1505 766 monasterium,
1546 708 1599 756 et
1630 701 1906 755 dixerunt
1934 694 2193 751 Theodo-

2330 685 2442 739 ἶπον
2501 688 2580 738 ὅτι
2638 686 2873 740 τεθνήκοι
2922 677 3213 750 Θεόδωρος,
3256 683 3345 729 καὶ
3399 681 3467 737 ὡς
3529 676 3695 748 ἐχρῆν
3735 685 3900 730 τοῦτον

548 782 679 857 rum
726 816 855 854 esse
900 802 1224 857 mortuum,
1270 799 1325 847 et
1375 797 1644 862 oportere
1715 804 1851 842 eum
1914 782 2197 839 mandare

552 889 892 960 sepulturae.
928 886 1042 939 Sed
1074 885 1247 937 beata
1278 881 1392 944 illa,
1434 897 1568 934 cum
1603 878 1797 931 media
1836 882 2005 928 nocte
2033 871 2107 925 ad
2137 886 2197 924 se

550 958 835 1039 rat—lllSSBt,
870 975 979 1027 sibi
1004 970 1339 1026 ascribebat
1368 984 1640 1031 causam,
1668 972 1719 1020 et
1764 964 1821 1017 id
1854 962 2013 1032 quod
2045 958 2201 1015 acci-

552 1068 738 1129 derat,
778 1062 1010 1118 dicebat
1047 1076 1177 1115 esse
1228 1060 1319 1112 sui
1364 1056 1556 1111 delicti
1606 1052 2008 1124 disciplinam.
2052 1048 2201 1103 Cum

554 1172 615 1210 se
645 1169 786 1225 ergo
817 1149 1125 1205 muniisset
1168 1146 1351 1202 armis
1392 1144 1697 1205 orationis,
1744 1141 1904 1211 petiit
1930 1136 2200 1193 inducias

552 1223 986 1301 tentationum:
1035 1238 1077 1292 Ο
1113 1238 1263 1290 Deus
1288 1248 1476 1295 meus,
1517 1231 1743 1292 dicens,
1793 1229 2037 1282 Domine
2071 1223 2205 1277 uni-

556 1331 733 1390 versi,
777 1327 991 1384 oblitus
1036 1325 1151 1379 mei
1200 1320 1442 1394 peccati,
1490 1318 1674 1373 libera
1717 1331 1811 1371 me
1855 1315 1932 1368 ab
1983 1311 2201 1367 insultu

556 1419 801 1482 inimici,
829 1417 931 1488 qui
962 1423 1063 1469 tuo
1085 1413 1304 1467 invidet
1332 1410 1637 1478 ﬁgmento.
1675 1408 1819 1461 Cum
1842 1418 1973 1458 eam
2006 1406 2203 1455 autem

558 1510 899 1580 precantem
932 1502 1229 1565 vidissent,
1264 1498 1365 1570 qui
1390 1496 1500 1552 illic
1527 1498 1694 1551 erant
1739 1496 2027 1564 pastores,
2070 1503 2205 1561 quas

559 1577 637 1654 ab
677 1596 759 1651 eis
791 1592 967 1665 paulo
999 1596 1134 1646 ante
1156 1588 1282 1643 visa
1308 1592 1433 1641 erat
1462 1589 1716 1648 mortua,
1754 1583 1941 1635 Deum
1960 1577 2204 1650 quidem

556 1685 897 1747 laudarunt,
983 1676 1291 1734 monachis
1371 1678 1593 1737 autem,
1658 1669 1816 1743 quod
1910 1666 2211 1724 revixisset

560 1771 965 1830 annuntiarun
977 1772 1015 1822 t.

635 1862 742 1915 XV.
791 1857 1002 1914 Statuit
1060 1870 1200 1909 vero
1250 1850 1562 1923 praefectus
1631 1846 1973 1904 monasterii
2021 1844 2212 1901 infan-

564 1955 682 2007 tem
732 1946 1010 2017 recipere,
1074 1947 1356 2013 reputans
1418 1955 1605 2011 quam
1658 1937 1944 1992 diuturna
2009 1933 2214 1989 fuisset

565 2042 786 2094 sanctae.
834 2033 1091 2090 afﬂictio.
1135 2033 1259 2085 Non
1304 2029 1464 2084 enim
1514 2043 1644 2082 eam
1686 2040 1867 2097 parva
1915 2022 2215 2078 afﬁciebat

566 2125 837 2182 molestia
875 2137 1080 2177 errans
1107 2133 1255 2191 puer
1284 2133 1389 2187 per
1429 2130 1647 2187 aspera
1676 2113 1808 2169 loca
1854 2111 2210 2167 solitudinis.

567 2214 681 2272 Sed
711 2228 785 2269 ne
839 2212 921 2266 sic
976 2208 1223 2281 quidem
1255 2204 1682 2261 destitithostis
1724 2218 1857 2257 eam
1911 2200 2212 2265 invadere,

568 2304 683 2357 Deo
733 2302 815 2354 sic
871 2297 1263 2368 permittente,
1312 2294 1393 2347 uti
1436 2308 1506 2348 ea
1563 2291 1674 2346 sibi
1706 2289 1907 2361 plures
1965 2304 2217 2344 coronas

565 2391 920 2446 contexeret.
950 2385 1009 2439 Ei
1036 2384 1195 2438 enim
1217 2398 1418 2437 rursus
1450 2380 1648 2436 visum
1683 2385 1769 2434 est
1799 2394 2011 2433 aurum
2045 2376 2215 2432 humi

568 2479 923 2550 projectum.
971 2472 1184 2528 Aderat
1232 2476 1429 2525 autem
1462 2484 1683 2540 magna
1722 2466 1981 2522 virorum
2027 2465 2218 2521 multi-

567 2564 737 2630 tudo,
766 2579 900 2635 qute
928 2560 1072 2615 illud
1098 2557 1431 2627 colligebat.
1467 2556 1526 2610 Id
1557 2571 1694 2610 vero
1726 2570 1848 2609 non
1878 2558 2003 2609 erat
2034 2553 2215 2619 aliud,

572 2669 757 2725 quam
790 2651 936 2705 visio
967 2646 1179 2702 inanis.
1216 2649 1362 2700 Nam
1400 2650 1461 2699 ut
1506 2660 1639 2698 eam
1682 2642 1874 2697 solum
1905 2643 2218 2712 deciperet,

572 2747 630 2797 et
657 2746 717 2795 ut
741 2754 956 2795 aurum
988 2740 1212 2791 amaret
1243 2733 1518 2795 efficeret,
1541 2731 1595 2786 id
1629 2737 1816 2787 totum
1849 2738 1972 2785 erat
2000 2731 2218 2784 machi-

575 2836 770 2885 natus.
832 2827 959 2880 Non
1002 2824 1169 2879 multi
1212 2823 1336 2876 dies
1375 2822 1793 2891 praeterieram,
1835 2825 1889 2873 et
1932 2819 1982 2873 ei
2016 2834 2219 2873 rursus

573 2917 704 2972 visa
731 2920 819 2971 est
850 2914 1065 2970 adesse
1096 2926 1401 2966 servorum
1434 2908 1765 2973 multitudo,
1801 2909 1854 2962 ei
1898 2908 1955 2962 in
2004 2922 2220 2962 manus

574 3004 937 3061 tradentium
981 3000 1238 3056 obsonia
1271 2998 1431 3053 varie
1470 2997 1709 3053 condita
1751 3012 1884 3067 quae
1938 2996 1988 3050 ei
2024 2995 2173 3050 dixit
2206 3015 2218 3054 :

577 3094 689 3160 Qui
730 3092 835 3148 tibi
864 3090 1075 3161 plagas
1103 3088 1403 3158 imposuit,
1458 3086 1549 3141 his
1591 3092 1646 3141 te
1692 3084 1877 3140 donat
1927 3084 2220 3140 obsoniis.
2255 3098 2293 3151 ρ

579 3185 723 3248 Quae
762 3179 1001 3251 quidem
1042 3178 1101 3231 in
1148 3176 1311 3244 nihil,
1355 3177 1505 3229 sicut
1534 3178 1719 3238 erant,
1753 3173 2044 3239 dissolvit,
2088 3190 2224 3229 cum

579 3288 646 3326 se
669 3271 962 3339 signasset
989 3266 1119 3321 luce
1146 3264 1331 3319 vultus
1379 3263 1626 3318 Domini.
1665 3264 1811 3318 Cum
1857 3278 1923 3317 ex
1959 3263 2051 3317 his
2090 3278 2221 3317 eam

580 3358 823 3413 vidisset
847 3356 1125 3410 invictam
1171 3353 1218 3407 is
1280 3352 1384 3423 qui
1433 3351 1692 3406 minatus
1720 3354 1850 3404 erat
1903 3367 1966 3404 se
2014 3356 2225 3404 terram

579 3451 637 3503 et
665 3460 826 3501 mare
855 3460 985 3499 esse
1027 3442 1383 3503 deleturum,
1431 3454 1689 3509 cumque
1721 3454 1791 3492 ex
1829 3437 2007 3503 bello,
2062 3439 2226 3508 quod

580 3535 873 3591 adversus
925 3548 1057 3587 eam
1120 3532 1403 3599 gesserat,
1450 3527 1678 3599 pudore
1738 3532 1897 3581 esset
1953 3525 2222 3591 aﬂ’ectus,

582 3622 785 3678 statuit
814 3618 1135 3674 discedere.

656 3712 787 3766 XVI.
846 3710 990 3763 Cum
1065 3711 1265 3761 autem
1309 3712 1528 3776 septem
1601 3704 1742 3759 anni
1784 3704 2226 3775 praeteriissent,

583 3796 861 3855 monachi
887 3796 1102 3849 laureae
1130 3792 1270 3847 noni
1302 3791 1667 3855 monasterii,
1710 3791 1814 3861 qui
1846 3792 1987 3847 illati
2038 3796 2228 3864 stupri

582 3902 716 3943 eam
748 3886 1195 3943 accusaverant,
1213 3895 1347 3935 eam
1371 3894 1496 3933 esse
1530 3878 1836 3933 mulierem
1864 3880 2226 3950 ignorantes,

582 3990 719 4031 cum
751 3970 1031 4026 omnibus
1063 3966 1357 4038 supplices
1398 3971 1603 4037 petunt
1629 3982 1663 4022 a
1714 3966 1985 4037 praefecto
2019 3984 2227 4024 mona-

582 4061 764 4129 sterii,
806 4065 868 4113 ut
906 4059 964 4113 in
1003 4073 1119 4130 quo
1144 4056 1274 4110 loco
1306 4072 1375 4110 ea
1418 4055 1581 4126 prius
1615 4070 1677 4109 se
1708 4056 2037 4124 exercebat,
2092 4073 2226 4112 eam

580 4168 785 4208 rursus
824 4147 1177 4210 admitteret,
1220 4150 1271 4199 et
1306 4144 1537 4199 referret
1595 4145 1652 4199 in
1699 4160 2011 4199 numerum
2064 4153 2229 4201 caete-

581 4254 782 4294 rorum
847 4234 1300 4290 monachorum.
1367 4233 1517 4288 Satis
1583 4234 1761 4299 enim,
1811 4233 2070 4301 aiebant,
2126 4235 2229 4290 luit

580 4342 812 4400 poenas,
841 4324 946 4396 qui
975 4329 1134 4378 tanto
1155 4326 1417 4392 tempore
1458 4322 1563 4377 fuit
1583 4328 1743 4376 extra
1774 4325 2224 4387 monasterium,

581 4422 636 4471 et
689 4415 747 4469 in
801 4414 925 4484 ipso
979 4411 1144 4466 aditu
1193 4415 1345 4465 totos
1399 4416 1625 4480 septem
1679 4426 1869 4465 annos
1922 4413 2224 4481 transegit.
2260 4445 2304 4501 D

579 4502 1200 4572 Adjiciebantautem,
1250 4512 1352 4565 per
1388 4496 1651 4551 divinam
1703 4513 1944 4569 quoque
1994 4503 2225 4570 appari-

580 4590 801 4647 tionem
851 4586 958 4640 sibi
1010 4584 1226 4639 factam
1300 4599 1431 4637 esse
1493 4583 1692 4651 ﬁdem,
1752 4586 1916 4656 quod
1969 4587 2097 4657 jam
2154 4590 2228 4645 sit

577 4681 889 4751 peccatum
911 4672 1226 4729 remissum
1246 4671 1574 4727 Theodoro.
1602 4673 1865 4737 Quorum
1894 4673 1985 4729 ille
2009 4676 2225 4732 cedens

578 4765 873 4840 precibus,
912 4761 1140 4817 relaxat
1184 4759 1552 4815 Theodoram
1585 4759 1662 4815 ab
1707 4759 1787 4830 inj
1802 4767 1929 4817 usta
1960 4761 2058 4816 illa
2088 4779 2225 4820 con-

575 4853 979 4917 demnatione,
1008 4850 1226 4920 jubens
1253 4864 1387 4903 eam
1419 4848 1492 4903 de
1523 4854 1733 4904 caetero
1778 4866 2010 4905 manere
2043 4852 2101 4907 in
2142 4854 2225 4909 in-

576 4946 723 4999 tima
748 4942 915 5009 cella,
946 4942 1003 4994 et
1031 4953 1340 5008 nunquam
1374 4938 1671 5008 progredi,
1719 4954 1911 5010 neque
1951 4940 2137 4997 ullum
2171 4943 2222 4997 ei

577 5030 867 5087 committi
897 5026 1290 5083 ministerium
1315 5026 1672 5081 monasterii.
1699 5026 1825 5081 Duo
1846 5026 2059 5083 deinde
2083 5033 2223 5087 anni

577 5117 998 5187 praeterieram,
1049 5130 1120 5168 ex
1149 5130 1269 5184 quo
1301 5128 1371 5168 ea
1419 5114 1501 5167 sic
1558 5114 1784 5183 majore
1842 5116 2222 5172 exercebatur

578 5203 937 5257 continentia
975 5208 1030 5255 et
1060 5201 1469 5257 intentioribus
1504 5202 1798 5272 precibus.
1836 5203 2052 5258 Deinde
2084 5222 2219 5262 cum

577 5294 706 5342 orta
746 5295 901 5341 esset
941 5289 1189 5353 siccitas,
1225 5295 1279 5344 et
1310 5291 1593 5361 cisternae,
1638 5306 1766 5361 quae
1798 5298 1965 5345 erant
2009 5293 2067 5346 in
2109 5310 2221 5349 coe-

575 5373 777 5435 nobio,
807 5375 1182 5430 ostenderent
1208 5392 1267 5431 se
1288 5393 1359 5431 ne
1385 5379 1699 5434 minimum
1736 5379 1977 5452 quidem
2007 5380 2219 5439 habere

580 5476 754 5530 aquas
797 5456 1111 5513 humorem
1145 5478 1157 5513 :
1198 5466 1481 5532 quoniam
1540 5471 1597 5520 et
1636 5468 1704 5521 iis
1752 5484 1886 5540 quae
1926 5467 2216 5536 audierat,

580 5552 637 5603 et
693 5546 764 5599 iis
823 5557 957 5613 quae
1012 5543 1141 5613 ipse
1192 5548 1418 5607 viderat
1473 5555 1783 5624 praefectus
1849 5559 2212 5624 monasterii,

2308 775 2529 838 ἀξιῶσαι
2566 782 2742 845 ταφῆς,
2798 770 2930 824 Ἀλλ’
2981 771 3010 825 ἡ
3073 772 3310 838 μακαρία
3358 772 3471 838 περὶ
3515 770 3683 836 μέσας
3731 769 3902 829 νύκτας

2309 864 2668 917 ἀνανενευκυῐα
2731 862 2884 931 ἑαυτῇ
2960 859 3211 927 ἐπέγραψε
3286 860 3378 912 τήν
3450 855 3643 920 αἰτίαν,
3715 860 3800 907 καὶ
3852 861 3901 908 τὸ

2312 954 2515 1024 συμϐὰν
2562 952 2699 1020 ὓεγε
2745 958 2834 1000 τοῦ
2889 948 3078 998 οἰκείου
3140 944 3441 1015 σφάλματος
3471 941 3599 995 εἷναι
3645 941 3899 998 παιδείαν.

2310 1045 2378 1097 Τό
2436 1049 2558 1113 γοῦν
2612 1040 2749 1109 ὅπλῳ
2799 1047 2889 1096 τῆς
2948 1035 3115 1104 εὐχῆς
3167 1034 3354 1091 ἑαυτὴν
3401 1030 3769 1105 περιφράξασα
3814 1036 3897 1085 ἐκε-

2310 1135 2518 1204 χειρίαν
2563 1132 2676 1200 ᾔτει
2724 1134 2821 1177 τῶν
2872 1130 3201 1196 πειρασμῶν,
3243 1125 3333 1173 Θεέ
3381 1139 3503 1191 μου,
3550 1120 3798 1189 λέγουσα,
3829 1127 3903 1172 καὶ

2313 1224 2549 1271 Δέσποτα
2596 1224 2686 1268 τοῦ
2743 1216 2951 1277 παντὸς,
3006 1212 3167 1286 ῥῦσαί
3218 1230 3281 1282 με
3331 1218 3428 1270 τῆς
3506 1208 3781 1278 ἐπαγωγῆς
3827 1216 3903 1259 τοῦ

2312 1314 2384 1376 τῷ
2444 1315 2517 1375 σῷ
2569 1306 2839 1376 πλάσματι
2900 1299 3297 1374 διαφθονοῦντος
3367 1300 3585 1371 ἐχθροῦ,
3651 1305 3745 1359 τῆς
3797 1297 3903 1369 ἐμῆς

2315 1396 2681 1467 ἐπιλαθόμενος
2737 1392 3011 1465 ἁμαρτίας.
3068 1390 3371 1460 Εὗχομένην
3435 1384 3493 1438 δε
3552 1388 3601 1437 οἱ
3656 1385 3757 1437 ἐκεῖ
3807 1407 3903 1438 ποι-

2316 1489 2475 1558 μένες,
2531 1480 2725 1544 ἰδόντες
2772 1486 2864 1538 τὴν
2914 1483 3013 1553 πρὸ
3082 1484 3270 1551 μικροῦ
3345 1481 3525 1551 νεκρὰν
3606 1474 3780 1534 αὐτοῖς
3830 1495 3901 1525 νο-

2317 1576 2616 1647 μισθεῖσαν,
2671 1579 2743 1640 τῷ
2793 1573 2881 1642 μεν
2926 1576 3040 1639 Θεῷ
3084 1564 3240 1629 δόξαν
3292 1564 3546 1637 ἀνέφερον,
3584 1571 3696 1624 τοῖς
3748 1559 3802 1615 δι
3829 1571 3905 1622 τῆς

2318 1670 2477 1736 μονῆς
2509 1665 2577 1724 ὡς
2600 1661 2900 1713 ἀναστᾶσαν
2929 1657 3081 1709 πάλιν
3106 1656 3525 1727 εὐηγγελίζοντο.

2394 1840 2493 1895 ΙΕ’.
2538 1839 2741 1911 Ἐκρινε
2776 1834 2834 1889 δε
2877 1841 2967 1889 καὶ
3007 1837 3033 1887 ὀ
3090 1842 3185 1896 τῆς
3234 1840 3391 1905 μονῆς
3444 1832 3809 1901 ἐξηγούμενος,
3858 1834 3904 1881 τό

2321 1928 2533 1984 παιδίον
2582 1926 2851 1979 ἀναλαϐεῖν
2895 1926 3261 1998 ἀναμετρήσας
3300 1925 3398 1980 ὃση
3445 1926 3534 1973 καὶ
3567 1922 3711 1980 ὅπως
3738 1923 3906 1993 χρονία

2322 2029 2416 2081 τῆς
2474 2021 2624 2079 ὁσίας
2679 2019 2709 2074 ἡ
2766 2016 3108 2078 κακοπάθεια,
3178 2017 3268 2064 καὶ
3315 2018 3469 2062 τοῦτο
3524 2015 3707 2083 χαρᾶς
3768 2006 3907 2070 αὐτῆς

2324 2109 2515 2166 ἔπλησε
2560 2112 2653 2157 τὴν
2700 2105 2906 2175 ψυχήν.
2981 2102 3055 2154 Οὐ
3110 2104 3211 2173 γὰρ
3280 2106 3482 2172 μικροῖς
3536 2098 3701 2156 αὐτὴν
3760 2096 3907 2149 ἐλύπει

2328 2204 2435 2256 τοῖς
2474 2198 2700 2269 τραχέσι
2753 2202 2847 2253 τῆς
2898 2194 3092 2265 ἐρήμου
3132 2190 3604 2263 περιπλανώμενον,
3662 2185 3763 2239 ἀλλ’
3802 2182 3906 2238 οὗδέ

2327 2286 2485 2345 οὕτως
2531 2283 2787 2355 ἀφίστατο
2834 2291 2929 2340 τῆς
2967 2278 3265 2353 προσϐολῆς
3311 2281 3335 2329 ὁ
3382 2278 3645 2349 πολέμιος,
3678 2285 3764 2328 τοῦ
3795 2282 3906 2328 Θεοῦ

2326 2382 2479 2426 τοῦτο
2517 2378 2983 2445 παραχωροῦντος,
3038 2370 3120 2419 ἰνα
3164 2372 3254 2418 καὶ
3300 2366 3535 2426 πλείονας
3587 2365 3717 2437 αὐτῇ
3771 2362 3903 2435 πλέξῃ

2328 2466 2443 2522 τοὺς
2478 2463 2775 2532 στεφάνους.
2825 2458 3050 2529 Ἐωρᾶτο
3098 2458 3198 2528 γὰρ
3246 2455 3375 2527 αὐτῇ
3434 2458 3669 2525 χρυσίον
3698 2452 3905 2527 ἐρριμμέο

2327 2572 2409 2603 νον
2470 2552 2540 2612 εἰς
2597 2557 2717 2620 γῆν,
2772 2548 2967 2607 πλῆθος
3018 2566 3070 2599 τε
3113 2552 3355 2619 παρῆσαν
3412 2541 3620 2615 ἀνδρῶν
3682 2542 3726 2594 οἳ
3776 2548 3903 2593 τοῦτο

2333 2635 2538 2710 σπουδῇ
2577 2637 2866 2707 συνέλεγον.
2906 2640 2974 2687 Τό
3026 2631 3082 2686 δὲ
3134 2630 3282 2686 οὐδὲν
3330 2634 3497 2704 ἕτερον
3543 2628 3610 2689 ἦν
3657 2632 3685 2690 ᾗ
3739 2649 3905 2702 φαντα-

2333 2734 2423 2780 σία
2463 2732 2597 2784 κενή.
2646 2724 2755 2779 Ἱνα
2796 2727 2896 2797 γὰρ
2944 2722 3198 2795 ἀπατήσῃ
3254 2727 3427 2793 μόνον,
3484 2725 3577 2772 καὶ
3628 2722 3695 2781 ὡς
3734 2722 3903 2793 ἐρῶσαν

2334 2815 2477 2887 δείξῃ
2518 2822 2749 2890 χρυσοῦ,
2788 2818 2845 2864 τό
2888 2819 2987 2864 πᾶν
3023 2812 3397 2882 ἐσκαιώρησεν.
3448 2809 3523 2861 Οὐ
3579 2808 3758 2862 πολλαὶ
3791 2827 3900 2879 παρ-

2332 2907 2486 2965 ῆλθον
2561 2907 2771 2978 ἡμέραι,
2848 2908 2936 2954 καὶ
3011 2901 3161 2954 πάλιν
3236 2900 3443 2952 οἰκετῶν
3520 2899 3653 2971 αὐτῇ
3735 2897 3899 2957 πλῆθος

2334 2998 2478 3065 ἐῴκει
2524 2994 2909 3065 παρίστασθαι,
2956 2989 3060 3061 ὄψα
3099 2994 3347 3062 φερόντων
3405 2988 3489 3040 ἐπὶ
3531 2996 3719 3060 χεῖρας
3756 2992 3898 3038 ποικί·

2333 3084 2427 3143 λως
2458 3082 2832 3152 ἐσκευασμένα,
2892 3084 2979 3131 καὶ
3026 3078 3083 3130 Ὀ
3134 3081 3224 3139 τὰς
3272 3078 3479 3148 πληγάς
3526 3096 3611 3129 σοι
3659 3076 3901 3145 ἐπενεγκὼν

2335 3173 2535 3243 ἄρχων,
2584 3175 2733 3241 φησὶ,
2787 3172 2987 3230 τούτοις
3040 3187 3096 3220 σε
3128 3164 3409 3233 δεξιοῦται,
3462 3165 3495 3217 ἃ
3536 3171 3626 3218 καὶ
3670 3167 3733 3227 εἰς
3770 3161 3899 3216 οὐδὲν

2336 3264 2506 3333 ὥσπερ
2554 3256 2685 3317 ἦσαν
2718 3256 2943 3323 διέλυσε,
2996 3266 3066 3327 τῷ
3106 3262 3234 3328 φωτὶ
3281 3264 3373 3308 τοῦ
3416 3261 3693 3328 προσώπου
3738 3259 3896 3328 κυρίου

2340 3354 2686 3420 σημειώσασα
2724 3346 2936 3404 ἑαυτήν,
2986 3346 3113 3399 Ἀπὸ
3169 3348 3361 3397 τούτων
3402 3349 3459 3397 τό
3507 3346 3708 3416 ἄμαχον
3762 3343 3900 3402 αὐτῆς

2340 3434 2465 3488 ἰδὼν
2517 3440 2605 3487 καὶ
2675 3435 2947 3500 ἀήττητον,
3005 3437 3029 3486 ό
3064 3444 3162 3505 γῆν
3208 3439 3297 3485 καὶ
3356 3434 3612 3486 θάλασσαν
3661 3432 3897 3501 ἐξαλείφεν

2338 3525 2647 3587 ἠπειληκὼς,
2672 3531 2766 3575 τοῦ
2796 3526 2921 3596 πρὸς
2942 3523 3098 3581 αὐτὴν
3125 3522 3349 3593 πολέμου
3378 3522 3622 3593 αἰσχύνην
3652 3518 3889 3590 ὀφλήσας,

2339 3614 2631 3672 ἀποστῆναι
2657 3610 2921 3682 διέγνωκε.

2410 3703 2504 3763 Ις’,
2540 3710 2649 3755 Τῶν
2680 3701 2810 3754 ἑπτὰ
2855 3698 2912 3753 δε
2971 3698 3346 3771 διαγεγονότων
3396 3698 3534 3768 ἐτῶν,
3578 3699 3621 3749 οἱ
3653 3704 3733 3755 τῆς
3770 3695 3884 3747 λαύ-

2336 3813 2427 3866 ρας
2472 3800 2561 3843 τοῦ
2606 3790 2784 3843 ἐνάτου
2840 3789 3235 3861 μονάζοντεςοοῖ
3283 3792 3371 3840 καὶ
3425 3793 3516 3845 τὴν
3564 3796 3652 3847 τῆς
3686 3789 3896 3858 πορνείας

2336 3884 2537 3955 γραφὴν
2595 3878 2874 3953 προσῆψαν
2938 3887 2997 3950 τῇ
3080 3882 3333 3949 μακαρίᾳ,
3408 3880 3463 3928 τὸ
3534 3882 3744 3946 γυναῖκα
3788 3868 3902 3923 εἶναι

2338 3972 2528 4024 ταύτην
2586 3971 2714 4038 μετά
2796 3970 2997 4019 πάντων
3072 3966 3405 4036 ἠγνοηκότες,
3487 3966 3648 4016 ἱκέται
3696 3967 3904 4033 γίνονται

2336 4064 2427 4108 τοῦ
2474 4075 2566 4116 της
2618 4062 2777 4123 μονῆς
2841 4063 3186 4127 προεστῶτος,
3255 4055 3374 4105 ἔνθα
3438 4057 3686 4126 πρότερον
3743 4052 3905 4119 ἔτυχεν

2339 4144 2653 4215 ἀσκουμένη,
2701 4140 2955 4206 δέξασθαί
3005 4163 3057 4195 τε
3099 4143 3247 4195 πάλιν
3292 4142 3474 4206 αὐτὴν,
3526 4147 3616 4194 καὶ
3667 4149 3735 4203 τῷ
3762 4140 3905 4206 λοιπῷ

2336 4244 2432 4286 τῶν
2462 4233 2786 4305 μοναζοντων
2817 4234 3164 4304 ἐναριθμῆσαι
3194 4236 3427 4302 τάγματι
3468 4249 3481 4263 ο
3538 4229 3794 4303 ἀρκοῦσαν
3820 4230 3906 4301 γὰρ

2337 4326 2578 4395 ἔφασκον,
2634 4319 2793 4374 ἔδωκε
2853 4318 3026 4383 δίκην,
3081 4318 3412 4372 ἐπιτοσοῦτον
3464 4319 3561 4381 ἔξω
3603 4326 3699 4379 τῆς
3752 4324 3906 4389 μονῆς,

2335 4416 2423 4462 καὶ
2468 4410 2588 4482 παρ’
2640 4409 2799 4468 αὐτὴν
2830 4414 2921 4468 τὴν
2954 4404 3160 4461 εἴσοδον
3202 4408 3348 4467 ὅλους
3394 4410 3523 4459 ἔπτά
3567 4412 3789 4482 χρόνους
3818 4401 3910 4457 διε-

2645 4521 2657 4533 ·
2704 4500 3009 4569 προσέθεντο
3061 4493 3118 4549 δε
3172 4501 3260 4548 καὶ
3318 4493 3414 4548 διὰ
3472 4498 3611 4556 θείας
3670 4494 3909 4567 ἐμφανείας

3526 4588 3912 4657 συγκεχώρηται

2334 4680 2391 4727 τό
2462 4676 2746 4749 ἁμάρτημα
2825 4670 3105 4748 Θεοδώρῳ.
3184 4677 3281 4724 Ὧν
3361 4676 3452 4724 καὶ
3529 4671 3675 4735 εἰξας
3751 4670 3912 4730 ἐκεῖνος

2333 4772 2394 4836 τῇ
2447 4763 2790 4835 παρακλήσει,
2841 4761 3020 4821 ἀνίησι
3078 4770 3171 4823 τῆς
3231 4757 3421 4813 ἀδίκου
3474 4758 3778 4822 καταδίκης
3835 4762 3911 4816 τὴν

2334 4851 2624 4927 Θεοδώραν,
2675 4851 2746 4913 εἰς
2802 4847 3071 4904 ἐνδότατον
3129 4849 3323 4902 κελλίον
3368 4852 3425 4901 τὸ
3478 4852 3617 4921 μετὰ
3666 4857 3816 4902 τοῦτο
3849 4866 3912 4899 κε-

2331 4941 2513 5002 λεύσας
2570 4946 2732 5013 μένειν
2778 4939 3081 5013 ἀπρόσιτον,
3136 4944 3225 4991 καὶ
3278 4934 3541 5010 μηδεμίαν
3594 4938 3761 4995 αὐτὴν
3808 4932 3915 4989 δια-

3461 5029 3559 5079 Δὺο
3636 5030 3697 5079 τὸ
3759 5026 3916 5078 λοιπὸν

2331 5116 2664 5190 παρέδραμον
2773 5120 2883 5185 ἔτη,
2984 5117 3140 5177 οὕτως
3233 5115 3564 5187 ἀσκουμένης
3660 5115 3919 5189 ἐγκρατείᾳ

2624 5210 2711 5257 καὶ
2791 5209 3191 5276 συντονωτέραις
3264 5204 3445 5275 εὐχαῖς
3513 5241 3525 5253 .
3596 5199 3696 5255 εἶθ’
3774 5202 3920 5261 οὕτως

2331 5294 2540 5363 αὐχμοῦ
2589 5297 2879 5364 γενομένου,
2932 5297 3021 5344 καὶ
3074 5301 3173 5343 τῶν
3227 5291 3273 5344 ἐν
3331 5300 3402 5361 τῷ
3451 5290 3698 5362 κοινοϐίῳ
3732 5290 3919 5341 λάκκων

2334 4508 2514 4570 νεγκοῦ
2523 4519 2590 4551 σα

2333 4594 2533 4655 πίστιν,
2602 4587 2819 4648 ἐκείνους
2895 4585 3084 4651 λαϐεῖν,
3173 4588 3237 4646 ὡς
3324 4580 3430 4643 ἤδη

2332 5035 2503 5081 κονίαν
2583 5038 2673 5089 τῆς
2752 5037 2907 5101 μονῆς
2972 5027 3386 5101 ἐγχειρίζεσθαι.

2773 5120 2883 5185 ἔτη,
2984 5117 3140 5177 οὕτως
3233 5114 3564 5187 ἀσκουμένης

2330 5206 2546 5277 μείζονι,

2327 5378 2449 5433 οὐδὲ
2495 5380 2677 5433 νοτίδα
2713 5384 2901 5454 μικράν
2958 5377 3151 5441 ὕδατος
3198 5383 3336 5451 ἔχειν
3390 5382 3786 5451 ὑποφαινόντων
3825 5378 3922 5431 ἐπεί

2326 5489 2417 5543 περ
2458 5471 2534 5531 οἷς
2571 5488 2622 5521 τε
2650 5473 2851 5538 ἤκουεν,
2886 5470 2960 5531 οἷς
3006 5488 3059 5520 τε
3111 5468 3262 5529 αὐτὸς
3314 5468 3517 5521 ἔϐλεπεν
3556 5470 3582 5520 ό
3630 5478 3725 5530 τῆς
3770 5474 3919 5541 μονῆς

2326 5557 2582 5633 ἀρχηγός,
2638 5564 2728 5610 τοῦ
2783 5561 3119 5632 χαρίσματος
3186 5556 3451 5619 ἠξιῶσθαι
3500 5564 3606 5610 τῶν
3667 5557 3921 5631 ἰαμάτων,
