4142 6278
270 290 374 359 685

1306 293 1472 358 VI'I‘A
1505 303 1563 357 s.
1606 263 2016 360 THEUDORB
2045 267 2597 372 SALEXANDRINIE.

3523 305 3626 378 686

273 434 368 488 τὴν
447 429 711 502 μακαρίαν
771 423 1218 499 πεπληροφόρητο,
1286 427 1681 498 μεταστέλλεται
1751 431 1874 480 ταύ-

2000 432 2196 488 3ertior
2217 433 2408 490 factus
2435 442 2563 492 erat
2580 437 2818 496 beatam
2847 456 2972 498 esse
2995 449 3374 502 consecutam
3396 447 3626 504 donum

276 537 390 579 την,
424 521 514 568 καὶ
564 523 634 585 τῷ
681 514 854 585 λάκκῳ
903 519 960 566 τὸ
1013 517 1254 590 κεράμιον
1289 517 1521 567 καθεῖναι
1570 518 1878 588 προστάττει

281 612 370 658 καὶ
424 602 566 680 ὕδωρ
619 604 915 674 ἀνενεγκεῖν.
969 603 1028 656 Ἠ
1082 601 1141 655 δὲ
1193 607 1344 656 εἴκειν
1403 600 1653 674 μαθοῦσα
1707 605 1880 676 λόγοις

283 699 521 767 πατέρος,
578 689 743 765 μηδὲν
789 692 1361 764 πολυπραγμονήσασα,
1422 690 1560 764 μηδὲ
1605 692 1881 745 ἀναϐαλλο-

286 790 431 858 μένη,
490 784 702 854 πράττει
750 785 808 832 τό
851 781 1137 833 κελευσθέν⁸
1170 787 1258 833 καὶ
1289 781 1440 843 εὐθὺς
1469 779 1663 844 ὕδατος
1693 785 1879 854 μεστὸν

287 872 530 943 ἀνήνεγκε
583 873 641 922 τὸ
689 872 956 942 κεράμιον,
1007 868 1058 931 ἐξ
1087 869 1147 921 οὖ
1175 875 1263 922 καὶ
1302 870 1350 921 οἱ
1376 867 1520 920 ἄλλοι
1551 879 1649 921 τῶν
1678 870 1879 922 λάκκων

283 960 497 1034 πλήρεις
519 956 713 1021 ὕδατος
743 960 1098 1031 καθεωρῶντο.

355 1138 450 1193 ΙΖ’.
531 1136 749 1208 Ὀλίγων
826 1131 886 1188 δε
944 1134 1308 1208 παρελθουσῶν
1373 1135 1572 1207 ἡμερῶν
1652 1135 1878 1207 ἀραμένη

282 1232 338 1280 τό
383 1223 599 1280 παιδίον
653 1224 728 1277 ἐπ’
773 1224 928 1295 ὄψεσι
979 1223 1176 1276 πολλῶν
1216 1221 1323 1281 ἤδη
1358 1231 1454 1285 τῆς
1485 1224 1702 1295 ἑσπέρας
1730 1243 1882 1276 κατα-

282 1315 568 1380 λαϐούσης,
625 1319 713 1365 καὶ
769 1313 956 1370 ἑαυτὴν
997 1310 1387 1384 ἕγκλεισαμένη,
1423 1313 1508 1364 οἶα
1550 1317 1723 1387 πατὴρ
1755 1315 1882 1387 πρὸς

285 1409 394 1458 υἱόν
443 1409 684 1476 γνήσιον,
735 1405 998 1462 νουθεσίας
1049 1401 1244 1474 ἤρξατο
1298 1404 1422 1476 πρός
1487 1400 1660 1455 αύτόν,
1718 1409 1882 1453 Τοῦτο

287 1491 345 1548 δε
399 1492 556 1552 δῆλον
602 1500 672 1562 τῷ
722 1499 1013 1564 προεστῶτι
1060 1509 1345 1562 γενομενον,
1421 1489 1668 1561 ἐκπέμπει
1745 1492 1883 1549 τινὰς

286 1593 384 1638 τῶν
420 1580 649 1654 ἀδελφῶν
695 1579 1073 1652 ἀκουσομένους
1121 1577 1481 1653 ἀκριϐέστερον
1528 1587 1625 1630 τῶν
1651 1582 1776 1650 πρὸς
1825 1581 1881 1628 τὸ

285 1669 498 1726 παιδίον
527 1673 796 1746 ῥημάτων,
849 1667 896 1720 οἳ
943 1673 1032 1719 καὶ
1078 1676 1139 1740 τῇ
1188 1670 1320 1740 θύρᾳ
1361 1670 1454 1724 τὴν
1485 1665 1644 1724 ἀκοὴν
1685 1686 1880 1739 προσε-

284 1769 564 1838 ρείσαντες,
650 1764 739 1811 καὶ
820 1761 901 1810 τὸν
997 1765 1112 1809 νοῦν
1198 1760 1564 1823 συντείναντες,

284 1853 556 1923 ἠκροῶντα
604 1855 702 1900 τῶν
771 1845 1072 1918 λεγομένων.
1119 1852 1346 1897 Τοιαῦτα
1404 1840 1463 1896 δε
1526 1841 1604 1912 ἧν,
1666 1843 1700 1896 οἱ
1751 1849 1882 1916 μετά

280 1945 639 2015 προσαγωγῆς
715 1934 1030 2008 φιλημάτων,
1113 1935 1404 1990 ἐπέσκηπτε
1460 1942 1531 2003 τῷ
1590 1929 1766 1985 παιδί’
1821 1933 1880 1986 ⁸0

280 2034 476 2102 χρόνος
533 2023 637 2084 ἢδη
696 2033 786 2084 τῆς
835 2023 957 2095 ἐμῆς
1013 2026 1170 2087 ζωῆς,
1220 2022 1298 2073 υἰέ
1348 2041 1448 2093 μου
1481 2022 1706 2093 φίλτατε,
1755 2026 1882 2094 πρὸς

280 2122 444 2190 πέρας
492 2117 602 2189 ὁρᾷ,
661 2117 908 2184 καὶπρὸς
938 2116 1024 2163 τὸν
1070 2111 1234 2162 ἐκεῖσε
1261 2109 1437 2162 λοιπὸν
1487 2110 1648 2161 αἰῶνα
1690 2118 1880 2185 χωρεῖν

281 2209 667 2274 κατεπείγομαι.
707 2201 837 2272 Ἐγὼ
869 2198 927 2252 δὲ
963 2219 1019 2251 σε
1065 2207 1138 2268 τῷ
1195 2204 1356 2271 πατρὶ
1403 2206 1501 2249 τῶν
1532 2197 1762 2272 ὀρφανῶν
1793 2202 1881 2249 καὶ

283 2302 399 2364 Θεῷ
450 2293 776 2366 παρατίθημι
833 2293 922 2340 καὶ
979 2295 1051 2357 τῷ
1123 2292 1286 2358 κυρίῳ
1341 2289 1530 2346 ταύτης
1586 2289 1730 2358 ἡμῶν
1787 2294 1883 2348 τῆς

279 2389 466 2455 μονῆς·
515 2379 640 2442 ἕξεις
686 2375 744 2430 δὲ
800 2382 888 2428 καὶ
949 2373 1182 2460 ἀδελφῶν
1237 2373 1475 2427 διάθεσιν
1517 2373 1881 2434 ἀποσῶζοντάς

282 2491 371 2523 σοι
417 2474 538 2530 τοὺς
567 2468 848 2539 μοναχούς.
882 2469 944 2517 Τί
978 2460 1082 2526 οὖν,
1132 2463 1384 2534 εὐγένειαν
1415 2464 1562 2534 τάχα
1593 2463 1877 2529 ζητήσειςς

294 2567 337 2612 Η
401 2554 458 2610 δὲ
507 2562 576 2630 μὴ
624 2556 831 2608 ἄλλοθεν
873 2556 1186 2628 γνωρίσεταί
1240 2571 1343 2616 σοι,
1376 2555 1406 2608 ἤ
1441 2552 1551 2603 ὅθεν
1599 2553 1629 2608 ἡ
1683 2549 1880 2612 ἀληθὴς

280 2649 513 2718 εὐγένεια
563 2648 949 2717 καταφαίνεται.
982 2647 1066 2700 Μὴ
1110 2645 1234 2715 πρὸς
1268 2645 1422 2713 τιμὴν
1464 2637 1662 2713 ἀπίδῃς
1704 2645 1797 2698 τὴν
1828 2639 1881 2702 ἐξ

279 2738 604 2807 ἀνθρώπων·
633 2731 755 2786 οὐδὲ
804 2736 903 2805 γάρ
959 2731 1088 2788 αὕτη
1138 2735 1429 2801 μακαρίους
1476 2726 1587 2781 οἶδε
1625 2733 1743 2790 τοὺς
1802 2749 1874 2780 τι·

275 2829 550 2898 μωμένους
599 2828 778 2874 ποιεῖν·
813 2820 907 2871 ούκ
966 2818 1162 2888 ἀγνοεῖς
1187 2821 1287 2890 γὰρ
1342 2819 1422 2868 ὅτι
1453 2824 1544 2867 τοῦ
1603 2815 1649 2866 ἐν
1707 2820 1878 2887 Κυρίῳ

276 2918 624 2985 μακαρισμοῦ
676 2911 724 2959 οἱ
778 2912 833 2958 τὸ
888 2906 939 2968 ἐξ
998 2905 1276 2977 ἀνθρώπων
1365 2900 1564 2962 ὄνειδος
1615 2907 1704 2953 καὶ
1787 2907 1880 2958 τὴν

276 3001 496 3072 ἀτιμίαν
576 3002 665 3048 καὶ
729 2998 795 3047 τὰ
846 2990 1054 3064 ψευδῶς
1111 2991 1277 3043 αὐτῶν
1348 2992 1883 3064 καταμαρτυρούμενα

277 3094 535 3162 φέροντες.
593 3085 774 3137 ἐκεῖνοι
820 3082 1009 3155 μᾶλλόν
1058 3081 1186 3133 εἰσιν
1230 3081 1278 3132 οἱ
1323 3081 1681 3150 τυγχάνοντες.
1717 3077 1776 3129 Εἰ
1825 3074 1882 3128 δὲ

272 3197 360 3238 τις
393 3176 650 3246 ἐπιθυμία
697 3177 832 3245 φέρει
887 3190 943 3222 σε
985 3172 1115 3243 πρὸς
1159 3164 1332 3233 τούτο,
1381 3173 1438 3219 τό
1482 3175 1638 3238 τιμῆς
1683 3169 1882 3226 πάντως

274 3265 588 3328 ἀξιοῦσθαι,
633 3265 690 3314 τὸ
740 3266 894 3332 τιμᾲν
944 3267 1144 3332 πρῶτος
1189 3256 1481 3327 ἀγάπησον,
1516 3256 1671 3306 ὕπνον
1719 3258 1884 3324 μίση-

275 3375 394 3408 σον.
454 3355 524 3404 Τὸ
580 3350 801 3423 σκληρὸν
860 3350 1104 3399 άσπασαι
1153 3355 1242 3405 τῆς
1286 3342 1516 3409 διαιτῆς,
1550 3353 1622 3414 τῷ
1669 3343 1884 3416 μαλακῷ

274 3441 550 3503 ἀπόταξάι
599 3446 690 3490 τοῦ
731 3433 1039 3508 ἐνδύματος,
1085 3444 1184 3488 τῶν
1219 3435 1453 3491 συνήθων
1498 3433 1666 3504 εὐχῶν
1721 3431 1888 3505 μηδέ-

274 3551 408 3586 ποτε
464 3527 916 3602 κατολιγωρήσης,
949 3522 1087 3597 μηδὲ
1135 3532 1232 3575 τῶν
1273 3529 1382 3582 τοῖς
1413 3519 1651 3594 ἀδελφοῖς
1703 3521 1892 3574 ἀποτε-

271 3623 519 3693 ταμένων
581 3614 854 3677 συνάξεων-
910 3615 1096 3687 ὄρθρου
1158 3617 1290 3684 φημὶ
1365 3617 1455 3664 καὶ
1507 3615 1684 3684 τρίτης
1739 3612 1892 3672 ἕκτης

271 3731 330 3764 τε
381 3712 479 3761 καὶ
529 3708 728 3769 ἐνάτης,
760 3707 848 3755 καὶ
904 3711 1001 3754 τῶν
1047 3701 1342 3775 ἱσπερινῶν·
1386 3701 1512 3752 ἀλλά
1562 3707 1651 3752 καὶ
1705 3707 1893 3775 τροφῆς

271 3794 699 3872 μεταλαμϐάνων
751 3794 1012 3864 μνήσθητι
1084 3795 1172 3842 καὶ
1230 3790 1401 3865 ἑτέρου
1459 3793 1748 3854 πεινῶντος,
1807 3792 1895 3840 καὶ

270 3890 455 3957 τούτῳ
541 3886 599 3934 τό
677 3887 760 3933 σοὶ
815 3886 1105 3954 περιττεῦον
1161 3880 1500 3951 θησαύρισον.
1588 3877 1893 3951 Ἀλλοτρίων

272 3978 570 4047 ἀπόσχου,
605 3976 911 4042 κατηγορεῖν
965 3965 1208 4040 ἀδελφοῦ,
1241 3965 1379 4040 μηδὲ
1409 3970 1540 4019 κατά
1577 3975 1692 4019 νοῦν
1730 3966 1896 4039 λάϐῃς

268 4069 425 4122 ποτέ’
544 4059 886 4128 ἐρωτώμενος,
973 4059 1127 4110 νεύων
1229 4057 1299 4119 εἰς
1389 4067 1488 4128 γῆν

270 4163 491 4226 Πτώμα
538 4153 611 4222 μὴ
656 4149 882 4220 γελάσης
926 4146 1119 4220 ἐτέρου,
1174 4147 1450 4220 θρήνησον,
1500 4148 1582 4197 ἶνα
1631 4145 1896 4219 παρακλη-

272 4249 392 4306 θῆςο
445 4247 631 4300 κακῶς
684 4236 925 4308 βιοῦντας
979 4234 1178 4287 ἀκούων
1227 4238 1370 4296 τινὰς
1427 4236 1552 4304 ὑπὲρ
1604 4233 1770 4284 αύτῶν
1819 4235 1896 4283 εῦ-

272 4305 494 4407 γξεσθαι
554 4330 626 4398 μὴ
684 4305 856 4396 ἀμέλει
909 4327 966 4376 τὸ
1019 4325 1149 4395 πρὸς
1203 4317 1540 4381 ἀσθενοῦντας
1568 4318 1793 4386 ἀπιὴαι,
1821 4323 1892 4389 μὴ

544 4059 886 4135 ἐρωτώμενος,
973 4059 1127 4110 νεύων
1229 4057 1299 4119 εἰς
1389 4067 1488 4128 γῆν
1595 4055 1892 4128 ἀπόκριναι.

1989 521 2436 587 miraculorum,
2465 541 2598 581 eam
2637 529 2901 598 accersit,
2952 537 3008 587 et
3038 532 3097 587 in
3124 533 3440 591 cisternam
3465 534 3631 607 jubet

1987 608 2292 666 demittere
2337 613 2714 684 amphoram,
2751 620 2810 672 et
2848 618 3077 676 haurire
3107 637 3345 693 aquam.
3390 623 3494 679 Illa
3528 639 3630 680 au-

1989 701 2127 762 tem,
2186 715 2320 771 quae
2378 701 2668 759 didicerat
2723 705 2930 762 cedere
2981 708 3174 764 verbis
3229 711 3432 778 Patris,
3486 711 3633 768 nihil

1990 787 2217 843 curiose
2245 789 2570 860 inquirens,
2617 808 2723 849 nec
2771 794 3070 863 differens,
3122 797 3258 854 facit
3285 799 3452 872 quod
3510 801 3633 856 fue-

1989 879 2079 930 rat
2105 875 2484 946 imperatum,
2539 883 2594 936 et
2621 881 2890 951 protinus
2933 900 3095 956 aqua
3148 886 3388 958 plenam
3429 887 3635 944 extulit

1988 963 2367 1032 amphoram.
2401 968 2530 1033 Qua
2559 985 2632 1024 ex
2661 985 2722 1025 re
2753 970 2882 1027 alias
2928 989 3167 1045 quoque
3196 976 3466 1032 cisterna
3489 992 3635 1034 con-

1988 1057 2202 1123 spectae
2227 1058 2362 1109 sunt
2389 1071 2548 1128 aqua
2579 1057 2788 1130 plenae.

2064 1140 2222 1196 XVII.
2275 1143 2419 1198 Cum
2459 1148 2635 1216 pauci
2677 1153 2876 1202 autem
2920 1148 3046 1204 dies
3094 1151 3528 1222 praeteriissent,
3561 1169 3634 1212 ea

1992 1227 2201 1284 tollens
2231 1229 2517 1286 infantem
2545 1234 2604 1287 in
2632 1241 2954 1305 conspectu
2982 1239 3309 1294 multorum
3347 1256 3487 1296 cum
3504 1241 3634 1313 jam

1995 1321 2148 1371 esset
2203 1333 2467 1389 vespera,
2514 1325 2568 1375 et
2608 1321 2862 1393 seipsam
2900 1323 3229 1394 includens,
3280 1328 3461 1401 ccepit
3494 1345 3633 1386 eum

1996 1405 2299 1460 adhortari
2331 1421 2448 1462 non
2482 1424 2670 1480 secus,
2704 1426 2773 1464 ac
2804 1415 2971 1481 pater
3000 1427 3354 1482 germanum
3421 1417 3630 1474 ﬁlium.

1992 1495 2108 1547 Hoc
2156 1510 2293 1549 cum
2346 1496 2680 1552 rescivisset
2708 1502 3016 1570 praefectus
3055 1504 3416 1570 monasterii,
3460 1506 3632 1562 mittit

1989 1582 2292 1652 quosdam
2322 1599 2393 1638 ex
2424 1583 2700 1640 fratribus
2720 1589 3056 1645 accuratius
3086 1592 3390 1648 audituros
3426 1594 3630 1662 verba,

1990 1685 2124 1740 qum
2154 1670 2373 1726 diceret
2410 1688 2615 1744 puero.
2667 1675 2777 1742 Qui
2810 1692 2947 1731 cum
2995 1693 3200 1734 aurem
3240 1681 3390 1736 ostio
3431 1682 3631 1738 admo-

1659 1754 1880 1828 ἐμμελῶς
1912 1771 1954 1826 Β
1991 1757 2229 1823 vissent,
2264 1763 2321 1813 et
2370 1767 2627 1816 mentem
2685 1762 2996 1832 diligenter
3034 1765 3476 1834 adhibuissent,
3530 1785 3634 1826 au-

1989 1845 2236 1901 diebant
2287 1863 2358 1903 ea
2410 1863 2538 1920 quas
2585 1849 2950 1906 dicebantur.
3003 1852 3137 1909 Haec
3194 1860 3395 1912 autem
3443 1863 3628 1922 erant,

1989 1951 2124 2007 quae
2151 1951 2334 2006 puero
2349 1937 2744 2008 praecipiebat,
2787 1955 2926 1996 eum
2952 1941 3307 1999 deosculans
3335 1959 3348 2000 :
3375 1946 3634 2016 Tempus

1989 2024 2116 2078 vitae
2173 2041 2336 2091 mea),
2390 2025 2473 2080 ﬁli
2547 2027 2628 2081 mi
2681 2027 3047 2100 charissima,
3093 2031 3220 2101 jam
3279 2038 3504 2104 spectat
3554 2034 3632 2091 ad

1990 2113 2192 2180 ﬁnem,
2221 2120 2278 2169 et
2319 2114 2393 2169 de
2415 2119 2626 2171 caetero
2651 2114 2866 2173 festino
2896 2117 2977 2174 ire
3021 2119 3098 2174 ad
3130 2120 3437 2189 saeculum,
3468 2122 3633 2194 quod

1991 2202 2109 2259 illic
2138 2207 2243 2258 est.
2277 2205 2395 2273 Ego
2435 2208 2633 2259 autem
2666 2209 2718 2260 te
2757 2206 2904 2278 patri
2953 2207 3382 2279 orphanorum,
3427 2215 3485 2266 et
3517 2213 3633 2268 Deo

1993 2291 2368 2356 commendo,
2420 2297 2475 2346 et
2515 2292 2763 2348 domino
2811 2295 2990 2365 hujus
3029 2297 3213 2352 nostri
3267 2299 3629 2355 monasterii.

1993 2377 2253 2434 Habebis
2301 2383 2496 2434 autem
2546 2381 2873 2437 monachos
2917 2399 3161 2455 quoque
3199 2385 3302 2457 qui
3333 2386 3394 2441 in
3440 2390 3494 2442 te
3523 2402 3633 2443 ser-

1992 2467 2216 2522 vabunt
2244 2467 2494 2523 fratrum
2537 2467 2925 2525 affectionem.
2968 2472 3119 2537 Quid
3168 2471 3358 2543 ergo?
3396 2472 3634 2542 Quaeres

1990 2553 2242 2609 fortasse
2269 2554 2632 2610 nobilitatem
2663 2555 2692 2610 ‘i
2721 2557 2820 2614 Illa
2867 2563 3064 2614 autem
3089 2575 3210 2615 non
3248 2559 3488 2617 aliunde
3528 2562 3632 2618 tibi

1990 2648 2403 2713 cognoscatur,
2419 2659 2600 2712 quam
2619 2644 2774 2700 unde
2792 2661 2928 2700 vera
2948 2653 3194 2717 apparet
3218 2647 3520 2705 nobilitas.
3551 2653 3631 2706 Ne

1989 2732 2289 2802 aspexeris
2303 2730 2381 2787 ad
2400 2730 2692 2786 honorem
2716 2733 3256 2808 h0minum.Neque
3269 2736 3428 2792 enim
3446 2738 3494 2792 is
3505 2753 3625 2803 eos,

1988 2820 2092 2890 qui
2113 2821 2504 2889 honorantur,
2536 2826 2726 2890 potest
2753 2821 2963 2878 beatos
3000 2823 3251 2879 efficere.
3285 2825 3397 2881 Sed
3437 2842 3632 2898 neque

1990 2906 2371 2979 ignoraveris,
2414 2909 2574 2978 quod
2617 2925 2751 2964 eam
2791 2927 2922 2980 qum
2963 2917 3050 2966 est
3086 2912 3147 2965 in
3192 2912 3456 2978 Domino,
3497 2913 3634 2971 bea-

1995 2994 2302 3048 titudinem
2330 2993 2411 3048 illi
2461 2997 2650 3066 magis
2683 3005 3157 3071 consequuntur,
3191 2999 3290 3072 qui
3315 3001 3633 3058 hominum

1915 3066 1956 3123 C
1991 3081 2184 3136 ferunt
2236 3081 2454 3152 probra
2510 3090 2566 3139 et
2615 3066 3030 3152 contumelias,
3082 3066 3147 3143 et
3187 3066 3355 3159 falsa,
3410 3105 3545 3161 quae
3574 3090 3634 3146 in

1990 3170 2154 3242 ipsos
2221 3169 2507 3238 feruntur,
2569 3172 2930 3230 testimonia.
2996 3175 3050 3230 Si
3121 3177 3373 3232 tenearis
3435 3185 3633 3234 autem

1989 3258 2190 3330 aliquo
2221 3257 2513 3313 desiderio
2540 3261 2786 3314 omnino
2820 3263 3178 3334 assequendi
3210 3265 3474 3332 honoris,
3511 3265 3636 3338 ipse

1991 3348 2250 3420 primum
2280 3345 2457 3416 dilige
2485 3346 2769 3403 honorem
2819 3350 3108 3405 exhibere.
3154 3352 3444 3409 Somnum
3499 3353 3639 3410 odio

1992 3436 2168 3491 habe.
2204 3437 2420 3490 Duram
2467 3440 2523 3490 et
2572 3451 2854 3506 asperam
2908 3438 3146 3493 vivendi
3191 3440 3480 3496 rationem
3512 3458 3637 3497 am-

1999 3525 2264 3596 plectere.
2307 3523 2600 3578 Renuntia
2640 3524 2915 3580 mollibus
2964 3527 3342 3582 vestimentis.
3385 3528 3642 3584 Consue-

1997 3619 2088 3668 tas
2137 3629 2340 3685 preces
2401 3628 2713 3684 nunquam
2782 3614 3130 3684 neglexeris,
3188 3632 3382 3687 neque
3438 3617 3639 3683 horas,

2000 3718 2134 3773 quas
2163 3707 2302 3755 sunt
2341 3701 2670 3756 constitutae
2711 3703 2992 3757 fratribus
3026 3704 3105 3758 ad
3144 3704 3639 3770 conveniendum,

2002 3791 2314 3856 Matutinae,
2381 3790 2650 3861 inquam,
2712 3790 2941 3857 Tertiae,
2991 3793 3201 3860 Sextee,
3239 3798 3294 3846 et
3337 3795 3535 3858 Nonae,
3587 3800 3643 3848 et

2005 3881 2415 3950 Vesperarum.
2445 3878 2685 3934 Abstine
2716 3878 2793 3934 ab
2841 3879 3062 3935 alienis.
3095 3885 3384 3937 Accusare
3433 3880 3642 3936 fratres

2001 3983 2075 4023 ne
2106 3967 2208 4022 tibi
2257 3967 2499 4039 quidem
2548 3968 2744 4022 veniat
2795 3968 2856 4022 in
2912 3973 3192 4024 mentem.
3249 3971 3646 4040 Interrogatus

2002 4056 2318 4125 responde,
2364 4055 2680 4124 respiciens
2731 4055 2790 4108 in
2841 4062 3079 4110 terram.
3133 4055 3381 4110 Alterius
3437 4072 3645 4112 casum

2004 4159 2078 4197 ne
2105 4141 2374 4195 irriseris.
2412 4144 2584 4208 Luge,
2624 4146 2685 4194 ut
2722 4143 3190 4197 consolationem
3233 4145 3642 4216 consequaris.

2009 4229 2250 4299 Aliquos
2289 4227 2537 4282 audiens
2580 4227 2731 4282 male
2771 4229 3052 4295 viventes,
3108 4245 3182 4285 ne
3234 4230 3501 4300 negligas
3539 4247 3649 4303 pro

2007 4317 2092 4372 eis
2125 4314 2368 4386 precari.
2411 4315 2496 4369 Ire
2546 4314 2623 4370 ad
2676 4330 2796 4385 eos,
2850 4316 2953 4388 qui
2999 4323 3135 4372 sunt
3187 4317 3428 4386 inﬁrmi,
3471 4335 3544 4374 ne
3563 4334 3649 4374 re-

270 4398 584 4492 παραιτοῦ,
661 4417 750 4463 καὶ
824 4410 1100 4462 συνελόντα
1168 4411 1342 4478 φάναι,
1398 4410 1584 4466 παντὸς
1659 4405 1887 4458 ἐκκλίνων

2009 4421 2200 4460 cuses.
2234 4406 2296 4458 Et
2327 4408 2386 4457 ut
2408 4403 2588 4458 semel
2613 4403 2828 4468 dicam,
2853 4419 3030 4459 omne
3059 4406 3287 4461 malum
3315 4406 3646 4473 declinans,

271 4512 479 4568 κακοῦ,
541 4501 728 4572 ἀρετῆς
784 4500 964 4558 πάσης
1019 4495 1408 4554 ἀντιποιήθητι’
1466 4492 1743 4548 δούλευσον
1790 4502 1898 4554 τοῖς

275 4591 544 4662 ἀδελφοῖς
602 4588 672 4648 ὡς
719 4583 999 4646 δεσπόταις
1051 4586 1133 4636 ἶνα
1184 4591 1417 4658 Χριστοῦ
1470 4583 1608 4656 φίλος
1655 4588 1773 4656 γένη
1808 4591 1897 4634 τοῦ

273 4682 378 4737 διὰ
414 4682 477 4731 σὲ
530 4678 739 4748 μορφὴν
775 4671 964 4726 δούλου
1017 4669 1384 4745 ἔνδυσαμένου.
1437 4672 1587 4744 Εὐχή
1634 4674 1766 4724 ἔστω
1817 4691 1900 4723 σοι

273 4770 570 4829 διηνεκὴς,
638 4770 907 4837 πειρασμῷ
955 4768 1025 4834 μὴ
1080 4767 1390 4834 περιπεσεῖν·
1425 4761 1469 4813 εἰ
1513 4758 1571 4813 δὲ
1618 4766 1707 4812 καὶ
1755 4780 1901 4834 περι-

273 4867 498 4918 πέσοις,
563 4857 808 4923 γενναίως
879 4850 1173 4920 ἀντίστηθι,
1253 4855 1340 4902 καὶ
1409 4849 1562 4902 πάλιν
1643 4851 1775 4901 ὥστε
1831 4852 1899 4920 μὴ

271 4953 487 5006 ἁλῶναι
571 4943 899 5013 προσεύχου.
960 4941 1132 5000 Οῦτως
1188 4939 1454 5012 βιοτεύων,
1526 4937 1782 5010 ἀγαπητε,
1842 4937 1900 4988 ού

267 5040 498 5117 μακρὰν
582 5030 715 5093 ἔξεις
797 5034 882 5082 τὸν
958 5028 1270 5101 βοηθοῦντα,
1336 5032 1425 5080 καὶ
1495 5029 1737 5100 ὀρέγοντά
1817 5046 1902 5078 σοι

266 5115 670 5202 πολεμουμένῳ
761 5123 851 5177 τὴν
951 5115 1140 5180 δεξιάν.
1220 5124 1448 5170 Τοιαῦτα

265 5231 346 5276 τῶ
411 5210 586 5272 παιδὶ
653 5216 765 5269 ταῖς
819 5212 1007 5282 χερσὶν
1066 5203 1230 5266 ἡδέως
1275 5209 1330 5257 τό
1388 5212 1587 5277 πνεῦμα
1657 5207 1903 5279 παρέθετο

1542 5136 1644 5190 παρ
1653 5120 1904 5168 αινέσασα

267 5319 369 5366 τοῦ
406 5309 584 5360 Θεοῦ.

349 5402 468 5454 ῙιΓ,
533 5393 647 5445 Καὶ
687 5389 746 5439 τό
795 5389 882 5457 μὲν
926 5381 1138 5436 παιδίον
1190 5385 1391 5456 θρήνοις
1428 5391 1762 5457 παραχρῆμα
1797 5381 1902 5434 ἐκό·

267 5507 464 5552 πτετο,
525 5483 626 5534 καὶ
704 5476 730 5526 ὁ
787 5475 1014 5534 οἰκίσκος
1074 5471 1207 5545 βοῆς
1259 5471 1558 5544 ἐπληροῦτο·
1621 5474 1685 5522 τὰ
1741 5469 1902 5522 ἀκου-

273 5581 481 5636 σθέντα
569 5566 636 5622 δὲ
698 5563 850 5626 εὐθὺς
925 5565 974 5614 οἵ
1050 5565 1178 5634 πρὸς
1247 5568 1398 5613 τοῦτο
1457 5562 1785 5633 πεμφθέντες,
1840 5569 1910 5630 τῷ

2011 4492 2249 4548 vindica
2291 4492 2397 4547 tibi
2441 4492 2759 4547 virtutem:
2814 4492 2967 4548 servi
3008 4492 3309 4561 fratribus,
3363 4501 3647 4567 tanquam

2011 4581 2286 4652 dominis,
2344 4586 2406 4636 ut
2453 4580 2673 4636 evadas
2722 4581 2931 4636 Christi
3000 4583 3248 4648 amicus,
3307 4583 3409 4656 qui
3451 4600 3559 4654 pro
3600 4589 3653 4639 te

2011 4671 2164 4726 servi
2202 4669 2456 4726 formam
2492 4668 2700 4724 induit.
2744 4669 2996 4725 Assidue
3031 4686 3382 4740 precare,ne
3422 4671 3652 4727 incidas

2012 4759 2519 4815 intentationem.
2600 4759 2768 4822 Quod
2835 4759 2882 4812 si
2962 4758 3259 4820 incideris,
3324 4759 3375 4813 ei
3432 4758 3654 4815 fortiter

2012 4848 2214 4904 resiste
2258 4867 2269 4915 ;
2311 4854 2365 4902 et
2403 4863 2608 4901 rursus
2653 4862 2917 4918 precare,
2970 4863 3041 4902 ne
3096 4847 3412 4918 supereris.
3469 4846 3520 4903 Si
3573 4849 3653 4903 sic

2013 4936 2199 5000 vivas,
2228 4951 2262 4992 ο
2293 4935 2520 5000 dilecte,
2552 4950 2671 4990 non
2705 4935 2909 5005 procul
2934 4935 3140 5000 aberit,
3175 4935 3279 5005 qui
3335 4933 3441 4989 tibi
3476 4950 3654 5006 opem

2015 5025 2178 5091 ferat,
2244 5031 2298 5079 et
2345 5025 2447 5096 qui
2489 5023 2640 5078 bello
2680 5024 2944 5094 appetito
3003 5023 3102 5077 tibi
3155 5025 3226 5077 sit
3274 5029 3656 5093 porrecturus

2014 5116 2338 5170 dexteram.
2373 5115 2519 5168 Cum
2558 5114 2683 5167 haec
2729 5113 3017 5167 suasisset
3057 5127 3262 5183 puero,
3299 5111 3566 5182 jucunde
3593 5112 3656 5168 in

2020 5204 2116 5260 Dei
2147 5219 2363 5260 manus
2393 5201 2636 5258 tradidit
2661 5200 2958 5272 spiritum.

2093 5379 2272 5434 XVIII.
2303 5381 2366 5432 Et
2415 5392 2560 5447 puer
2587 5374 2832 5446 quidem
2863 5373 3065 5430 statim
3101 5374 3363 5446 lugebat,
3397 5381 3452 5432 et
3494 5376 3656 5448 plan-

2018 5470 2214 5539 gebat,
2249 5464 2740 5522 et‘vociferatione
2766 5465 2943 5536 plena
2967 5471 3090 5521 erat
3110 5465 3496 5521 domuncula.
3516 5467 3658 5531 Quae

2019 5560 2328 5616 audierant
2375 5557 2573 5609 autem
2622 5553 2660 5608 ii
2705 5553 2852 5628 quid
2896 5553 2975 5610 ad
3018 5553 3132 5610 hoc
3185 5555 3353 5611 missi
3406 5553 3658 5624 fuerant,
