4142 6278
597 274 702 332 687
1849 264 2114 322 MENSIS
2152 261 2598 323 SEPTEMBER.
3823 270 3910 330 ess

594 398 1049 457 declaraverunt
1078 398 1131 454 ei
1160 397 1263 470 qui
1292 395 1555 451 miserat.
1607 392 1715 458 Qui
1766 395 2086 464 postquam
2137 407 2230 447 aut

2275 396 2322 449 A
2354 390 2713 444 ἀποστείλαντι
2763 385 3092 459 διεσάφησαν
3152 386 3207 447 ὃς
3264 384 3374 437 ἐπεὶ
3431 385 3625 442 ἢκουσε
3673 395 3756 441 καὶ
3804 397 3909 451 αὐτὸ

593 488 755 553 divit.
810 491 930 558 ipse
977 503 1219 558 quoque
1270 485 1350 548 id,
1384 483 1549 555 quod
1603 482 1827 536 viderat
1880 482 1939 535 in
1989 480 2229 545 somnis,

2352 483 2471 551 ὄναρ
2519 482 2575 529 τό
2627 479 2799 529 θεαθεν
2830 476 2969 545 αὐτῷ
3014 482 3121 536 τοῖς
3169 474 3257 525 ὑπ’
3304 473 3458 525 αὐτόν
3507 474 3639 537 ἔλεξε
3670 494 3909 554 μοναχοῖς,

592 578 737 630 dixit
766 578 889 630 suis
920 576 1232 630 monachis
1264 592 1278 629 :
1332 572 1774 633 Existimabam,
1816 570 2117 640 inquiens,
2146 586 2228 624 me

2353 566 2543 637 ”ῼμην,
2599 566 2770 630 εἰπὼν,
2828 562 3025 636 ἄνδρας
3080 560 3176 615 δύο
3255 564 3397 634 ὁρᾴν,
3457 567 3703 638 μετέωρόν
3746 590 3817 640 με,
3859 576 3912 637 εἰς

590 662 783 717 videre
812 665 965 717 duos
1006 664 1187 731 viros,
1240 662 1344 732 qui
1375 676 1469 714 me
1516 660 1575 712 in
1607 659 1797 713 altum
1851 656 2226 712 extollebant.

2348 653 2476 724 ὕψος
2534 656 2791 727 αῖροντας·
2843 656 2900 703 τὸ
2955 649 3013 703 δὲ
3063 652 3216 722 ὖψος,
3258 654 3363 703 οἷον
3413 651 3731 720 ἀνείκαστον,
3762 662 3909 733 τάγμα

588 750 856 807 Altitudo
905 757 1103 806 autem
1158 758 1281 804 erat
1330 753 1515 813 tanta,
1572 752 1798 817 quanta
1845 745 2057 815 conjici
2112 760 2224 799 non

2348 740 2407 795 δέ
2439 763 2529 814 μοι
2579 741 2802 813 ἀγγέλων
2834 741 3045 815 ἑωρᾶτο,
3076 746 3213 811 φωνή
3262 760 3313 791 τε
3344 742 3530 811 ὴχεῖτο
3575 750 3689 804 ταῖς
3737 745 3906 821 ἀκοαῖς,

588 843 840 909 poterat.
874 846 919 894 Α
941 856 1034 894 me
1062 844 1258 894 autem
1290 838 1399 893 visi
1424 844 1562 891 sunt
1590 836 1827 890 ordines
1858 833 2224 903 angelorum,

2347 832 2526 897 Βλέπε,
2580 832 2825 903 λέγουσα,
2891 831 2975 881 οἶα
3021 831 3342 900 ἡτοίμασται
3390 827 3659 904 Θεοδώρᾳ,
3718 843 3772 906 τῇ
3826 838 3903 912 ἐμῇ

587 933 643 982 et
676 945 789 984 vox
821 928 880 982 in
934 932 1081 982 meis
1136 927 1379 982 auribus
1430 926 1693 980 resonuit
1740 943 1752 981 ξ
1791 923 1953 984 Vide,
2001 924 2223 988 dicens,

2342 925 2535 993 νύμφη,
2585 923 2648 971 τὰ
2701 918 2889 990 ἀγαθά.
2927 922 3059 990 Πρὸς
3107 920 3308 977 τούτοις
3361 923 3450 970 καὶ
3494 918 3638 977 κλίνη
3671 941 3755 991 μοι
3781 944 3903 979 κατε.

584 1016 789 1086 qualia
816 1017 977 1071 bona
1006 1021 1147 1070 sunt
1186 1020 1394 1087 parata
1426 1027 1665 1085 sponse
1707 1027 1851 1066 meae
1881 1011 2220 1066 Theodorae.

2342 1016 2544 1081 φαίνετο
2627 1008 2825 1079 ἀγγέλῳ
2914 1011 3318 1079 πεπιστευμένη,
3393 1012 3481 1059 xui
3574 1015 3774 1081 νυμφὼν
3854 1022 3897 1069 τό

585 1107 793 1159 Praeter
822 1105 966 1173 haec,
1010 1104 1154 1159 mihi
1186 1119 1427 1175 quoque
1476 1101 1808 1172 apparebat
1844 1100 2052 1164 lectus,
2086 1100 2221 1154 ﬁdei

2341 1097 2523 1158 κάλλος
2580 1096 2889 1171 ἀπόρρητον,
2961 1102 3078 1169 περὶ
3128 1095 3318 1147 πολλοῦ
3368 1092 3428 1147 δέ
3485 1116 3574 1167 μοι
3648 1109 3900 1176 ποιουμένῳ

584 1194 778 1262 angeli
806 1195 1079 1256 creditus,
1126 1199 1181 1247 et
1235 1193 1532 1246 thalamus
1589 1189 2027 1260 pulchritudine
2080 1189 2220 1242 inef-

2336 1188 2537 1257 μαθεῖν.
2582 1192 2668 1245 Τίς
2738 1187 2762 1235 ὁ
2814 1189 3042 1256 νυμφὼν,
3097 1186 3122 1236 ὁ
3192 1183 3522 1256 βλεπόμενος,
3576 1191 3666 1237 xui
3742 1195 3812 1251 τίς
3877 1197 3899 1251 ἠ

582 1279 799 1335 fabilis.
850 1284 995 1337 Cum
1039 1287 1236 1337 autem
1286 1279 1681 1349 signiﬁcarem
1713 1280 1785 1332 de
1840 1279 1991 1332 lecto
2038 1276 2137 1330 illo
2169 1284 2218 1330 et

2336 1274 2503 1347 κλίνη,
2550 1280 2639 1325 καὶ
2686 1279 2766 1333 τίς
2814 1277 2976 1330 ἐκείνη
3027 1274 3055 1344 ᾖ
3104 1284 3266 1325 ταυτα
3296 1275 3635 1345 ἡτοίμασται,
3683 1282 3764 1329 καὶ
3807 1288 3903 1353 περὶ

582 1370 845 1425 thalamo
916 1370 1133 1435 doceri,
1202 1385 1487 1440 quaenam
1545 1375 1699 1422 esset
1770 1366 1889 1435 illa,
1946 1366 2038 1420 cui
2097 1366 2218 1419 haec

2333 1368 2515 1415 τούτου
2568 1367 2681 1423 τοὺς
2733 1361 3033 1433 ἀπάγοντας
3080 1361 3353 1436 ἐρωτῶντι,
3407 1363 3554 1425 εὐθὺς
3604 1372 3788 1437 χορεία
3832 1390 3903 1440 μοι

582 1468 789 1529 parata
832 1467 1046 1523 essent,
1104 1467 1158 1513 et
1188 1460 1262 1513 de
1299 1460 1369 1512 iis
1395 1473 1669 1526 rogarem
1716 1473 1817 1511 eos
1853 1456 1955 1527 qui
1983 1455 2218 1510 induce-

2336 1460 2633 1525 προφητῶν,
2685 1451 2984 1502 ἀποστόλων
3038 1470 3092 1502 τε
3148 1458 3236 1503 καὶ
3297 1455 3572 1525 μαρτύρων
3632 1458 3758 1524 μετὰ
3823 1468 3901 1509 τῶν

580 1546 745 1611 bant,
777 1547 975 1602 statim
1008 1548 1151 1602 mihi
1187 1548 1463 1618 apparuit
1509 1548 1726 1600 chorea
1770 1546 2216 1615 pr0phetarum,

2336 1542 2497 1593 ἄλλων
2542 1543 2835 1610 καθεωρᾶτο
2886 1537 3124 1606 δικαίων,
3157 1547 3245 1591 xui
3288 1543 3316 1597 η
3366 1547 3575 1615 χορεία,
3606 1546 3767 1613 μέσην
3812 1543 3902 1617 εἶχε

581 1637 1113 1706 apostolorumque
1169 1641 1227 1690 et
1277 1641 1597 1706 martyrum
1651 1650 1788 1691 cum
1833 1633 1966 1688 aliis
2022 1634 2217 1703 justis.

2334 1640 2556 1702 γυναῖκα
2599 1627 2726 1703 δόξῃ
2781 1633 3010 1702 θειοτέρα
3060 1634 3450 1701 κεκοσμημένην
3496 1634 3525 1688 ἣ
3571 1650 3648 1690 τις
3694 1630 3823 1685 ἔνδον
3862 1656 3903 1688 τε

579 1722 808 1778 Chorea
838 1731 1036 1778 autem
1083 1724 1344 1778 mediam
1370 1723 1631 1777 habebat
1671 1722 1999 1789 mulierem,
2037 1723 2215 1792 gloria

2266 1746 2298 1800 Β
2336 1730 2426 1772 τοῦ
2455 1729 2723 1792 νυμφῶνος
2759 1720 2942 1791 εἰσῄει,
2986 1724 3074 1770 xui
3104 1721 3180 1770 ἐπ’
3208 1719 3371 1780 αὐτῆς
3399 1720 3591 1791 ἑωρᾶτό
3624 1740 3714 1792 μοι
3753 1722 3902 1787 κλίνης

575 1811 867 1866 diviniore
895 1818 1189 1879 ornatam,
1222 1828 1357 1882 quae
1390 1817 1445 1865 et
1478 1811 1744 1865 medium
1776 1812 2211 1881 iugrediebatui

2334 1810 2673 1880 καθεζομένη,
2733 1810 2781 1859 οἰ
2832 1805 2891 1859 δὲ
2946 1807 3285 1873 ἀσπάζοντες,
3343 1811 3533 1866 ταύτην
3577 1808 3745 1881 ἔλεγον
3797 1809 3900 1865 εἶναι

576 1899 927 1966 thalamum,
985 1905 1039 1954 et
1096 1900 1236 1955 mihi
1288 1899 1596 1955 videbatur
1646 1900 1849 1954 sedere
1911 1900 1971 1953 in
2020 1900 2212 1954 medio

2331 1902 2414 1949 τὸν
2460 1897 2622 1948 αϐϐᾶν
2654 1894 2945 1971 Θεόδωρον,
2980 1897 3034 1956 ἧς
3059 1901 3146 1947 καὶ
3176 1901 3234 1947 τό
3275 1905 3370 1956 τῆς
3408 1902 3648 1960 πορνείας
3698 1899 3900 1972 ἔγκλημα

574 1986 748 2043 lecto.
782 1990 889 2053 Qui
933 2005 1065 2043 eam
1106 1997 1305 2044 autem
1336 1990 1737 2053 abducebant,
1772 1988 2052 2043 dicebant
2082 2004 2210 2043 eam

2330 1988 2684 2057 κατεψεύσθη,
2749 1992 2838 2037 xui
2891 1986 3144 2057 ἠνέσχετο
3194 1984 3383 2056 μᾶλλον
3441 1987 3563 2059 παρ’
3619 1988 3746 2048 ὁλοις
3793 1989 3898 2041 ἑπτὰ

575 2092 703 2131 esse
730 2077 1009 2132 abbatem
1038 2078 1432 2141 Theodorum,
1470 2078 1641 2147 cujus
1676 2078 1854 2132 etiam
1896 2078 2211 2132 conﬁctum

2330 2079 2468 2127 ἔτεσι
2574 2083 2667 2135 τῆς
2766 2082 2925 2145 μονῆς
3033 2074 3321 2133 απὸκλητος
3418 2076 3893 2150 προσταλαιπωρεῖν,

576 2164 764 2220 fuerat
791 2166 1013 2220 crimen
1046 2168 1253 2236 stupri,
1287 2172 1342 2221 et
1369 2182 1503 2236 qua:
1531 2168 1806 2221 sustinuit
1836 2168 2033 2237 potius
2066 2172 2212 2221 totos

2328 2166 2417 2213 xui
2476 2167 2645 2234 πατὴρ
2706 2161 2833 2214 εἶναι
2889 2160 3079 2223 παιδός
3154 2162 3421 2236 ἀλλοτρίου
3475 2168 3778 2235 νομίζεσθαι
3821 2172 3894 2218 xui

576 2262 804 2325 septem
836 2254 1025 2311 annos
1064 2274 1094 2311 e
1127 2257 1487 2311 monasterio
1518 2257 1702 2326 ejecta
1730 2257 1934 2326 afﬂigi,
1980 2266 2036 2312 et
2079 2274 2212 2312 cen-

2327 2256 2517 2323 τροφὴν
2619 2251 2809 2302 ἐκείνου
2888 2258 2975 2302 xui
3066 2251 3355 2324 ἀνατροφὴν
3445 2249 3890 2321 ἀναδέξασθαι,ἡ

575 2359 688 2397 seri
735 2359 861 2398 esse
932 2352 1096 2415 pater
1152 2346 1274 2413 tilii,
1324 2347 1427 2415 qui
1474 2351 1600 2399 erat
1642 2344 1901 2410 alterius,
1953 2362 2211 2418 eumque

2328 2339 2513 2397 ἑαυτήν
2566 2342 2710 2401 ὅστις
2755 2344 2828 2396 εἰη
2884 2345 3158 2412 γνωρίσαι,
3230 2346 3319 2391 xui
3370 2340 3639 2412 αἰσχύνης
3682 2344 3782 2413 ἅμα
3822 2350 3894 2395 καὶ

573 2432 870 2501 suscipere
900 2432 1180 2487 alendum
1203 2440 1257 2487 et
1279 2434 1681 2497 educandum,
1714 2450 1895 2504 quam
1926 2450 2209 2505 quaenam

2327 2431 2587 2488 τοσαύτης
2657 2428 3016 2500 ἀπαλλαγῆναι
3068 2432 3411 2491 κακοπαθείας
3466 2427 3560 2481 διὰ
3609 2438 3755 2483 τοῦτο
3822 2436 3896 2484 καὶ

571 2526 731 2574 esset
753 2522 901 2591 ipsa,
930 2522 1283 2590 significare,
1315 2528 1366 2576 et
1389 2522 1567 2576 simul
1596 2538 1632 2577 a
1657 2528 1820 2577 tanto
1850 2524 2086 2578 liberari
2117 2525 2207 2578 de-

2325 2520 2572 2577 τοιαύτης
2619 2519 2682 2579 ἧς
2722 2520 2865 2592 ὁρᾷς,
2895 2517 3111 2579 ἠξίωται
3141 2526 3233 2579 τῆς
3263 2515 3638 2591 φαιδρότητος,
3670 2524 3819 2571 ταύτά
3844 2541 3893 2592 με

570 2606 780 2663 decore
800 2615 857 2664 et
877 2609 1192 2664 afﬂictione
1222 2630 1234 2667 :
1260 2618 1314 2664 et
1329 2610 1460 2665 ideo
1482 2617 1762 2665 assecuta
1780 2620 1883 2676 est,
1909 2612 2206 2677 dicebant,

2328 2602 2509 2657 ἰδόντα
2552 2609 2576 2657 ό
2625 2608 2781 2668 ὕπνος
2832 2606 3007 2674 ἀνῆκε,
3056 2612 3297 2681 καὶπρὸς
3326 2613 3383 2660 τὸ
3418 2611 3621 2681 θρηνεῖν
3674 2614 3754 2670 τὰς
3793 2610 3893 2683 ἐμὰς

570 2711 726 2761 eam,
760 2713 944 2768 quam
978 2698 1157 2761 vides,
1175 2699 1455 2753 lmtitiam.
1483 2701 1613 2752 Haec
1636 2714 1773 2752 cum
1788 2700 2089 2763 vidissem,
2118 2718 2206 2756 me

1196 2699 1455 2753 mtitiam.
1483 2701 1613 2752 Haec
1636 2714 1773 2752 cum
1788 2700 2089 2763 vidissem,
2118 2718 2212 2756 me
2324 2696 2549 2767 ὥρμησα
2564 2696 2832 2770 ἁμαρτίας.

567 2786 795 2840 remisit
842 2802 1107 2855 somnus,
1138 2793 1193 2842 et
1233 2802 1328 2841 me
1368 2788 1628 2842 converti
1670 2788 1744 2842 ad
1774 2803 1910 2843 mea
1935 2790 2213 2846 deﬂenda

566 2879 831 2942 peccata.

642 2962 769 3015 XIX.
832 2965 959 3017 Haec
998 2978 1135 3017 cum
1193 2969 1510 3029 narrasset,
1571 2965 1840 3035 pervenit
1879 2967 2075 3020 statim
2128 2967 2207 3023 ad

2394 2963 2499 3016 16'.
2579 2970 2807 3014 Τοιαῦτα
2885 2959 3274 3035 διηγησάμενον
3347 2963 3496 3025 εὐθὺς
3567 2967 3633 3027 ὡς
3684 2965 3785 3037 εἶχε
3834 2972 3881 3018 τὸ

564 3048 774 3105 cellam
799 3058 1036 3117 sanctae,
1056 3052 1362 3107 monachis
1379 3068 1613 3123 quoque
1633 3069 1771 3108 eum
1790 3056 2200 3126 sequentibus;

2246 3085 2283 3140 Β
2318 3053 2504 3105 κελλίον
2560 3061 2648 3113 τῆς
2704 3055 2849 3113 ὁσίας
2913 3053 3211 3124 κατείληφεν
3270 3054 3524 3125 ἑπομένων
3583 3056 3741 3107 αὐτῶν
3808 3062 3882 3108 xui

565 3142 789 3193 etcum
835 3140 1130 3211 pulsasset
1182 3142 1417 3206 ostium,
1452 3143 1727 3197 excitavit
1772 3159 2041 3214 puerum.
2073 3146 2201 3199 Jam

2314 3151 2415 3202 τῷν
2495 3151 2762 3214 μοναχὼν,
2822 3146 2910 3193 xui
2956 3142 3125 3213 κόψας
3175 3148 3266 3200 τὴν
3331 3146 3510 3217 θύραν,
3564 3149 3623 3197 τό
3692 3142 3879 3196 παιδίον

563 3228 722 3282 enim
756 3229 937 3284 multo
988 3230 1149 3284 luctu
1187 3246 1325 3285 eum
1372 3238 1749 3301 oppresserat
1774 3248 2037 3287 somnus.
2069 3236 2199 3289 Sur-

2316 3228 2603 3283 διύπνισεν·
2651 3228 2710 3287 ἦν
2765 3234 2865 3303 γὰρ
2922 3239 2993 3301 τῷ
3048 3232 3215 3301 πολλῴ
3273 3232 3521 3305 κλαυθμῷ
3582 3239 3699 3309 πρὸς
3742 3236 3878 3285 ὖπνον

561 3317 710 3371 rexit
734 3332 894 3386 ergo,
945 3324 1001 3373 et
1043 3326 1245 3389 aperto
1290 3321 1436 3374 ostio
1480 3324 1562 3374 eis
1606 3320 1769 3375 dedit
1818 3322 2068 3379 aditum.
2120 3322 2197 3377 illi

2312 3318 2418 3377 ἢδη
2478 3323 2801 3391 κατενεχθέν.
2882 3326 3127 3379 Διανέστη
3202 3332 3349 3393 γουν,
3425 3330 3515 3375 xui
3581 3332 3667 3382 τὴν
3738 3326 3878 3399 θύραν

560 3407 758 3459 autem
806 3406 1056 3475 ingressi
1082 3417 1238 3473 sunt,
1273 3415 1328 3462 et
1369 3425 1523 3473 eam,
1562 3425 1695 3479 quae
1749 3417 1838 3464 est
1880 3426 2012 3463 vere
2048 3412 2196 3475 viva,

2314 3408 2518 3470 ἀνοίξας
2592 3410 2804 3460 εἰσιέναι
2874 3415 3078 3471 τούτοις
3134 3407 3337 3462 ἐδίδου*
3401 3414 3450 3463 οἰ
3506 3409 3565 3465 δὲ
3633 3418 3874 3483 εισῄεσαν,

562 3492 757 3547 vident
788 3502 1082 3550 mortuam
1116 3513 1128 3549 :
1159 3504 1213 3550 et
1236 3498 1603 3562 accedentes,
1632 3497 1693 3550 in
1726 3514 1962 3552 sacrum
1987 3515 2198 3569 corpus

2311 3504 2398 3549 xui
2500 3504 2592 3556 τήν
2689 3503 2839 3559 ὅντως
2914 3500 3089 3558 ζῶσαν
3171 3502 3361 3573 ὁρῶσιν
3448 3505 3632 3572 νεκρὰν,
3708 3520 3870 3571 παρα-

560 3580 919 3636 distillarunt
942 3584 1258 3655 lacrymas.
1287 3588 1438 3640 Poro
1470 3593 1669 3641 autem
1704 3588 1977 3656 praefecto
2008 3587 2196 3642 visum

2313 3590 2521 3649 στάντες
2596 3585 2804 3659 δάκρυα
2870 3596 2963 3639 τού
3047 3591 3183 3661 ἱερου
3241 3590 3547 3648 κατέσταζον
3619 3594 3860 3659 σώματος.

558 3674 644 3721 est
674 3668 1180 3740 intempestivum,
1211 3674 1574 3728 innotescere
1602 3674 1974 3739 miraculum,
2009 3677 2194 3731 donec

2308 3683 2389 3746 Τῲ
2445 3688 2735 3749 προεστῶτι
2785 3682 2959 3748 μέντοι
3015 3679 3230 3749 άκαιρον
3292 3675 3435 3740 ἔδοξε
3484 3682 3535 3729 τό
3589 3672 3856 3749 παράδοξον

558 3770 662 3810 eos
693 3759 1052 3824 accersisset,
1087 3761 1187 3828 qui
1212 3762 1653 3815 accusationem
1683 3763 1742 3815 in
1770 3778 1903 3816 eam
1933 3773 2194 3820 constru-

2306 3772 2391 3814 νυν
2450 3762 2770 3834 διαγνωσθεν
2822 3774 2912 3817 τοῦ
2970 3767 3229 3837 θαύματος
3285 3768 3450 3839 ἄχρις
3514 3766 3570 3817 ἂν
3631 3771 3739 3824 τοὺς
3780 3770 3863 3820 τὴν

556 3849 783 3897 xerant.
858 3847 967 3909 Qui
1020 3862 1156 3899 cum
1212 3847 1530 3915 venissent,
1578 3849 1829 3903 ostensis
1899 3852 2192 3922 aliquibus

2306 3859 2621 3923 κατηγορίαν
2681 3853 3084 3925 συμπλέξαντας,
3168 3861 3457 3912 ποιήσηται
3513 3860 3869 3928 μεταπέμτους,

558 3933 829 4002 partibus
861 3935 1013 3988 sacri
1054 3937 1319 4005 corporis
1368 3952 1378 3989 :
1435 3937 1658 4001 Videte,
1719 3937 1867 3992 dixit
1930 3939 2034 4003 eis,
2081 3941 2194 3995 hoc

2304 3941 2371 3991 ὧν
2427 3948 2514 3993 xui
2564 3942 2899 4014 ἀφικομένων,
2954 3946 3062 3995 ἔνια
3116 3949 3244 4017 μέρη
3312 3953 3404 3997 τοῦ
3460 3949 3594 4019 ἰεροῡ
3652 3951 3877 4016 σωματος

557 4022 960 4091 spectaculum
1002 4039 1226 4078 novum
1259 4030 1315 4078 et
1359 4024 1714 4091 inauditum,
1762 4027 1962 4098 qualis
2015 4044 2193 4085 sexus

2302 4028 2644 4103 παραδείξας,
2684 4029 2865 4097 Ἴδετε,
2915 4030 3069 4101 εἶπεν,
3099 4034 3264 4085 αὐτῶν
3310 4038 3365 4086 τό
3414 4042 3711 4087 καινότατον
3739 4042 3877 4085 τούτο

555 4109 714 4179 quali
770 4128 902 4166 esca
968 4113 1346 4168 tenebrarum
1409 4115 1776 4169 conculcavit
1838 4118 2191 4188 principem.

2305 4122 2487 4191 θέαμα,
2522 4122 2606 4171 οἱα
2636 4124 2785 4191 φύσις
2833 4122 2923 4192 οἱῳ
2980 4120 3181 4174 δελέατι
3228 4127 3311 4174 τὸν
3343 4133 3434 4176 τού
3486 4132 3707 4187 σκότους
3758 4124 3881 4181 ἠπά-

555 4195 989 4270 Obstupuerunt
1018 4216 1225 4255 omnes
1243 4204 1614 4272 spectaculo:
1648 4210 1703 4258 et
1725 4216 1916 4261 metus
1947 4210 2190 4278 quidem

2302 4228 2455 4266 τησεν
2511 4212 2765 4284 ἄρχοντα,
2821 4210 3090 4273 Ἐξέπληξε
3142 4215 3331 4273 πάντας
3376 4216 3405 4271 η
3457 4217 3564 4266 θέα·
3598 4221 3688 4266 καὶ
3743 4213 3881 4285 φοϐος

550 4291 874 4356 stuporem,
898 4297 1120 4344 metum
1138 4298 1336 4345 autem
1366 4291 1643 4362 lacrymm
1678 4301 1817 4349 sunt
1838 4305 2186 4365 consecutus,

2299 4301 2389 4371 μὲν
2442 4304 2533 4356 τὴν
2578 4298 2820 4361 ἔκπληξιν
2875 4303 2959 4351 τόν
3006 4298 3063 4352 δὲ
3118 4301 3287 4373 φόϐον,
3330 4298 3537 4377 δάκρυα
3590 4299 3885 4373 διεδέχοντο

552 4378 697 4431 dum
728 4379 1107 4447 reputabant,
1141 4380 1423 4434 adversus
1461 4397 1616 4451 quos
1634 4382 1869 4437 labores
1894 4386 2188 4440 decertare

2248 4387 2661 4481 ,λογιζομένους
2708 4392 2837 4459 πρὸς
2893 4391 3027 4449 οἵους
3082 4398 3269 4450 πόνους
3324 4391 3555 4443 παλαίειν
3599 4391 3884 4463 ὀφείλουσιν

548 4472 818 4535 oporteat
881 4480 1005 4529 eos,
1065 4467 1165 4536 qui
1211 4474 1345 4521 sunt
1388 4468 1668 4538 implicati
1709 4474 1975 4542 corporis
2018 4474 2184 4530 affec-

1709 4474 1975 4542 corporis
2018 4474 2191 4530 affec-
2221 4467 2264 4481 υ
2299 4479 2347 4528 οἰ
2376 4480 2593 4529 πάθεσιν
2624 4476 2960 4550 ἑνεσχημένόι
2989 4487 3318 4551 σωματικοῖς.

547 4552 822 4607 tionibus.

616 4644 717 4697 XX.
744 4642 1038 4705 Quoniam
1070 4648 1268 4697 autem
1296 4657 1405 4698 nec
1435 4645 1715 4701 maritum
1745 4648 1991 4718 quidem
2014 4667 2188 4723 opor-

2370 4661 2445 4707 κ’.
2517 4656 2657 4708 Ἐπεὶ
2710 4652 2767 4707 δὲ
2820 4652 2925 4708 ἔδει
2979 4659 3176 4717 πάντως
3226 4652 3366 4728 μηδὲ
3415 4660 3498 4709 τὸν
3570 4653 3754 4730 ἄνδρα
3804 4665 3889 4715 τῆς

543 4731 705 4785 tebat
734 4731 980 4785 omnino
1034 4738 1240 4787 sancta
1276 4733 1561 4797 frustrari,
1591 4736 1694 4804 qui
1723 4752 1941 4806 purum
1973 4755 2042 4795 ac
2070 4742 2179 4797 sin-

2294 4745 2438 4804 ὁσίας
2490 4744 2878 4816 ἀπολειφθῆναι,
2930 4748 3154 4820 καθαρὸν
3211 4747 3280 4806 εἰς
3328 4745 3464 4806 τέλος
3494 4750 3583 4798 τὸν
3634 4750 3772 4821 πρὸς
3809 4745 3889 4795 αύ-

542 4835 743 4873 cerum
776 4818 837 4872 in
876 4836 1009 4873 eam
1064 4836 1331 4875 amorem
1370 4829 1657 4892 perpetuo
1702 4838 2178 4896 conservaverat,

2290 4837 2377 4883 τόν
2433 4833 2725 4904 φυλάξαντα
2776 4836 2952 4890 πόθον.
3006 4818 3257 4906 ’Ἄγγελος
3324 4844 3396 4905 τῷ
3450 4818 3757 4909 προεστῶτι
3805 4842 3891 4895 τῆς

541 4906 791 4976 angelus
821 4909 1109 4963 accedens
1146 4911 1222 4964 ad
1255 4911 1593 4981 praefectum
1625 4917 1986 4983 monasterii,
2016 4919 2177 4987 jubet

2288 4930 2448 4992 μονῆς
2506 4926 2797 4995 παραστὰς,
2855 4923 3043 4974 κελεύει
3094 4927 3224 4995 πρὸς
3264 4930 3357 4981 τὴν
3415 4924 3561 4975 πόλιν
3624 4928 3750 4977 τινὰ
3799 4934 3889 4975 τῶν

542 5001 604 5048 ut
631 4994 877 5051 mitteret
916 4997 993 5052 ad
1032 4999 1322 5053 civitatem
1370 5001 1697 5069 quemdam
1746 5018 1815 5057 ex
1865 5008 2178 5063 monachis

2288 5016 2533 5079 μοναχὼν
2612 5013 2826 5081 ἔφιππον
2896 5009 3174 5082 ἐκπέμψαι,
3252 5010 3527 5087 ἐπιτρέψαι
3577 5032 3637 5065 τε
3711 5015 3892 5065 οἰτόν

538 5083 1145 5154 equitem,etjuberet
1170 5091 1312 5153 ei,ut
1333 5091 1393 5142 in
1420 5104 1576 5159 equo
1607 5106 1713 5144 suo
1738 5094 1981 5149 collocet
2011 5113 2173 5163 eum,

2286 5104 2497 5170 πρώτως
2550 5102 2688 5168 αύτῷ
2739 5101 3103 5156 ὑπαντήσοντα
3152 5110 3221 5170 τῷ
3280 5102 3418 5172 ῖππῳ
3476 5105 3676 5154 τούτου
3727 5100 3895 5153 ἐπιϐι-

536 5170 637 5239 qui
658 5170 877 5235 primus
895 5177 945 5227 ei
975 5179 1313 5244 occurrerit,
1342 5185 1397 5233 et
1419 5180 1499 5233 sic
1531 5196 1668 5234 eum
1701 5182 1959 5239 adducat
1988 5202 2172 5257 quam

2286 5185 2467 5250 ϐάσαι,
2520 5192 2608 5238 xui
2646 5189 2808 5249 οὓτως
2860 5190 2922 5247 ὼς
2968 5191 3204 5260 τάχιστα
3259 5188 3492 5260 ἀγαγεῖν.
3546 5192 3632 5242 Οὐ
3686 5195 3798 5263 μὴν
3844 5186 3898 5241 δε

535 5256 835 5310 citissime.
887 5263 1095 5317 Verum
1122 5269 1420 5323 enimvero
1447 5285 1584 5322 eum
1611 5285 1851 5341 quoque
1877 5256 2077 5330 divina
2095 5281 2170 5332 ad

2285 5275 2411 5326 ἀλλὰ
2483 5275 2712 5328 κάκεῖνον
2786 5280 2895 5328 θεία
2964 5297 3038 5337 τις
3124 5282 3249 5350 πρὸς
3328 5287 3478 5331 τούτο
3549 5289 3898 5355 παρωτρυνεν

532 5341 952 5443 ὴρῗῳιιθμιιω
986 5350 1267 5407 incitabat
1288 5355 1602 5425 apparitio,
1636 5368 1813 5412 etsua
1844 5374 2053 5429 sponte
2080 5380 2168 5417 ve-

2285 5366 2552 5435 ἐπιφάνεια
2623 5372 2711 5416 xui
2789 5366 3107 5429 αὐτόκλητος
3172 5372 3253 5440 ᾔει
3331 5373 3459 5441 πρὸς
3530 5374 3633 5427 τὴν
3715 5374 3900 5443 μόνην.

530 5424 826 5533 niebatad
850 5438 1293 5533 monasterium.
1328 5424 1473 5497 Cum
1513 5460 1653 5514 ergo
1706 5446 1758 5501 ei
1797 5424 1986 5502 factus
2013 5457 2166 5507 esset

2380 5424 2390 5435 _
3004 5424 3007 5425 ,
3092 5424 3105 5429 ,
3179 5424 3195 5440 ,ν
3370 5424 3379 5441 ι
3444 5424 3458 5430 _
3584 5424 3593 5427 ,
3715 5424 3726 5443 ,
3838 5424 3845 5426 ί

2284 5455 2420 5507 Ἐπεὶ
2471 5450 2557 5505 οὖν
2588 5456 2791 5513 ὑπήντα
2819 5458 2844 5507 ὁ
2883 5461 3118 5529 μοναχός
3146 5464 3233 5509 xui
3274 5457 3485 5511 ἐπύθετο
3538 5461 3671 5512 ὅτου
3734 5462 3902 5533 χάριν

526 5510 773 5570 obviam
809 5517 1160 5587 monachus,
1200 5530 1258 5581 et
1291 5538 1559 5603 rogasset
1583 5510 1710 5591 your
1754 5543 2032 5607 curreret,
2072 5540 2162 5596 ille

2279 5545 2305 5597 ό
2362 5539 2570 5616 δρόμος
2612 5544 2637 5595 ὁ
2674 5541 2733 5597 δε
2770 5510 3112 5620 Τὴνιέμὴίνὶκ
3152 5546 3361 5615 πολλοῦ,
3390 5550 3508 5623 ἔφη,
3540 5510 3795 5621 γυναίκέ
3821 5510 3896 5623 in?
