4142 6278
310 331 417 386 689

318 456 630 526 θεασάμενος
707 459 794 505 νῦν
860 457 944 505 τὸν
1021 453 1138 526 βίον
1212 454 1546 508 έκλείπουσαν
1612 456 1906 530 ἀναμαθὼν,
1941 457 1988 512 Α

314 545 498 615 ἄπειμι
553 544 618 594 τὰ
681 541 946 594 τελευταῖα
1009 539 1251 616 δακρύων
1322 544 1502 603 αύτήν.
1560 545 1909 608 Ἀναϐιϐάσας

311 637 480 684 τοίνυν
537 630 618 683 ἐπὶ
666 634 752 682 τὸν
802 633 958 682 ἵππον
1011 632 1187 698 αὐτόν,
1238 633 1307 693 εἰς
1354 638 1448 692 τὴν
1501 639 1660 705 μονὴν
1718 639 1910 705 ἤγαγεν

318 720 364 772 ἐν
499 723 557 771 τὸ
617 721 747 770 θεῖον
804 728 992 781 σκῆνος
1043 725 1326 794 προέκειτο,
1489 727 1578 774 καὶ
1633 721 1907 787 ἐπιπεσὼν,

319 815 448 884 πρὸς
527 813 686 882 ὄνομα
767 813 859 868 τὴν
935 811 1086 862 ὁσίαν
1162 809 1468 878 ἀνεκαλεῖτο,
1529 821 1730 887 πικροῖς
1803 813 1912 884 ἅμα

317 897 704 973 περιρῥεόμενος
755 895 1032 971 δάκρυσιν,
1085 903 1153 960 ὡς
1208 905 1296 952 καὶ
1373 903 1568 964 πάντας
1618 905 1732 962 τοὺς
1794 921 1912 954 συν-

318 988 615 1059 ειλημένους
669 987 780 1058 (καὶ
830 991 930 1059 γὰρ
991 987 1168 1040 πολλοὶ
1224 995 1310 1041 καὶ
1369 999 1466 1042 τῶν
1536 990 1685 1064 πέριξ
1732 992 1910 1064 ἠθροί-

319 1077 521 1132 σθησαν
573 1076 864 1148 μοναχῶν),
920 1076 991 1138 εἰς
1040 1075 1211 1129 οἶκτόν
1261 1075 1550 1153 διερεθίσαι
1607 1083 1737 1152 πρὸς
1787 1082 1913 1132 ὑπό-

316 1169 507 1235 μνησίν
561 1183 612 1216 τε
663 1173 759 1218 τῶν
809 1164 1162 1238 βεϐιασμένων
1216 1167 1400 1227 αύτούς
1448 1166 1680 1239 ἀγαγεῖν,
1732 1171 1798 1230 ὡς
1849 1166 1914 1220 εἶ-

315 1272 398 1304 ναι
453 1254 640 1317 πάντα,
700 1255 766 1304 τά
817 1273 870 1306 τε
927 1255 1177 1326 ὁρώμενα,
1234 1257 1299 1307 τά
1347 1275 1401 1307 τε
1470 1261 1572 1328 μὴν
1628 1255 1916 1328 ἀκουόμενα

314 1337 628 1406 συνειδότος,
659 1339 959 1408 ἀνάπτυξις,
997 1347 1087 1395 καὶ
1116 1343 1300 1416 ψυχῆς
1332 1343 1558 1416 ἀτεχνῶς
1581 1348 1732 1417 ἴαμα.

391 1603 513 1657 KA'.
574 1605 700 1676 Ὀψὲ
773 1603 831 1659 δὲ
899 1614 986 1661 καὶ
1054 1610 1198 1680 μόλις
1258 1615 1350 1661 τοῦ
1400 1610 1615 1670 πένθους
1665 1608 1914 1673 λήξαντος

321 1691 521 1766 ψαλμοὶ
565 1699 654 1746 καὶ
697 1695 847 1766 ὕμνοι
889 1699 954 1749 τὰ
998 1706 1096 1750 τῶν
1143 1700 1338 1771 θρήνων
1382 1697 1536 1758 εύθὺς
1583 1694 1908 1770 διεδέχοντο,

1334 329 1504 386 VITA
1544 331 1605 387 S.
1646 331 2054 389 THEODORAE
2093 330 2647 387 ALEXANDRINE.

3555 334 3661 388 690

2018 456 2322 528 respondit
2355 473 2368 510 :
2400 455 2547 511 Cum
2566 470 2764 510 meam
2780 471 3027 511 uxorem
3044 455 3224 524 longo
3249 461 3510 528 tempore
3538 472 3660 512 non

2021 545 2288 609 viderim,
2322 551 2376 599 et
2400 560 2532 601 eam
2557 559 2715 598 nunc
2736 559 2767 598 e
2795 544 2917 598 vita
2945 545 3268 602 excessisse
3297 546 3658 611 resciverim,

2018 633 2172 688 vado
2203 649 2333 688 eam
2383 639 2641 686 extremo
2689 631 3028 686 deﬂeturus.
3073 635 3220 687 Cum
3251 649 3389 688 eum
3429 650 3566 704 ergo
3605 635 3660 688 in

2019 737 2243 792 equum
2271 720 2623 783 sustulisset,
2666 719 2832 774 duxit
2864 719 2922 773 in
2953 721 3407 786 monasterium,
3453 721 3513 775 in
3544 737 3662 792 quo

2017 810 2254 880 jacebat
2301 809 2573 863 divinum
2642 806 2789 861 illud
2846 807 3324 864 tabernaculum.
3373 809 3460 863 Ad
3499 810 3663 880 quod

2021 915 2152 954 cum
2173 897 2454 962 irruisset,
2472 901 2743 951 sanctam
2761 895 3016 951 vocabat
3029 896 3665 960 nominatim,acerbas

2023 986 2201 1041 simul
2233 986 2481 1040 fundens
2511 985 2826 1057 lacrymas,
2856 984 3007 1038 adeo
3041 990 3102 1039 ut
3123 1000 3352 1048 omnes,
3377 985 3480 1055 qui
3500 988 3667 1040 erant

2023 1075 2380 1145 congregati,
2436 1075 2860 1143 (convenerant
2907 1073 3066 1127 enim
3114 1073 3278 1128 multi
3325 1089 3396 1128 ex
3444 1073 3513 1128 iis
3564 1074 3667 1145 qui

2022 1164 2374 1219 habitabant
2405 1162 2793 1217 circumcirca
2833 1161 3164 1230 monachis)
3205 1168 3556 1232 provocaret
3593 1161 3667 1216 ad

2023 1252 2331 1323 lacrymas,
2372 1255 2427 1305 et
2452 1249 2768 1304 deduceret
2795 1248 2872 1304 ad
2898 1263 3107 1303 eorum
3149 1248 3276 1304 vitae
3318 1249 3668 1305 recordatio-

2024 1355 2185 1396 nem.
2217 1339 2420 1410 Itaque
2459 1345 2625 1393 erant
2674 1336 2900 1400 omnia,
2952 1340 3076 1392 tam
3115 1353 3246 1407 qua
3294 1337 3667 1407 videbantur,

2024 1443 2207 1500 quam
2239 1441 2374 1498 quas
2418 1425 2834 1488 audiebantur,
2865 1424 3236 1480 conscientias
3281 1424 3665 1495 refrigeratio,

2023 1520 2079 1570 et
2108 1530 2310 1570 revera
2328 1513 2545 1570 animae
2576 1511 2890 1568 medicina.

2093 1603 2226 1660 XXI.
2273 1603 2419 1658 Cum
2464 1601 2659 1656 luctus
2702 1606 2902 1655 autem
2936 1600 3030 1654 vix
3075 1600 3320 1656 tandem
3369 1600 3666 1665 desiisset,

2024 1690 2240 1764 psalmi
2269 1694 2324 1746 et
2347 1689 2557 1762 hymni
2599 1689 2796 1744 statim
2824 1687 3050 1743 luctum
3085 1693 3222 1742 sunt
3251 1688 3576 1744 consecuti.
3607 1691 3671 1743 Et

320 1785 404 1832 καὶ
459 1783 622 1845 οὕτως
679 1782 1080 1857 έξοσιωσάμενοι
1126 1791 1184 1839 τό
1231 1785 1518 1838 πολύαθλον
1561 1784 1718 1839 έκεῖνο
1763 1796 1914 1859 σῶμα

2025 1781 2107 1834 sic
2125 1779 2299 1850 justis
2331 1777 2500 1832 factis
2527 1776 2921 1832 illilaborioso
2943 1780 2999 1832 et
3021 1780 3402 1832 sacrosancto
3413 1775 3666 1847 corpori,

321 1877 410 1924 καὶ
464 1873 755 1945 ἱερώτατον,
815 1874 1024 1937 κόλποις
1076 1884 1162 1936 τῆς
1217 1884 1314 1947 γῆς
1369 1877 1690 1950 κρύπτουσιν
1744 1877 1803 1927 οὗ
1857 1881 1913 1929 τὸ

321 1969 522 2032 πνεῦμα
600 1969 692 2014 τοῦ
765 1962 1000 2035 Ἀϐραὰμ
1069 1965 1252 2017 κόλποι
1319 1969 1507 2038 νοεεροὶ
1579 1961 1910 2028 ὑπεδέξαντο,

319 2053 382 2101 Τί
412 2053 469 2101 1'6
499 2053 630 2121 μετὰ
669 2059 836 2103 ταῦτα
858 2069 870 2119 ;
903 2055 980 2105 Τὰ
1026 2052 1241 2118 ἐκείνης,
1273 2054 1298 2105 ὁ
1341 2056 1529 2114 ταύτης
1573 2052 1700 2124 ἀνὴρ
1749 2051 1914 2106 διεδέ-

319 2137 481 2204 ξατο;
536 2144 634 2191 Καὶ
691 2147 798 2201 τοῖς
861 2149 952 2194 τοῦ
1017 2147 1221 2214 κόσμου
1271 2149 1433 2195 πᾶσιν
1509 2141 1911 2214 ἀποταξάμενος,

315 2232 403 2278 καὶ
475 2235 578 2288 τοῖς
635 2236 892 2300 μοναχοῖς
966 2229 1260 2303 ἐναρίθμιον
1328 2231 1508 2283 ἑαυτὸν
1568 2233 1786 2303 θέμενος,
1845 2231 1914 2293 εἰς

316 2316 480 2386 ἔρωτά
528 2335 580 2368 τε
635 2318 865 2387 ἡσυχίας
917 2317 1094 2387 έλθὼν,
1150 2323 1207 2370 τό
1261 2319 1454 2370 κελλίον
1521 2318 1768 2390 λαμϐάνει
1821 2328 1917 2380 τῆς

319 2401 610 2475 Θεοδὼρας,
666 2403 955 2458 σπουδαῖόν
1013 2425 1065 2459 τε
1118 2412 1206 2458 καὶ⁹
1256 2406 1522 2481 φιλάρετον
1577 2407 1697 2479 βίον
1745 2407 1917 2460 ἐπανε-

313 2493 522 2562 λόμενος
602 2502 827 2568 χρηστῷ
898 2494 1027 2547 τέλει
1102 2501 1189 2553 τὴν
1260 2496 1400 2556 ζωὴν
1453 2496 1716 2550 καταλύει.
1774 2495 1913 2549 Ἐπεὶ

317 2578 405 2633 οὖν
459 2585 700 2640 τοιαύτην
755 2581 962 2654 ἀγωγὴν
1017 2586 1064 2635 οἱ
1137 2588 1365 2655 μοναχοὶ
1414 2583 1710 2648 ἐθεάσαντο,
1764 2581 1914 2635 οὐδὲν

321 2667 525 2740 ἀπᾷδον
577 2670 819 2744 ἐνόμισαν
869 2676 927 2724 τὸ
987 2671 1292 2747 ἀμφοτέροις
1339 2673 1426 2725 ἕνα
1476 2678 1566 2724 καὶ
1617 2676 1704 2725 τὸν
1757 2675 1914 2745 τάφον

322 2761 586 2831 γενέσθαι,
642 2756 734 2812 διὰ
786 2767 876 2812 τοῦ
933 2765 1023 2812 καὶ
1080 2769 1223 2833 κοινῇ
1283 2764 1349 2812 τὰ
1401 2761 1619 2830 λείψανα
1669 2770 1767 2813 τῶν
1818 2758 1916 2814 δύο

322 2849 613 2912 κατέθεντο,
673 2847 733 2899 ού
800 2853 901 2920 μὴν
961 2847 1088 2900 ἀλλὰ
1136 2854 1225 2900 καὶ
1294 2852 1352 2900 τό
1405 2845 1616 2900 παιδίον
1673 2852 1915 2900 τοιούτων

321 2939 520 3007 μέτρων
583 2934 770 3008 ἀρετῆς
823 2935 1012 3006 ἣψατό,
1071 2937 1136 2995 ὡς
1188 2940 1278 2988 καὶ
1352 2945 1447 2996 τῆς
1505 2943 1667 3006 μονῆς
1725 2935 1917 2997 ἐκείνης

325 3032 611 3096 προστῆναι
657 3027 829 3098 κρίσει
873 3019 1090 3076 δικαίων
1134 3031 1233 3075 τῶν
1277 3027 1364 3076 τὸν
1397 3023 1513 3096 βίον
1556 3024 1698 3094 αύτῷ
1742 3043 1916 3077 συνει-

321 3108 507 3177 δότων,
555 3117 642 3165 καὶ
689 3117 1015 3186 προστασίας
1061 3115 1308 3175 τοιαύτης
1350 3112 1640 3186 έφιεμένων.
1672 3119 1916 3165 Τοιοῦτον
1950 3131 1992 3189 C

317 3209 415 3253 τῶν
470 3201 666 3254 πολλῶν
729 3207 894 3254 πόνων
951 3211 1046 3264 τῆς
1118 3206 1382 3276 μακαρίας
1437 3205 1494 3254 1'6
1549 3206 1720 3274 πέρας.
1773 3201 1912 3260 Αὕτη

315 3298 416 3342 τῶν
469 3295 712 3362 γενναίων
753 3291 918 3343 ἄθλων
964 3291 1128 3352 αὐτῆς
1175 3292 1204 3348 ἦ
1254 3287 1523 3360 διήγησις.
1560 3291 1616 3343 Εἰ
1659 3286 1746 3342 οὖν
1791 3290 1914 3348 ἀλη-

321 3382 423 3444 θὲς,
469 3382 641 3455 ὥσπερ
689 3385 779 3432 καὶ
830 3378 1022 3440 ἀληθῆς
1066 3381 1090 3431 ό
1143 3378 1347 3432 Παύλου
1394 3379 1559 3450 λόγος,
1594 3382 1650 3431 τὸ
1694 3379 1912 3432 ἕκαστον

316 3472 402 3522 τὸν
447 3465 586 3521 ἴδιον
637 3475 789 3522 πόνον
836 3468 1120 3540 λήψεσθαι,
1162 3477 1268 3530 πῶς
1309 3469 1367 3520 ού
1410 3473 1646 3543 μακαρία
1687 3476 1759 3539 τῷ
1807 3472 1914 3520 ὄντι

314 3563 406 3611 καὶ
459 3563 585 3612 Θεοῦ
642 3555 810 3634 δῶρον
856 3560 886 3616 ἡ
941 3555 1211 3634 Θεοδὼρα,
1269 3561 1526 3611 τοσούτων
1576 3562 1739 3610 πόνων
1795 3578 1915 3611 τοσ-

319 3651 499 3708 ούτους
583 3645 1026 3720 ἀπολαμϐάνουσα
1100 3651 1219 3708 τοὺς
1315 3649 1533 3720 μισθούς
1565 3667 1578 3679 ·
1662 3647 1722 3707 ἧς
1800 3655 1916 3709 ταῖς

322 3736 619 3810 πρεσϐείαις
671 3741 761 3788 καὶ
813 3738 959 3807 ἡμῶν
1028 3740 1228 3807 ’γένοιτο
1281 3743 1371 3797 τῆς
1436 3744 1535 3787 τῶν
1613 3736 1915 3808 σωζομένων

322 3826 562 3894 γενέσθαι
636 3820 873 3898 μερίδος,
949 3827 1134 3898 χάριτι
1210 3829 1299 3878 καὶ
1375 3824 1730 3898 φιλανθρωπίᾳ
1784 3833 1914 3896 Χρι-

325 3921 453 3965 στοῦ
509 3911 754 3972 ἀληθινοῦ
809 3920 940 3968 Θεοῦ
989 3916 1154 3987 ἡμῶν,
1295 3916 1324 3973 ἡ
1377 3911 1508 3977 δόξα
1555 3919 1644 3966 καὶ
1686 3917 1744 3966 τό
1791 3916 1912 3988 κράο

319 4021 426 4068 τος,
483 4010 571 4054 νῦν
623 4007 712 4055 καὶ
765 4001 864 4066 ἀεὶ,
910 4007 1000 4056 καὶ
1047 4004 1120 4066 εἰς
1165 4007 1281 4065 τοὺς
1323 4003 1508 4064 αἰῶνας
1553 4011 1651 4056 τῶν
1696 4003 1910 4058 αἰώνων.

320 4090 506 4164 ’Δμήν.

387 4397 409 4432 ⁸
438 4395 464 4454 Ι
493 4395 626 4454 Cor.
656 4407 739 4465 ιιι,
765 4398 820 4453 8.

2024 1868 2081 1922 id
2121 1868 2252 1922 sinu
2291 1873 2456 1922 terrae
2489 1864 2888 1926 abscondunt,
2939 1865 3114 1934 cujus
3173 1865 3446 1936 spiritum
3500 1864 3667 1918 sinus

2025 1957 2299 2022 Abrahae,
2361 1955 2409 2008 si
2471 1953 2856 2022 intelligentia
2910 1958 3228 2023 spectetur,
3291 1957 3666 2022 exceperunt.

2025 2045 2322 2112 Quidnam
2363 2047 2450 2099 est
2484 2043 2615 2098 hac
2654 2046 3036 2097 consecutum
3076 2042 3104 2095 ?
3159 2041 3241 2096 Fit
3279 2056 3476 2096 rerum
3515 2041 3670 2096 illius

2025 2135 2272 2191 maritus
2301 2133 2352 2205 ej
2365 2149 2431 2187 us
2457 2147 2765 2187 successor
2797 2153 2809 2184 :
2836 2135 2893 2186 et
2917 2146 3054 2185 cum
3069 2131 3243 2184 rebus
3260 2129 3542 2184 omnibus
3564 2134 3671 2184 hu-

2020 2225 2120 2295 jus
2149 2221 2357 2277 mundi
2389 2219 2801 2282 renuntiasset,
2835 2224 2893 2274 et
2945 2220 3210 2289 seipsum
3251 2218 3570 2273 retullisset
3606 2217 3669 2272 iu

2025 2326 2342 2368 numerum
2411 2307 2862 2371 monachorum,
2902 2311 2961 2361 et
3018 2311 3230 2378 captus
3268 2309 3424 2361 esset
3464 2321 3670 2362 amore

2023 2399 2238 2473 quietis
2283 2403 2338 2453 et
2367 2395 2598 2462 silentii,
2656 2395 2880 2451 cellena
2938 2395 3152 2465 accipit
3197 2393 3518 2450 Theodoras
3559 2409 3574 2458 ;
3617 2398 3672 2450 et

2023 2505 2159 2544 cum
2189 2489 2413 2542 bonam
2439 2485 2715 2550 vitam,et
2742 2500 2814 2538 ex
2839 2483 3046 2538 virtute
3074 2483 3375 2552 agendam
3397 2482 3672 2550 elegisset

2024 2573 2184 2628 bono
2212 2573 2330 2627 ﬁne
2360 2572 2545 2626 vitam
2585 2571 2826 2626 claudit.
2867 2571 3010 2625 Cum
3050 2585 3192 2639 ergo
3223 2570 3510 2623 vidissent
3547 2585 3672 2624 mo-

2025 2660 2199 2716 nachi
2229 2676 2366 2715 eum
2421 2661 2504 2714 sic
2544 2660 2726 2714 vitam
2755 2658 2967 2727 egisse,
3000 2657 3144 2713 nihil
3196 2656 3458 2713 alienum
3480 2657 3672 2712 existi-

2024 2753 2284 2815 marunt,
2338 2763 2471 2804 esse
2529 2747 2849 2803 amborum
2908 2763 3096 2802 unum
3151 2752 3205 2801 et
3253 2745 3412 2800 idem
3469 2745 3671 2816 sepul-

2024 2852 2231 2901 crum;
2277 2841 2592 2907 propterea
2639 2835 3053 2900 communiter,
3088 2839 3144 2889 et
3188 2833 3250 2888 in
3298 2833 3509 2888 eodem
3539 2832 3670 2889 loco

2024 2923 2431 2994 deposuerunt
2480 2924 2796 2979 amborum
2849 2922 3156 2994 reliquias.
3234 2921 3414 2977 Porro
3469 2925 3670 2977 autem

2025 3026 2174 3082 puer
2211 3026 2452 3083 quoque
2491 3026 2561 3066 eo
2594 3011 2880 3081 processit
2922 3009 3174 3073 virtutis,
3208 3012 3272 3064 ut
3310 3008 3488 3064 etiam
3528 3023 3670 3079 pras-

2026 3097 2198 3153 fuerit
2249 3097 2329 3153 illi
2377 3099 2762 3162 monasterio,
2815 3098 2976 3168 justo
3017 3113 3226 3153 eorum
3277 3096 3528 3169 judicio,
3565 3097 3670 3168 qui

2026 3186 2202 3241 vitam
2255 3185 2412 3240 illius
2469 3186 2930 3254 cognoscebant,
2983 3191 3040 3242 et
3094 3201 3230 3242 eum
3294 3184 3409 3240 sibi
3449 3184 3669 3256 prmﬁci

2021 3274 2520 3330 desideraverant.
2602 3273 2756 3328 Talis
2804 3272 2912 3328 fuit
2976 3273 3114 3327 ﬁnis
3151 3273 3429 3328 laborum
3487 3273 3668 3342 hujus

2021 3365 2228 3424 beatae,
2287 3367 2342 3418 et
2411 3363 2532 3418 haec
2589 3367 2681 3418 est
2735 3362 2997 3418 narratio
3055 3363 3181 3432 ejus
3239 3361 3668 3432 praeclarorum

2020 3451 2436 3508 certaminum.
2468 3452 2524 3507 Si
2554 3466 2697 3520 ergo
2725 3466 2932 3505 verum
2958 3454 3064 3516 est,
3092 3454 3157 3505 ut
3181 3465 3390 3505 verum
3421 3449 3668 3522 quidem

2021 3545 2196 3606 certe,
2229 3539 2395 3612 quod
2438 3539 2580 3595 dicit
2621 3539 2842 3595 Paulus
2863 3541 2907 3604 ο,
2960 3554 3458 3610 unumquemque
3497 3554 3668 3593 acce-

2021 3634 2262 3701 pturum
2294 3627 2600 3700 propriam
2624 3627 2959 3682 mercedem
2992 3626 3327 3682 secundum
3358 3627 3668 3697 proprium

2020 3719 2289 3774 laborem
2323 3714 2874 3789 cquemadmodum
2899 3730 3018 3770 non
3037 3718 3125 3771 est
3154 3715 3352 3783 beata,
3384 3719 3441 3770 et
3463 3730 3670 3772 revera

2025 3806 2123 3862 Dei
2153 3806 2382 3862 donum
2420 3804 2748 3869 Theodora,
2791 3819 2926 3875 quae
2968 3803 3304 3859 mercedem
3335 3803 3550 3874 accipit
3587 3806 3669 3860 tot

2019 3894 2291 3951 laborum
2331 3895 2358 3949 Τ
2397 3894 2578 3965 Cujus
2618 3891 3143 3948 intercessionibus
3181 3891 3564 3957 concedatur,
3605 3895 3669 3948 ut

2020 3999 2131 4040 nos
2160 3999 2399 4056 quoque
2424 3983 2609 4038 simus
2634 3997 2665 4036 e
2693 3996 2946 4036 numero
2972 3997 3181 4036 eorum
3207 3981 3311 4052 qui
3338 3980 3490 4036 salvi
3519 3979 3671 4037 fiunt

2021 4073 2208 4142 gratia
2253 4077 2310 4127 et
2362 4070 2677 4126 clementia
2730 4067 2942 4124 Christi
2987 4068 3109 4124 veri
3163 4069 3260 4122 Dei
3316 4069 3522 4133 nostri,
3571 4067 3668 4123 cui

2021 4159 2212 4228 gloria
2247 4165 2304 4214 et
2339 4157 2626 4229 potentia;
2668 4172 2830 4213 nunc
2867 4161 2924 4213 et
2953 4171 3212 4229 semper,
3256 4161 3310 4212 et
3349 4157 3411 4212 in
3452 4155 3668 4213 secula

2023 4244 2400 4302 saeculorum.
2430 4248 2638 4301 Amen.
