4142 6278
500 304 601 363 ,691
1791 274 2061 348 ’ΜΕΝΞΙΞ
2102 290 2136 345 s

2227 284 2547 345 'TEMBER.
3758 276 3863 343 692

1818 612 2507 732 ΑΘΛΗΣΙΣ

1334 878 1463 926 ΤΟΥ
1500 877 1698 926 ΔΓῙΟΥ
1735 874 1847 923 ΚΑΙ
1889 868 2189 921 ΕΝΔΟΞΟΥ
2224 869 2568 920 ΜΑΡΤΥΡΟΣ
2606 867 2738 917 ΤΟΥ
2774 866 3058 916 ΧΡΙΣΤΟΥ

1442 1066 2906 1247 ΑΥΤΟΝΟΜΟΥ.

845 1517 1708 1638 MARTYRIUM
1853 1514 1959 1632 S.
2091 1512 2481 1630 MART

1899 1515 1959 1632 ὖ.
2091 1511 2831 1635 MARTYBIS
2948 1506 3535 1630 CHRISTI

1654 1752 2718 1901 AUTONOMI.

923 2023 1126 2085 (Latine
1149 2021 1292 2086 apud
1319 2020 1531 2070 Surium
1556 2018 1623 2068 ad
1648 2017 1788 2066 diem
1816 2017 1873 2064 12
1904 2015 2263 2079 Septembris;
2297 2014 2471 2065 Grtece
2502 2031 2567 2066 ex
2595 2017 2711 2067 cod.
2744 2031 2842 2065 ms.
2872 2016 3033 2066 Paris.
3070 2015 3187 2064 1523
3213 2028 3328 2064 sec.
3357 2015 3469 2075 xu.)

594 2370 635 2426 Ι.
663 2370 845 2441 Eque
874 2366 1340 2423 esseabsurdum
1362 2364 1659 2429 existimo,
1686 2367 1742 2420 et
1767 2362 2010 2436 loquiea
2031 2378 2165 2434 quae
2202 2364 2230 2418 Α

2243 2410 2248 2417 .
2350 2364 2425 2417 Α’.
2480 2370 2587 2425 Τῆς
2632 2368 2757 2427 ἴσης
2808 2364 3022 2425 ἀτοπίας
3080 2362 3205 2417 εἶναι
3248 2364 3446 2436 νομίζω
3500 2366 3557 2414 τό
3606 2381 3661 2413 τε
3730 2365 3879 2433 φθέγ-

522 2473 643 2514 non
663 2459 915 2528 oportet,
962 2460 1018 2511 et
1037 2470 1173 2528 quae
1205 2457 1344 2510 sunt
1368 2453 1615 2525 pulchra
1645 2458 1700 2509 et
1723 2454 1975 2509 honesta
2003 2467 2158 2506 man-

2277 2454 2465 2522 γεσθαι
2506 2455 2571 2505 τὰ
2622 2459 2691 2525 μὴ
2742 2451 2944 2520 δέοντα,
2978 2459 3066 2506 καὶ
3112 2458 3169 2506 τό
3210 2456 3275 2505 τὰ
3319 2452 3451 2504 καλὰ
3482 2447 3694 2504 διδόναι
3728 2458 3873 2522 σιγῇ.

523 2546 667 2602 dare
698 2544 944 2600 silentio.
980 2545 1281 2609 Quantum
1310 2542 1469 2598 enim
1496 2542 1837 2598 auditorum
1865 2540 2024 2596 laedit
2047 2540 2159 2595 ani-

2282 2544 2381 2592 Καὶ
2436 2541 2534 2611 γὰρ
2590 2544 2708 2593 ὅσον
2762 2545 2787 2594 6
2842 2545 2905 2594 τὰ
2956 2547 3026 2614 μὴ
3078 2542 3210 2593 καλὰ
3259 2539 3597 2612 διηγούμενος
3639 2543 3729 2599 τὰς
3779 2548 3879 2590 τῶν

524 2649 657 2691 mos
700 2634 766 2696 is,
811 2632 917 2703 qui
969 2637 1170 2688 narrat
1200 2648 1290 2693 ea,
1330 2647 1466 2703 quas
1515 2646 1636 2686 non
1682 2635 1822 2685 sunt
1870 2630 2160 2697 honesta;

2282 2626 2541 2702 ἀκροατῶν
2599 2630 2785 2701 ἔϐλαψε
2852 2632 3054 2703 ψυχὰς,
3112 2639 3358 2683 τοσοῦτον
3435 2632 3460 2682 6
3518 2632 3614 2691 τὰς
3680 2628 3878 2700 ἀγαθὰς

526 2727 760 2778 tantum
818 2720 885 2787 is,
932 2720 1031 2792 qui
1076 2719 1308 2775 silentio
1370 2720 1627 2791 praeterit
1652 2719 1843 2774 bonas
1888 2718 2162 2781 actiones,

2280 2726 2378 2769 τῶν
2428 2719 2659 2791 πράξεων
2710 2729 2831 2793 σιγῇ
2885 2718 3156 2795 παραδοὺς
3192 2729 3284 2781 τῆς
3328 2719 3379 2782 ἐξ
3425 2722 3591 2771 αὐτῶν
3638 2718 3878 2790 ὠφελείας

528 2810 722 2882 privat
746 2808 876 2882 pios
909 2808 1174 2874 utilitate,
1208 2824 1391 2881 quam
1414 2815 1579 2863 erant
1603 2824 1674 2863 ex
1701 2808 1785 2863 eis
1814 2806 2164 2880 percepturi.

2281 2812 2395 2867 τοὺς
2467 2809 2779 2874 φιλευσεϐεῖς
2832 2808 3174 2884 ἀπεστέρησε.
3223 2813 3396 2881 Ταύτῃ
3447 2828 3525 2860 τοι
3583 2814 3673 2860 καὶ
3732 2811 3878 2879 ἡμεῖς

531 2901 615 2955 Ea
641 2899 711 2954 de
740 2897 1444 2967 causareligiosissimam
1469 2897 1789 2952 Autonomi
1817 2897 2021 2961 vitam,
2039 2911 2167 2966 quae

2282 2900 2367 2948 τόν
2421 2903 2612 2969 μέχρις
2659 2901 2803 2968 ἡμῶν
2882 2898 3087 2951 ἐλθόντα
3140 2898 3506 2970 φιλοθεῶτατον
3586 2899 3877 2968 Αὐτονόμου

533 2987 609 3043 ad
635 3002 746 3043 nos
791 3001 978 3058 usque
1009 2974 1294 3057 pervenit,
1330 2986 1645 3043 statuimus
1693 3002 1812 3041 non
1857 2990 2049 3054 tegere
2101 2984 2169 3039 si-

2285 2984 2401 3057 βίον
2446 2987 2537 3037 οὐκ
2580 2990 2799 3060 ἔγνωμεν
2849 2997 2971 3061 σιγῇ
3018 2988 3375 3061 κατακρύιιαι,
3409 2985 3539 3038 ἀλλὰ
3588 2987 3880 3058 φιλοκαἿοις

530 3076 726 3140 lentio,
759 3074 864 3130 sed
895 3073 1232 3130 studuimus
1248 3090 1382 3130 eam
1409 3074 1634 3129 tradere
1657 3074 1769 3146 piis
1798 3073 2059 3129 auribus.
2090 3076 2166 3130 Et-

2285 3075 2438 3126 αὐτὸν
2495 3074 2669 3136 ἀκοαῖς
2734 3074 3064 3150 παραδοῦναι
3134 3078 3589 3150 προεθυμήθημεν.
3650 3075 3881 3148 ’Ἑφθασε

531 3163 688 3220 enim
719 3162 796 3219 ad
820 3177 929 3218 nos
958 3168 1353 3234 pervenerunt
1377 3178 1467 3219 res
1490 3163 1781 3234 martyris,
1808 3163 2016 3234 partim
2046 3163 2167 3234 qui-

2283 3165 2383 3237 γάρ
2436 3169 2525 3215 καὶ
2576 3164 2647 3225 εἰς
2691 3167 2830 3235 ἡμᾶς
2880 3169 2944 3217 τὰ
2988 3174 3079 3218 τοῦ
3128 3168 3408 3239 μάρτυρος,
3452 3173 3604 3217 τοῦτο
3654 3169 3743 3236 μὲν
3794 3172 3879 3217 καὶ

530 3251 668 3310 dem
698 3267 735 3308 a
762 3252 1027 3324 quodam
1049 3252 1149 3324 qui
1183 3267 1283 3307 eas
1308 3252 1680 3323 scripsitante
1708 3266 1817 3307 nos
1843 3252 2038 3322 :cujus
2069 3252 2166 3305 fuit

2285 3252 2384 3304 ἀπό
2434 3273 2571 3314 τινος
2626 3263 2723 3304 τῶν
2778 3259 2872 3327 πρὸ
2932 3258 3076 3327 ἡμῶν
3140 3259 3205 3306 τὰ
3259 3254 3454 3307 ἐκείνου
3515 3255 3875 3321 συντάξαντος,

529 3340 774 3414 quidem
790 3340 945 3397 bona
958 3356 1150 3406 mens,
1171 3355 1290 3398 non
1308 3340 1499 3397 adfuit
1520 3347 1717 3396 autem
1732 3340 2023 3409 etlingua,
2039 3355 2165 3409 qua!

2282 3347 2371 3393 καὶ
2434 3339 2641 3413 διανοίᾳ
2715 3348 2803 3415 μὲν
2878 3343 3044 3417 ἀγαθῇ
3104 3349 3467 3419 χρησαμένου,
3523 3345 3760 3413 γλῶτταν
3822 3341 3879 3397 δὲ

528 3436 732 3503 posset
746 3434 1179 3502 consequenter
1193 3446 1353 3485 suam
1367 3429 1655 3501 explicare
1674 3427 2164 3495 sententiam,imo

2283 3426 2529 3502 οὐδαμῶς
2577 3432 2958 3507 εὐπορήσαντος
3006 3443 3067 3505 τῇ
3122 3441 3300 3506 γνωμῃ
3357 3438 3715 3503 συνεπομένην.
3768 3433 3876 3484 ἀλλ’

529 3522 772 3591 propter
786 3518 1081 3574 inscitiam
1100 3520 1285 3574 multa
1301 3518 1723 3584 confundebat,
1740 3524 1793 3571 et
1807 3516 2165 3587 contegebat:

2284 3517 2482 3590 ἀμαθίᾳ
2545 3522 2610 3571 τὰ
2666 3520 2825 3573 πολλά
2887 3527 3202 3595 συγχέοντος
3254 3528 3342 3574 καὶ
3392 3521 3867 3591 συγκαλύπτοντος·

529 3607 744 3680 partim
772 3612 969 3663 autem
1003 3622 1038 3662 a
1064 3606 1200 3662 viris
1226 3608 1328 3679 qui
1354 3607 1411 3662 in
1434 3624 1669 3663 sacrum
1702 3608 1974 3663 ordinem
2006 3612 2165 3662 erant

2282 3615 2433 3660 τοῦτο
2467 3605 2523 3660 δὲ
2573 3615 2657 3661 καὶ
2694 3607 2765 3661 δι’
2799 3607 2999 3680 ἀνδρῶν
3040 3620 3137 3662 τῶν
3182 3614 3415 3683 ἱερᾶσθαι
3439 3609 3695 3679 λαχόντων
3741 3610 3862 3659 κατ’

532 3694 721 3752 allecti
734 3695 791 3750 in
807 3710 976 3752 sacro
990 3696 1210 3767 templo
1225 3697 1582 3768 martyris,et
1596 3697 1697 3769 qui
1712 3712 1899 3751 rerum
1915 3698 2168 3767 ipsarum

2227 3711 2244 3764 ς
2281 3696 2433 3749 αὐτὸν
2480 3701 2562 3748 τόν
2606 3706 2694 3749 τοῦ
2738 3702 3000 3773 μάρτυρος
3046 3700 3202 3770 εὐαγῆ
3257 3703 3395 3763 ναὸν,
3429 3703 3512 3749 καὶ
3559 3697 3737 3765 μᾶλλον
3772 3697 3863 3747 αὐ-

530 3783 836 3840 veritatem
875 3781 1213 3852 diligentius
1250 3784 1643 3855 inquisierant
1682 3789 1736 3839 et
1788 3784 2166 3855 collegerant.

2279 3794 2377 3835 τῶν
2431 3791 2521 3843 τὴν
2570 3795 2665 3837 τῶν
2714 3792 3031 3860 πραγμάτων
3090 3787 3332 3847 ἀλήθειαν
3382 3784 3453 3839 δι’
3504 3786 3871 3858 ἐμμελεστέρας

2282 3876 2409 3935 ζητὴ
2424 3893 2545 3934 σεως
2571 3874 2969 3947 ἐφανισαμένων.

606 3959 669 4014 Il.
704 3957 807 4015 Hic
827 3971 967 4027 ergo
988 3957 1227 4014 divinus
1245 3962 1635 4025 Autonomus,
1652 3965 1928 4016 strenuus
1948 3960 2171 4016 athleta

2350 3960 2414 4015 B'.
2474 3963 2634 4024 Οὗτος
2697 3970 2865 4016 τοίνυν
2911 3968 2935 4017 6
2991 3968 3121 4028 θεῖος
3198 3966 3511 4037 Αὐτόνομος,
3569 3966 3593 4016 6
3645 3972 3876 4034 γενναῖος

528 4046 805 4113 veritatis,
840 4062 909 4103 ao
939 4046 1264 4119 episcopali
1293 4048 1577 4118 dignitate
1615 4055 1859 4105 ornatus
1891 4050 1949 4105 in
1983 4049 2164 4115 Italia,

2276 4058 2369 4111 τῆς
2426 4050 2681 4112 εὐσεϐείας
2736 4052 3047 4123 ἀγωνιστὴς,
3104 4064 3170 4124 τῷ
3226 4065 3315 4115 τῆς
3371 4054 3663 4114 ἐπισκοπῆς
3721 4052 3875 4115 ἀξιῶ-

526 4140 845 4210 postquam
877 4139 1141 4209 tempore
1174 4136 1509 4193 Diocletiani
1532 4139 1810 4207 cognovit
1836 4156 1970 4195 acre
1994 4144 2048 4193 et
2080 4156 2162 4194 ve-

2274 4158 2401 4211 ματι
2448 4143 2582 4191 κατά
2651 4146 2742 4199 τὴν
2820 4143 3042 4196 Ἰταλίαν
3096 4144 3383 4216 ἐμπρέπων,
3436 4148 3501 4203 ὡς
3571 4143 3729 4195 πολὺν
3789 4148 3875 4195 καὶ

526 4223 773 4281 hemens
788 4223 1007 4280 bellum
1020 4225 1282 4296 erupisse
1295 4227 1582 4282 adversus
1597 4228 1806 4284 Christi
1824 4229 2161 4293 Ecclesiam,

2276 4228 2529 4301 ἀφόρητον
2583 4232 2707 4300 ἔγνω
2758 4234 2843 4282 τὸν
2895 4230 2977 4284 ἐπὶ
3032 4233 3397 4290 Διοκλητιανοῡ
3450 4235 3586 4284 κατὰ
3636 4240 3727 4291 τῆς
3788 4240 3873 4283 τοῦ

525 4313 870 4370 recordatus
928 4313 1262 4371 divinorum
1330 4318 1458 4386 ejus
1540 4318 1986 4381 mandatorum,
2062 4334 2161 4388 per

2274 4325 2507 4385 Χριστοῦ
2570 4319 2884 4381 Ἐκκλησίας
2952 4322 3174 4394 ῥαγέντα
3241 4321 3480 4393 πόλεμον,
3535 4322 3606 4381 εἰς
3673 4326 3874 4391 μνήμην

524 4418 659 4475 qum
715 4402 879 4471 jubet
936 4406 1000 4457 ut
1044 4402 1147 4474 qui
1194 4404 1570 4474 expelluntur
1612 4421 1682 4459 ex
1726 4422 1846 4461 una
1911 4406 2160 4471 civitate,

2274 4404 2426 4457 ἐλθὼν
2474 4416 2572 4458 τῶν
2632 4410 2772 4460 θείων
2836 4409 2993 4461 αὐτοῦ
3061 4410 3291 4474 ἐντολῶν,
3354 4408 3549 4462 διίὧν
3612 4409 3874 4462 ἄπιτάττει

524 4489 755 4558 fugiant
780 4490 840 4544 in
880 4489 1061 4544 aliam
1093 4490 1257 4560 (nam
1299 4491 1399 4561 qui
1449 4496 1651 4547 manet
1703 4495 1964 4563 quidem,
2010 4510 2160 4565 prse-

2274 4498 2387 4554 τοὺς
2438 4494 2491 4546 ἐκ
2549 4493 2716 4555 τῆσδε
2774 4507 2867 4559 τῆς
2932 4498 3124 4558 πόλεως
3180 4500 3618 4570 ἀπελαυνομένους
3671 4502 3870 4570 φεύγειν

526 4580 611 4633 ter
652 4576 729 4643 id,
785 4576 950 4649 quod
1022 4592 1139 4631 non
1193 4581 1381 4647 potest
1432 4579 1639 4634 docere
1702 4582 1971 4645 verbum,
2040 4582 2162 4654 ipse

2274 4584 2345 4644 εἰς
2372 4590 2463 4641 τὴν
2497 4584 2687 4659 ἑτέραν,
2722 4592 2809 4638 καὶ
2861 4584 3013 4649 εἰδὼς
3058 4590 3136 4640 ὄτι
3177 4594 3338 4660 μένων
3379 4593 3467 4661 μὲν
3508 4592 3635 4660 πρὸς
3684 4597 3755 4659 τῷ
3801 4594 3870 4659 μὴ

523 4680 762 4739 quoque
790 4664 1001 4739 peribit
1030 4682 1043 4732 ;
1076 4665 1295 4738 quodsi
1326 4666 1500 4723 fuerit
1530 4675 1793 4724 remotus
1832 4670 1905 4725 ab
1937 4671 2027 4736 iis,
2062 4673 2159 4742 qui

2275 4668 2533 4725 δύνασθαι
2584 4678 2669 4725 τὸν
2722 4674 2871 4745 λόγον
2928 4673 3204 4730 διδάσκειν
3262 4683 3351 4729 καὶ
3400 4678 3551 4738 αὐτὸς
3606 4678 3873 4729 ἀπολεῖται

522 4758 978 4827 persequuntur,
1025 4755 1238 4826 poterit
1282 4753 1505 4821 litteris,
1566 4761 1667 4812 aut
1715 4756 1893 4813 etiam
1962 4757 2158 4829 lingua

2270 4761 2444 4836 πόρῥω
2500 4760 2557 4815 δὲ
2610 4772 2707 4815 τῶν
2767 4761 3057 4817 διωκόντων
3120 4772 3389 4838 γενόμενος
3441 4764 3662 4828 δυνατός
3726 4770 3871 4818 ἔσται

522 4843 839 4900 convenire
862 4842 1229 4916 quandoque
1259 4858 1503 4913 gregem
1533 4845 1761 4909 Christi,
1784 4863 2043 4919 eumque
2069 4864 2158 4905 ex-

2269 4855 2575 4922 γράμμασιν
2628 4854 2656 4911 ἦ
2712 4858 2799 4905 καὶ
2850 4854 3063 4927 γλώσσῃ
3119 4858 3239 4907 ποτε
3290 4864 3359 4925 τῷ
3410 4861 3631 4927 ποιμνίῳ
3679 4876 3732 4908 τε
3782 4866 3868 4907 του

520 4931 745 4989 hortari
767 4935 824 4988 et
849 4931 1204 4989 conﬁrmare
1231 4932 1308 4987 ad
1340 4932 1615 5003 pietatem
1650 4950 1662 5000 ;
1704 4936 2024 5006 quinetiam
2061 4954 2156 4993 eos

2270 4947 2503 5013 Χριστοῦ
2552 4938 2884 5012 διαλέγεσθαι
2930 4948 3018 4994 καὶ
3068 4947 3194 5015 πρὸς
3254 4945 3514 4997 εὐσέϐειαν
3561 4944 3868 5017 ἐπαλείφειν,

520 5019 813 5113 qui-erant
842 5020 901 5077 in
929 5020 1184 5077 tenebris
1200 5020 1538 5092 impietatis,
1562 5022 1850 5078 deducere
1874 5024 1949 5079 ad
1966 5025 2156 5081 lucem

2235 5027 2396 5109 i6:1ch
2446 5034 2533 5080 καὶ
2584 5034 2699 5090 τοὺς
2748 5030 2794 5081 ἐν
2848 5036 3020 5084 σκότει
3074 5032 3432 5104 πλανωμένους
3482 5042 3577 5096 τῆς
3630 5033 3871 5094 ἀσεϐείας

518 5106 851 5177 veritatis);
902 5109 1103 5165 relicta
1154 5108 1343 5174 Italia,
1378 5112 1539 5166 venit
1589 5112 1648 5166 in
1699 5112 2053 5185 Bithyniam,
2105 5121 2154 5170 et

2232 5106 2393 5189 ’πρὸς
2418 5125 2474 5169 τό
2507 5128 2597 5180 τῆς
2625 5118 2866 5181 ἀληθείας
2904 5126 3088 5192 φέγγος
3117 5130 3483 5194 χειραγωγεῖν,
3519 5128 3611 5181 τὴν
3647 5124 3868 5177 Ἰταλίαν

519 5195 790 5249 divinum
811 5202 1022 5253 nutum
1037 5213 1316 5269 sequens,
1338 5200 1497 5254 venit
1523 5202 1580 5254 in
1600 5200 1797 5255 locum
1816 5202 2155 5271 quemdam,

2268 5206 2558 5257 καταλιπὼν
2635 5206 2921 5278 ἀφικνεῖται
3002 5214 3130 5284 πρὸς
3211 5212 3467 5275 Βιθυνίαν,
3543 5217 3631 5263 καὶ
3712 5214 3869 5271 θείοις

519 5282 615 5339 cui
636 5296 875 5373 nomen
918 5286 1161 5357 quidem
1213 5292 1339 5343 erat
1382 5290 1543 5346 Sorei
1585 5306 1598 5355 ;
1634 5291 1775 5344 situs
1828 5296 1915 5344 est
1956 5295 2155 5347 autem

2268 5296 2621 5347 ἐπακολουθῶν
2673 5299 2891 5367 νεύμασι
2945 5303 3191 5373 πρόσεισι
3262 5306 3447 5373 χωρίῳ
3502 5307 3603 5353 τινὶ
3752 5304 3868 5353 τοῦ·

518 5370 591 5429 ad
618 5367 928 5460 dexteram
952 5373 1005 5427 ei
1032 5375 1136 5445 qui
1161 5377 1403 5447 navigat
1431 5378 1492 5434 in
1522 5379 1719 5435 sinum
1760 5379 2106 5437 Nicomedia
2141 5402 2151 5439 :

2264 5404 2395 5455 νομα
2445 5389 2532 5454 μεν
2588 5390 2789 5456 Σωρεοί’
2823 5395 2988 5439 κεῖται
3038 5384 3096 5439 δὲ
3149 5387 3195 5439 ἓν
3247 5386 3397 5460 δεξιᾴ
3448 5399 3519 5460 τῷ
3573 5390 3862 5443 εἰσπλέοντι

518 5462 576 5516 et
621 5453 875 5545 hospitio
914 5458 1201 5529 excipitur
1230 5479 1266 5519 a
1295 5466 1559 5537 quodam
1605 5468 1847 5523 nomine
1887 5468 2154 5525 Cornelio

2264 5476 2349 5523 τόν
2425 5481 2513 5531 τῆς
2574 5471 2904 5545 Νικομηδίας
2976 5478 3205 5528 κόλπον·
3262 5484 3351 5531 καὶ
3424 5480 3677 5542 ξενίζεται
3729 5480 3860 5545 παρ’

518 5540 695 5615 Apud
724 5555 907 5613 quem
945 5559 1081 5601 cum
1119 5548 1296 5622 longo
1322 5558 1583 5628 tempore
1617 5556 1827 5614 fuisset
1866 5562 2150 5624 versatus,

2264 5557 2416 5637 ἀνδρὶ
2468 5538 2728 5637 Κορνηλίω
2771 5569 2861 5621 τὴν
2907 5565 3110 5626 κλῆσιν.
3145 5572 3341 5641 Συχνόν
3374 5538 3444 5620 τε⁷
3478 5538 3669 5643 χρόνον
3700 5538 3868 5645 προσ·
