4142 6278
355 261 461 318 693

1544 273 1987 332 MARTYRIUM
2026 276 2088 335 s.
2128 247 2522 342 AUTONch.

3600 295 3706 352 694

357 386 646 464 διατρίψας
698 389 858 462 αὐτῷ,
918 395 1220 468 καταρτίζει
1271 400 1362 470 μέν
1419 397 1574 452 αὐτὸν
1627 408 1738 462 ταῖς
1795 398 1928 455 διδαη

2064 420 2201 463 eum
2233 409 2475 481 quidem
2509 410 2732 484 perﬁcit
2747 411 3017 470 doctrina
3051 431 3062 468 :
3096 414 3198 470 Dei
3219 419 3418 472 autem
3447 419 3706 479 oratoria

357 479 615 540 σκαλίαιςο
650 478 786 532 οἶκον
837 478 896 534 δέ
944 487 1070 537 Θεοῦ
1123 482 1475 559 οἰκοδομήσας
1523 490 1806 563 εὐκτήριον,
1853 499 1951 545 Μι-

355 567 502 640 χαὴλ
551 576 622 638 τῷ
675 577 773 620 τῶν
825 568 1052 642 ἀγγέλων
1106 571 1332 648 ἀρχηγῷ
1380 579 1795 651 καθωσιωμένον,
1841 601 1954 653 χει-

355 664 554 729 ροτονεῖ
608 659 693 710 τόν
771 660 1048 733 Κορνήλιον
1117 661 1164 714 ἐν
1222 668 1360 735 αὐτῷ
1417 675 1511 728 τῆς
1564 665 1828 730 διακονίας
1885 680 1952 741 τῷ

356 743 655 817 ἀξιώματι⁶
716 753 805 800 καὶ
882 749 1022 821 αὐτῷ
1101 750 1373 826 παραδούς
1437 760 1528 814 τήν
1595 766 1693 808 τῶν
1752 769 1951 811 πιστῶν

355 831 663 906 ἐπιμέλειαν,
719 834 802 888 ἐπὶ
860 841 951 896 τήν
1010 844 1288 893 Λυκαόνων
1336 849 1424 896 καὶ
1469 845 1716 920 Ἰσαύρων
1765 847 1952 910 ἐκεῖνος

356 921 586 996 ἀπαίρει,
639 924 809 999 κῆρυξ
859 925 1006 980 κάκεῖ
1056 932 1293 999 γενέσθαι
1352 941 1442 994 τῆς
1511 934 1771 997 εὐσεϐείας
1826 957 1948 1008 προ-

355 1012 690 1083 θυμούμενος.
747 1011 874 1067 Εἷτα
929 1016 1077 1068 πάλιν
1135 1018 1416 1072 ἐπανελθὼν
1484 1027 1613 1097 πρὸς
1673 1025 1949 1098 Κορνήλιον

362 1103 452 1151 καὶ
498 1105 582 1152 τόν
635 1102 1022 1162 καταϐληθέντα
1078 1111 1268 1180 σπόρον
1326 1110 1462 1180 αὐτῷ
1511 1120 1600 1172 τῆς
1645 1114 1952 1184 θεογνωσίας

358 1187 624 1260 πολύχουν
656 1189 1034 1262 βλαστήσαντα
1079 1201 1276 1268 καρπὸν
1319 1200 1563 1269 εὑρηκὼς,
1597 1200 1679 1252 ἐπὶ
1727 1206 1813 1254 τόν
1859 1211 1950 1255 τοῦ

357 1277 707 1353 πρεσϐυτέρου
762 1279 966 1354 βαθμὸν
1023 1284 1207 1348 εὐθέως
1285 1286 1480 1359 ἀνάγει.
1541 1290 1681 1342 Ἐπεὶ
1747 1287 1806 1343 δὲ
1861 1296 1950 1343 καὶ

354 1366 710 1430 Διοκλητιανός
767 1369 841 1432 εὶς
891 1376 983 1430 τήν
1030 1373 1366 1446 Νικομήδους
1417 1380 1608 1437 ήκοντα
1652 1383 1801 1450 ἔγνω,
1848 1387 1948 1433 πᾶν

349 1456 438 1525 μεν
493 1460 638 1525 γένος
687 1465 1036 1530 Χριστιανῶν,
1083 1469 1170 1515 καὶ
1220 1465 1426 1522 ἠλικίαν
1474 1473 1646 1520 πᾶσαν
1694 1468 1946 1540 ἐκτέμνειν

350 1541 740 1613 σπουδάζοντα,
793 1547 1046 1624 ἐξαίρετον
1099 1549 1159 1604 δέ
1233 1573 1348 1606 τινα
1420 1560 1509 1607 καὶ
1569 1563 1942 1631 μεμεριμνημέ-

343 1650 434 1689 νην
482 1639 574 1692 τὴν
627 1633 704 1686 ἐπ’
754 1637 1055 1710 Αὐτονόμου
1104 1647 1412 1714 ποιουμένην
1457 1643 1700 1712 ζήτησιν,
1754 1647 1837 1699 ἐπὶ
1881 1651 1939 1700 τό

2062 495 2189 552 aede
2215 498 2524 566 aediﬁcata,
2557 518 2692 573 quae
2719 502 2986 558 dedicata
3015 509 3104 558 est
3134 504 3390 560 Michaeli
3425 507 3701 580 principi,

2060 585 2120 640 in
2169 603 2239 642 ea
2269 589 2505 645 ordinat
2563 591 2893 646 Cornelium
2941 591 3228 663 dignitate
3289 595 3642 652 diaconatus
3684 615 3695 653 :

2059 679 2113 729 et
2144 691 2279 730 cum
2311 677 2364 732 ei
2393 693 2598 734 curam
2631 680 2976 735 mandasset
3004 679 3288 750 ﬁdelium,
3309 683 3704 752 proﬁciscitur

2058 764 2116 818 in
2151 766 2512 836 Lycaoniam
2534 772 2588 823 et
2611 768 2914 833 Isauriam,
2937 767 3281 824 desiderans
3311 770 3437 839 ipse
3462 788 3704 845 quoque

2058 851 2180 907 ﬁeri
2213 870 2410 925 praeco
2442 856 2690 927 pietatis.
2714 855 2930 911 Deinde
2956 873 3227 911 reversus
3249 859 3325 913 ad
3346 861 3699 928 Cornelium,

2059 957 2194 995 cum
2225 959 2260 996 a
2286 959 2346 996 se
2383 943 2676 1012 dejectum
2729 959 2930 998 semen
2976 945 3294 1000 invenisset
3355 948 3703 1016 produxisse

2059 1030 2444 1101 multiplicem
2486 1031 2741 1086 fructum
2778 1031 2875 1086 Dei
2917 1033 3293 1100 cognitionis,
3327 1050 3462 1090 eum
3498 1053 3699 1106 prove-

2057 1117 2143 1172 hit
2174 1119 2250 1173 ad
2275 1120 2526 1188 gradum
2559 1120 3354 1191 presbyteratus.Postquam
3383 1129 3580 1180 autem
3609 1141 3702 1181 co-

2061 1209 2263 1276 gnovit
2335 1208 2766 1263 Diocletianum
2842 1208 3040 1264 venire
3105 1210 3527 1276 Nicomediam,
3597 1213 3700 1284 qui

2061 1294 2523 1350 Christianorum
2543 1295 2784 1367 quidem
2814 1311 2991 1350 omne
3015 1311 3224 1364 genus,
3251 1302 3305 1353 et
3326 1303 3558 1354 aetatem
3575 1317 3702 1355 om-

2057 1398 2196 1437 nem
2228 1383 2506 1438 studebat
2537 1383 3199 1455 exscindere,praecipue
3214 1392 3410 1440 autem
3431 1387 3701 1443 etadmo-

2058 1471 2205 1526 dum
2232 1470 2476 1527 sollicite
2503 1471 2810 1543 quaerebat
2837 1473 3324 1538 Autonomum,is
3364 1475 3699 1545 enavigavit

2052 1560 2416 1627 Mantinium,
2449 1564 2505 1615 et
2533 1559 3140 1631 Claudiopolim(sunt
3165 1566 3363 1616 autem
3393 1562 3484 1617 hae
3515 1563 3696 1619 urbes

2049 1646 2256 1718 positae
2293 1647 2351 1702 in
2403 1652 2588 1720 ponto
2636 1648 2905 1718 Euxino),
2957 1648 3051 1703 hic
3102 1664 3344 1721 quoque
3401 1652 3697 1707 seminare

343 1727 620 1776 Μαντίνιον
677 1731 766 1779 καὶ
838 1731 931 1786 τήν
1007 1726 1422 1783 Κλαυδιούπολιν
1500 1733 1650 1796 οὗτος
1706 1735 1928 1810 ἀπαίρει,

2050 1735 2294 1792 studens
2332 1736 2582 1792 verbum
2623 1737 2882 1807 pietatis.
2913 1737 3233 1808 Postquam
3262 1753 3419 1805 vero,
3445 1739 3563 1794 Deo
3595 1740 3694 1794 ad-

346 1809 536 1882 (πόλεις
590 1809 648 1866 δέ
729 1814 885 1868 αὗται
941 1822 1057 1890 περὶ
1113 1823 1197 1870 τὸν
1268 1827 1360 1872 τοῦ
1417 1822 1653 1884 Εὐξείνου
1710 1831 1938 1897 κείμεναι

347 1902 586 1972 Πόντου),
615 1901 878 1957 κάνταῦθα
921 1909 1006 1958 τὸν
1048 1906 1196 1979 λόγον
1246 1917 1341 1972 τῆς
1388 1910 1649 1973 εὐσεϐείας
1693 1911 1935 1968 διασπεῖ-

343 2007 433 2059 ραι
463 1988 788 2062 βουλόμενος.
821 1992 905 2054 Ὠς
935 1992 993 2047 δε
1023 1999 1156 2049 κατὰ
1197 2006 1313 2051 νοῦν
1362 2000 1502 2071 αὐτῷ
1549 2004 1718 2054 πάντα
1762 2023 1934 2078 συνερ·

341 2082 455 2149 γείᾳ
507 2085 740 2152 Χριστοῦ
799 2090 1148 2156 προσεχώρει,
1210 2083 1358 2148 αὖθις
1408 2087 1490 2140 ἐπὶ
1539 2094 1761 2162 Σωρεοὺς
1818 2090 1937 2144 ἀνα-

343 2170 547 2237 στρέφει
629 2172 713 2221 τόν
787 2171 1067 2243 Κορνήλιον
1123 2179 1213 2227 καὶ
1293 2180 1386 2234 τήν
1460 2177 1572 2229 κατ’
1623 2182 1773 2231 αὐτόν
1823 2180 1934 2233 Ἐκ-

337 2254 557 2312 κλησίαν
658 2255 1080 2332 ἐπισκεψόμενος.
1184 2263 1278 2316 Ἦν
1383 2265 1934 2320 πολυπλασιασθεῖσαν

333 2343 486 2395 πάλιν
540 2345 718 2419 εύρών,
775 2350 862 2399 τόν
908 2351 999 2420 μέν
1050 2352 1328 2423 Κορνήλιον
1379 2362 1451 2424 τῷ
1507 2363 1602 2416 τῆς
1651 2359 1934 2419 ἐπισκοπῆς

332 2429 586 2503 ἀξιώματι
635 2433 838 2488 τελειοῖ’
898 2437 1054 2500 αὐτὸς
1099 2436 1157 2492 δέ
1200 2445 1287 2498 τήν
1341 2440 1597 2494 Ἀσιανῶν
1654 2443 1933 2518 ἐπέρχεται

327 2526 532 2594 χώραν,
588 2525 678 2582 τὰς
751 2527 842 2595 μὲν
902 2533 998 2588 τῆς
1066 2527 1259 2588 πλάνης
1330 2527 1557 2592 ἀκάνθας
1618 2531 1931 2606 προρρίζους

329 2606 592 2675 ἀνασπῶν,
647 2611 829 2672 εὐσεϐῆ
889 2611 948 2666 δε
1003 2621 1276 2688 σπέρματα
1331 2619 1617 2690 φιλοπόνως
1669 2620 1930 2673 καταϐαλ-

328 2699 553 2771 λόμενος.
603 2706 708 2763 Τῆς
763 2699 822 2754 δέ
874 2705 1012 2764 θείας
1063 2707 1286 2779 χάριτος
1334 2715 1440 2770 τοῖς
1491 2712 1786 2780 Αύτονόμου
1839 2710 1928 2782 ὀμ-

329 2784 567 2860 ϐρήμασι
615 2789 742 2840 πολὺ
792 2799 881 2850 τῆς
934 2791 1189 2853 εὐσεϐείας
1232 2799 1290 2845 τὸ
1339 2794 1484 2852 λήϊον
1529 2793 1926 2864 ἀναδεικνύσης,

330 2881 420 2927 καὶ
462 2875 618 2927 πάλιν
671 2881 800 2950 πρὸς
845 2878 1122 2951 Κορνήλιον
1167 2885 1256 2931 καὶ
1300 2885 1392 2938 τήν
1419 2883 1507 2934 ὑπ’
1539 2883 1677 2952 αὐτῷ
1708 2889 1928 2954 ποίμνην

330 2966 423 3020 τήν
469 2960 719 3016 ἐπάνοδον
767 2965 1022 3017 ἐποιεῖτο·
1058 2965 1289 3020 κάκεῖθεν
1343 2967 1391 3019 ἐν
1440 2974 1661 3040 Λίμναις
1708 2976 1924 3040 γίνεται.

2043 1825 2370 1896 juvante,ei
2403 1829 2814 1897 processerunt
2841 1826 3043 1880 omnia
3069 1841 3141 1880 ex
3170 1826 3482 1890 sententia,
3507 1843 3696 1882 rever-

2048 1915 2188 1968 titur
2216 1917 2292 1969 ad
2327 1916 2557 1983 Soreos,
2601 1913 2938 1969 visitaturus
2977 1913 3312 1969 Cornelium
3342 1919 3398 1970 et
3436 1915 3564 1982 ejus
3594 1917 3692 1970 Ec-

2046 2001 2307 2057 clesiam.
2339 2001 2526 2069 Quam
2561 2017 2694 2056 cum
2734 2016 2939 2055 rursus
2977 2001 3302 2057 invenisset
3341 2001 3695 2073 multiplica-

2047 2096 2186 2154 tam,
2207 2090 2543 2146 Cornelium
2561 2090 2799 2160 quidem
2827 2089 2902 2145 ad
2916 2089 3266 2158 dignitatem
3291 2090 3559 2160 provehit
3574 2091 3693 2161 epi-

2045 2178 2369 2250 scopalem,
2400 2179 2525 2249 ipse
2565 2182 2762 2233 autem
2803 2178 3104 2246 regionem
3147 2177 3270 2232 obit
3310 2177 3687 2250 Asianorum,

2044 2266 2258 2322 erroris
2286 2265 2529 2338 quidem
2558 2263 3023 2336 spinasevellens
3046 2263 3351 2327 radicitus,
3377 2264 3474 2336 pia
3489 2268 3690 2321 autem

2044 2359 2274 2412 semina
2315 2354 2621 2425 diligenter
2662 2353 2963 2424 dejiciens.
3003 2351 3210 2407 Divina
3246 2356 3448 2408 autem
3497 2354 3690 2422 gratia

2041 2444 2332 2499 imbribus
2373 2441 2688 2498 Autonomi
2727 2442 3069 2497 ostendente
3103 2455 3389 2509 magnam
3431 2445 3688 2510 segetem

2043 2531 2292 2602 pietatis,
2322 2531 2473 2586 redit
2502 2546 2705 2585 rursus
2737 2530 2806 2585 ad
2832 2528 3164 2584 Cornelium
3192 2537 3246 2584 et
3267 2528 3395 2599 ejus
3422 2543 3684 2598 gregem.

2039 2619 2198 2674 Illinc
2252 2619 2411 2674 venit
2459 2618 2714 2673 Limnas.
2757 2620 2854 2671 Est
2901 2621 3101 2671 autem
3153 2617 3248 2670 hic
3295 2615 3460 2670 locus
3501 2633 3686 2687 prope

2041 2711 2270 2764 Soreos.
2305 2707 2486 2777 Cujus
2513 2704 2880 2761 habitatores
2912 2719 3047 2759 cum
3081 2704 3304 2758 videret
3333 2705 3515 2759 teneri
3549 2720 3684 2774 pro-

2038 2797 2234 2852 fundis
2269 2795 2526 2851 tenebris
2585 2793 2948 2865 ignorantiae,
3001 2807 3102 2847 eos
3141 2807 3380 2864 quoque
3405 2793 3567 2847 ducit
3608 2794 3684 2848 ad

2038 2887 2229 2940 lucem
2269 2884 2604 2952 agnitionis.
2638 2882 2766 2937 Non
2791 2881 3047 2936 multum
3071 2885 3306 2952 tempus
3342 2880 3418 2936 ab
3448 2896 3518 2935 eo
3546 2897 3685 2936 con-

2039 2976 2348 3043 sumptum
2385 2970 2492 3027 fuit
2521 2971 2597 3026 ad
2614 2985 2716 3026 eos
2737 2971 2795 3025 in
2816 2969 2969 3025 viam
2987 2969 3394 3033 deducendos,
3425 2968 3522 3039 qui
3550 2984 3688 3024 con-

335 3055 534 3122 Χωρίον
581 3048 640 3104 δὲ
688 3059 841 3105 τοῦτο
888 3059 1098 3128 Σωρεοῖς
1147 3055 1458 3125 πλησιάζον,
1511 3058 1570 3109 οὗ
1623 3061 1744 3119 τοὺς
1786 3059 1927 3118 οἰκή-

2041 3059 2452 3115 vertebantur:
2479 3058 2583 3114 sed
2613 3064 2668 3114 et
2691 3058 2857 3114 brevi
2887 3061 3135 3129 operata
3160 3063 3249 3112 est
3272 3058 3460 3128 gratia
3481 3056 3540 3111 in
3563 3057 3686 3112 ani-

331 3159 480 3212 τορας
527 3139 684 3213 βαθεῖ
734 3147 902 3214 σκότῳ
949 3151 1044 3206 τῆς
1096 3143 1306 3214 ἀγνοίας
1350 3151 1731 3218 κρατουμένους
1773 3149 1924 3222 ὁρῶν,

327 3225 513 3299 ὁδηγεῖ
554 3233 638 3280 καὶ
690 3233 902 3292 τούτους
945 3235 1075 3306 πρὸς
1122 3235 1179 3284 1'6
1212 3237 1398 3304 φέγγος
1444 3242 1540 3294 τῆς
1583 3233 1918 3306 ἐπιγνώσεως.

2038 3163 2169 3204 mos
2203 3146 2646 3217 permultorum,
2683 3150 2737 3200 et
2764 3145 3023 3201 salutare
3050 3145 3353 3216 baptisma
3382 3145 3684 3216 requiren-

2038 3243 2143 3305 tes,
2175 3249 2348 3290 sacro
2376 3233 2535 3302 gregi
2567 3232 2774 3286 Christi
2803 3238 3202 3288 accesserunt.

329 3323 426 3370 Καὶ
503 3318 561 3370 οὐ
634 3318 790 3379 πολὺς
845 3320 982 3391 αὐτῷ
1038 3325 1232 3394 χρόνος
1303 3325 1428 3393 πρός
1504 3327 1597 3380 τήν
1681 3321 1905 3396 όδηγίαν
1981 3335 2080 3380 τῶν
2162 3325 2568 3396 ἐπιστρεφόντων
2623 3319 2886 3371 ἀνάλωτο·
2950 3319 3055 3371 ἀλλ’
3108 3318 3155 3371 ἐν
3230 3320 3430 3394 βραχεῖ
3473 3322 3536 3372 τὰ
3587 3329 3685 3383 τῆς

321 3408 540 3481 χάριτος
590 3407 660 3469 εἰς
723 3410 807 3468 τὰς
862 3418 961 3460 τῶν
1012 3409 1254 3462 πλειόνων
1306 3408 1508 3483 ἐνήργει
1573 3411 1777 3485 ψυχὰς,
1833 3421 1922 3468 καὶ
1975 3419 2034 3468 τὸ
2088 3418 2342 3486 σωτήριον
2403 3408 2684 3483 βάπτισμα
2766 3406 3145 3476 ἐπιζητοῦντες,
3205 3415 3267 3480 τῇ
3333 3409 3443 3480 ἱερᾷ
3486 3413 3678 3481 ποίμνῃ

320 3503 556 3570 Χριστοῦ
587 3501 972 3569 προσετίθεντο.

393 3583 462 3639 Γ’.
521 3588 728 3638 Τούτων
776 3592 945 3640 τοίνυν
1001 3589 1231 3661 εὐμενείᾳ
1279 3597 1412 3643 Θεοῦ
1467 3589 1580 3642 κατ’
1631 3591 1794 3663 εὐχὰς
1845 3600 1919 3663 τῷ

322 3674 549 3748 μάρτυρι
596 3675 950 3744 τελεσθέντων,
1007 3676 1280 3748 συμϐαίνει
1333 3681 1455 3740 τοὺς
1507 3677 1590 3731 ἐπὶ
1640 3687 1702 3752 τῇ
1753 3680 1914 3754 πλάνῃ

322 3769 415 3823 τῆς
475 3761 712 3822 ἀσεϐείας
760 3771 1142 3836 κατεχομένους
1193 3765 1240 3817 ἐν
1285 3775 1356 3836 τῷ
1405 3763 1690 3825 δηλωθέντι
1733 3775 1916 3840 χωρίῳ

323 3853 456 3903 κατά
512 3872 626 3904 τινα
681 3855 804 3929 παρ’
859 3855 1028 3915 αὐτοῖς
1077 3862 1370 3927 τιμωμένην
1429 3852 1681 3927 δαίμονος
1738 3857 1916 3931 ἑορτήν

327 3937 557 4003 σπονδὰς
618 3949 723 4002 τοῖς
783 3940 1015 4005 εἰδώλοις
1068 3947 1394 4016 προσφέρειν,
1449 3943 1660 3996 κάκεῖνα
1730 3953 1913 4010 ποιεῖν,

320 4031 421 4083 ὅσα
481 4032 580 4083 ὑπὸ
637 4041 872 4104 πονηρῶν
931 4030 1192 4105 δαιμόνων
1245 4031 1682 4105 ἐκϐακχευθεῖσαι
1737 4034 1916 4106 ψυχαὶ

319 4123 629 4194 πράττουσι.
702 4129 880 4174 Ταῦτα
933 4121 1178 4184 πολλάκις
1249 4125 1297 4175 οἱ
1367 4132 1463 4185 τῆς
1515 4131 1606 4176 τοῦ
1679 4129 1915 4196 Χριστοῦ

314 4215 538 4282 ποίμνης
597 4213 810 4286 ὁρῶντες
865 4217 1127 4283 γινόμενα,
1189 4217 1279 4262 καὶ
1353 4213 1488 4263 θείου
1565 4211 1914 4281 πιμπλάμενοι

314 4299 476 4360 ζῆλου
530 4302 666 4368 (κατ’
717 4304 908 4357 εκείνην
964 4297 1022 4352 δὲ
1074 4304 1165 4356 τήν
1211 4301 1407 4369 ἡμέραν
1458 4302 1550 4349 σὺν
1599 4297 1790 4348 πλείονι
1841 4315 1914 4348 τε-

310 4388 536 4460 λούμενα
576 4388 770 4460 λύσσῃ)
825 4391 954 4460 πρὸς
1002 4387 1161 4458 ὀργήν
1207 4382 1418 4437 δικαίαν
1470 4384 1793 4448 ἀνίστανται,
1825 4390 1914 4437 καὶ

316 4476 567 4537 ἀλλήλους
613 4481 1102 4550 παρακροτήσαντες
1135 4473 1314 4526 ἐπίασι
1342 4477 1477 4525 κατὰ
1518 4481 1615 4525 τῶν
1648 4470 1870 4525 εἰδώλων
1896 4492 1908 4503 ⁸
1946 4449 1991 4504 D

317 4569 406 4617 καὶ
454 4567 620 4617 πάντα
665 4565 816 4626 εὐθὺς
866 4564 1252 4638 συντρίψαντες,
1288 4567 1377 4615 καὶ
1421 4563 1487 4622 εἰς
1535 4570 1670 4634 χοῦν
1717 4565 1912 4634 θέμενοι

317 4659 407 4707 καὶ
466 4658 603 4706 κόνιν
661 4649 983 4706 ἐπεδείκνυον
1040 4651 1148 4713 τοῖς
1203 4651 1502 4726 λατρευταῖς
1554 4650 1764 4712 ἐκείνοις
1820 4657 1912 4710 τὴν

316 4751 416 4795 τῶν
489 4742 866 4818 λατρευομὲνων
942 4742 1224 4795 ἀσθένειαν.
1281 4747 1443 4793 Τοῦτο
1501 4743 1617 4800 τοὺς
1690 4739 1912 4798 Ἐλληνί-

320 4835 503 4896 ζοντας
559 4836 673 4885 τότε
718 4834 807 4903 μεν
867 4831 936 4894 εἰς
994 4830 1235 4893 ἔκπληξιν
1287 4835 1376 4882 καὶ
1429 4827 1545 4893 δέος
1596 4832 1764 4901 ἐνῆγε,
1822 4835 1911 4882 καὶ

319 4925 509 4997 θρήνου
565 4921 754 4994 μᾶλλον
812 4921 840 4978 ἦ
919 4917 1232 4980 ἐκδικήσεως
1286 4923 1372 4970 τόν
1429 4923 1608 4992 καιρὸν
1663 4921 1906 4989 ἡγοῦντο.

317 5011 632 5074 Φυλάξαντες
665 5006 723 5062 δε
767 5011 962 5081 ἡμέραν
1009 5010 1126 5061 καθ’
1178 5008 1238 5067 ἣν
1290 5010 1315 5060 ό
1365 5015 1455 5059 τοῦ
1500 5015 1631 5060 Θεοῦ
1679 5009 1908 5081 θεράπων

317 5105 608 5173 Αὐτόνομος
650 5098 956 5170 ἐλειτούργει
1001 5100 1064 5150 τά
1106 5100 1355 5168 μυστικὰ,
1388 5101 1477 5148 καὶ
1515 5097 1681 5159 ξύλοις
1724 5115 1776 5147 τε
1819 5101 1908 5147 καὶ

315 5187 558 5262 σιδήροις
604 5190 819 5247 ἔκαστός
870 5191 960 5245 τήν
1019 5182 1192 5248 δεξιὰν
1247 5183 1673 5247 καθοπλίσαντες,
1723 5183 1906 5256 ἀθρόον

313 5283 706 5354 κατατρέχουσι
759 5283 850 5328 τοῦ
904 5273 952 5327 ἐν
1007 5280 1217 5348 Σωρεοῖς
1277 5274 1584 5346 εὐκτηρίου·
1646 5278 1735 5324 καὶ
1791 5277 1905 5344 τρέ-

312 5387 494 5421 πονται
542 5371 631 5439 μὲν
678 5369 796 5428 τοὺς
843 5367 1264 5438 παρατυχόντας,
1297 5363 1374 5423 οἷς
1419 5358 1478 5414 δε
1522 5358 1663 5433 εἶχον
1708 5360 1754 5412 ἐν
1785 5380 1908 5434 χερ-

315 5463 396 5511 σὶν
467 5457 663 5522 ὅπλοις,
723 5457 810 5506 τὸν
881 5455 1024 5506 ὅσιον
1081 5451 1373 5524 ἀναιροῦσι,
1426 5450 1547 5523 παρ’
1600 5451 1760 5509 αὐτὴν
1811 5456 1906 5508 τήν

317 5549 454 5620 ἱερὰν
533 5544 794 5621 τράπεζαν
874 5549 966 5600 τοῦ
1046 5542 1266 5620 αἵματος
1349 5539 1676 5614 ἐκχυθέντος,
1732 5541 1903 5612 ᾦσπερ

2101 3589 2498 3647 111.Οιιω11ωο
2514 3602 2653 3657 ergo
2672 3585 2769 3640 Dei
2787 3583 3175 3653 benignitate,
3202 3588 3267 3638 ut
3294 3583 3537 3655 martyri
3557 3588 3683 3640 erat

2027 3682 2088 3736 in
2127 3679 2304 3743 votis,
2345 3676 2553 3732 effecta
2592 3678 2806 3738 essent,
2838 3671 3070 3741 accidit,
3104 3675 3163 3726 ut
3190 3671 3296 3743 qui
3328 3671 3682 3726 tenebantur

2026 3783 2219 3824 errore
2249 3763 2568 3837 impietatis
2597 3763 2653 3817 in
2679 3761 2836 3816 dicto
2871 3761 3018 3824 loco,
3050 3759 3109 3813 in
3142 3759 3409 3830 quodam
3456 3759 3676 3815 daemo-

2025 3857 2118 3913 nis
2137 3851 2478 3925 festo,quod
2497 3850 2574 3906 ab
2588 3849 2669 3906 eis
2683 3847 3120 3912 celebrabatur,
3149 3846 3481 3902 simulacris
3504 3846 3677 3902 offer-

2025 3949 2154 4001 rent
2178 3943 2490 4003 libamina,
2522 3943 2578 3994 et
2607 3954 2676 3993 ea
2706 3937 2967 3993 facerent
2995 3952 3007 3991 :
3032 3951 3166 4007 quae
3203 3934 3429 3991 faciunt
3460 3935 3676 3991 animae

2022 4033 2220 4089 furore
2264 4029 2501 4102 percitae
2537 4043 2571 4081 a
2612 4023 3012 4080 daemonibus.
3047 4025 3177 4078 Haec
3215 4039 3375 4094 saepe
3410 4022 3676 4079 videntes

2024 4123 2144 4175 fieri
2174 4120 2212 4173 ii
2254 4119 2357 4188 qui
2404 4119 2572 4170 erant
2606 4113 2799 4183 gregis
2832 4111 3062 4174 Christi,
3093 4115 3149 4165 et
3193 4110 3398 4165 divino
3434 4111 3558 4166 zelo
3589 4127 3674 4166 re-

2023 4207 2180 4278 pleti,
2230 4205 2352 4274 (illo
2401 4207 2599 4258 autem
2648 4200 2742 4254 die
2791 4198 3234 4270 peragebantur
3275 4213 3412 4253 cum
3461 4199 3675 4268 majori

2023 4293 2211 4360 rabie)
2237 4291 2310 4346 ad
2329 4290 2558 4360 justam
2589 4288 2740 4342 iram
2772 4286 3170 4351 incitantur,et
3193 4301 3254 4340 se
3287 4286 3538 4340 invicem
3572 4286 3672 4342 ad-

2022 4379 2258 4449 hortati,
2272 4376 2564 4433 invadunt
2578 4374 2923 4429 simulacra:
2950 4377 3155 4427 etcum
3181 4372 3387 4428 omnia
3403 4373 3672 4444 protinus

2023 4467 2453 4530 contrivissent,
2486 4467 2540 4517 et
2581 4462 2640 4517 in
2671 4461 2977 4534 pulverem
3013 4464 3070 4516 et
3107 4460 3365 4516 cinerem
3413 4460 3672 4530 redegis-

2022 4562 2170 4623 sent,
2194 4553 2583 4612 ostenderunt
2598 4550 2709 4606 illis
2737 4549 3060 4605 cultoribus
3089 4548 3550 4605 imbecillitatem
3577 4564 3672 4604 eo-

2021 4664 2155 4704 rum
2199 4645 2303 4718 qui
2368 4640 2734 4698 colebantur.
2787 4641 2905 4694 Hoc
2945 4639 3189 4709 gentiles
3235 4643 3376 4694 tunc
3425 4637 3669 4708 quidem

2021 4741 2263 4808 stupore
2349 4730 2544 4787 affecit
2593 4733 2649 4784 et
2743 4731 2925 4793 metu,
3003 4730 3061 4781 et
3123 4727 3225 4798 qui
3299 4725 3672 4782 lamentatio-

2020 4825 2112 4881 nis
2131 4823 2332 4896 potius
2358 4836 2486 4876 esse
2530 4822 2762 4888 tempus
2805 4815 3115 4887 putabant,
3150 4829 3334 4885 quam
3367 4812 3666 4870 vindicta.

2019 4914 2164 4969 Cum
2211 4915 2411 4967 autem
2452 4907 2871 4963 observassent
2917 4905 3074 4958 diem
3127 4917 3250 4974 quo
3308 4901 3403 4957 Dei
3459 4916 3666 4957 servus

2019 5006 2392 5058 Autonomus
2419 4995 2736 5068 mysticum
2780 4992 3118 5049 celebrabat
3159 4990 3572 5056 ministerium,
3604 4990 3668 5046 li-

2019 5105 2258 5162 gnoque
2284 5093 2336 5142 et
2366 5086 2520 5141 ferro
2567 5087 2854 5139 armasset
2891 5080 3306 5151 unusquisque
3334 5079 3662 5149 dexteram,

2019 5184 2257 5252 repente
2283 5175 2458 5232 simul
2493 5173 2723 5228 irruunt
2751 5171 2809 5225 in
2844 5171 3189 5236 oratorium,
3214 5167 3378 5240 quod
3413 5173 3536 5222 erat
3567 5171 3666 5224 So-

2017 5270 2131 5325 reis
2161 5285 2172 5323 :
2202 5269 2261 5323 et
2289 5281 2389 5321 eos
2434 5261 2678 5334 quidem
2712 5263 2940 5314 vertunt
2971 5261 3026 5313 et
3055 5255 3336 5323 fundunt,
3377 5257 3480 5329 qui
3509 5257 3666 5312 ince-

2017 5359 2228 5414 derant
2261 5373 2274 5410 :
2311 5351 2493 5410 armis
2526 5353 2741 5415 autem,
2772 5361 2906 5419 quae
2935 5344 3238 5402 habebant
3265 5345 3326 5400 in
3365 5345 3664 5414 manibus,

2017 5450 2292 5503 sanctum
2331 5437 2710 5503 interﬁciunt,
2757 5435 2835 5491 ad
2880 5435 3074 5507 ipsam
3118 5449 3349 5490 sacram
3390 5446 3665 5489 mensam

2015 5536 2149 5592 fuso
2176 5529 2489 5604 sanguine,
2507 5535 2630 5600 quo
2651 5524 2831 5582 modo
2850 5524 3014 5598 prius
3030 5523 3217 5582 divini
3234 5520 3548 5584 Zacharim,
3563 5519 3668 5591 qui
