4142 6278
502 288 607 341 695
1765 269 2065 335 ηκιιοῖΝΞῐδ
2105 277 2138 330 S

2237 275 2549 347 TEMBER.
3758 264 3872 319 696

505 414 583 470 ad
620 415 801 466 Deum
836 409 1026 477 magis
1064 410 1385 475 clamabat,
1425 427 1607 482 quam
1666 407 1860 463 Abelis
1904 403 2141 473 sanguis

2259 408 2529 474 Ζαχαρίου
2584 411 2672 453 τοῦ
2726 404 2861 453 θείου
2921 404 3182 474 πρότερον,
3235 400 3259 449 ὸ
3312 395 3377 454 δὴ
3436 399 3526 447 και
3571 392 3693 445 ἐϐόα
3740 394 3878 461 πρὸς

2508 492 2546 495 __
2683 492 2692 495 _
2777 494 2781 495 ν
3040 488 3101 495 λ-
3168 485 3227 495 .-
3484 486 3533 495 -,
3709 486 3717 495 .
3789 477 3810 495 κ
3852 481 3862 491 .

505 502 725 572 injuste
747 498 933 553 fusus.
970 502 1029 553 Et
1055 499 1187 553 ideo
1209 515 1414 555 eorum
1432 500 1698 571 quidem,
1719 496 1821 568 qui
1844 496 2141 549 intereme-

2262 497 2387 543 Θεὸν
2434 492 2639 561 μᾶλλον,
2672 492 2699 546 ἡ
2736 494 2793 540 τὸ
2834 498 2922 540 τοῦ
2961 488 3115 541 ’Ἅϐελ
3160 485 3360 547 ἀδίκως
3399 486 3559 555 χυθέν
3587 500 3597 510 ⁸
3635 486 3726 531 καὶ
3778 485 3878 530 διὰ

506 595 666 654 runt,
725 588 783 641 in
836 592 1123 641 aeternum
1165 591 1410 643 testatur
1448 588 1837 657 impietatem,
1881 599 1980 637 eos
2018 583 2142 650 igne

2263 588 2426 630 ταῦτα
2483 586 2581 629 τῶν
2635 582 2722 648 μεν
2778 577 3045 630 ἀνελόντων
3099 575 3171 629 δι’
3232 576 3408 634 αἰῶνος
3462 576 3713 643 μαρτυρεῖ
3774 573 3872 626 την

510 693 618 751 pro
641 674 803 731 crede
834 674 1140 739 ulciscens,
1169 680 1223 730 et
1248 692 1368 731 non
1396 675 1562 730 brevi
1596 680 1859 745 tempore
1886 671 2146 725 dolorem

2265 666 2519 732 ἀσέϐειαν,
2575 672 2698 739 πυρὶ
2748 669 2961 727 τούτους
3020 666 3131 717 ἀντὶ
3205 674 3300 726 τῆς
3358 670 3557 733 σφαγῆς
3612 666 3871 729 ἀμυνόμε-

505 764 795 838 praebens.
826 762 929 816 sed
956 767 1242 818 aeternum
1265 764 1591 819 cruciatum
1623 778 1635 818 :
1671 759 2131 832 martyriautem

2263 776 2365 820 νον,
2397 756 2488 808 οὐκ
2538 755 2585 807 ἐν
2638 755 2838 829 βραχεῖ
2883 761 2975 813 την
3026 752 3237 817 ὀδύνην,
3272 753 3380 804 ἀλλ’
3410 752 3617 803 αἰωνίαν
3662 752 3751 804 την
3784 752 3874 796 κὸ-

509 868 643 925 qua:
701 865 821 905 non
870 850 1109 913 desinit,
1139 851 1417 917 laetitiam,
1470 852 1655 907 vitam
1699 853 2068 921 perpetuam,
2103 851 2145 899 e1

2264 845 2415 897 λασιν
2464 850 2833 918 παρεχόμενον,
2887 852 2957 914 τῷ
3010 846 3240 917 μάρτυρι
3285 840 3343 894 δε
3396 841 3569 911 χαράν
3619 840 3866 900 σ’ῦιηκτον,

508 955 759 1010 regnum
786 938 885 993 Dei
912 939 1204 995 conciliat.

2269 930 2479 991 διηνεκῆ
2516 934 2653 994 ζωὴν
2687 938 2775 985 καὶ
2807 932 3078 1005 βασιλείαν
3109 939 3241 985 Θεοῦ
3272 933 3700 1003 μνηστευόμενον.

584 1029 675 1082 IV.
727 1028 838 1081 Sed
875 1028 1169 1098 pontiﬁcis
1212 1028 1456 1099 quidem
1501 1034 1556 1083 et
1613 1026 1905 1099 praeconis
1952 1023 2162 1078 verita-

2344 1023 2413 1078 Δ’.
2445 1022 2599 1075 Ἀλλά
2646 1029 2735 1073 τοῦ
2778 1026 2867 1093 μὲν
2915 1021 3201 1094 ἀρχιερέως
3244 1026 3332 1071 καὶ
3380 1023 3601 1091 κήρυκος
3650 1023 3743 1075 τῆς
3791 1012 3872 1063 εὖ-

512 1117 585 1173 tis
614 1117 775 1171 hunc
792 1114 1119 1184 gloriosum
1138 1118 1356 1172 exitum
1388 1117 1597 1173 habuit
1629 1118 2004 1186 martyrium:
2026 1128 2148 1167 san-

2274 1110 2472 1171 σεϐείας
2530 1114 2585 1161 τὸ
2642 1113 2959 1183 μαρτυρικόν
3008 1111 3169 1171 οὕτως
3240 1112 3369 1179 ἰσχε
3428 1111 3517 1158 καὶ
3577 1103 3872 1155 καλλίνικον

516 1205 797 1260 ctissimae
828 1208 1019 1259 autem
1049 1206 1176 1275 ejus
1198 1206 1506 1276 reliquiaea
1523 1206 1783 1277 quadam
1812 1202 2010 1267 Maria,
2030 1217 2152 1272 qua

2273 1200 2449 1260 τέλος’
2502 1204 2558 1249 τὸ
2613 1196 2671 1250 δε
2721 1201 2972 1269 πανάγιον
3029 1199 3189 1250 αὐτοῦ
3237 1198 3474 1267 λείψανον
3535 1198 3715 1265 Μαρία
3766 1211 3872 1253 τις,

516 1292 866 1349 diaconatus
895 1292 1141 1363 dignata
1172 1293 1361 1349 fuerat
1398 1294 1771 1359 charismate,
1813 1307 1949 1345 cum
1990 1289 2152 1343 simui

2277 1284 2577 1339 διακονικοῡ
2629 1292 2959 1361 χαρίσματος
3025 1286 3383 1358 κατηξιωμένη
3464 1285 3572 1356 ἅμα
3622 1289 3724 1340 τοῖς
3773 1288 3878 1329 τῶν

519 1397 653 1437 cum
676 1380 747 1436 iis
772 1383 874 1452 qui
905 1398 975 1436 ex
998 1382 1353 1453 propinquis
1374 1382 1657 1453 emporiis
1682 1396 1801 1435 non
1835 1378 2027 1433 solum
2055 1377 2155 1431 sibi

2276 1376 2509 1432 πλησίων
2564 1375 2842 1447 ἐμπορίων,
2897 1376 2988 1426 οὐκ
3038 1375 3295 1435 εὐσεϐείας
3348 1378 3520 1445 μόνον,
3580 1369 3707 1421 ἀλλά
3786 1372 3881 1418 καὶ

520 1468 927 1525 vendicabant
981 1472 1282 1541 pietatem,
1330 1471 1433 1526 sed
1476 1471 1655 1526 etiam
1711 1468 2003 1532 virtutem,
2060 1465 2156 1519 illis

2280 1463 2466 1539 ἀρετῆς
2519 1463 2977 1535 ἀντιποιουμένοις,
3028 1465 3273 1536 λαμπρῶς
3328 1482 3379 1514 τε
3431 1466 3516 1513 καὶ
3573 1462 3726 1517 ὁσίως
3781 1476 3877 1513 κη·

522 1558 806 1630 praaclare
863 1562 919 1613 et
966 1563 1163 1613 sancte
1207 1559 1366 1628 justa
1401 1559 1649 1623 fecisset,
1701 1556 1999 1613 mandatae
2034 1559 2158 1609 sunt

2281 1549 2539 1619 δεύσασα,
2585 1561 2717 1624 ταφῇ
2764 1550 3155 1626 παραδίδωσιν,
3205 1552 3251 1603 ἐν
3305 1554 3435 1623 θήκη
3489 1556 3639 1601 τοῦτο
3686 1546 3885 1618 φιλοτί-

526 1646 863 1717 sepulturte,
924 1646 1248 1702 honoriﬁce
1291 1649 1351 1702 in
1392 1664 1577 1718 capsa
1619 1647 1922 1718 depositae.
1965 1645 2162 1698 Proce-

2279 1661 2387 1713 μως
2441 1644 2781 1713 καταθεμένη.
2832 1647 3032 1713 Χρόνου
3090 1640 3146 1693 δὲ
3193 1648 3489 1715 παριόντος,
3538 1641 3694 1696 ἡνίκα
3736 1642 3885 1687 Κων-

525 1735 701 1790 dente
726 1739 925 1789 autem
958 1739 1242 1806 tempore,
1261 1737 1507 1807 quando
1526 1736 1945 1792 Constantinus
1972 1732 2144 1803 impri

2244 1734 2539 1791 ἱσταντῐνος
2619 1733 2643 1781 ό
2721 1731 3088 1791 εὐσεϐέστατος
3166 1730 3415 1803 βασιλεὺς
3477 1731 3540 1779 τὰ
3612 1726 3880 1795 Ῥωμαϊκὰ

526 1822 643 1877 mis
672 1821 809 1893 pius
842 1822 1180 1893 imperator,
1217 1830 1450 1895 sceptra
1470 1828 1737 1880 Romana
1754 1823 1953 1877 divina
1975 1821 2162 1891 potius

2283 1829 2526 1893 σκῆπτρα
2582 1822 2722 1891 θεῐκῇ
2770 1826 2913 1893 χειρὶ
2964 1820 3151 1890 μᾶλλον
3201 1820 3229 1877 ἡ
3293 1824 3514 1891 στρατιᾴ
3563 1820 3651 1867 καὶ
3704 1812 3885 1871 ὅπλοις

528 1926 737 1977 manu,
782 1926 965 1982 quam
1005 1915 1262 1967 exercitu
1303 1918 1359 1969 et
1392 1914 1571 1969 armis
1624 1914 1820 1977 fretus,
1872 1910 2111 1965 tenebat
2156 1926 2164 1963 :

2282 1907 2480 1981 θαῤῥῶν
2550 1906 2809 1981 ἐκράτυνε,
2872 1914 3173 1982 Σευηριανὸς
3225 1928 3324 1973 τις,
3379 1912 3471 1964 τὴν
3539 1905 3711 1977 ἀρχὴν
3787 1910 3883 1961 τῆς

534 1998 887 2055 Severianus
918 2000 1190 2071 quidam,
1226 2002 1590 2058 Alexandriae
1612 2006 1854 2071 accepta
1892 1999 2170 2064 rectione,

2281 1993 2654 2068 Ἀλεξανδρέων
2729 1997 3058 2069 παραλαϐὼν,
3114 2003 3203 2049 καὶ
3274 1994 3380 2049 δέει
3450 2005 3538 2055 τῆς
3606 1992 3883 2052 θαλάσσης

532 2103 669 2142 cum
700 2092 857 2143 metu
890 2090 1072 2144 maris
1105 2105 1209 2160 per
1247 2092 1427 2155 viam,
1459 2108 1594 2162 quae
1635 2094 1719 2146 est
1758 2090 1915 2144 circa
1952 2088 2168 2153 sinum,

2284 2082 2377 2137 διὰ
2425 2094 2512 2145 τῆς
2568 2084 2615 2135 ἐν
2687 2086 2856 2157 κύκλῳ
2925 2096 3014 2139 τοῦ
3071 2086 3263 2139 κόλπου
3322 2090 3527 2159 πορείαν
3587 2087 3679 2140 τὴν
3754 2077 3884 2131 ὁδὸν

533 2175 641 2230 iter
697 2175 932 2240 faceret,
993 2177 1152 2232 venit
1224 2179 1466 2249 quidem
1532 2194 1718 2251 prope
1775 2192 2006 2233 sacram
2082 2191 2169 2230 ca-

2283 2176 2605 2245 ποιούμενος,
2654 2181 2853 2245 γίνεται
2904 2180 2993 2247 μὲν
3041 2185 3134 2236 τῆς
3185 2178 3323 2249 ἱερᾶς
3370 2175 3662 2244 Αὐτονὸμου
3716 2172 3886 2230 θήκης

535 2278 732 2335 psam,
758 2265 1076 2320 Autonomi
1107 2266 1389 2322 retinetur
1410 2273 1607 2323 autem
1640 2268 1872 2332 virtute,
1900 2281 2034 2336 qua:
2061 2279 2171 2318 non

2286 2262 2524 2320 πλησίον·
2556 2262 2758 2336 ἀοράτῳ
2808 2261 2866 2316 δὲ
2912 2261 3130 2335 δυνάμει
3176 2270 3477 2335 κατέχεται,
3508 2271 3605 2313 τῶν
3655 2262 3885 2331 ἡμιόνων

536 2351 791 2407 cadebat
819 2353 928 2408 sub
953 2360 1260 2424 aspectum
1292 2373 1304 2411 :
1329 2372 1464 2412 cum
1494 2356 1635 2411 muli
1669 2355 1916 2428 quidem
1941 2352 2172 2408 scuticis

2292 2351 2525 2423 ἰσχυρῶς
2571 2356 2660 2422 μὲν
2704 2358 2990 2424 παιομένων
3035 2362 3149 2415 ταῖς
3202 2353 3464 2425 μάστιξιν,
3518 2347 3641 2403 οὐδὲ
3697 2347 3886 2423 βραχὺ

536 2439 921 2504 caaderentur,
947 2441 1240 2497 tantillum
1265 2449 1461 2500 autem
1492 2460 1613 2499 non
1648 2449 2041 2506 moverentur,
2075 2439 2172 2495 sed

2292 2436 2349 2492 δὲ
2400 2444 2729 2512 κινουμένων,
2787 2441 2892 2493 ἀλλ’
2950 2444 3042 2494 ἶσα
3100 2440 3167 2500 δὴ
3241 2447 3329 2494 καὶ
3402 2442 3567 2501 λίθοις
3633 2438 3887 2496 ἀκινήτων

538 2532 827 2599 tanquam
855 2528 1081 2601 lapides
1112 2534 1334 2587 starent
1362 2533 1718 2588 immobiles.
1747 2532 2066 2587 Severiano
2083 2546 2174 2584 au-

2289 2537 2571 2599 μενουσῶν.
2616 2537 2717 2582 Τοῦ
2762 2538 3070 2602 Σευηριανοῦ
3116 2528 3173 2583 δὲ
3225 2536 3280 2583 τό
3324 2534 3528 2601 γεγονός
3575 2526 3885 2584 καταπλητ-

539 2622 658 2671 tem
688 2616 940 2671 mirante
966 2618 1045 2683 id,
1087 2620 1243 2689 quod
1283 2618 1501 2675 factum
1557 2621 1767 2687 fuerat,
1802 2620 2051 2692 quidam
2094 2617 2175 2672 vir

2289 2621 2522 2687 τομένου,
2570 2628 2666 2669 τῶν
2706 2619 2926 2671 εὐσεϐῶν
2966 2640 3063 2684 τις,
3115 2625 3201 2671 καὶ
3248 2623 3312 2671 τὰ
3358 2618 3588 2690 μάλιστα
3639 2614 3884 2677 εὖλαϐῶν,

540 2703 676 2775 pius
702 2707 757 2757 et
772 2703 1101 2773 religiosus,
1122 2712 1178 2762 et
1194 2708 1296 2779 qui
1316 2708 1564 2775 gratiam
1585 2709 1848 2764 solvendi
1863 2707 2176 2775 aenigmata

2289 2712 2378 2757 καὶ
2451 2706 2585 2758 λύειν
2646 2708 2928 2779 αἰνίγματα
2995 2712 3155 2781 χάριν
3209 2708 3262 2760 ἐκ
3334 2716 3465 2762 Θεου
3541 2702 3886 2777 δεδεγμένων,

542 2791 707 2846 aDeo
724 2798 1052 2863 acceperat,
1067 2811 1238 2850 suam
1256 2796 1476 2867 profert
1491 2797 1863 2861 sententiam.
1882 2796 2178 2851 mulorum

2289 2799 2495 2865 γνώμην
2548 2796 2747 2867 εἰσάγει
2798 2802 2889 2855 τὴν
2943 2806 3040 2850 τῶν
3088 2800 3306 2869 ἡμιόνων
3358 2798 3542 2849 στάσιν
3592 2802 3739 2846 τοῦτο
3789 2790 3877 2850 δη

544 2882 760 2934 statum
792 2880 905 2935 hoc
937 2882 1292 2951 significare,
1326 2889 1595 2955 oportere
1627 2901 1763 2940 eum
1794 2886 1897 2957 qui
1929 2883 2180 2947 vehitur,

2291 2882 2408 2933 λοῡν
2442 2899 2452 2911 ·
2486 2887 2553 2944 ὡς
2582 2885 2684 2955 ἄρα
2714 2882 2795 2937 δεῖ
2846 2889 2931 2938 τὸν
2986 2886 3330 2958 ἐποχούμενον
3385 2885 3603 2937 ἐνταῦθά
3648 2902 3698 2934 τε
3747 2890 3881 2940 στῆ-

543 2967 638 3023 hic
686 2967 909 3034 sistere,
944 2974 999 3025 et
1040 2972 1289 3027 excitare
1338 2974 1626 3045 templum
1669 2976 1870 3030 divino
1913 2972 2179 3045 martyri.

2293 2992 2395 3036 ναι,
2446 2978 2534 3024 καὶ
2580 2978 2783 3045 τέμενος
2834 2978 3027 3050 ἐγεῖραι
3078 2983 3148 3043 τῷ
3204 2978 3319 3048 ἱερῷ
3372 2977 3619 3047 μάρτυρι,
3662 2976 3750 3023 καὶ
3805 2972 3888 3023 ὅτι

546 3056 713 3121 Quod
760 3062 957 3113 autem
1005 3064 1164 3115 recta
1197 3065 1350 3115 esset
1392 3063 1746 3130 admonitio,
1800 3062 2182 3119 ostendemus

2297 3061 2530 3134 ἀσφαλὴς
2575 3064 2603 3120 ἡ
2650 3066 2907 3124 ὑποθήκη,
2946 3068 3079 3116 κατά
3122 3062 3291 3123 πόδας
3340 3066 3464 3135 ἡμῖν
3514 3066 3542 3121 ἡ
3603 3058 3892 3122 ἀπόδειξις.

546 3158 577 3199 e
603 3145 876 3213 vestigio.
906 3146 963 3201 Si
996 3148 1174 3214 enim,
1208 3148 1397 3221 inquit
1418 3150 1534 3216 ille,
1559 3152 1749 3207 solum
1778 3152 1939 3223 operi
1966 3166 2182 3207 annue-

2262 3154 2356 3205 Ἐἰ
2402 3156 2500 3228 γὰρ
2551 3157 2852 3219 ἑπινεύσοις,
2902 3159 3051 3226 φησὶ,
3105 3158 3256 3221 μόνον
3302 3162 3371 3223 τῷ
3422 3156 3573 3225 ἔργῳ,
3620 3152 3898 3222 ἀλλομένας

544 3232 645 3301 ris,
678 3232 909 3289 videbis
942 3235 1214 3291 salientes
1236 3240 1643 3311 protinus,qui
1666 3247 1802 3295 sunt
1827 3240 2180 3296 immobiles.

2296 3243 2446 3303 εὐθὺς
2501 3246 2657 3315 θεάσῃ
2715 3246 2808 3303 τὰς
2880 3242 3171 3302 ἀκινήτους.
3235 3246 3332 3295 Καὶ
3408 3244 3433 3292 ὸ
3507 3245 3595 3312 μὲν
3662 3239 3896 3291 ἐπένευσε

545 3323 612 3376 Et
635 3320 728 3376 ille
757 3324 1000 3395 quidem
1051 3326 1259 3382 annuit
1294 3334 1567 3399 prompto
1606 3334 1662 3383 et
1708 3330 1883 3385 alacri
1936 3331 2139 3385 animo
2171 3346 2181 3384 :

2294 3334 2606 3405 προθύμως·
2642 3334 2695 3383 αἱ
2736 3328 2794 3383 δε
2837 3333 3246 3403 ὸρμητικὼτερον
3295 3331 3512 3398 ἔϐαινον,
3564 3336 3652 3382 καὶ
3706 3328 3899 3380 αὐτίκα

543 3410 1027 3480 ingrediebantur
1056 3420 1254 3470 autem
1276 3416 1426 3470 muli
1450 3417 1717 3471 maximo
1740 3418 1981 3489 impetu.
2004 3418 2179 3473 Proti-

2295 3424 2351 3471 τὸ
2408 3420 2675 3493 εὐκτηριον
2737 3423 2761 3472 ὸ
2822 3426 3127 3493 Σευηριανὸς
3212 3425 3552 3490 προσέταττεν
3627 3415 3898 3471 ἀνοικοδο-

544 3513 658 3553 nus
688 3514 827 3555 vero
863 3502 1213 3557 Severianus
1238 3504 1415 3573 jussit
1443 3504 1724 3559 aedificari
1755 3507 2106 3573 oratorium,
2133 3512 2180 3561 et

2294 3511 2519 3581 μεῖσθαι,
2560 3514 2647 3560 καὶ
2690 3513 2860 3581 εἴχετο
2900 3518 2993 3571 τῆς
3044 3507 3190 3564 ὀδοῦ.
3240 3509 3552 3562 Ἐπανελθὼν
3598 3505 3657 3560 δε
3704 3506 3892 3558 ἐκεῖθεν

544 3586 707 3641 viam
734 3593 822 3643 est
852 3588 1177 3657 ingressus.
1203 3593 1350 3646 Cum
1383 3596 1583 3649 autem
1614 3599 2019 3659 reverteretur,
2044 3599 2180 3651 tem-

2294 3596 2575 3669 ἕγκαινίζει
2604 3603 2661 3650 τὸ
2689 3602 2910 3669 τέμενος,
2942 3603 3031 3650 καὶ
3057 3606 3167 3658 ταῖς
3210 3601 3382 3651 ἔπειτα
3422 3605 3616 3668 γενεαῖς
3657 3596 3888 3653 άληστον

545 3674 713 3746 plum
743 3675 999 3745 dedicat,
1041 3682 1096 3734 et
1146 3678 1339 3746 efﬁcit,
1383 3686 1446 3736 ut
1489 3682 1739 3753 posteris
1787 3683 1861 3737 sit
1909 3684 2181 3754 martyris

2003 3684 2185 3754 .rtyris
2296 3694 2391 3739 τοῦ
2420 3691 2683 3762 μάρτυρος
2714 3685 2842 3740 εἶναι
2872 3692 2965 3746 τὴν
2996 3692 3203 3760 μνήμην
3235 3687 3639 3761 παρασκευάζει.

544 3768 834 3835 perpetua
858 3767 1163 3822 memoria.

616 3854 680 3905 V.
711 3853 857 3908 Cum
872 3868 994 3909 non
1016 3870 1229 3925 parum
1256 3860 1453 3912 autem
1478 3859 1760 3929 temporis
1785 3860 2016 3917 interim
2041 3878 2187 3934 prte-

2370 3864 2438 3919 E'.
2490 3865 2598 3915 Οὐκ
2647 3864 2821 3936 ὀλίγου
2872 3863 2930 3917 δὲ
2979 3863 3384 3940 διαρῥεύσαντος
3431 3865 3619 3937 μεταξύ
3676 3869 3899 3937 χρόνου,

545 3940 919 4010 terﬂuxisset,
952 3941 1222 3999 invitaret
1249 3950 1446 4000 autem
1479 3948 1771 4004 memoria
1801 3953 2097 4021 martyris,
2129 3956 2181 4006 ut

2298 3951 2404 4005 εἶτα
2458 3962 2551 4014 τῆς
2599 3959 2807 4025 μνήμης
2860 3962 2947 4006 τοῦ
2998 3957 3254 4029 μάρτυρος
3307 3961 3399 4012 τὴν
3454 3955 3771 4027 ἀναίμακτον
3834 3958 3905 4006 ἰε-

545 4027 749 4083 divino
779 4029 1000 4100 templo
1027 4029 1189 4087 ﬁeret
1217 4032 1595 4089 incruentum
1620 4037 1996 4103 sacrificium,
2026 4056 2181 4095 acce-

2297 4047 2539 4114 ρουργίαν
2584 4045 2715 4095 κατά
2757 4046 2814 4094 τὸ
2862 4046 2991 4095 θεῖον
3020 4048 3220 4115 τέμενος
3266 4045 3569 4103 τελεσθῆναι
3612 4044 3902 4108 καλούσης,

548 4115 634 4171 dit
661 4116 905 4188 quidem
924 4118 1000 4173 ad
1021 4135 1261 4176 sacrum
1286 4121 1355 4187 is,
1380 4123 1483 4192 qui
1516 4128 1655 4179 tunc
1680 4125 1877 4195 fungel
1894 4132 2042 4183 eatur
2062 4146 2184 4185 mu-

2298 4134 2573 4203 ἑφίσταται
2631 4135 2718 4203 μεν
2773 4140 2843 4203 τῷ
2904 4134 3019 4205 ἱερῷ
3067 4134 3091 4183 ὁ
3142 4142 3431 4191 τηνικαῦτα
3486 4139 3580 4192 τὴν
3636 4136 3903 4206 ἱερατικὴν

548 4219 687 4260 nere
719 4206 1093 4273 sacerdotali,
1136 4225 1307 4266 sacra
1338 4212 1583 4282 mystica
1621 4220 1987 4286 peracturus.
2020 4218 2184 4290 Aqua

2302 4222 2435 4291 ἔχων
2499 4219 2693 4293 ἀρχὴν,
2748 4218 3047 4273 ἑπιτελέσων
3106 4224 3171 4272 τὰ
3252 4225 3486 4294 μυστικά
3521 4243 3531 4254 ·
3591 4220 3783 4284 ὕδατος
3844 4220 3903 4275 δὲ

547 4296 745 4347 autem
804 4309 872 4387 ex
911 4294 1209 4365 tabulatis,
1255 4314 1385 4371 qua;
1420 4300 1594 4372 juxta
1639 4319 1959 4360 ascensum
1998 4309 2183 4378 posita

2303 4310 2441 4380 αὐτῷ
2498 4308 2551 4360 ἐκ
2603 4318 2702 4361 τῶν
2777 4315 3162 4383 παρακειμένων
3234 4320 3295 4383 τῇ
3367 4309 3537 4382 ἀνόδῳ
3593 4309 3906 4387 δρυφάκτων

548 4385 734 4445 erant,
768 4380 959 4439 eﬂusa
990 4385 1308 4442 arbitratus
1348 4387 1458 4443 hoc
1489 4389 1667 4445 fuisse
1696 4390 1913 4447 factum
1947 4395 2023 4448 ad
2050 4412 2184 4451 con-

2304 4398 2656 4470 ἐπιχυθέντος,
2714 4398 2786 4470 ἐφ’
2841 4380 3011 4473 ὗϐρειἾ
3054 4407 3204 4451 τοῦτο
3272 4380 3595 4471 ’γεγενῆσθαι
3630 4380 3907 4471 ’νομίσας,

551 4468 876 4534 tumeliam,
911 4487 1147 4527 sacrum
1173 4475 1415 4543 quidem
1446 4478 1831 4534 ministerium
1854 4483 2079 4551 peragit
2100 4485 2187 4539 illo

2270 4492 2392 4545 ’τὴν
2436 4492 2524 4559 μὲν
2578 4490 2713 4560 ἱερὰν
2767 4489 3089 4561 λειτουργίαν
3138 4491 3251 4541 κατ’
3302 4489 3496 4547 ἐκείνην
3550 4489 3766 4542 ἐπιτελεῖ
3810 4495 3906 4548 τὴν

552 4556 647 4611 die
679 4572 693 4612 :
715 4557 930 4612 deinde
948 4574 1082 4613 cum
1108 4558 1251 4614 illud
1276 4560 1557 4617 diruisset
1577 4568 1921 4634 oratorium,
1946 4570 2188 4628 aediﬁcat

2303 4578 2533 4649 ἡμέραν·
2600 4574 2710 4629 εἶτα
2762 4581 2815 4629 τὸ
2872 4578 3139 4650 εὐκτήριον
3197 4578 3443 4645 καθελὼν,
3500 4578 3547 4630 ἐν
3624 4586 3727 4639 τοῖς
3779 4584 3906 4650 πρὸς

549 4643 801 4701 alterum
832 4646 891 4700 in
921 4646 1089 4713 locis,
1118 4663 1252 4720 quas
1292 4654 1429 4706 sunt
1477 4666 1662 4724 prope
1708 4672 1893 4723 mare,
1926 4661 2185 4716 nesciens

2305 4666 2571 4719 θάλασσαν
2627 4672 2806 4726 τόποις
2882 4664 3151 4739 οἰκοδομεῖ
3194 4669 3381 4741 ἕτερον,
3439 4668 3531 4720 οὐκ
3588 4664 3739 4729 εἰδὼς
3801 4670 3904 4742 ἄρα

548 4732 704 4805 quod
732 4748 913 4805 supra
930 4735 1267 4805 religiosam
1291 4738 1518 4795 thecam
1542 4744 1815 4815 martyris
1842 4746 2184 4805 Severianus

2301 4756 2378 4806 ὅτι
2429 4758 2563 4806 κατά
2614 4760 2760 4806 νότου
2809 4764 2903 4817 τῆς
2957 4756 3171 4827 εὖαγοῦς
3216 4764 3304 4807 τοῦ
3358 4760 3618 4830 μάρτυρος
3664 4759 3824 4816 θήκης
3875 4758 3899 4808 ό

547 4820 687 4877 olim
716 4823 993 4879 exstruxit
1018 4826 1364 4891 oratorium,
1388 4828 1551 4897 quod
1582 4829 1707 4901 ipse
1728 4832 2010 4890 diruerat.
2046 4838 2183 4894 Cum

2300 4847 2605 4917 Σευηριανὸς
2656 4848 2711 4895 τὸ
2762 4844 3031 4916 εὐκτήριον
3083 4845 3107 4896 ὃ
3158 4844 3307 4905 αὐτὸς
3368 4847 3486 4916 ἄρτι
3537 4846 3739 4897 καθεῖλε
3798 4848 3895 4897 πά-

548 4909 862 4981 sexaginta
888 4916 1088 4967 autem
1107 4915 1246 4969 anni
1270 4916 1693 4987 praeteriissent
1718 4937 1908 4994 usque
1937 4923 2013 4980 ad
2045 4929 2184 4981 tem-

2296 4930 2380 4982 λαι
2455 4931 2736 5004 ἀνήγειρεν.
2813 4933 3087 4996 Ἐξὴκοντα
3161 4932 3219 4986 δὲ
3303 4940 3701 5007 παρῳχηκότων
3761 4936 3896 5005 ἄχρι

546 5013 657 5070 pus
701 4999 907 5054 mortis
960 5002 1230 5069 Zenonis,
1276 5004 1380 5077 qui
1436 5006 1542 5060 fuit
1608 5008 1931 5080 imperator
1976 5016 2182 5072 Roma-

2297 5027 2389 5081 τῆς
2469 5026 2718 5086 Ζήνωνος,
2774 5022 2823 5082 ὃς
2908 5022 3167 5093 Ῥωμαίων
3241 5022 3562 5085 ἐϐασίλευσε,
3635 5024 3894 5085 τελευτῆς,

542 5102 780 5151 norum,
813 5088 1069 5144 Joannes
1094 5090 1344 5161 quidam
1386 5093 1574 5159 miles,
1608 5097 1709 5167 qui
1744 5104 1869 5154 erat
1896 5102 1953 5156 in
1982 5117 2178 5158 nume-

2297 5108 2530 5170 Ἰὡαννης
2578 5131 2669 5173 τις,
2724 5117 3047 5182 στρατιώτης
3109 5110 3155 5162 ἐν
3216 5120 3319 5172 τοῖς
3378 5112 3713 5184 καλουμένοις
3783 5113 3894 5175 Ἐξ.

543 5190 607 5230 ro
638 5190 866 5243 eorum,
899 5177 999 5249 qui
1029 5186 1318 5235 vocantur
1335 5184 1723 5253 excubitores,
1758 5188 2179 5260 utimperatori

2296 5198 2624 5272 κουϐίτορσιν
2674 5202 3066 5272 ἀριθμούμενος,
3102 5203 3234 5251 κατά
3283 5221 3398 5252 τινα
3447 5200 3733 5273 βασιλικὴν
3765 5204 3898 5259 ὑπη-

543 5263 746 5335 aliqua
774 5266 834 5319 in
896 5281 957 5322 re
1004 5266 1341 5339 deserviret,
1382 5274 1734 5331 versabatur
1780 5278 1837 5333 in
1901 5279 1991 5334 his
2037 5281 2179 5338 locis

2294 5293 2471 5360 ρεσίαν
2522 5288 2569 5339 ἐν
2622 5297 2728 5349 τοῖς
2781 5295 3003 5363 χωρίοις
3056 5287 3277 5363 διέτριϐε
3336 5298 3443 5351 τοῖς
3496 5296 3611 5362 περὶ
3672 5296 3903 5365 Σωρεοὺς

540 5351 699 5407 circa
738 5352 948 5409 Soreos
980 5360 1036 5411 et
1062 5358 1316 5415 Limnas.
1346 5363 1407 5418 Et
1437 5379 1574 5420 cum
1605 5381 1820 5438 corpus
1859 5368 2176 5441 aliquando

2293 5382 2379 5428 καὶ
2440 5382 2652 5445 Λίμνας.
2711 5382 2809 5429 Καί
2860 5397 2983 5430 ποτε
3046 5384 3314 5449 γυμνασίᾳ
3369 5382 3427 5430 τό
3483 5387 3636 5450 σῶμα
3686 5375 3895 5445 διδοὺς,

540 5441 851 5507 exerceret,
896 5458 1168 5511 egressus
1217 5455 1306 5505 est
1352 5451 1428 5506 ad
1476 5456 1853 5512 venationem
1890 5473 1901 5510 :
1952 5464 2007 5514 et
2046 5475 2176 5516 cum

2293 5465 2373 5518 ἐπὶ
2416 5468 2575 5537 θήραν
2626 5466 2780 5538 ἐξῄει,
2832 5472 2919 5519 καὶ
2977 5471 3110 5519 κατά
3166 5472 3249 5519 τόν
3305 5474 3459 5520 τόπον
3514 5474 3799 5539 γενόμενος,
3851 5468 3903 5521 ἐν

538 5526 750 5584 fuisset
773 5528 832 5584 in
861 5544 930 5585 eo
969 5530 1117 5596 loco,
1160 5535 1219 5590 in
1251 5552 1371 5609 quo
1402 5544 1733 5615 martyricaa
1780 5546 2019 5619 sepultae
2051 5547 2174 5604 fue-

2288 5555 2327 5624 ᾧ
2403 5558 2459 5609 τὸ
2512 5559 2827 5628 μαρτυρικὸν
2878 5556 3127 5609 ἐτέθαπτο
3185 5556 3445 5627 λείψανον,
3508 5557 3705 5629 λαγωὸν
3764 5558 3897 5630 τόξῳ
