4142 6278
216 291 321 348 697

1318 289 1753 348 MARTYRIUM
1798 290 1856 346 S.
1897 289 2178 349 NICET/E
2218 297 2452 357 GOTHI.

3472 301 3578 361 698

213 418 374 479 αὐτὸς
432 418 712 491 βεϐληκὼς,
767 421 1012 496 αὐτόχειρ
1073 425 1270 492 γίνεται
1352 425 1441 469 τοῦ
1500 420 1813 489 θηράματος.

1935 425 2066 474 rant
2095 422 2379 494 reliquias,
2412 427 2674 497 leporem
2712 447 2853 485 arcu
2898 432 3133 497 feriens,
3168 431 3432 501 praedam
3465 448 3573 487 sua

212 504 346 559 Εἶτα
409 515 496 560 καὶ
548 509 676 562 ἄλλα
724 519 820 561 τῶν
898 515 1038 574 ζώνην
1093 511 1368 571 θηρεύσας,
1422 506 1669 570 ἐπάνεισι,
1731 512 1820 559 καὶ

208 597 348 667 ὁρῶν
421 595 492 649 δι’
558 598 751 670 ὀνείρου
815 603 898 650 τόν
978 602 1222 671 μάρτυρα
1299 600 1703 665 προτρεπόμενον
1771 595 1817 645 ἐν

205 693 286 754 τῷ
346 691 482 758 τόπῳ
541 690 673 759 ᾧπερ
721 692 875 759 ἔτυχε
932 691 1017 738 τὸν
1089 686 1258 754 λαγὼν
1309 685 1561 755 θηράσας,
1624 689 1816 741 σκηνὴν

203 778 349 846 πρὸς
403 779 607 834 οἴκησιν
656 777 946 840 πήξασθαι,
980 775 1187 827 κάκεῖσε
1241 769 1498 844 διαμένειν
1552 773 1605 824 ἐκ
1649 778 1816 843 γειτό-

202 882 315 914 νων
362 865 521 934 αὐτῷ.
552 873 653 917 Τοῦ
710 863 768 916 δὲ
814 868 996 916 θᾶττον
1045 868 1103 916 τὸ
1150 861 1548 936 διατεταγμένον
1593 863 1813 916 ἀνύσαν-

201 971 322 1018 τος,
383 957 510 1025 μετά
563 975 704 1016 τινας
753 960 977 1024 χρόνους
1022 953 1384 1026 ἐμφανέστερον
1428 955 1453 1004 ό
1511 955 1815 1028 ἱερομάρτυς

203 1040 520 1113 ἐφίσταται,
553 1048 641 1094 καὶ
691 1046 836 1104 ὅστις
866 1046 942 1100 εἴη
995 1039 1259 1112 διδάσκει,
1295 1047 1382 1094 καὶ
1422 1046 1500 1094 ὅτι
1547 1053 1641 1105 τῆς
1682 1064 1811 1102 σκη-

203 1139 317 1190 νῆς
375 1130 530 1181 αὐτοῦ
577 1133 799 1182 κάτωθεν
857 1135 913 1182 τὸ
969 1134 1098 1205 ἱερὸν
1155 1132 1342 1184 ἐκείνου
1400 1135 1815 1204 τεθησαυρίσθαι

205 1216 481 1286 λείψανον.
535 1217 593 1270 Ὀ
644 1216 701 1270 δὲ
752 1226 1094 1293 στρατιώτης,
1149 1221 1242 1272 οὐκ
1291 1218 1563 1272 ἀκίνδυνον
1611 1225 1810 1291 ἡγησά-

203 1323 368 1374 μενος
444 1315 542 1356 τῶν
613 1309 778 1359 θεόθεν
835 1308 974 1376 αὐτῴ
1043 1311 1367 1379 μηνυθέντων
1418 1314 1512 1366 τὴν
1590 1315 1810 1375 σιωπὴν,

207 1389 362 1451 δῆλα
408 1403 573 1446 ταῦτα
641 1405 711 1466 τῷ
788 1396 1118 1469 βασιλεύοντι
1174 1401 1422 1468 καθιστᾲ.
1478 1399 1815 1459 Ἀναστάσιος

205 1478 280 1533 δὲ
330 1482 474 1542 οὗτος
522 1480 602 1549 ἧν,
636 1484 690 1545 ὃς
737 1485 959 1538 εὐσεϐεῖν
1007 1490 1095 1558 μὲν
1135 1489 1374 1560 καθαρῶς
1419 1487 1512 1538 οὐκ
1561 1486 1811 1549 ἐϐούλετο,

205 1573 286 1622 τὰ
336 1567 394 1622 δὲ
443 1580 539 1622 τῶν
594 1572 813 1624 εὐσεϐῶν
871 1575 1116 1637 πολλάκις
1166 1577 1576 1649 ὑποκρινόμενος,
1625 1581 1717 1634 τὴν
1762 1576 1816 1638 ἐξ

205 1658 500 1733 ἀνθρώπων
580 1665 772 1714 εὔνοιαν

872 1663 1113 1736 ἐθηρᾶτο.
1197 1669 1282 1717 Διὸ
1368 1666 1814 1726 κατασκευάζεται

1930 525 2114 565 manu
2137 513 2367 568 occidit.
2400 517 2617 572 Deinde
2645 536 2780 574 cum
2810 521 2984 575 etiam
3016 521 3128 575 alia
3158 527 3402 576 venatus
3422 526 3575 576 esset

1930 600 2234 665 animalia,
2267 609 2588 671 revertitur,
2625 615 2678 662 et
2711 608 2770 662 in
2805 611 3031 664 somnis
3061 610 3220 664 videt
3251 615 3569 679 martyrem

1929 687 1978 741 ei
1997 690 2452 760 praecipientem,
2475 700 2535 748 ut
2557 696 2611 749 in
2634 697 2762 751 loco
2789 698 2843 751 in
2868 715 2988 770 quo
3010 703 3131 752 erat
3153 697 3574 769 venatuslepo-

1927 790 2070 844 rem,
2104 780 2557 839 tabernaculum
2586 784 2788 852 ﬁgeret
2812 787 2886 840 ad
2911 785 3324 847 habitandum,
3350 791 3405 838 et
3436 801 3572 855 per-

1930 874 2193 922 maneret
2223 869 2334 924 illic
2365 872 2414 926 ei
2446 874 2692 928 vicinus.
2736 872 2883 928 Cum
2936 873 2984 927 is
3012 878 3209 928 autem
3243 874 3357 927 cito
3389 873 3576 944 perfe-

1925 954 2102 1009 cisset
2131 956 2209 1020 id,
2240 960 2618 1030 quodjussus
2649 962 2855 1024 fuerat,
2889 968 3020 1034 post
3053 962 3274 1032 aliquot
3307 977 3498 1016 annos
3521 962 3574 1016 ei

1928 1047 2150 1114 martyr
2179 1054 2426 1115 apparet
2455 1051 2799 1114 evidentius,
2843 1055 2900 1104 et
2929 1052 3119 1114 docet,
3153 1050 3430 1120 quisnam
3475 1051 3570 1114 sit,

1925 1137 1976 1183 et
2003 1133 2162 1201 quod
2192 1134 2302 1187 sub
2333 1134 2490 1189 illius
2527 1139 2906 1193 tabernaculo
2939 1138 3188 1192 conditae
3220 1143 3359 1192 sunt
3386 1153 3570 1193 sacrae

1925 1234 2045 1272 suae
2073 1221 2354 1290 reliquiae.
2385 1224 2540 1276 Miles
2572 1240 2710 1278 vero
2743 1242 2854 1279 non
2873 1242 3003 1279 esse
3028 1241 3063 1279 a
3092 1225 3353 1296 periculo
3387 1241 3572 1279 remo-

1927 1310 2046 1360 tum
2083 1309 2394 1363 arbitratus
2439 1327 2665 1373 eorum,
2706 1329 2837 1384 quae
2886 1313 2994 1368 sibi
3049 1313 3330 1368 divinitus
3357 1313 3576 1380 signiﬁ-

1927 1402 2059 1451 cata
2087 1397 2334 1462 fuerant,
2372 1398 2687 1465 silentium,
2729 1402 2855 1457 haec
2885 1403 3076 1472 aperit
3107 1402 3447 1474 imperatori
3477 1418 3489 1467 ;
3524 1402 3572 1456 is

1925 1493 2124 1542 autem
2154 1490 2278 1540 erat
2331 1490 2693 1553 Anastasius,
2729 1491 2829 1562 qui
2870 1491 3110 1547 nolebat
3147 1492 3386 1563 quidem
3427 1507 3570 1562 pure

1926 1591 1993 1630 ac
2022 1576 2245 1630 sincere
2284 1593 2410 1649 esse
2450 1578 2583 1648 pius
2615 1595 2629 1642 ;
2660 1579 2935 1649 pietatem
2969 1585 3168 1635 autem
3210 1596 3367 1651 saepe
3395 1579 3575 1634 simu-

1924 1664 2074 1727 lans,
2103 1665 2383 1735 captabat
2403 1665 2715 1722 hominum
2743 1668 3243 1724 benevolentiam.
3274 1667 3573 1733 Quamob-

202 1751 309 1820 μὲν
361 1749 484 1822 παρ’
545 1752 736 1803 ἐκείνου
795 1754 820 1803 ὁ
886 1761 972 1804 νῦν
1031 1754 1262 1816 έστηκὼς
1314 1756 1582 1826 εὐκτήριος
1640 1753 1809 1815 οἶκοςο

1926 1769 2048 1807 rem
2099 1753 2175 1807 ab
2228 1753 2326 1807 illo
2358 1754 2589 1825 quidem
2633 1758 3014 1822 construitur,
3065 1774 3198 1828 quae
3250 1772 3410 1810 nunc
3462 1760 3570 1819 est,

206 1837 568 1908 ἔγκαινίζεται
618 1837 677 1892 δὲ
722 1844 861 1912 παρὰ
908 1852 998 1894 τοῦ
1043 1844 1152 1916 μετ’
1202 1844 1356 1896 αὐτόν
1404 1850 1496 1903 τήν
1542 1844 1814 1914 βασιλείαν

209 1926 501 1989 ἰθύνοντος,
554 1930 838 1983 Ἰουστίνου
908 1928 974 1990 δὴ
1053 1941 1144 1985 τοῦ
1197 1933 1562 2006 φιλευσεϐοῦς·
1617 1935 1671 1995 ὃς
1724 1941 1813 1987 καὶ

205 2015 382 2068 εἰσαεὶ
441 2014 689 2089 διαμένει,
749 2019 944 2072 πολλῶν
997 2020 1282 2097 ἀνθρώποις
1331 2032 1500 2074 κακῶν
1558 2023 1814 2094 ἐλευθερία

202 2108 497 2175 γινόμενος.
553 2107 634 2159 Ἐν
686 2111 892 2170 τούτοις
937 2113 1025 2181 μὲν
1079 2108 1166 2163 οὖν
1209 2114 1275 2163 τὰ
1324 2115 1460 2164 κατὰ
1511 2116 1596 2163 τὸν
1653 2117 1813 2184 μέγαν

208 2193 509 2266 Αὐτόνομον
538 2191 864 2268 διηγήματα.

307 2274 400 2346 ς’.
434 2284 569 2354 Ἐγὼ
601 2280 677 2347 δέ,
711 2295 930 2338 νικῶντα
970 2291 1054 2339 τὸν
1104 2287 1331 2346 ἀθλητὴν
1362 2291 1490 2362 ὁρῶν
1538 2294 1630 2348 τὴν
1661 2292 1815 2361 φύσιν

204 2376 306 2424 καὶ
359 2376 486 2442 μετὰ
545 2375 760 2427 θάνατον
826 2376 951 2448 πρὸς
1010 2373 1312 2449 δοξολογίαν
1365 2385 1490 2432 Θεοῦ
1545 2376 1814 2431 διανίστα-

205 2482 335 2533 μαι.
395 2461 676 2515 Ἐπιϐαλὼν
728 2467 826 2537 γὰρ
885 2471 999 2519 τότε
1051 2470 1144 2528 τὰς
1201 2467 1343 2538 ἅψεις
1398 2477 1469 2538 τῷ
1519 2471 1663 2540 τάφῳ
1724 2475 1815 2520 τοῦ

206 2552 497 2622 μάρτυρος,
533 2556 590 2603 τὸ
643 2554 773 2626 ἱερὸν
827 2555 984 2606 αὐτοῦ
1042 2566 1232 2619 σκῆνος
1275 2556 1586 2630 ἐθεασάμην,
1621 2562 1710 2609 καὶ
1754 2553 1814 2614 ἦν

209 2639 477 2697 ἀήττητον
507 2641 606 2692 ὐπό
655 2661 714 2712 ’γε
765 2651 859 2705 τῆς
905 2644 1095 2716 ἰσχύος
1124 2655 1214 2698 τοῦ
1249 2649 1465 2700 θανάτου
1496 2654 1774 2720 μεμενηκός
1798 2663 1810 2676 ·

208 2734 237 2779 ό
297 2732 397 2799 γὰρ
473 2735 645 2780 πᾶσαν
703 2739 792 2782 τού
865 2732 999 2791 ζώου
1052 2740 1143 2792 τὴν
1221 2737 1483 2806 σύμπηξιν
1551 2743 1812 2812 τριημέρῳ

210 2813 551 2887 διαστήματι
579 2817 712 2869 λύειν
745 2819 924 2888 αὐχῶν
973 2824 1135 2872 ἔτεσιν
1167 2820 1274 2880 ἤδη
1311 2821 1606 2886 διακοσίοις
1647 2833 1813 2899 τρίχα

209 2913 310 2957 τοῦ
352 2908 586 2976 γενναίου
633 2903 932 2976 διαφθεῖραι
976 2909 1070 2958 οὐκ
1099 2913 1344 2979 ἴσχυσεν·
1381 2911 1489 2962 ἀλλ’
1519 2915 1549 2970 ἣ
1581 2933 1634 2965 τε
1675 2921 1810 2984 κόμη

210 3002 315 3053 τῆς
363 2991 582 3063 κεφαλῆς
626 2989 857 3064 δαψιλὴς
900 3000 988 3046 καὶ
1037 2995 1342 3068 ἀλύμαντος,
1375 3001 1400 3050 ὅ
1447 3019 1500 3051 τε
1546 3010 1640 3062 τῆς
1687 3021 1811 3073 μορ·

1925 1844 2080 1897 aedes
2111 1843 2366 1897 oratoria
2401 1861 2413 1908 ;
2455 1843 2767 1898 dedicatur
2797 1852 2995 1900 autem
3053 1847 3128 1901 ab
3182 1860 3270 1907 eo,
3306 1844 3401 1914 qui
3439 1848 3571 1914 post

1923 1933 2116 2002 ipsum
2167 1931 2389 1986 obtinet
2444 1931 2780 2003 imperium,
2841 1933 2960 2004 pio,
3003 1935 3271 2006 inquam,
3316 1933 3570 1987 Justino.

1922 2021 2061 2088 Quae
2095 2037 2254 2074 nunc
2292 2036 2534 2092 quoque
2587 2029 2914 2092 permanet,
2971 2029 3026 2077 et
3067 2023 3127 2076 in
3158 2039 3227 2077 ea
3254 2022 3571 2076 liberantur

1921 2109 2187 2166 homines
2218 2125 2253 2163 a
2285 2110 2487 2163 multis
2519 2110 2712 2166 malis.
2748 2116 2932 2182 Atque
2963 2112 3090 2166 haec
3117 2111 3360 2182 quidem
3410 2113 3567 2173 sunt,

1922 2216 2056 2271 quae
2087 2199 2160 2253 de
2189 2213 2410 2267 magno
2441 2205 2759 2254 narrantur
2788 2201 3146 2255 Autonomo.

1993 2290 2082 2344 Vl.
2117 2290 2233 2357 Ego
2265 2291 2460 2342 autem
2491 2287 2698 2341 videns
2729 2287 3006 2342 athletam
3038 2288 3214 2341 etiam
3252 2290 3388 2356 post
3420 2299 3574 2339 mor-

1926 2383 2039 2432 tem
2073 2378 2407 2431 vincentem
2449 2381 2738 2444 naturam,
2789 2391 3043 2444 exsurgo
3074 2375 3149 2429 ad
3181 2376 3352 2428 Deum
3394 2372 3568 2440 glori-

1923 2466 2250 2521 ﬁcandum.
2305 2464 2578 2534 Injiciens
2628 2466 2780 2519 enim
2816 2463 3140 2535 aliquando
3169 2461 3373 2518 oculos
3400 2460 3459 2514 in
3487 2476 3570 2515 se-

1922 2554 2199 2624 pulcrum
2221 2555 2517 2624 martyris,
2535 2555 2739 2624 aspexi
2763 2568 2957 2607 sacras
2979 2552 3104 2622 ejus
3118 2551 3416 2622 reliquias,
3441 2564 3566 2620 qum

1923 2644 2153 2698 invictis
2190 2648 2535 2697 manserant
2584 2658 2619 2696 a
2674 2640 2876 2696 mortis
2939 2641 3182 2695 viribus.
3232 2641 3374 2704 Quae
3406 2638 3565 2692 enim

1922 2731 2257 2786 universam
2277 2730 2553 2786 animalis
2566 2728 3060 2801 compositionem
3077 2744 3138 2782 se
3151 2729 3324 2782 trium
3340 2726 3572 2780 dierum

1922 2821 2112 2889 spatio
2143 2819 2428 2887 gloriatur
2457 2819 2902 2880 dissoluturam,
2933 2816 3058 2886 jam
3087 2817 3357 2871 ducentis
3396 2814 3572 2869 annis

1921 2923 2040 2961 non
2072 2906 2252 2960 valuit
2282 2907 2548 2976 praeclari
2592 2907 2748 2961 illius
2801 2905 2909 2960 viri
2954 2903 3040 2959 vel
3090 2905 3274 2975 pilum
3306 2919 3571 2958 corrum-

1920 3009 2060 3063 pere
2105 3009 2118 3046 ε
2154 2993 2261 3046 sed
2311 3000 2364 3048 et
2404 3010 2578 3049 coma
2625 2993 2834 3065 capitis
2864 2997 2950 3048 est
2973 2992 3160 3047 densa
3199 2997 3253 3046 et
3293 2990 3486 3055 illaesa,
3521 2993 3576 3045 et

212 3088 322 3152 φῆς
379 3085 658 3154 χαρακτὴρ
735 3088 1062 3145 συνεστηκὼς
1118 3091 1206 3137 καὶ⁵
1279 3085 1540 3150 ἀλώϐητος
1594 3098 1655 3162 τῇ
1719 3098 1813 3152 τῆς

1926 3080 2130 3135 formas
2177 3081 2481 3135 character
2531 3083 2799 3136 consistit
2829 3082 3073 3149 integer,
3129 3078 3277 3152 pelle
3309 3079 3486 3133 ﬁrma
3516 3083 3572 3134 et

214 3167 385 3242 δορᾶς
414 3170 634 3242 εὐτονίᾳ,
686 3168 824 3242 μηδὲ
871 3175 962 3234 τὰς
1011 3183 1103 3236 τῆς
1151 3176 1350 3238 ὑπήνης
1398 3185 1589 3251 τρίχας
1623 3179 1813 3233 ἀποϐα-

210 3259 336 3311 λώνο
391 3258 580 3331 ἀνέῳγε
637 3257 695 3312 δε
752 3261 891 3332 αὐτῷ
938 3268 1027 3315 καὶ
1078 3265 1102 3315 ὁ
1159 3274 1257 3316 τῶν
1306 3266 1546 3339 ὀμμάτων
1604 3271 1810 3334 κύκλος.

213 3349 293 3400 Δι’
352 3348 418 3398 ὧν
471 3351 584 3420 ἐμοὶ
645 3346 816 3402 δοκεῖν
874 3356 961 3403 καὶ
1017 3354 1258 3424 θεώμενος
1319 3353 1465 3409 αἰδοῖ
1509 3368 1601 3411 τοῦ
1655 3365 1813 3432 νόμου

212 3445 315 3499 τῆς
363 3438 613 3503 τελευτῆς,
661 3443 754 3497 τὴν
801 3445 1001 3498 σιωπὴν
1050 3451 1326 3515 προτιμᾷν.
1357 3453 1579 3506 Ἕστηκε
1624 3446 1682 3501 δὲ
1728 3454 1816 3502 καὶ

213 3529 242 3580 ὁ
297 3532 394 3586 πᾶς
445 3534 530 3578 τοῦ
582 3533 823 3600 σώματος
870 3533 1058 3590 τύπος’
1093 3537 1185 3590 τὴν
1228 3531 1368 3586 ἰδίαν
1419 3547 1680 3609 συντηρῶν
1729 3539 1818 3612 ἀρ.

211 3621 420 3689 μονίαν,
481 3622 569 3669 καὶ
618 3621 734 3670 οὔτε
785 3627 878 3680 τῆς
927 3621 1145 3692 κεφαλῆς
1203 3621 1431 3687 οὐδολως
1485 3626 1815 3702 ἀποὸῥαγεὶς,

213 3707 336 3757 οὔτε
394 3714 492 3756 τῶν
547 3705 735 3758 λοιπῶν
784 3713 976 3780 μορίων
1025 3713 1116 3766 τὴν
1166 3707 1449 3764 διάστασιν
1497 3717 1813 3788 ὑπομείνας⁸

213 3793 356 3846 οὕτω
405 3796 504 3866 γὰρ
559 3795 584 3844 ὁ
636 3793 1002 3870 μεγαλόδωρος
1060 3801 1245 3870 Κύριος
1301 3799 1657 3866 ἀντιδοξάζειν
1705 3804 1817 3860 οἶδε

213 3886 343 3944 τοὺς
398 3882 605 3945 οἰκείοις
659 3884 812 3936 αὐτὸν
870 3887 1045 3957 μέλεσι
1117 3885 1342 3952 δοξάσαι
1410 3894 1811 3966 προελομένους·

214 3974 302 4024 ὅτι
331 3971 472 4042 αὐτῷ
521 3977 700 4046 πρέπει
747 3981 893 4026 πᾶσα
944 3973 1092 4041 δόξα,
1127 3983 1249 4050 τιμὴ
1293 3985 1381 4033 καὶ
1434 3988 1809 4056 προσκύνησις,

212 4067 308 4112 νῦν
338 4065 426 4112 καὶ
458 4059 556 4128 ἀεὶ,
587 4068 677 4114 καὶ
711 4063 782 4125 εἰς
812 4069 933 4126 τοὺς
958 4065 1168 4127 αἰῶνας,
1204 4068 1386 4140 Ἀμήν.

221 4314 247 4330 μ’
254 4309 697 4336 και-,τιεω

533 4456 793 4594 DE
915 4453 1659 4600 SANCTO
1773 4461 2473 4602 NICETA
2589 4455 3262 4600 GOTHO

1923 3169 2174 3231 intensa,
2230 3183 2304 3221 ne
2334 3168 2567 3221 amissis
2605 3169 2848 3239 quidem
2881 3169 3010 3240 pilis
3041 3168 3190 3223 labri
3225 3166 3565 3238 superioris.

1923 3260 1987 3313 Et
2026 3261 2226 3311 autem
2257 3256 2307 3310 ei
2361 3255 2516 3310 orbis
2554 3271 2795 3326 quoque
2834 3261 3071 3324 apertus
3103 3257 3434 3310 oculorum.
3473 3258 3573 3309 Per

1924 3361 2076 3418 quos
2102 3343 2349 3398 intuenti
2390 3343 2532 3397 mihi
2566 3343 2898 3403 videbatur,
2931 3342 3094 3413 quod
3123 3341 3312 3410 legem
3342 3346 3570 3395 tantum

1928 3434 2131 3491 mortis
2173 3435 2294 3505 ipse
2337 3431 2644 3495 reveritus,
2707 3431 3000 3486 silentium
3062 3429 3389 3484 simularet.
3452 3431 3574 3485 Stat

1926 3531 2124 3581 autem
2154 3522 2426 3577 universa
2445 3537 2686 3593 quoque
2726 3520 2917 3589 ﬁgura
2943 3518 3072 3588 ejus
3103 3517 3369 3588 corporis
3397 3533 3570 3573 suam

1927 3627 2286 3668 conservans
2316 3625 2692 3682 compagem,
2726 3613 2782 3664 et
2809 3624 2914 3663 nec
2942 3609 3072 3681 ejus
3093 3607 3302 3678 capitis
3329 3612 3570 3678 ruptum
3659 3625 3662 3628 θ

1927 3708 2014 3757 est
2034 3700 2278 3773 aliquid,
2311 3715 2419 3755 nec
2445 3699 2806 3770 reliquarum
2831 3697 3096 3769 corporis
3129 3695 3389 3767 partium
3420 3694 3573 3750 facta

1925 3796 2014 3847 est
2043 3791 2160 3846 ulla
2181 3807 2216 3846 a
2237 3806 2296 3844 se
2319 3790 2572 3844 invicem
2587 3787 2924 3858 disjunctio.
2951 3786 3044 3841 Sic
3069 3786 3227 3840 enim
3252 3782 3574 3839 muniﬁcus

1926 3882 2214 3937 Dominus
2261 3879 2366 3934 scit
2414 3877 2669 3932 vicissim
2717 3876 3048 3944 gloriﬁcare
3109 3890 3227 3940 eos,
3298 3873 3400 3944 qui
3452 3872 3573 3927 suis

1927 3970 2212 4026 membris
2237 3968 2552 4024 voluerunt
2573 3982 2708 4020 eum
2737 3965 3063 4036 gloriﬁcare
3089 3980 3101 4018 :
3126 3963 3412 4034 quoniam
3436 3977 3574 4016 eum

1926 4061 2094 4114 decet
2120 4058 2324 4126 gloria,
2370 4057 2564 4111 honor
2611 4060 2666 4110 et
2693 4053 2986 4116 adoratio,
3043 4068 3202 4106 nunc
3232 4057 3288 4106 et
3317 4066 3573 4122 semper,

1927 4154 1983 4202 et
2011 4149 2070 4200 in
2098 4145 2344 4199 saeccula
2389 4146 2596 4197 Amen.

1263 4716 1586 4772 MARTYRE
1626 4719 1694 4773 IN
1736 4718 1966 4774 GOTHA
2006 4719 2232 4774 ULTBA
2273 4717 2545 4773 ISTRUM.

1274 4893 1425 4956 (Acta
1453 4893 1540 4944 SS.
1569 4895 1698 4944 Boll.
1730 4894 1796 4944 ad
1827 4894 1970 4945 diem
1998 4896 2057 4944 15
2082 4893 2245 4958 Sept.,
2271 4897 2402 4944 tom.
2430 4893 2516 4956 V.)

381 5053 656 5117 Celebris
688 5058 885 5116 sancti
918 5060 1120 5119 cultus
1146 5078 1158 5118 :
1186 5062 1359 5121 locus
1387 5068 1445 5122 et
1474 5069 1722 5142 tempus
1757 5064 2046 5142 martyrii
2083 5064 2503 5139 investigatur
2533 5082 2546 5122 :
2582 5061 2881 5120 nonnulla
2910 5059 2984 5118 de
3011 5056 3417 5117 conversione

1163 5142 1508 5202 Gothorum
1541 5145 1873 5205 observata
1900 5163 1912 5202 :
1951 5146 2107 5204 Acta
2137 5143 2352 5204 Graaca
2383 5143 2643 5202 edenda.

291 5469 331 5520 1.
362 5464 617 5522 Celebris
649 5463 978 5519 admodum
1008 5469 1095 5520 est
1113 5465 1290 5520 hodie
1316 5465 1476 5536 apud
1501 5468 1730 5522 Graecos
1756 5472 1810 5524 et
1841 5473 1887 5528 D
1919 5468 2110 5531 Gothi,
2144 5469 2217 5524 de
2250 5484 2368 5540 quo
2413 5468 2701 5523 Baronius
2742 5468 2803 5523 in
2853 5467 3267 5540 Martyrologio
3307 5469 3575 5526 Romano

219 5554 492 5614 Moschus
524 5554 716 5612 cultus
761 5554 951 5612 sancti
995 5555 1204 5612 Nicetw
1247 5556 1525 5631 martyris
1572 5556 1810 5612 natione

1919 5557 2001 5618 ita
2045 5557 2312 5614 meminit
2369 5579 2380 5610 :
2443 5558 2667 5621 Eodem
2727 5558 2822 5614 die
2872 5557 3064 5615 sancti
3116 5558 3326 5616 Nicetae
3379 5559 3550 5615 Gothi
