4142 6278
518 338 622 395 699

1854 332 2116 391 MENSlS
2156 328 2607 390 SEPTEMBER.

3836 320 3967 380 700

524 464 626 537 qui
661 464 738 519 ab
770 463 1125 519 Athanarico
1171 476 1307 530 rege
1337 460 1415 516 ob
1441 460 1796 517 catholicam
1837 461 2018 516 ﬁdem
2054 461 2175 531 jus—
2208 456 2254 509 A
2284 461 2641 531 impressum
2683 463 2771 511 est
2813 455 2875 510 in
2935 452 3227 509 Thesauro
3278 452 3721 522 Antiquitatum
3758 450 3962 506 Italiw

527 570 628 608 sus
650 558 736 608 est
767 553 900 621 igne
932 552 1222 606 comburi.
1256 571 1279 601 υ
1307 553 1503 604 Petrus
1525 550 1597 604 de
1631 549 1952 615 Natalibus,
1985 550 2085 604 lib.
2119 565 2170 611 v,

524 658 655 711 cap.
686 644 738 710 4,
782 640 1040 709 elogium
1086 641 1385 694 contexuit
1431 655 1499 693 ex
1550 639 1703 693 Actis
1737 638 1887 693 infra
1937 636 2170 701 dandis,

526 730 629 784 sed
661 744 776 783 non
807 730 930 782 sine
961 728 1262 783 erroribus
1290 728 1537 798 aliquot,
1565 734 1934 797 mortemque
1962 724 2168 791 sancti,

524 833 695 888 quem
730 816 990 870 Nicetum
1022 821 1209 878 vocat,
1238 816 1365 870 ﬁxit
1392 820 1457 871 25
1489 816 1645 869 Maii.
1670 815 1811 868 Hinc
1843 813 2085 877 factum,
2113 816 2176 866 ut

525 905 824 959 Grevenus
867 906 1081 974 :tl‘ique
1120 905 1289 974 pauci
1343 903 1724 974 martyrologi
1757 904 2043 971 Nicetum,
2073 906 2174 955 aut

526 993 723 1063 potius
756 993 1036 1055 Nicetam,
1071 994 1146 1046 ad
1179 996 1245 1045 ‘25
1275 993 1399 1047 Maii
1428 992 1549 1045 suis
1588 992 1771 1046 Fastis
1801 989 2170 1045 inseruerint.

526 1080 636 1133 Alii
690 1086 890 1135 tamen
930 1080 1107 1134 Latini
1152 1096 1285 1134 cum
1338 1080 1567 1135 Molano
1608 1085 1880 1135 sanctum
1911 1081 2173 1134 Nicetam

526 1168 703 1223 hodie
738 1168 1552 1240 memorarunt.Antiquiores
1576 1168 1961 1240 martyrologi
1988 1168 2174 1222 Latini

527 1261 800 1311 sanctum
833 1258 993 1312 hunc
1013 1258 1363 1326 ignorarunt
1397 1276 1409 1311 :
1441 1259 1544 1313 sed
1573 1259 1752 1313 Graeci
1787 1273 2005 1325 magno
2036 1272 2174 1311 con-

528 1362 725 1411 sensu,
785 1353 839 1402 et
868 1364 997 1401 cum
1045 1346 1133 1401 his
1161 1346 1371 1401 Moschi
1404 1353 1676 1402 sanctum
1712 1348 1969 1402 Nicetam
1998 1345 2174 1401 hodie

526 1435 849 1498 celebrant,
884 1440 945 1488 ut
971 1449 1259 1503 magnum
1290 1440 1627 1505 martyrem,
1660 1434 1732 1489 de
1762 1450 1879 1506 quo
1914 1433 2173 1488 ofﬁcium

525 1522 991 1578 ecclesiasticum
1016 1523 1225 1578 eodem
1257 1522 1351 1577 die
1383 1523 1781 1593 peragendum
1804 1524 1856 1577 in
1884 1523 2049 1577 libris
2076 1537 2176 1576 eo-

526 1625 658 1664 rum
676 1610 991 1665 ritualibus
1007 1610 1421 1681 praascribitur.
1438 1612 1499 1665 In
1530 1611 1852 1681 Menologio
1870 1610 2175 1666 Sirletiano

526 1698 637 1752 hoc
663 1700 850 1753 sancti
880 1701 1089 1754 Nicetes
1111 1700 1287 1754 datur
1303 1699 1559 1767 elogium
1588 1716 1599 1753 :
1626 1718 1657 1753 ‹
1677 1700 2175 1755 Commemoratio

2286 555 2428 604 tom.
2464 565 2517 611 v,
2554 550 2702 617 part.
2732 562 2789 598 ιι.
2838 544 2899 597 In
2956 541 3055 597 illo
3097 542 3255 595 enim
3296 546 3580 595 tractatur
3613 539 3688 594 de
3721 540 3955 611 templo

2286 640 2341 693 S.
2411 635 2648 699 Nicolai,
2705 632 2987 705 parochia
3044 631 3531 701 presbyterorum
3583 630 3643 684 in
3700 630 3951 699 regione

2283 725 2448 779 Dorsi
2488 723 2641 787 duri,
2693 729 2870 793 atque
2902 720 2961 774 in
3008 718 3125 774 ﬁne
3179 718 3436 773 dicitur:
3474 717 3571 772 Hic
3628 718 3813 773 sancti
3857 718 3950 773 Ni-

2283 821 2423 869 cetas
2455 828 2668 883 corpus
2699 810 2945 879 aliaeque
2968 812 3309 862 sanctorum
3336 806 3593 878 reliquias
3627 806 3945 861 habentur.

2355 906 2439 959 IV.
2470 901 2640 968 Quod
2676 903 2902 970 spectat
2947 897 3023 951 ad
3068 901 3321 968 tempus,
3352 911 3473 967 quo
3507 900 3750 949 sanctus
3778 894 3948 951 Nice-

2285 998 2372 1048 tas
2393 990 2672 1062 martyrio
2687 992 3004 1043 coronatus
3020 985 3277 1049 est,illud
3296 989 3621 1056 utcumque
3645 984 3936 1053 assignari

2284 1086 2478 1152 potest
2506 1096 2577 1134 ex
2627 1084 2913 1148 tempore,
2946 1090 3069 1147 quo
3107 1075 3429 1129 Gothorum
3465 1076 3731 1145 princeps
3756 1072 3935 1127 Atha-

2284 1170 2523 1225 naricus
2546 1165 3018 1238 persecutionem
3036 1165 3220 1218 movit
3242 1162 3317 1218 ad
3328 1178 3532 1217 versus
3551 1161 3933 1217 Christianos.

2288 1258 2365 1311 De
2404 1271 2727 1311 numerosa
2768 1254 3098 1308 Gothorum
3155 1257 3490 1323 martyrum
3536 1251 3724 1306 classe
3767 1249 3843 1304 ad
3872 1250 3941 1303 ﬁ

2285 1345 2468 1403 Martii
2522 1345 2639 1414 egit
2689 1342 3121 1415 Papebrochius
3186 1346 3389 1396 noster
3430 1340 3685 1395 breviter
3734 1338 3939 1393 admo-

2284 1435 2450 1490 dum.
2482 1434 2768 1489 Prolixius
2795 1438 2849 1487 et
2871 1430 3208 1487 accuratius
3226 1430 3300 1485 de
3326 1435 3529 1485 sancto
3550 1428 3713 1484 Saba
3726 1427 3939 1493 Gotho,

2285 1524 2344 1578 in
2374 1525 2583 1578 eadem
2612 1537 2854 1594 quoque
2884 1519 3292 1590 persecutione
3315 1534 3513 1591 passo,
3542 1516 3701 1572 idem
3725 1516 3845 1586 egit
3866 1514 3943 1571 ad

2288 1613 2354 1667 12
2392 1613 2621 1683 Aprilis,
2655 1627 2776 1683 quo
2820 1610 3051 1666 occisus
3082 1613 3170 1664 est
3218 1623 3377 1663 anno
3409 1610 3532 1663 372.
3564 1606 3783 1661 Eodem
3830 1605 3944 1659 for-

2288 1718 2395 1756 san
2431 1717 2611 1767 anno,
2640 1704 2793 1755 certe
2824 1715 2944 1754 non
2975 1697 3174 1752 multis
3201 1697 3375 1753 annis
3408 1696 3575 1751 citius
3616 1700 3719 1750 aut
3744 1696 3935 1749 serius

528 1786 715 1841 sancti
744 1788 1013 1858 martyris
1029 1789 1255 1850 Nicetes,
1285 1788 1512 1860 quisub
1538 1788 1788 1859 imperio
1806 1788 2175 1842 Constantini
2211 1803 2254 1858 Β
2288 1797 2603 1845 coronatus
2635 1796 2720 1844 est
2750 1794 2990 1844 sanctus
3029 1787 3274 1842 Nicetas.
3314 1788 3499 1841 Locus
3542 1784 3807 1855 martyrii
3836 1783 3944 1837 fuit

526 1876 715 1946 Magni
742 1883 939 1939 natus,
969 1881 1145 1947 atque
1178 1877 1462 1931 educatus
1487 1877 1543 1931 in
1577 1877 1814 1946 regione
1848 1877 2171 1932 Gothorum

528 1963 679 2019 ultra
712 1964 1072 2029 Danubium,
1090 1980 1207 2019 non
1222 1966 1709 2020 communicabat
1728 1981 1863 2021 cum
1885 1964 2171 2033 Barbarie,

530 2053 637 2107 sed
660 2070 795 2108 cum
820 2054 959 2107 viris
980 2053 1089 2124 piis
1120 2056 1300 2108 Deum
1325 2054 1677 2119 colentibus,
1699 2055 1943 2109 edoctus
1968 2054 2174 2109 Christi

528 2141 706 2195 fidem
729 2158 763 2195 a
781 2142 1153 2196 sanctissimo
1179 2143 1458 2213 episc0po
1477 2143 1800 2197 Gothorum
1828 2143 2171 2213 Theophilo,

528 2245 659 2284 com
671 2231 999 2301 prehensus
1014 2231 1090 2284 ab
1110 2231 1431 2285 Athanasio
1451 2232 1603 2301 (lege
1618 2232 2002 2301 Athanarico)
2016 2232 2176 2301 prin-

528 2318 655 2389 cipe
713 2323 951 2389 propter
1005 2319 1353 2374 Christianze
1405 2319 1541 2374 ﬁdei
1621 2320 2076 2390 professionem,
2118 2324 2176 2374 et

528 2406 725 2461 multis
760 2407 1064 2461 tormentis
1087 2408 1400 2471 cruciatus,
1435 2408 1569 2477 igne
1600 2415 2004 2478 consumptus,
2039 2424 2176 2463 con-

528 2500 867 2550 summatus
913 2499 1078 2550 est.»
1116 2495 1460 2551 Consonant
1498 2500 1744 2553 omnino
1802 2500 2014 2553 Menzea
2066 2498 2172 2551 im-

526 2600 750 2655 pressa,
782 2584 881 2639 ubi
906 2601 1123 2639 nomen
1160 2586 1518 2649 Athanarici,
1544 2603 1651 2657 pro
1678 2603 1800 2657 quo
1816 2587 1911 2640 hic
1933 2587 2175 2641 mendo-

526 2688 586 2727 se
619 2672 972 2727 Athanasius
1004 2673 1233 2741 legitur,
1264 2679 1417 2728 recte
1449 2680 1537 2728 est
1563 2691 1938 2744 expressum.

597 2761 663 2815 Il.
699 2762 759 2813 in
818 2761 1141 2828 Menologio
1190 2762 1477 2816 Basiliano
1532 2765 1676 2817 Acta
1730 2764 1918 2817 sancti
1965 2763 2173 2819 Nicetaa

526 2850 881 2919 compendio
913 2858 1309 2918 exponuntur.
1344 2852 1487 2905 Nam
1523 2859 1656 2919 post
1686 2853 1840 2906 hanc
1863 2852 2176 2907 annuntia-

526 2937 763 3001 tionem,
787 2956 815 2987 «
831 2938 1138 2992 Certamen
1160 2939 1347 2994 sancti
1370 2940 1573 3009 magni
1596 2941 1871 3011 martyris
1895 2942 2127 3005 Nicetas,
2149 2964 2168 2991 ι

525 3026 789 3096 sequitur
818 3026 1073 3095 elogium
1104 3029 1183 3081 ita
1200 3034 1545 3100 conceptum
1571 3046 1627 3082 :«
1658 3030 1905 3095 Nicetas,
1936 3031 2174 3100 praecla-

525 3129 622 3205 rus
672 3112 878 3167 Christi
945 3121 1194 3205 martyr,
1247 3115 1354 3171 fuit
1406 3116 1731 3186 imperante
1791 3118 2173 3174 Constantino
2210 3150 2249 3205 ρ

524 3204 753 3270 Magno,
788 3218 999 3271 genere
1059 3204 1303 3269 Gothus,
1339 3205 1644 3261 nobilitate
1676 3222 1745 3261 ac
1776 3206 1993 3262 divitiis
2023 3210 2175 3263 inter

522 3290 843 3361 populares
874 3309 1014 3346 suos
1035 3292 1275 3356 ﬂorens,
1307 3310 1341 3347 a
1371 3294 1696 3365 Thcophilo
1727 3296 2171 3365 religiosissimo

524 3378 745 3433 Gothiae
776 3379 1060 3449 episcopo
1116 3380 1295 3435 ﬁdem
1346 3382 1609 3439 edoctus.
1658 3385 1798 3439 Cum
1852 3390 2049 3439 autem
2110 3387 2169 3440 in

523 3468 671 3521 duas
699 3466 979 3522 factiones
1020 3474 1141 3523 tota
1168 3470 1495 3525 Gothorum
1530 3488 1674 3539 gens
1708 3472 1894 3528 scissa
1949 3474 2169 3540 fuisset,

522 3560 699 3625 atque
732 3562 977 3627 utraque
1005 3574 1178 3611 suum
1213 3558 1322 3612 sibi
1359 3560 1682 3630 principem
1714 3568 1967 3616 creasset
1998 3579 2010 3627 ;
2040 3579 2173 3617 con-

523 3643 824 3713 fugitalter
843 3645 1176 3715 principum
1197 3645 1268 3700 ad
1289 3646 1693 3703 Romanorum
1711 3649 2167 3721 imperatorem:

523 3732 624 3802 qui
655 3748 789 3785 cum
806 3740 1081 3803 suscepta
1110 3736 1167 3787 in
1200 3738 1509 3791 contrariae
1543 3738 1814 3793 factionis
1850 3745 2171 3810 tyrannum

524 3820 911 3888 expeditione,
945 3820 1229 3890 insignem
1261 3839 1333 3878 ex
1363 3840 1432 3879 eo
1466 3830 1815 3894 reportasset
1842 3828 2167 3894 victoriam,

523 3906 861 3977 Gothosque
910 3908 1260 3976 subegisset,
1303 3926 1372 3965 ex
1414 3928 1482 3965 eo
1513 3917 1775 3983 tempore
1800 3929 1987 3983 genus
2015 3916 2172 3970 Chri-

522 3996 849 4049 stianorum
883 3996 1033 4049 inter
1063 3997 1280 4052 Gothos
1314 3999 1771 4071 multiplicatum
1806 4008 1912 4055 est.
1952 4006 2169 4059 Horum

522 4083 753 4154 primus
785 4090 1023 4139 sanctus
1054 4086 1277 4142 Nicetas
1292 4088 1417 4156 fuit,
1445 4088 1545 4159 qui
1574 4091 2172 4150 etsummalibertate

526 4171 913 4228 Christianam
942 4175 1122 4229 fidem
1172 4176 1395 4247 populo
1427 4179 1835 4234 annuntiabat.
1869 4179 1982 4235 Sed
2017 4188 2171 4252 post-

524 4276 707 4331 quam
751 4277 1018 4318 reversus
1051 4269 1137 4319 est
1175 4265 1518 4337 imperator,
1567 4268 1733 4323 Gothi
1768 4269 2032 4326 inﬁdeles
2087 4271 2173 4326 fu-

522 4364 651 4403 rore
687 4351 909 4419 perciti,
942 4359 1243 4409 commota
1273 4355 1328 4409 in
1346 4356 1704 4411 Christianos
1739 4361 2169 4427 persecutione,

524 4436 669 4491 alios
697 4440 934 4508 quidem
994 4442 1163 4496 aliter
1194 4449 1434 4507 torsere,
1479 4446 1739 4499 Nicetam
1787 4452 1984 4502 autem
2018 4451 2171 4503 mul-

2284 1881 2343 1935 in
2371 1878 2948 1945 ditioneGothorum,
2993 1876 3143 1932 ultra
3184 1876 3518 1931 Danubium
3561 1880 3697 1930 tunc
3721 1875 3940 1943 degen-

2286 1969 2454 2023 tium.
2477 1966 2681 2021 Nescio
2697 1982 2861 2030 sane,
2880 1980 3002 2037 quo
3036 1967 3342 2019 memorias
3370 1963 3543 2034 lapsu
3570 1961 3941 2017 Castellanus

2284 2059 2341 2113 in
2376 2054 2789 2127 Martyrologio
2824 2053 3139 2109 universali
3184 2054 3259 2108 ad
3289 2052 3643 2121 marginem,
3685 2056 3742 2106 et
3770 2052 3828 2105 in
3855 2051 3942 2105 in-

2284 2147 2433 2211 dice,
2465 2151 2667 2201 notare
2691 2145 2961 2215 potuerit,
2997 2158 3184 2215 prope
3212 2142 3630 2213 Mopsuestiam
3663 2142 3721 2195 in
3742 2140 3941 2195 Cilicia

2284 2237 2547 2292 occisum
2581 2250 2709 2289 esse
2740 2239 3031 2297 sanctum,
3087 2233 3199 2287 nisi
3230 2232 3448 2295 locum,
3484 2229 3559 2285 ad
3590 2245 3771 2302 quem
3813 2245 3940 2284 cor-

2285 2340 2398 2395 pus
2431 2323 2782 2378 translatum
2810 2325 2917 2387 est,
2955 2338 3089 2376 cum
3117 2320 3250 2376 loco
3283 2319 3551 2391 martyrii
3581 2317 3934 2375 confuderit.

2286 2412 2454 2468 Nulla
2494 2412 2650 2465 enim
2685 2416 2775 2463 est
2803 2411 2972 2473 ratio,
3016 2425 3120 2464 cur
3158 2408 3451 2473 dicamus,
3488 2407 3753 2462 occisum
3812 2422 3939 2462 esse

2289 2499 2571 2553 Sanctum
2605 2503 2767 2552 extra
2797 2497 3083 2552 ditionem
3115 2496 3457 2552 Athanarici
3487 2494 3819 2551 Gothorum
3853 2510 3936 2549 re-

2285 2588 2391 2657 gis,
2427 2603 2560 2656 quae
2601 2586 2897 2641 immenso
2954 2593 3240 2641 terrarum
3285 2584 3594 2640 intervallo
3654 2600 3689 2639 a
3741 2584 3940 2639 Cilicia

2285 2675 2560 2730 distabat.
2618 2675 2670 2730 Si
2714 2691 2890 2745 porro
2931 2675 3218 2729 ditionem
3260 2672 3602 2728 Athanarici
3657 2674 3936 2745 proprius

2285 2763 2581 2835 inquirere
2615 2763 2882 2828 velimus,
2922 2780 2992 2818 ex
3052 2762 3390 2826 Ammiano,
3451 2768 3621 2833 gesta
3679 2762 3939 2817 Valentis

2286 2852 2659 2924 imperatoris
2714 2859 2919 2907 contra
2990 2852 3414 2907 Athanaricum
3472 2851 3766 2914 referente,
3821 2850 3928 2904 lib.

2285 2957 2459 3003 xxvu,
2482 2957 2616 3012 cap.
2646 2946 2697 3005 5,
2729 2939 2899 2996 facile
2927 2940 3474 3013 deprehendemus,
3508 2938 3925 2995 Athanaricum

2284 3045 2354 3084 eo
2386 3036 2645 3101 tempore
2676 3030 3055 3085 dominatum
3078 3047 3206 3084 esse
3233 3030 3288 3085 in
3306 3030 3598 3084 hodierna
3630 3027 3933 3092 Moldavia,

2284 3135 2353 3173 ac
2385 3118 2532 3174 forte
2575 3119 2633 3173 in
2665 3118 2949 3173 Valachia
3007 3125 3059 3173 et
3109 3118 3479 3183 Bessarabia,
3537 3123 3639 3173 aut
3695 3120 3847 3172 certe
3880 3117 3939 3171 in

2285 3214 2447 3278 parte
2504 3207 2704 3278 aliqua
2742 3208 2978 3263 illarum
3022 3207 3467 3280 provinciarum
3501 3225 3513 3261 :
3549 3222 3739 3278 neque
3772 3207 3935 3262 enim

2285 3295 2581 3359 novimus,
2611 3312 2797 3366 quam
2829 3296 2942 3351 late
2970 3297 3310 3369 imperaret.

2354 3383 2417 3437 V.
2455 3384 2606 3438 Loca
2637 3384 2714 3438 ab
2744 3385 3059 3441 Ammiano
3092 3393 3442 3451 memorata,
3469 3386 3568 3440 ubi
3605 3385 3817 3441 Valens
3854 3387 3940 3440 Is-

2284 3476 2439 3527 trum
2473 3474 2667 3543 primo
2694 3473 2931 3528 ettertio
2952 3474 3107 3529 illius
3136 3474 3272 3529 belli
3304 3475 3723 3545 annotrajecit,
3756 3480 3816 3529 et
3840 3475 3944 3530 ubi

2282 3578 2443 3619 anno
2472 3564 2734 3618 secundo
2777 3565 3093 3620 transitum
3125 3564 3342 3621 frustra
3372 3563 3626 3627 tentavit,
3661 3572 3833 3619 erant
3871 3566 3935 3620 in

2282 3652 2481 3709 Moesia
2506 3652 2797 3718 inferiore,
2833 3653 3003 3709 dictis
3051 3654 3391 3726 provinciis,
3433 3652 3755 3724 praesertim
3796 3653 3933 3709 Mol-

2282 3743 2474 3799 daviaa
2505 3745 2800 3814 opposita,
2831 3744 3078 3815 soloque
3110 3745 3259 3800 lstro
3281 3748 3358 3800 ab
3389 3745 3454 3798 iis
3480 3743 3690 3798 divisa.
3724 3745 3940 3799 Marci-

2282 3832 2554 3902 anopolis
2579 3833 2853 3903 ejusdem
2900 3832 3220 3903 provincia;
3255 3833 3437 3898 urbis,
3470 3832 3529 3887 in
3569 3848 3692 3904 qua
3717 3832 3937 3888 Valens

2282 3919 2532 3974 hiberna
2570 3920 2853 3986 habebat,
2887 3936 2957 3975 ac
2988 3937 3105 3992 pax
3136 3921 3191 3976 in
3222 3922 3350 3992 ipso
3374 3924 3512 3976 lstro
3534 3921 3685 3976 inter
3717 3926 3937 3976 utrum-

2281 4022 2398 4077 que
2427 4006 2756 4078 principem
2798 4008 2964 4077 inita,
3000 4009 3267 4064 similiter
3291 4008 3638 4074 ostendunt,
3674 4010 3934 4066 Athana-

2282 4097 2381 4151 rici
2413 4096 2695 4152 ditionem
2727 4113 2762 4153 a
2791 4098 2995 4154 Maesia
3032 4099 3305 4154 inferiore
3339 4099 3469 4155 solo
3502 4099 3646 4154 Istro
3674 4100 3795 4154 sive
3819 4102 3931 4155 Da-

2282 4187 2466 4240 nubio
2516 4186 2876 4258 diremptam
2917 4188 3115 4243 fuisse.
3148 4193 3347 4260 Itaque
3377 4188 3779 4244 dubitandum
3811 4205 3931 4244 non

2282 4280 2385 4341 est,
2427 4274 2572 4345 quin
2614 4281 2855 4331 sanctus
2908 4277 3132 4333 Nicetas
3181 4294 3403 4349 passus
3435 4278 3508 4334 sit
3553 4277 3613 4332 in
3644 4278 3930 4333 hodierna

2283 4362 2587 4433 Moldavia,
2619 4364 2710 4419 vel
2738 4365 2871 4419 huic
2900 4367 3267 4422 contermina
3296 4366 3572 4422 Valachia
3602 4373 3703 4421 aut
3730 4366 3931 4422 Bessa-

2282 4451 2470 4507 rabia.
2516 4456 2661 4508 Nam
2693 4454 3158 4524 persecutionem
3187 4461 3393 4511 contra
3416 4455 3779 4512 Christianos
3802 4472 3930 4511 mo-

522 4525 821 4595 tiplicibus
858 4528 1164 4597 suppliciis
1209 4532 1607 4587 excruciatum
1634 4534 1754 4601 igni
1790 4536 2106 4591 tradidere.
2144 4560 2167 4589 n
2205 4510 2249 4563 Β
2285 4541 2363 4595 vit
2390 4510 2802 4606 Athanaricus,
2837 4543 3189 4614 priusquam
3226 4510 3396 4600 Gothi
3434 4510 3648 4600 lstrum
3680 4510 3930 4600 fuerunt

522 4616 815 4668 Hactenus
841 4615 1238 4684 Menolugium
1273 4618 1413 4671 satis
1440 4625 1608 4673 recte.

593 4705 681 4757 lll.
716 4704 788 4757 De
823 4704 1202 4759 translatione
1232 4706 1493 4777 corporis
1526 4709 1713 4763 sancti
1748 4710 1956 4767 Niceten
2002 4714 2171 4770 Gothi

520 4796 705 4859 agunt
736 4793 881 4848 Acta
909 4793 1161 4858 edenda,
1193 4794 1382 4865 iisque
1413 4797 1703 4851 consentit
1734 4800 1931 4853 Petrus
1965 4801 2037 4856 de
2066 4805 2171 4858 Na-

521 4880 881 4952 talibusjam
930 4882 1223 4937 laudatus.
1255 4882 1579 4955 Utrobique
1610 4885 1789 4941 etiam
1820 4887 2048 4959 legitur,
2078 4908 2173 4947 ec-

520 4968 757 5024 clesiam
795 4976 1001 5025 sancto
1046 4972 1399 5027 aediﬁcatam
1438 4988 1564 5028 esse
1596 4977 1964 5045 Mopsuestiae
1996 4980 2052 5034 in
2088 4981 2170 5035 Ci-

521 5055 673 5122 licia,
720 5075 836 5130 quo
866 5076 1097 5116 sacrum
1140 5078 1358 5131 corpus
1383 5067 1505 5116 erat
1548 5063 1831 5119 delatum.
1868 5067 2033 5123 Addit
2067 5069 2167 5123 de-

520 5142 653 5199 inde
688 5150 883 5201 Petrus
910 5148 982 5202 de
1028 5150 1330 5205 Natalibus
1366 5166 1377 5203 :
1418 5171 1440 5200 «
1494 5152 1621 5206 Post
1654 5156 1929 5224 temporis
1964 5156 2170 5213 decur-

521 5249 651 5285 sum
685 5250 898 5304 corpus
928 5236 1125 5305 ipsum
1165 5238 1435 5294 Venetias
1473 5240 1838 5307 translatum,
1870 5245 2168 5315 quiescere

520 5318 728 5372 dicitur
755 5321 813 5373 in
856 5324 1103 5381 ecclesia
1129 5326 1186 5381 S.
1220 5327 1457 5383 Nicolai.
1492 5349 1519 5380 »
1558 5331 1632 5384 De
1663 5346 1911 5401 corpore
1942 5333 2162 5391 ibidem

518 5409 751 5459 servato
784 5407 1136 5475 astipulatur
1180 5414 1453 5470 Nicolaus
1482 5416 1748 5486 Doglioni
1780 5417 1839 5472 in
1872 5423 2164 5491 Opusculo

520 5491 718 5545 Italico
740 5491 812 5544 de
828 5492 1200 5555 Notabilibus
1225 5503 1385 5559 urbis
1413 5505 1654 5571 Venetae,
1676 5506 1774 5560 lib.
1800 5524 2003 5578 u,pag.
2030 5514 2159 5577 345;

517 5578 599 5633 uti
636 5583 691 5632 et
727 5578 1086 5649 Opusculum
1136 5587 1406 5645 Latinum
1440 5594 1511 5649 de
1558 5594 1703 5651 Urbe
1743 5597 1975 5668 Veneta,
2004 5599 2161 5671 quod

2283 4631 2651 4699 transgressi,
2708 4632 2954 4701 quando
2980 4632 3221 4687 hazresis
3250 4632 3460 4688 Ariana
3490 4634 3747 4688 necdum
3777 4650 3929 4703 prae-

2280 4716 2536 4772 valuerat.
2565 4717 2726 4789 apud
2762 4718 3002 4785 Gothos,
3036 4726 3097 4774 ut
3143 4720 3426 4775 observat
3456 4727 3695 4776 sanctus
3735 4728 3927 4792 Augu-

2278 4804 2487 4872 stinus,
2524 4804 2626 4861 lib.
2682 4821 2815 4860 xvm
2870 4806 2943 4861 de
3002 4808 3252 4873 civitate,
3296 4825 3428 4877 cap.
3494 4813 3579 4865 52.
3641 4809 3742 4865 ubi
3800 4810 3926 4865 haec

2278 4893 2477 4947 scribit
2510 4916 2519 4946 :
2563 4916 2583 4942 ι
2620 4896 2736 4948 Rex
2780 4894 3107 4950 Gothorum
3146 4897 3202 4950 in
3244 4897 3375 4967 ipsa
3417 4898 3625 4953 Gothia
3655 4913 3927 4969 persecu-

2280 4985 2370 5035 tus
2401 4987 2487 5036 est
2538 4981 2902 5037 Christianos
2933 4984 3273 5040 crudelitate
3326 4986 3605 5051 mirabili,
3661 5002 3798 5040 cum
3844 4987 3925 5042 ibi

2279 5084 2395 5124 non
2430 5076 2628 5125 essent
2666 5071 2777 5125 nisi
2810 5072 3111 5138 Catholici,
3154 5090 3411 5145 quorum
3447 5075 3678 5146 plurimi
3712 5084 3927 5147 marty-

2277 5160 2363 5213 rio
2395 5162 2661 5214 coronati
2684 5166 2848 5224 sunt;
2870 5162 3021 5215 sicut
3053 5177 3087 5215 a
3108 5162 3478 5233 quibusdam
3508 5164 3925 5237 fratribus,qui

2277 5252 2413 5303 tunc
2442 5247 2557 5301 illic
2602 5249 2767 5319 pueri
2824 5250 3075 5316 fuerant,
3110 5257 3165 5307 et
3209 5269 3269 5307 se
3313 5253 3421 5308 ista
3466 5253 3683 5308 vidisse
3722 5254 3927 5309 incun-

2275 5336 2992 5403 ctanterrecordabantur,
3017 5340 3381 5395 audivimus.
3400 5363 3427 5389 »
3444 5342 3663 5398 Paulus
3686 5342 3923 5398 Orosius

2272 5423 2488 5487 lib.vu,
2522 5439 2651 5494 cap.
2689 5428 2774 5489 32,
2805 5426 2875 5481 de
2900 5428 3109 5483 eadem
3144 5430 3554 5500 persecutione
3586 5430 3668 5485 sic
3703 5431 3919 5487 habet:

2278 5536 2296 5561 ι
2331 5512 2618 5567 Praeterea
2649 5513 3040 5569 Athanaricus
3068 5532 3165 5572 rex
3186 5518 3529 5585 Gothorum,
3553 5519 3921 5575 Christianos

2272 5601 2333 5656 in
2389 5604 2561 5673 gente
2623 5618 2730 5659 sua
2772 5603 3178 5662 crudelissime
3230 5612 3594 5679 persecutus,
3629 5608 3923 5679 plurimos
