4142 6278
247 303 346 358 701

1407 302 1840 367 MARTYBIUM
1979 301 2260 364 ΝῙΟΕΤΑΞ
2300 309 2533 366 GOTHI.

3558 313 3664 370 702

248 427 645 484 barbarorum
671 426 750 483 ob
773 425 1300 485 ﬁdeminterfectos
1334 429 1410 485 ad
1427 443 1708 484 coronam
1739 443 1898 484 mar-
1930 427 1976 482 A
2017 429 2214 502 inepto
2237 438 2293 488 et
2318 433 2566 492 ridiculo
2598 437 2799 492 scribit
2823 436 2896 492 de
2917 437 3096 494 rebus
3121 437 3277 508 fidei,
3309 437 3662 510 Gothosque

246 517 382 589 tyrii
409 516 770 581 sublimavit,
799 537 822 566 υ
858 521 964 572 etc.
1019 517 1153 572 Haec
1201 517 1298 574 ille
1354 518 1545 584 refert,
1576 522 1894 589 postquam

245 606 478 663 dixerat
532 605 876 661 Gratianum
938 612 1203 662 creatum
1263 622 1399 664 esse
1455 607 1896 678 imperatorem.

247 698 522 750 Attamen
551 694 689 749 hinc
716 694 924 766 nequit
952 694 1401 763 inferri,eodem
1433 711 1592 751 anno
1625 699 1746 760 367,
1779 711 1900 766 quo

248 784 562 840 Gratianus
592 783 777 839 factus
803 790 890 840 est
926 784 1268 856 imperator,
1297 790 1500 841 natam
1535 801 1664 841 esse
1707 801 1901 855 perse-

249 873 550 928 cutionem
583 890 596 939 ;
633 873 731 928 sed
783 873 980 929 solum
1023 879 1282 945 coeptam
1338 890 1458 929 non
1511 890 1640 929 esse
1698 875 1898 929 multis

248 962 421 1018 annis
447 961 634 1017 serius
671 981 681 1020 :
710 961 951 1017 Orosius
991 962 1148 1018 enim
1185 963 1423 1032 singula
1456 979 1578 1018 non
1618 962 1792 1018 refert
1823 963 1900 1018 ad

249 1064 442 1107 annos
474 1051 1020 1110 determinatos.Ex
1045 1052 1303 1108 laudatis
1348 1058 1482 1109 ante
1515 1053 1705 1108 sancti
1726 1052 1900 1108 Sabee

247 1138 406 1194 Actis
455 1144 683 1194 certum
738 1143 844 1205 est,
893 1141 1367 1213 persecutionem
1425 1142 1688 1210 viguisse
1739 1157 1900 1197 anno

249 1230 375 1292 372,
408 1233 461 1282 et
489 1226 620 1298 jam
662 1233 838 1285 antea
871 1229 1048 1286 fuisse
1084 1235 1365 1302 coeptam.
1411 1231 1546 1286 Haec
1598 1230 1671 1284 de
1720 1246 1901 1286 causa

249 1318 603 1388 martyrium
635 1317 825 1374 sancti
871 1320 1077 1376 Nicetm
1130 1319 1285 1375 circa
1337 1320 1616 1375 eumdem
1672 1335 1899 1374 annum

248 1408 352 1460 372
374 1405 682 1476 ﬁgendum
714 1407 938 1463 censui.

320 1492 412 1548 VI.
455 1495 700 1550 Occasio
745 1496 1168 1567 persecutionis
1206 1496 1266 1552 in
1308 1497 1459 1554 Actis
1508 1496 1790 1568 repetitur
1827 1511 1899 1550 ex

245 1581 608 1640 dissentione
639 1585 981 1651 Gothorum,
1014 1589 1072 1640 et
1110 1585 1285 1650 bello,
1319 1586 1484 1657 quod
1523 1591 1715 1641 ortum
1759 1584 1898 1640 dici-

245 1675 342 1727 tur
372 1671 522 1729 inter
553 1673 851 1745 principes
879 1673 1136 1730 duarum
1161 1675 1440 1743 partium,
1471 1675 1896 1743 Phritigernem

2004 518 2132 589 jam
2166 525 2301 577 tunc
2329 524 2574 578 Arianos
2603 525 2760 595 facit,
2783 527 2927 597 quia
2956 542 3070 581 non
3114 526 3303 581 multo
3332 531 3467 597 post
3495 527 3657 583 illam

2009 607 2284 665 haeresim
2329 617 2464 667 sunt
2525 614 2779 684 amplexi
2827 631 2841 669 :
2902 620 2964 669 ut
3008 619 3210 669 narrat
3257 615 3658 671 Theodoretus

2012 713 2150 753 mox
2179 699 2532 766 laudandus,
2557 702 2659 772 qui
2685 701 2739 756 id
2769 701 3012 772 Ulphilze
3029 702 3358 757 Gothorum
3387 691 3654 772 episcopi

2011 788 2273 859 perﬁdiae
2286 789 2562 845 attribuit.
2579 793 2716 855 Quae
2738 799 2935 848 autem
2950 792 3356 846 Theodoretus
3371 791 3446 845 de
3462 789 3661 861 Ulphi-

2011 876 2082 931 la:
2110 876 2484 947 perversione
2514 885 2826 943 memorat,
2846 880 3021 948 longe
3053 878 3459 950 probabiliora
3497 882 3657 941 sunt,

2010 981 2195 1036 quam
2213 982 2347 1037 quae
2364 967 2437 1022 de
2451 968 2661 1022 eodem
2681 968 2915 1038 scripsit
2936 967 3354 1037 Philostorgius
3380 968 3654 1022 Arianus.

2011 1057 2158 1110 Nam
2198 1071 2333 1110 eum
2377 1055 2454 1111 ab
2496 1057 2747 1114 Eusebio
2797 1058 3084 1128 episcopo
3125 1056 3657 1129 (Nicomediensem

2011 1143 2320 1198 insinuans
2361 1145 2668 1216 Arianum)
2709 1145 2890 1200 fuisse
2931 1146 3292 1209 ordinatum,
3336 1145 3658 1200 Philostor-

2012 1232 2144 1300 gius
2177 1233 2276 1297 ait,
2310 1256 2330 1281 ι
2367 1249 2505 1288 cum
2544 1249 2580 1289 a
2619 1249 2775 1304 rege,
2809 1236 2912 1307 qui
2961 1240 3100 1289 tunc
3129 1234 3331 1290 Gothis
3383 1238 3650 1305 praeerat,

2009 1319 2238 1390 legatus
2270 1337 2386 1376 una
2411 1338 2548 1377 cum
2588 1321 2718 1377 aliis
2759 1322 2834 1378 ad
2873 1323 3292 1394 imperatorem
3324 1322 3652 1378 Constanti-

2011 1423 2154 1464 num
2183 1409 2400 1465 missus
2425 1417 2600 1466 esset.
2637 1430 2664 1461 »
2705 1411 3126 1482 Improbabilia
3165 1411 3287 1465 haec
3319 1416 3475 1474 sunt,
3507 1410 3655 1482 quia

2010 1499 2091 1551 sic
2124 1497 2351 1568 Ulphila
2389 1497 2692 1554 ordinatus
2718 1504 2874 1554 esset
2903 1504 3038 1556 ante
3078 1503 3329 1555 mortem
3369 1499 3652 1554 Constan-

2008 1585 2131 1652 tini,
2182 1601 2342 1640 anno
2398 1587 2500 1642 337
2550 1586 2834 1652 defuncti,
2880 1595 2932 1643 et
2987 1587 3228 1659 quidem
3287 1585 3358 1641 ab
3402 1585 3654 1642 Eusebio

2009 1673 2440 1729 Nicomediensi
2465 1674 2701 1731 Ariano.
2734 1677 2804 1730 At
2835 1691 2943 1730 nec
2975 1674 3291 1731 verisimile
3319 1678 3425 1740 est,
3461 1674 3654 1746 Ulphi-

244 1760 519 1818 videlicet
558 1770 613 1818 et
653 1763 1097 1820 Athanaricum.
1137 1764 1192 1820 Si
1224 1764 1382 1818 Actis
1418 1764 1786 1819 credendum
1802 1763 1893 1826 sit,
1933 1773 1976 1829 Β
2009 1763 2128 1818 lam
2163 1775 2284 1818 tam
2313 1764 2428 1818 cito
2444 1764 2622 1818 fuisse
2643 1765 3121 1836 episcopum,aut
3145 1763 3490 1819 ordinatum
3523 1777 3655 1817 esse

240 1850 636 1921 Phritigernes
681 1853 786 1909 fuit
815 1854 1075 1924 primum
1123 1854 1312 1909 victus
1361 1853 1435 1909 ab
1481 1853 1842 1909 Athanarico
1880 1871 1892 1920 ;

242 1941 350 1994 sed
381 1943 611 2014 postea,
643 1940 862 1998 foedere
893 1943 1036 1998 inito
1076 1959 1213 1999 cum
1243 1942 1508 2005 Valente,
1554 1943 1730 2012 hujus
1757 1942 1897 1998 sub-

241 2029 399 2085 sidio
429 2031 634 2087 victor.
660 2031 885 2088 Similia
908 2031 1090 2088 habet
1109 2031 1495 2098 Sozomenus,
1521 2032 1620 2087 lib.
1652 2048 1729 2087 v1.
1758 2048 1890 2104 cap.

236 2122 329 2182 37,
363 2119 441 2174 ita
481 2119 744 2175 scribens
796 2139 809 2173 :
864 2141 888 2171 α
925 2121 1092 2176 Haud
1141 2121 1327 2176 multo
1378 2127 1526 2193 post,
1584 2126 1713 2176 orta
1743 2123 1895 2176 inter

235 2221 342 2262 eos
366 2208 629 2278 (Gothos)
660 2209 970 2276 seditione,
1004 2210 1158 2266 duas
1191 2212 1250 2266 in
1280 2220 1475 2282 partes
1504 2211 1675 2266 divisi
1705 2217 1843 2266 sunt
1877 2227 1889 2266 :

235 2312 495 2368 quarum
527 2296 692 2352 alteri
732 2297 1141 2365 Athanaricus,
1176 2299 1340 2355 alteri
1392 2305 1639 2372 praeerat
1690 2301 1889 2354 Phriti-

240 2398 474 2454 gernes.
531 2388 677 2451 Mox,
733 2386 1061 2442 commisso
1100 2388 1252 2443 inter
1289 2403 1390 2443 eos
1431 2388 1653 2459 proelio,
1699 2389 1888 2442 victus

235 2473 651 2543 Phritigernes,
696 2477 1101 2532 Romanorum
1171 2476 1459 2531 auxilium
1524 2475 1885 2546 imploravit.

235 2561 407 2630 Quod
440 2578 576 2618 cum
609 2564 932 2634 imperator
964 2565 1374 2628 concessisset,
1403 2565 1792 2635 jussissetque
1827 2570 1890 2618 ut

239 2650 467 2715 milites,
502 2652 606 2723 qui
635 2651 695 2706 in
743 2653 986 2708 Thracia
1024 2659 1211 2721 erant,
1240 2655 1290 2710 ei
1331 2654 1615 2709 auxilium
1652 2655 1882 2719 ferrent,

237 2739 436 2794 denuo
468 2755 845 2808 congressus,
879 2743 1180 2797 victoriam
1214 2743 1420 2807 retulit,
1452 2748 1508 2797 et
1546 2743 1884 2797 Athanarici

237 2830 445 2900 copias
491 2830 549 2883 in
591 2829 794 2896 fugam
840 2831 1028 2884 vertit.
1072 2851 1094 2881 υ
1157 2830 1451 2884 Hactenus
1498 2833 1884 2895 Sozomenus,

237 2916 469 2970 addens
485 2932 556 2970 ea
568 2916 898 2979 occasione,
924 2916 1346 2986 Phritigernem
1363 2933 1501 2971 cum
1525 2917 1755 2986 Ulphila
1769 2920 1888 2987 epi-

238 3019 420 3074 scopo
433 3019 504 3057 ac
519 3002 772 3057 subditis
793 3003 912 3057 suis
926 3003 1209 3058 aValente
1223 3004 1297 3058 ad
1314 3004 1590 3058 Arianam
1618 3005 1885 3058 haeresim

2007 1857 2274 1924 tempore
2317 1851 2686 1908 Constantini
2728 1854 2806 1909 ab
2846 1854 3086 1909 homine
3126 1853 3367 1918 Arinno,
3411 1851 3654 1922 quando

2009 1941 2730 2012 Constantinopolitanam
2763 1943 2963 1997 sedem
2983 1942 3286 1997 obtinebat
3315 1942 3370 1996 S.
3405 1940 3655 1995 Alexan-

2005 2030 2110 2084 der
2164 2030 2549 2086 Constautino
2585 2031 2901 2099 gratiosus.
2956 2036 3155 2102 Itaque
3213 2031 3498 2100 ﬁgmenta
3553 2028 3655 2084 illa

2006 2124 2144 2174 sunt
2192 2119 2582 2188 Philostorgii,
2613 2121 2669 2174 in
2722 2121 2973 2188 gratiam
3003 2120 3357 2174 Arianorum
3403 2133 3650 2172 suorum

2005 2224 2122 2264 non
2141 2225 2275 2264 raro
2291 2208 2438 2263 falsa
2453 2208 2970 2273 scribentis.Valde
2983 2209 3150 2262 etiam
3168 2209 3532 2270 incertum,et
3546 2205 3652 2260 mi-

2003 2313 2118 2352 nus
2133 2297 2440 2367 probabile
2459 2303 2567 2362 est,
2589 2297 2752 2368 quod
2775 2298 2977 2352 scribit
2995 2299 3067 2350 de
3102 2296 3334 2367 Ulphila
3357 2297 3648 2359 Socrates,

2002 2385 2104 2440 lib.
2133 2401 2191 2451 ιι,
2226 2400 2356 2452 cap.
2384 2388 2472 2449 41,
2492 2400 2630 2440 eum
2662 2385 2839 2440 fuisse
2862 2384 2923 2440 in
2957 2385 3206 2440 concilio
3234 2383 3654 2440 Constantino-

2003 2475 2265 2544 politano
2295 2490 2452 2529 anno
2485 2478 2606 2538 360,
2639 2473 2739 2529 ubi
2770 2474 2967 2528 Ariani
3000 2489 3219 2528 novam
3251 2471 3650 2528 condiderunt

1999 2562 2137 2616 ﬁdei
2155 2561 2499 2625 formulam,
2515 2561 2608 2616 cui
2627 2561 2858 2633 Ulphila
2882 2567 3020 2617 tunc
3045 2560 3461 2616 consensisset.
3483 2559 3647 2614 Idem

2002 2657 2192 2706 tamen
2225 2651 2406 2706 habet
2444 2653 2826 2719 Sozomenus,
2866 2651 2967 2705 lib.
3023 2667 3098 2715 IV,
3139 2666 3269 2718 cap.
3325 2651 3411 2703 24-.
3452 2649 3521 2702 At
3549 2646 3648 2702 hic

1997 2740 2097 2794 lib.
2133 2757 2205 2805 v1,
2241 2755 2374 2811 cap.
2417 2743 2501 2805 37,
2535 2739 2849 2805 existimat,
2880 2738 3281 2809 imprudenter
3322 2737 3539 2792 factum
3569 2735 3646 2790 ab

2000 2829 2256 2898 Ulphila,
2286 2829 2384 2899 qui
2429 2827 2638 2898 inquit,
2676 2847 2703 2878 (ι
2744 2844 2891 2881 cum,
2940 2827 3238 2898 episcopis
3271 2827 3644 2881 Nicmnorum

1999 2916 2240 2970 Patrum
2271 2917 2509 2972 decreta
2553 2916 2916 2972 sectantibus
2967 2915 3408 2970 communicare
3441 2929 3643 2984 perse-

1999 3005 2221 3058 veravit
2258 3026 2285 3053 »
2297 3045 2310 3059 .

237 3090 602 3146 traductum.
638 3092 847 3145 Verum
879 3091 1132 3162 scriptor
1155 3091 1247 3146 ille
1278 3092 1405 3146 haec
1432 3091 1635 3146 omnia
1669 3108 1887 3148 memo-
1916 3107 1960 3166 α
2069 3091 2167 3144 ΙΧ.
2198 3091 2496 3162 Quidquid
2536 3109 2714 3163 porro
2741 3095 2812 3148 sit
2841 3095 2914 3148 de
2943 3093 3111 3148 factis
3137 3092 3359 3162 aliquot
3383 3090 3643 3161 particu-

222 3185 322 3234 ‘rat
353 3185 486 3250 post
517 3178 717 3250 pulsos
766 3179 843 3234 ab
873 3181 1098 3234 Hunnis
1155 3197 1184 3235 e
1214 3179 1456 3234 sedibus
1489 3180 1608 3234 suis
1641 3181 1882 3246 Gothos,

243 3267 346 3338 qui
379 3283 415 3322 a
451 3266 690 3322 Valente
720 3269 939 3338 recepti
968 3273 1104 3322 sunt
1134 3269 1192 3322 in
1222 3269 1490 3323 Thracia.

312 3354 420 3409 VII.
482 3355 554 3408 At
607 3355 938 3426 persecutio
996 3357 1334 3411 Athanarici
1375 3357 1582 3424 saeviit,
1637 3358 1885 3429 quando

238 3442 410 3499 Gothi
465 3459 678 3498 omnes
713 3444 862 3499 ultra
919 3444 1136 3500 Istrum
1176 3445 1494 3514 degebant,
1547 3451 1606 3500 ut
1646 3452 1884 3500 sanctus

235 3530 605 3599 Augustinus
649 3548 784 3587 mox
819 3533 1096 3588 laudatus
1126 3538 1387 3597 testatur,
1418 3533 1596 3605 idque
1623 3535 1798 3589 etiam
1823 3534 1886 3589 li-

234 3627 374 3692 quet
405 3637 478 3676 ex
518 3625 780 3692 tempore
821 3623 1252 3692 persecutionis
1287 3639 1391 3693 per
1435 3621 1708 3677 Orosium
1742 3623 1887 3678 assi-

234 3714 433 3778 gnato.
458 3709 745 3766 Praaterea
763 3718 1002 3765 sanctus
1020 3711 1402 3782 Epiphanius,
1428 3711 1522 3781 qui
1536 3727 1606 3766 eo
1623 3716 1886 3782 tempore

231 3796 502 3862 ﬂorebat,
537 3813 722 3869 agens
754 3797 827 3852 de
871 3798 1203 3854 vehementi
1245 3799 1342 3855 illa
1387 3801 1798 3871 persecutione
1826 3801 1884 3856 in

227 3885 440 3941 hmresi
470 3886 537 3939 70
565 3887 996 3948 Audianorum.
1032 3904 1166 3958 cap.
1213 3889 1380 3953 t5,ait
1417 3909 1441 3938 α
1477 3890 1884 3945 Romanorum

233 3976 564 4048 praesertim
583 3977 717 4030 odio
744 3995 767 4026 ι)
795 3993 829 4031 a
851 3993 985 4045 rege
1002 3979 1326 4032 Gothorum
1339 3986 1703 4034 commotam
1733 3995 1881 4046 esse,

233 4079 264 4117 λι(
296 4064 461 4135 quod
493 4065 1201 4136 Romanosiinperatores
1236 4065 1601 4123 Christianos
1633 4084 1761 4123 esse
1809 4070 1884 4123 vi-

233 4153 417 4208 deret.
451 4172 476 4202 »
508 4151 712 4223 Itaque
758 4154 1088 4209 verendum
1136 4163 1242 4218 est,
1287 4171 1358 4210 ne
1403 4156 1601 4227 aliqua
1653 4163 1771 4211 tam
1821 4157 1882 4212 in

233 4241 400 4298 Actis
425 4256 608 4312 quam
625 4242 786 4312 apud
817 4243 1206 4298 Sozomenum
1224 4245 1294 4298 sit
1317 4245 1606 4304 confusio.
1621 4244 1882 4314 indeque

233 4345 550 4402 perperam
569 4329 872 4401 assignate
885 4332 1316 4401 persecutionis
1331 4349 1532 4388 causa.
1551 4336 1695 4387 Nam
1709 4333 1883 4387 Atha-

233 4418 473 4474 naricus
503 4423 639 4473 ante
682 4421 1156 4488 persecutionem
1189 4425 1394 4475 contra
1420 4420 1720 4476 Valentem
1752 4437 1878 4490 ges-
1910 4455 1957 4510 D

231 4507 305 4560 sit
333 4505 581 4570 bellum,
603 4507 680 4562 ab
694 4523 884 4577 eoque
905 4508 1086 4562 victus
1099 4513 1356 4564 estanno
1375 4512 1499 4575 369,
1525 4509 1680 4564 circa
1699 4526 1880 4581 quem

229 4593 513 4650 inchoata
561 4601 642 4652 est
680 4594 1031 4667 persecutio,
1067 4595 1263 4651 forsan
1309 4597 1482 4652 simul
1522 4614 1590 4651 ac
1642 4598 1877 4665 Valens,
1939 4587 1948 4594 ’

230 4682 463 4737 sancita
493 4699 662 4760 pace,
697 4700 833 4739 cum
857 4686 1112 4739 exercitu
1129 4688 1398 4740 Romano
1417 4693 1750 4759 recesserat.
1794 4692 1880 4743 An

231 4786 376 4825 vero
409 4771 582 4836 etiam
617 4778 750 4828 ante
793 4773 852 4827 id
888 4778 1121 4842 tempus
1167 4774 1549 4844 Phritigernes
1601 4784 1656 4831 ct
1704 4777 1878 4832 Atha-

226 4858 468 4918 naricus
518 4860 673 4936 bello
720 4863 1091 4929 certaverint,
1126 4879 1241 4918 non
1301 4863 1451 4918 adeo
1505 4872 1728 4920 certum
1772 4872 1876 4933 est,

223 4949 362 5003 licet
393 4949 504 5004 hoc
555 4951 731 5004 etiam
779 4949 999 5004 habeat
1031 4953 1317 5015 Socrates,
1361 4953 1461 5006 lib.
1510 4969 1587 5019 ιν,
1626 4970 1752 5024 cap.
1787 4960 1873 5012 33.

301 5036 436 5091 VIII.
495 5038 796 5110 Quidquid
853 5038 943 5100 sit,
1003 5043 1234 5094 constat
1288 5040 1361 5096 de
1421 5044 1873 5115 persecutione;

222 5131 579 5198 constatque
629 5128 893 5192 ulterius,
947 5141 1080 5181 eam
1116 5127 1299 5183 fuisse
1343 5136 1588 5195 motam,
1635 5133 1876 5202 quando

214 5215 394 5269 Gothi
425 5221 593 5270 erant
637 5216 932 5279 catholici,
973 5222 1035 5271 ut
1068 5215 1347 5272 observat
1388 5224 1634 5273 sanctus
1675 5225 1872 5291 Augu-

219 5305 433 5370 stinus,
462 5309 518 5362 et
543 5305 725 5376 liquet
762 5322 832 5360 ex
885 5313 1146 5376 tempore
1193 5321 1315 5376 quo
1355 5307 1428 5360 ad
1471 5308 1872 5365 Arianismum

217 5394 479 5448 traducti
511 5398 650 5449 sunt
683 5394 872 5449 Gothi.
915 5396 1182 5450 Socrates
1227 5392 1470 5466 quidem
1513 5397 1751 5462 Gothos,
1795 5399 1871 5454 ab

215 5483 578 5539 Athanarieo
607 5484 854 5544 occisos,
889 5484 1066 5538 simul
1093 5488 1150 5536 et
1179 5481 1428 5538 Arianos
1471 5483 1606 5539 facit
1637 5489 1694 5539 et
1727 5489 1865 5542 Mar-

217 5575 380 5647 tyres
436 5572 578 5632 :sed
639 5575 890 5651 scriptor
939 5572 1033 5628 ille
1085 5571 1423 5646 frequenter
1476 5574 1656 5630 modo
1687 5575 1862 5648 plane

1998 3179 2219 3233 laribus
2243 3179 2506 3249 Ulphilae,
2535 3196 2570 3234 a
2594 3181 2812 3250 quibus
2850 3181 2999 3235 ﬁdes
3029 3180 3351 3236 Gothorum
3394 3195 3513 3233 non
3547 3179 3646 3234 de-

1999 3268 2245 3337 pendet;
2275 3273 2506 3322 constat
2527 3269 2766 3331 Gothos,
2786 3269 2887 3321 diu
2904 3276 3038 3322 ante
3056 3275 3286 3337 tempus
3306 3268 3378 3320 de
3394 3283 3507 3336 quo
3522 3268 3645 3335 agi-

2001 3362 2109 3419 tur,
2146 3355 2331 3410 fuisse
2359 3372 2691 3420 conversos,
2727 3371 2796 3410 ac
2836 3357 3158 3411 Gothorum
3203 3354 3638 3425 metropolitam

1997 3443 2379 3516 Theophilum
2394 3443 2448 3498 in
2463 3444 2702 3498 consilio
2715 3443 2940 3498 Nicreno
2954 3443 3132 3497 fuisse
3146 3458 3291 3497 anno
3306 3447 3425 3497 325.
3445 3446 3642 3514 Itaque

1999 3534 2165 3589 Gothi
2196 3534 2426 3588 dudum
2455 3532 2765 3589 Christiani
2804 3537 2970 3587 erant
2995 3537 3050 3586 et
3087 3531 3363 3586 Catholici
3395 3548 3407 3596 ;
3433 3531 3534 3585 sed
3562 3531 3641 3586 ad

1997 3621 2308 3693 perfidiam
2330 3622 2582 3677 traducti
2613 3628 2748 3676 sunt
2776 3638 2809 3676 a
2836 3621 3077 3676 Valente
3092 3621 3246 3675 circa
3267 3636 3492 3674 annum
3513 3619 3636 3684 376,

1997 3709 2242 3780 quando
2272 3709 2423 3780 pulsi
2471 3710 2548 3764 ab
2579 3711 2822 3774 Ilunnis,
2858 3708 3168 3779 petierunt,
3220 3713 3281 3761 ut
3327 3708 3498 3762 sedes
3531 3707 3639 3762 sibi

1997 3799 2176 3866 ﬁgere
2206 3799 2401 3854 liceret
2432 3800 2583 3853 intra
2622 3798 2832 3853 limites
2866 3797 3114 3851 Romani
3149 3796 3400 3867 imperii.
3433 3795 3639 3851 Obser-

1997 3894 2091 3944 vat
2123 3889 2236 3942 hoc
2265 3889 2645 3951 Sozomenus,
2674 3887 2774 3958 qui
2809 3885 2953 3941 alias
2972 3886 3270 3940 Socratem
3309 3885 3530 3955 passim
3555 3884 3642 3938 ni-

1996 3979 2106 4032 mis
2138 3978 2402 4048 sequitur
2434 3993 2446 4042 ;
2477 3975 2758 4046 additque
2785 3975 2857 4029 de
2897 3975 3178 4045 episcopo
3219 3973 3545 4029 Gothorum
3578 3972 3636 4026 in

1994 4066 2504 4121 conﬁrmationem
2538 4063 2846 4135 sequentia
2885 4063 3083 4117 verba.
3133 4082 3161 4112 «
3194 4065 3338 4116 Nam
3381 4059 3634 4132 Ulphila,

1994 4156 2095 4224 qui
2129 4161 2265 4207 tunc
2296 4155 2454 4222 apud
2489 4153 2649 4220 ipsos
2680 4156 2805 4205 erat
2829 4150 3171 4220 episcopus,
3196 4149 3362 4202 initio
3389 4149 3633 4218 quidem

1995 4241 2158 4296 nulla
2193 4240 2248 4293 in
2299 4244 2455 4309 parte
2505 4238 2782 4291 dissensit
2822 4238 2898 4291 ab
2954 4236 3208 4292 Ecclesia
3257 4235 3633 4290 Catholica.»

1993 4331 2121 4384 Mox
2156 4328 2374 4391 subdit,
2412 4325 2724 4397 Ulphilam,
2771 4326 2868 4396 qui
2909 4343 2942 4379 a
2994 4325 3192 4379 Gothis
3231 4325 3308 4379 ad
3335 4325 3635 4394 Valentem

1995 4417 2219 4486 legatus
2246 4424 2370 4469 erat
2401 4416 2636 4479 missus,
2671 4413 2983 4484 promissis
3019 4411 3374 4467 Arianorum
3404 4411 3636 4481 episco-

1995 4522 2206 4578 porum
2237 4521 2366 4560 esse
2401 4507 2769 4572 corruptum.

2061 4599 2120 4652 X.
2149 4597 2363 4649 Verum
2395 4593 2706 4648 audiamus
2735 4590 3188 4653 Theodoretum,
3241 4589 3315 4644 de
3359 4589 3449 4644 his
3502 4587 3638 4643 scri-

1992 4687 2246 4751 bentem,
2279 4684 2380 4738 lib.
2407 4700 2491 4750 iv,
2525 4697 2659 4752 cap.
2686 4680 2890 4745 37,ubi
2919 4681 3002 4744 sic
3025 4680 3204 4734 habet
3235 4698 3246 4731 :
3284 4699 3310 4730 (ί
3338 4680 3465 4746 Quo
3493 4682 3636 4733 tem-

1993 4791 2133 4848 pore
2163 4773 2335 4828 Gothi
2364 4775 2572 4826 Istrum
2615 4770 2992 4841 trajicientes,
3017 4767 3209 4822 foedus
3235 4784 3371 4821 cum
3405 4767 3635 4821 Valente

1993 4869 2427 4935 percusserunt.
2463 4858 2902 4915 abominandus
2943 4857 3034 4912 ille
3076 4855 3375 4911 Eudoxius
3409 4854 3637 4925 (verisi-

1993 4953 2204 5007 militer
2233 4949 2551 5017 legendum
2581 4946 2848 5010 Euzoius,
2884 4947 2984 5017 qui
3019 4945 3368 4999 Arianorum
3404 4940 3637 5014 episco—

1991 5058 2100 5113 pus
2133 5045 2258 5094 erat
2294 5037 2635 5102 Antiochiae,
2672 5036 2772 5090 ubi
2816 5040 2952 5089 tunc
2983 5033 3185 5087 valens
3225 5030 3498 5100 degebat)
3526 5032 3629 5102 qui

1988 5137 2124 5186 tunc
2149 5128 2372 5195 aderat,
2409 5124 2701 5198 suggessit
2733 5122 3072 5194 imperatori
3099 5163 3116 5186 ,
3145 5119 3634 5192 persuadendum

1987 5235 2116 5275 esse
2147 5217 2368 5280 Gothis,
2399 5222 2458 5270 ut
2483 5230 2619 5270 cum
2639 5215 2766 5283 ipso
2782 5227 2976 5266 comm
2989 5210 3305 5264 unicarent.
3329 5211 3475 5263 Nam
3491 5224 3628 5262 cum

1985 5309 2087 5376 diu
2114 5312 2288 5372 antea
2305 5305 2518 5359 divinae
2548 5300 2902 5370 cognitionis
2921 5297 3103 5354 radiis
3127 5296 3398 5352 illustrati
3417 5301 3634 5364 essent,

1983 5397 2040 5452 in
2055 5394 2380 5469 apostolica
2396 5391 2661 5447 doctrina
2675 5403 2912 5459 semper
2925 5387 3148 5442 fuerant
3164 5385 3439 5454 innutriti.
3457 5385 3635 5457 Quip-

1980 5502 2067 5556 pe,
2084 5484 2274 5540 aiebat
2289 5479 2595 5544 Eucloxius,
2611 5477 2773 5532 unius
2791 5476 3084 5547 dogmatis
3097 5474 3417 5530 communio
3431 5490 3626 5546 pacem

1977 5573 2302 5638 ﬁrmiorem
2314 5569 2593 5638 et’ﬁciet.Q
2605 5567 2721 5624 uod
2739 5566 3054 5624 consilium
3075 5580 3212 5622 cum
3228 5563 3622 5639 approbasset
