4142 6278
530 356 632 415 703

1842 357 2102 414 MENSIS
2142 355 2597 415 SEPTEMBER.

3822 341 3934 399 ’704

533 482 776 547 Valens,
799 485 1185 555 Optimatibus
1214 485 1529 541 Gothorum
1552 484 1877 556 proposuit,
1901 484 2041 543 utin
2070 483 2172 537 do-
2203 484 2251 536 A
2285 488 2424 537 nata
2454 486 2563 547 est,
2583 496 2765 552 quam
2795 495 2865 534 ex
2888 477 3014 532 solo
3040 473 3457 545 Metaphrastis
3481 470 3725 527 nomine
3760 487 3771 523 :
3808 483 3935 523 non

534 573 716 626 ctrina
730 574 863 627 ﬁdei
879 590 1001 627 cum
1019 575 1147 644 ipso
1161 574 1561 629 consentirent.
1578 578 1647 628 At
1662 573 1736 628 illi
1752 574 2174 644 responderunt

531 675 862 730 numquam
897 680 957 716 se
988 662 1202 715 adduci
1234 678 1426 733 posse,
1460 668 1519 717 ut
1540 679 1574 717 a
1606 663 1900 733 majorum
1929 678 2173 716 suorum

536 748 803 802 doctrina
837 750 1221 805 discederent.
1258 753 1435 805 Porro
1468 769 1535 807 ea
1568 758 1905 823 tempestate
1948 751 2175 821 Ulphila

536 838 712 892 totius
753 839 938 903 gentis
988 846 1111 894 erat
1166 841 1504 912 episcopns,
1556 858 1793 909 magnae
1841 841 2003 914 apud
2046 840 2174 894 illos

542 927 920 991 auctoritatis,
950 935 1003 982 et
1034 929 1199 998 cujus
1225 930 1407 984 verba
1437 948 1544 1001 pro
1566 930 1923 985 ﬁrmissimis
1944 929 2173 999 legibus

543 1013 865 1068 habebant.
904 1017 1067 1070 Hunc
1108 1018 1402 1072 Eudoxius
1434 1036 1569 1073 cum
1618 1026 1673 1073 et
1716 1018 1907 1073 verbis
1952 1016 2178 1072 demul-

546 1102 735 1166 sisset,
771 1110 821 1157 et
853 1105 1197 1159 muneribus
1230 1107 1527 1171 illexisset,
1578 1123 1648 1162 eo
1696 1106 1941 1178 impulit,
1989 1110 2044 1160 ut
2074 1108 2179 1161 Go-

542 1191 675 1245 thos
692 1193 767 1245 ad
790 1195 1275 1249 communionem
1306 1196 1679 1265 imperatoris
1703 1195 2178 1266 amplectendam

545 1281 885 1335 adduceret.
922 1282 981 1335 Id
1012 1289 1206 1336 autem
1253 1284 1562 1352 persuasit,
1595 1300 1729 1337 cum
1773 1284 2010 1346 diceret,
2045 1298 2181 1336 con-

544 1369 864 1424 tentionem
909 1386 980 1424 ex
1012 1371 1334 1426 ambitione
1379 1377 1569 1427 ortam
1609 1389 1777 1437 esse;
1830 1372 2181 1443 dogmatum

546 1471 686 1511 vero
700 1457 903 1513 nullam
921 1474 1050 1513 esse
1064 1459 1568 1530 discrepantiam.»
1589 1462 1677 1515 Sic
1694 1460 1921 1531 Ulphila:
1940 1460 2184 1532 perﬁdia

549 1544 702 1599 circa
731 1561 956 1601 annum
988 1550 1089 1602 376
1121 1548 1196 1602 ad
1222 1549 1497 1604 haeresim
1528 1549 1791 1619 perducti
1823 1555 1963 1604 sunt
1993 1550 2182 1605 Gothi.

626 1634 708 1686 XI.
739 1635 905 1698 Quod
947 1642 1165 1707 spectat
1194 1639 1267 1692 ad
1309 1643 1449 1693 Acta
1482 1638 1683 1693 Graeca
1722 1640 1907 1694 sancti
1950 1642 2182 1703 Niceten,

554 1727 853 1777 auctorem
894 1741 964 1779 ea
994 1725 1213 1780 habent
1259 1727 1731 1797 Metaphrastem,
1765 1729 1864 1799 qui
1897 1729 2185 1782 verisimi-

2283 573 2441 626 euim
2470 569 2726 635 invenio,
2749 567 2890 639 quid
2924 580 3287 636 magnopere
3312 562 3623 631 displicere
3652 559 3845 629 possit
3870 558 3932 612 in

2282 658 2440 713 Actis
2480 658 2665 712 sancti
2697 659 2906 712 Nicetaa
2947 658 3160 725 praeter
3186 652 3387 722 aliqua
3418 650 3494 704 ad
3521 654 3795 703 sanctum
3837 646 3935 701 vix

2285 747 2630 819 spectantia,
2650 752 2703 801 et
2720 744 3090 800 occasionem
3108 737 3537 813 persecutionis
3564 735 3929 800 Athanarici,

2282 838 2581 907 huiusque
2604 840 2809 889 contra
2832 833 3254 900 Phritigernem
3274 828 3521 895 bellum,
3548 825 3713 897 quod
3736 830 3936 879 tamen

2286 928 2461 981 etiam
2492 925 2717 979 habent
2748 925 3018 978 Socrates
3050 924 3107 973 et
3133 921 3517 975 Sozomenus.

2361 1016 2466 1069 ΧΗ.
2485 1015 2749 1068 Fortasse
2762 1008 3302 1076 Valens,instigante
3323 1004 3701 1073 Phritigerne,
3721 1002 3934 1057 bellum

2290 1109 2493 1159 contra
2509 1101 2921 1157 Athanaricum
2934 1097 3192 1167 suscepit
3212 1113 3224 1149 :
3244 1093 3515 1167 quamvis
3531 1091 3676 1147 illud
3696 1105 3934 1162 quoque

2291 1192 2494 1247 fecisse
2511 1191 2759 1259 legatur,
2785 1189 2927 1260 quia
2949 1185 3343 1241 Athanaricus
3367 1181 3652 1252 Procopio
3675 1184 3935 1251 tyranno
3996 1246 3999 1247 ν

2292 1279 2562 1335 subsidia
2593 1283 2796 1333 contra
2826 1277 3131 1332 Valentem
3174 1273 3433 1328 miserat.
3469 1273 3730 1325 Fortasse
3770 1268 3937 1323 Atha-

2292 1371 2530 1425 naricus
2545 1368 2966 1437 Phritigernem
2981 1379 3304 1435 aggressus
3317 1366 3409 1416 est
3421 1364 3552 1433 post
3571 1374 3782 1430 pacem
3802 1373 3939 1412 cum

2294 1459 2533 1515 Valente
2577 1456 2812 1511 factam.
2861 1452 3163 1525 Quidquid
3200 1450 3292 1516 sit,
3335 1448 3589 1504 dubium
3622 1446 3814 1518 magis
3856 1454 3943 1501 est

2295 1548 2454 1603 istud
2484 1546 2927 1616 bellum,quam
2941 1548 3098 1598 certo
3114 1541 3409 1596 fictitium.
3431 1537 3683 1608 Reliqua
3704 1536 3763 1590 in
3786 1535 3943 1591 Actis

2292 1638 2475 1693 relata
2504 1637 2577 1690 de
2610 1639 2813 1689 sancto
2859 1633 3073 1695 Niceta,
3104 1630 3238 1685 licet
3287 1634 3403 1684 tam
3447 1632 3606 1681 certa
3648 1640 3769 1680 non
3806 1625 3942 1689 sint,

2295 1743 2479 1799 quam
2530 1725 2678 1778 facta
2709 1722 2785 1777 ab
2817 1726 3056 1776 auctore
3095 1721 3661 1788 contemporataneo
3702 1712 3944 1784 scripta,

548 1809 677 1864 liter
696 1811 906 1866 habuit
934 1815 1075 1868 Acta
1107 1815 1460 1885 antiquiora,
1504 1832 1637 1886 quae
1664 1817 1731 1871 ad
1767 1816 1985 1887 stylum
2010 1833 2181 1871 suum
2222 1833 2267 1888 Β
2300 1816 2480 1871 modo
2510 1813 2650 1868 satis
2692 1809 2997 1867 verisimili
3038 1813 3174 1862 sunt
3203 1810 3499 1861 enarrata.
3548 1807 3695 1858 Acta
3745 1809 3946 1858 autem

546 1899 821 1955 traduxit.
867 1902 1063 1955 Latine
1108 1905 1263 1957 edita
1306 1908 1440 1957 sunt
1496 1906 1650 1974 apud
1700 1906 2097 1977 Lipomanum
2134 1910 2188 1960 et

553 1987 815 2055 Surium,
844 1988 1040 2060 ibique
1070 1992 1439 2063 Metaphrasti
1470 1993 1744 2062 ascripta.
1774 1994 2017 2049 Allatius
2043 2010 2189 2065 quo-

549 2091 665 2146 que
696 2076 756 2130 in
784 2079 1080 2148 Opusculo
1119 2080 1193 2134 de
1234 2081 1576 2137 Simeonum
1601 2084 1858 2153 scriptis,
1893 2099 2029 2154 pag.
2066 2086 2185 2147 127,

555 2164 767 2219 horum
791 2171 1067 2221 Actorum
1091 2168 1192 2224 dat
1213 2170 1464 2235 initium,
1488 2178 1891 2243 aggregatque
1918 2172 2190 2241 catalogo

556 2251 814 2319 illorum,
847 2272 979 2326 quae
1005 2259 1407 2329 Metaphrastis
1437 2276 1563 2315 esse
1592 2260 1882 2315 videntur.
1917 2261 2190 2315 Bailletus

555 2341 615 2395 in
647 2343 851 2397 tabula
882 2345 1165 2401 criticaad
1197 2347 1354 2402 hunc
1385 2348 1540 2402 diem
1568 2350 1864 2414 observat,
1901 2350 2015 2405 alia
2046 2350 2190 2404 olim

557 2434 699 2484 Acta
730 2432 914 2487 sancti
948 2435 1158 2489 Niceten
1191 2438 1493 2501 exstitisse,
1520 2438 1623 2495 sed
1653 2444 1826 2492 eatan
1856 2455 2041 2510 quam
2074 2455 2194 2509 per-

555 2517 677 2572 dita
721 2519 915 2574 haberi
958 2538 1151 2591 posse,
1195 2529 1511 2595 postquam
1564 2525 1661 2580 illa
1710 2544 1815 2581 suo
1848 2528 1998 2599 stylo
2033 2544 2197 2582 exor-

555 2607 758 2661 nanda
790 2612 1042 2680 suscepit
1068 2613 1509 2682 Metaphrastes.
1551 2615 1766 2668 Verum
1821 2616 1981 2686 justo
2026 2617 2197 2671 vehe-

556 2697 811 2750 mentior
828 2699 1191 2754 videturhasc
1210 2716 1479 2764 censura,
1501 2720 1533 2771 q
1547 2719 1632 2756 uae
1656 2702 1801 2758 forte
1816 2720 1935 2759 non
1957 2705 2197 2761 aliunde

2299 1905 2397 1960 illa
2427 1906 2642 1967 Graeca,
2659 1917 2792 1973 quas
2806 1899 3040 1963 eadem,
3060 1898 3117 1951 in
3136 1894 3482 1967 apographo
3498 1897 3702 1947 nostro
3735 1899 3948 1946 notan-

2301 2001 2393 2050 tur
2420 1994 2739 2060 desumpta
2768 2006 2837 2044 ex
2865 1988 3065 2043 codice
3099 2003 3208 2041 ms.
3244 1985 3397 2054 regis
3440 1982 3717 2038 Franciaa.
3770 1984 3951 2035 Inter-

2300 2081 2549 2156 pretatio
2579 2081 2775 2135 Latina
2796 2077 2957 2149 apud
2980 2077 3372 2148 Lipomanum
3403 2078 3458 2127 et
3489 2072 3724 2127 Surium
3750 2073 3950 2126 Graeco

2301 2171 2596 2228 contextui
2641 2169 2993 2240 plerumque
3058 2162 3396 2236 respondet,
3454 2175 3573 2215 non
3623 2166 3824 2215 tamen
3872 2159 3951 2215 ita

2302 2276 2536 2331 semper
2574 2262 2664 2313 est
2706 2262 3000 2319 accurata,
3037 2260 3099 2308 ut
3150 2256 3401 2323 nequeat
3444 2248 3769 2305 emendari.
3804 2252 3949 2305 Nam

2303 2349 2555 2405 subinde
2587 2347 2781 2419 aliqua
2804 2345 2985 2400 verba
3017 2359 3261 2415 prorsus
3295 2340 3494 2396 Latine
3530 2345 3670 2394 sunt
3698 2340 3950 2403 omissa,

2302 2455 2438 2511 quae
2471 2436 2798 2491 secundum
2845 2436 3047 2489 Graeca
3098 2431 3451 2501 adjungam.
3499 2426 3691 2482 Semel
3742 2426 3951 2482 iterum

2304 2530 2583 2597 interpres
2610 2541 2645 2579 a
2675 2539 2810 2578 vero
2842 2539 3016 2577 sensu
3050 2520 3362 2576 aberrasse
3396 2517 3669 2581 videtur;
3699 2515 3953 2588 ideoque

2308 2630 2509 2670 veram
2537 2610 3073 2683 interpretationem
3099 2608 3475 2668 substituam,
3502 2608 3735 2659 servata
3757 2610 3954 2661 tamen

2309 2704 2555 2775 antiqua
2584 2701 2876 2765 versione,
2897 2699 3255 2769 ubicumque
3270 2694 3572 2751 videbitur
3597 2693 3879 2763 legitima.

2038 2908 2531 2999 ΑΘΛΗΣΙΣ

2065 3139 2196 3186 ΤΟΥ
2234 3138 2433 3187 ΔΓΙΟΥ

625 3331 1923 3510 ΜΕΓΑΛΟΜΑ
1952 3334 2813 3508 ΡΤΥΡΟΣ
2934 3330 3862 3502 ΝΙΚΗΤΑ.

1910 3806 2689 3928 CERTAMEN

2151 4070 2402 4128 SANCTI

606 4267 841 4405 ET
1071 4270 1681 4418 MAGNI

631 4750 674 4806 Ι.
714 4749 986 4807 Victricia
1025 4754 1302 4825 martyris
1349 4754 1559 4813 Nicetes
1607 4756 1786 4816 hodie
1831 4760 2204 4817 celebramus

564 4840 911 4906 certamina,
934 4857 1053 4897 non
1071 4858 1252 4915 quem
1265 4842 1542 4916 princeps
1564 4848 1974 4919 apostolorum
1997 4850 2203 4905 Petrus

478 4960 479 4967 η
563 4928 791 4993 erudiit,
825 4933 881 4983 et
929 4931 1033 5002 qui
1071 4930 1384 4986 Clementis
1427 4933 1532 4989 fuit
1560 4934 1740 4990 frater
1772 4938 1872 5005 (1),
1940 4941 1996 4992 et
2020 4952 2202 5009 quem

564 5018 925 5072 Commodus
954 5023 1237 5090 tyrannus
1268 5027 1508 5091 propter
1531 5023 1826 5079 Christum
1865 5024 2029 5081 illato
2066 5042 2203 5081 con-

564 5106 881 5161 summavit
902 5109 1203 5180 martyrio.
1232 5110 1360 5164 Non
1391 5113 1803 5179 convenimus,
1832 5118 1895 5167 ut
1915 5114 2091 5185 hujus
2114 5130 2205 5170 ce-

563 5191 858 5251 lebremus
890 5197 1216 5253 certamina
1244 5215 1257 5254 :
1292 5199 1393 5254 sed
1424 5215 1605 5271 quem
1635 5200 1824 5274 (quod
1854 5204 1930 5259 ad
1959 5203 2201 5260 laudem

637 5366 712 5438 (t)
746 5372 803 5449 in
841 5372 1113 5449 versione
1136 5374 1336 5449 Latina
1367 5377 1580 5449 legitur
1607 5379 1800 5434 socius
1832 5394 1845 5440 ;
1877 5379 1984 5434 sed
2006 5381 2205 5436 Graeca

562 5435 796 5525 phrasis
807 5440 965 5525 clare
985 5435 1611 5525 fratrem‘s‘igniﬁ‘catJn
1627 5435 2111 5525 eadem'versione
2126 5452 2204 5507 ad

564 5510 1118 5590 nomen_Clemeritis
1152 5510 1427 5590 additur:
1466 5521 1774 5581 Pontiﬁcis,
1813 5523 1974 5590 quod
2003 5525 2205 5578 Graeca

564 5593 693 5661 non
705 5580 943 5661 habent.
975 5586 1029 5661 In
1046 5586 1570 5661 lftecqgnitionibus
1594 5593 1646 5646 S.
1665 5580 1978 5646 Clementis
1996 5610 2200 5648 occur-

562 5655 702 5736 runt
735 5653 1015 5736 Nicetaet
1037 5653 1277 5736 Aquila,
1301 5662 1588 5736 tanquam
1610 5664 1666 5717 S.
1687 5662 2004 5736 Clementis
2022 5680 2200 5736 papae

564 5719 793 5777 ﬁ'atres.
818 5722 892 5779 At
917 5721 1050 5780 libri
1088 5719 1588 5793 Recognitidnum
1626 5719 2048 5791 auctoritatem
2075 5719 2199 5794 non

1912 4272 2897 4419 MARTYBIS
3114 4269 3925 4418 NlCET/E.

2386 4760 2462 4817 A'.
2513 4763 2834 4823 Νικητικούς
2873 4759 3075 4833 ἀγῶνας
3131 4768 3221 4814 τοῦ
3280 4761 3547 4837 μάρτυρος
3595 4762 3805 4817 Nativa
3870 4777 3966 4811 πα-

2309 4851 2655 4925 νηγυρίζομεν
2716 4854 2959 4925 σήμερονο
3014 4850 3119 4921 οὐχ
3174 4852 3225 4902 ὃν
3283 4852 3307 4903 ὁ
3361 4858 3459 4903 τῶν
3520 4846 3815 4901 ἀποστόλων
3882 4866 3967 4899 κο-

2310 4943 2523 5011 ρυφαίὁς
2590 4944 2780 5013 Πέτρος
2860 4934 3287 5010 ἐπαιδαγώγησε,
3370 4943 3461 4991 καὶ
3537 4937 3755 5009 Κλήμης
3838 4939 3967 5007 ἔσχε

2312 5030 2549 5078 κοινωνὸν
2622 5025 2821 5079 ὠδίνων
2895 5035 2994 5079 τῶν
3074 5037 3361 5102 μητρικῶν,
3445 5027 3593 5101 ῥώμη
3674 5043 3727 5076 τε
3804 5028 3969 5098 προή-

2312 5134 2476 5185 νεγκε,
2535 5120 2623 5166 καὶ
2674 5111 2915 5187 Κὸμοδος
2962 5123 3218 5189 τυραννῶν
3272 5124 3345 5187 τῷ
3406 5111 3497 5167 διὰ
3547 5111 3777 5187 Χριστὸν
3831 5130 3969 5163 τετε-

2312 5204 2485 5256 λείωκε
2532 5208 2816 5277 μαρτυρίῳ’
2870 5203 2927 5255 οὗ
2985 5206 3170 5257 τούτου
3226 5212 3313 5256 νῦν
3391 5207 3514 5265 τοὺς
3563 5202 3747 5263 ἄθλους
3804 5220 3973 5257 πανη-

2315 5381 2807 5461 habent;__neque
2828 5378 3015 5461 _video
3037 5379 3424 5461 hNicetam,_S.
3472 5376 3796 5461 Clementis
3848 5376 3970 5457 fra-

2313 5452 2549 5513 trem,in
2573 5447 2998 5521 Marfyrologiis
3031 5451 3246 5506 Graecrs
3273 5447 3377 5505 aut
3403 5450 3633 5521 Latinis
3651 5447 3967 5521 celebrari.

2316 5526 2478 5600 Forte
2527 5518 2738 5600 auctor
2787 5536 2859 5575 ne
2898 5518 3228 5600 insinuare
3261 5518 3970 5600 quidem_voluit,_talem

2313 5593 2478 5649 ullibi
2500 5591 2741 5661 reperiri
2769 5596 3037 5647 sanctum
3072 5608 3083 5649 :
3129 5592 3233 5647 sed
3266 5588 3460 5651 solum
3491 5591 3707 5656 dicere,
3741 5590 3819 5646 de
3870 5588 3971 5645 tali

2310 5680 2372 5720 se
2401 5678 2524 5721 non
2552 5660 2741 5736 loqui.
