4142 6278
226 245 322 302 705

1332 236 1754 296 MARTYRIUM
1793 239 1860 300 S.
1899 237 2180 297 NICETIE
2216 238 2453 296 GOTHI.

3443 244 3548 302 706

223 374 433 444 γυρίσαι
483 365 816 437 συνήλθομεν,
872 361 979 414 ἀλλ’
1033 363 1085 413 ὃν
1144 361 1223 433 (τό
1271 380 1331 433 γε
1377 366 1505 437 πρὸς
1554 365 1812 436 εὐφημίαν

1944 365 2165 438 μιὶίίθω
2197 371 2285 420 est
2321 365 2656 436 praeclarius
2707 371 2761 422 et
2803 368 3190 440 praestantius)
3231 370 3394 439 regio
3432 371 3566 426 tulit

223 458 567 533 λαμπρότερόν
615 473 669 506 τε
713 458 803 504 καὶ
845 455 1171 523 τιμιώτερον)
1205 449 1467 522 Βάρϐαρος
1495 456 1584 524 μὲν
1634 457 1816 524 ἤνεγκε

223 553 389 618 χώρα,
444 543 691 620 βάρϐαρα
719 538 778 593 δὲ
825 537 1097 612 togatam
1137 540 1263 602 ἤθη,
1310 543 1398 589 καὶ
1447 544 1539 596 τὴν
1589 543 1814 612 ἔμφυτον

225 644 312 696 τῆς
360 637 529 706 τύχης
587 631 838 701 εὐγένειαν
885 630 1132 698 οΰμενουν
1180 625 1274 676 οὐκ
1314 627 1609 679 ἐνοθευσαν.
1639 628 1819 681 Ἰσασι

230 726 405 784 πάντες
448 727 534 774 τὸν
578 721 808 790 ποταμόν
846 715 1051 787 Ἴστρον
1099 717 1301 786 μεγέθει
1351 721 1439 767 καὶ
1464 717 1690 788 εὐθηνίᾳ,
1721 720 1820 769 ὅσα

229 816 443 882 ποταμοὶ
491 814 725 882 φέρουσι,
754 809 812 857 τό
876 803 1181 877 περιϐόητον
1229 806 1440 874 ἔχοντα,
1501 807 1552 856 ὃν
1583 812 1671 858 καὶ
1724 813 1822 858 Δα-

227 898 419 952 νούϐιον
474 899 503 955 ἡ
539 896 820 967 ἐπιχώριος
868 889 980 944 οἶδε
1025 891 1230 963 γλῶττα
1275 892 1462 946 καλεῖν.
1498 897 1717 956 Γότθους
1761 893 1821 948 δὲ

229 989 332 1040 κατ’
387 986 545 1038 ἐκεῖνο
593 991 778 1058 καιροῦ
825 982 1208 1054 μεταναστάτας
1245 989 1336 1040 τῆς
1387 979 1642 1056 πατρίδος
1673 1003 1821 1055 γεγο-

229 1082 366 1136 νότας
441 1078 756 1147 προσοίκους
817 1073 842 1122 ό
905 1072 1135 1141 ποταμὸς
1187 1072 1371 1141 ἔφερενο
1434 1071 1594 1131 Οὗτος
1649 1073 1737 1123 οὖν
1795 1074 1819 1124 ό

231 1167 520 1234 Θαυμαστὸς
568 1165 820 1225 Νικητας,
873 1160 1126 1209 Γοτθικῶν
1159 1161 1467 1230 σπερμάτων
1507 1159 1681 1232 ἐκφύς,
1732 1167 1820 1212 καὶ

227 1257 375 1324 τιμὴν
419 1257 512 1308 τὴν
565 1254 773 1321 πρώτην
826 1247 946 1318 παρ’
1000 1245 1210 1306 ἐκείνοις
1253 1247 1452 1317 λαχὼν,
1503 1245 1596 1299 διὰ
1653 1268 1707 1300 τε
1763 1253 1820 1300 τό

230 1344 493 1416 περιφανὲς
543 1347 633 1390 τοῦ
679 1341 856 1408 γένους
905 1341 994 1386 καί
1025 1341 1116 1391 τὴν
1160 1335 1316 1392 ἀλλην
1364 1346 1457 1388 του
1503 1344 1739 1405 σώματός
1767 1359 1822 1392 τε

229 1435 313 1481 καὶ
359 1437 450 1488 τῆς
491 1426 678 1498 ψυχῆς
730 1424 938 1495 εὗφυῖαν
970 1425 1098 1480 ὅσην
1140 1429 1229 1474 καὶ
1274 1420 1573 1491 δεξιότητα,
1605 1427 1662 1477 00
1696 1433 1821 1478 Γότ-

230 1520 316 1569 θόυ
346 1513 406 1574 ἦν
441 1520 526 1568 τόν
581 1513 720 1587 βίον,
779 1513 837 1564 οὐ
885 1517 1006 1573 τοὺς
1058 1518 1292 1585 τρόπους,
1331 1511 1453 1565 οὐδὲ
1491 1520 1585 1571 τὴν
1618 1520 1820 1567 πίστιν.

230 1606 401 1659 Ἐνίκα
454 1607 555 1678 γὰρ
608 1605 637 1660 η
672 1605 761 1674 μὲν
809 1607 985 1672 γνώμη
1017 1604 1072 1651 τό
1101 1605 1260 1671 γένος,
1297 1606 1352 1652 τὸ
1399 1599 1456 1653 δε
1499 1603 1565 1662 εὶς
1593 1606 1821 1677 Χριστὸν

231 1694 428 1769 φίλτρον
474 1698 568 1750 τήν
613 1690 879 1765 βάρϐαρον
928 1686 1106 1754 δόξαν,
1141 1691 1166 1740 ό
1199 1688 1257 1741 δε
1299 1699 1397 1741 τῶν
1454 1691 1640 1763 ἀρετῶν
1698 1695 1822 1765 ἔρως
1855 1712 1898 1767 B

237 1788 325 1842 τὴν
353 1785 609 1840 Γοτθικὴν
632 1779 888 1853 ἀκρασίαν
918 1784 1006 1831 καὶ
1033 1779 1342 1853 ἀγριότητα.

299 1875 368 1926 B’.
404 1869 654 1942 Θεοφίλου
711 1865 769 1920 δε
820 1864 879 1926 ἦν
929 1868 1074 1928 οὗτος
1124 1869 1206 1918 ἐπὶ
1235 1868 1488 1940 νεαζούσῃ
1536 1878 1597 1941 τῇ
1645 1870 1823 1941 ἡλικίᾳ

237 1970 332 2011 τῶν
385 1963 528 2033 ἱερῶν
579 1967 673 2019 τῆς
714 1954 1064 2018 διδασκαλίας
1110 1955 1490 2031 ἀπερυσάμενος
1532 1959 1819 2032 ῥευμάτων.

227 2047 412 2123 Ὀνπερ
464 2045 530 2105 δὴ
580 2045 846 2118 Θεόφιλον,
879 2050 970 2102 τὴν
1019 2045 1396 2120 ἀρχιερατικὴν
1445 2048 1676 2121 ἐφορείαν
1724 2055 1823 2097 τῶν

229 2139 427 2189 Γότθων
476 2140 899 2205 πεπιστευμένον,
927 2139 1016 2185 καὶ
1058 2142 1120 2206 τῇ
1169 2137 1218 2185 εν
1247 2140 1442 2206 Νικαίᾳ
1495 2137 1820 2208 οἰκουμενικῇ

232 2231 320 2276 καὶ
345 2229 522 2299 πρώτη
561 2220 767 2293 συνόδῳ
807 2223 1059 2294 ἐμάθομεν
1109 2222 1436 2280 ἒνεπιστῆναι
1484 2231 1573 2276 καὶ
1625 2228 1690 2277 τὰ
1737 2234 1828 2285 τῆς

233 2312 491 2374 εὐσεϐείας
533 2316 680 2383 χειρί
736 2330 789 2362 τε
834 2317 922 2362 καί¹
970 2311 1184 2383 γλώσσῃ
1220 2316 1362 2384 παρὰ
1393 2321 1527 2364 πᾶσι
1576 2324 1832 2387 κρατυνοι

235 2399 494 2473 δόγματα.
542 2403 686 2452 Ἐπεὶ
734 2397 792 2450 δὲ
843 2399 900 2451 οὐ
939 2400 1095 2460 πολὺς
1135 2401 1185 2450 ἐν
1235 2405 1378 2471 μέσῳ
1418 2399 1568 2459 διέϐη
1621 2411 1828 2476 χρόνος,

235 2497 321 2543 καὶ
370 2495 428 2542 τὸ
487 2491 689 2541 Γότθων
747 2491 889 2549 ἔθνος
935 2488 1005 2548 εἰς
1071 2488 1382 2550 ἀντιπάλους
1430 2486 1682 2565 διερράγη
1745 2497 1834 2544 καὶ

250 2579 523 2653 ἐμφυλίους
574 2582 775 2650 μοίρας,
825 2582 910 2628 καὶ
961 2577 1027 2637 εἰς
1058 2573 1156 2628 δύο
1197 2596 1249 2630 τε
1289 2585 1536 2649 γεγόνασι
1559 2585 1711 2655 μέρη’
1745 2586 1833 2634 καὶ

237 2671 428 2720 τούτων
485 2669 662 2736 ἠγεῖτο
723 2668 937 2737 θατέρου
976 2669 1065 2737 μὲν
1117 2672 1468 2740 ψριτιγερνης,
1516 2670 1724 2742 θάτερον
1773 2669 1833 2724 δε

240 2757 574 2828 Ἀθαναρίχῳ
627 2756 858 2812 ὑπήκουε
911 2757 975 2805 τὰ
1023 2756 1194 2805 πάντα
1240 2751 1410 2823 δεινῷ·
1485 2755 1833 2828 ’Δθανάριχος

232 2845 400 2908 οὗτος,
436 2847 573 2894 κατά
614 2849 707 2901 τῆς
737 2843 1015 2912 ὁμογενοῦς
1056 2845 1145 2891 καὶ
1187 2837 1486 2899 αποστάδος
1519 2851 1608 2891 1'00
1658 2849 1835 2914 Φριτι-

231 2938 440 3005 γέρνους
491 2925 704 2999 μερίδος
749 2929 944 2985 πλήθει
990 2932 1173 3000 χειρός
1221 2927 1657 2999 ἐπιστρατεύσας,
1716 2934 1832 3002 τρό-

237 3037 390 3072 παιον
441 3020 676 3072 ἰστησιν.
731 3014 882 3067 Ὀθεν
941 3020 1275 3088 Φριτιγέρνης
1323 3015 1650 3089 ἀπορρηθεὶς,
1706 3021 1835 3090 πρὸς

238 3112 332 3165 τὴν
388 3107 679 3176 Ῥωμαίκην
724 3103 974 3174 ἀπέϐλεψε
1017 3101 1213 3170 δεξιὰν,
1242 3105 1526 3177 αὐτόμολος
1579 3125 1628 3158 τε
1670 3126 1837 3181 προσ.

236 3195 411 3260 ελθὼν,
463 3192 670 3264 ἀμύνειν
720 3190 906 3247 ἐδεῖτο.
967 3193 1215 3244 Οὐάλεντι
1271 3192 1330 3245 δε
1407 3204 1694 3250 τηνικαῦτα
1762 3205 1834 3266 τῷ

234 3287 596 3355 μισοχρίστῳ,
625 3283 690 3332 τὰ
725 3280 988 3352 Ῥωμαίκὰ
1031 3278 1258 3334 διείπετο
1314 3291 1577 3356 σκῆπτρα.
1612 3285 1687 3335 Οὖ
1727 3294 1836 3347 τοίς

236 3372 320 3424 ἐπὶ
371 3373 584 3444 Θρᾴκην
631 3376 977 3445 στρατιώταις
1005 3379 1076 3441 τῷ
1130 3367 1330 3442 φυγάδι
1357 3371 1568 3443 βοηθεῖν
1602 3374 1834 3445 ἐγκελεύ-

240 3479 452 3531 σαντος,
511 3463 847 3532 Φριτιγέρνης
910 3459 1076 3512 λαϐὼν
1149 3466 1234 3511 τόν
1301 3479 1354 3512 τε
1417 3463 1666 3535 Θρᾴκιον,
1746 3468 1838 3515 καὶ

236 3551 358 3610 ὅσος
408 3549 497 3600 ὑπ’
541 3549 681 3618 αὐτῴ
735 3550 976 3609 Γοτθικός
1031 3553 1247 3622 στρατός
1298 3550 1669 3617 κατελέλειπτο,
1720 3549 1841 3603 δια-

237 3639 402 3691 ϐαίνει
432 3641 517 3690 τόν
558 3637 782 3710 Ἵστρον.
819 3645 917 3690 Καὶ
962 3642 1049 3690 τόν
1099 3641 1230 3690 θεῖον
1267 3646 1358 3690 1'00
1391 3647 1624 3713 Χριστοῦ
1677 3660 1842 3692 σταυ-

235 3733 326 3804 ρόν
378 3731 554 3788 πάσης
629 3730 1013 3798 προηγούμενον
1083 3735 1173 3786 τῆς
1247 3724 1513 3798 δυνάμεως
1584 3733 1838 3802 φέροντες,

241 3815 594 3892 συρρηγυνται
642 3824 746 3876 τοίς
787 3814 1080 3875 ἀντιπάλοις
1129 3816 1196 3875 εἰς
1250 3819 1454 3887 μάχην,
1487 3823 1742 3889 κρατουσί
1789 3839 1842 3872 τε

238 3907 366 3981 ῥᾷον
396 3913 487 3957 1'00
539 3909 913 3978 κρατήσαντος
952 3909 1128 3956 καὶτὸ
1177 3903 1367 3956 ἐκείνου
1400 3906 1591 3966 πλῆθος
1638 3907 1847 3980 αἰχμα-

237 3993 411 4044 λωσία
485 3999 575 4042 και
649 3990 794 4062 ξίφος
847 3987 1184 4063 διεμερίζετο·
1261 3992 1408 4062 μόλις
1471 3994 1585 4064 μετ’

1150 4081 1483 4155 αἰσχροτατα
1566 4079 1599 4134 δ
1607 4102 1846 4155 ιαπεφευ-

1660 3999 1845 4066 ὀλίγων

241 4082 298 4132 Ἀ
309 4084 598 4155 θαναρίχου
675 4085 768 4138 την
845 4087 1050 4153 σφαγὴν

239 4177 414 4242 γότος.

319 4265 387 4313 Γν.
419 4260 559 4316 Αὕτη
600 4263 774 4330 γέγονε
812 4265 1074 4333 πρόφασις
1116 4263 1204 4308 καὶ
1253 4259 1397 4310 αἰτία
1426 4259 1845 4321 πολλαπλασίους

243 4355 346 4400 τῶν
399 4346 756 4420 προλαϐόντων
804 4350 870 4398 τὰ
923 4354 1243 4418 Χριστιανων
1317 4348 1664 4398 ἀσπάσασθαι
1723 4353 1846 4399 Γότ-

248 4440 392 4498 θόυς.
438 4435 689 4509 υῦρφιλος
746 4432 804 4487 δὲ
857 4432 1116 4506 διάδοχος
1168 4437 1257 4505 μὲν
1308 4442 1406 4485 τῶν
1458 4433 1842 4508 ἀρχιερατικῶν

321 4612 400 4683 (2)
424 4614 522 4668 Hic
555 4614 739 4668 multa
754 4613 938 4668 verba
977 4612 1177 4667 Latine
1209 4617 1376 4667 erant
1402 4613 1646 4668 omissa.

325 4688 402 4756 (3)
435 4685 667 4738 Certum
696 4691 806 4748 est,
836 4684 1058 4738 Gothos
1087 4699 1207 4738 non
1227 4699 1460 4754 semper
1489 4687 1550 4739 in
1571 4686 1746 4740 Dacia
1766 4685 1844 4740 ad

250 4759 470 4809 Istrum
502 4756 832 4820 habitasse;
857 4759 960 4809 sed
989 4771 1058 4809 ex
1107 4758 1223 4810 alia
1260 4772 1499 4824 regione
1529 4760 1843 4811 remotiore

250 4842 291 4881 a
318 4827 591 4881 Romano
639 4827 888 4897 imperio
916 4827 989 4880 ad
1041 4827 1256 4880 lstrum
1297 4843 1646 4896 progressos
1688 4843 1840 4893 esse,

253 4905 441 4970 prout
470 4901 674 4968 postea
707 4914 808 4969 per
853 4900 1068 4951 multas
1110 4900 1342 4967 imperii
1386 4899 1724 4968 provincias
1781 4916 1842 4953 se

251 4968 644 5023 diffuderunt.
700 4968 787 5023 An
835 4985 971 5022 vero
1021 4985 1091 5022 ex
1141 4971 1551 5032 ScandinaVia,
1597 4973 1718 5024 sive
1771 4986 1842 5024 ex

249 5041 543 5094 hodierno
575 5055 752 5109 regno
787 5041 1048 5103 Suecico,
1096 5050 1154 5092 ut
1207 5040 1328 5093 vult
1355 5042 1706 5106 Jornandes,
1755 5058 1845 5095 or-

252 5119 385 5167 tum
415 5112 708 5164 duxerint.
741 5127 860 5165 non
899 5117 984 5182 est
1006 5110 1182 5179 hujus
1210 5110 1322 5164 loci
1351 5113 1664 5182 inquirere.

330 5182 407 5253 (4)
434 5183 787 5252 Theophilus
808 5181 1034 5236 Gothiae
1063 5181 1451 5253 iuetropolita’
1467 5183 1716 5237 concilio
1757 5182 1848 5238 Ni-

251 5252 422 5308 οξευο
455 5269 658 5308 revera
691 5255 1051 5323 subscriptus
1081 5252 1312 5319 legitur.

327 5325 404 5395 (5)
431 5326 559 5379 Jam
582 5324 643 5378 in
668 5325 1107 5379 Commentario
1145 5339 1312 5377 num.
1337 5324 1622 5395 “tmonui,
1658 5329 1846 5378 totum

249 5394 620 5453 hoc'bellum
652 5411 774 5450 non
807 5395 990 5450 videri
1013 5403 1259 5459 certum,
1283 5394 1607 5449 etfortasse
1623 5411 1695 5450 ex
1725 5395 1854 5450 sola

250 5465 621 5538 confusione,
630 5477 828 5523 ortum
847 5482 1000 5523 esse.
1014 5465 1250 5538 Aliquid
1265 5472 1464 5538 tamen
1486 5467 1606 5538 veri
1618 5467 1853 5523 subesse

249 5541 473 5612 potest,
497 5538 548 5595 si
571 5537 958 5610 Phritigernes
977 5534 1370 5596 cum‘Valente
1387 5534 1706 5596 fcederatus
1721 5539 1847 5604 fuit,

1923 455 2201 519 barbara,
2232 470 2426 509 mores
2459 471 2593 509 vero
2615 457 2979 512 enutrierunt
3003 459 3246 513 Barbari
3279 479 3291 517 :
3323 466 3378 514 et
3397 461 3569 516 inna-

1926 549 2043 597 tam
2076 542 2442 599 nobilitatem
2492 543 2731 597 minime
2779 545 3311 616 adulteraruntfl).
3364 548 3569 603 Sciunt

1927 645 2136 684 omnes
2167 630 2410 684 ﬂuvium
2439 634 2664 694 Istrum,
2711 633 3122 702 magnitudine
3147 635 3387 704 quidem
3421 637 3570 690 inter

1927 715 2143 772 ﬂuvios
2167 719 2414 785 clarum,
2447 734 2627 788 quem
2653 718 2859 790 lingua
2885 721 2933 790 ej
2946 738 3010 775 us
3037 725 3293 790 regionis
3311 723 3572 793 appellat

1934 806 2290 860 Danubium.
2325 809 2542 862 Gothos
2573 815 2790 878 autem,
2821 811 2922 880 qui
2950 811 3047 864 illo
3080 815 3345 881 tempore
3376 827 3571 866 exces-

1929 902 2166 948 serante
2180 895 2483 966 patria(3),
2506 894 2723 951 ﬂuvius
2744 897 3009 953 habebat
3029 901 3285 954 accolas.
3305 901 3403 956 Hic
3428 893 3569 969 ergo

1929 983 2322 1038 admirandus
2353 983 2604 1048 Nicetas,
2647 991 2824 1040 natus
2861 1003 2891 1040 e
2923 985 3183 1042 Gothicis
3223 989 3569 1054 seminibus,

1929 1076 1986 1126 et
2016 1072 2276 1142 primum
2292 1071 2582 1128 honorem
2607 1075 2771 1145 apud
2791 1074 2922 1130 illos
2937 1083 3172 1140 nactus,
3191 1083 3309 1131 tam
3331 1087 3570 1148 propter

1929 1159 2250 1214 claritatem
2289 1161 2537 1230 generis,
2570 1177 2754 1233 quam
2788 1170 3027 1234 propter
3073 1164 3252 1218 aliam
3301 1165 3485 1220 animi
3515 1171 3572 1220 et

1931 1249 2196 1317 corporis
2224 1247 2489 1302 indolem
2531 1257 2587 1302 et
2625 1250 3056 1316 dexteritatem,
3106 1267 3226 1306 non
3271 1261 3396 1307 erat
3451 1254 3573 1308 vita

1931 1337 2178 1401 Gothus,
2204 1351 2314 1391 nec
2343 1337 2748 1401 moribus,nec
2777 1339 2911 1393 ﬁde.
2939 1339 3088 1394 Nam
3116 1357 3306 1410 genus
3327 1341 3569 1411 quidem

1930 1425 2202 1479 vincebat
2265 1424 2616 1493 ingenium:
2672 1442 2842 1481 amor
2897 1434 3095 1483 autem
3144 1430 3202 1481 in
3271 1430 3567 1484 Christum

1930 1513 2252 1568 barbaram
2306 1517 2646 1583 opinionem
2681 1531 2694 1568 :
2747 1517 3007 1570 studium
3038 1532 3176 1572 vero
3222 1517 3450 1573 virtutis
3479 1519 3566 1572 in-

1932 1604 2386 1672 temperantiam
2418 1602 2723 1658 Gothicam
2753 1612 2809 1659 et
2837 1605 3144 1661 feritatem.

2002 1865 2071 1919 ll-
2099 1866 2205 1920 Hic
2233 1873 2430 1920 autem
2457 1869 2516 1920 in
2538 1867 2936 1923 adolescentia
2961 1869 3242 1926 hauserat
3271 1887 3440 1926 sacra
3466 1872 3579 1929 ﬂu-

1932 1961 2070 2010 enta
2099 1955 2384 2010 doctrina:
2414 1954 2737 2026 Theophili.
2790 1959 2973 2021 Quem
3013 1961 3256 2030 quidem
3291 1962 3578 2032 Theophi-

1933 2044 2059 2098 lum
2097 2044 2174 2114 (4)
2221 2059 2359 2098 cum
2389 2045 2517 2114 ejus
2549 2045 2686 2099 ﬁdei
2717 2046 2921 2101 fuisset
2952 2048 3313 2102 commissus
3361 2050 3576 2106 Gotho-

1935 2148 2069 2187 rum
2088 2132 2490 2203 pontiﬁcatus,
2514 2136 2854 2203 accepimus
2883 2137 3213 2190 interfuisse
3236 2153 3436 2208 prisz
3453 2139 3577 2194 uni-

1939 2221 2149 2276 versali
2178 2220 2413 2291 synodo
2443 2223 2710 2286 Nicaeum,
2745 2239 3049 2295 manuque
3080 2234 3136 2279 et
3170 2229 3375 2294 lingua
3419 2228 3582 2298 apud

1941 2326 2151 2366 omnes
2177 2311 2567 2364 conﬁrmasse
2595 2312 2883 2380 dogmata
2921 2314 3171 2383 pietatis.
3207 2318 3352 2369 Cum
3383 2324 3582 2370 autem

1943 2415 2065 2453 non
2115 2400 2370 2452 multum
2415 2400 2843 2455 intercessisset
2872 2407 3173 2472 temporis,
3219 2407 3363 2458 etin
3410 2410 3582 2474 gente

1943 2487 2264 2542 Gothorum
2289 2487 2448 2541 bella
2495 2487 2828 2557 erupissent
2860 2490 3138 2546 intestina
3169 2499 3225 2546 et
3263 2501 3461 2548 essent
3499 2494 3586 2547 di-

1941 2576 2055 2629 visi
2083 2574 2146 2628 in
2167 2575 2320 2629 duas
2349 2581 2568 2645 partes,
2611 2583 2666 2630 et
2711 2577 2811 2629 uni
2837 2578 3077 2647 quidem
3109 2587 3385 2649 praeesset
3414 2581 3580 2636 Phri-

1943 2664 2218 2732 tigernes,
2252 2663 2437 2718 altera
2464 2672 2664 2718 autem
2698 2666 2867 2720 valde
2891 2666 3134 2722 terribili
3161 2679 3391 2739 pareret
3411 2672 3585 2725 Atha-

1941 2753 2165 2816 narico,
2205 2752 2302 2806 hic
2332 2752 2747 2816 Athanaricus,
2790 2763 3064 2826 suscepta
3091 2759 3367 2812 maximis
3398 2761 3585 2830 copiis

1942 2840 2317 2908 expeditione
2364 2840 2649 2895 adversus
2695 2843 3140 2912 Phritigernem,
3192 2855 3318 2902 erat
3345 2849 3584 2918 quidem

1943 2927 2209 2994 ejusdem
2221 2927 2454 2995 generis
2468 2931 2570 2983 sed
2584 2930 2796 2985 eratab
2809 2948 2878 2986 eo
2891 2934 3144 2998 avulsus,
3155 2936 3390 2991 victoria
3401 2946 3582 3008 parta,

1869 3055 1908 3110 Ο
1944 3015 2112 3081 erigit
2143 3021 2450 3082 tropaeum.
2484 3017 2884 3078 Quamobrem
2914 3022 3303 3093 Phritigernes
3324 3026 3383 3078 in
3402 3026 3581 3080 rebus

1944 3104 2065 3157 suis
2089 3099 2320 3155 afﬂictis
2348 3111 2634 3172 spectavit
2660 3107 2738 3159 ad
2779 3110 3107 3164 Romanam
3147 3112 3474 3178 dexteram,
3527 3121 3586 3168 et

1947 3192 2188 3244 veniens
2233 3194 2561 3260 transfuga,
2616 3196 2816 3263 petivit
2869 3199 3172 3251 auxnlium.
3231 3201 3437 3254 Valens
3480 3218 3586 3256 au-

1943 3283 2060 3332 tem
2092 3279 2299 3333 Christi
2335 3280 2631 3348 inimicus,
2683 3297 2753 3336 eo
2785 3290 3048 3353 tempore
3080 3287 3315 3342 tenebat
3356 3297 3589 3360 sceptra

1944 3369 2228 3422 Romana.
2265 3369 2374 3432 Qui
2405 3385 2543 3423 cum
2573 3369 2847 3439 jussisset
2869 3372 2938 3425 iis
2969 3374 3067 3443 qui
3114 3382 3283 3430 erant
3313 3379 3374 3431 in
3413 3380 3589 3433 Thra-

1945 3456 2051 3509 cia.
2113 3455 2396 3510 militibus
2453 3456 2604 3512 ferre
2671 3474 2850 3529 opem
2915 3461 3119 3526 exsuli,
3169 3463 3586 3534 Phritigernes,

1947 3543 2191 3598 Thracio
2234 3546 2492 3599 exercitu
2522 3555 2786 3617 accepto,
2815 3554 2871 3603 et
2913 3564 3006 3613 eo,
3051 3552 3154 3621 qui
3188 3553 3299 3607 sibi
3356 3570 3589 3610 reman-

1949 3639 2122 3698 serat,
2153 3633 2496 3688 transmittit
2523 3635 2759 3690 Istrum.
2805 3637 3008 3709 ltaque
3033 3640 3286 3696 ferentes
3322 3643 3594 3700 divinam

1950 3721 2160 3776 Christi
2189 3737 2446 3788 crucem,
2489 3723 2921 3793 praecedentem
2951 3743 3162 3782 omnes
3193 3747 3331 3786 suas
3363 3733 3590 3803 copias,

1950 3810 2153 3881 praelio
2190 3809 2516 3880 conﬂigunt
2547 3829 2686 3866 cum
2706 3813 3081 3881 adversariis,
3114 3828 3169 3872 et
3198 3835 3333 3874 eum
3378 3823 3480 3891 qui
3513 3823 3593 3876 vi-

1950 3905 2132 3969 cerat,
2181 3898 2351 3955 facile
2396 3903 2660 3965 vincunt,
2710 3907 2769 3956 et
2815 3903 2968 3957 illius
3016 3906 3333 3962 multitudo
3376 3911 3592 3979 partim

1951 3992 2215 4055 caeditur,
2239 3993 2455 4060 partim
2483 3999 2731 4060 capitur,
2762 4006 2900 4045 cum
2928 3995 3312 4049 Athanaricus
3367 3997 3446 4067 (5)
3477 4007 3592 4053 tur-

1951 4077 2193 4147 pissime
2231 4093 2369 4131 cum
2409 4094 2615 4147 paucis
2646 4095 2768 4132 suae
2806 4080 2938 4135 vitai
2978 4085 3122 4150 iuga
3176 4086 3588 4142 consuluisset.

2022 4253 2114 4307 Ill.
2147 4255 2281 4306 Haec
2318 4251 2428 4307 fuit
2455 4267 2642 4307 causa
2669 4256 2728 4307 et
2754 4256 3011 4320 occasio,
3044 4273 3150 4312 cur
3190 4260 3392 4315 multis
3425 4279 3491 4318 ex
3519 4264 3593 4319 iis

1950 4338 2490 4408 quipraecesserunt
2505 4338 2699 4392 Gothis
2713 4338 2789 4408 (6)
2809 4338 3155 4408 religionem
3189 4346 3449 4415 amplexi
3472 4349 3591 4404 sint

1950 4425 2647 4495 Ghristianam,Urphilas
2669 4428 2746 4497 (7)
2776 4431 2976 4483 autem
2995 4431 3102 4485 fuit
3131 4433 3428 4504 Theophili
3454 4452 3590 4492 suc-

1951 4603 2193 4682 quando
2221 4603 2318 4658 hic
2346 4619 2502 4682 anno
2532 4607 2634 4659 367
2666 4611 2870 4682 contra
2897 4607 3115 4663 Gothos
3135 4608 3360 4666 bellum
3389 4615 3586 4682 gessit,

1952 4677 2118 4731 clade
2141 4677 2478 4731 Atuanarici
2499 4691 2658 4731 anno
2690 4679 2812 4741 309,
2839 4684 3156 4749 secutaque
3187 4677 3588 4740 eodem'anno

1951 4764 2098 4819 pace
2125 4750 2380 4801 ﬁnitum.

2023 4819 2100 4888 (ο)
2142 4822 2318 4872 Erant
2379 4817 2623 4889 quidem
2678 4821 2827 4874 inter
2856 4820 3074 4875 Gothos
3133 4822 3440 4879 Christiani
3475 4841 3596 4881 non

1950 4904 2175 4961 pauci;
2234 4890 2339 4944 sed
2376 4905 2448 4944 ea
2508 4891 2818 4946 occasione
2873 4896 3060 4946 multo
3087 4895 3284 4962 plures
3331 4900 3596 4953 converti

1979 4968 2292 5016 ιοῐιιθτιιοῐ.

1953 4978 2292 5032 patuerunt.

2023 5033 2100 5103 (7)
2135 5032 2403 5102 Urphilas
2433 5037 2538 5086 aut
2566 5032 2800 5103 Urphila
2827 5035 3208 5088 communius
3240 5042 3482 5092 vocatur
3513 5039 3591 5095 ab

1953 5103 2102 5158 aliis.
2135 5104 2345 5174 Aliqua
2393 5105 2488 5158 hic
2535 5119 2654 5175 non
2685 5112 2838 5158 recte
2888 5108 2961 5157 de
2991 5105 3121 5175 ipso
3152 5108 3264 5160 diei
3300 5113 3590 5165 Videntur.

1956 5176 2207 5228 Consule
2246 5173 2450 5245 itaque
2481 5176 2555 5228 de
2598 5173 2830 5248 Utphila
2854 5173 3100 5231 dieta'm
3134 5179 3587 5248 Commentario,

1957 5261 2123 5300 num.
2165 5253 2196 5298 9
2227 5257 2282 5301 et
2315 5255 2398 5308 tu,
2440 5262 2510 5300 ex
2537 5245 2752 5315 quibus
2784 5248 2989 5316 liquet,
3044 5263 3163 5301 non
3201 5250 3275 5304 de
3331 5245 3598 5308 secunda

1959 5322 2192 5388 synodo
2223 5333 2592 5394 meumenica
2615 5317 2857 5394 intelligi
2887 5332 3064 5394 posse
3095 5336 3236 5394 mox
3269 5334 3594 5394 sequentia,

1960 5404 2205 5516 ggovera
2249 5396 2407 5458 sunt,
2460 5390 2566 5444 sed
2616 5393 2691 5442 de
2743 5389 2976 5461 synodo
3027 5389 3383 5450 Arianorum
3450 5397 3597 5453 anni
