4142 6278
589 303 690 360 7οἹ

1885 280 2145 348 MENSIS
2177 279 2622 350 SEPTEMBER.

3842 279 3941 342 708

592 443 794 484 cessor
823 426 879 481 in
932 437 1176 479 munere
1206 418 1548 492 pontiﬁcali,
1581 418 1684 490 qui
1732 433 1869 472 cum
1903 433 1973 472 eo
2003 433 2223 489 quoquc

2358 421 2558 490 θεσμῶν
2626 417 2954 490 ἐχρημάτιζε
3017 414 3282 486 Θεοφῦου,
3339 418 3622 486 συμπαρὼν
3679 411 3738 466 δὲ
3809 415 3940 486 αύτῷ

592 515 827 588 synodo
843 516 1091 569 Nicaanae
1105 508 1439 564 interfuerat
1459 507 1666 561 eadem
1685 505 2028 571 sentiens,et
2043 513 2246 576 postea

591 604 942 660 consederat
970 617 1106 654 cum
1129 599 1196 652 iis
1226 598 1327 668 qui
1352 595 1856 666 Constantinopoli
1899 597 1955 649 in
1983 595 2246 650 secunda

589 699 795 748 sancta
822 690 1058 761 synodo
1091 689 1321 742 fuerant
1369 685 1734 756 congregati.
1776 684 1879 739 Hic
1915 701 2049 740 cum
2085 672 2244 739 esset

588 785 677 838 vir
697 782 962 854 prudens
987 786 1041 834 et
1073 779 1304 841 doctus,
1325 776 1785 843 invenitﬁguras
1809 774 2157 839 litterarum,
2191 777 2246 830 et

592 887 773 928 sonos
824 868 1093 923 Gothica:
1144 866 1274 920 voci
1333 866 1749 919 convenientes
1782 870 1872 918 :et
1901 880 2036 917 cum
2069 863 2128 917 in
2159 863 2242 916 eis

600 975 831 1015 sacram
855 963 1114 1012 nostram
1130 960 1186 1008 et
1208 953 1489 1007 divinitus
1511 953 1860 1023 inspiratam
1878 951 2240 1021 Scripturam

597 1066 627 1104 e
668 1051 868 1104 Graeca
908 1046 966 1099 in
1006 1043 1273 1112 linguam
1299 1040 1607 1096 Gothicam
1631 1039 1914 1105 vertisset,
1938 1039 2101 1094 omni
2125 1043 2242 1092 stu-

593 1136 692 1191 dio
720 1139 776 1189 et
792 1130 1322 1202 diligentiaeffecit,
1345 1135 1553 1183 uteam
1590 1129 1901 1196 discerent,
1933 1127 2036 1197 qui
2075 1133 2240 1184 erant

588 1239 710 1279 sum
749 1221 954 1293 gentis.
1010 1218 1411 1283 Quamobrem
1466 1232 1754 1286 magnum
1807 1217 2240 1269 incrementum

587 1310 916 1383 accipiebat
945 1308 1133 1379 pietas
1151 1305 1312 1377 apud
1340 1304 1652 1367 Barbaros,
1677 1310 1730 1358 et
1756 1305 1814 1358 in
1835 1303 1960 1357 dies
1977 1302 2239 1374 proﬁcie-

587 1401 710 1456 bat.
747 1399 1136 1453 Athanaricus
1177 1401 1375 1449 autem
1408 1409 1544 1447 cum
1579 1393 1932 1464 procedente
1974 1398 2239 1462 tempore

590 1506 650 1544 se
678 1506 712 1544 a
760 1489 1006 1550 damno,
1048 1484 1209 1556 quod
1246 1486 1577 1552 acceperat,
1619 1486 1963 1543 recreasset,
1995 1486 2047 1534 et
2078 1482 2135 1534 in
2161 1480 2240 1534 lo-

589 1594 726 1633 cum
757 1574 1069 1646 pristinum
1101 1571 1450 1636 revertisset,
1489 1586 1608 1624 non
1641 1569 1906 1641 pervenit
1933 1573 2131 1623 tamen
2163 1569 2239 1622 ad

591 1666 900 1736 pietatem:
949 1661 1050 1715 sed
1083 1659 1302 1714 multos
1352 1659 1592 1730 quidem
1645 1675 1712 1713 ex
1755 1658 2094 1713 Christianis
2136 1659 2241 1712 Go-

2354 508 2512 558 πάλαι
2559 510 2691 558 κατά
2739 511 2824 563 τήν
2869 509 3090 557 Νίκαιαν
3129 508 3217 555 καὶ
3274 506 3338 554 τὰ
3387 507 3483 555 ἶσα
3535 512 3750 576 φρονῶν,
3796 510 3940 562 συνή-

2356 592 2570 667 δρευσαν
2619 599 2828 667 ὕστερον
2860 599 2947 645 καὶ
2980 589 3056 654 οἶς
3085 595 3164 644 ὅτι
3205 591 3276 643 ὅτ’
3319 591 3366 642 ἐν
3407 593 3936 644 Κωνσταντινουπόλει

2354 684 2480 753 ἀγία
2509 689 2596 736 καὶ
2640 684 2964 754 οίκουμενική
3025 679 3243 754 δευτέρα
3298 684 3650 754 συνεκροτήθη
3712 679 3936 742 σύνοδος.

2354 773 2520 834 Οὗτος
2553 774 2678 846 ἀνήρ
2727 773 2898 843 λόγιος
2939 791 2991 823 τε
3021 777 3106 822 καὶ
3152 775 3396 841 νουνεχής
3431 774 3517 835 ὧν,
3547 772 3743 830 τύπους
3784 791 3938 844 γραμ-

2352 864 2525 933 μάτων
2578 869 2667 913 καὶ
2699 861 2996 932 ἀπηχὴσεις
3044 860 3209 911 αὐτῶν
3259 867 3319 930 τῇ
3369 861 3587 930 Γοτθικῇ
3641 857 3939 929 συμϐαίνον-

2353 969 2443 1011 τας
2500 950 2668 1022 ἐξεῦρε
2726 959 2884 1022 φωνῇ·
2939 951 3139 1008 τούτοις
3193 967 3244 999 τε
3292 952 3385 1004 τὴν
3433 949 3569 1020 ἱεράν
3608 948 3751 1018 ἡμῶν
3819 954 3938 1021 Γρα-

2353 1043 2449 1110 φήν
2489 1045 2576 1090 καὶ
2626 1042 2958 1091 θεόπνευστον
2992 1036 3090 1088 ἀπο
3134 1045 3223 1096 τῆς
3282 1033 3517 1098 Ἑλλοδος
3564 1037 3638 1096 εἰς
3684 1041 3776 1093 τήν
3825 1043 3937 1088 Γοτ-

2353 1128 2500 1185 θικήν
2543 1127 2782 1198 γλῶσσαν
2825 1125 3146 1198 μεταϐαλὼν,
3197 1129 3317 1186 τοὺς
3374 1124 3643 1196 ὀμοφίλους
3696 1125 3937 1196 ἐκμανθά-

2349 1236 2448 1268 νειν
2505 1220 2647 1288 πάσῃ
2717 1212 2923 1287 σπουδῇ
3002 1217 3383 1289 παρεσκεύασε.
3435 1218 3519 1266 Διό
3595 1219 3686 1266 καὶ
3759 1214 3937 1286 μᾶλλον

2349 1301 2576 1356 ἐπεδίδω
2619 1308 2761 1376 παρὰ
2816 1312 2924 1365 τοῖς
2973 1302 3254 1377 Βαρϐάροις
3317 1305 3346 1360 ἡ
3410 1302 3658 1369 εὐσέϐεια,
3720 1309 3809 1355 καὶ
3862 1303 3938 1356 ἐπὶ

2347 1397 2482 1464 μέγα
2553 1393 2668 1448 καθ’
2744 1393 2967 1450 ἑκάστην
3047 1396 3380 1464 προέκοπτεν.
3465 1393 3824 1464 Ἀθανάριχος
3885 1389 3938 1444 δὲ

2348 1489 2522 1556 χρόνῳ
2575 1482 2786 1556 ὕστερον
2818 1491 2910 1542 τῆς
2958 1485 3114 1540 ἣττης
3162 1480 3424 1531 ἀναλαϐὼν
3460 1479 3639 1531 ἐαυτὸν
3694 1488 3787 1542 τῆς
3828 1479 3937 1533 ἀσε-

3183 1568 3308 1620 ἀλλά
3395 1569 3512 1620 πολ)
3524 1574 3609 1629 ούς

2350 1570 2489 1632 ϐείας
2569 1571 2659 1622 οὐκ
2742 1569 3098 1641 ἀνελάμϐανεν,
3183 1569 3308 1620 ἀλλά
3395 1569 3609 1629 πολλοὺς
3685 1572 3773 1640 μὲν
3844 1579 3934 1620 τῶν

2349 1669 2677 1734 Χριστιανῶν
2733 1668 2846 1720 ταῖς
2901 1658 3179 1732 Βαρϐάροις
3235 1664 3324 1710 καὶ
3375 1660 3641 1717 Γοτθικαίς
3687 1657 3934 1730 βασάνοις

588 1753 758 1808 thicis
790 1756 846 1806 et
877 1750 1150 1804 Barbaris
1181 1747 1534 1816 subjiciebat
1558 1746 1895 1817 suppliciis:
1922 1747 2114 1814 magis
2141 1762 2223 1799 aut

2349 1748 2640 1801 ὑπέϐαλλεν
2689 1748 2766 1800 ἐπὶ
2824 1747 3012 1820 μᾶλλον
3055 1745 3111 1798 δέ
3157 1750 3291 1798 κατὰ
3318 1755 3406 1798 τοῦ
3457 1753 3689 1817 γενναίου
3719 1754 3926 1812 Numitor,

589 1846 704 1896 tem
741 1839 1091 1894 movebatur
1117 1836 1407 1891 adversus
1434 1850 1792 1902 generosum
1834 1835 2114 1900 Nicetam,
2138 1838 2242 1905 qui

587 1935 640 1985 et
667 1927 897 1998 generis
946 1926 1227 1988 claritate,
1266 1928 1323 1978 et
1352 1925 1567 1993 pietate
1614 1923 1933 1994 superabat
1988 1939 2084 1977 eos
2135 1921 2237 1995 qui

587 2024 755 2073 erant
787 2017 877 2070 sui
911 2013 1165 2084 generis.

660 2107 745 2160 IV.
782 2104 1058 2162 Gratiano
1103 2107 1302 2157 autem
1345 2102 1442 2172 pio
1474 2105 1529 2156 et
1574 2100 1846 2156 clementi
1894 2102 2230 2155 Romanum

587 2212 655 2252 ac
705 2199 1017 2267 paternum
1053 2189 1508 2246 administrante
1540 2190 1878 2260 imperium,
1931 2189 2150 2259 impius
2179 2190 2234 2242 et

586 2283 811 2339 caedem
847 2280 1080 2352 spirans
1106 2278 1517 2341 Athanaricus,
1552 2277 1678 2347 ipse
1719 2293 1823 2348 per
1854 2293 1914 2331 se
1945 2276 2232 2332 adversus

586 2373 716 2443 pios
743 2369 966 2425 caedem
1012 2365 1288 2438 parabat,
1313 2371 1367 2419 et
1399 2364 1710 2429 efﬁciebat,
1745 2371 1806 2420 ut
1836 2365 1937 2436 qui
1978 2366 2030 2420 ei
2060 2381 2232 2435 pare-

585 2462 755 2525 bant,
785 2458 988 2529 ipsum
1010 2455 1405 2509 imitarentur.
1433 2452 1530 2506 Isti
1549 2469 1689 2524 ergo
1715 2453 1816 2508 Dei
1841 2455 2043 2508 hostes
2067 2470 2230 2509 exse-

587 2547 810 2614 crandi,
867 2544 1097 2600 occulta
1142 2545 1218 2614 (8)
1273 2542 1535 2613 quotidie
1568 2543 1883 2611 impietate,
1945 2543 2225 2614 martyris

583 2653 763 2691 causa
795 2631 1286 2702 indignabantur,
1321 2646 1457 2684 cum
1492 2633 1679 2700 pietas
1704 2631 1980 2702 martyris
2014 2631 2073 2685 in
2102 2631 2228 2686 dies

584 2723 1020 2795 praedicaretur,
1038 2719 1552 2773 discruciabantur
1565 2719 1799 2784 animis,
1823 2720 2221 2786 minabantur,

583 2810 1080 2880 aggrediebantur
1109 2823 1245 2862 eum
1297 2807 1370 2860 de
1425 2806 1623 2860 medio
1658 2807 1872 2862 tollere.
1915 2809 2055 2873 Quae
2101 2810 2225 2881 qui-

579 2901 716 2955 dem
766 2899 998 2953 Nicetas
1050 2913 1257 2966 parum
1309 2911 1540 2959 curans,
1581 2895 1966 2951 nihilominus
2018 2912 2228 2967 perge-

2349 1840 2453 1908 ὅσῳ
2485 1844 2572 1889 καὶ
2602 1847 2672 1907 τῷ
2714 1841 3120 1911 περιφανεστέρῳ
3164 1846 3254 1888 τοῦ
3305 1841 3482 1906 γένους
3525 1841 3610 1888 καὶ
3657 1846 3742 1898 τῆς
3781 1839 3922 1889 εὐσε-

2349 1925 2487 1987 ϐείας
2513 1936 2610 1977 τῶν
2643 1928 2896 1997 ὁμογενῶν
2928 1924 3148 1998 ἐκράτει,
3179 1927 3471 1997 κινούμενος
3501 1921 3582 1982 ἦν.

2415 2103 2482 2155 Δ’.
2513 2110 2795 2177 Γρατιανού
2828 2099 2886 2155 δὲ
2930 2109 3216 2159 τηνικαῦτα
3260 2109 3347 2153 τοῦ
3381 2100 3617 2161 εύσέϐοῡς
3641 2106 3731 2153 καὶ
3769 2105 3930 2174 πράου

2339 2197 2430 2250 τὴν
2459 2192 2748 2262 Ῥωμαϊκήν
2797 2212 2849 2243 τε
2892 2196 2980 2243 καὶ
3028 2195 3282 2254 πατρικὴν
3349 2189 3612 2250 διέποντος
3664 2189 3860 2262 ἀρχήν,
3910 2193 3932 2241 ὁ

2342 2278 2604 2342 δυσσεϐὴς
2657 2287 2744 2333 καὶ
2790 2286 3062 2352 μιαιφόνος
3119 2281 3469 2353 Ἀθανάριχος
3522 2279 3678 2339 αὐτὸς
3729 2275 3933 2329 ,Νέαν-

2337 2359 2428 2422 τθυ
2487 2375 2578 2428 τήν
2636 2373 2770 2421 κατά
2816 2378 2914 2420 τῶν
2970 2367 3188 2420 εὐσεϐῶν
3251 2373 3546 2440 μιαιφονίαν
3613 2366 3932 2438 ἕπαλαμᾶτο,

2337 2463 2425 2510 καὶ
2461 2463 2578 2520 τούς
2618 2461 2716 2510 ύπό
2757 2465 2915 2530 χεῖρα
2953 2459 3230 2529 μιμεῖσθαι
3256 2457 3635 2530 παρεκελεύετο.
3671 2457 3738 2507 Οἱ
3768 2461 3933 2507 τοίνυν

2340 2549 2593 2618 θεομισείς
2639 2547 2780 2599 οὗτοι
2851 2553 2936 2597 καὶ
3021 2544 3300 2617 ἀλιτήριοι,
3385 2549 3745 2617 κρυπτομένης
3819 2544 3932 2596 καθ’

2336 2635 2558 2693 ἑκάστην
2623 2645 2716 2698 τῆς
2769 2634 3022 2705 ἀσεϐείας,
3079 2643 3167 2687 τοῦ
3239 2637 3500 2707 μάρτυρος
3585 2633 3930 2704 ἠγανάκτουν,

2336 2725 2594 2788 ἠπείλουν,
2630 2722 2926 2797 ἐσφάδαζον
2975 2732 3082 2786 τοῖς
3131 2726 3331 2794 θυμοῖς,
3367 2723 3553 2774 ἀνελεῖν
3607 2722 3925 2797 ἐπεχείρουν.

2334 2812 2523 2886 Ὧνπερ
2554 2812 2618 2872 δή
2645 2821 2874 2875 Νικήτας
2912 2813 3122 2887 βραχέα
3150 2816 3454 2884 φροντίζων,
3485 2809 3634 2864 οὐδὲν
3666 2813 3815 2870 ἧττον
3838 2820 3927 2864 τοῦ

2335 2910 2429 2962 τῆς
2500 2903 2753 2963 εὐσεϐείας
2827 2907 3161 2978 κηρύγματος
3231 2907 3546 2972 περιείχετο.
3607 2901 3756 2962 Τέλος
3807 2907 3927 2975 πρὸς

578 2988 682 3043 bat
711 2986 1036 3060 praedicare
1069 2985 1364 3056 pietatem.
1399 2984 1660 3039 Tandem
1693 2986 1749 3038 in
1782 2985 1929 3039 iram
1958 2993 2223 3055 apertam

2335 2994 2551 3063 φανερὰν
2604 2992 2892 3066 ἐκραγέντες
2953 2991 3125 3063 ὀργὴν,
3170 2989 3354 3062 ἀθρόον
3412 2989 3729 3053 ἐπιστάντες,
3793 2990 3837 3040 ἐν
3885 2988 3924 3060 ᾧ

580 3082 972 3148 erumpentes,
1005 3082 1242 3146 repente
1276 3081 1593 3144 martyrem
1645 3074 1934 3130 invadunt
1968 3091 2038 3130 eo
2079 3082 2228 3131 tem-

577 3183 740 3238 pore,
774 3182 892 3236 quo
926 3163 1300 3235 prmdicabat,
1326 3165 1639 3234 ipsumque
1661 3163 1919 3234 rapiunt,
1945 3165 2074 3219 etvi
2109 3171 2222 3220 tra-

575 3257 746 3320 hunt,
779 3262 834 3309 et
867 3260 1095 3322 urgent,
1134 3258 1193 3307 ut
1223 3251 1401 3306 ﬁdem
1437 3251 1686 3321 abjuret.
1717 3253 1827 3308 Sed
1846 3253 1936 3306 ille
1978 3253 2221 3324 quidem

576 3359 686 3398 nec
714 3341 928 3410 verbis,
966 3357 1070 3394 nec
1096 3339 1267 3395 factis
1299 3339 1596 3394 desistens
1624 3356 1659 3394 a
1687 3341 1920 3410 pietate,
1955 3347 2008 3394 et
2039 3341 2222 3395 libera

576 3431 783 3486 Christi
839 3429 1224 3493 confessione,
1279 3433 1332 3482 et
1367 3427 1444 3482 ab
1484 3428 1832 3482 honorando
1866 3443 1934 3482 eo
1972 3432 2034 3483 ut
2079 3429 2217 3496 Deo,

570 3519 779 3574 ludum
810 3524 862 3571 et
896 3517 1233 3571 irrisionem
1266 3531 1392 3570 esse
1422 3514 1774 3570 ostendebat
1801 3515 2030 3571 illorum
2055 3516 2221 3572 inva-

573 3607 824 3662 sionem.
884 3605 965 3659 llli
999 3611 1195 3660 autem
1229 3620 1364 3658 cum
1413 3603 1823 3658 contrivissent
1869 3611 2064 3676 partes
2091 3607 2218 3676 ejus

571 3694 834 3764 corporis
865 3695 923 3763 (ο
975 3693 1263 3762 insaniat)
1297 3708 1434 3746 eum
1481 3692 1658 3746 etiam
1715 3692 1774 3746 in
1840 3693 2037 3762 ignem
2089 3695 2217 3764 inji-

571 3783 751 3838 ciunt.
769 3781 880 3836 Sed
905 3782 987 3835 sic
1002 3796 1242 3850 quoque
1263 3779 1493 3849 patiens
1518 3786 1778 3844 sanctus,
1804 3796 1996 3852 neque
2014 3783 2220 3851 lingua

568 3869 891 3924 desistebat
945 3872 1124 3923 Deum
1152 3867 1392 3938 hymnis
1444 3866 1761 3932 celebrare,
1797 3885 1991 3940 neque
2043 3872 2217 3926 corde

568 3958 627 4012 in
660 3974 799 4013 eum
839 3958 1089 4012 credere.
1143 3955 1434 4021 Quocirca
1465 3955 1541 4010 ad
1571 3955 1752 4010 ﬁnem
1785 3973 1976 4029 usque
2007 3961 2219 4016 immo-

566 4047 747 4101 bilem
774 4063 1018 4101 servans
1052 4043 1504 4109 confessionem,
1543 4060 1678 4097 cum
1721 4045 1921 4099 multis
1948 4047 2078 4102 aliis
2114 4053 2219 4118 qui

567 4127 730 4190 erant
761 4135 1029 4206 ejusdem
1063 4133 1292 4202 generis
1324 4139 1379 4188 et
1405 4131 1566 4201 ﬁdei,
1599 4132 1816 4202 dignus
1851 4133 1955 4189 fuit
1978 4136 2218 4193 habitus

566 4225 801 4279 coronis
854 4223 1207 4295 martyricis,
1262 4222 1465 4278 anima
1532 4237 1640 4277 sua
1706 4222 1763 4277 in
1838 4240 2050 4280 manus
2117 4227 2215 4282 Dei

564 4312 796 4370 tradita.

637 4401 705 4455 V.
750 4402 1042 4456 Marianus
1067 4405 1265 4454 autem
1287 4399 1529 4469 quidem
1546 4401 1633 4454 vir
1646 4400 1951 4470 pius,Cilix
1971 4419 2206 4472 genere,

564 4505 634 4546 ex
661 4488 915 4554 civitate,
947 4503 1081 4558 quae
1116 4486 1230 4540 illic
1274 4492 1380 4550 est,
1427 4493 1608 4550 ortus,
1656 4490 1896 4544 nomine
1941 4491 2207 4562 Mopsue-

565 4578 674 4633 stia
722 4576 819 4647 (9),
851 4575 948 4630 illo
989 4580 1254 4644 tempore
1302 4589 1544 4628 versans
1592 4575 1650 4629 in
1682 4575 1851 4640 locis,
1886 4594 2014 4649 quin
2069 4587 2208 4636 sunt

562 4667 718 4723 circa
741 4665 977 4730 Istrum,
1024 4668 1264 4735 propter
1291 4663 1432 4717 ﬁdei
1458 4664 1938 4732 conjunctionem
1978 4675 2031 4724 et
2075 4686 2203 4725 mo-

559 4773 692 4812 rum
729 4753 1200 4817 similitudinem,
1251 4768 1383 4824 quae
1411 4752 1658 4823 quidem
1692 4769 1908 4823 magna
1936 4774 2006 4812 ex
2037 4766 2202 4830 parte

561 4845 713 4899 inter
745 4861 806 4898 se
832 4843 1216 4910 conveniunt,
1248 4846 1516 4896 evaserat
1551 4844 1790 4912 martyri
1827 4845 2128 4903 familiaris
2148 4855 2203 4905 et

561 4933 810 4996 amicus,
845 4937 900 4984 et
938 4929 1187 4998 degebat
1216 4928 1274 4982 in
1307 4929 1530 4984 eisdem
1576 4930 1804 4985 aedibus
1835 4935 2020 4990 multo
2052 4942 2200 4992 tem-

559 5037 722 5091 pore.
755 5021 852 5074 Hic
885 5026 1203 5090 postquam
1229 5017 1322 5072 ille
1353 5017 1534 5072 ﬁnem
1565 5019 1893 5090 accepisset
1925 5028 2202 5098 martyri-

559 5123 717 5174 cum,
749 5107 1250 5172 considerabat,et
1270 5107 1488 5162 multas
1508 5109 1670 5179 apud
1697 5124 1757 5164 se
1786 5114 2070 5170 versabat
2100 5132 2198 5172 co-

630 5297 705 5366 (8)
741 5297 838 5352 Hic
871 5297 1139 5381 dissentit
1169 5301 1570 5381 interpretatio
1599 5303 1806 5381 Latina
1835 5308 1996 5376 apud
2034 5309 2199 5381 Lipo-

554 5382 827 5451 manum",
867 5367 1083 5437 illaque
1115 5367 1806 5451 nequit'conciliaricum
1846 5367 2198 5451 a‘pographo

550 5441 987 5564 ﬂigigrgaGreeco
1019 5454 1148 5492 :res
1177 5441 1371 5497 tamen
1404 5450 1493 5500 est
1516 5446 1736 5501 nullius
1770 5441 2054 5505 momenti
2080 5441 2196 5523 'pro

613 5573 710 5644 (9).
736 5575 1107 5646 Mopsuestia
1131 5578 1273 5634 urbs
1287 5588 1377 5640 est
1401 5584 1755 5658 episcopalis
1779 5589 2010 5660 Ciliciae,
2033 5594 2197 5665 apud

2334 3084 2418 3130 τόν
2459 3089 2551 3141 τῆς
2611 3079 2849 3142 ἀληθείας
2893 3082 3038 3152 λόγον
3106 3081 3129 3130 ὁ
3183 3082 3384 3151 μάρτυς
3426 3077 3722 3148 ἐκήρυττεν,
3769 3078 3924 3151 ἀναρ-

2332 3169 2564 3228 πάζουσί
2607 3189 2659 3220 τε
2716 3169 2869 3220 αὐτόν
2909 3174 2996 3220 καὶ
3048 3169 3256 3220 ἕλκουσι
3305 3165 3423 3239 βίᾳ,
3453 3173 3540 3219 καὶ
3592 3174 3681 3224 τὴν
3750 3172 3925 3219 πίστιν

2333 3256 2600 3328 ἀπώμοτον
2652 3261 2833 3310 θέσθαι
2871 3260 3381 3328 καταχαγκάζουσιν.
3439 3257 3570 3309 Ἀλλ’
3609 3259 3632 3308 ὁ
3683 3260 3793 3328 μεν,
3839 3253 3920 3308 δι’

2330 3343 2395 3395 ὧν
2441 3366 2493 3398 τε
2534 3347 2690 3416 ἔλεγε,
2761 3345 2832 3398 δι’
2879 3348 2944 3398 ὠν
3004 3367 3056 3398 τε
3113 3345 3290 3410 ἐποίει,
3344 3354 3435 3406 τῆς
3506 3344 3764 3407 εὐσεϐείας
3831 3345 3925 3397 οὐκ

2331 3433 2687 3506 ἀφιστάμενος,
2733 3442 2820 3488 καὶ
2870 3444 2959 3487 τοῦ
3007 3434 3278 3509 παρρησίᾳ
3323 3438 3406 3486 τόν
3450 3439 3678 3506 Χριστόν
3738 3435 3927 3506 ὁμολο-

2327 3532 2455 3594 γεῖν,
2505 3530 2594 3576 καὶ
2637 3528 2700 3585 ὼς
2740 3531 2845 3595 Θεῷ
2891 3528 3052 3596 τούτῳ
3095 3528 3372 3599 προσάγειν
3413 3527 3468 3574 τὸ
3510 3522 3684 3584 σέϐας,
3715 3523 3921 3594 χλεύην

2327 3618 2414 3665 κάξ
2442 3610 2657 3665 παιδιὰν
2686 3613 2927 3686 ἀπέφαινε
2979 3618 3072 3672 τὴν
3103 3613 3297 3664 ἐκείνων
3348 3611 3586 3664 ἐπίθεσιν.
3616 3614 3682 3663 Οἱ
3713 3608 3772 3664 δὲ
3819 3619 3914 3663 τοῦ

2329 3702 2561 3774 σῶματος
2629 3703 2994 3775 συντρίψαντες
3050 3707 3202 3776 μέρη,
3248 3708 3336 3773 φεύ
3394 3709 3480 3761 τῆς
3529 3701 3712 3772 μανίας
3781 3699 3915 3764 εἶτα,

2327 3797 2413 3842 καὶ
2460 3797 2584 3863 πυρὶ
2639 3794 2936 3866 ῥιπτούσιν.
2971 3791 3125 3843 Ἀλλά
3153 3796 3240 3843 καὶ
3278 3791 3412 3842 οὕτω
3455 3792 3678 3861 πάσχων
3721 3791 3745 3840 ὁ
3777 3790 3922 3860 ἅγιος

2326 3884 2438 3931 οὔτε
2484 3886 2575 3938 τὴν
2625 3882 2851 3951 γλῶτταν
2884 3877 2994 3952 εἶχε
3024 3889 3122 3932 τῶν
3173 3879 3244 3941 εἰς
3289 3887 3422 3931 Θεοῦ
3481 3879 3650 3951 ὕμνων
3700 3878 3923 3950 ἀφιστα-

2326 3971 2500 4038 μένην,
2551 3973 2664 4020 οὔτε
2710 3973 2801 4026 τὴν
2854 3966 3076 4042 καρδίαν
3132 3976 3228 4029 τῆς
3284 3971 3413 4040 πρὸς
3463 3967 3616 4019 αύτὸν
3671 3972 3918 4027 πίστεως.

2326 4059 2412 4107 Διὸ
2459 4061 2548 4107 καὶ
2597 4062 2758 4129 μέχρι
2806 4057 2982 4119 τέλους
3023 4057 3199 4114 ἀκλινῆ
3246 4062 3338 4115 τὴν
3397 4056 3671 4128 ὁμολογίαν
3724 4053 3923 4108 διασω-

2327 4147 2558 4217 σάμενος,
2597 4150 2688 4197 σὺν
2729 4147 2900 4208 ἄλλοις
2928 4147 3133 4207 πολλοῖς
3185 4155 3284 4198 τῶν
3338 4147 3594 4218 ὁμογενῶν
3644 4155 3742 4198 τῶν
3785 4166 3919 4219 μαρ-

2323 4243 2543 4308 τυρικῶν
2573 4235 2770 4297 ἠξιώθη
2807 4238 3087 4307 στεφάνων,
3123 4235 3193 4295 εἰς
3222 4243 3410 4310 χεῖρας
3448 4239 3574 4287 Θεοῦ
3607 4240 3700 4293 τὴν
3730 4237 3918 4306 ψυχὴν

2323 4325 2687 4396 παραθέμενός.

2521 4418 2780 4487 Μαριανὸς
2827 4411 2885 4466 δέ
2919 4435 2998 4474 τις
3029 4413 3155 4488 ἀνὴρ
3183 4412 3421 4482 εὐσεϐὴς,
3455 4413 3605 4476 Κίλιξ
3655 4417 3714 4465 τὸ
3753 4420 3907 4484 γένος,

2321 4499 2372 4551 ἐκ
2446 4510 2540 4562 τῆς
2587 4505 2749 4555 ἐκεῖσε
2805 4503 2995 4564 πόλεως
3049 4501 3411 4573 Μοψουεστίας
3461 4504 3754 4575 ὁρμώμενος
3799 4501 3908 4553 κατ’

2319 4588 2476 4641 ἐκεῖνο
2508 4598 2689 4663 καιροῦ
2721 4599 2828 4652 τοῖς
2857 4597 2970 4664 περὶ
3015 4595 3097 4643 τόν
3127 4590 3332 4665 Ἴστρον
3383 4587 3664 4664 διατρίϐων
3714 4597 3910 4655 τόποις,

2317 4684 2552 4750 κοινωνίᾳ
2599 4684 2838 4742 πίστεως.
2893 4685 2979 4732 καὶ
3035 4680 3306 4752 ὁμοιότητι
3341 4684 3542 4752 τρόπων
3580 4681 3727 4753 (ὅπερ
3772 4678 3909 4733 οἶδεν

2315 4769 2382 4828 ὡς
2415 4770 2481 4818 τά
2510 4767 2668 4819 πολλά
2721 4769 3040 4840 συμϐαίνειν)
3073 4769 3294 4832 ξυνήθης
3324 4773 3408 4819 καὶ
3467 4768 3613 4839 φίλος
3659 4778 3731 4838 τῷ
3782 4772 3910 4842 μάρ-

2313 4875 2430 4928 τυρι
2487 4861 2574 4907 καὶ
2652 4858 2920 4930 ὁμορὸφιος
2971 4863 3167 4929 γίνεται
3219 4861 3409 4932 χρόνον
3463 4857 3690 4910 πλείονα.
3747 4856 3911 4917 Οὗτος

2311 4947 2440 5015 μετά
2492 4949 2548 4996 τό
2595 4952 2912 5020 μαρτυρικόν
2961 4947 3151 5000 ἐκείνου
3205 4947 3364 5013 τέλος,
3433 4943 3762 4999 διεσκοπεῖτο
3821 4953 3915 4999 καὶ

2310 5032 2524 5094 πολλούς
2575 5037 2743 5108 ἔτρεφε
2789 5039 2907 5087 καθ’
2961 5036 3138 5088 ἑαυτὸν
3196 5035 3500 5106 λογισμούς,
3545 5040 3663 5087 τίνα
3721 5043 3914 5109 τρόπον

2313 5117 2530 5172 δυνατόν
2565 5126 2760 5193 γένοιτο
2791 5129 2846 5176 τό
2899 5133 2989 5177 τοῦ
3021 5125 3166 5196 φίλου
3218 5133 3388 5195 σῶμα,
3423 5127 3642 5196 τοιούτῳ
3674 5126 3917 5196 μάλιστα

2310 5317 2802 5393 geographo§__et_
2841 5318 3161 5393 historicos
3209 5318 3349 5393 satis
3408 5324 3578 5393 nota.
3633 5322 3915 5393 Aliquem

2311 5390 2508 5465 autem
2535 5404 2611 5465 ex
2652 5386 2846 5465 Cilicia
2877 5388 3056 5444 fuisse
3087 5390 3249 5465 apud
3291 5389 3535 5465 Gothos,
3583 5407 3700 5447 non
3731 5386 3917 5449 debet

2312 5456 2490 5530 videri
2531 5457 2874 5513 incredibile
2908 5477 2920 5524 ;
2954 5476 3089 5514 cum
3129 5456 3195 5514 'S.
3230 5461 3618 5530 Augustinus,
3669 5481 3818 5519 num
3887 5471 3919 5518 ὅ

2314 5526 3042 5608 Commentariiutestetur,
3072 5546 3135 5608 se
3184 5526 3373 5600 egisse
3407 5545 3544 5587 cum
3597 5526 3919 5604 fratribus,

2309 5597 2413 5668 qui
2444 5597 2558 5654 illic
2589 5600 2855 5657 similiter
2879 5597 3135 5658 fuerant.
