4142 6278
231 303 334 363 709

230 429 362 483 τέλει
421 431 807 500 κεκοσμημένον
858 445 870 456 ·

232 527 324 571 τοῦ
356 521 518 591 ἔχειν,
565 520 634 579 ὡς
679 519 782 570 οἶόν
833 537 886 569 τε
928 521 1016 568 καὶ
1047 519 1175 587 μετὰ
1207 519 1423 569 θάνατον
1450 533 1465 548 ·
1499 521 1633 572 οὕτω
1659 541 1830 590 τοιγα-

233 616 355 680 ροῦν
411 610 776 680 σκοπούμενος,
841 604 971 679 ἀωρί
1023 625 1146 657 ποτε
1209 614 1308 657 τῶν
1361 616 1556 660 νυκτῶν
1609 604 1702 660 διὰ
1751 612 1833 660 τὸν

235 698 588 768 ’Δθαναρίχου
639 695 793 768 φόϐον
847 694 1021 765 (αὐτὸς
1069 697 1170 769 γὰρ
1212 695 1352 765 ἀύτῷ
1396 701 1489 754 τὴν
1519 705 1609 749 τοῦ
1639 717 1836 771 μαρτυ.

237 795 385 859 ρικοὺ
433 792 672 858 σώματος
713 783 970 854 ἀνάληψιν
1009 783 1068 836 οὐ
1116 786 1302 855 μεθίει)
1349 783 1565 846 έπιστάς
1613 785 1660 837 έν
1771 789 1836 837 τά

240 884 338 928 τῶν
389 875 549 945 ἀγίων
613 871 882 948 διέῤῥιπτο
956 872 1194 942 λείψανα,
1267 871 1373 925 ἐπεὶ
1446 874 1644 944 ἀγνοεῖν
1723 873 1835 947 εἶχε

239 969 384 1016 ποῖόν
430 963 542 1016 ἐστι
586 968 642 1016 τό
683 963 1107 1034 ἐπιζητούμενον,
1159 965 1300 1033 παρὰ
1350 965 1530 1014 τούτου
1576 960 1834 1017 διδάσκε-

239 1073 344 1122 ται,
404 1053 526 1125 παρ’
593 1052 654 1104 οὗ
707 1055 796 1103 καὶ
847 1053 1009 1123 μάγοι
1055 1055 1146 1108 τὴν
1214 1049 1402 1102 ἐκείνου
1455 1056 1831 1126 προσκύνησιν.

241 1145 460 1213 Δύναμις
517 1143 618 1214 γὰρ
691 1140 908 1212 οὐρανία
962 1159 1040 1200 τις
1105 1143 1192 1190 καὶ
1257 1138 1552 1211 ἀσώματος,
1619 1140 1834 1213 ἀστέρος

241 1229 538 1283 ὑπελθοῦσα
588 1233 810 1302 μορφὴν,
856 1236 948 1280 τοῦ
997 1223 1241 1301 χρηστοῦ
1297 1236 1576 1301 προηγεῖτο
1631 1237 1832 1303 Μαριαο

239 1327 328 1371 νοῦ
380 1318 520 1390 μάλα
571 1326 747 1390 σαφῶς
825 1323 912 1369 καὶ
979 1321 1247 1390 γνωρίμως
1299 1334 1312 1347 ⁶
1373 1323 1462 1370 καὶ
1517 1321 1610 1370 οὐκ
1664 1318 1831 1377 ἀπέση

239 1416 390 1461 τοῦτο
453 1416 612 1459 ποιῶν
669 1410 694 1458 ό
740 1412 1034 1479 φαινόμενος
1086 1406 1268 1466 ἐκεῖνος
1323 1407 1513 1480 ἀστὴρ,
1573 1409 1661 1468 ἕως
1718 1410 1835 1461 ὑπέ-

239 1494 376 1558 δειξε
420 1499 480 1548 τό
527 1498 862 1566 ποθούμενον.
903 1499 972 1548 Τὸ
1015 1491 1072 1546 δὲ
1127 1492 1208 1558 ἦν,
1250 1495 1307 1546 οὗ
1353 1495 1591 1565 λείψανόν
1649 1516 1700 1548 τι
1746 1503 1832 1550 καὶ

236 1591 410 1659 μέρος,
466 1583 595 1636 ἀλλὰ
652 1593 806 1656 σῶμα
862 1583 1140 1657 ὁλόκληρον
1206 1591 1300 1644 τῆς
1358 1589 1619 1656 μακαρίας
1677 1589 1835 1647 ὄντως

237 1673 420 1745 ψυχῆς
469 1676 598 1745 μετά
648 1682 747 1725 τῶν
793 1673 978 1741 ἄλλων,
1031 1681 1257 1746 κρεῖττον
1307 1675 1455 1744 φανὲν
1512 1679 1600 1725 καὶ
1644 1678 1830 1745 πυρός,

1332 291 1769 364 MARTYRIUM
1809 295 1874 370 Ξ.
1910 305 2189 364 ΝΙϐΕΤιΕ
2227 293 2474 368 GOTIH.

932 425 1176 486 ἠϐούλετο
1223 430 1321 502 γὰρ
1375 428 1688 504 ἀχωρίστως
1744 431 1834 483 ἀύ-

1951 431 2280 501 gitationes,
2306 447 2572 504 quonam
2587 431 2770 488 modo
2787 437 3211 506 possetcorpus
3231 437 3404 493 amici
3432 439 3588 494 acci-

3475 305 3583 374 710

1944 535 2102 590 pere,
2146 520 2405 574 maxime
2428 519 2524 575 tali
2553 519 2667 574 ﬁne
2689 527 2966 576 ornatum
2998 538 3011 576 :
3041 523 3273 579 volebat
3304 529 3463 582 enim
3503 527 3582 583 ab

1943 607 2074 678 ipso
2112 624 2232 663 non
2274 608 2554 680 separari,
2597 617 2884 679 quantum
2929 617 3173 681 poterat,
3233 614 3408 669 etiam
3453 621 3585 686 post

1945 702 2216 751 mortem.
2253 695 2399 752 Cum
2437 713 2578 768 ergo
2609 697 2690 751 sic
2721 699 3139 764 consideraret,
3196 703 3434 758 tandem
3497 705 3584 759 in-

1947 789 2236 854 tempesta
2267 790 2438 841 nocte
2466 792 2702 858 propter
2739 794 2964 842 metum
3019 789 3377 862 Athanarici,
3433 794 3585 862 (ipse

1943 873 2100 926 enim
2129 888 2247 928 non
2281 875 2674 944 permittebat,
2711 881 2771 930 ut
2801 875 3164 946 acciperetur
3190 894 3406 949 corpus
3430 896 3586 936 mar-

1944 960 2105 1031 tyris)
2125 963 2416 1017 accedens
2430 962 2489 1016 in
2504 978 2638 1017 eum
2656 964 2940 1028 locum,in
2959 981 3079 1036 quo
3093 974 3259 1022 erant
3304 969 3586 1039 projectte

1944 1056 2278 1105 sanctorum
2309 1051 2589 1122 reliquias,
2621 1051 2906 1122 quoniam
2928 1053 3245 1122 ignorabat
3273 1058 3584 1127 quodnam

1943 1143 2095 1192 esset
2123 1139 2286 1209 quod
2313 1138 2706 1210 quaerebatur,
2740 1140 2816 1195 ab
2847 1155 2916 1195 eo
2949 1142 3194 1196 docetur
3223 1159 3259 1199 a
3288 1160 3410 1214 quo
3434 1146 3588 1216 Magi

1943 1225 2442 1281 didiceruntillius
2456 1227 2893 1284 adorationem.
2914 1230 3105 1284 Virtus
3117 1231 3274 1286 enim
3301 1235 3584 1303 quaedam

1944 1314 2196 1369 caelestis
2214 1319 2268 1369 et
2283 1315 2840 1386 incorporea,stellaa
2859 1315 3043 1372 forma
3061 1321 3585 1390 suscepta,bonum

1945 1402 2312 1473 praecedebat
2336 1402 2664 1458 Marianum
2694 1411 2892 1474 aperte
2923 1410 2979 1460 et
3009 1407 3330 1473 evidenter,
3393 1425 3587 1481 neque

1943 1490 2162 1545 destitit
2182 1491 2294 1546 hoc
2323 1489 2509 1546 facere
2540 1491 2638 1547 illa
2667 1492 2853 1558 stella,
2881 1509 3010 1564 quae
3037 1497 3587 1566 apparebat,donec

1943 1578 2272 1633 ostenditid
2302 1579 2467 1649 quod
2496 1579 2963 1635 desiderabatur.
2995 1582 3057 1636 Id
3087 1589 3286 1638 autem
3315 1593 3436 1640 erat
3467 1602 3588 1641 non

1943 1666 2208 1737 reliquias
2231 1666 2446 1738 aliquae
2475 1673 2531 1722 et
2556 1682 2720 1738 pars,
2750 1668 2853 1722 sed
2880 1685 3097 1739 corpus
3117 1670 3412 1740 integrum
3435 1674 3586 1728 illius

240 1764 414 1838 ὥσπερ
473 1765 576 1838 ἄρα
628 1767 714 1814 καὶ
762 1761 950 1822 κλῆσις
1007 1760 1272 1826 ἠϐούλετο,
1325 1761 1454 1820 πλὴν
1527 1763 1647 1814 ὅσον
1703 1767 1829 1834 ἴχνη

1951 1769 2079 1808 vere
2110 1753 2299 1809 beatae
2332 1755 2568 1810 animae.
2621 1757 2791 1819 Quod
2830 1757 3076 1826 quidem
3125 1760 3406 1830 apparuit
3454 1762 3588 1832 igne

240 1854 356 1903 τινὰ
408 1851 612 1916 σώζειν,
644 1855 731 1903 καὶ
773 1847 896 1903 οὐδε
925 1858 1091 1902 ταῦτα
1135 1859 1298 1922 σαφῆ,
1349 1849 1460 1902 ἀλλ’
1512 1853 1646 1904 ὥστε
1676 1849 1834 1911 δῆλον

241 1937 392 2006 εἶναι,
441 1942 522 1994 ὅτι
565 1945 693 2012 πυρὶ
721 1940 1142 2014 προσωμίλησεν.
1190 1947 1354 1992 Τοῦτο
1400 1945 1568 1992 τοίνυν
1609 1945 1665 1993 τό
1704 1945 1835 2016 ἱερὸν

245 2037 398 2100 σῶμα
431 2031 562 2102 θήκῃ
598 2029 775 2092 ἐνθεὶς,
809 2034 898 2081 καὶ
945 2036 1308 2103 μαρτυρικαῐς,
1358 2031 1529 2102 ὥσπερ
1583 2027 1709 2094 ἔδει,
1763 2051 1838 2082 τι·

245 2127 354 2188 μῶν
411 2117 739 2188 ἱερολογίαις,
809 2117 881 2179 εἰς
929 2121 1020 2176 τὴν
1079 2117 1260 2170 ἑαυτοῦ
1315 2115 1550 2190 πατρίδα
1621 2138 1836 2190 μετακοο

240 2206 403 2276 μίξει.

329 2474 423 2548 ς’.
460 2470 558 2519 Καὶ
603 2473 662 2537 τῇ
723 2461 963 2537 ἰδιωτικῇ
1006 2469 1297 2538 παραμένον
1342 2465 1501 2536 οἰκίᾳ,
1536 2461 1838 2535 δημοτελεῖς

240 2552 471 2625 ἐπήγαζε
529 2557 622 2616 τὰς
654 2556 832 2614 ἰάσεις.
880 2559 979 2607 Καὶ
1007 2557 1107 2628 γὰρ
1141 2553 1338 2625 ἀγαθῆς
1367 2554 1434 2604 ὢν
1462 2552 1644 2624 ψυχῆς
1674 2549 1830 2623 οἶκος,

241 2648 339 2715 μιᾷ
376 2645 709 2716 περιγράφειν
758 2643 899 2715 οἰκίᾳ
939 2646 1029 2705 τάς
1085 2641 1224 2705 ἰδίας
1277 2643 1372 2695 οὐκ
1411 2643 1594 2714 ἠγάπα
1638 2645 1835 2714 θαυμα-

241 2736 506 2804 τουργίας,
551 2731 681 2783 ἀλλά
708 2736 878 2784 κοινὸν
927 2729 987 2790 ἧν
1039 2731 1453 2802 Μοψουεστηνών
1480 2731 1778 2802 ἑντρύφημα
1818 2749 1830 2763 ·

241 2819 431 2891 μᾶλλον
484 2816 542 2871 δὲ
592 2825 680 2871 καὶ
717 2827 814 2871 τῶν
866 2817 1154 2889 ἀλλαχόθεν
1195 2825 1505 2889 φοιτώντων,
1549 2818 1835 2881 ἀπόλαυσις

243 2909 302 2960 οὐ
360 2904 393 2959 δ
397 2912 702 2978 απανωμένη
713 2948 725 2960 .

243 2997 472 3066 μάρτυρι
514 2992 845 3067 ἀνεγείρεται,
892 2998 980 3044 καὶ
1029 2993 1179 3053 αὐτὸς
1214 2996 1269 3044 τὸ
1317 2997 1490 3063 τίμιον
1520 2989 1839 3063 ὑποδέχεται

803 2912 984 2980 Χρόνῳ
1051 2904 1108 2958 δε
1178 2906 1392 2980 ὕστερον
1453 2909 1541 2956 καὶ
1594 2910 1715 2964 ναός
1764 2915 1836 2974 τῷ

1944 1841 2127 1896 fuisse
2150 1842 2468 1913 potentius,
2494 1843 2642 1898 sicut
2669 1843 2847 1899 etiam
2874 1845 3111 1900 volebat
3164 1847 3292 1917 ejus
3323 1850 3592 1920 appella-

1945 1930 2047 1999 tio,
2073 1930 2357 2002 nisiquod
2406 1932 2599 1986 solum
2653 1933 2935 2004 quaedam
2998 1935 3272 1990 servabat
3325 1938 3586 2006 vestigia,

1945 2035 2139 2092 neque
2165 2036 2232 2075 ea
2271 2025 2495 2092 aperta,
2523 2021 2627 2075 sed
2653 2026 2714 2075 ut
2742 2025 2973 2076 tantum
3007 2029 3341 2094 appareret,
3363 2025 3420 2078 id
3453 2042 3590 2081 cum

1946 2109 2082 2179 igne
2121 2125 2250 2163 esse
2281 2124 2692 2178 congressum.
2725 2111 2846 2166 Hoc
2885 2125 3024 2179 ergo
3081 2127 3318 2168 sacrum
3376 2130 3592 2186 corpus

1946 2213 2084 2253 cum
2114 2197 2298 2253 thecas
2327 2197 2731 2269 imposuisset,
2765 2199 3117 2271 martyricis,
3154 2206 3216 2256 ut
3251 2206 3497 2273 oportet,
3535 2207 3592 2259 et

1949 2287 2135 2342 sacris
2166 2286 2225 2340 id
2253 2286 2559 2342 honorans
2579 2287 2971 2351 orationibus,
3000 2289 3278 2345 transfert
3309 2290 3370 2345 in
3417 2308 3589 2348 suam

1946 2375 2201 2446 patriam
2233 2375 2372 2447 (10).

2017 2465 2108 2518 VI.
2127 2466 2191 2518 Et
2215 2481 2352 2520 cum
2365 2465 2448 2520 sic
2474 2470 2740 2521 maneret
2757 2465 2816 2520 in
2838 2465 3023 2521 domo
3046 2467 3298 2537 privata,
3318 2468 3591 2539 publicas

1948 2558 2148 2607 tamen
2169 2552 2514 2608 effundebat
2548 2555 2908 2608 curationes.
2960 2554 3187 2610 Etenim
3244 2573 3379 2611 cum
3439 2562 3594 2613 esset

1945 2640 2164 2696 domus
2183 2642 2352 2695 bona)
2365 2641 2731 2706 animaz,non
2747 2643 2887 2696 satis
2913 2642 3180 2698 habebat
3208 2645 3338 2699 unis
3361 2646 3592 2702 aedibus

1947 2746 2058 2784 sua
2087 2728 2570 2783 circumscribere
2596 2729 2883 2784 miracula
2913 2745 2928 2785 :
2957 2730 3061 2785 sed
3087 2738 3210 2787 erat
3235 2749 3590 2790 communes

1947 2817 2166 2872 deliciae
2187 2820 2753 2886 Mopsuestanorum,
2785 2819 2907 2872 imo
2938 2835 3078 2873 vero
3109 2836 3317 2875 eorum
3350 2839 3591 2893 quoque

1947 2905 2304 2976 quialiunde
2326 2906 2709 2970 ventitabant,
2745 2923 2891 2961 usus
2915 2907 3269 2979 fructus,qui
3305 2926 3423 2965 non
3452 2927 3591 2966 con—

1949 2992 2314 3046 sumebatur.
2356 2994 2710 3049 Procedente
2748 3000 2948 3050 autem
2982 3001 3260 3067 tempore,
3308 2999 3592 3069 templum

248 3090 422 3153 σῶμα,
451 3085 796 3155 φανερωτέρας
851 3089 940 3134 τοῦ
992 3081 1172 3133 λοιποῦ
1231 3083 1325 3142 τὰς
1380 3080 1564 3133 ἑαυτοῦ
1607 3085 1836 3152 παρέχον

1951 3092 2188 3148 quoque
2210 3078 2492 3135 excitatur
2518 3082 2782 3151 martyri,
2803 3088 2859 3137 et
2889 3081 3084 3154 ipsum
3103 3098 3320 3154 corpus
3351 3086 3594 3157 suscipit

244 3169 566 3242 ένεργασίας,
653 3175 742 3222 καὶ
825 3167 1094 3241 μηδέποτε
1169 3169 1325 3241 λῆγον
1381 3172 1516 3222 κατὰ
1589 3175 1840 3223 παντοίων

245 3260 421 3312 παθῶν
474 3263 562 3311 καὶ
613 3265 776 3311 νόσων
829 3259 1120 3332 ἱστάμενον.
1178 3258 1352 3328 Ὀμως
1403 3261 1433 3317 ἠ
1480 3263 1565 3311 τόν
1611 3259 1840 3319 ἀθλητὴν

245 3352 460 3421 πρώτως
491 3348 636 3400 οἰκία
680 3345 1086 3421 ξενοδοχήσασα
1115 3357 1208 3411 τῆς
1238 3348 1388 3419 ἁγίας
1435 3347 1632 3410 έκείνης
1660 3355 1840 3422 χειρός

244 3436 456 3489 πλουτεῖ
479 3439 564 3488 τόν
594 3435 870 3512 ἀντίχειρα
897 3443 986 3491 καὶ
1016 3441 1210 3496 ταύτην
1243 3435 1556 3498 ἰδιάζουσαν
1578 3441 1740 3510 χάριν
1769 3448 1840 3510 τῷ

248 3525 375 3598 φίλῳ
428 3533 677 3598 Μαριανῷ
724 3532 956 3588 Νικήτας
1008 3529 1033 3578 ὁ
1070 3527 1224 3589 καλός
1273 3523 1491 3591 δίδωσι,
1534 3533 1622 3580 καὶ
1671 3527 1842 3599 φιλίας

248 3613 437 3676 έκεῖνος
490 3620 676 3688 νόμους
741 3621 830 3668 καὶ
882 3616 1048 3680 ξενίας
1121 3625 1283 3688 τιμῶν
1340 3619 1459 3690 ὅπερ
1518 3613 1690 3668 οὐδενί
1741 3636 1843 3668 τινι

249 3703 384 3775 ἄλλῳ
426 3712 649 3763 ποιῆσαι
698 3713 1025 3778 παραχωρεῖ,
1061 3710 1150 3757 καὶ
1191 3707 1357 3776 τούτῳ
1398 3707 1544 3776 τάχα
1585 3708 1672 3756 τὸν
1701 3705 1842 3776 φίλον

251 3789 508 3854 δοξάζων.
545 3798 644 3846 Καὶ
671 3797 772 3866 γὰρ
819 3793 1106 3860 Αὐξέντιος,
1138 3793 1193 3854 ὃς
1237 3801 1325 3854 τῆς
1355 3793 1621 3867 εἰρημένης
1649 3793 1843 3854 πόλεως

249 3881 531 3943 ἐπίσκοπος
559 3877 645 3946 ἧν,
687 3881 1037 3954 ἐπιχειρήσας
1065 3881 1380 3956 ἀπομερίσαι
1410 3902 1460 3934 τι
1486 3890 1576 3934 τοῦ
1605 3887 1842 3954 σώματος

247 3975 336 4022 καὶ
362 3969 556 4034 λαϐεῖν,
590 3970 760 4043 εἴληφε
785 3973 874 4043 μεν
906 3968 1076 4037 οὐδὲν,
1123 3972 1189 4022 ὧν
1221 3971 1407 4044 ἐξῄτει,
1435 3971 1580 4024 ἔλαϐε
1619 3968 1678 4024 δε
1703 3968 1838 4036 δέος,

248 4061 363 4111 οὔτε
394 4061 580 4132 μικρὸν
607 4056 721 4111 οὐδ’
748 4059 860 4112 ὅλον
892 4059 1165 4136 ἀνέκφορον
1205 4069 1374 4132 μεῖναι
1398 4066 1486 4112 καὶ
1510 4061 1701 4129 λαθεῖν,
1735 4059 1840 4112 ἀλλ’

248 4149 380 4200 ὥστε
411 4153 500 4200 καὶ
551 4148 708 4200 αὐτοῦ
752 4153 846 4206 τὴν
889 4148 1076 4220 ψυχὴν
1122 4149 1236 4200 λίαν
1273 4150 1705 4214 κατασεισθῆναι,
1753 4153 1842 4200 καὶ

249 4232 573 4288 διδάσκαλον
617 4244 726 4298 τοῖς
773 4236 944 4298 ἄλλοις
1001 4239 1236 4308 γενέσθαι
1278 4238 1354 4299 οἷς
1403 4256 1456 4288 τε
1503 4233 1608 4288 εἶδε
1645 4241 1735 4286 καὶ
1766 4236 1844 4296 οἷς

249 4324 406 4386 αὐτὸς
434 4322 835 4397 έξεδειματώθη,
868 4322 1070 4397 μηδένα
1104 4329 1161 4375 τὸ
1189 4325 1366 4374 λοιπὸν
1396 4332 1554 4397 χεῖρα
1583 4324 1842 4394 τολμηρὰν

247 4417 547 4486 προτείνειν,
582 4411 718 4485 μηδὲ
749 4418 898 4487 μέρος
931 4432 981 4464 τι
1012 4420 1102 4465 τοῦ
1131 4420 1366 4482 σώματος
1390 4415 1533 4484 παρά
1559 4417 1766 4483 γνώμην
1789 4411 1842 4463 ὃν

251 4503 388 4572 αὐτῷ
412 4508 716 4575 παρασπᾷν.

324 4766 394 4822 Ζ’.
425 4765 600 4829 Ὀπτως
641 4763 700 4819 δε
733 4766 920 4825 συνέϐη
954 4771 1011 4820 τὸ
1053 4764 1164 4828 δέος
1206 4771 1295 4820 καὶ
1326 4771 1436 4820 τίσι
1483 4766 1653 4838 λόγοις
1679 4770 1846 4840 εἶργε-

250 4874 334 4908 ται
385 4862 480 4916 τῆς
529 4854 924 4930 ἐπιχειρήσεως,
982 4857 1006 4907 ὁ
1061 4855 1212 4926 λόγος
1265 4853 1510 4914 δηλώσει.
1561 4857 1843 4914 Ἀνέστησε

245 4948 338 5016 μὲν
382 4947 480 5019 γὰρ
517 4945 542 4996 ό
593 4944 908 5019 φιλόμαρτυς
948 4945 1091 5005 οὗτος
1139 4944 1414 5020 ἀρχιερεὺς
1461 4953 1568 5007 τοῖς
1614 4945 1838 4998 καλλινί-

245 5053 354 5094 κοις
383 5042 483 5086 τῶν
527 5036 804 5106 μαρτύρων
850 5037 988 5100 ναὸν,
1034 5035 1266 5107 Ταράχῲ
1294 5039 1347 5087 τέ
1379 5055 1511 5107 φημι
1552 5040 1641 5088 καὶ
1701 5040 1840 5109 Πρό-

315 5228 434 5301 (10)
461 5228 708 5283 Additur
752 5228 810 5301 in
846 5228 1052 5284 Latina
1082 5229 1353 5301 versione
1387 5245 1400 5284 :
1443 5228 1528 5295 (Et
1580 5235 1721 5285 tunc
1751 5231 1836 5301 ip-

241 5315 374 5353 sum
399 5298 569 5372 domi
601 5315 722 5354 suae
753 5300 1040 5372 deponit.)
1067 5298 1254 5354 Atilla
1285 5301 1648 5372 nonisuntin
1688 5298 1837 5372 apo-

243 5370 474 5440 grapho
508 5377 707 5426 nostro
745 5370 966 5425 Graeco.
1021 5373 1097 5424 Ex
1129 5371 1512 5441 sequentibus
1544 5370 1747 5426 tamen
1773 5373 1835 5426 li-

239 5447 410 5513 quet,
433 5441 490 5495 in
523 5444 752 5513 privata
778 5443 952 5496 domo
983 5457 1198 5511 corpus
1231 5441 1411 5496 fuisse
1437 5441 1717 5510 positum.

312 5511 424 5582 (ll)
477 5511 538 5567 In
585 5513 868 5582 Catalogo
901 5514 1227 5567 antistitum
1277 5514 1830 5582 MOpsuestenorum

235 5581 408 5655 apud
436 5581 880 5657 Lequien.,tom.
909 5583 955 5640 ll
976 5583 1234 5640 Orientis
1257 5581 1832 5654 Christiani,col.890

1877 4455 1925 4511 D

1948 3165 2381 3236 venerandum,
2404 3167 2779 3238 apertissima
2817 3171 2890 3224 de
2921 3177 3132 3226 caetero
3159 3172 3469 3228 conferens
3492 3174 3590 3229 be-

1951 3254 2182 3319 neﬁcia,
2215 3258 2272 3309 et
2293 3254 2570 3310 resistens
2596 3257 2876 3311 omnibus
2909 3259 3134 3313 morbis
3175 3265 3230 3314 et
3261 3261 3432 3314 vitiis.
3494 3263 3594 3317 Illa

1951 3349 2152 3398 tamen
2163 3342 2543 3414 domus,quae
2561 3343 2838 3399 athletam
2857 3346 3052 3413 primo
3073 3348 3298 3418 accepit
3311 3349 3588 3420 hospitio,

1951 3432 2170 3487 ditatur
2195 3431 2407 3504 pollice
2438 3448 2622 3488 sacras
2651 3432 2807 3488 illius
2840 3450 3074 3499 manus,
3105 3435 3264 3491 hanc
3287 3439 3590 3508 prOpriam

1951 3522 2204 3590 gratiam
2233 3521 2426 3577 amico
2455 3521 2718 3578 Mariano
2750 3522 2854 3578 dat
2884 3522 2976 3577 ille
3015 3523 3286 3595 egregius
3330 3525 3590 3593 Nicetus,

1950 3610 2255 3664 honorans
2289 3609 2554 3664 amicitiae
2611 3608 2771 3679 leges
2822 3616 2878 3665 et
2932 3611 3366 3682 hospitalitatis.
3424 3615 3594 3678 Quod

1952 3697 2197 3770 quidem
2219 3697 2356 3752 nulli
2383 3697 2630 3752 aliisinit
2661 3697 2875 3767 facere,
2898 3699 2958 3753 in
2985 3700 3098 3754 hoc
3127 3716 3370 3772 quoque
3397 3703 3593 3759 amico

1953 3786 2203 3857 gloriam
2227 3786 2510 3841 tribuens.
2541 3785 2766 3842 Etenim
2800 3789 3127 3843 Auxentius
3153 3790 3288 3860 (tt),
3328 3791 3430 3862 qui
3469 3796 3596 3848 erat

1952 3876 2127 3931 dictae
2152 3874 2397 3930 civitatis
2423 3875 2764 3946 episcopus,
2781 3891 2918 3930 cum
2942 3891 3262 3946 aggressus
3293 3883 3448 3934 esset
3467 3880 3595 3951 ejus

1953 3965 2214 4034 corporis
2246 3964 2472 4035 aliquid
2496 3964 2756 4019 dividere
2787 3969 2846 4020 et
2867 3966 3156 4037 accipere,
3188 3967 3594 4038 nihilquidem

1953 4055 2180 4125 accepit
2204 4070 2433 4119 eorum,
2466 4070 2595 4123 quae
2619 4053 2892 4108 volebat:
2924 4070 3060 4108 eum
3081 4061 3282 4110 autem
3317 4072 3437 4112 non
3465 4073 3596 4128 par-

1953 4159 2062 4197 vus
2092 4143 2302 4197 invasit
2331 4148 2543 4206 metus,
2574 4157 2682 4196 nec
2712 4143 3033 4211 ejusmodi,
3077 4149 3138 4197 ut
3159 4158 3277 4198 non
3312 4144 3369 4199 in
3425 4162 3594 4217 aper—

1955 4236 2078 4284 tum
2108 4228 2389 4299 prodiret,
2423 4233 2526 4283 aut
2554 4229 2780 4292 lateret,
2834 4233 2940 4283 sed
2990 4245 3111 4300 quo
3165 4231 3296 4300 ejus
3353 4248 3595 4305 quoque

1955 4318 2158 4373 anima
2183 4316 2357 4371 fuerit
2382 4315 2550 4370 valde
2567 4316 2870 4384 agitata,et
2893 4317 3042 4371 alios
3074 4317 3344 4374 docuerit
3373 4321 3442 4375 iis
3461 4338 3594 4392 quas

1953 4406 2182 4470 vidit,et
2213 4403 2957 4478 terrore,quoestaﬂ'ectus,
2994 4411 3053 4462 ut
3089 4421 3268 4462 nemo
3318 4408 3596 4481 deinceps

1954 4512 2205 4554 manum
2236 4497 2522 4552 audacem
2564 4495 2901 4567 porrigeret,
2934 4511 3126 4568 neque
3149 4496 3331 4553 ullam
3363 4505 3594 4570 partem

1955 4587 2084 4658 ejus
2117 4584 2396 4656 corporis,
2430 4600 2568 4640 cum
2593 4590 2748 4640 esset
2768 4589 2981 4656 praeter
3009 4585 3198 4656 ipsius
3224 4589 3594 4656 sententiam,

1957 4674 2245 4732 avelleret.

2026 4765 2145 4819 VII.
2178 4765 2449 4828 Quonam
2492 4762 2672 4818 modo
2702 4765 2901 4818 autem
2927 4766 3118 4817 metus
3155 4761 3254 4818 hic
3285 4764 3518 4829 accidit,
3542 4769 3602 4821 et

1957 4854 2320 4926 quibusnam
2348 4851 2542 4906 verbis
2572 4850 2896 4920 prohibitus
2927 4849 3118 4915 fuerit,
3147 4865 3219 4905 ne
3251 4852 3598 4920 aggredere-

1958 4949 2068 5008 tur,
2101 4942 2544 5014 explicabimus.
2574 4939 2856 4995 Excitavit
2881 4939 2977 4993 hic
3007 4937 3251 5010 quidem
3311 4942 3593 5014 pontifex,

1955 5033 2186 5092 amicus
2216 5036 2568 5102 martyrum,
2611 5027 2901 5099 templum
2959 5026 3207 5082 victoria
3261 5027 3600 5097 insignibus

1948 5234 2006 5285 et
2031 5245 2155 5298 seq.
2189 5227 2310 5282 duo
2338 5224 2704 5298 reperiuntur
2743 5221 3032 5298 Auxentii,
3073 5236 3330 5298 quorum
3371 5223 3596 5293 primus

1949 5292 2158 5356 sancto
2188 5292 2646 5354 Moesta—videtur
2692 5293 2865 5363 paulo
2915 5292 3230 5363 antiquior,
3287 5292 3390 5349 aut
3439 5301 3594 5352 certe

1949 5371 2143 5426 eidem
2175 5385 2293 5424 non
2324 5365 2736 5437 supervixisse.
2774 5363 2930 5437 Alter
2958 5364 3306 5437 Auxentius,
3361 5366 3460 5436 qui
3524 5383 3594 5422 ex

1948 5442 2092 5497 solis
2123 5442 2240 5495 fere
2269 5435 2566 5508 diptychis
2592 5435 3275 5508 _innotescit,secundum
3308 5435 3583 5493 ordinem

1943 5513 2026 5568 ibi
2041 5512 2238 5588 fixum
2270 5506 2648 5588 sedit_seculo
2679 5507 2917 5588 quinto.
2951 5506 3066 5563 Hoc
3097 5512 3299 5563 autem
3352 5513 3592 5580 tempus

1943 5583 2088 5642 satis
2113 5578 2391 5651 congruit
2417 5577 2516 5634 hic
2547 5577 2769 5634 relatis.
