  <div class='ocr_page' id='page_1' title='image "/cluster/home/n/w/nwhite01/storage/ocr_20150623/115/mdp.39015028574336/367.png"; bbox 0 0 4142 6278; ppageno 0'>
   <div class='ocr_carea' id='block_1_1' title="bbox 574 306 3912 378">
    <p class='ocr_par' dir='ltr' id='par_1_1' title="bbox 574 306 3912 378">
     <span class='ocr_line' id='line_1_1' title="bbox 574 306 3912 378; baseline -0.004 -1"><span class='ocrx_word' id='word_1_1' title='bbox 574 321 671 378; x_wconf 74' lang='grc'>711</span> <span class='ocrx_word' id='word_1_2' title='bbox 1693 353 1699 360; x_wconf 88' lang='lat'><strong><em>-</em></strong></span> <span class='ocrx_word' id='word_1_3' title='bbox 1888 316 2145 372; x_wconf 85' lang='lat' dir='ltr'>MENSIS</span> <span class='ocrx_word' id='word_1_4' title='bbox 2186 308 2631 371; x_wconf 78' lang='lat' dir='ltr'>SEPTEMBER.</span> <span class='ocrx_word' id='word_1_5' title='bbox 3812 306 3912 363; x_wconf 70' lang='lat'>742</span> 
     </span>
    </p>
   </div>
   <div class='ocr_carea' id='block_1_2' title="bbox 573 432 2209 515">
    <p class='ocr_par' dir='ltr' id='par_1_2' title="bbox 573 441 2205 515">
     <span class='ocr_line' id='line_1_2' title="bbox 573 441 2205 515; baseline -0.004 -14"><span class='ocrx_word' id='word_1_6' title='bbox 573 446 951 515; x_wconf 86' lang='lat' dir='ltr'>martyribus,</span> <span class='ocrx_word' id='word_1_7' title='bbox 978 444 1265 508; x_wconf 85' lang='lat' dir='ltr'>Taracho,</span> <span class='ocrx_word' id='word_1_8' title='bbox 1324 441 1512 495; x_wconf 86' lang='lat' dir='ltr'>Probo</span> <span class='ocrx_word' id='word_1_9' title='bbox 1570 446 1625 495; x_wconf 92' lang='lat' dir='ltr'><strong>et</strong></span> <span class='ocrx_word' id='word_1_10' title='bbox 1679 442 2016 496; x_wconf 85' lang='lat' dir='ltr'>Andronico</span> <span class='ocrx_word' id='word_1_11' title='bbox 2071 443 2205 513; x_wconf 76' lang='grc'>(12),</span> 
     </span>
    </p>
   </div>
   <div class='ocr_carea' id='block_1_3' title="bbox 2277 432 3913 515">
    <p class='ocr_par' dir='ltr' id='par_1_3' title="bbox 2277 434 3913 509">
     <span class='ocr_line' id='line_1_3' title="bbox 2277 434 3913 509; baseline -0.002 -20"><span class='ocrx_word' id='word_1_12' title='bbox 2277 460 2382 509; x_wconf 61' lang='grc' dir='ltr'>ιτῳ</span> <span class='ocrx_word' id='word_1_13' title='bbox 2409 445 2495 490; x_wconf 86' lang='grc' dir='ltr'>καὶ</span> <span class='ocrx_word' id='word_1_14' title='bbox 2527 434 2866 509; x_wconf 74' lang='grc' dir='ltr'>Ἀνδρονίκῳ,</span> <span class='ocrx_word' id='word_1_15' title='bbox 2908 436 2963 496; x_wconf 87' lang='grc' dir='ltr'>ὃς</span> <span class='ocrx_word' id='word_1_16' title='bbox 3010 439 3099 486; x_wconf 86' lang='grc' dir='ltr'><strong>καὶ</strong></span> <span class='ocrx_word' id='word_1_17' title='bbox 3143 436 3242 506; x_wconf 76' lang='grc' dir='ltr'>πρὸ</span> <span class='ocrx_word' id='word_1_18' title='bbox 3296 440 3394 483; x_wconf 85' lang='grc' dir='ltr'>τῶν</span> <span class='ocrx_word' id='word_1_19' title='bbox 3438 440 3630 502; x_wconf 80' lang='grc' dir='ltr'>τειχῶν</span> <span class='ocrx_word' id='word_1_20' title='bbox 3686 440 3781 494; x_wconf 84' lang='grc' dir='ltr'><strong>τῆς</strong></span> <span class='ocrx_word' id='word_1_21' title='bbox 3833 438 3913 487; x_wconf 84' lang='grc' dir='ltr'><strong>πό-</strong></span> 
     </span>
    </p>
   </div>
   <div class='ocr_carea' id='block_1_4' title="bbox 572 517 2208 605">
    <p class='ocr_par' dir='ltr' id='par_1_4' title="bbox 572 530 2205 605">
     <span class='ocr_line' id='line_1_4' title="bbox 572 530 2205 605; baseline -0.002 -17"><span class='ocrx_word' id='word_1_22' title='bbox 572 536 733 605; x_wconf 92' lang='lat' dir='ltr'>quod</span> <span class='ocrx_word' id='word_1_23' title='bbox 764 535 1020 604; x_wconf 80' lang='lat' dir='ltr'>positum</span> <span class='ocrx_word' id='word_1_24' title='bbox 1049 539 1135 586; x_wconf 89' lang='lat' dir='ltr'>est</span> <span class='ocrx_word' id='word_1_25' title='bbox 1156 537 1291 585; x_wconf 90' lang='lat' dir='ltr'>ante</span> <span class='ocrx_word' id='word_1_26' title='bbox 1325 546 1525 584; x_wconf 90' lang='lat' dir='ltr'>muros</span> <span class='ocrx_word' id='word_1_27' title='bbox 1544 530 1795 584; x_wconf 75' lang='lat' dir='ltr'>civitatis</span> <span class='ocrx_word' id='word_1_28' title='bbox 1818 532 2205 600; x_wconf 66' lang='lat' dir='ltr'>Moiisuestiae.</span> 
     </span>
    </p>
   </div>
   <div class='ocr_carea' id='block_1_5' title="bbox 2275 517 3911 605">
    <p class='ocr_par' dir='ltr' id='par_1_5' title="bbox 2314 517 3911 594">
     <span class='ocr_line' id='line_1_5' title="bbox 2314 517 3911 594; baseline -0.003 -16"><span class='ocrx_word' id='word_1_29' title='bbox 2314 529 2436 587; x_wconf 77' lang='grc' dir='ltr'><strong>λεως</strong></span> <span class='ocrx_word' id='word_1_30' title='bbox 2494 524 2659 583; x_wconf 81' lang='grc' dir='ltr'><strong>τῆσδε</strong></span> <span class='ocrx_word' id='word_1_31' title='bbox 2712 525 3075 594; x_wconf 65' lang='grc' dir='ltr'><strong>Μοψουεστίας</strong></span> <span class='ocrx_word' id='word_1_32' title='bbox 3127 520 3360 594; x_wconf 87' lang='grc' dir='ltr'><strong>ῖδρυται.</strong></span> <span class='ocrx_word' id='word_1_33' title='bbox 3407 521 3547 572; x_wconf 84' lang='grc' dir='ltr'><strong>Ἐπεὶ</strong></span> <span class='ocrx_word' id='word_1_34' title='bbox 3601 517 3660 573; x_wconf 81' lang='grc' dir='ltr'>δε</span> <span class='ocrx_word' id='word_1_35' title='bbox 3707 522 3911 575; x_wconf 81' lang='grc' dir='ltr'><strong>καὶλει-</strong></span> 
     </span>
    </p>
   </div>
   <div class='ocr_carea' id='block_1_6' title="bbox 574 609 2210 691">
    <p class='ocr_par' dir='ltr' id='par_1_6' title="bbox 574 620 2209 691">
     <span class='ocr_line' id='line_1_6' title="bbox 574 620 2209 691; baseline -0.001 -17"><span class='ocrx_word' id='word_1_36' title='bbox 574 622 720 676; x_wconf 88' lang='lat' dir='ltr'>Cum</span> <span class='ocrx_word' id='word_1_37' title='bbox 752 630 951 676; x_wconf 91' lang='lat' dir='ltr'>autem</span> <span class='ocrx_word' id='word_1_38' title='bbox 992 621 1255 691; x_wconf 90' lang='lat' dir='ltr'>ipsorum</span> <span class='ocrx_word' id='word_1_39' title='bbox 1289 624 1629 673; x_wconf 89' lang='lat' dir='ltr'>sanctorum</span> <span class='ocrx_word' id='word_1_40' title='bbox 1668 622 1717 671; x_wconf 89' lang='lat' dir='ltr'>ei</span> <span class='ocrx_word' id='word_1_41' title='bbox 1758 622 2034 675; x_wconf 76' lang='lat' dir='ltr'>deessent</span> <span class='ocrx_word' id='word_1_42' title='bbox 2084 620 2209 674; x_wconf 91' lang='lat' dir='ltr'>reli-</span> 
     </span>
    </p>
   </div>
   <div class='ocr_carea' id='block_1_7' title="bbox 2274 609 3910 691">
    <p class='ocr_par' dir='ltr' id='par_1_7' title="bbox 2317 609 3910 686">
     <span class='ocr_line' id='line_1_7' title="bbox 2317 609 3910 686; baseline -0.001 -21"><span class='ocrx_word' id='word_1_43' title='bbox 2317 616 2489 686; x_wconf 72' lang='grc' dir='ltr'><strong>ψάνων</strong></span> <span class='ocrx_word' id='word_1_44' title='bbox 2533 612 2697 665; x_wconf 81' lang='grc' dir='ltr'><strong>ἐδεῖτο</strong></span> <span class='ocrx_word' id='word_1_45' title='bbox 2742 623 2840 664; x_wconf 81' lang='grc' dir='ltr'>τῶν</span> <span class='ocrx_word' id='word_1_46' title='bbox 2888 614 3055 664; x_wconf 77' lang='grc' dir='ltr'><strong>αὑτων</strong></span> <span class='ocrx_word' id='word_1_47' title='bbox 3104 613 3264 682; x_wconf 85' lang='grc' dir='ltr'><strong>ἀγίων</strong></span> <span class='ocrx_word' id='word_1_48' title='bbox 3332 609 3415 662; x_wconf 78' lang='grc' dir='ltr'>ἐπὶ</span> <span class='ocrx_word' id='word_1_49' title='bbox 3476 612 3787 681; x_wconf 79' lang='grc' dir='ltr'>καθιερώσει</span> <span class='ocrx_word' id='word_1_50' title='bbox 3828 621 3910 663; x_wconf 89' lang='grc' dir='ltr'>τοῦ</span> 
     </span>
    </p>
   </div>
   <div class='ocr_carea' id='block_1_8' title="bbox 571 695 2207 781">
    <p class='ocr_par' dir='ltr' id='par_1_8' title="bbox 571 708 2207 781">
     <span class='ocr_line' id='line_1_8' title="bbox 571 708 2207 781; baseline -0.001 -18"><span class='ocrx_word' id='word_1_51' title='bbox 571 711 726 781; x_wconf 68' lang='lat' dir='ltr'>quiaa</span> <span class='ocrx_word' id='word_1_52' title='bbox 743 711 819 765; x_wconf 86' lang='lat' dir='ltr'>ad</span> <span class='ocrx_word' id='word_1_53' title='bbox 842 710 1350 763; x_wconf 86' lang='lat' dir='ltr'>consecrationem</span> <span class='ocrx_word' id='word_1_54' title='bbox 1374 708 1575 777; x_wconf 83' lang='lat' dir='ltr'>templi</span> <span class='ocrx_word' id='word_1_55' title='bbox 1597 708 1997 771; x_wconf 67' lang='lat' dir='ltr'>aedificati,eas</span> <span class='ocrx_word' id='word_1_56' title='bbox 2013 716 2207 763; x_wconf 81' lang='lat' dir='ltr'>autem</span> 
     </span>
    </p>
   </div>
   <div class='ocr_carea' id='block_1_9' title="bbox 2275 695 3911 781">
    <p class='ocr_par' dir='ltr' id='par_1_9' title="bbox 2319 695 3911 773">
     <span class='ocr_line' id='line_1_9' title="bbox 2319 695 3911 773; baseline -0.002 -20"><span class='ocrx_word' id='word_1_57' title='bbox 2319 700 2749 773; x_wconf 65' lang='grc' dir='ltr'>οἰκοδομηθέντος</span> <span class='ocrx_word' id='word_1_58' title='bbox 2814 710 2956 765; x_wconf 80' lang='grc' dir='ltr'><strong>ναοῦ,</strong></span> <span class='ocrx_word' id='word_1_59' title='bbox 3027 700 3258 751; x_wconf 80' lang='grc' dir='ltr'><strong>ἐπλούτει</strong></span> <span class='ocrx_word' id='word_1_60' title='bbox 3316 695 3588 749; x_wconf 75' lang='grc' dir='ltr'><strong>δὲταῦτα</strong></span> <span class='ocrx_word' id='word_1_61' title='bbox 3645 700 3675 755; x_wconf 80' lang='grc' dir='ltr'>ἡ</span> <span class='ocrx_word' id='word_1_62' title='bbox 3742 705 3911 769; x_wconf 86' lang='grc' dir='ltr'><strong>γείτων</strong></span> 
     </span>
    </p>
   </div>
   <div class='ocr_carea' id='block_1_10' title="bbox 574 785 2210 868">
    <p class='ocr_par' dir='ltr' id='par_1_10' title="bbox 574 797 2210 868">
     <span class='ocr_line' id='line_1_10' title="bbox 574 797 2210 868; baseline -0.001 -16"><span class='ocrx_word' id='word_1_63' title='bbox 574 798 817 852; x_wconf 79' lang='lat' dir='ltr'>haberet</span> <span class='ocrx_word' id='word_1_64' title='bbox 834 797 1055 850; x_wconf 85' lang='lat' dir='ltr'>urbsilli</span> <span class='ocrx_word' id='word_1_65' title='bbox 1079 797 1679 867; x_wconf 86' lang='lat' dir='ltr'>propinqua,nomine</span> <span class='ocrx_word' id='word_1_66' title='bbox 1711 797 2035 861; x_wconf 84' lang='lat' dir='ltr'>Aiiazarha(</span> <span class='ocrx_word' id='word_1_67' title='bbox 2052 798 2210 868; x_wconf 83' lang='lat' dir='ltr'>t3),ei</span> 
     </span>
    </p>
   </div>
   <div class='ocr_carea' id='block_1_11' title="bbox 2273 785 3909 868">
    <p class='ocr_par' dir='ltr' id='par_1_11' title="bbox 2321 785 3909 863">
     <span class='ocr_line' id='line_1_11' title="bbox 2321 785 3909 863; baseline -0.004 -19"><span class='ocrx_word' id='word_1_68' title='bbox 2321 796 2513 853; x_wconf 80' lang='grc' dir='ltr'>ἐκείνης</span> <span class='ocrx_word' id='word_1_69' title='bbox 2566 792 2711 852; x_wconf 66' lang='grc' dir='ltr'><strong>πόλις</strong></span> <span class='ocrx_word' id='word_1_70' title='bbox 2766 788 3079 863; x_wconf 79' lang='grc' dir='ltr'><strong>Ἀνάζαρϐα,</strong></span> <span class='ocrx_word' id='word_1_71' title='bbox 3139 788 3419 858; x_wconf 81' lang='grc' dir='ltr'><strong>ἐπαγγελίᾳ</strong></span> <span class='ocrx_word' id='word_1_72' title='bbox 3486 785 3734 855; x_wconf 71' lang='grc' dir='ltr'><strong>λειψάνου</strong></span> <span class='ocrx_word' id='word_1_73' title='bbox 3790 806 3909 857; x_wconf 88' lang='grc' dir='ltr'><strong>μαρ-</strong></span> 
     </span>
    </p>
   </div>
   <div class='ocr_carea' id='block_1_12' title="bbox 574 877 2210 957">
    <p class='ocr_par' dir='ltr' id='par_1_12' title="bbox 574 886 2210 957">
     <span class='ocr_line' id='line_1_12' title="bbox 574 886 2210 957; baseline -0.001 -16"><span class='ocrx_word' id='word_1_74' title='bbox 574 887 866 957; x_wconf 84' lang='lat' dir='ltr'>promissa</span> <span class='ocrx_word' id='word_1_75' title='bbox 881 894 1044 956; x_wconf 90' lang='lat' dir='ltr'>parte</span> <span class='ocrx_word' id='word_1_76' title='bbox 1066 886 1441 956; x_wconf 83' lang='lat' dir='ltr'>reliquiarum</span> <span class='ocrx_word' id='word_1_77' title='bbox 1476 886 1655 953; x_wconf 86' lang='lat' dir='ltr'>hujus</span> <span class='ocrx_word' id='word_1_78' title='bbox 1682 886 1949 955; x_wconf 71' lang='lat' dir='ltr'>praeclari</span> <span class='ocrx_word' id='word_1_79' title='bbox 1980 888 2210 953; x_wconf 61' lang='lat' dir='ltr'>Nicetes,</span> 
     </span>
    </p>
   </div>
   <div class='ocr_carea' id='block_1_13' title="bbox 2275 877 3911 957">
    <p class='ocr_par' dir='ltr' id='par_1_13' title="bbox 2324 877 3911 954">
     <span class='ocr_line' id='line_1_13' title="bbox 2324 877 3911 954; baseline -0.004 -22"><span class='ocrx_word' id='word_1_80' title='bbox 2324 890 2554 954; x_wconf 81' lang='grc' dir='ltr'><strong>τυρικοῦ,</strong></span> <span class='ocrx_word' id='word_1_81' title='bbox 2610 884 2884 953; x_wconf 82' lang='grc' dir='ltr'><strong>μαρτύρων</strong></span> <span class='ocrx_word' id='word_1_82' title='bbox 2937 879 3185 949; x_wconf 67' lang='grc' dir='ltr'><strong>λαμίῑάνει</strong></span> <span class='ocrx_word' id='word_1_83' title='bbox 3236 877 3474 946; x_wconf 72' lang='grc' dir='ltr'><strong>λείψανα,</strong></span> <span class='ocrx_word' id='word_1_84' title='bbox 3536 880 3624 927; x_wconf 83' lang='grc' dir='ltr'>καὶ</span> <span class='ocrx_word' id='word_1_85' title='bbox 3682 877 3911 947; x_wconf 73' lang='grc' dir='ltr'><strong>ὑποσχό-</strong></span> 
     </span>
    </p>
   </div>
   <div class='ocr_carea' id='block_1_14' title="bbox 573 961 2209 1045">
    <p class='ocr_par' dir='ltr' id='par_1_14' title="bbox 573 973 2209 1045">
     <span class='ocr_line' id='line_1_14' title="bbox 573 973 2209 1045; baseline 0 -16"><span class='ocrx_word' id='word_1_86' title='bbox 573 975 802 1029; x_wconf 91' lang='lat' dir='ltr'>illorum</span> <span class='ocrx_word' id='word_1_87' title='bbox 844 978 1176 1044; x_wconf 78' lang='lat' dir='ltr'>martyrum</span> <span class='ocrx_word' id='word_1_88' title='bbox 1215 973 1428 1043; x_wconf 88' lang='lat' dir='ltr'>accipit</span> <span class='ocrx_word' id='word_1_89' title='bbox 1492 973 1795 1042; x_wconf 80' lang='lat' dir='ltr'>reliquias.</span> <span class='ocrx_word' id='word_1_90' title='bbox 1823 976 1969 1029; x_wconf 89' lang='lat' dir='ltr'>Cum</span> <span class='ocrx_word' id='word_1_91' title='bbox 2012 975 2209 1045; x_wconf 87' lang='lat' dir='ltr'>itaque</span> 
     </span>
    </p>
   </div>
   <div class='ocr_carea' id='block_1_15' title="bbox 2274 961 3910 1045">
    <p class='ocr_par' dir='ltr' id='par_1_15' title="bbox 2320 961 3910 1042">
     <span class='ocr_line' id='line_1_15' title="bbox 2320 961 3910 1042; baseline -0.005 -19"><span class='ocrx_word' id='word_1_92' title='bbox 2320 990 2463 1042; x_wconf 88' lang='grc' dir='ltr'><strong>μενος</strong></span> <span class='ocrx_word' id='word_1_93' title='bbox 2514 972 2696 1021; x_wconf 85' lang='grc' dir='ltr'><strong>δουναι</strong></span> <span class='ocrx_word' id='word_1_94' title='bbox 2737 972 2945 1025; x_wconf 83' lang='grc' dir='ltr'><strong>Νικὴτα</strong></span> <span class='ocrx_word' id='word_1_95' title='bbox 2992 976 3082 1018; x_wconf 84' lang='grc' dir='ltr'>του</span> <span class='ocrx_word' id='word_1_96' title='bbox 3139 964 3363 1039; x_wconf 87' lang='grc' dir='ltr'><strong>φαιδροῦ</strong></span> <span class='ocrx_word' id='word_1_97' title='bbox 3412 961 3605 1037; x_wconf 78' lang='grc' dir='ltr'>μερίδα</span> <span class='ocrx_word' id='word_1_98' title='bbox 3649 974 3747 1016; x_wconf 84' lang='grc' dir='ltr'>τῶν</span> <span class='ocrx_word' id='word_1_99' title='bbox 3785 966 3910 1035; x_wconf 83' lang='grc' dir='ltr'><strong>εἰρη-</strong></span> 
     </span>
    </p>
   </div>
   <div class='ocr_carea' id='block_1_16' title="bbox 573 1052 2209 1133">
    <p class='ocr_par' dir='ltr' id='par_1_16' title="bbox 573 1061 2209 1133">
     <span class='ocr_line' id='line_1_16' title="bbox 573 1061 2209 1133; baseline -0.001 -15"><span class='ocrx_word' id='word_1_100' title='bbox 573 1069 858 1133; x_wconf 86' lang='lat' dir='ltr'>oporteret</span> <span class='ocrx_word' id='word_1_101' title='bbox 884 1061 1116 1133; x_wconf 88' lang='lat' dir='ltr'>impleri</span> <span class='ocrx_word' id='word_1_102' title='bbox 1143 1061 1201 1115; x_wconf 93' lang='lat' dir='ltr'>id</span> <span class='ocrx_word' id='word_1_103' title='bbox 1228 1061 1387 1132; x_wconf 91' lang='lat' dir='ltr'>quod</span> <span class='ocrx_word' id='word_1_104' title='bbox 1414 1062 1777 1131; x_wconf 87' lang='lat' dir='ltr'>promissum</span> <span class='ocrx_word' id='word_1_105' title='bbox 1806 1064 2014 1127; x_wconf 83' lang='lat' dir='ltr'>fuerat,</span> <span class='ocrx_word' id='word_1_106' title='bbox 2040 1070 2093 1117; x_wconf 92' lang='lat' dir='ltr'>et</span> <span class='ocrx_word' id='word_1_107' title='bbox 2128 1079 2209 1117; x_wconf 91' lang='lat' dir='ltr'>se-</span> 
     </span>
    </p>
   </div>
   <div class='ocr_carea' id='block_1_17' title="bbox 2271 1052 3907 1133">
    <p class='ocr_par' dir='ltr' id='par_1_17' title="bbox 2321 1052 3907 1131">
     <span class='ocr_line' id='line_1_17' title="bbox 2321 1052 3907 1131; baseline -0.004 -20"><span class='ocrx_word' id='word_1_108' title='bbox 2321 1065 2480 1131; x_wconf 84' lang='grc' dir='ltr'><strong>μένων</strong></span> <span class='ocrx_word' id='word_1_109' title='bbox 2538 1059 2926 1129; x_wconf 78' lang='grc' dir='ltr'>ἀνακομίζεται.</span> <span class='ocrx_word' id='word_1_110' title='bbox 2996 1057 3084 1117; x_wconf 84' lang='grc' dir='ltr'><strong>Ὠς</strong></span> <span class='ocrx_word' id='word_1_111' title='bbox 3142 1053 3227 1107; x_wconf 82' lang='grc' dir='ltr'><strong>οὖν</strong></span> <span class='ocrx_word' id='word_1_112' title='bbox 3302 1052 3406 1106; x_wconf 81' lang='grc' dir='ltr'><strong>ἔδει</strong></span> <span class='ocrx_word' id='word_1_113' title='bbox 3484 1054 3813 1125; x_wconf 79' lang='grc' dir='ltr'><strong>πληροῦσθαι</strong></span> <span class='ocrx_word' id='word_1_114' title='bbox 3856 1058 3907 1105; x_wconf 81' lang='grc' dir='ltr'>τό</span> 
     </span>
    </p>
   </div>
   <div class='ocr_carea' id='block_1_18' title="bbox 569 1143 2205 1221">
    <p class='ocr_par' dir='ltr' id='par_1_18' title="bbox 569 1148 2205 1221">
     <span class='ocr_line' id='line_1_18' title="bbox 569 1148 2205 1221; baseline 0 -17"><span class='ocrx_word' id='word_1_115' title='bbox 569 1153 840 1221; x_wconf 91' lang='lat' dir='ltr'>pulcrum</span> <span class='ocrx_word' id='word_1_116' title='bbox 870 1150 1074 1203; x_wconf 85' lang='lat' dir='ltr'>fuisset</span> <span class='ocrx_word' id='word_1_117' title='bbox 1100 1148 1409 1213; x_wconf 73' lang='lat' dir='ltr'>effossum,</span> <span class='ocrx_word' id='word_1_118' title='bbox 1443 1157 1499 1203; x_wconf 89' lang='lat' dir='ltr'>et</span> <span class='ocrx_word' id='word_1_119' title='bbox 1532 1150 1798 1204; x_wconf 88' lang='lat' dir='ltr'>sublatus</span> <span class='ocrx_word' id='word_1_120' title='bbox 1832 1158 1980 1204; x_wconf 87' lang='lat' dir='ltr'>esset</span> <span class='ocrx_word' id='word_1_121' title='bbox 2038 1151 2205 1221; x_wconf 76' lang='lat' dir='ltr'>lapis,</span> 
     </span>
    </p>
   </div>
   <div class='ocr_carea' id='block_1_19' title="bbox 2269 1143 3905 1221">
    <p class='ocr_par' dir='ltr' id='par_1_19' title="bbox 2322 1143 3905 1218">
     <span class='ocr_line' id='line_1_19' title="bbox 2322 1143 3905 1218; baseline -0.003 -20"><span class='ocrx_word' id='word_1_122' title='bbox 2322 1147 2716 1218; x_wconf 76' lang='grc' dir='ltr'>ἐπηγγελμένον,</span> <span class='ocrx_word' id='word_1_123' title='bbox 2767 1152 2854 1197; x_wconf 79' lang='grc' dir='ltr'>καὶ</span> <span class='ocrx_word' id='word_1_124' title='bbox 2900 1148 2924 1196; x_wconf 87' lang='lat'>6</span> <span class='ocrx_word' id='word_1_125' title='bbox 2972 1148 3126 1216; x_wconf 84' lang='grc' dir='ltr'><strong>τάφος</strong></span> <span class='ocrx_word' id='word_1_126' title='bbox 3172 1143 3457 1217; x_wconf 81' lang='grc' dir='ltr'><strong>ἀνώρυκτο,</strong></span> <span class='ocrx_word' id='word_1_127' title='bbox 3524 1148 3613 1194; x_wconf 81' lang='grc' dir='ltr'><strong>καὶ</strong></span> <span class='ocrx_word' id='word_1_128' title='bbox 3652 1144 3677 1193; x_wconf 90' lang='lat'>6</span> <span class='ocrx_word' id='word_1_129' title='bbox 3726 1145 3905 1194; x_wconf 80' lang='grc' dir='ltr'><strong>ἐπικεί-</strong></span> 
     </span>
    </p>
   </div>
   <div class='ocr_carea' id='block_1_20' title="bbox 570 1232 2206 1309">
    <p class='ocr_par' dir='ltr' id='par_1_20' title="bbox 570 1238 2206 1309">
     <span class='ocr_line' id='line_1_20' title="bbox 570 1238 2206 1309; baseline -0.001 -16"><span class='ocrx_word' id='word_1_130' title='bbox 570 1240 673 1309; x_wconf 89' lang='lat' dir='ltr'>qui</span> <span class='ocrx_word' id='word_1_131' title='bbox 704 1240 892 1292; x_wconf 83' lang='lat' dir='ltr'>fuerat</span> <span class='ocrx_word' id='word_1_132' title='bbox 920 1239 1526 1307; x_wconf 87' lang='lat' dir='ltr'>impositus,protinus</span> <span class='ocrx_word' id='word_1_133' title='bbox 1548 1238 1791 1307; x_wconf 86' lang='lat' dir='ltr'>quidem</span> <span class='ocrx_word' id='word_1_134' title='bbox 1826 1240 2206 1305; x_wconf 82' lang='lat' dir='ltr'>confringitur</span> 
     </span>
    </p>
   </div>
   <div class='ocr_carea' id='block_1_21' title="bbox 2318 1232 3954 1309">
    <p class='ocr_par' dir='ltr' id='par_1_21' title="bbox 2321 1232 3909 1308">
     <span class='ocr_line' id='line_1_21' title="bbox 2321 1232 3909 1308; baseline -0.003 -21"><span class='ocrx_word' id='word_1_135' title='bbox 2321 1256 2461 1307; x_wconf 88' lang='grc' dir='ltr'><strong>μενος</strong></span> <span class='ocrx_word' id='word_1_136' title='bbox 2508 1236 2735 1307; x_wconf 74' lang='grc' dir='ltr'><strong>ἀνῄρητο</strong></span> <span class='ocrx_word' id='word_1_137' title='bbox 2779 1235 2941 1301; x_wconf 79' lang='grc' dir='ltr'><strong>λίθος,</strong></span> <span class='ocrx_word' id='word_1_138' title='bbox 2994 1237 3235 1308; x_wconf 79' lang='grc' dir='ltr'>θραύεται</span> <span class='ocrx_word' id='word_1_139' title='bbox 3294 1235 3383 1304; x_wconf 76' lang='grc' dir='ltr'>μεν</span> <span class='ocrx_word' id='word_1_140' title='bbox 3429 1232 3581 1292; x_wconf 71' lang='grc' dir='ltr'><strong>εὐθὺς</strong></span> <span class='ocrx_word' id='word_1_141' title='bbox 3632 1234 3661 1288; x_wconf 84' lang='grc' dir='ltr'>ἡ</span> <span class='ocrx_word' id='word_1_142' title='bbox 3716 1234 3909 1306; x_wconf 87' lang='grc' dir='ltr'><strong>μάρμα-</strong></span> 
     </span>
    </p>
   </div>
   <div class='ocr_carea' id='block_1_22' title="bbox 570 1318 2206 1399">
    <p class='ocr_par' dir='ltr' id='par_1_22' title="bbox 570 1326 2206 1397">
     <span class='ocr_line' id='line_1_22' title="bbox 570 1326 2206 1397; baseline -0.001 -15"><span class='ocrx_word' id='word_1_143' title='bbox 570 1343 851 1392; x_wconf 80' lang='lat' dir='ltr'>marmor,</span> <span class='ocrx_word' id='word_1_144' title='bbox 884 1326 1043 1381; x_wconf 90' lang='lat' dir='ltr'>nulla</span> <span class='ocrx_word' id='word_1_145' title='bbox 1076 1330 1399 1396; x_wconf 86' lang='lat' dir='ltr'>apparente</span> <span class='ocrx_word' id='word_1_146' title='bbox 1431 1342 1611 1379; x_wconf 92' lang='lat' dir='ltr'>causa</span> <span class='ocrx_word' id='word_1_147' title='bbox 1644 1342 1656 1379; x_wconf 94' lang='lat'>:</span> <span class='ocrx_word' id='word_1_148' title='bbox 1701 1332 1953 1397; x_wconf 83' lang='lat' dir='ltr'>apparet</span> <span class='ocrx_word' id='word_1_149' title='bbox 2012 1333 2206 1380; x_wconf 89' lang='lat' dir='ltr'>autem</span> 
     </span>
    </p>
   </div>
   <div class='ocr_carea' id='block_1_23' title="bbox 2271 1318 3907 1399">
    <p class='ocr_par' dir='ltr' id='par_1_23' title="bbox 2320 1318 3907 1399">
     <span class='ocr_line' id='line_1_23' title="bbox 2320 1318 3907 1399; baseline -0.002 -24"><span class='ocrx_word' id='word_1_150' title='bbox 2320 1344 2408 1399; x_wconf 86' lang='grc' dir='ltr'><strong>ρος</strong></span> <span class='ocrx_word' id='word_1_151' title='bbox 2456 1328 2577 1395; x_wconf 88' lang='grc' dir='ltr'><strong>παρ’</strong></span> <span class='ocrx_word' id='word_1_152' title='bbox 2628 1321 2876 1394; x_wconf 69' lang='grc' dir='ltr'><strong>οὐδεμίαν</strong></span> <span class='ocrx_word' id='word_1_153' title='bbox 2927 1322 3119 1394; x_wconf 87' lang='grc' dir='ltr'><strong>ἐμφανή</strong></span> <span class='ocrx_word' id='word_1_154' title='bbox 3167 1323 3338 1373; x_wconf 79' lang='grc' dir='ltr'><strong>αἰτίαν</strong></span> <span class='ocrx_word' id='word_1_155' title='bbox 3371 1339 3383 1350; x_wconf 82' lang='grc'><strong><em>⁸</em></strong></span> <span class='ocrx_word' id='word_1_156' title='bbox 3432 1320 3761 1392; x_wconf 78' lang='grc' dir='ltr'><strong>ἀναφαίνεται</strong></span> <span class='ocrx_word' id='word_1_157' title='bbox 3804 1318 3907 1372; x_wconf 77' lang='grc' dir='ltr'><strong>δεὸ</strong></span> 
     </span>
    </p>
   </div>
   <div class='ocr_carea' id='block_1_24' title="bbox 568 1412 2204 1486">
    <p class='ocr_par' dir='ltr' id='par_1_24' title="bbox 568 1414 2204 1485">
     <span class='ocr_line' id='line_1_24' title="bbox 568 1414 2204 1485; baseline 0 -16"><span class='ocrx_word' id='word_1_158' title='bbox 568 1420 863 1479; x_wconf 91' lang='lat' dir='ltr'>mortuus,</span> <span class='ocrx_word' id='word_1_159' title='bbox 892 1416 1119 1469; x_wconf 89' lang='lat' dir='ltr'>habens</span> <span class='ocrx_word' id='word_1_160' title='bbox 1178 1414 1448 1468; x_wconf 88' lang='lat' dir='ltr'>membra</span> <span class='ocrx_word' id='word_1_161' title='bbox 1478 1415 1724 1468; x_wconf 86' lang='lat' dir='ltr'><strong>honeste</strong></span> <span class='ocrx_word' id='word_1_162' title='bbox 1755 1415 2113 1485; x_wconf 87' lang='lat' dir='ltr'>composita,</span> <span class='ocrx_word' id='word_1_163' title='bbox 2158 1422 2204 1469; x_wconf 90' lang='lat' dir='ltr'>el</span> 
     </span>
    </p>
   </div>
   <div class='ocr_carea' id='block_1_25' title="bbox 2272 1412 3908 1486">
    <p class='ocr_par' dir='ltr' id='par_1_25' title="bbox 2319 1412 3908 1486">
     <span class='ocr_line' id='line_1_25' title="bbox 2319 1412 3908 1486; baseline -0.002 -22"><span class='ocrx_word' id='word_1_164' title='bbox 2319 1418 2507 1486; x_wconf 65' lang='grc' dir='ltr'><strong>νεκρὸς,</strong></span> <span class='ocrx_word' id='word_1_165' title='bbox 2561 1416 2697 1484; x_wconf 84' lang='grc' dir='ltr'><strong>ἔχων</strong></span> <span class='ocrx_word' id='word_1_166' title='bbox 2745 1432 2798 1464; x_wconf 88' lang='grc' dir='ltr'>τε</span> <span class='ocrx_word' id='word_1_167' title='bbox 2851 1416 2915 1463; x_wconf 84' lang='grc' dir='ltr'>τα</span> <span class='ocrx_word' id='word_1_168' title='bbox 2966 1412 3091 1483; x_wconf 77' lang='grc' dir='ltr'><strong>μέλη</strong></span> <span class='ocrx_word' id='word_1_169' title='bbox 3136 1413 3273 1462; x_wconf 85' lang='grc' dir='ltr'><strong>κατὰ</strong></span> <span class='ocrx_word' id='word_1_170' title='bbox 3313 1419 3505 1481; x_wconf 83' lang='grc' dir='ltr'><strong>σχῆμα</strong></span> <span class='ocrx_word' id='word_1_171' title='bbox 3554 1414 3779 1480; x_wconf 84' lang='grc' dir='ltr'><strong>κείμενα,</strong></span> <span class='ocrx_word' id='word_1_172' title='bbox 3828 1417 3908 1461; x_wconf 76' lang='grc' dir='ltr'>καὶ</span> 
     </span>
    </p>
   </div>
   <div class='ocr_carea' id='block_1_26' title="bbox 570 1498 2206 1576">
    <p class='ocr_par' dir='ltr' id='par_1_26' title="bbox 570 1501 2206 1576">
     <span class='ocr_line' id='line_1_26' title="bbox 570 1501 2206 1576; baseline 0 -17"><span class='ocrx_word' id='word_1_173' title='bbox 570 1521 787 1576; x_wconf 89' lang='lat' dir='ltr'>corpus</span> <span class='ocrx_word' id='word_1_174' title='bbox 813 1521 847 1558; x_wconf 91' lang='lat' dir='ltr'>a</span> <span class='ocrx_word' id='word_1_175' title='bbox 875 1504 1051 1575; x_wconf 89' lang='lat' dir='ltr'>priori</span> <span class='ocrx_word' id='word_1_176' title='bbox 1084 1519 1328 1574; x_wconf 88' lang='lat' dir='ltr'>corpore</span> <span class='ocrx_word' id='word_1_177' title='bbox 1352 1501 1489 1556; x_wconf 86' lang='lat' dir='ltr'>nihil</span> <span class='ocrx_word' id='word_1_178' title='bbox 1522 1501 1821 1557; x_wconf 65' lang='lat' dir='ltr'>differens.</span> <span class='ocrx_word' id='word_1_179' title='bbox 1869 1507 2017 1559; x_wconf 85' lang='lat' dir='ltr'>Cum</span> <span class='ocrx_word' id='word_1_180' title='bbox 2069 1520 2206 1573; x_wconf 84' lang='lat' dir='ltr'>ergo</span> 
     </span>
    </p>
   </div>
   <div class='ocr_carea' id='block_1_27' title="bbox 2270 1498 3906 1576">
    <p class='ocr_par' dir='ltr' id='par_1_27' title="bbox 2319 1498 3906 1573">
     <span class='ocr_line' id='line_1_27' title="bbox 2319 1498 3906 1573; baseline 0 -21"><span class='ocrx_word' id='word_1_181' title='bbox 2319 1506 2376 1553; x_wconf 97' lang='lat'>1&#39;6</span> <span class='ocrx_word' id='word_1_182' title='bbox 2435 1511 2606 1573; x_wconf 80' lang='grc' dir='ltr'><strong>σῶμα,</strong></span> <span class='ocrx_word' id='word_1_183' title='bbox 2664 1498 2815 1552; x_wconf 71' lang='grc' dir='ltr'><strong>οὐδὲν</strong></span> <span class='ocrx_word' id='word_1_184' title='bbox 2854 1509 2944 1551; x_wconf 84' lang='grc' dir='ltr'>τοῦ</span> <span class='ocrx_word' id='word_1_185' title='bbox 2992 1504 3243 1573; x_wconf 82' lang='grc' dir='ltr'>προτέρου</span> <span class='ocrx_word' id='word_1_186' title='bbox 3298 1504 3502 1572; x_wconf 83' lang='grc' dir='ltr'><strong>χρωτός</strong></span> <span class='ocrx_word' id='word_1_187' title='bbox 3540 1498 3906 1571; x_wconf 87' lang='grc' dir='ltr'><strong>παραλλάττον.</strong></span> 
     </span>
    </p>
   </div>
   <div class='ocr_carea' id='block_1_28' title="bbox 568 1587 2204 1664">
    <p class='ocr_par' dir='ltr' id='par_1_28' title="bbox 568 1593 2204 1664">
     <span class='ocr_line' id='line_1_28' title="bbox 568 1593 2204 1664; baseline -0.001 -16"><span class='ocrx_word' id='word_1_188' title='bbox 568 1610 707 1649; x_wconf 90' lang='lat' dir='ltr'>eum</span> <span class='ocrx_word' id='word_1_189' title='bbox 737 1599 1031 1664; x_wconf 90' lang='lat' dir='ltr'>oporteret</span> <span class='ocrx_word' id='word_1_190' title='bbox 1062 1594 1329 1662; x_wconf 89' lang='lat' dir='ltr'>accipere</span> <span class='ocrx_word' id='word_1_191' title='bbox 1368 1598 1591 1661; x_wconf 88' lang='lat' dir='ltr'>partem</span> <span class='ocrx_word' id='word_1_192' title='bbox 1642 1595 1925 1663; x_wconf 90' lang='lat' dir='ltr'>corporis,</span> <span class='ocrx_word' id='word_1_193' title='bbox 1979 1600 2029 1647; x_wconf 91' lang='lat' dir='ltr'>et</span> <span class='ocrx_word' id='word_1_194' title='bbox 2069 1593 2204 1647; x_wconf 87' lang='lat' dir='ltr'>illud</span> 
     </span>
    </p>
   </div>
   <div class='ocr_carea' id='block_1_29' title="bbox 2268 1587 3904 1664">
    <p class='ocr_par' dir='ltr' id='par_1_29' title="bbox 2320 1587 3904 1663">
     <span class='ocr_line' id='line_1_29' title="bbox 2320 1587 3904 1663; baseline -0.003 -21"><span class='ocrx_word' id='word_1_195' title='bbox 2320 1592 2457 1642; x_wconf 78' lang='grc' dir='ltr'><strong>Ἐπεὶ</strong></span> <span class='ocrx_word' id='word_1_196' title='bbox 2506 1587 2591 1641; x_wconf 82' lang='grc' dir='ltr'><strong>οὖν</strong></span> <span class='ocrx_word' id='word_1_197' title='bbox 2643 1596 2732 1641; x_wconf 83' lang='grc' dir='ltr'><strong>καὶ</strong></span> <span class='ocrx_word' id='word_1_198' title='bbox 2780 1589 3054 1660; x_wconf 80' lang='grc' dir='ltr'><strong>λαμϐάνειν</strong></span> <span class='ocrx_word' id='word_1_199' title='bbox 3099 1588 3261 1663; x_wconf 84' lang='grc' dir='ltr'><em>ἐχρῆν</em></span> <span class='ocrx_word' id='word_1_200' title='bbox 3309 1594 3459 1661; x_wconf 84' lang='grc' dir='ltr'><em>μέρος</em></span> <span class='ocrx_word' id='word_1_201' title='bbox 3506 1595 3597 1638; x_wconf 93' lang='grc' dir='ltr'>τοῦ</span> <span class='ocrx_word' id='word_1_202' title='bbox 3658 1592 3904 1658; x_wconf 85' lang='grc' dir='ltr'><strong>σώματος,</strong></span> 
     </span>
    </p>
   </div>
   <div class='ocr_carea' id='block_1_30' title="bbox 570 1675 2206 1752">
    <p class='ocr_par' dir='ltr' id='par_1_30' title="bbox 570 1680 2206 1752">
     <span class='ocr_line' id='line_1_30' title="bbox 570 1680 2206 1752; baseline 0.002 -18"><span class='ocrx_word' id='word_1_203' title='bbox 570 1682 854 1752; x_wconf 79' lang='lat' dir='ltr'><strong>tetigisset</strong></span> <span class='ocrx_word' id='word_1_204' title='bbox 883 1681 1256 1749; x_wconf 87' lang='lat' dir='ltr'>manusejus,</span> <span class='ocrx_word' id='word_1_205' title='bbox 1285 1681 1383 1749; x_wconf 89' lang='lat' dir='ltr'>qui</span> <span class='ocrx_word' id='word_1_206' title='bbox 1418 1680 1751 1750; x_wconf 87' lang='lat' dir='ltr'>sepulcrum</span> <span class='ocrx_word' id='word_1_207' title='bbox 1776 1680 2063 1737; x_wconf 77' lang='lat' dir='ltr'>eifoderat</span> <span class='ocrx_word' id='word_1_208' title='bbox 2094 1683 2206 1751; x_wconf 90' lang='lat' dir='ltr'>(hic</span> 
     </span>
    </p>
   </div>
   <div class='ocr_carea' id='block_1_31' title="bbox 2269 1675 3905 1752">
    <p class='ocr_par' dir='ltr' id='par_1_31' title="bbox 2318 1675 3905 1751">
     <span class='ocr_line' id='line_1_31' title="bbox 2318 1675 3905 1751; baseline -0.002 -21"><span class='ocrx_word' id='word_1_209' title='bbox 2318 1684 2406 1730; x_wconf 85' lang='grc' dir='ltr'><strong>καὶ</strong></span> <span class='ocrx_word' id='word_1_210' title='bbox 2437 1682 2465 1737; x_wconf 83' lang='grc' dir='ltr'>ἡ</span> <span class='ocrx_word' id='word_1_211' title='bbox 2500 1685 2619 1751; x_wconf 85' lang='grc' dir='ltr'><strong>χεὶρ</strong></span> <span class='ocrx_word' id='word_1_212' title='bbox 2666 1682 2854 1737; x_wconf 79' lang='grc' dir='ltr'><strong>ἥπτετο</strong></span> <span class='ocrx_word' id='word_1_213' title='bbox 2886 1686 2977 1730; x_wconf 91' lang='grc' dir='ltr'>τοῦ</span> <span class='ocrx_word' id='word_1_214' title='bbox 3011 1681 3095 1728; x_wconf 78' lang='grc' dir='ltr'><strong>τὸν</strong></span> <span class='ocrx_word' id='word_1_215' title='bbox 3136 1680 3290 1746; x_wconf 86' lang='grc' dir='ltr'><strong>τάφον</strong></span> <span class='ocrx_word' id='word_1_216' title='bbox 3339 1676 3641 1750; x_wconf 81' lang='grc' dir='ltr'><strong>ὀρύξαντος,</strong></span> <span class='ocrx_word' id='word_1_217' title='bbox 3675 1675 3905 1743; x_wconf 80' lang='grc' dir='ltr'><strong>(ἐνταῦθα</strong></span> 
     </span>
    </p>
   </div>
   <div class='ocr_carea' id='block_1_32' title="bbox 568 1762 2204 1841">
    <p class='ocr_par' dir='ltr' id='par_1_32' title="bbox 568 1767 2204 1839">
     <span class='ocr_line' id='line_1_32' title="bbox 568 1767 2204 1839; baseline -0.001 -16"><span class='ocrx_word' id='word_1_218' title='bbox 568 1769 717 1823; x_wconf 89' lang='lat' dir='ltr'>mihi</span> <span class='ocrx_word' id='word_1_219' title='bbox 748 1769 1172 1823; x_wconf 87' lang='lat' dir='ltr'>attendendum</span> <span class='ocrx_word' id='word_1_220' title='bbox 1199 1768 1306 1837; x_wconf 86' lang='lat' dir='ltr'>est)</span> <span class='ocrx_word' id='word_1_221' title='bbox 1340 1767 1478 1820; x_wconf 87' lang='lat' dir='ltr'>nihil</span> <span class='ocrx_word' id='word_1_222' title='bbox 1519 1768 1763 1838; x_wconf 84' lang='lat' dir='ltr'>quidem</span> <span class='ocrx_word' id='word_1_223' title='bbox 1787 1786 1857 1824; x_wconf 90' lang='lat' dir='ltr'>ea</span> <span class='ocrx_word' id='word_1_224' title='bbox 1885 1770 2117 1839; x_wconf 89' lang='lat' dir='ltr'>accipit,</span> <span class='ocrx_word' id='word_1_225' title='bbox 2151 1771 2204 1823; x_wconf 87' lang='lat' dir='ltr'>ﬁt</span> 
     </span>
    </p>
   </div>
   <div class='ocr_carea' id='block_1_33' title="bbox 2264 1762 3900 1841">
    <p class='ocr_par' dir='ltr' id='par_1_33' title="bbox 2264 1762 3900 1841">
     <span class='ocr_line' id='line_1_33' title="bbox 2264 1762 3900 1841; baseline -0.004 -21"><span class='ocrx_word' id='word_1_226' title='bbox 2264 1788 2290 1841; x_wconf 76' lang='grc' dir='ltr'>Β</span> <span class='ocrx_word' id='word_1_227' title='bbox 2322 1789 2408 1840; x_wconf 88' lang='grc' dir='ltr'>μοι</span> <span class='ocrx_word' id='word_1_228' title='bbox 2466 1772 2773 1841; x_wconf 74' lang='grc' dir='ltr'>προσεκτέον</span> <span class='ocrx_word' id='word_1_229' title='bbox 2831 1771 2917 1818; x_wconf 86' lang='grc' dir='ltr'>τόν</span> <span class='ocrx_word' id='word_1_230' title='bbox 2971 1766 3108 1837; x_wconf 84' lang='grc' dir='ltr'><strong>νοῦν)</strong></span> <span class='ocrx_word' id='word_1_231' title='bbox 3153 1765 3400 1837; x_wconf 75' lang='grc' dir='ltr'><strong>λαμϐάνει</strong></span> <span class='ocrx_word' id='word_1_232' title='bbox 3457 1767 3545 1835; x_wconf 70' lang='grc' dir='ltr'>μὲν</span> <span class='ocrx_word' id='word_1_233' title='bbox 3605 1766 3706 1837; x_wconf 83' lang='grc' dir='ltr'><strong>γὰρ</strong></span> <span class='ocrx_word' id='word_1_234' title='bbox 3746 1762 3900 1827; x_wconf 66' lang='grc' dir='ltr'><strong>οὐδὲν,</strong></span> 
     </span>
    </p>
   </div>
   <div class='ocr_carea' id='block_1_34' title="bbox 568 1850 2204 1928">
    <p class='ocr_par' dir='ltr' id='par_1_34' title="bbox 568 1856 2204 1926">
     <span class='ocr_line' id='line_1_34' title="bbox 568 1856 2204 1926; baseline 0.002 -15"><span class='ocrx_word' id='word_1_235' title='bbox 568 1864 761 1911; x_wconf 88' lang='lat' dir='ltr'>autem</span> <span class='ocrx_word' id='word_1_236' title='bbox 794 1873 927 1911; x_wconf 83' lang='lat' dir='ltr'>mox</span> <span class='ocrx_word' id='word_1_237' title='bbox 944 1856 1127 1921; x_wconf 89' lang='lat' dir='ltr'>arida,</span> <span class='ocrx_word' id='word_1_238' title='bbox 1158 1861 1469 1926; x_wconf 91' lang='lat' dir='ltr'>metusque</span> <span class='ocrx_word' id='word_1_239' title='bbox 1491 1861 1546 1909; x_wconf 89' lang='lat' dir='ltr'>et</span> <span class='ocrx_word' id='word_1_240' title='bbox 1570 1862 1786 1911; x_wconf 85' lang='lat' dir='ltr'>tremor</span> <span class='ocrx_word' id='word_1_241' title='bbox 1819 1861 2015 1913; x_wconf 85' lang='lat' dir='ltr'>statim</span> <span class='ocrx_word' id='word_1_242' title='bbox 2050 1860 2204 1914; x_wconf 89' lang='lat' dir='ltr'>inva-</span> 
     </span>
    </p>
   </div>
   <div class='ocr_carea' id='block_1_35' title="bbox 2258 1850 3894 1928">
    <p class='ocr_par' dir='ltr' id='par_1_35' title="bbox 2321 1850 3894 1928">
     <span class='ocr_line' id='line_1_35' title="bbox 2321 1850 3894 1928; baseline -0.004 -19"><span class='ocrx_word' id='word_1_243' title='bbox 2321 1863 2518 1926; x_wconf 85' lang='grc' dir='ltr'><strong>γίνεται</strong></span> <span class='ocrx_word' id='word_1_244' title='bbox 2571 1854 2629 1909; x_wconf 79' lang='grc' dir='ltr'>δε</span> <span class='ocrx_word' id='word_1_245' title='bbox 2698 1863 3032 1927; x_wconf 82' lang='grc' dir='ltr'><strong>παραχρῆμα</strong></span> <span class='ocrx_word' id='word_1_246' title='bbox 3099 1854 3251 1928; x_wconf 80' lang='grc' dir='ltr'><strong>ξηρὰ,</strong></span> <span class='ocrx_word' id='word_1_247' title='bbox 3308 1859 3397 1905; x_wconf 87' lang='grc' dir='ltr'>καὶ</span> <span class='ocrx_word' id='word_1_248' title='bbox 3452 1850 3571 1913; x_wconf 78' lang='grc' dir='ltr'><strong>δέος</strong></span> <span class='ocrx_word' id='word_1_249' title='bbox 3626 1853 3767 1913; x_wconf 69' lang='grc' dir='ltr'><strong>εὐθὺς</strong></span> <span class='ocrx_word' id='word_1_250' title='bbox 3817 1859 3894 1903; x_wconf 81' lang='grc' dir='ltr'><strong>καὶ</strong></span> 
     </span>
    </p>
   </div>
   <div class='ocr_carea' id='block_1_36' title="bbox 568 1940 2204 2019">
    <p class='ocr_par' dir='ltr' id='par_1_36' title="bbox 568 1945 2204 2016">
     <span class='ocr_line' id='line_1_36' title="bbox 568 1945 2204 2016; baseline 0.001 -17"><span class='ocrx_word' id='word_1_251' title='bbox 568 1947 653 1999; x_wconf 87' lang='lat' dir='ltr'>dit</span> <span class='ocrx_word' id='word_1_252' title='bbox 688 1961 826 1999; x_wconf 87' lang='lat' dir='ltr'>eum</span> <span class='ocrx_word' id='word_1_253' title='bbox 866 1945 969 2016; x_wconf 89' lang='lat' dir='ltr'>qui</span> <span class='ocrx_word' id='word_1_254' title='bbox 1032 1945 1089 1997; x_wconf 91' lang='lat' dir='ltr'>id</span> <span class='ocrx_word' id='word_1_255' title='bbox 1156 1961 1335 1997; x_wconf 90' lang='lat' dir='ltr'>ausus</span> <span class='ocrx_word' id='word_1_256' title='bbox 1402 1945 1605 1999; x_wconf 86' lang='lat' dir='ltr'>fuerat.</span> <span class='ocrx_word' id='word_1_257' title='bbox 1668 1946 1888 2000; x_wconf 90' lang='lat' dir='ltr'>Deinde</span> <span class='ocrx_word' id='word_1_258' title='bbox 1948 1948 2010 2002; x_wconf 84' lang='lat' dir='ltr'>tit</span> <span class='ocrx_word' id='word_1_259' title='bbox 2046 1954 2204 2001; x_wconf 68' lang='lat' dir='ltr'>terris</span> 
     </span>
    </p>
   </div>
   <div class='ocr_carea' id='block_1_37' title="bbox 2262 1940 3898 2019">
    <p class='ocr_par' dir='ltr' id='par_1_37' title="bbox 2323 1940 3898 2019">
     <span class='ocr_line' id='line_1_37' title="bbox 2323 1940 3898 2019; baseline -0.004 -22"><span class='ocrx_word' id='word_1_260' title='bbox 2323 1952 2510 2019; x_wconf 88' lang='grc' dir='ltr'><strong>τρόμος</strong></span> <span class='ocrx_word' id='word_1_261' title='bbox 2551 1943 2661 2016; x_wconf 83' lang='grc' dir='ltr'><strong>εἶχε</strong></span> <span class='ocrx_word' id='word_1_262' title='bbox 2704 1949 2789 1995; x_wconf 81' lang='grc' dir='ltr'>τόν</span> <span class='ocrx_word' id='word_1_263' title='bbox 2838 1945 3119 2014; x_wconf 76' lang='grc' dir='ltr'><strong>τολμητὴν.</strong></span> <span class='ocrx_word' id='word_1_264' title='bbox 3171 1941 3298 1997; x_wconf 88' lang='grc' dir='ltr'><strong>Εἶτα</strong></span> <span class='ocrx_word' id='word_1_265' title='bbox 3349 1948 3568 2013; x_wconf 77' lang='grc' dir='ltr'><strong>σεισμὸς</strong></span> <span class='ocrx_word' id='word_1_266' title='bbox 3616 1940 3898 2011; x_wconf 80' lang='grc' dir='ltr'><strong>ἐπιγίνεται,</strong></span> 
     </span>
    </p>
   </div>
   <div class='ocr_carea' id='block_1_38' title="bbox 566 2030 2202 2107">
    <p class='ocr_par' dir='ltr' id='par_1_38' title="bbox 566 2033 2202 2105">
     <span class='ocr_line' id='line_1_38' title="bbox 566 2033 2202 2105; baseline 0 -17"><span class='ocrx_word' id='word_1_267' title='bbox 566 2043 788 2099; x_wconf 89' lang='lat' dir='ltr'>motus,</span> <span class='ocrx_word' id='word_1_268' title='bbox 813 2039 868 2087; x_wconf 92' lang='lat' dir='ltr'>et</span> <span class='ocrx_word' id='word_1_269' title='bbox 898 2040 1219 2102; x_wconf 89' lang='lat' dir='ltr'>erumpunt</span> <span class='ocrx_word' id='word_1_270' title='bbox 1242 2033 1516 2100; x_wconf 86' lang='lat' dir='ltr'>tonitrua,</span> <span class='ocrx_word' id='word_1_271' title='bbox 1546 2040 1601 2087; x_wconf 92' lang='lat' dir='ltr'>et</span> <span class='ocrx_word' id='word_1_272' title='bbox 1627 2033 1960 2105; x_wconf 84' lang='lat' dir='ltr'>frequentia</span> <span class='ocrx_word' id='word_1_273' title='bbox 1989 2037 2202 2090; x_wconf 83' lang='lat' dir='ltr'>micant</span> 
     </span>
    </p>
   </div>
   <div class='ocr_carea' id='block_1_39' title="bbox 2272 2030 3908 2107">
    <p class='ocr_par' dir='ltr' id='par_1_39' title="bbox 2323 2030 3908 2107">
     <span class='ocr_line' id='line_1_39' title="bbox 2323 2030 3908 2107; baseline -0.003 -22"><span class='ocrx_word' id='word_1_274' title='bbox 2323 2041 2409 2085; x_wconf 85' lang='grc' dir='ltr'><strong>καὶ</strong></span> <span class='ocrx_word' id='word_1_275' title='bbox 2464 2034 2680 2107; x_wconf 79' lang='grc' dir='ltr'><strong>βρονταὶ</strong></span> <span class='ocrx_word' id='word_1_276' title='bbox 2746 2032 3217 2106; x_wconf 78' lang='grc' dir='ltr'><strong>καταρρηγνυνται,</strong></span> <span class='ocrx_word' id='word_1_277' title='bbox 3272 2036 3361 2082; x_wconf 83' lang='grc' dir='ltr'>καὶ</span> <span class='ocrx_word' id='word_1_278' title='bbox 3420 2030 3701 2104; x_wconf 78' lang='grc' dir='ltr'><strong>ἀστραπῶν</strong></span> <span class='ocrx_word' id='word_1_279' title='bbox 3781 2030 3908 2091; x_wconf 68' lang='grc' dir='ltr'><strong>ἐξάλ-</strong></span> 
     </span>
    </p>
   </div>
   <div class='ocr_carea' id='block_1_40' title="bbox 568 2119 2204 2194">
    <p class='ocr_par' dir='ltr' id='par_1_40' title="bbox 568 2120 2204 2191">
     <span class='ocr_line' id='line_1_40' title="bbox 568 2120 2204 2191; baseline 0.002 -16"><span class='ocrx_word' id='word_1_280' title='bbox 568 2121 825 2190; x_wconf 85' lang='lat' dir='ltr'>fulgura,</span> <span class='ocrx_word' id='word_1_281' title='bbox 859 2122 947 2186; x_wconf 87' lang='lat' dir='ltr'>iis,</span> <span class='ocrx_word' id='word_1_282' title='bbox 982 2121 1077 2191; x_wconf 90' lang='lat' dir='ltr'>qui</span> <span class='ocrx_word' id='word_1_283' title='bbox 1110 2122 1374 2182; x_wconf 89' lang='lat' dir='ltr'>aderant,</span> <span class='ocrx_word' id='word_1_284' title='bbox 1407 2120 1715 2176; x_wconf 78' lang='lat' dir='ltr'>afferentia</span> <span class='ocrx_word' id='word_1_285' title='bbox 1747 2131 1970 2179; x_wconf 89' lang='lat' dir='ltr'>metum</span> <span class='ocrx_word' id='word_1_286' title='bbox 2004 2124 2204 2179; x_wconf 90' lang='lat' dir='ltr'>intole-</span> 
     </span>
    </p>
   </div>
   <div class='ocr_carea' id='block_1_41' title="bbox 2277 2119 3913 2194">
    <p class='ocr_par' dir='ltr' id='par_1_41' title="bbox 2322 2119 3913 2194">
     <span class='ocr_line' id='line_1_41' title="bbox 2322 2119 3913 2194; baseline -0.003 -20"><span class='ocrx_word' id='word_1_287' title='bbox 2322 2142 2462 2193; x_wconf 87' lang='grc' dir='ltr'><strong>ματα</strong></span> <span class='ocrx_word' id='word_1_288' title='bbox 2494 2130 2713 2194; x_wconf 85' lang='grc' dir='ltr'><strong>συνεχῆ,</strong></span> <span class='ocrx_word' id='word_1_289' title='bbox 2748 2121 2900 2193; x_wconf 77' lang='grc' dir='ltr'><strong>φόϐον</strong></span> <span class='ocrx_word' id='word_1_290' title='bbox 2928 2120 3241 2192; x_wconf 74' lang='grc' dir='ltr'><strong>ἐμϐάλλοντα</strong></span> <span class='ocrx_word' id='word_1_291' title='bbox 3264 2128 3370 2181; x_wconf 90' lang='grc' dir='ltr'><strong>τοῖς</strong></span> <span class='ocrx_word' id='word_1_292' title='bbox 3393 2128 3651 2193; x_wconf 78' lang='grc' dir='ltr'>παροῦσιν</span> <span class='ocrx_word' id='word_1_293' title='bbox 3682 2119 3741 2170; x_wconf 74' lang='grc' dir='ltr'>οὐ</span> <span class='ocrx_word' id='word_1_294' title='bbox 3764 2138 3913 2192; x_wconf 73' lang='grc' dir='ltr'><strong>φορη-</strong></span> 
     </span>
    </p>
   </div>
   <div class='ocr_carea' id='block_1_42' title="bbox 568 2210 2204 2267">
    <p class='ocr_par' dir='ltr' id='par_1_42' title="bbox 568 2210 838 2265">
     <span class='ocr_line' id='line_1_42' title="bbox 568 2210 838 2265; baseline -0.007 0"><span class='ocrx_word' id='word_1_295' title='bbox 568 2210 838 2265; x_wconf 90' lang='lat' dir='ltr'>rabilem.</span> 
     </span>
    </p>
   </div>
   <div class='ocr_carea' id='block_1_43' title="bbox 796 2210 2432 2267">
    <p class='ocr_par' dir='ltr' id='par_1_43' title="bbox 796 2218 2432 2267">
     <span class='ocr_line' id='line_1_43' title="bbox 796 2218 2432 2267; baseline -0.001 -4"><span class='ocrx_word' id='word_1_296' title='bbox 796 2228 838 2263; x_wconf 81' lang='lat'>1.</span> <span class='ocrx_word' id='word_1_297' title='bbox 2323 2218 2432 2267; x_wconf 89' lang='grc' dir='ltr'><strong>τόν,</strong></span> 
     </span>
    </p>
   </div>
   <div class='ocr_carea' id='block_1_44' title="bbox 636 2294 2272 2373">
    <p class='ocr_par' dir='ltr' id='par_1_44' title="bbox 636 2299 2214 2372">
     <span class='ocr_line' id='line_1_44' title="bbox 636 2299 2214 2372; baseline 0.003 -19"><span class='ocrx_word' id='word_1_298' title='bbox 636 2300 770 2353; x_wconf 87' lang='lat' dir='ltr'>Vlll.</span> <span class='ocrx_word' id='word_1_299' title='bbox 804 2299 971 2363; x_wconf 86' lang='lat' dir='ltr'>Quod</span> <span class='ocrx_word' id='word_1_300' title='bbox 994 2299 1237 2369; x_wconf 91' lang='lat' dir='ltr'>quidem</span> <span class='ocrx_word' id='word_1_301' title='bbox 1269 2315 1406 2353; x_wconf 88' lang='lat' dir='ltr'>cum</span> <span class='ocrx_word' id='word_1_302' title='bbox 1436 2306 1853 2354; x_wconf 85' lang='lat' dir='ltr'>sacrosanctus</span> <span class='ocrx_word' id='word_1_303' title='bbox 1889 2302 2214 2372; x_wconf 89' lang='lat' dir='ltr'>aspexisset</span> 
     </span>
    </p>
   </div>
   <div class='ocr_carea' id='block_1_45' title="bbox 2274 2294 3910 2373">
    <p class='ocr_par' dir='ltr' id='par_1_45' title="bbox 2397 2294 3910 2373">
     <span class='ocr_line' id='line_1_45' title="bbox 2397 2294 3910 2373; baseline -0.003 -21"><span class='ocrx_word' id='word_1_304' title='bbox 2397 2300 2474 2352; x_wconf 50' lang='grc' dir='ltr'>ΗΖ</span> <span class='ocrx_word' id='word_1_305' title='bbox 2537 2299 2695 2371; x_wconf 78' lang='grc' dir='ltr'><strong>Ἀπερ</strong></span> <span class='ocrx_word' id='word_1_306' title='bbox 2731 2302 2755 2350; x_wconf 89' lang='grc' dir='ltr'>ό</span> <span class='ocrx_word' id='word_1_307' title='bbox 2805 2302 2939 2373; x_wconf 83' lang='grc' dir='ltr'><strong>ἱερὸς</strong></span> <span class='ocrx_word' id='word_1_308' title='bbox 2997 2299 3262 2361; x_wconf 79' lang='grc' dir='ltr'><strong>Αῦξέντιος</strong></span> <span class='ocrx_word' id='word_1_309' title='bbox 3312 2299 3641 2369; x_wconf 73' lang='grc' dir='ltr'><strong>θεασάμενος,</strong></span> <span class='ocrx_word' id='word_1_310' title='bbox 3696 2294 3781 2366; x_wconf 81' lang='grc' dir='ltr'>(ἧν</span> <span class='ocrx_word' id='word_1_311' title='bbox 3818 2299 3910 2369; x_wconf 77' lang='grc' dir='ltr'><strong>γὰρ</strong></span> 
     </span>
    </p>
   </div>
   <div class='ocr_carea' id='block_1_46' title="bbox 565 2387 2201 2460">
    <p class='ocr_par' dir='ltr' id='par_1_46' title="bbox 565 2387 2201 2460">
     <span class='ocr_line' id='line_1_46' title="bbox 565 2387 2201 2460; baseline 0.002 -20"><span class='ocrx_word' id='word_1_312' title='bbox 565 2388 889 2442; x_wconf 86' lang='lat' dir='ltr'>Auxentius</span> <span class='ocrx_word' id='word_1_313' title='bbox 917 2389 1083 2457; x_wconf 88' lang='lat' dir='ltr'>(satis</span> <span class='ocrx_word' id='word_1_314' title='bbox 1113 2388 1270 2441; x_wconf 90' lang='lat' dir='ltr'>enim</span> <span class='ocrx_word' id='word_1_315' title='bbox 1300 2387 1835 2459; x_wconf 85' lang='lat' dir='ltr'>intelligebat,quid</span> <span class='ocrx_word' id='word_1_316' title='bbox 1870 2390 2019 2443; x_wconf 91' lang='lat' dir='ltr'>Deus</span> <span class='ocrx_word' id='word_1_317' title='bbox 2039 2392 2201 2460; x_wconf 83' lang='lat' dir='ltr'>signi&#39;</span> 
     </span>
    </p>
   </div>
   <div class='ocr_carea' id='block_1_47' title="bbox 2275 2387 3911 2460">
    <p class='ocr_par' dir='ltr' id='par_1_47' title="bbox 2324 2388 3911 2460">
     <span class='ocr_line' id='line_1_47' title="bbox 2324 2388 3911 2460; baseline -0.004 -19"><span class='ocrx_word' id='word_1_318' title='bbox 2324 2395 2411 2441; x_wconf 87' lang='grc' dir='ltr'>καὶ</span> <span class='ocrx_word' id='word_1_319' title='bbox 2466 2392 2610 2441; x_wconf 82' lang='grc' dir='ltr'><strong>θείων</strong></span> <span class='ocrx_word' id='word_1_320' title='bbox 2662 2391 2977 2460; x_wconf 81' lang='grc' dir='ltr'><strong>μηνυμάτων</strong></span> <span class='ocrx_word' id='word_1_321' title='bbox 3036 2388 3128 2439; x_wconf 72' lang='grc' dir='ltr'>οὐκ</span> <span class='ocrx_word' id='word_1_322' title='bbox 3182 2388 3409 2459; x_wconf 71' lang='grc' dir='ltr'><strong>ἀμαθὴς)</strong></span> <span class='ocrx_word' id='word_1_323' title='bbox 3464 2391 3556 2444; x_wconf 75' lang='grc' dir='ltr'><strong>τὴν</strong></span> <span class='ocrx_word' id='word_1_324' title='bbox 3602 2390 3691 2456; x_wconf 74' lang='grc' dir='ltr'><strong>μὲν</strong></span> <span class='ocrx_word' id='word_1_325' title='bbox 3734 2390 3911 2459; x_wconf 85' lang='grc' dir='ltr'><strong>ξηραν-</strong></span> 
     </span>
    </p>
   </div>
   <div class='ocr_carea' id='block_1_48' title="bbox 564 2474 2200 2551">
    <p class='ocr_par' dir='ltr' id='par_1_48' title="bbox 564 2475 2200 2547">
     <span class='ocr_line' id='line_1_48' title="bbox 564 2475 2200 2547; baseline 0.001 -16"><span class='ocrx_word' id='word_1_326' title='bbox 564 2476 811 2546; x_wconf 88' lang='lat' dir='ltr'>ﬁcaret),</span> <span class='ocrx_word' id='word_1_327' title='bbox 842 2477 970 2545; x_wconf 90' lang='lat' dir='ltr'>ejus</span> <span class='ocrx_word' id='word_1_328' title='bbox 1000 2477 1262 2546; x_wconf 84' lang='lat' dir='ltr'>quidem,</span> <span class='ocrx_word' id='word_1_329' title='bbox 1295 2475 1395 2546; x_wconf 90' lang='lat' dir='ltr'>qui</span> <span class='ocrx_word' id='word_1_330' title='bbox 1439 2492 1651 2547; x_wconf 90' lang='lat' dir='ltr'>passus</span> <span class='ocrx_word' id='word_1_331' title='bbox 1704 2478 1909 2537; x_wconf 85' lang='lat' dir='ltr'>fuerat.</span> <span class='ocrx_word' id='word_1_332' title='bbox 1967 2496 2200 2533; x_wconf 81' lang='lat' dir='ltr'>manum</span> 
     </span>
    </p>
   </div>
   <div class='ocr_carea' id='block_1_49' title="bbox 2276 2474 3912 2551">
    <p class='ocr_par' dir='ltr' id='par_1_49' title="bbox 2326 2474 3912 2551">
     <span class='ocr_line' id='line_1_49' title="bbox 2326 2474 3912 2551; baseline -0.004 -21"><span class='ocrx_word' id='word_1_333' title='bbox 2326 2482 2501 2531; x_wconf 86' lang='grc' dir='ltr'><strong>θεῖσαν</strong></span> <span class='ocrx_word' id='word_1_334' title='bbox 2548 2486 2704 2551; x_wconf 85' lang='grc' dir='ltr'><strong>χεῖρα</strong></span> <span class='ocrx_word' id='word_1_335' title='bbox 2755 2488 2846 2529; x_wconf 90' lang='grc' dir='ltr'>του</span> <span class='ocrx_word' id='word_1_336' title='bbox 2895 2481 3144 2536; x_wconf 85' lang='grc' dir='ltr'><strong>παθόντος</strong></span> <span class='ocrx_word' id='word_1_337' title='bbox 3187 2478 3439 2548; x_wconf 73' lang='grc' dir='ltr'><strong>προσάγει</strong></span> <span class='ocrx_word' id='word_1_338' title='bbox 3486 2483 3596 2535; x_wconf 87' lang='grc' dir='ltr'><strong>τοῖς</strong></span> <span class='ocrx_word' id='word_1_339' title='bbox 3636 2474 3912 2545; x_wconf 69' lang='grc' dir='ltr'><strong>λειψάνοις,</strong></span> 
     </span>
    </p>
   </div>
   <div class='ocr_carea' id='block_1_50' title="bbox 566 2564 2202 2638">
    <p class='ocr_par' dir='ltr' id='par_1_50' title="bbox 566 2564 2202 2637">
     <span class='ocr_line' id='line_1_50' title="bbox 566 2564 2202 2637; baseline 0.001 -18"><span class='ocrx_word' id='word_1_340' title='bbox 566 2567 798 2620; x_wconf 89' lang='lat' dir='ltr'>aridam</span> <span class='ocrx_word' id='word_1_341' title='bbox 829 2565 1071 2619; x_wconf 85' lang='lat' dir='ltr'>adducit</span> <span class='ocrx_word' id='word_1_342' title='bbox 1094 2566 1163 2617; x_wconf 88' lang='lat' dir='ltr'>ad</span> <span class='ocrx_word' id='word_1_343' title='bbox 1199 2564 1497 2634; x_wconf 84' lang='lat' dir='ltr'>reliquias,</span> <span class='ocrx_word' id='word_1_344' title='bbox 1533 2581 1651 2619; x_wconf 88' lang='lat' dir='ltr'>non</span> <span class='ocrx_word' id='word_1_345' title='bbox 1689 2572 1747 2619; x_wconf 90' lang='lat' dir='ltr'>ut</span> <span class='ocrx_word' id='word_1_346' title='bbox 1776 2582 1981 2621; x_wconf 89' lang='lat' dir='ltr'>rursus</span> <span class='ocrx_word' id='word_1_347' title='bbox 2012 2568 2202 2637; x_wconf 89' lang='lat' dir='ltr'>alquid</span> 
     </span>
    </p>
   </div>
   <div class='ocr_carea' id='block_1_51' title="bbox 2277 2564 3913 2638">
    <p class='ocr_par' dir='ltr' id='par_1_51' title="bbox 2324 2564 3913 2638">
     <span class='ocr_line' id='line_1_51' title="bbox 2324 2564 3913 2638; baseline -0.004 -19"><span class='ocrx_word' id='word_1_348' title='bbox 2324 2568 2427 2638; x_wconf 72' lang='grc' dir='ltr'>οὐχ</span> <span class='ocrx_word' id='word_1_349' title='bbox 2487 2572 2554 2629; x_wconf 81' lang='grc' dir='ltr'><strong>ὡς</strong></span> <span class='ocrx_word' id='word_1_350' title='bbox 2600 2564 2751 2628; x_wconf 69' lang='grc' dir='ltr'><strong>αἶθις</strong></span> <span class='ocrx_word' id='word_1_351' title='bbox 2794 2570 2858 2618; x_wconf 83' lang='grc' dir='ltr'>τά</span> <span class='ocrx_word' id='word_1_352' title='bbox 2911 2566 3226 2636; x_wconf 78' lang='grc' dir='ltr'><strong>ληψομένην,</strong></span> <span class='ocrx_word' id='word_1_353' title='bbox 3291 2565 3395 2615; x_wconf 76' lang='grc' dir='ltr'><strong>ἀλλ’</strong></span> <span class='ocrx_word' id='word_1_354' title='bbox 3455 2568 3518 2624; x_wconf 82' lang='grc' dir='ltr'><strong>ὡς</strong></span> <span class='ocrx_word' id='word_1_355' title='bbox 3568 2564 3913 2633; x_wconf 80' lang='grc' dir='ltr'><strong>αἰτησομένην</strong></span> 
     </span>
    </p>
   </div>
   <div class='ocr_carea' id='block_1_52' title="bbox 568 2652 2204 2728">
    <p class='ocr_par' dir='ltr' id='par_1_52' title="bbox 568 2652 2204 2724">
     <span class='ocr_line' id='line_1_52' title="bbox 568 2652 2204 2724; baseline 0.002 -17"><span class='ocrx_word' id='word_1_356' title='bbox 568 2660 966 2724; x_wconf 86' lang='lat' dir='ltr'>accepturam,</span> <span class='ocrx_word' id='word_1_357' title='bbox 1001 2654 1100 2705; x_wconf 90' lang='lat' dir='ltr'>sed</span> <span class='ocrx_word' id='word_1_358' title='bbox 1126 2653 1321 2722; x_wconf 89' lang='lat' dir='ltr'>potius</span> <span class='ocrx_word' id='word_1_359' title='bbox 1353 2658 1413 2706; x_wconf 90' lang='lat' dir='ltr'>ut</span> <span class='ocrx_word' id='word_1_360' title='bbox 1440 2652 1611 2706; x_wconf 88' lang='lat' dir='ltr'>tacite</span> <span class='ocrx_word' id='word_1_361' title='bbox 1634 2655 1951 2723; x_wconf 88' lang='lat' dir='ltr'>petituram</span> <span class='ocrx_word' id='word_1_362' title='bbox 1980 2658 2204 2711; x_wconf 86' lang='lat' dir='ltr'>veniam</span> 
     </span>
    </p>
   </div>
   <div class='ocr_carea' id='block_1_53' title="bbox 2278 2652 3914 2728">
    <p class='ocr_par' dir='ltr' id='par_1_53' title="bbox 2322 2652 3914 2728">
     <span class='ocr_line' id='line_1_53' title="bbox 2322 2652 3914 2728; baseline -0.003 -21"><span class='ocrx_word' id='word_1_363' title='bbox 2322 2656 2512 2728; x_wconf 84' lang='grc' dir='ltr'><strong>μᾶλλον</strong></span> <span class='ocrx_word' id='word_1_364' title='bbox 2586 2656 2882 2726; x_wconf 82' lang='grc' dir='ltr'><strong>ἀφθέγκτως</strong></span> <span class='ocrx_word' id='word_1_365' title='bbox 2951 2660 3266 2725; x_wconf 72' lang='grc' dir='ltr'><strong>συγγνώμης</strong></span> <span class='ocrx_word' id='word_1_366' title='bbox 3338 2654 3463 2725; x_wconf 80' lang='grc' dir='ltr'><strong>ὑπὲρ</strong></span> <span class='ocrx_word' id='word_1_367' title='bbox 3539 2661 3628 2712; x_wconf 82' lang='grc' dir='ltr'><strong>τῆς</strong></span> <span class='ocrx_word' id='word_1_368' title='bbox 3698 2652 3914 2723; x_wconf 85' lang='grc' dir='ltr'><strong>τόλμης,</strong></span> 
     </span>
    </p>
   </div>
   <div class='ocr_carea' id='block_1_54' title="bbox 566 2741 2202 2816">
    <p class='ocr_par' dir='ltr' id='par_1_54' title="bbox 566 2742 2202 2813">
     <span class='ocr_line' id='line_1_54' title="bbox 566 2742 2202 2813; baseline 0.002 -16"><span class='ocrx_word' id='word_1_369' title='bbox 566 2743 852 2805; x_wconf 62' lang='lat' dir='ltr'>audacias,</span> <span class='ocrx_word' id='word_1_370' title='bbox 885 2747 940 2796; x_wconf 90' lang='lat' dir='ltr'>et</span> <span class='ocrx_word' id='word_1_371' title='bbox 968 2745 1423 2795; x_wconf 88' lang='lat' dir='ltr'>consecuturam</span> <span class='ocrx_word' id='word_1_372' title='bbox 1464 2742 1851 2796; x_wconf 90' lang='lat' dir='ltr'>curationem.</span> <span class='ocrx_word' id='word_1_373' title='bbox 1887 2746 1980 2798; x_wconf 84' lang='lat' dir='ltr'>Est</span> <span class='ocrx_word' id='word_1_374' title='bbox 2030 2747 2202 2813; x_wconf 79' lang='lat' dir='ltr'>enim1</span> 
     </span>
    </p>
   </div>
   <div class='ocr_carea' id='block_1_55' title="bbox 2273 2741 3909 2816">
    <p class='ocr_par' dir='ltr' id='par_1_55' title="bbox 2322 2741 3909 2816">
     <span class='ocr_line' id='line_1_55' title="bbox 2322 2741 3909 2816; baseline -0.003 -21"><span class='ocrx_word' id='word_1_375' title='bbox 2322 2751 2409 2796; x_wconf 84' lang='grc' dir='ltr'>καί</span> <span class='ocrx_word' id='word_1_376' title='bbox 2456 2744 2757 2815; x_wconf 83' lang='grc' dir='ltr'><strong>τευξομένην</strong></span> <span class='ocrx_word' id='word_1_377' title='bbox 2815 2752 2908 2803; x_wconf 83' lang='grc' dir='ltr'><strong>τῆς</strong></span> <span class='ocrx_word' id='word_1_378' title='bbox 2960 2745 3249 2816; x_wconf 87' lang='grc' dir='ltr'><strong>θεραπείας,</strong></span> <span class='ocrx_word' id='word_1_379' title='bbox 3300 2741 3474 2811; x_wconf 76' lang='grc' dir='ltr'><strong>Πολλῷ</strong></span> <span class='ocrx_word' id='word_1_380' title='bbox 3524 2744 3622 2812; x_wconf 86' lang='grc' dir='ltr'>γάρ</span> <span class='ocrx_word' id='word_1_381' title='bbox 3678 2761 3735 2792; x_wconf 88' lang='grc' dir='ltr'>σε</span> <span class='ocrx_word' id='word_1_382' title='bbox 3760 2742 3909 2814; x_wconf 79' lang='grc' dir='ltr'><strong>ῥᾷον,</strong></span> 
     </span>
    </p>
   </div>
   <div class='ocr_carea' id='block_1_56' title="bbox 567 2830 2203 2903">
    <p class='ocr_par' dir='ltr' id='par_1_56' title="bbox 567 2830 2203 2899">
     <span class='ocr_line' id='line_1_56' title="bbox 567 2830 2203 2899; baseline 0.001 -14"><span class='ocrx_word' id='word_1_383' title='bbox 567 2832 822 2899; x_wconf 91' lang='lat' dir='ltr'>dicebat,</span> <span class='ocrx_word' id='word_1_384' title='bbox 864 2830 986 2896; x_wconf 88' lang='lat' dir='ltr'>tibi,</span> <span class='ocrx_word' id='word_1_385' title='bbox 1043 2846 1078 2882; x_wconf 96' lang='lat' dir='ltr'>o</span> <span class='ocrx_word' id='word_1_386' title='bbox 1128 2834 1343 2895; x_wconf 86' lang='lat' dir='ltr'>sancte,</span> <span class='ocrx_word' id='word_1_387' title='bbox 1405 2830 1586 2883; x_wconf 87' lang='lat' dir='ltr'>multo</span> <span class='ocrx_word' id='word_1_388' title='bbox 1638 2830 1888 2899; x_wconf 86' lang='lat' dir='ltr'>facilius,</span> <span class='ocrx_word' id='word_1_389' title='bbox 1940 2849 2073 2887; x_wconf 89' lang='lat' dir='ltr'>cum</span> <span class='ocrx_word' id='word_1_390' title='bbox 2129 2834 2203 2886; x_wconf 85' lang='lat' dir='ltr'>sis</span> 
     </span>
    </p>
   </div>
   <div class='ocr_carea' id='block_1_57' title="bbox 2273 2830 3909 2903">
    <p class='ocr_par' dir='ltr' id='par_1_57' title="bbox 2321 2832 3909 2903">
     <span class='ocr_line' id='line_1_57' title="bbox 2321 2832 3909 2903; baseline -0.002 -19"><span class='ocrx_word' id='word_1_391' title='bbox 2321 2833 2501 2903; x_wconf 86' lang='grc' dir='ltr'><strong>ἔλεγεν,</strong></span> <span class='ocrx_word' id='word_1_392' title='bbox 2556 2832 2748 2903; x_wconf 87' lang='grc' dir='ltr'><strong>ἀγαθόν</strong></span> <span class='ocrx_word' id='word_1_393' title='bbox 2794 2837 2935 2897; x_wconf 81' lang='grc' dir='ltr'><strong>ὄντα,</strong></span> <span class='ocrx_word' id='word_1_394' title='bbox 2986 2837 3073 2882; x_wconf 83' lang='grc' dir='ltr'><strong>καὶ</strong></span> <span class='ocrx_word' id='word_1_395' title='bbox 3128 2840 3217 2883; x_wconf 92' lang='grc' dir='ltr'>τοῦ</span> <span class='ocrx_word' id='word_1_396' title='bbox 3276 2832 3470 2900; x_wconf 70' lang='grc' dir='ltr'><strong>ἀγαθοῦ</strong></span> <span class='ocrx_word' id='word_1_397' title='bbox 3514 2835 3763 2900; x_wconf 77' lang='grc' dir='ltr'><strong>μιμητὴν,</strong></span> <span class='ocrx_word' id='word_1_398' title='bbox 3815 2840 3909 2881; x_wconf 88' lang='grc' dir='ltr'>τοῦ</span> 
     </span>
    </p>
   </div>
   <div class='ocr_carea' id='block_1_58' title="bbox 564 2918 2200 2994">
    <p class='ocr_par' dir='ltr' id='par_1_58' title="bbox 564 2918 2200 2988">
     <span class='ocr_line' id='line_1_58' title="bbox 564 2918 2200 2988; baseline 0.002 -15"><span class='ocrx_word' id='word_1_399' title='bbox 564 2920 753 2973; x_wconf 89' lang='lat' dir='ltr'>bonus</span> <span class='ocrx_word' id='word_1_400' title='bbox 785 2923 839 2973; x_wconf 92' lang='lat' dir='ltr'>et</span> <span class='ocrx_word' id='word_1_401' title='bbox 864 2919 1005 2971; x_wconf 92' lang='lat' dir='ltr'>boni</span> <span class='ocrx_word' id='word_1_402' title='bbox 1033 2918 1314 2980; x_wconf 86' lang='lat' dir='ltr'>imitator,</span> <span class='ocrx_word' id='word_1_403' title='bbox 1348 2934 1554 2971; x_wconf 90' lang='lat' dir='ltr'>curare</span> <span class='ocrx_word' id='word_1_404' title='bbox 1587 2935 1764 2988; x_wconf 90' lang='lat' dir='ltr'>quam</span> <span class='ocrx_word' id='word_1_405' title='bbox 1796 2919 2001 2975; x_wconf 79' lang='lat' dir='ltr'>laedere</span> <span class='ocrx_word' id='word_1_406' title='bbox 2033 2938 2045 2975; x_wconf 89' lang='lat'>:</span> <span class='ocrx_word' id='word_1_407' title='bbox 2076 2927 2133 2976; x_wconf 89' lang='lat' dir='ltr'>et</span> <span class='ocrx_word' id='word_1_408' title='bbox 2162 2923 2200 2975; x_wconf 92' lang='lat' dir='ltr'>si</span> 
     </span>
    </p>
   </div>
   <div class='ocr_carea' id='block_1_59' title="bbox 2262 2918 3898 2994">
    <p class='ocr_par' dir='ltr' id='par_1_59' title="bbox 2321 2919 3898 2994">
     <span class='ocr_line' id='line_1_59' title="bbox 2321 2919 3898 2994; baseline -0.003 -23"><span class='ocrx_word' id='word_1_409' title='bbox 2321 2922 2524 2993; x_wconf 72' lang='grc' dir='ltr'><strong>βλάψαι</strong></span> <span class='ocrx_word' id='word_1_410' title='bbox 2571 2926 2626 2973; x_wconf 88' lang='grc' dir='ltr'>τό</span> <span class='ocrx_word' id='word_1_411' title='bbox 2683 2925 2997 2994; x_wconf 87' lang='grc' dir='ltr'><strong>θεραπεῦσαι</strong></span> <span class='ocrx_word' id='word_1_412' title='bbox 3032 2938 3042 2949; x_wconf 89' lang='grc'><strong>·</strong></span> <span class='ocrx_word' id='word_1_413' title='bbox 3086 2925 3175 2972; x_wconf 84' lang='grc' dir='ltr'><strong>καὶ</strong></span> <span class='ocrx_word' id='word_1_414' title='bbox 3221 2919 3379 2971; x_wconf 81' lang='grc' dir='ltr'><strong>έκεῖνο</strong></span> <span class='ocrx_word' id='word_1_415' title='bbox 3433 2923 3657 2991; x_wconf 79' lang='grc' dir='ltr'><strong>παρέσχε</strong></span> <span class='ocrx_word' id='word_1_416' title='bbox 3699 2923 3786 2968; x_wconf 81' lang='grc' dir='ltr'><strong>καὶ</strong></span> <span class='ocrx_word' id='word_1_417' title='bbox 3824 2923 3898 2989; x_wconf 77' lang='grc' dir='ltr'><strong>μὴ</strong></span> 
     </span>
    </p>
   </div>
   <div class='ocr_carea' id='block_1_60' title="bbox 567 3006 2203 3082">
    <p class='ocr_par' dir='ltr' id='par_1_60' title="bbox 567 3006 2203 3076">
     <span class='ocr_line' id='line_1_60' title="bbox 567 3006 2203 3076; baseline 0.003 -16"><span class='ocrx_word' id='word_1_418' title='bbox 567 3008 712 3061; x_wconf 90' lang='lat' dir='ltr'>illud</span> <span class='ocrx_word' id='word_1_419' title='bbox 772 3007 855 3060; x_wconf 83' lang='lat' dir='ltr'>vel</span> <span class='ocrx_word' id='word_1_420' title='bbox 912 3006 1118 3059; x_wconf 89' lang='lat' dir='ltr'>nolens</span> <span class='ocrx_word' id='word_1_421' title='bbox 1179 3006 1509 3074; x_wconf 70' lang='lat' dir='ltr'>praebuisti,</span> <span class='ocrx_word' id='word_1_422' title='bbox 1559 3008 1865 3076; x_wconf 89' lang='lat' dir='ltr'>quomodo</span> <span class='ocrx_word' id='word_1_423' title='bbox 1914 3025 2031 3064; x_wconf 93' lang='lat' dir='ltr'>non</span> <span class='ocrx_word' id='word_1_424' title='bbox 2095 3010 2203 3065; x_wconf 88' lang='lat' dir='ltr'>hoc</span> 
     </span>
    </p>
   </div>
   <div class='ocr_carea' id='block_1_61' title="bbox 2266 3006 3902 3082">
    <p class='ocr_par' dir='ltr' id='par_1_61' title="bbox 2320 3008 3902 3082">
     <span class='ocr_line' id='line_1_61' title="bbox 2320 3008 3902 3082; baseline -0.003 -22"><span class='ocrx_word' id='word_1_425' title='bbox 2320 3009 2648 3082; x_wconf 78' lang='grc' dir='ltr'><strong>βουλόμενος,</strong></span> <span class='ocrx_word' id='word_1_426' title='bbox 2709 3020 2812 3070; x_wconf 87' lang='grc' dir='ltr'>πῶς</span> <span class='ocrx_word' id='word_1_427' title='bbox 2864 3010 2991 3081; x_wconf 79' lang='grc' dir='ltr'><strong>ουχὶ</strong></span> <span class='ocrx_word' id='word_1_428' title='bbox 3050 3008 3237 3080; x_wconf 76' lang='grc' dir='ltr'><strong>μᾶλλον</strong></span> <span class='ocrx_word' id='word_1_429' title='bbox 3305 3016 3457 3059; x_wconf 84' lang='grc' dir='ltr'><strong>τοῦτο</strong></span> <span class='ocrx_word' id='word_1_430' title='bbox 3513 3011 3643 3058; x_wconf 81' lang='grc' dir='ltr'>κατά</span> <span class='ocrx_word' id='word_1_431' title='bbox 3696 3012 3902 3078; x_wconf 80' lang='grc' dir='ltr'><strong>γνώμην</strong></span> 
     </span>
    </p>
   </div>
   <div class='ocr_carea' id='block_1_62' title="bbox 564 3094 2200 3187">
    <p class='ocr_par' dir='ltr' id='par_1_62' title="bbox 564 3094 2200 3169">
     <span class='ocr_line' id='line_1_62' title="bbox 564 3094 2200 3169; baseline 0.001 -19"><span class='ocrx_word' id='word_1_432' title='bbox 564 3096 757 3163; x_wconf 86' lang='lat' dir='ltr'>magis</span> <span class='ocrx_word' id='word_1_433' title='bbox 780 3095 951 3147; x_wconf 89' lang='lat' dir='ltr'>dabis</span> <span class='ocrx_word' id='word_1_434' title='bbox 980 3109 1049 3147; x_wconf 84' lang='lat' dir='ltr'>ex</span> <span class='ocrx_word' id='word_1_435' title='bbox 1070 3094 1149 3147; x_wconf 89' lang='lat' dir='ltr'>tui</span> <span class='ocrx_word' id='word_1_436' title='bbox 1174 3094 1353 3147; x_wconf 90' lang='lat' dir='ltr'>animi</span> <span class='ocrx_word' id='word_1_437' title='bbox 1387 3094 1719 3149; x_wconf 79' lang='lat' dir='ltr'>sentencia?</span> <span class='ocrx_word' id='word_1_438' title='bbox 1737 3098 1978 3151; x_wconf 85' lang='lat' dir='ltr'>Curatur</span> <span class='ocrx_word' id='word_1_439' title='bbox 2006 3098 2200 3169; x_wconf 88' lang='lat' dir='ltr'>itaque</span> 
     </span>
    </p>
   </div>
   <div class='ocr_carea' id='block_1_63' title="bbox 2270 3094 3906 3187">
    <p class='ocr_par' dir='ltr' id='par_1_63' title="bbox 2270 3097 3906 3185">
     <span class='ocr_line' id='line_1_63' title="bbox 2270 3097 3906 3185; baseline -0.003 -35"><span class='ocrx_word' id='word_1_440' title='bbox 2270 3133 2284 3185; x_wconf 53' lang='lat'>1</span> <span class='ocrx_word' id='word_1_441' title='bbox 2322 3097 2507 3160; x_wconf 71' lang='grc' dir='ltr'><strong>δώσεις</strong></span> <span class='ocrx_word' id='word_1_442' title='bbox 2538 3117 2550 3161; x_wconf 83' lang='lat'><strong>;</strong></span> <span class='ocrx_word' id='word_1_443' title='bbox 2585 3100 2749 3152; x_wconf 79' lang='grc' dir='ltr'><strong>’ἰᾶται</strong></span> <span class='ocrx_word' id='word_1_444' title='bbox 2798 3107 3071 3171; x_wconf 78' lang='grc' dir='ltr'><strong>τοιγαροῦν</strong></span> <span class='ocrx_word' id='word_1_445' title='bbox 3118 3100 3148 3155; x_wconf 86' lang='grc' dir='ltr'>ἡ</span> <span class='ocrx_word' id='word_1_446' title='bbox 3207 3100 3453 3150; x_wconf 88' lang='grc' dir='ltr'><strong>παθοῦσα</strong></span> <span class='ocrx_word' id='word_1_447' title='bbox 3499 3102 3644 3169; x_wconf 84' lang='grc' dir='ltr'><strong>χεὶρ,</strong></span> <span class='ocrx_word' id='word_1_448' title='bbox 3690 3102 3777 3147; x_wconf 83' lang='grc' dir='ltr'><strong>καὶ</strong></span> <span class='ocrx_word' id='word_1_449' title='bbox 3814 3102 3906 3153; x_wconf 78' lang='grc' dir='ltr'>κη-</span> 
     </span>
    </p>
   </div>
   <div class='ocr_carea' id='block_1_64' title="bbox 564 3181 2200 3259">
    <p class='ocr_par' dir='ltr' id='par_1_64' title="bbox 564 3181 2200 3249">
     <span class='ocr_line' id='line_1_64' title="bbox 564 3181 2200 3249; baseline 0.002 -13"><span class='ocrx_word' id='word_1_450' title='bbox 564 3182 773 3237; x_wconf 78' lang='lat' dir='ltr'>affecta</span> <span class='ocrx_word' id='word_1_451' title='bbox 795 3197 1030 3249; x_wconf 85' lang='lat' dir='ltr'>manus,</span> <span class='ocrx_word' id='word_1_452' title='bbox 1065 3186 1119 3234; x_wconf 90' lang='lat' dir='ltr'>et</span> <span class='ocrx_word' id='word_1_453' title='bbox 1147 3182 1423 3246; x_wconf 71' lang='lat' dir='ltr'>praedicat</span> <span class='ocrx_word' id='word_1_454' title='bbox 1450 3181 1723 3236; x_wconf 90' lang='lat' dir='ltr'>virtutem</span> <span class='ocrx_word' id='word_1_455' title='bbox 1774 3188 1830 3237; x_wconf 90' lang='lat' dir='ltr'>et</span> <span class='ocrx_word' id='word_1_456' title='bbox 1886 3186 2200 3240; x_wconf 87' lang='lat' dir='ltr'>bonitatem</span> 
     </span>
    </p>
   </div>
   <div class='ocr_carea' id='block_1_65' title="bbox 2270 3181 3906 3259">
    <p class='ocr_par' dir='ltr' id='par_1_65' title="bbox 2270 3181 3906 3259">
     <span class='ocr_line' id='line_1_65' title="bbox 2270 3181 3906 3259; baseline -0.002 -21"><span class='ocrx_word' id='word_1_457' title='bbox 2270 3181 2283 3185; x_wconf 47' lang='lat'><strong>—</strong></span> <span class='ocrx_word' id='word_1_458' title='bbox 2315 3188 2411 3259; x_wconf 85' lang='grc' dir='ltr'>ρυξ</span> <span class='ocrx_word' id='word_1_459' title='bbox 2465 3193 2659 3257; x_wconf 89' lang='grc' dir='ltr'><strong>γίνεται</strong></span> <span class='ocrx_word' id='word_1_460' title='bbox 2716 3197 2807 3249; x_wconf 87' lang='grc' dir='ltr'><strong>τῆς</strong></span> <span class='ocrx_word' id='word_1_461' title='bbox 2864 3195 2953 3238; x_wconf 90' lang='grc' dir='ltr'>τοῦ</span> <span class='ocrx_word' id='word_1_462' title='bbox 3009 3188 3286 3258; x_wconf 84' lang='grc' dir='ltr'><strong>ἰασαμένου</strong></span> <span class='ocrx_word' id='word_1_463' title='bbox 3359 3190 3447 3237; x_wconf 85' lang='grc' dir='ltr'><strong>καὶ</strong></span> <span class='ocrx_word' id='word_1_464' title='bbox 3504 3182 3771 3256; x_wconf 86' lang='grc' dir='ltr'><strong>δυνάμεως</strong></span> <span class='ocrx_word' id='word_1_465' title='bbox 3817 3188 3906 3235; x_wconf 82' lang='grc' dir='ltr'><strong>καὶ</strong></span> 
     </span>
    </p>
   </div>
   <div class='ocr_carea' id='block_1_66' title="bbox 562 3269 2198 3349">
    <p class='ocr_par' dir='ltr' id='par_1_66' title="bbox 562 3269 2198 3344">
     <span class='ocr_line' id='line_1_66' title="bbox 562 3269 2198 3344; baseline 0.003 -20"><span class='ocrx_word' id='word_1_466' title='bbox 562 3272 710 3340; x_wconf 84' lang='lat' dir='ltr'>ejus,</span> <span class='ocrx_word' id='word_1_467' title='bbox 736 3271 1176 3341; x_wconf 80' lang='lat' dir='ltr'>quicuraverat,</span> <span class='ocrx_word' id='word_1_468' title='bbox 1198 3269 1357 3322; x_wconf 88' lang='lat' dir='ltr'>illam</span> <span class='ocrx_word' id='word_1_469' title='bbox 1385 3271 1715 3340; x_wconf 77' lang='lat' dir='ltr'>quidemob</span> <span class='ocrx_word' id='word_1_470' title='bbox 1735 3274 2198 3344; x_wconf 80' lang='lat' dir='ltr'>castigationem,</span> 
     </span>
    </p>
   </div>
   <div class='ocr_carea' id='block_1_67' title="bbox 2270 3269 3906 3349">
    <p class='ocr_par' dir='ltr' id='par_1_67' title="bbox 2315 3270 3906 3349">
     <span class='ocr_line' id='line_1_67' title="bbox 2315 3270 3906 3349; baseline -0.003 -22"><span class='ocrx_word' id='word_1_471' title='bbox 2315 3284 2682 3349; x_wconf 81' lang='grc' dir='ltr'><strong>χρηστότητος</strong></span> <span class='ocrx_word' id='word_1_472' title='bbox 2714 3280 2769 3327; x_wconf 88' lang='grc' dir='ltr'><strong>τὸ</strong></span> <span class='ocrx_word' id='word_1_473' title='bbox 2802 3280 2890 3347; x_wconf 79' lang='grc' dir='ltr'>μεν</span> <span class='ocrx_word' id='word_1_474' title='bbox 2923 3275 3022 3327; x_wconf 83' lang='grc' dir='ltr'><strong>ἀπὸ</strong></span> <span class='ocrx_word' id='word_1_475' title='bbox 3070 3283 3159 3335; x_wconf 85' lang='grc' dir='ltr'><strong>τῆς</strong></span> <span class='ocrx_word' id='word_1_476' title='bbox 3188 3272 3451 3339; x_wconf 77' lang='grc' dir='ltr'><strong>παιδείας,</strong></span> <span class='ocrx_word' id='word_1_477' title='bbox 3485 3278 3543 3324; x_wconf 86' lang='grc' dir='ltr'>τό</span> <span class='ocrx_word' id='word_1_478' title='bbox 3589 3270 3647 3324; x_wconf 81' lang='grc' dir='ltr'>δε</span> <span class='ocrx_word' id='word_1_479' title='bbox 3680 3272 3776 3324; x_wconf 85' lang='grc' dir='ltr'><strong>ἀπὸ</strong></span> <span class='ocrx_word' id='word_1_480' title='bbox 3816 3281 3906 3331; x_wconf 81' lang='grc' dir='ltr'><strong>τῆς</strong></span> 
     </span>
    </p>
   </div>
   <div class='ocr_carea' id='block_1_68' title="bbox 560 3357 2196 3436">
    <p class='ocr_par' dir='ltr' id='par_1_68' title="bbox 560 3357 2196 3428">
     <span class='ocr_line' id='line_1_68' title="bbox 560 3357 2196 3428; baseline 0.001 -14"><span class='ocrx_word' id='word_1_481' title='bbox 560 3359 716 3414; x_wconf 89' lang='lat' dir='ltr'>hanc</span> <span class='ocrx_word' id='word_1_482' title='bbox 746 3375 881 3412; x_wconf 92' lang='lat' dir='ltr'>vero</span> <span class='ocrx_word' id='word_1_483' title='bbox 907 3362 984 3412; x_wconf 89' lang='lat' dir='ltr'>ob</span> <span class='ocrx_word' id='word_1_484' title='bbox 1005 3357 1374 3411; x_wconf 87' lang='lat' dir='ltr'>sanationem</span> <span class='ocrx_word' id='word_1_485' title='bbox 1410 3365 1545 3428; x_wconf 85' lang='lat' dir='ltr'>post</span> <span class='ocrx_word' id='word_1_486' title='bbox 1576 3362 1941 3427; x_wconf 86' lang='lat' dir='ltr'>agnitionem</span> <span class='ocrx_word' id='word_1_487' title='bbox 1972 3364 2196 3417; x_wconf 86' lang='lat' dir='ltr'>erroris.</span> 
     </span>
    </p>
   </div>
   <div class='ocr_carea' id='block_1_69' title="bbox 2270 3357 3906 3436">
    <p class='ocr_par' dir='ltr' id='par_1_69' title="bbox 2314 3364 3906 3436">
     <span class='ocr_line' id='line_1_69' title="bbox 2314 3364 3906 3436; baseline -0.001 -22"><span class='ocrx_word' id='word_1_488' title='bbox 2314 3368 2442 3434; x_wconf 75' lang='grc' dir='ltr'><strong>μετὰ</strong></span> <span class='ocrx_word' id='word_1_489' title='bbox 2496 3369 2587 3421; x_wconf 81' lang='grc' dir='ltr'><strong>τὴν</strong></span> <span class='ocrx_word' id='word_1_490' title='bbox 2650 3364 2925 3435; x_wconf 84' lang='grc' dir='ltr'><strong>ἐπίγνωσιν</strong></span> <span class='ocrx_word' id='word_1_491' title='bbox 2996 3373 3085 3416; x_wconf 86' lang='grc' dir='ltr'>τοῦ</span> <span class='ocrx_word' id='word_1_492' title='bbox 3141 3365 3432 3436; x_wconf 76' lang='grc' dir='ltr'><strong>σφάλματος</strong></span> <span class='ocrx_word' id='word_1_493' title='bbox 3482 3366 3775 3431; x_wconf 85' lang='grc' dir='ltr'><strong>θεραπείας.</strong></span> <span class='ocrx_word' id='word_1_494' title='bbox 3837 3365 3906 3413; x_wconf 89' lang='lat' dir='ltr'><em>T6</em></span> 
     </span>
    </p>
   </div>
   <div class='ocr_carea' id='block_1_70' title="bbox 558 3447 2194 3525">
    <p class='ocr_par' dir='ltr' id='par_1_70' title="bbox 558 3447 2194 3520">
     <span class='ocr_line' id='line_1_70' title="bbox 558 3447 2194 3520; baseline 0.004 -21"><span class='ocrx_word' id='word_1_495' title='bbox 558 3448 775 3501; x_wconf 86' lang='lat' dir='ltr'>Deinde</span> <span class='ocrx_word' id='word_1_496' title='bbox 807 3462 945 3501; x_wconf 86' lang='lat' dir='ltr'>vero</span> <span class='ocrx_word' id='word_1_497' title='bbox 970 3447 1247 3515; x_wconf 84' lang='lat' dir='ltr'>pontifex,</span> <span class='ocrx_word' id='word_1_498' title='bbox 1273 3462 1409 3500; x_wconf 91' lang='lat' dir='ltr'>cum</span> <span class='ocrx_word' id='word_1_499' title='bbox 1441 3463 1678 3501; x_wconf 89' lang='lat' dir='ltr'>sacrum</span> <span class='ocrx_word' id='word_1_500' title='bbox 1710 3449 1841 3518; x_wconf 86' lang='lat' dir='ltr'>ejus</span> <span class='ocrx_word' id='word_1_501' title='bbox 1866 3450 2194 3520; x_wconf 87' lang='lat' dir='ltr'>sepulcrum</span> 
     </span>
    </p>
   </div>
   <div class='ocr_carea' id='block_1_71' title="bbox 2274 3447 3910 3525">
    <p class='ocr_par' dir='ltr' id='par_1_71' title="bbox 2315 3448 3910 3525">
     <span class='ocr_line' id='line_1_71' title="bbox 2315 3448 3910 3525; baseline -0.001 -24"><span class='ocrx_word' id='word_1_502' title='bbox 2315 3451 2488 3504; x_wconf 82' lang='grc' dir='ltr'><strong>λοιπὸν</strong></span> <span class='ocrx_word' id='word_1_503' title='bbox 2516 3458 2683 3504; x_wconf 83' lang='grc' dir='ltr'><strong>τοίνυν</strong></span> <span class='ocrx_word' id='word_1_504' title='bbox 2710 3456 2735 3503; x_wconf 88' lang='lat'>6</span> <span class='ocrx_word' id='word_1_505' title='bbox 2768 3452 3043 3525; x_wconf 79' lang='grc' dir='ltr'><strong>ἀρχιερεὺς</strong></span> <span class='ocrx_word' id='word_1_506' title='bbox 3086 3457 3172 3505; x_wconf 85' lang='grc' dir='ltr'><strong>τὸν</strong></span> <span class='ocrx_word' id='word_1_507' title='bbox 3206 3455 3337 3525; x_wconf 86' lang='grc' dir='ltr'><strong>ἱερὸν</strong></span> <span class='ocrx_word' id='word_1_508' title='bbox 3381 3454 3538 3523; x_wconf 88' lang='grc' dir='ltr'><strong>τάφον</strong></span> <span class='ocrx_word' id='word_1_509' title='bbox 3574 3448 3910 3520; x_wconf 73' lang='grc' dir='ltr'><strong>δσξολογίαις</strong></span> 
     </span>
    </p>
   </div>
   <div class='ocr_carea' id='block_1_72' title="bbox 554 3534 2190 3614">
    <p class='ocr_par' dir='ltr' id='par_1_72' title="bbox 554 3534 2190 3608">
     <span class='ocr_line' id='line_1_72' title="bbox 554 3534 2190 3608; baseline 0.002 -17"><span class='ocrx_word' id='word_1_510' title='bbox 554 3536 906 3591; x_wconf 89' lang='lat' dir='ltr'>honorasset</span> <span class='ocrx_word' id='word_1_511' title='bbox 926 3534 1158 3604; x_wconf 84' lang='lat' dir='ltr'>hymnis</span> <span class='ocrx_word' id='word_1_512' title='bbox 1186 3541 1242 3589; x_wconf 91' lang='lat' dir='ltr'>et</span> <span class='ocrx_word' id='word_1_513' title='bbox 1266 3534 1866 3603; x_wconf 83' lang='lat' dir='ltr'>gloriﬁcationibus,ei</span> <span class='ocrx_word' id='word_1_514' title='bbox 1896 3539 2190 3608; x_wconf 85' lang='lat' dir='ltr'>pristinaiI</span> 
     </span>
    </p>
   </div>
   <div class='ocr_carea' id='block_1_73' title="bbox 2272 3534 3908 3614">
    <p class='ocr_par' dir='ltr' id='par_1_73' title="bbox 2314 3536 3908 3614">
     <span class='ocr_line' id='line_1_73' title="bbox 2314 3536 3908 3614; baseline -0.002 -22"><span class='ocrx_word' id='word_1_515' title='bbox 2314 3561 2367 3592; x_wconf 89' lang='grc' dir='ltr'>τε</span> <span class='ocrx_word' id='word_1_516' title='bbox 2396 3547 2485 3593; x_wconf 82' lang='grc' dir='ltr'><strong>καὶ</strong></span> <span class='ocrx_word' id='word_1_517' title='bbox 2527 3541 2707 3613; x_wconf 81' lang='grc' dir='ltr'><strong>ὕμνοις</strong></span> <span class='ocrx_word' id='word_1_518' title='bbox 2750 3547 2998 3613; x_wconf 81' lang='grc' dir='ltr'><strong>τιμήσας,</strong></span> <span class='ocrx_word' id='word_1_519' title='bbox 3049 3546 3104 3593; x_wconf 88' lang='grc' dir='ltr'>τό</span> <span class='ocrx_word' id='word_1_520' title='bbox 3137 3544 3359 3614; x_wconf 87' lang='grc' dir='ltr'><strong>ἀρχαῖον</strong></span> <span class='ocrx_word' id='word_1_521' title='bbox 3408 3536 3714 3592; x_wconf 83' lang='grc' dir='ltr'><strong>ἀποδίδωσι</strong></span> <span class='ocrx_word' id='word_1_522' title='bbox 3769 3539 3908 3606; x_wconf 77' lang='grc' dir='ltr'><strong>αὐτῷ</strong></span> 
     </span>
    </p>
   </div>
   <div class='ocr_carea' id='block_1_74' title="bbox 556 3622 2192 3703">
    <p class='ocr_par' dir='ltr' id='par_1_74' title="bbox 556 3622 2192 3698">
     <span class='ocr_line' id='line_1_74' title="bbox 556 3622 2192 3698; baseline 0.003 -20"><span class='ocrx_word' id='word_1_523' title='bbox 556 3624 812 3692; x_wconf 86' lang='lat' dir='ltr'>ﬁguram</span> <span class='ocrx_word' id='word_1_524' title='bbox 844 3624 1112 3689; x_wconf 86' lang='lat' dir='ltr'>restituit,</span> <span class='ocrx_word' id='word_1_525' title='bbox 1145 3622 1313 3677; x_wconf 87' lang='lat' dir='ltr'>nulla</span> <span class='ocrx_word' id='word_1_526' title='bbox 1344 3622 1402 3677; x_wconf 89' lang='lat' dir='ltr'>in</span> <span class='ocrx_word' id='word_1_527' title='bbox 1444 3640 1503 3677; x_wconf 91' lang='lat' dir='ltr'>re</span> <span class='ocrx_word' id='word_1_528' title='bbox 1536 3631 1787 3693; x_wconf 91' lang='lat' dir='ltr'>mutato,</span> <span class='ocrx_word' id='word_1_529' title='bbox 1816 3627 1931 3681; x_wconf 90' lang='lat' dir='ltr'>nisi</span> <span class='ocrx_word' id='word_1_530' title='bbox 1958 3629 2122 3698; x_wconf 90' lang='lat' dir='ltr'>quod</span> <span class='ocrx_word' id='word_1_531' title='bbox 2145 3644 2192 3683; x_wconf 70' lang='lat' dir='ltr'>se</span> 
     </span>
    </p>
   </div>
   <div class='ocr_carea' id='block_1_75' title="bbox 2271 3622 3907 3703">
    <p class='ocr_par' dir='ltr' id='par_1_75' title="bbox 2318 3629 3907 3703">
     <span class='ocr_line' id='line_1_75' title="bbox 2318 3629 3907 3703; baseline -0.003 -22"><span class='ocrx_word' id='word_1_532' title='bbox 2318 3639 2527 3702; x_wconf 78' lang='grc' dir='ltr'><strong>σχῆμα,</strong></span> <span class='ocrx_word' id='word_1_533' title='bbox 2579 3640 2650 3700; x_wconf 80' lang='grc' dir='ltr'><strong>τῷ</strong></span> <span class='ocrx_word' id='word_1_534' title='bbox 2703 3635 3031 3702; x_wconf 86' lang='grc' dir='ltr'><strong>κοσμιωτέρῳ</strong></span> <span class='ocrx_word' id='word_1_535' title='bbox 3062 3637 3199 3703; x_wconf 76' lang='grc' dir='ltr'><strong>μόνῳ</strong></span> <span class='ocrx_word' id='word_1_536' title='bbox 3225 3635 3316 3688; x_wconf 83' lang='grc' dir='ltr'><strong>τὴν</strong></span> <span class='ocrx_word' id='word_1_537' title='bbox 3346 3629 3685 3701; x_wconf 76' lang='grc' dir='ltr'><strong>παραλλαγὴν</strong></span> <span class='ocrx_word' id='word_1_538' title='bbox 3710 3632 3907 3699; x_wconf 84' lang='grc' dir='ltr'><strong>ἔχοντι.</strong></span> 
     </span>
    </p>
   </div>
   <div class='ocr_carea' id='block_1_76' title="bbox 559 3711 2195 3790">
    <p class='ocr_par' dir='ltr' id='par_1_76' title="bbox 559 3711 2195 3782">
     <span class='ocr_line' id='line_1_76' title="bbox 559 3711 2195 3782; baseline 0.002 -14"><span class='ocrx_word' id='word_1_539' title='bbox 559 3713 821 3768; x_wconf 88' lang='lat' dir='ltr'>habebat</span> <span class='ocrx_word' id='word_1_540' title='bbox 844 3712 1055 3765; x_wconf 89' lang='lat' dir='ltr'>melius</span> <span class='ocrx_word' id='word_1_541' title='bbox 1097 3717 1152 3764; x_wconf 88' lang='lat' dir='ltr'>et</span> <span class='ocrx_word' id='word_1_542' title='bbox 1192 3711 1520 3765; x_wconf 86' lang='lat' dir='ltr'>honestius.</span> <span class='ocrx_word' id='word_1_543' title='bbox 1573 3712 1665 3767; x_wconf 92' lang='lat' dir='ltr'>Sic</span> <span class='ocrx_word' id='word_1_544' title='bbox 1723 3714 2010 3782; x_wconf 86' lang='lat' dir='ltr'>gloriﬁcat</span> <span class='ocrx_word' id='word_1_545' title='bbox 2052 3720 2195 3772; x_wconf 88' lang='lat' dir='ltr'>Deus</span> 
     </span>
    </p>
   </div>
   <div class='ocr_carea' id='block_1_77' title="bbox 2270 3711 3906 3790">
    <p class='ocr_par' dir='ltr' id='par_1_77' title="bbox 2317 3717 3906 3790">
     <span class='ocr_line' id='line_1_77' title="bbox 2317 3717 3906 3790; baseline -0.003 -19"><span class='ocrx_word' id='word_1_546' title='bbox 2317 3720 2467 3771; x_wconf 76' lang='grc' dir='ltr'><strong>Οὕτω</strong></span> <span class='ocrx_word' id='word_1_547' title='bbox 2499 3718 2711 3781; x_wconf 75' lang='grc' dir='ltr'><strong>δοξάζει</strong></span> <span class='ocrx_word' id='word_1_548' title='bbox 2737 3725 2861 3780; x_wconf 86' lang='grc' dir='ltr'><strong>Θεὸς</strong></span> <span class='ocrx_word' id='word_1_549' title='bbox 2886 3723 2999 3779; x_wconf 80' lang='grc' dir='ltr'><strong>τοὺς</strong></span> <span class='ocrx_word' id='word_1_550' title='bbox 3029 3720 3184 3771; x_wconf 76' lang='grc' dir='ltr'><strong>αὐτὸν</strong></span> <span class='ocrx_word' id='word_1_551' title='bbox 3217 3717 3454 3781; x_wconf 76' lang='grc' dir='ltr'><strong>δοξάζειν</strong></span> <span class='ocrx_word' id='word_1_552' title='bbox 3485 3717 3861 3790; x_wconf 85' lang='grc' dir='ltr'><strong>προελομένους</strong></span> <span class='ocrx_word' id='word_1_553' title='bbox 3896 3733 3906 3743; x_wconf 94' lang='grc'>·</span> 
     </span>
    </p>
   </div>
   <div class='ocr_carea' id='block_1_78' title="bbox 554 3800 2190 3881">
    <p class='ocr_par' dir='ltr' id='par_1_78' title="bbox 554 3800 2190 3877">
     <span class='ocr_line' id='line_1_78' title="bbox 554 3800 2190 3877; baseline 0.003 -21"><span class='ocrx_word' id='word_1_554' title='bbox 554 3818 678 3869; x_wconf 91' lang='lat' dir='ltr'>eos,</span> <span class='ocrx_word' id='word_1_555' title='bbox 709 3801 806 3871; x_wconf 89' lang='lat' dir='ltr'>qui</span> <span class='ocrx_word' id='word_1_556' title='bbox 830 3800 1025 3869; x_wconf 88' lang='lat' dir='ltr'>ipsum</span> <span class='ocrx_word' id='word_1_557' title='bbox 1053 3800 1385 3867; x_wconf 73' lang='lat' dir='ltr'>gloriﬁcent</span> <span class='ocrx_word' id='word_1_558' title='bbox 1410 3816 1424 3865; x_wconf 87' lang='lat'>;</span> <span class='ocrx_word' id='word_1_559' title='bbox 1460 3802 1543 3854; x_wconf 92' lang='lat' dir='ltr'>sic</span> <span class='ocrx_word' id='word_1_560' title='bbox 1562 3802 1907 3869; x_wconf 83' lang='lat' dir='ltr'>magniﬁcat</span> <span class='ocrx_word' id='word_1_561' title='bbox 1943 3820 2062 3873; x_wconf 89' lang='lat' dir='ltr'>eos,</span> <span class='ocrx_word' id='word_1_562' title='bbox 2092 3808 2190 3877; x_wconf 90' lang='lat' dir='ltr'>qui</span> 
     </span>
    </p>
   </div>
   <div class='ocr_carea' id='block_1_79' title="bbox 2274 3800 3910 3881">
    <p class='ocr_par' dir='ltr' id='par_1_79' title="bbox 2315 3803 3910 3881">
     <span class='ocr_line' id='line_1_79' title="bbox 2315 3803 3910 3881; baseline -0.004 -21"><span class='ocrx_word' id='word_1_563' title='bbox 2315 3810 2448 3860; x_wconf 78' lang='grc' dir='ltr'><strong>οὕτω</strong></span> <span class='ocrx_word' id='word_1_564' title='bbox 2508 3811 2775 3881; x_wconf 78' lang='grc' dir='ltr'><strong>μεγαλύνει</strong></span> <span class='ocrx_word' id='word_1_565' title='bbox 2828 3813 2944 3867; x_wconf 82' lang='grc' dir='ltr'><strong>τοὺς</strong></span> <span class='ocrx_word' id='word_1_566' title='bbox 2990 3808 3368 3879; x_wconf 86' lang='grc' dir='ltr'><strong>μεγαλύνοντας</strong></span> <span class='ocrx_word' id='word_1_567' title='bbox 3418 3825 3429 3835; x_wconf 94' lang='grc'><strong>·</strong></span> <span class='ocrx_word' id='word_1_568' title='bbox 3466 3807 3523 3858; x_wconf 79' lang='grc' dir='ltr'>οὐ</span> <span class='ocrx_word' id='word_1_569' title='bbox 3573 3810 3630 3858; x_wconf 87' lang='grc' dir='ltr'>τό</span> <span class='ocrx_word' id='word_1_570' title='bbox 3681 3813 3783 3857; x_wconf 81' lang='grc' dir='ltr'><strong>πᾶν</strong></span> <span class='ocrx_word' id='word_1_571' title='bbox 3837 3803 3910 3855; x_wconf 78' lang='grc' dir='ltr'><strong>ἐν·</strong></span> 
     </span>
    </p>
   </div>
   <div class='ocr_carea' id='block_1_80' title="bbox 555 3888 2191 3969">
    <p class='ocr_par' dir='ltr' id='par_1_80' title="bbox 555 3888 2191 3961">
     <span class='ocr_line' id='line_1_80' title="bbox 555 3888 2191 3961; baseline 0.002 -17"><span class='ocrx_word' id='word_1_572' title='bbox 555 3891 753 3961; x_wconf 90' lang='lat' dir='ltr'>ipsum</span> <span class='ocrx_word' id='word_1_573' title='bbox 795 3888 1207 3955; x_wconf 79' lang='lat' dir='ltr'>magniﬁcant.</span> <span class='ocrx_word' id='word_1_574' title='bbox 1237 3888 1365 3941; x_wconf 89' lang='lat' dir='ltr'>Non</span> <span class='ocrx_word' id='word_1_575' title='bbox 1398 3888 1744 3943; x_wconf 88' lang='lat' dir='ltr'>universum</span> <span class='ocrx_word' id='word_1_576' title='bbox 1774 3891 1870 3945; x_wconf 90' lang='lat' dir='ltr'>hic</span> <span class='ocrx_word' id='word_1_577' title='bbox 1925 3893 2159 3947; x_wconf 88' lang='lat' dir='ltr'>donans</span> <span class='ocrx_word' id='word_1_578' title='bbox 2189 3939 2191 3961; x_wconf 72' lang='grc'>,</span> 
     </span>
    </p>
   </div>
   <div class='ocr_carea' id='block_1_81' title="bbox 2272 3888 3908 3969">
    <p class='ocr_par' dir='ltr' id='par_1_81' title="bbox 2315 3896 3908 3969">
     <span class='ocr_line' id='line_1_81' title="bbox 2315 3896 3908 3969; baseline -0.001 -21"><span class='ocrx_word' id='word_1_579' title='bbox 2315 3901 2480 3949; x_wconf 89' lang='grc' dir='ltr'><strong>ταῦθα</strong></span> <span class='ocrx_word' id='word_1_580' title='bbox 2534 3896 3034 3969; x_wconf 77' lang='grc' dir='ltr'><strong>διδοὺς,,οῦμενοῦν</strong></span> <span class='ocrx_word' id='word_1_581' title='bbox 3068 3915 3078 3926; x_wconf 83' lang='grc'><em>’</em></span> <span class='ocrx_word' id='word_1_582' title='bbox 3111 3896 3235 3949; x_wconf 82' lang='grc' dir='ltr'>ἀλλά</span> <span class='ocrx_word' id='word_1_583' title='bbox 3288 3900 3352 3948; x_wconf 86' lang='grc' dir='ltr'>τά</span> <span class='ocrx_word' id='word_1_584' title='bbox 3404 3896 3652 3968; x_wconf 86' lang='grc' dir='ltr'><strong>μέλλοντα</strong></span> <span class='ocrx_word' id='word_1_585' title='bbox 3700 3898 3908 3957; x_wconf 77' lang='grc' dir='ltr'><strong>τούτοις</strong></span> 
     </span>
    </p>
   </div>
   <div class='ocr_carea' id='block_1_82' title="bbox 554 3975 2190 4060">
    <p class='ocr_par' dir='ltr' id='par_1_82' title="bbox 554 3975 2181 4049">
     <span class='ocr_line' id='line_1_82' title="bbox 554 3975 2181 4049; baseline 0.002 -17"><span class='ocrx_word' id='word_1_586' title='bbox 554 3978 803 4033; x_wconf 89' lang='lat' dir='ltr'>minime</span> <span class='ocrx_word' id='word_1_587' title='bbox 838 3993 850 4031; x_wconf 94' lang='lat'>:</span> <span class='ocrx_word' id='word_1_588' title='bbox 884 3977 986 4029; x_wconf 87' lang='lat' dir='ltr'>sed</span> <span class='ocrx_word' id='word_1_589' title='bbox 1019 3991 1089 4029; x_wconf 83' lang='lat' dir='ltr'>ex</span> <span class='ocrx_word' id='word_1_590' title='bbox 1120 3976 1210 4029; x_wconf 90' lang='lat' dir='ltr'>his</span> <span class='ocrx_word' id='word_1_591' title='bbox 1268 3975 1468 4031; x_wconf 80' lang='lat' dir='ltr'>futura</span> <span class='ocrx_word' id='word_1_592' title='bbox 1498 3976 1765 4047; x_wconf 70' lang='lat' dir='ltr'>praebens</span> <span class='ocrx_word' id='word_1_593' title='bbox 1810 3981 2181 4049; x_wconf 86' lang='lat' dir='ltr'>conjicienda</span> 
     </span>
    </p>
   </div>
   <div class='ocr_carea' id='block_1_83' title="bbox 2272 3975 3908 4060">
    <p class='ocr_par' dir='ltr' id='par_1_83' title="bbox 2312 3984 3908 4060">
     <span class='ocr_line' id='line_1_83' title="bbox 2312 3984 3908 4060; baseline 0 -25"><span class='ocrx_word' id='word_1_594' title='bbox 2312 3989 2684 4059; x_wconf 84' lang='grc' dir='ltr'><strong>τεκμαίρεσθαι</strong></span> <span class='ocrx_word' id='word_1_595' title='bbox 2742 3993 3116 4060; x_wconf 86' lang='grc' dir='ltr'><strong>παρεχόμενος.</strong></span> <span class='ocrx_word' id='word_1_596' title='bbox 3167 3989 3243 4038; x_wconf 82' lang='grc' dir='ltr'>Τὰ</span> <span class='ocrx_word' id='word_1_597' title='bbox 3316 3984 3413 4058; x_wconf 84' lang='grc' dir='ltr'>γὰρ</span> <span class='ocrx_word' id='word_1_598' title='bbox 3501 3984 3741 4049; x_wconf 81' lang='grc' dir='ltr'><strong>ἐνταῦθα,</strong></span> <span class='ocrx_word' id='word_1_599' title='bbox 3813 3989 3908 4036; x_wconf 78' lang='grc' dir='ltr'><strong>σὺν</strong></span> 
     </span>
    </p>
   </div>
   <div class='ocr_carea' id='block_1_84' title="bbox 551 4064 2187 4147">
    <p class='ocr_par' dir='ltr' id='par_1_84' title="bbox 551 4064 2177 4138">
     <span class='ocr_line' id='line_1_84' title="bbox 551 4064 2177 4138; baseline 0.002 -16"><span class='ocrx_word' id='word_1_600' title='bbox 551 4071 696 4122; x_wconf 85' lang='lat' dir='ltr'>Nam</span> <span class='ocrx_word' id='word_1_601' title='bbox 726 4082 859 4138; x_wconf 63' lang='lat' dir='ltr'>qua:</span> <span class='ocrx_word' id='word_1_602' title='bbox 892 4066 983 4118; x_wconf 88' lang='lat' dir='ltr'>hic</span> <span class='ocrx_word' id='word_1_603' title='bbox 1005 4065 1247 4133; x_wconf 90' lang='lat' dir='ltr'>dantur,</span> <span class='ocrx_word' id='word_1_604' title='bbox 1275 4066 1385 4119; x_wconf 90' lang='lat' dir='ltr'>etsi</span> <span class='ocrx_word' id='word_1_605' title='bbox 1417 4064 1568 4119; x_wconf 89' lang='lat' dir='ltr'>inter</span> <span class='ocrx_word' id='word_1_606' title='bbox 1592 4067 1798 4121; x_wconf 92' lang='lat' dir='ltr'>omnia</span> <span class='ocrx_word' id='word_1_607' title='bbox 1825 4070 2063 4125; x_wconf 83' lang='lat' dir='ltr'>senSilia</span> <span class='ocrx_word' id='word_1_608' title='bbox 2090 4072 2177 4125; x_wconf 90' lang='lat' dir='ltr'>sin</span> 
     </span>
    </p>
   </div>
   <div class='ocr_carea' id='block_1_85' title="bbox 2270 4064 3906 4147">
    <p class='ocr_par' dir='ltr' id='par_1_85' title="bbox 2312 4070 3906 4147">
     <span class='ocr_line' id='line_1_85' title="bbox 2312 4070 3906 4147; baseline 0.002 -24"><span class='ocrx_word' id='word_1_609' title='bbox 2312 4081 2415 4133; x_wconf 85' lang='grc' dir='ltr'><strong>τοῖς</strong></span> <span class='ocrx_word' id='word_1_610' title='bbox 2459 4076 2726 4135; x_wconf 81' lang='grc' dir='ltr'><strong>αἰσθητοῖς</strong></span> <span class='ocrx_word' id='word_1_611' title='bbox 2774 4075 2940 4127; x_wconf 79' lang='grc' dir='ltr'><strong>ἅπασι</strong></span> <span class='ocrx_word' id='word_1_612' title='bbox 2988 4094 3044 4126; x_wconf 90' lang='grc' dir='ltr'><strong>το</strong></span> <span class='ocrx_word' id='word_1_613' title='bbox 3085 4074 3337 4147; x_wconf 82' lang='grc' dir='ltr'><strong>ἐξαίρετον</strong></span> <span class='ocrx_word' id='word_1_614' title='bbox 3400 4077 3519 4145; x_wconf 79' lang='grc' dir='ltr'><strong>ἔχη,</strong></span> <span class='ocrx_word' id='word_1_615' title='bbox 3553 4072 3660 4123; x_wconf 82' lang='grc' dir='ltr'><strong>ἀλλ’</strong></span> <span class='ocrx_word' id='word_1_616' title='bbox 3696 4070 3785 4125; x_wconf 85' lang='grc' dir='ltr'><strong>οὖν</strong></span> <span class='ocrx_word' id='word_1_617' title='bbox 3816 4080 3906 4126; x_wconf 82' lang='grc' dir='ltr'>καὶ</span> 
     </span>
    </p>
   </div>
   <div class='ocr_carea' id='block_1_86' title="bbox 551 4154 2187 4236">
    <p class='ocr_par' dir='ltr' id='par_1_86' title="bbox 551 4154 2187 4228">
     <span class='ocr_line' id='line_1_86' title="bbox 551 4154 2187 4228; baseline -0.001 -18"><span class='ocrx_word' id='word_1_618' title='bbox 551 4161 1064 4228; x_wconf 66' lang='grc' dir='ltr'><strong>ριἰεδῐδιιῐιεειωᾶ,</strong></span> <span class='ocrx_word' id='word_1_619' title='bbox 1121 4154 1368 4209; x_wconf 88' lang='lat' dir='ltr'>auribus</span> <span class='ocrx_word' id='word_1_620' title='bbox 1404 4161 1600 4209; x_wconf 88' lang='lat' dir='ltr'>tamen</span> <span class='ocrx_word' id='word_1_621' title='bbox 1654 4157 2083 4225; x_wconf 85' lang='lat' dir='ltr'>significantur,</span> <span class='ocrx_word' id='word_1_622' title='bbox 2146 4166 2187 4214; x_wconf 76' lang='lat' dir='ltr'>et</span> 
     </span>
    </p>
   </div>
   <div class='ocr_carea' id='block_1_87' title="bbox 2270 4154 3906 4236">
    <p class='ocr_par' dir='ltr' id='par_1_87' title="bbox 2312 4160 3906 4236">
     <span class='ocr_line' id='line_1_87' title="bbox 2312 4160 3906 4236; baseline 0.001 -22"><span class='ocrx_word' id='word_1_623' title='bbox 2312 4162 2437 4236; x_wconf 74' lang='grc' dir='ltr'><strong>ἀκοῇ</strong></span> <span class='ocrx_word' id='word_1_624' title='bbox 2482 4162 2751 4227; x_wconf 81' lang='grc' dir='ltr'><strong>δηλοῦται,</strong></span> <span class='ocrx_word' id='word_1_625' title='bbox 2794 4170 2881 4216; x_wconf 86' lang='grc' dir='ltr'>καὶ</span> <span class='ocrx_word' id='word_1_626' title='bbox 2914 4166 3025 4236; x_wconf 71' lang='grc' dir='ltr'><strong>ἅψει</strong></span> <span class='ocrx_word' id='word_1_627' title='bbox 3076 4163 3524 4235; x_wconf 81' lang='grc' dir='ltr'><strong>καταλαμϐάνεται</strong></span> <span class='ocrx_word' id='word_1_628' title='bbox 3572 4180 3583 4192; x_wconf 92' lang='grc'><strong>·</strong></span> <span class='ocrx_word' id='word_1_629' title='bbox 3617 4165 3643 4214; x_wconf 89' lang='lat'>6</span> <span class='ocrx_word' id='word_1_630' title='bbox 3676 4160 3737 4214; x_wconf 80' lang='grc' dir='ltr'>δε</span> <span class='ocrx_word' id='word_1_631' title='bbox 3783 4168 3906 4223; x_wconf 75' lang='grc' dir='ltr'><strong>τοὺς</strong></span> 
     </span>
    </p>
   </div>
   <div class='ocr_carea' id='block_1_88' title="bbox 556 4245 2192 4327">
    <p class='ocr_par' dir='ltr' id='par_1_88' title="bbox 556 4245 2192 4315">
     <span class='ocr_line' id='line_1_88' title="bbox 556 4245 2192 4315; baseline 0.002 -14"><span class='ocrx_word' id='word_1_632' title='bbox 556 4246 744 4302; x_wconf 88' lang='lat' dir='ltr'>oculis</span> <span class='ocrx_word' id='word_1_633' title='bbox 775 4245 1385 4315; x_wconf 85' lang='lat' dir='ltr'>comprehenduntur.</span> <span class='ocrx_word' id='word_1_634' title='bbox 1422 4246 1558 4310; x_wconf 68' lang='lat' dir='ltr'>Quae</span> <span class='ocrx_word' id='word_1_635' title='bbox 1588 4252 1781 4301; x_wconf 87' lang='lat' dir='ltr'>autem</span> <span class='ocrx_word' id='word_1_636' title='bbox 1834 4248 1947 4303; x_wconf 90' lang='lat' dir='ltr'>illic</span> <span class='ocrx_word' id='word_1_637' title='bbox 1979 4252 2192 4305; x_wconf 85' lang='lat' dir='ltr'>sanctis</span> 
     </span>
    </p>
   </div>
   <div class='ocr_carea' id='block_1_89' title="bbox 2268 4245 3904 4327">
    <p class='ocr_par' dir='ltr' id='par_1_89' title="bbox 2310 4249 3904 4327">
     <span class='ocr_line' id='line_1_89' title="bbox 2310 4249 3904 4327; baseline 0.001 -23"><span class='ocrx_word' id='word_1_638' title='bbox 2310 4253 2480 4325; x_wconf 81' lang='grc' dir='ltr'><strong>ἁγίους</strong></span> <span class='ocrx_word' id='word_1_639' title='bbox 2550 4252 2652 4305; x_wconf 80' lang='grc' dir='ltr'><strong>ἐκεῖ</strong></span> <span class='ocrx_word' id='word_1_640' title='bbox 2724 4258 3000 4327; x_wconf 79' lang='grc' dir='ltr'><strong>περιμένει,</strong></span> <span class='ocrx_word' id='word_1_641' title='bbox 3054 4254 3169 4305; x_wconf 73' lang='grc' dir='ltr'><strong>οὔτε</strong></span> <span class='ocrx_word' id='word_1_642' title='bbox 3243 4252 3505 4324; x_wconf 84' lang='grc' dir='ltr'><strong>ὀφθαλμός</strong></span> <span class='ocrx_word' id='word_1_643' title='bbox 3586 4249 3739 4318; x_wconf 82' lang='grc' dir='ltr'><strong>εἶδεν,</strong></span> <span class='ocrx_word' id='word_1_644' title='bbox 3813 4260 3904 4305; x_wconf 81' lang='grc' dir='ltr'><strong>καὶ</strong></span> 
     </span>
    </p>
   </div>
   <div class='ocr_carea' id='block_1_90' title="bbox 552 4334 2188 4414">
    <p class='ocr_par' dir='ltr' id='par_1_90' title="bbox 552 4334 2188 4406">
     <span class='ocr_line' id='line_1_90' title="bbox 552 4334 2188 4406; baseline 0.004 -17"><span class='ocrx_word' id='word_1_645' title='bbox 552 4340 817 4398; x_wconf 87' lang='lat' dir='ltr'>manent,</span> <span class='ocrx_word' id='word_1_646' title='bbox 842 4350 1028 4405; x_wconf 89' lang='lat' dir='ltr'>neque</span> <span class='ocrx_word' id='word_1_647' title='bbox 1056 4334 1263 4389; x_wconf 92' lang='lat' dir='ltr'>oculus</span> <span class='ocrx_word' id='word_1_648' title='bbox 1322 4335 1484 4398; x_wconf 89' lang='lat' dir='ltr'>vidit,</span> <span class='ocrx_word' id='word_1_649' title='bbox 1529 4350 1716 4405; x_wconf 85' lang='lat' dir='ltr'>neque</span> <span class='ocrx_word' id='word_1_650' title='bbox 1755 4338 1914 4390; x_wconf 90' lang='lat' dir='ltr'>auris</span> <span class='ocrx_word' id='word_1_651' title='bbox 1956 4339 2188 4406; x_wconf 71' lang='lat' dir='ltr'>audivit,</span> 
     </span>
    </p>
   </div>
   <div class='ocr_carea' id='block_1_91' title="bbox 2261 4334 3897 4414">
    <p class='ocr_par' dir='ltr' id='par_1_91' title="bbox 2307 4338 3897 4414">
     <span class='ocr_line' id='line_1_91' title="bbox 2307 4338 3897 4414; baseline -0.001 -21"><span class='ocrx_word' id='word_1_652' title='bbox 2307 4339 2391 4402; x_wconf 80' lang='grc' dir='ltr'><strong>οὖς</strong></span> <span class='ocrx_word' id='word_1_653' title='bbox 2428 4342 2521 4394; x_wconf 81' lang='grc' dir='ltr'>οῦκ</span> <span class='ocrx_word' id='word_1_654' title='bbox 2551 4346 2761 4406; x_wconf 78' lang='grc' dir='ltr'><strong>ἤκουσε,</strong></span> <span class='ocrx_word' id='word_1_655' title='bbox 2809 4345 2920 4394; x_wconf 73' lang='grc' dir='ltr'><strong>οὔτε</strong></span> <span class='ocrx_word' id='word_1_656' title='bbox 2951 4342 3022 4403; x_wconf 86' lang='grc' dir='ltr'>εἰς</span> <span class='ocrx_word' id='word_1_657' title='bbox 3067 4342 3389 4414; x_wconf 81' lang='grc' dir='ltr'><strong>ἀνθρωπίνην</strong></span> <span class='ocrx_word' id='word_1_658' title='bbox 3437 4340 3588 4398; x_wconf 80' lang='grc' dir='ltr'><strong>ἀνέϐη</strong></span> <span class='ocrx_word' id='word_1_659' title='bbox 3648 4338 3897 4411; x_wconf 82' lang='grc' dir='ltr'><strong>καρδίαν.</strong></span> 
     </span>
    </p>
   </div>
   <div class='ocr_carea' id='block_1_92' title="bbox 555 4423 2191 4503">
    <p class='ocr_par' dir='ltr' id='par_1_92' title="bbox 555 4423 2191 4494">
     <span class='ocr_line' id='line_1_92' title="bbox 555 4423 2191 4494; baseline 0.004 -17"><span class='ocrx_word' id='word_1_660' title='bbox 555 4439 749 4494; x_wconf 89' lang='lat' dir='ltr'>neque</span> <span class='ocrx_word' id='word_1_661' title='bbox 780 4423 835 4477; x_wconf 87' lang='lat' dir='ltr'>in</span> <span class='ocrx_word' id='word_1_662' title='bbox 869 4439 969 4477; x_wconf 93' lang='lat' dir='ltr'>cor</span> <span class='ocrx_word' id='word_1_663' title='bbox 993 4423 1250 4476; x_wconf 89' lang='lat' dir='ltr'>hominis</span> <span class='ocrx_word' id='word_1_664' title='bbox 1269 4423 1682 4476; x_wconf 86' lang='lat' dir='ltr'>ascenderunt.</span> <span class='ocrx_word' id='word_1_665' title='bbox 1698 4425 1856 4479; x_wconf 89' lang='lat' dir='ltr'>Talia</span> <span class='ocrx_word' id='word_1_666' title='bbox 1873 4427 2030 4479; x_wconf 85' lang='lat' dir='ltr'>enini</span> <span class='ocrx_word' id='word_1_667' title='bbox 2058 4437 2191 4485; x_wconf 88' lang='lat' dir='ltr'>sunt</span> 
     </span>
    </p>
   </div>
   <div class='ocr_carea' id='block_1_93' title="bbox 2256 4423 3892 4503">
    <p class='ocr_par' dir='ltr' id='par_1_93' title="bbox 2305 4429 3892 4503">
     <span class='ocr_line' id='line_1_93' title="bbox 2305 4429 3892 4503; baseline -0.003 -21"><span class='ocrx_word' id='word_1_668' title='bbox 2305 4437 2531 4482; x_wconf 87' lang='grc' dir='ltr'><strong>Τοιαῦτα</strong></span> <span class='ocrx_word' id='word_1_669' title='bbox 2568 4433 2666 4503; x_wconf 83' lang='grc' dir='ltr'>γὰρ</span> <span class='ocrx_word' id='word_1_670' title='bbox 2694 4435 2759 4491; x_wconf 80' lang='grc' dir='ltr'><strong>ὡς</strong></span> <span class='ocrx_word' id='word_1_671' title='bbox 2796 4430 3045 4503; x_wconf 86' lang='grc' dir='ltr'><strong>ἐμάθομεν</strong></span> <span class='ocrx_word' id='word_1_672' title='bbox 3072 4433 3137 4481; x_wconf 82' lang='grc' dir='ltr'><strong>τὰ</strong></span> <span class='ocrx_word' id='word_1_673' title='bbox 3167 4434 3296 4502; x_wconf 85' lang='grc' dir='ltr'><strong>πρὸς</strong></span> <span class='ocrx_word' id='word_1_674' title='bbox 3326 4437 3460 4481; x_wconf 86' lang='grc' dir='ltr'><strong>Θεοῦ</strong></span> <span class='ocrx_word' id='word_1_675' title='bbox 3488 4438 3593 4489; x_wconf 86' lang='grc' dir='ltr'><strong>τοῖς</strong></span> <span class='ocrx_word' id='word_1_676' title='bbox 3622 4429 3892 4498; x_wconf 82' lang='grc' dir='ltr'><strong>ἀγαπῶσιν</strong></span> 
     </span>
    </p>
   </div>
   <div class='ocr_carea' id='block_1_94' title="bbox 546 4508 2182 4590">
    <p class='ocr_par' dir='ltr' id='par_1_94' title="bbox 546 4508 2182 4585">
     <span class='ocr_line' id='line_1_94' title="bbox 546 4508 2182 4585; baseline 0.004 -20"><span class='ocrx_word' id='word_1_677' title='bbox 546 4517 609 4565; x_wconf 88' lang='lat' dir='ltr'>ut</span> <span class='ocrx_word' id='word_1_678' title='bbox 638 4511 977 4575; x_wconf 89' lang='lat' dir='ltr'>didicimus,</span> <span class='ocrx_word' id='word_1_679' title='bbox 1009 4525 1141 4579; x_wconf 72' lang='lat' dir='ltr'>quae</span> <span class='ocrx_word' id='word_1_680' title='bbox 1171 4508 1335 4563; x_wconf 92' lang='lat' dir='ltr'>aDeo</span> <span class='ocrx_word' id='word_1_681' title='bbox 1366 4514 1577 4577; x_wconf 90' lang='lat' dir='ltr'>parata</span> <span class='ocrx_word' id='word_1_682' title='bbox 1607 4516 1744 4565; x_wconf 89' lang='lat' dir='ltr'>sunt</span> <span class='ocrx_word' id='word_1_683' title='bbox 1771 4513 1839 4565; x_wconf 91' lang='lat' dir='ltr'>iis</span> <span class='ocrx_word' id='word_1_684' title='bbox 1862 4514 1962 4583; x_wconf 92' lang='lat' dir='ltr'>qui</span> <span class='ocrx_word' id='word_1_685' title='bbox 1989 4517 2182 4585; x_wconf 87' lang='lat' dir='ltr'>ipsum</span> 
     </span>
    </p>
   </div>
   <div class='ocr_carea' id='block_1_95' title="bbox 2253 4508 3889 4590">
    <p class='ocr_par' dir='ltr' id='par_1_95' title="bbox 2306 4516 3889 4590">
     <span class='ocr_line' id='line_1_95' title="bbox 2306 4516 3889 4590; baseline -0.001 -20"><span class='ocrx_word' id='word_1_686' title='bbox 2306 4520 2458 4571; x_wconf 74' lang='grc' dir='ltr'><strong>αὐτόν</strong></span> <span class='ocrx_word' id='word_1_687' title='bbox 2490 4522 2963 4590; x_wconf 84' lang='grc' dir='ltr'><strong>τεθησαυρισμένα,</strong></span> <span class='ocrx_word' id='word_1_688' title='bbox 3018 4524 3115 4570; x_wconf 84' lang='grc' dir='ltr'><strong>Ὧν</strong></span> <span class='ocrx_word' id='word_1_689' title='bbox 3162 4523 3357 4588; x_wconf 84' lang='grc' dir='ltr'><strong>γένοιτο</strong></span> <span class='ocrx_word' id='word_1_690' title='bbox 3389 4521 3586 4580; x_wconf 90' lang='grc' dir='ltr'><strong>πάντας</strong></span> <span class='ocrx_word' id='word_1_691' title='bbox 3618 4521 3743 4588; x_wconf 76' lang='grc' dir='ltr'><strong>ἡμᾶς</strong></span> <span class='ocrx_word' id='word_1_692' title='bbox 3770 4516 3889 4569; x_wconf 63' lang='grc' dir='ltr'><strong>ἐπι-</strong></span> 
     </span>
    </p>
   </div>
   <div class='ocr_carea' id='block_1_96' title="bbox 544 4596 2180 4679">
    <p class='ocr_par' dir='ltr' id='par_1_96' title="bbox 544 4596 2180 4671">
     <span class='ocr_line' id='line_1_96' title="bbox 544 4596 2180 4671; baseline 0.004 -17"><span class='ocrx_word' id='word_1_693' title='bbox 544 4600 814 4669; x_wconf 84' lang='lat' dir='ltr'>diligunt.</span> <span class='ocrx_word' id='word_1_694' title='bbox 846 4599 985 4661; x_wconf 66' lang='lat' dir='ltr'>Quae</span> <span class='ocrx_word' id='word_1_695' title='bbox 1007 4602 1178 4651; x_wconf 88' lang='lat' dir='ltr'>detur</span> <span class='ocrx_word' id='word_1_696' title='bbox 1201 4596 1371 4650; x_wconf 89' lang='lat' dir='ltr'>nobis</span> <span class='ocrx_word' id='word_1_697' title='bbox 1398 4599 1673 4652; x_wconf 91' lang='lat' dir='ltr'>omnibus</span> <span class='ocrx_word' id='word_1_698' title='bbox 1696 4605 1970 4671; x_wconf 89' lang='lat' dir='ltr'>consequi</span> <span class='ocrx_word' id='word_1_699' title='bbox 1997 4607 2180 4671; x_wconf 82' lang='lat' dir='ltr'>gratia</span> 
     </span>
    </p>
   </div>
   <div class='ocr_carea' id='block_1_97' title="bbox 2260 4596 3896 4679">
    <p class='ocr_par' dir='ltr' id='par_1_97' title="bbox 2304 4607 3896 4679">
     <span class='ocr_line' id='line_1_97' title="bbox 2304 4607 3896 4679; baseline 0 -20"><span class='ocrx_word' id='word_1_700' title='bbox 2304 4617 2483 4679; x_wconf 86' lang='grc' dir='ltr'><strong>τυχεῖν</strong></span> <span class='ocrx_word' id='word_1_701' title='bbox 2514 4612 2697 4679; x_wconf 85' lang='grc' dir='ltr'><strong>χάριτι</strong></span> <span class='ocrx_word' id='word_1_702' title='bbox 2731 4614 2818 4659; x_wconf 81' lang='grc' dir='ltr'>καὶ</span> <span class='ocrx_word' id='word_1_703' title='bbox 2850 4608 3205 4679; x_wconf 76' lang='grc' dir='ltr'><strong>φιλανθρωπίᾳ</strong></span> <span class='ocrx_word' id='word_1_704' title='bbox 3234 4616 3324 4658; x_wconf 81' lang='grc' dir='ltr'>τοῦ</span> <span class='ocrx_word' id='word_1_705' title='bbox 3361 4612 3553 4679; x_wconf 81' lang='grc' dir='ltr'><strong>Κυρίου</strong></span> <span class='ocrx_word' id='word_1_706' title='bbox 3586 4610 3729 4678; x_wconf 80' lang='grc' dir='ltr'><strong>ἡμῶν</strong></span> <span class='ocrx_word' id='word_1_707' title='bbox 3780 4607 3896 4664; x_wconf 81' lang='grc' dir='ltr'>Ἰη-</span> 
     </span>
    </p>
   </div>
   <div class='ocr_carea' id='block_1_98' title="bbox 542 4685 2178 4770">
    <p class='ocr_par' dir='ltr' id='par_1_98' title="bbox 542 4685 2178 4759">
     <span class='ocr_line' id='line_1_98' title="bbox 542 4685 2178 4759; baseline 0.002 -14"><span class='ocrx_word' id='word_1_708' title='bbox 542 4694 600 4745; x_wconf 90' lang='lat' dir='ltr'>et</span> <span class='ocrx_word' id='word_1_709' title='bbox 644 4686 1007 4757; x_wconf 84' lang='lat' dir='ltr'>benignitate</span> <span class='ocrx_word' id='word_1_710' title='bbox 1069 4685 1299 4740; x_wconf 89' lang='lat' dir='ltr'>Domini</span> <span class='ocrx_word' id='word_1_711' title='bbox 1356 4686 1542 4740; x_wconf 89' lang='lat' dir='ltr'>nostri</span> <span class='ocrx_word' id='word_1_712' title='bbox 1596 4688 1733 4741; x_wconf 86' lang='lat' dir='ltr'>Jesu</span> <span class='ocrx_word' id='word_1_713' title='bbox 1801 4689 2027 4759; x_wconf 89' lang='lat' dir='ltr'>Christi,</span> <span class='ocrx_word' id='word_1_714' title='bbox 2090 4695 2178 4749; x_wconf 85' lang='lat' dir='ltr'>cui</span> 
     </span>
    </p>
   </div>
   <div class='ocr_carea' id='block_1_99' title="bbox 2261 4685 3897 4770">
    <p class='ocr_par' dir='ltr' id='par_1_99' title="bbox 2304 4694 3897 4770">
     <span class='ocr_line' id='line_1_99' title="bbox 2304 4694 3897 4770; baseline -0.001 -22"><span class='ocrx_word' id='word_1_715' title='bbox 2304 4706 2397 4749; x_wconf 91' lang='grc' dir='ltr'>σοῦ</span> <span class='ocrx_word' id='word_1_716' title='bbox 2444 4705 2692 4769; x_wconf 83' lang='grc' dir='ltr'><strong>Χριστοῦ,</strong></span> <span class='ocrx_word' id='word_1_717' title='bbox 2798 4699 2826 4754; x_wconf 82' lang='grc' dir='ltr'>ἡ</span> <span class='ocrx_word' id='word_1_718' title='bbox 2863 4694 2992 4759; x_wconf 83' lang='grc' dir='ltr'><strong>δόξα</strong></span> <span class='ocrx_word' id='word_1_719' title='bbox 3020 4702 3108 4748; x_wconf 86' lang='grc' dir='ltr'>καὶ</span> <span class='ocrx_word' id='word_1_720' title='bbox 3148 4700 3204 4747; x_wconf 92' lang='lat'>1&#39;6</span> <span class='ocrx_word' id='word_1_721' title='bbox 3231 4699 3419 4770; x_wconf 89' lang='grc' dir='ltr'><strong>κράτος</strong></span> <span class='ocrx_word' id='word_1_722' title='bbox 3458 4696 3531 4755; x_wconf 83' lang='grc' dir='ltr'>εἰς</span> <span class='ocrx_word' id='word_1_723' title='bbox 3555 4700 3676 4757; x_wconf 83' lang='grc' dir='ltr'><strong>τοὺς</strong></span> <span class='ocrx_word' id='word_1_724' title='bbox 3704 4697 3897 4757; x_wconf 83' lang='grc' dir='ltr'><strong>αἰῶνας</strong></span> 
     </span>
    </p>
   </div>
   <div class='ocr_carea' id='block_1_100' title="bbox 541 4774 2177 4858">
    <p class='ocr_par' dir='ltr' id='par_1_100' title="bbox 541 4774 2077 4848">
     <span class='ocr_line' id='line_1_100' title="bbox 541 4774 2077 4848; baseline 0.002 -16"><span class='ocrx_word' id='word_1_725' title='bbox 541 4779 733 4848; x_wconf 81' lang='lat' dir='ltr'>gloria</span> <span class='ocrx_word' id='word_1_726' title='bbox 760 4783 816 4830; x_wconf 91' lang='lat' dir='ltr'>et</span> <span class='ocrx_word' id='word_1_727' title='bbox 841 4775 1101 4847; x_wconf 90' lang='lat' dir='ltr'>potentia</span> <span class='ocrx_word' id='word_1_728' title='bbox 1131 4776 1189 4828; x_wconf 90' lang='lat' dir='ltr'>in</span> <span class='ocrx_word' id='word_1_729' title='bbox 1231 4774 1451 4829; x_wconf 70' lang='lat' dir='ltr'>saecula</span> <span class='ocrx_word' id='word_1_730' title='bbox 1480 4775 1829 4831; x_wconf 72' lang='lat' dir='ltr'>saaculorum</span> <span class='ocrx_word' id='word_1_731' title='bbox 1869 4782 2077 4835; x_wconf 84' lang='lat' dir='ltr'>Amen.</span> 
     </span>
    </p>
   </div>
   <div class='ocr_carea' id='block_1_101' title="bbox 1101 4774 2737 4858">
    <p class='ocr_par' dir='ltr' id='par_1_101' title="bbox 1131 4774 2737 4858">
     <span class='ocr_line' id='line_1_101' title="bbox 1131 4774 2737 4858; baseline 0.007 -30"><span class='ocrx_word' id='word_1_732' title='bbox 1131 4776 1189 4828; x_wconf 93' lang='lat' dir='ltr'>in</span> <span class='ocrx_word' id='word_1_733' title='bbox 1231 4774 1451 4829; x_wconf 70' lang='lat' dir='ltr'>saecula</span> <span class='ocrx_word' id='word_1_734' title='bbox 1480 4775 1829 4831; x_wconf 63' lang='lat' dir='ltr'>saeculorum</span> <span class='ocrx_word' id='word_1_735' title='bbox 1869 4782 2077 4835; x_wconf 84' lang='lat' dir='ltr'>Amen.</span> <span class='ocrx_word' id='word_1_736' title='bbox 2300 4786 2513 4838; x_wconf 84' lang='grc' dir='ltr'><strong>αἰώνων.</strong></span> <span class='ocrx_word' id='word_1_737' title='bbox 2549 4786 2737 4858; x_wconf 81' lang='grc' dir='ltr'><strong>Ἀμήν.</strong></span> 
     </span>
    </p>
   </div>
   <div class='ocr_carea' id='block_1_102' title="bbox 582 4952 3905 5037">
    <p class='ocr_par' dir='ltr' id='par_1_102' title="bbox 582 4952 3905 5037">
     <span class='ocr_line' id='line_1_102' title="bbox 582 4952 3905 5037; baseline 0.002 -26"><span class='ocrx_word' id='word_1_738' title='bbox 582 4955 722 5037; x_wconf 12' lang='grc'>..(⁸12)</span> <span class='ocrx_word' id='word_1_739' title='bbox 777 4952 1054 5037; x_wconf 43' lang='lat' dir='ltr'>Pree&#39;clari</span> <span class='ocrx_word' id='word_1_740' title='bbox 1085 4952 1485 5037; x_wconf 44' lang='lat' dir='ltr'>hi‘mart‘vres,</span> <span class='ocrx_word' id='word_1_741' title='bbox 1555 4953 1657 5031; x_wconf 86' lang='lat' dir='ltr'>qui</span> <span class='ocrx_word' id='word_1_742' title='bbox 1713 4957 1871 5037; x_wconf 76' lang='lat' dir='ltr'>passi</span> <span class='ocrx_word' id='word_1_743' title='bbox 1934 4964 2071 5037; x_wconf 82' lang='lat' dir='ltr'>sunt</span> <span class='ocrx_word' id='word_1_744' title='bbox 2123 4961 2182 5037; x_wconf 84' lang='lat' dir='ltr'>in</span> <span class='ocrx_word' id='word_1_745' title='bbox 2290 4963 2445 5017; x_wconf 87' lang='lat' dir='ltr'>facta</span> <span class='ocrx_word' id='word_1_746' title='bbox 2476 4971 2562 5018; x_wconf 90' lang='lat' dir='ltr'><strong>est</strong></span> <span class='ocrx_word' id='word_1_747' title='bbox 2597 4964 2937 5035; x_wconf 88' lang='lat' dir='ltr'>metropolis</span> <span class='ocrx_word' id='word_1_748' title='bbox 2994 4964 3204 5019; x_wconf 63' lang='lat' dir='ltr'>Cilicia;</span> <span class='ocrx_word' id='word_1_749' title='bbox 3252 4964 3547 5037; x_wconf 66' lang='lat' dir='ltr'>secundae.</span> <span class='ocrx_word' id='word_1_750' title='bbox 3594 4967 3802 5018; x_wconf 86' lang='lat' dir='ltr'>Passos</span> <span class='ocrx_word' id='word_1_751' title='bbox 3839 4966 3905 5019; x_wconf 90' lang='lat' dir='ltr'>in</span> 
     </span>
    </p>
   </div>
   <div class='ocr_carea' id='block_1_103' title="bbox 536 5023 3911 5103">
    <p class='ocr_par' dir='ltr' id='par_1_103' title="bbox 536 5023 3911 5103">
     <span class='ocr_line' id='line_1_103' title="bbox 536 5023 3911 5103; baseline 0.003 -22"><span class='ocrx_word' id='word_1_752' title='bbox 536 5023 754 5103; x_wconf 64' lang='lat' dir='ltr'>gilicia,</span> <span class='ocrx_word' id='word_1_753' title='bbox 833 5027 1129 5103; x_wconf 73' lang='lat' dir='ltr'>coluntur</span> <span class='ocrx_word' id='word_1_754' title='bbox 1166 5023 1555 5103; x_wconf 79' lang='lat' dir='ltr'>legunturque</span> <span class='ocrx_word' id='word_1_755' title='bbox 1633 5027 1691 5078; x_wconf 91' lang='lat' dir='ltr'>in</span> <span class='ocrx_word' id='word_1_756' title='bbox 1717 5023 1728 5024; x_wconf 28' lang='grc' dir='ltr'>ί</span> <span class='ocrx_word' id='word_1_757' title='bbox 1758 5027 2179 5103; x_wconf 81' lang='lat' dir='ltr'>Martyrologio</span> <span class='ocrx_word' id='word_1_758' title='bbox 2289 5050 2360 5087; x_wconf 89' lang='lat' dir='ltr'>ea</span> <span class='ocrx_word' id='word_1_759' title='bbox 2395 5037 2536 5087; x_wconf 91' lang='lat' dir='ltr'>urbe</span> <span class='ocrx_word' id='word_1_760' title='bbox 2564 5023 2803 5089; x_wconf 80' lang='lat' dir='ltr'>sanctos</span> <span class='ocrx_word' id='word_1_761' title='bbox 2832 5042 3119 5103; x_wconf 87' lang='lat' dir='ltr'>martyres</span> <span class='ocrx_word' id='word_1_762' title='bbox 3152 5036 3502 5099; x_wconf 83' lang='lat' dir='ltr'>Tarachum,</span> <span class='ocrx_word' id='word_1_763' title='bbox 3542 5036 3800 5090; x_wconf 81' lang='lat' dir='ltr'>Probum</span> <span class='ocrx_word' id='word_1_764' title='bbox 3846 5045 3911 5091; x_wconf 89' lang='lat' dir='ltr'>et</span> 
     </span>
    </p>
   </div>
   <div class='ocr_carea' id='block_1_104' title="bbox 537 5097 3907 5171">
    <p class='ocr_par' dir='ltr' id='par_1_104' title="bbox 537 5097 3907 5171">
     <span class='ocr_line' id='line_1_104' title="bbox 537 5097 3907 5171; baseline 0.002 -19"><span class='ocrx_word' id='word_1_765' title='bbox 537 5101 806 5152; x_wconf 82' lang='lat' dir='ltr'>Romano</span> <span class='ocrx_word' id='word_1_766' title='bbox 834 5102 911 5150; x_wconf 82' lang='lat' dir='ltr'>ad</span> <span class='ocrx_word' id='word_1_767' title='bbox 943 5111 995 5147; x_wconf 80' lang='lat' dir='ltr'>x1</span> <span class='ocrx_word' id='word_1_768' title='bbox 1036 5098 1315 5158; x_wconf 77' lang='lat' dir='ltr'>Octobris,</span> <span class='ocrx_word' id='word_1_769' title='bbox 1376 5097 1473 5148; x_wconf 88' lang='lat' dir='ltr'>ubi</span> <span class='ocrx_word' id='word_1_770' title='bbox 1524 5112 1730 5150; x_wconf 90' lang='lat' dir='ltr'>eorum</span> <span class='ocrx_word' id='word_1_771' title='bbox 1782 5097 1984 5155; x_wconf 78' lang='lat' dir='ltr'>danda</span> <span class='ocrx_word' id='word_1_772' title='bbox 2042 5097 2179 5157; x_wconf 83' lang='lat' dir='ltr'>sunt</span> <span class='ocrx_word' id='word_1_773' title='bbox 2289 5107 2717 5171; x_wconf 83' lang='lat' dir='ltr'>Andronicum,</span> <span class='ocrx_word' id='word_1_774' title='bbox 2746 5124 2816 5161; x_wconf 87' lang='lat' dir='ltr'>ex</span> <span class='ocrx_word' id='word_1_775' title='bbox 2834 5097 3075 5159; x_wconf 47' lang='lat' dir='ltr'>since-ris</span> <span class='ocrx_word' id='word_1_776' title='bbox 3102 5108 3317 5160; x_wconf 89' lang='lat' dir='ltr'>horum</span> <span class='ocrx_word' id='word_1_777' title='bbox 3350 5097 3503 5159; x_wconf 77' lang='lat' dir='ltr'>Actis</span> <span class='ocrx_word' id='word_1_778' title='bbox 3530 5110 3907 5162; x_wconf 78' lang='lat' dir='ltr'>ostenditur.</span> 
     </span>
    </p>
   </div>
   <div class='ocr_carea' id='block_1_105' title="bbox 536 5171 3913 5263">
    <p class='ocr_par' dir='ltr' id='par_1_105' title="bbox 536 5171 3913 5263">
     <span class='ocr_line' id='line_1_105' title="bbox 536 5171 3913 5263; baseline 0.003 -41"><span class='ocrx_word' id='word_1_779' title='bbox 536 5171 714 5263; x_wconf 43' lang='lat' dir='ltr'>Aqt‘a‘;\</span> <span class='ocrx_word' id='word_1_780' title='bbox 758 5233 1043 5263; x_wconf 50' lang='lat' dir='ltr'>Annnkn</span> <span class='ocrx_word' id='word_1_781' title='bbox 1113 5235 1250 5263; x_wconf 40' lang='lat' dir='ltr'>an“</span> <span class='ocrx_word' id='word_1_782' title='bbox 1305 5240 1450 5263; x_wconf 45' lang='grc' dir='ltr'>ΛΜΗ</span> <span class='ocrx_word' id='word_1_783' title='bbox 1524 5236 1553 5263; x_wconf 42' lang='lat' dir='ltr'>l‘</span> <span class='ocrx_word' id='word_1_784' title='bbox 1583 5253 1594 5263; x_wconf 63' lang='lat'><em>_</em></span> <span class='ocrx_word' id='word_1_785' title='bbox 1769 5237 1816 5263; x_wconf 35' lang='grc' dir='ltr'>μ’</span> <span class='ocrx_word' id='word_1_786' title='bbox 1884 5242 1900 5263; x_wconf 39' lang='grc'><em>³</em></span> <span class='ocrx_word' id='word_1_787' title='bbox 2035 5241 2068 5263; x_wconf 29' lang='grc' dir='ltr'>Α.</span> <span class='ocrx_word' id='word_1_788' title='bbox 2289 5177 2567 5229; x_wconf 59' lang='lat' dir='ltr'>Caeterum</span> <span class='ocrx_word' id='word_1_789' title='bbox 2602 5194 2732 5263; x_wconf 64' lang='lat' dir='ltr'>quae</span> <span class='ocrx_word' id='word_1_790' title='bbox 2766 5186 3095 5263; x_wconf 76' lang='lat' dir='ltr'>sequuntur</span> <span class='ocrx_word' id='word_1_791' title='bbox 3116 5182 3331 5263; x_wconf 48' lang='lat' dir='ltr'>.Graaca,</span> <span class='ocrx_word' id='word_1_792' title='bbox 3360 5178 3913 5263; x_wconf 45' lang='lat' dir='ltr'>pi&#39;ollixiorampaulo</span> 
     </span>
    </p>
   </div>
   <div class='ocr_carea' id='block_1_106' title="bbox 579 5233 3917 5316">
    <p class='ocr_par' dir='ltr' id='par_1_106' title="bbox 579 5233 3917 5316">
     <span class='ocr_line' id='line_1_106' title="bbox 579 5233 3917 5316; baseline 0.005 -27"><span class='ocrx_word' id='word_1_793' title='bbox 579 5233 1084 5316; x_wconf 45' lang='lat' dir='ltr'>_(l3)AAnazarba,_</span> <span class='ocrx_word' id='word_1_794' title='bbox 1110 5235 1252 5316; x_wconf 81' lang='lat' dir='ltr'>alias</span> <span class='ocrx_word' id='word_1_795' title='bbox 1293 5236 1647 5316; x_wconf 64' lang='lat' dir='ltr'>Anazaibus,</span> <span class='ocrx_word' id='word_1_796' title='bbox 1693 5237 1947 5316; x_wconf 82' lang='lat' dir='ltr'>subinde</span> <span class='ocrx_word' id='word_1_797' title='bbox 1996 5241 2174 5296; x_wconf 90' lang='lat' dir='ltr'>etiam</span> <span class='ocrx_word' id='word_1_798' title='bbox 2287 5259 2422 5299; x_wconf 87' lang='lat' dir='ltr'>sunt</span> <span class='ocrx_word' id='word_1_799' title='bbox 2449 5233 2636 5316; x_wconf 43' lang='lat' dir='ltr'>quain‘</span> <span class='ocrx_word' id='word_1_800' title='bbox 2678 5233 2882 5302; x_wconf 70' lang='lat' dir='ltr'>Latina</span> <span class='ocrx_word' id='word_1_801' title='bbox 2917 5265 2930 5312; x_wconf 91' lang='lat'><strong>;</strong></span> <span class='ocrx_word' id='word_1_802' title='bbox 2966 5250 3067 5302; x_wconf 89' lang='lat' dir='ltr'>sed</span> <span class='ocrx_word' id='word_1_803' title='bbox 3120 5233 3534 5303; x_wconf 39' lang='lat' dir='ltr'>Latina&#39;verba</span> <span class='ocrx_word' id='word_1_804' title='bbox 3585 5233 3917 5305; x_wconf 63' lang='lat' dir='ltr'>sufﬁciunt</span> 
     </span>
    </p>
   </div>
   <div class='ocr_carea' id='block_1_107' title="bbox 534 5304 2983 5389">
    <p class='ocr_par' dir='ltr' id='par_1_107' title="bbox 534 5304 2983 5389">
     <span class='ocr_line' id='line_1_107' title="bbox 534 5304 2983 5389; baseline 0.006 -31"><span class='ocrx_word' id='word_1_805' title='bbox 534 5304 688 5360; x_wconf 87' lang='lat' dir='ltr'>dicta</span> <span class='ocrx_word' id='word_1_806' title='bbox 718 5304 988 5389; x_wconf 75' lang='lat' dir='ltr'>Caesarea</span> <span class='ocrx_word' id='word_1_807' title='bbox 1014 5307 1089 5383; x_wconf 86' lang='lat' dir='ltr'>ad</span> <span class='ocrx_word' id='word_1_808' title='bbox 1120 5309 1524 5389; x_wconf 67' lang='lat' dir='ltr'>Anazarbum,</span> <span class='ocrx_word' id='word_1_809' title='bbox 1546 5313 1809 5389; x_wconf 81' lang='lat' dir='ltr'>montem</span> <span class='ocrx_word' id='word_1_810' title='bbox 1840 5310 2176 5389; x_wconf 72' lang='lat' dir='ltr'>vicinum,a</span> <span class='ocrx_word' id='word_1_811' title='bbox 2286 5317 2364 5370; x_wconf 92' lang='lat' dir='ltr'>ad</span> <span class='ocrx_word' id='word_1_812' title='bbox 2388 5304 2511 5370; x_wconf 79' lang='lat' dir='ltr'>rem</span> <span class='ocrx_word' id='word_1_813' title='bbox 2541 5304 2983 5389; x_wconf 78' lang='lat' dir='ltr'>exponendam.</span> 
     </span>
    </p>
   </div>
   <div class='ocr_carea' id='block_1_108' title="bbox 531 5378 2176 5447">
    <p class='ocr_par' dir='ltr' id='par_1_108' title="bbox 531 5378 2176 5447">
     <span class='ocr_line' id='line_1_108' title="bbox 531 5378 2176 5447; baseline 0.007 -19"><span class='ocrx_word' id='word_1_814' title='bbox 531 5391 651 5446; x_wconf 88' lang='lat' dir='ltr'>quo</span> <span class='ocrx_word' id='word_1_815' title='bbox 680 5390 903 5429; x_wconf 89' lang='lat' dir='ltr'>nomen</span> <span class='ocrx_word' id='word_1_816' title='bbox 935 5378 1177 5431; x_wconf 85' lang='lat' dir='ltr'>traxisse</span> <span class='ocrx_word' id='word_1_817' title='bbox 1208 5380 1478 5447; x_wconf 88' lang='lat' dir='ltr'>creditur,</span> <span class='ocrx_word' id='word_1_818' title='bbox 1511 5381 1571 5433; x_wconf 91' lang='lat' dir='ltr'>in</span> <span class='ocrx_word' id='word_1_819' title='bbox 1611 5379 1901 5435; x_wconf 85' lang='lat' dir='ltr'>divisione</span> <span class='ocrx_word' id='word_1_820' title='bbox 1961 5378 2176 5439; x_wconf 70' lang='lat' dir='ltr'>Ciliciae</span> 
     </span>
    </p>
   </div>
  </div>
