4142 6278
296 306 403 366 713

1496 316 1923 377 MARTYRIUM
1964 321 2025 377 S.
2068 321 2465 383 EUPHEMLE.

3551 339 3653 398 714

304 489 3650 532 ___.____________________________________

1677 631 2307 719 ΜΑΡΤΥΡΙΟΝ

1094 816 1392 929 ΤΗΣ
1454 813 1905 934 ΑΓΙΑΣ
1971 824 2789 943 ΕΥΦΗΜΙΑΣ.

1634 1194 2307 1284 MARTYRIUM

957 1433 1752 1579 SANCT/E
1846 1434 2962 1582 EUPHEMUE.

902 1687 1108 1746 (Latine
1137 1701 1225 1752 ap.
1252 1686 1466 1737 Surium
1490 1686 1559 1736 ad
1594 1686 1735 1736 diem
1770 1688 1829 1735 16
1864 1686 2206 1752 Septembris,
2244 1688 2418 1740 Graece
2448 1706 2510 1740 ex
2538 1692 2661 1746 cod.
2705 1706 2806 1742 ms.
2835 1694 3020 1757 Paris.)

353 2032 434 2088 A'.
490 2033 856 2091 Διοκλητιανοῦ
902 2035 966 2086 τὰ
1004 2032 1265 2105 Ῥωμαίων
1308 2042 1552 2105 σκῆπτρα
1582 2031 1868 2099 διέποντος,
1906 2037 1947 2088 Α

281 2125 514 2193 Πρίσκου
581 2140 635 2175 τε
716 2130 833 2193 περὶ
911 2127 1004 2180 τήν
1071 2122 1258 2175 Ἀσίαν
1326 2120 1784 2186 ἀνθυπατεύοντος,
1844 2123 1868 2173 ὁ

273 2212 410 2261 κατὰ
484 2217 813 2280 Χριστιανῶν
890 2206 1119 2281 διωγμὸς
1195 2206 1361 2262 δεινὸν
1417 2212 1573 2262 ἔπνει¹
1616 2214 1706 2261 καὶ
1788 2208 1869 2262 ἐπὶ

274 2302 409 2369 μέγα
455 2303 544 2351 καὶ
600 2297 812 2371 φοϐερὸν
857 2302 1026 2370 ᾔρετο.
1088 2298 1185 2350 Ἦν
1238 2295 1297 2350 δι
1347 2306 1416 2367 τῷ
1474 2303 1685 2372 Πρίσκῳ
1732 2318 1866 2370 συμ-

272 2382 536 2459 πάριδρὸς
599 2405 675 2447 τις
724 2394 823 2438 τῶν
909 2395 1192 2456 σοφιστῶν,
1279 2386 1600 2445 Ἀπελλιανὸς
1685 2391 1863 2457 ὄνομα,

273 2477 526 2547 ἰερατείας
554 2479 740 2546 χρείαν
787 2474 1012 2546 πληρῶν,
1055 2483 1125 2544 τῷ
1157 2475 1278 2547 παρ’
1321 2474 1497 2533 αὐτοῖς
1536 2470 1865 2543 ψευδωνύμῳ

273 2566 368 2634 θεῷ
421 2563 586 2636 Ἀρει.
637 2565 775 2617 Ἐπεὶ
821 2560 907 2615 οὖν
950 2566 1159 2624 ἐτήσιος
1203 2561 1351 2634 ἑορτή
1407 2569 1498 2613 τοῦ
1550 2563 1702 2612 νόθου
1741 2564 1865 2612 τού-

268 2671 359 2705 του
409 2651 692 2710 ἐνειστήκει
748 2654 882 2717 θεοῦ,
936 2653 1225 2725 γράμματα
1253 2656 1341 2703 καὶ
1379 2653 1679 2723 προθέματα
1727 2652 1863 2700 κατὰ

270 2749 440 2795 πᾶσαν
488 2742 666 2814 ἐφοίτα
714 2747 806 2799 τήν
859 2738 1173 2797 Χαλκηδόνα
1204 2758 1215 2770 ⁸
1247 2739 1295 2791 ἐν
1335 2740 1465 2810 αὐτῇ
1514 2742 1614 2809 γὰρ
1659 2744 1748 2790 καὶ
1795 2741 1863 2791 τὰ

266 2839 363 2883 τῶν
418 2833 611 2883 θυσιῶν
668 2829 898 2882 ἐτελεῖτο.
953 2833 1051 2880 Καὶ
1100 2831 1219 2887 ναός
1272 2824 1333 2883 ἦν
1392 2835 1482 2877 τοῦ
1537 2828 1712 2897 Ἀρεος
1768 2832 1858 2877 καὶ

267 2916 490 2972 εἰδώλων
541 2917 729 2969 ἐκείνου
775 2924 872 2967 τῶν
921 2915 1188 2985 ἐπισήμων
1218 2931 1229 2943 ⁸
1265 2913 1430 2965 ἐκάλει
1481 2910 1539 2964 δὲ
1585 2918 1675 2964 καὶ
1713 2914 1857 2965 πολί-

267 3026 362 3067 τας
407 3010 494 3057 καὶ
553 3006 708 3064 ὅσους
787 2998 1117 3062 Χαλκηδόνος
1181 3000 1350 3075 πέριξ,
1416 3000 1486 3061 εἰς
1536 3006 1630 3057 την
1681 3000 1859 3071 ἑορτὴν

266 3095 335 3145 τὰ
395 3094 714 3166 προθέματα,
778 3094 989 3144 θάνατοι
1061 3087 1119 3143 δι
1168 3095 1258 3142 καὶ
1310 3093 1557 3163 τιμωρίαι
1612 3093 1860 3145 συνηπεί-

265 3182 418 3240 ληντο
470 3189 579 3241 τοῖς
623 3183 1047 3251 προστάγμασιν,
1108 3179 1180 3239 οἷς
1232 3183 1554 3249 περιπίπτειν
1633 3176 1853 3245 ἔμελλον,

264 3272 382 3324 ὅσοι
412 3273 483 3342 μή
538 3271 813 3333 πείθοιντο,
866 3264 1094 3339 δαίμοσι
1150 3272 1477 3339 προσκυνεῖν,
1529 3265 1756 3335 σάλπιγξ
1804 3284 1856 3317 τε

264 3356 506 3433 διάτορον
555 3359 770 3430 ἠχοῦσα
815 3362 903 3409 καὶ
951 3354 1159 3428 φοϐερὸν
1206 3358 1457 3426 σύστημα
1505 3350 1565 3411 ἦν
1603 3362 1695 3415 τῆς
1725 3357 1854 3425 πρὸς
1887 3372 1930 3427 Β

260 3452 348 3502 τὸν
374 3452 493 3499 ναὸν
521 3443 823 3519 συνδρομῆς
870 3464 923 3497 τε
969 3451 1057 3497 καὶ
1102 3444 1461 3505 συνελεύσεως.
1490 3443 1736 3503 Ὀπόσοις
1766 3439 1852 3493 οὖν

261 3537 456 3609 ἐναγεῖς
508 3539 596 3608 μεν
651 3538 832 3588 θυσίαι
882 3539 972 3586 καὶ
1026 3534 1330 3605 σεϐάσματα
1394 3534 1559 3605 μιαρὰ
1635 3539 1855 3583 τοιαῦτα

258 3632 540 3700 μεμίσητο,
599 3626 808 3684 ὁσιότης
892 3620 951 3675 δὲ
1006 3628 1095 3675 καὶ
1170 3621 1405 3674 εὐσέϐεια
1478 3626 1566 3671 καὶ
1635 3622 1665 3677 ἠ
1724 3623 1851 3691 πρὸς

262 3720 391 3770 Θεὸν
432 3719 613 3774 πίστις
650 3712 838 3787 ἔρρωτο
900 3728 912 3741 ⁸
965 3711 1109 3763 οὗτοι
1138 3707 1196 3763 δὲ
1231 3712 1335 3783 ἄρα
1377 3714 1468 3767 τήν
1508 3712 1637 3780 μετὰ
1684 3727 1852 3780 παρα-

259 3808 549 3877 νομούντων
605 3802 896 3853 συνέλευσιν
943 3805 1033 3852 καὶ
1075 3804 1168 3858 τήν
1218 3802 1266 3851 ἐν
1326 3794 1579 3871 συνεδρίῳ
1635 3803 1852 3869 ματαιό-

259 3911 417 3954 τητος
495 3888 858 3962 διαφεύγοντες
933 3893 1247 3957 παρουσίαν,
1331 3889 1464 3939 κατά
1553 3890 1848 3959 συμμορίας

258 3982 401 4041 τινὰς
459 3978 505 4030 ἐν
562 3978 817 4039 οἰκίσκοις
865 3978 895 4037 ἣ
951 3976 1189 4049 ἐρημίαις
1218 3975 1428 4035 ἑαυτοὺς
1465 3973 1848 4046 ἐγκλεισάμενοι

259 4075 583 4142 προσευχαῖς
619 4072 709 4119 καὶ
756 4063 973 4124 δεήσεσι
1024 4065 1370 4136 σχολάζοντες
1419 4061 1574 4127 ἦσαν,
1633 4069 1722 4114 καὶ
1774 4071 1845 4131 τῷ

261 4156 440 4215 ἁληθεί
491 4162 575 4209 καὶ
631 4161 769 4228 μόνῳ
825 4161 938 4225 Θεῷ
991 4160 1080 4213 τήν
1132 4156 1344 4225 λογικὴν
1394 4157 1627 4225 λατρείαν
1685 4169 1843 4223 προσ-

260 4250 508 4319 φέροντες,
550 4246 618 4297 ὧν
645 4246 716 4306 εἷς
766 4244 911 4313 ἅγιος
953 4246 1163 4317 ὑπῆρχε
1212 4245 1371 4315 χορὸς
1418 4246 1505 4292 καὶ
1550 4243 1575 4291 ό
1629 4247 1689 4309 τῇ
1722 4258 1847 4289 παν-

260 4340 472 4407 ευφήμῳ
525 4339 613 4385 καὶ
660 4334 873 4405 λαμπρᾷ
939 4335 1163 4404 μάρτυρι
1232 4330 1472 4400 Εὖφημίᾳ
1563 4326 1848 4396 ἐλλαμπρυ-

256 4428 483 4495 νόμενος,
542 4425 782 4493 Εὐφημίᾳ
835 4428 896 4491 τῇ
971 4426 1145 4471 πᾶσαν
1199 4419 1505 4488 φερωνύμως
1561 4422 1621 4486 τῇ
1682 4414 1846 4474 αὐτῆς

259 4517 404 4583 φήμη
480 4508 829 4582 περιλαϐούσῃ
909 4511 1002 4564 τὴν
1043 4506 1366 4576 οἰκουμένην,
1427 4502 1456 4561 ἣ
1511 4508 1708 4576 πατέρα
1757 4506 1846 4574 μὲν

259 4601 390 4668 ἔσχε
414 4605 509 4656 τῆς
542 4595 838 4665 συγκλήτου
868 4596 982 4645 τινὰ
1031 4598 1119 4644 καὶ
1164 4594 1358 4643 τούτων
1410 4587 1476 4648 δὴ
1523 4598 1623 4643 τῶν
1662 4592 1846 4664 ἄρχειν

258 4685 573 4757 ἠξιωμένων,
626 4683 889 4755 Ψιλοφρων
947 4682 1083 4751 αὐτῷ
1136 4685 1315 4752 ὄνομα,
1374 4683 1576 4753 μητέρα
1619 4675 1677 4731 δὲ
1735 4684 1846 4731 λίαν
1884 4714 1924 4770 C

258 4772 446 4832 εὐσεϐῆ
503 4778 592 4824 καὶ
657 4776 900 4836 κοσμίαν,
960 4767 1399 4844 Θεοδωρησιανὴν
1452 4768 1586 4820 οὕτω
1666 4767 1848 4819 καλου-

256 4867 434 4937 μένην,
489 4865 603 4925 ἣτις
685 4867 774 4913 καὶ
840 4857 1007 4932 δῶρον
1058 4858 1112 4911 ἐκ
1170 4866 1303 4912 Θεοῦ
1368 4860 1660 4928 πενομένοις
1714 4862 1845 4907 πᾶσι

259 4950 296 5007 δ
300 4949 360 5005 εδ
365 4960 552 5026 ωρητο,
598 4954 661 5002 τὰ
692 4950 846 5009 αὐτῆς
890 4947 1087 5001 ἐκείνων
1120 4950 1289 4999 πάντα
1316 4955 1561 4999 ποιοῦσα.
1599 4946 1700 4999 Καὶ
1720 4951 1841 5016 χεὶρ

259 5042 434 5102 αὐτοῖς
464 5036 597 5092 οὖσα
623 5036 853 5109 δαψιλής
882 5056 935 5089 τε
972 5042 1060 5088 καὶ
1090 5032 1473 5109 μεγαλόδωρος,
1504 5032 1556 5096 ἐξ
1588 5034 1654 5084 ὧν
1684 5034 1847 5105 Εὐφη-

256 5135 356 5204 μία
408 5129 750 5201 προελθοῦσα,
805 5124 1030 5196 βλαστὸς
1073 5123 1228 5195 ἐφάνη
1276 5130 1336 5195 τῇ
1383 5123 1507 5196 ῥίζῃ
1544 5126 1841 5195 προσήκων,

254 5216 704 5280 κλάδοςέπινεύων
732 5216 800 5276 εἰς
822 5213 1108 5267 θεοσέϐειαν
1137 5217 1226 5266 καὶ
1254 5217 1452 5284 καρπός
1482 5216 1637 5272 ὅντως
1678 5211 1845 5272 ἐλέους

257 5313 526 5368 πιότατος.

333 5485 404 5541 Β’.

263 5577 471 5638 θυσίας,

480 5491 582 5544 Τῆς
660 5480 747 5535 οὖν
821 5478 1129 5553 δαιμονικῆς
1202 5480 1399 5540 ἐκείνης
1457 5477 1846 5549 ἐπιτελουμένης

556 5570 876 5630 ’Δπελλιανὸς
934 5569 995 5621 οὐ
1058 5573 1343 5644 παροπτέα,
1402 5564 1527 5620 οὐδε
1576 5563 1848 5638 φροντίδος

548 5678 793 5734 Paeon.
836 5678 938 5734 Gn.
979 5674 1142 5732 CXV.

2055 2035 2093 2087 Ι.
2138 2033 2497 2089 Diocletiano
2527 2039 2763 2090 tenente
2822 2042 3054 2108 sceptra
3094 2041 3345 2096 Romani
3378 2043 3633 2115 imperii,

1980 2122 2173 2177 Prisco
2204 2130 2399 2178 autem
2431 2123 2582 2178 Asiae
2614 2125 2988 2195 proconsule,
3032 2128 3318 2183 adversus
3361 2132 3635 2187 Christia-

1981 2225 2088 2265 nos
2115 2210 2313 2280 gravis
2354 2211 2622 2282 spirabat
2652 2212 3004 2283 persecutio,
3038 2230 3319 2287 saevaque
3352 2222 3407 2273 et
3433 2218 3633 2274 formi-

1980 2298 2208 2353 dabilis.
2237 2298 2371 2354 Erat
2401 2307 2601 2354 autem
2634 2300 2826 2355 Prisco
2850 2316 3117 2357 assessor
3141 2305 3391 2374 quidam
3427 2307 3632 2376 Sophi-

1978 2392 2088 2450 sta,
2117 2387 2359 2441 nomine
2377 2386 2735 2458 Apellianus,
2766 2386 3017 2457 fungens
3050 2406 3294 2445 munere
3318 2394 3629 2449 sacerdotii

1975 2474 2088 2539 dei,
2119 2477 2222 2545 qui
2269 2475 2427 2546 apud
2457 2490 2557 2529 eos
2610 2474 2763 2530 falso
2800 2477 3165 2543 nominatur,
3217 2479 3432 2534 Martis.
3484 2483 3628 2537 Cum

1973 2578 2115 2630 ergo
2168 2563 2344 2633 hujus
2396 2562 2707 2617 adulterini
2764 2564 2859 2618 dei
2906 2565 3117 2620 festum
3165 2566 3411 2623 instaret
3462 2571 3628 2624 anni-

1972 2650 2324 2714 versarium,
2365 2649 2568 2704 litterae
2623 2651 2890 2705 etedicta
2938 2668 3042 2722 per
3081 2653 3417 2710 universam
3460 2673 3628 2711 vene-

1972 2744 2108 2793 runt
2133 2736 2588 2793 Chalcedonam.
2647 2739 2710 2791 In
2741 2754 2812 2795 ea
2837 2740 2994 2795 enim
3040 2743 3479 2813 peragebantur
3534 2761 3621 2799 sa-

1970 2826 2190 2880 criﬁcia
2232 2841 2246 2889 ;
2274 2841 2413 2879 nam
2448 2824 2522 2880 ibi
2554 2830 2677 2880 erat
2709 2827 2999 2897 templum
3048 2831 3265 2899 Martis,
3308 2837 3361 2885 et
3393 2832 3624 2900 insigne

1970 2910 2126 2963 illius
2156 2910 2565 2966 simulacrum.
2594 2912 2904 2970 Vocabant
2930 2921 3127 2970 autem
3144 2917 3335 2973 edicta
3364 2920 3520 2974 cives
3544 2919 3621 2974 ad

1972 2997 2206 3063 festum,
2238 3003 2294 3052 et
2323 3015 2425 3053 eos
2465 3000 2571 3071 qui
2601 3001 2953 3057 habitabant
2974 3002 3128 3059 circa
3160 3004 3616 3061 Chalcedonem.

1969 3084 2340 3139 Minabantur
2372 3102 2508 3141 vero
2552 3094 2800 3143 mortem
2833 3097 2887 3145 et
2918 3090 3211 3162 supplicia
3236 3092 3323 3157 iis,
3355 3093 3431 3148 ad
3462 3110 3613 3166 quos

1967 3180 2136 3225 erant
2186 3177 2451 3237 ventura,
2487 3172 2534 3226 si
2589 3189 2708 3228 non
2752 3178 3271 3245 persuaderentur,
3310 3188 3370 3235 ut
3400 3180 3618 3237 adora-

1968 3265 2096 3314 rent
2134 3260 2461 3315 daemones.
2491 3261 2783 3333 Tubaaque
2808 3263 2965 3319 clare
2998 3274 3280 3321 sonantes
3308 3275 3363 3322 et
3396 3269 3617 3323 terribi-

1964 3347 2114 3413 liter,
2138 3355 2308 3403 erant
2337 3349 2574 3417 signum
2602 3350 2992 3406 conveniendi
3024 3360 3102 3406 ad
3136 3354 3444 3424 templum.
3477 3356 3616 3421 Qui-

1962 3437 2317 3508 buscunque
2364 3452 2502 3507 ergo
2542 3439 2906 3494 exsecranda
2943 3440 3189 3511 quidem
3236 3443 3526 3498 sacriﬁcia
3557 3451 3615 3501 et

1961 3524 2369 3580 abominanda
2421 3526 2716 3595 ejusmodi
2770 3526 2974 3597 religio
3015 3536 3140 3584 erat
3187 3529 3346 3599 odio,
3407 3537 3614 3589 contra

1961 3618 2161 3668 autem
2194 3612 2366 3668 ﬁrma
2413 3621 2535 3669 erat
2568 3616 2866 3679 sanctitas,
2914 3622 2969 3671 et
3013 3618 3223 3687 pietas,
3279 3624 3336 3673 et
3370 3619 3519 3675 ﬁdes
3549 3620 3609 3675 in

1958 3701 2274 3766 Christum,
2314 3703 2352 3755 ii
2407 3702 2658 3756 vitantes
2697 3705 3185 3770 congressionem
3228 3722 3367 3761 cum
3408 3708 3609 3779 impiis

1959 3792 2012 3842 et
2043 3788 2357 3844 concilium
2406 3788 2699 3854 vanitatis,
2735 3805 2839 3859 per
2866 3791 3165 3863 quasdam
3199 3792 3422 3849 classes
3454 3812 3514 3851 se
3547 3797 3606 3851 in

1957 3874 2644 3941 domibusincludentes,
2665 3879 2839 3932 autin
2855 3877 3293 3946 solitudinibus,
3313 3882 3611 3939 vacabant

1958 3965 2235 4034 precibus
2264 3970 2321 4020 et
2371 3965 2759 4031 orationibus,
2805 3983 3065 4039 veroque
3096 3974 3150 4024 et
3182 3969 3291 4024 soli
3325 3972 3441 4025 Deo
3480 3971 3608 4027 cul-

1957 4058 2081 4107 tum
2111 4051 2440 4108 offerebant
2468 4052 2842 4109 rationalem.
2879 4056 3142 4119 Quorum
3175 4073 3329 4111 unus
3365 4074 3608 4130 quoque

1954 4148 2080 4194 erat
2106 4140 2345 4206 chorus,
2377 4141 2477 4210 qui
2508 4141 2802 4210 imprimis
2833 4141 3146 4198 benedicta
3175 4149 3233 4198 et
3260 4144 3422 4200 clara
3456 4163 3610 4201 mar-

1955 4232 2082 4296 tyre
2116 4226 2443 4296 Euphemia
2492 4226 2897 4293 decorabatur,
2941 4230 3286 4300 Euphemia,
3342 4231 3603 4303 inquam,

1955 4328 2089 4385 quae
2119 4312 2537 4368 convenienter
2592 4330 2700 4368 suo
2732 4315 2959 4369 nomini
3013 4318 3357 4374 universum
3390 4319 3597 4377 orbem

1959 4410 2120 4457 terrae
2152 4417 2261 4456 sua
2287 4399 2446 4456 fama
2458 4408 2580 4456 erat
2597 4401 2929 4472 complexa.
2946 4405 3087 4469 Quae
3106 4411 3336 4476 patrem
3355 4409 3599 4479 quidem

1955 4490 2216 4545 habebat
2239 4490 2563 4561 quemdam
2592 4506 2623 4544 e
2649 4497 2879 4559 senatu,
2898 4493 3071 4564 etqui
3100 4492 3329 4566 aliquot
3342 4502 3604 4563 gesserat

1956 4580 2337 4647 magistratus
2393 4585 2561 4634 :erat
2609 4585 2807 4634 autem
2857 4581 2909 4634 ei
2964 4598 3184 4636 nomen
3246 4582 3606 4654 PhiIOphron

1958 4666 2436 4738 [Philosophron,
2482 4666 2622 4738 Ado]
2652 4687 2663 4725 :
2696 4674 2947 4723 matrem
2984 4685 3117 4724 vero
3149 4671 3324 4726 valde
3361 4672 3522 4743 piam
3551 4679 3606 4727 et

1954 4756 2289 4820 honestam,
2321 4772 2456 4826 quae
2480 4756 2802 4811 vocabatur
2830 4757 3227 4814 Theodorosia
3254 4759 3604 4829 [Theodora,

1955 4843 2099 4916 Atto]
2129 4862 2141 4898 :
2176 4860 2310 4915 quae
2342 4843 2516 4898 etiam
2550 4861 2585 4898 a
2616 4846 2734 4899 Deo
2764 4845 2991 4900 donum
3015 4846 3155 4901 data
3188 4845 3379 4901 fuerat
3410 4848 3607 4903 omni-

1955 4933 2068 4987 bus
2095 4932 2426 5002 egentibus,
2479 4932 2714 4988 illorum
2768 4932 2991 4988 faciens
3040 4934 3267 5000 omnia,
3317 4951 3451 5007 quae
3494 4952 3603 4992 sua

1955 5027 2137 5087 erant,
2180 5027 2235 5075 et
2276 5021 2449 5091 cujus
2479 5028 2600 5075 erat
2634 5021 2693 5076 in
2726 5037 2826 5076 eos
2881 5037 3093 5075 manus
3120 5021 3285 5091 larga
3311 5031 3367 5078 et
3412 5024 3604 5078 muni-

1955 5110 2088 5165 ﬁca.
2151 5108 2229 5163 Ex
2260 5109 2479 5181 quibus
2510 5115 2637 5163 orta
2668 5109 3014 5180 Euphemia,
3050 5110 3330 5181 apparuit
3360 5126 3603 5179 germen

1955 5199 2137 5253 radici
2168 5197 2548 5263 conveniens,
2578 5213 2780 5252 ramus
2798 5213 3071 5251 annuens
3090 5197 3158 5251 ad
3195 5199 3477 5269 pietatem
3510 5217 3606 5255 ve-

1956 5301 2204 5356 ramque
2231 5285 2596 5354 religionem,
2626 5290 2681 5339 et
2710 5285 2882 5354 longe
2919 5285 3350 5355 pinguissimus
3382 5286 3605 5344 fructus

1957 5373 2397 5455 misericordias.

2028 5478 2089 5535 Il.
2133 5478 2278 5533 Cum
2331 5477 2474 5533 illud
2518 5492 2659 5548 ergo
2708 5478 3056 5535 daemonum
3092 5487 3468 5551 perageretur
3518 5497 3610 5537 sa-

1956 5567 2262 5634 criﬁcium,
2283 5582 2402 5623 non
2417 5567 2861 5636 negligendum,
2883 5571 2989 5624 sed
3001 5570 3261 5625 maxime
3275 5568 3607 5625 curandum

3259 5675 3327 5730 23
