4142 6278
552 336 659 390 715

1860 327 2115 383 MENSIS
2148 323 2597 383 SEPTEMBER.

3806 318 3905 375 716

553 459 779 515 ducens
804 456 964 512 hunc
988 457 1206 509 castum
1251 450 1487 522 piorum
1550 450 1915 524 Apellianus,
1965 468 2103 508 cum
2127 451 2176 507 d1

2315 451 2497 514 ἀνάξια
2550 454 2613 502 τά
2669 452 2804 501 κατὰ
2855 450 2939 499 τὸν
2978 441 3188 501 θεοσεϐῆ
3236 448 3418 493 τοῦτον
3458 443 3641 494 θίασον
3692 445 3902 516 θέμενος,

552 563 620 603 eo
651 547 962 616 diligenter
1015 540 1401 611 inquisiisset,
1469 544 1527 594 et
1557 540 1772 596 certior
1802 541 1991 597 factus
2022 546 2199 604 esset,

552 652 625 692 ea
662 635 953 703 signiﬁcat
985 627 1347 701 proconsuli.
1380 629 1650 683 Protinus
1687 635 1885 685 autem
1931 644 2205 701 compre-

551 723 830 779 henditur
849 735 986 774 cum
1004 717 1192 772 multa
1222 716 1338 771 alia
1361 716 1677 772 multitudo
1711 718 2199 782 Christianorum,

554 819 677 869 tum
718 810 846 882 ipse
876 822 1118 879 quoque
1146 805 1387 860 divinus
1414 805 1653 873 chorus,
1687 806 1746 862 in
1765 822 1886 879 quo
1912 814 2035 863 erat
2053 821 2206 878 pra:-

550 900 712 956 clara
739 900 867 953 hac
901 895 1067 963 virgo
1108 893 1454 964 Euphemia,
1512 911 1647 967 quas
1679 900 1734 950 et
1763 896 2021 967 corporis
2066 894 2202 966 pul-

551 985 903 1047 chritudine,
960 987 1014 1038 et
1044 982 1272 1036 virtutis
1326 983 1539 1053 specie,
1589 989 1645 1039 et
1688 985 1877 1039 aetatis
1932 985 2098 1049 ﬂore,
2147 987 2203 1037 et

550 1074 784 1146 generis
815 1071 1098 1135 claritate,
1131 1071 1278 1125 inter
1302 1086 1402 1125 eos
1446 1070 1682 1127 lucebat
1713 1073 1886 1127 veluti
1916 1072 2086 1127 stella
2113 1071 2197 1127 lu-

547 1165 868 1220 cidissima.
902 1159 989 1215 Ad
1018 1158 1417 1231 quadraginta
1467 1166 1667 1215 autem
1708 1167 1765 1215 et
1803 1177 2021 1216 novem
2059 1176 2201 1216 con-

548 1258 927 1324 gregatorum
971 1255 1095 1303 erat
1124 1247 1217 1301 ille
1246 1262 1408 1301 sacer
1454 1247 1694 1303 chorus.
1742 1250 1848 1313 Qui
1881 1265 2017 1303 cum
2065 1248 2200 1302 fuis—

546 1348 675 1397 sent
712 1335 1144 1409 comprehensi,
1207 1335 1480 1406 producti
1525 1341 1663 1391 sunt
1715 1337 1773 1391 in
1806 1342 2197 1409 conspectum

546 1427 937 1502 proconsulis.
981 1424 1074 1479 Ille
1106 1430 1305 1478 autem
1333 1438 1433 1480 eos
1474 1424 1639 1495 prius
1669 1424 1961 1481 inducens
1991 1426 2199 1481 admo-

545 1518 789 1581 nitione,
818 1514 1147 1570 conabatur
1177 1511 1469 1568 abducere
1500 1528 1536 1568 a
1562 1513 1798 1584 pietate,
1831 1515 2003 1569 bonis
2032 1519 2200 1569 terras

544 1606 754 1663 volens
781 1620 884 1659 eos
912 1602 1269 1665 demulcere,
1297 1602 1401 1673 qui
1446 1603 1767 1673 cupiebant
1799 1602 2081 1668 coelestia,
2115 1603 2200 1658 di-

544 1694 715 1750 cebat
743 1693 902 1746 enim
933 1708 946 1744 :
976 1688 1312 1745 Sacriﬁcate
1344 1704 1569 1758 magno
1600 1691 1716 1747 deo
1759 1690 1942 1755 Marti,
1973 1696 2036 1745 ut
2066 1690 2197 1761 ejus

2314 540 2419 591 ἀλλ’
2472 544 2539 600 ὡς
2580 540 2812 611 μάλιστα
2854 535 3322 609 περιεργασάμενος
3377 536 3467 583 xui
3522 534 3724 603 μαθὼν,
3775 531 3907 592 δῆλα

2311 637 2478 680 ταῦτα
2529 636 2601 698 τῷ
2669 626 2945 695 ἀνθυπάτῳ
2998 630 3154 684 ποιεῖ,
3218 626 3307 673 καὶ
3365 630 3701 695 παραχρῆμα
3763 643 3906 675 συνε-

2311 716 2629 788 λαμϐάνοντο
2673 716 2801 768 ἄλλα
2864 733 2916 766 τε
2968 710 3132 764 πολλά
3182 718 3282 762 τῶν
3335 717 3665 782 Χριστιανῶν
3718 711 3901 776 πλήθη,

2312 812 2401 859 καὶ
2442 807 2589 866 αύτός
2621 808 2646 858 ό
2690 808 2818 865 θεῖος
2850 804 2991 862 οὗτος
3042 804 3223 872 χορὸς,
3273 799 3328 859 ὃς
3371 798 3604 851 έπλούτει
3653 804 3747 857 τὴν
3786 802 3906 853 καλ-

2311 896 2617 969 )-ιπάρθενον
2698 894 2987 965 Εύφημίαν,
3066 888 3096 947 ἢ
3148 888 3322 940 κάλλει
3400 907 3453 940 τε
3530 894 3766 961 σώματος
3815 894 3963 941 καὶ·

2312 986 2497 1059 ἀρετῆς
2550 986 2678 1057 ὥρᾳ,
2738 984 2881 1034 ἄνθει
2946 999 2999 1032 τε
3060 978 3263 1037 ἡλικίας
3314 981 3406 1028 καὶ
3465 982 3646 1047 γένους
3696 997 3902 1051 περιφα-

2308 1079 2438 1144 νείᾳ,
2488 1077 2645 1145 μέσον
2696 1071 2863 1122 αὐτῶν
2935 1070 3071 1119 κατά
3152 1070 3269 1126 τοὺς
3341 1065 3609 1137 λαμπροὺς
3687 1064 3901 1140 ἀστέρας

2307 1162 2590 1233 λάμπουσα
2635 1158 2715 1217 ἦν.
2782 1160 2862 1219 Εἰς
2911 1158 3051 1209 ἐννέα
3096 1160 3184 1227 μὲν
3239 1152 3327 1207 οὖν
3374 1160 3465 1207 καὶ
3512 1158 3903 1227 τεσσαράκοντα

2308 1252 2365 1300 τό
2427 1251 2559 1322 ἱερὸν
2612 1248 2767 1300 ἐκεῖνο
2829 1247 3119 1300 συνείλεκτο
3175 1246 3465 1317 ἄθροισμα,
3520 1242 3568 1295 οἱ
3620 1249 3710 1295 xui
3790 1247 3901 1297 κατ’
3950 1256 3953 1257 ⁷

2309 1337 2429 1407 ὅφιν
2462 1336 2569 1389 ἐπεὶ
2613 1338 3007 1408 συνελήφθησαν
3065 1343 3137 1404 τῷ
3179 1333 3457 1405 ἀνθυπάτῳ
3514 1337 3846 1406 παρέστησαν
3886 1354 3896 1363 ·

2308 1428 2333 1478 6
2383 1424 2440 1478 δὲ
2492 1431 2793 1498 παραινέσει
2842 1430 3086 1499 πρότερον
3141 1422 3359 1493 ἀπάγειν
3418 1425 3609 1483 αύτούς
3666 1422 3898 1495 ἐπειρᾶτο

2306 1524 2402 1575 τῆς
2454 1514 2733 1579 εὐσεϐείας,
2796 1520 2906 1575 τοῖς
2958 1512 3176 1583 ἀγαθοῖς
3224 1520 3320 1572 τῆς
3374 1519 3474 1581 γῆς
3522 1510 3714 1581 θέλγειν
3774 1511 3899 1583 βου-

2305 1602 2533 1675 λόμενος,
2590 1607 2712 1664 τοὺς
2766 1610 2888 1656 τῶν.
2951 1643 2963 1656 .
3026 1641 3037 1653 .
3103 1643 3114 1654 .
3174 1642 3185 1656 .
3233 1642 3244 1653 .
3287 1604 3611 1671 εφισμένους,
3673 1602 3894 1667 Θύσατε,

2304 1691 2482 1763 λέγων,
2532 1700 2603 1762 τῷ
2660 1692 2867 1764 μεγάλῳ
2926 1692 3022 1758 θεῷ
3070 1688 3217 1763 Ἀρει
3298 1691 3362 1748 ὡς
3422 1687 3483 1739 ἂν
3528 1697 3622 1749 τῆς
3675 1708 3728 1741 τε
3781 1692 3897 1764 παρ’

541 1780 972 1849 benevolentia,
1004 1783 1059 1833 et
1086 1778 1159 1832 ab
1186 1777 1651 1848 imperatoribus
1687 1779 1897 1835 danda
1924 1779 2176 1834 felicitati

2306 1782 2464 1833 αὑτοῦ
2522 1780 2780 1852 εὐμενείας
2832 1784 2920 1831 καὶ
2976 1788 3072 1840 τῆς
3128 1777 3181 1830 ἐκ
3260 1775 3518 1849 βασιλέων
3568 1774 3897 1850 εὐδαιμονίας

542 1887 649 1927 vos
706 1868 923 1938 dignos
979 1865 1271 1930 efﬁciatis,
1326 1872 1382 1919 et
1428 1866 1688 1936 plurima
1749 1867 2196 1938 consequamini

542 1974 792 2016 munera
828 1960 885 2012 et
916 1956 1199 2011 honores.
1230 1954 1331 2009 Cui
1373 1954 1610 2010 divinus
1658 1955 1753 2011 ille
1798 1956 2035 2021 chorus,
2072 1961 2197 2012 tan-

538 2062 724 2119 quam
782 2060 902 2100 uno
937 2042 1139 2099 animo
1189 2047 1245 2097 et
1278 2058 1398 2098 uno
1441 2058 1588 2098 ore:
1622 2043 1763 2109 Nos,
1820 2044 2113 2113 dixerunt,
2158 2059 2194 2099 o

540 2132 879 2207 proconsul,
926 2134 1109 2187 Deum
1163 2146 1370 2186 verum
1412 2131 1603 2187 colere
1641 2132 1980 2199 didicimus,
2017 2132 2190 2202 cujus

537 2223 718 2278 verbo
757 2238 827 2277 ex
865 2220 935 2275 iis
987 2235 1119 2292 quia
1150 2234 1272 2274 non
1311 2222 1482 2274 erant
1510 2220 1894 2276 constitutum
1939 2226 2026 2277 est
2065 2220 2190 2275 uni-

538 2327 797 2376 versum,
830 2309 1048 2364 coelum
1065 2312 1121 2364 et
1150 2313 1321 2373 terra,
1350 2312 1406 2363 et
1424 2308 1777 2380 omniaquae
1807 2316 1945 2364 sunt
1974 2309 2033 2363 in
2056 2308 2141 2363 eis
2171 2324 2186 2375 ;

533 2415 731 2471 neque
763 2397 947 2452 ullum
975 2396 1159 2451 alium
1184 2396 1370 2451 Deum
1396 2396 1640 2465 scimus,
1661 2398 2065 2468 praeterhunc,
2089 2413 2188 2452 ne-

534 2503 648 2561 que
704 2488 954 2543 adorare
1004 2484 1203 2556 (absit,
1245 2487 1357 2540 Rex
1416 2484 1658 2556 Christe)
1728 2486 2182 2542 sustinebimus.

534 2575 661 2632 Tua
690 2581 891 2632 autem
929 2573 1154 2629 donaet
1183 2574 1441 2629 honores
1474 2573 1621 2629 alios
1649 2574 1929 2645 alliciant,
1965 2590 2186 2646 eosque

533 2664 637 2735 qui
677 2670 814 2718 sunt
851 2661 1237 2734 pusillanimi,
1269 2668 1522 2732 etparva
1561 2662 2009 2733 concupiscunt,
2042 2662 2182 2717 deli-

531 2752 719 2808 niant.
756 2752 881 2806 Haec
927 2749 1083 2805 enim
1110 2765 1144 2803 a
1168 2749 1343 2805 nobis
1391 2749 1557 2819 parvi
1587 2748 1757 2815 ﬁunt,
1796 2755 1849 2805 et
1878 2751 1972 2805 vix
1999 2750 2182 2805 ullam

533 2840 1029 2895 eorumducimus
1058 2838 1371 2902 rationem,
1405 2853 1540 2893 cum
1562 2837 1754 2892 solum
1782 2854 2053 2894 amemus
2080 2840 2181 2894 ho-

531 2943 762 2992 norem,
802 2926 904 2999 qui
944 2926 1104 2982 estin
1134 2924 1317 2990 caelis,
1351 2940 1533 2997 quem
1566 2927 1744 2980 vitam
1777 2925 2178 2981 immortalem

530 3016 588 3071 et
618 3032 869 3085 regnum
896 3014 997 3070 Dei
1036 3029 1344 3069 vocamus.
1372 3014 1719 3085 Sicquidem
1750 3013 1894 3069 dixit
1936 3014 2025 3069 ille
2057 3015 2176 3084 glo-

2306 1868 2482 1931 ἀξίους
2540 1870 2749 1929 ἑαυτούς
2804 1873 3192 1930 καταστήσητε,
3252 1871 3340 1918 xui
3387 1862 3596 1939 δωρεῶν
3647 1865 3886 1919 πλείστων

2304 1958 2632 2015 ἀπολαύσητε
2664 1962 2754 2009 xui
2784 1966 2946 2029 τιμῶν
2983 1974 2995 1986 ⁸
3030 1958 3160 2030 πρὸς
3191 1955 3244 2006 ὃν
3278 1957 3302 2007 ό
3338 1956 3469 2015 θεῖος
3500 1954 3690 2017 ἐκεῖνος
3720 1961 3875 2029 χορός,

2302 2049 2474 2119 ὥσπερ
2527 2046 2584 2098 ἐκ
2655 2052 2779 2117 μιᾶς
2849 2050 2939 2097 καὶ
3003 2045 3190 2116 ψυχῆς
3265 2049 3354 2096 xui
3409 2043 3663 2113 γλώττης.
3732 2044 3887 2117 Ἡμεῖς

2300 2134 2576 2201 ἀνθύπατε,
2614 2131 2773 2201 εἷπον,
2816 2134 3077 2207 λατρεύειν
3125 2132 3307 2191 ἀληθεῖ
3353 2140 3466 2203 Θεῷ
3511 2129 3887 2206 δεδιδάγμεθα,

2300 2225 2358 2276 οὗ
2400 2224 2601 2297 ῥήματι
2646 2223 2702 2275 ἐκ
2748 2229 2820 2295 μὴ
2877 2226 3033 2275 ὄντων
3085 2224 3283 2280 ὑπέστη
3341 2225 3399 2273 τό
3457 2228 3557 2274 πᾶν
3624 2264 3636 2276 .
3720 2264 3731 2276 .
3809 2263 3820 2275 .

2297 2317 2386 2364 xui
2413 2320 2478 2383 γῆ
2512 2317 2601 2364 xui
2632 2314 2696 2363 τὰ
2741 2312 2791 2364 ἐν
2841 2312 3018 2373 αὐτοῖς
3066 2311 3287 2375 ἅπαντα,
3326 2314 3444 2363 οὔτε
3491 2306 3551 2363 δὲ
3593 2312 3704 2363 θεὸν
3749 2312 3889 2365 ἄλλον

2297 2404 2439 2476 παρά
2473 2409 2653 2454 τοῦτον
2705 2404 2852 2472 ῖσμεν
2895 2404 3011 2453 οὔτε
3052 2408 3381 2473 προσκυνεῖν,
3428 2403 3499 2470 μή
3547 2405 3744 2471 γένοιτό
3772 2421 3890 2454 ποτε

2294 2510 2356 2561 χ.
2408 2533 2419 2544 .
2465 2533 2479 2545 .
2528 2532 2538 2544 .
2582 2532 2593 2544 .
2638 2488 2878 2561 βασιλεῦ,
2937 2488 3234 2561 ἀνεξόμεθα,
3283 2491 3349 2541 τά
3387 2485 3446 2541 δὲ
3499 2491 3568 2542 σά
3616 2487 3766 2563 δῶρα
3801 2497 3886 2543 xui

2296 2582 2350 2631 αἱ
2406 2585 2554 2651 τιμαὶ
2621 2579 2783 2631 ἄλλων
2852 2582 3083 2632 ἔστωσαν
3175 2581 3461 2654 θεραπεῖαι,
3534 2583 3755 2654 μικρούς
3832 2600 3887 2633 τε

2294 2673 2382 2720 καὶ
2456 2677 2653 2743 μικρῶν
2730 2667 3051 2739 ἐπιθυμητὰς
3133 2667 3471 2738 θελγέτωσαν.
3550 2668 3699 2739 Ἡμῖν
3782 2673 3881 2743 γὰρ

2293 2757 2487 2829 φαύλου
2533 2757 2689 2828 λόγου
2748 2763 2837 2809 xui
2890 2764 2976 2809 τοῦ
3032 2761 3285 2828 τυχόντος
3342 2756 3462 2820 ἄξια
3512 2764 3690 2813 ταῦτα,
3750 2764 3879 2829 μιᾶς

2289 2850 2448 2916 μόνης
2490 2844 2646 2918 ἐρῶσι
2686 2854 2841 2909 τιμῆς
2892 2854 2988 2906 τῆς
3030 2844 3077 2897 ἓν
3226 2887 3239 2898 .
3391 2885 3404 2898 .
3547 2886 3557 2897 .
3592 2871 3595 2873 ν
3707 2845 3764 2902 ἣν
3797 2842 3865 2905 δὴ

2288 2939 2377 2985 καὶ
2407 2932 2661 2985 ἀθάνατον
2688 2934 2825 2993 ζωὴν
2874 2938 2963 2985 καὶ
2991 2932 3261 3005 βασιλείαν
3288 2938 3415 2987 Θεοῦ
3445 2931 3609 2985 καλεῖν
3638 2930 3870 3006 οἴδαμεν.

2288 3024 2439 3074 Ούτω
2465 3025 2555 3094 μὲν
2585 3018 2673 3074 οὖν
2704 3025 2730 3075 6
2760 3022 3050 3085 καλλίνικος
3080 3022 3265 3084 ἐκεῖνος
3292 3025 3384 3095 ἔφη
3420 3025 3657 3095 στρατός,
3687 3031 3746 3095 τῇ
3780 3043 3874 3076 πα-

529 3106 725 3160 riosus
763 3104 1078 3168 exercitus,
1119 3101 1221 3173 qui
1252 3101 1515 3157 habebat
1544 3101 1761 3157 ducem
1800 3100 2176 3159 benedictam

2286 3115 2525 3182 νευφήμῳ
2560 3115 3005 3184 στρατηγούμενος
3029 3111 3283 3183 Εύφημίᾳ.

530 3191 944 3263 Euphemiam.

601 3281 690 3335 III.
705 3283 1010 3353 Tyrannus
1023 3281 1223 3334 autem
1238 3293 1311 3333 ne
1330 3276 1412 3333 sic
1428 3278 1670 3349 quidem
1688 3280 2011 3351 desperans
2026 3280 2169 3346 fore,

525 3376 591 3425 ut
626 3369 709 3425 eis
747 3366 1145 3440 persuaderet,
1201 3366 1305 3422 sed
1357 3366 1470 3421 sibi
1501 3367 1722 3423 bonam
1776 3367 1850 3422 de
1881 3368 1964 3422 eis
2005 3383 2172 3439 spem

525 3457 800 3529 praabens
863 3456 1291 3525 (admirabatur
1337 3456 1497 3509 enim
1561 3455 1690 3510 illos
1742 3456 2056 3525 aspiciens,
2117 3459 2175 3510 et

525 3545 738 3602 videns
784 3544 1017 3600 illorum
1064 3542 1304 3598 liberale
1351 3543 1676 3613 ingenium,
1738 3548 1795 3599 et
1847 3559 2170 3613 generosos

521 3633 783 3705 spiritus,
813 3648 1007 3704 neque
1038 3631 1270 3687 volebat
1298 3636 1421 3687 tam
1454 3631 1768 3702 pulchrum
1800 3638 1858 3687 et
1886 3639 2167 3689 ornatum

521 3725 743 3777 coetum
773 3735 952 3790 paena
982 3718 1179 3787 afﬁci),
1211 3720 1347 3774 fecit
1378 3735 1587 3774 rursus
1607 3719 1935 3791 periculum
1953 3728 2168 3793 marty-

520 3824 655 3865 rum
687 3807 1061 3869 constantias,
1113 3810 1170 3861 et
1208 3822 1316 3877 pro
1342 3806 1566 3861 viribus
1598 3807 1827 3865 studuit
1854 3824 1956 3863 eos
1989 3825 2025 3864 a
2059 3826 2171 3866 sua

521 3896 832 3969 traducere
863 3893 1181 3949 sententia:
1218 3893 1362 3947 Cum
1388 3892 1644 3961 videam,
1669 3894 1895 3960 dicens,
1915 3896 1976 3952 in
1999 3897 2170 3952 vobis

519 3983 773 4041 multam
822 3982 1052 4038 elucere
1104 3980 1571 4049 intelligentiam,
1617 3982 1691 4037 de
1738 3989 1935 4039 vestra
1978 3990 2170 4040 muta-

519 4075 676 4130 tione
705 4072 977 4128 nondum
1003 4086 1165 4142 spem
1200 4068 1435 4141 abjicio,
1464 4070 1568 4126 sed
1600 4070 1723 4127 scio
1754 4071 1898 4137 fore,
1934 4077 1998 4127 ut
2021 4072 2168 4128 mihi

516 4160 770 4218 credatis
800 4158 1131 4216 consulenti
1173 4174 1264 4224 ea,
1295 4173 1431 4230 quas
1465 4165 1603 4215 sunt
1629 4160 1791 4215 bona
1820 4165 1875 4216 et
1902 4161 2082 4227 utilia,
2111 4166 2167 4217 et

517 4266 639 4307 non
670 4265 779 4323 pro
803 4249 1031 4305 honore
1068 4247 1325 4318 eligastis
1356 4248 1769 4318 ignominiam,
1799 4254 1855 4305 et
1883 4267 1990 4322 pro
2020 4251 2167 4307 deli-

516 4338 622 4394 ciis
671 4346 727 4394 et
764 4337 953 4410 gloria
1006 4337 1286 4401 dedecus,
1338 4341 1395 4391 et
1441 4337 1637 4393 videre
1683 4343 1807 4393 tam
1848 4339 2159 4410 pulchram

506 4428 881 4499 juventutem
912 4431 968 4479 et
996 4424 1203 4479 ﬂorem
1234 4424 1521 4494 corporis,
1550 4442 1685 4494 qua:
1716 4432 1852 4481 sunt
1880 4428 2161 4483 omnibus

511 4513 860 4570 hominibus
878 4510 1337 4582 jucundissima,
1368 4512 1652 4580 gravibus
1676 4515 1987 4568 tormentis
2003 4514 2159 4572 afﬁci

509 4605 569 4657 et
602 4601 833 4656 laniari.
863 4599 949 4654 Ad
982 4598 1110 4653 haec
1148 4614 1353 4652 rursus
1383 4597 1562 4653 libere
1606 4602 1791 4655 sancti
1824 4617 1838 4657 :
1878 4603 2017 4668 Nos,
2068 4604 2159 4659 di-

506 4694 740 4755 xerunt,
776 4704 813 4742 o
844 4684 1181 4759 proconsul,
1205 4686 1417 4741 eadem
1455 4701 1660 4740 rursus
1689 4687 1963 4753 dicimus,
1990 4691 2155 4763 quod

512 4780 848 4834 maximum
879 4775 1287 4831 existimamus
1326 4773 1605 4840 dedecus,
1640 4775 1689 4829 si
1726 4791 1861 4830 cum
1894 4788 2153 4837 mentem

503 4875 559 4922 et
590 4865 1037 4935 intelligentiam
1077 4878 1113 4918 a
1154 4865 1271 4917 Deo
1327 4863 1752 4934 acceperimus,
1784 4865 1926 4921 deos
1967 4871 2154 4924 nomi-

501 4971 720 5010 nemus
751 4970 824 5009 ea
852 4968 983 5024 qum
1004 4966 1126 5007 non
1155 4956 1290 5005 sunt
1315 4950 1508 5005 solum
1543 4956 1706 5006 muta
1736 4961 1789 5007 et
1822 4956 2018 5023 surda,
2045 4958 2150 5013 sed

498 5044 677 5099 etiam
705 5050 898 5099 mente
928 5048 983 5097 et
1032 5056 1207 5095 sensu
1232 5055 1440 5094 vacua.
1472 5040 1611 5104 Quas
1638 5045 1836 5097 autem
1868 5043 2035 5099 nobis
2065 5046 2150 5101 in-

497 5133 651 5186 feres
694 5130 1005 5202 supplicia,
1058 5132 1292 5184 tantum
1323 5127 1508 5194 abest,
1545 5132 1609 5183 ut
1646 5145 1717 5184 ea
1744 5131 2149 5189 existimemus

494 5220 799 5284 terribilia,
833 5225 895 5273 ut
946 5224 1149 5274 contra
1186 5218 1380 5289 magis
1432 5218 1771 5285 timeamus,
1823 5236 1895 5275 ne
1943 5223 1989 5276 si
2029 5225 2149 5278 sint

494 5306 649 5361 levia
680 5313 737 5362 et
765 5308 1093 5371 moderata,
1110 5322 1231 5361 non
1250 5307 1622 5378 possintesse
1642 5307 1784 5363 satis
1799 5316 2143 5367 accuratum

492 5393 902 5447 testimonium
970 5395 1067 5447 Dei
1155 5395 1215 5449 in
1282 5411 1388 5450 nos
1442 5397 1668 5451 virtutis
1733 5400 1790 5452 et
1842 5400 2142 5468 potentiae.

490 5478 604 5536 Sed
652 5494 724 5534 ne
790 5476 1093 5548 prolixiori
1151 5484 1333 5537 utaris
1381 5484 1669 5553 oratione,
1730 5483 1820 5541 fac
1877 5486 2005 5558 ejus
2060 5491 2140 5545 rei

494 5564 829 5635 periculum
879 5578 892 5616 :
951 5569 1007 5619 et
1052 5572 1190 5622 tunc
1248 5569 1401 5625 scies
1456 5577 1678 5644 aperte,
1732 5588 1843 5629 nos
1910 5576 2138 5634 facilius

2357 3284 2428 3338 Γ’.
2491 3284 2549 3337 Ὁ
2608 3287 2853 3356 τύραννος
2910 3282 2969 3339 δε
3020 3290 3077 3339 τό
3130 3278 3458 3358 μεταπείσειν
3514 3286 3707 3348 αύτούς
3762 3284 3875 3340 οὐδ’

2283 3375 2441 3433 οὕτως
2494 3372 2841 3447 ἀπαγορεύσει
2874 3393 2886 3404 ·
2937 3374 3063 3427 ἀλλὰ
3096 3381 3185 3428 xui
3214 3378 3287 3427 ἔτι
3315 3377 3564 3448 χρηστὰς
3604 3377 3880 3428 ὑποτείνων

2283 3462 2447 3532 ἐαυτῷ
2490 3465 2581 3524 τὰς
2637 3460 2851 3526 ἐλπίδας
2908 3464 3195 3537 (ἐθαύμασε
3245 3467 3346 3539 γὰρ
3403 3463 3621 3525 ἐκείνους
3677 3463 3877 3537 βλέπων

2281 3550 2537 3625 ἐλεύθερόν
2583 3571 2638 3603 τε
2688 3553 2817 3624 ὁρῶν
2862 3556 3117 3627 φρόνημα,
3175 3557 3265 3604 καὶ
3315 3552 3499 3623 ψυχῆς
3552 3556 3877 3626 παράστημα

2281 3639 2493 3711 εὐγενὲς,
2577 3645 2665 3692 xui
2735 3641 2829 3692 οῦκ
2894 3639 3139 3699 ἠϐούλετο
3212 3641 3545 3712 ζημιωθῆναι
3626 3645 3879 3713 σύστημα

2280 3729 2413 3780 ούτω
2466 3734 2683 3801 κόσμιον
2727 3734 2816 3781 καὶ
2860 3729 3061 3801 καλόν),
3110 3729 3423 3805 ἀπεπειρᾶτο
3468 3735 3557 3783 xui
3605 3729 3755 3792 αὖθις
3785 3740 3877 3792 τῆς

2282 3816 2622 3891 στερρότητος
2669 3826 2767 3870 τῶν
2837 3822 3134 3892 μαρτύρων,
3189 3824 3277 3871 καὶ
3334 3821 3405 3881 ὠς
3455 3821 3560 3871 οἶόν
3612 3838 3668 3872 τε
3713 3839 3870 3891 μετα-

2278 3908 2465 3957 πείθειν
2506 3906 2694 3968 αύτούς
2738 3904 3007 3972 ἔσπευδεν,
3049 3906 3210 3979 Ὁρῶν
3259 3909 3399 3979 ύμῖν,
3447 3908 3629 3979 λέγων,
3679 3909 3871 3968 πολλὴν

2279 3994 2405 4050 ὅσην
2454 3992 2823 4065 ἐμφαινομένην
2872 3999 2966 4053 τὴν
3020 3998 3246 4058 σύνεσιν,
3300 3996 3393 4048 οῦκ
3430 3995 3738 4049 ἀνέλπιστον
3794 4001 3868 4050 ἔτι

2276 4086 2363 4133 xui
2412 4086 2504 4139 τήν
2557 4082 2838 4154 μεταϐολὴν
2880 4091 3153 4155 ποιοῦμαι,
3205 4082 3311 4136 ἀλλ’
3364 4082 3468 4137 οἷδ’
3512 4087 3593 4137 ὃτι
3633 4091 3723 4138 καὶ
3762 4105 3865 4138 πει-

2278 4172 2538 4228 σθήσεσθέ
2581 4191 2670 4242 μοι
2717 4173 2783 4223 τά
2829 4175 3048 4243 χρηστά
3088 4171 3509 4244 συμϐουλεύοντι,
3560 4179 3653 4226 καὶ
3682 4174 3771 4226 οὐκ
3799 4174 3855 4225 ἄν

2274 4258 2472 4312 ἕλοισθε
2534 4258 2744 4331 ἀτιμίαν
2814 4258 2924 4313 ἀντὶ
2983 4270 3152 4333 τιμῆς,
3213 4266 3300 4313 xui
3355 4260 3470 4314 ἀντὶ
3528 4270 3724 4335 τρυφῆς
3765 4266 3845 4313 xui

2273 4343 2431 4409 δόξης
2474 4348 2757 4419 αἰσχύνην,
2786 4353 2874 4401 xui
2921 4353 2979 4401 τό
3022 4346 3149 4403 ἰδεῖν
3176 4354 3389 4408 νεότητα
3415 4351 3550 4403 οὕτω
3580 4351 3743 4409 καλὴν
3770 4354 3855 4401 καὶ

2273 4437 2422 4497 εἴνθος
2468 4443 2708 4510 σώματος
2748 4439 2813 4489 τά
2848 4443 3009 4490 πᾶσιν
3057 4437 3345 4513 ἀνθρώποις
3375 4436 3578 4497 ἣδιστα
3606 4441 3863 4511 χαλεπαῖς

2269 4522 2522 4595 βασάνοις
2546 4525 2859 4597 ύϐριζόμενά
2895 4545 2946 4577 τε
2973 4531 3062 4578 καὶ
3093 4531 3509 4600 σπαραττόμενα.
3540 4532 3673 4600 Πρός
3699 4536 3869 4580 ταῦτα

2265 4613 2416 4665 πάλιν
2446 4613 2894 4688 εύπαρῥησίαστοι
2938 4617 2986 4666 οἱ
3018 4615 3180 4686 ἅγιόι,
3212 4614 3406 4688 Ἡμεῖς,
3438 4613 3597 4681 εἶπον,
3632 4616 3868 4668 ἀνθύπα-

2265 4720 2335 4767 τε,
2370 4707 2455 4754 καὶ
2494 4708 2736 4775 πρότερον
2781 4703 3019 4769 εἰπόντες,
3068 4708 3158 4755 xui
3191 4711 3279 4755 νῦν
3320 4712 3418 4755 τῶν
3460 4708 3585 4757 ἰσων
3628 4703 3869 4777 ἐχόμεθα

2262 4788 2438 4858 λόγων,
2495 4792 2574 4842 ὅτι
2645 4790 2909 4861 αἰσχύνην
2982 4793 3251 4863 ἡγούμεθα
3326 4797 3416 4845 xui
3475 4797 3754 4864 μεγίστην,
3821 4791 3870 4842 εἰ

2260 4885 2375 4930 νοῦν
2431 4884 2517 4930 xui
2566 4884 2748 4951 φρένας
2794 4879 3035 4941 λαϐόντες
3078 4883 3220 4953 παρὰ
3280 4888 3414 4933 Θεοῦ
3466 4882 3611 4943 θεοὺς
3661 4880 3865 4951 ὀνομά-

2265 4969 2436 5036 ζοιμεν
2487 4969 2553 5018 τά
2614 4972 2684 5038 μὴ
2746 4967 2920 5029 ἅπλῶς
2982 4970 3160 5040 ἄφωνα
3211 4974 3300 5020 xui
3350 4971 3520 5041 κωφὰ,
3582 4967 3717 5020 ἀλλά
3767 4972 3870 5019 καὶ

2260 5061 2447 5124 φρενῶν
2495 5056 2662 5127 ἔρημα
2700 5059 2790 5107 καὶ
2833 5056 3147 5118 αἰσθήσεως.
3193 5054 3282 5117 “Ag
3334 5053 3393 5109 δὲ
3434 5059 3558 5126 ἡμῖν
3608 5056 3868 5116 ἐπισείεις

2260 5138 2540 5212 βασάνους,
2590 5146 2840 5195 τοσούτου
2897 5141 3075 5215 δέομεν
3126 5144 3344 5220 φοϐερὰς
3398 5146 3664 5216 ἡγεῖσθαι,
3719 5146 3868 5196 ὥστε

2256 5228 2549 5281 τούναντίον
2632 5237 2722 5283 xui
2801 5231 3096 5305 φοϐούμεθα
3183 5233 3394 5305 μᾶλλον,
3473 5238 3569 5305 μὴ,
3650 5236 3868 5304 κούφως

2254 5317 2478 5388 ἔχουσαι
2550 5324 2637 5370 καὶ
2712 5326 2952 5394 μετρίως,
3035 5320 3093 5373 ού
3172 5318 3491 5380 δυνησονται
3560 5324 3866 5397 μαρτύριον

2253 5401 2454 5477 ἀκριϐὲς
2490 5402 2618 5457 εἶναι
2653 5416 2745 5470 τῆς
2785 5417 2876 5461 τοῦ
2925 5417 3057 5463 Θεοῦ
3100 5414 3218 5483 περὶ
3262 5410 3401 5481 ἡμᾶς
3443 5409 3633 5480 ἰσχύος
3673 5428 3727 5461 τε
3755 5414 3866 5462 καὶ

2255 5487 2539 5563 δυνάμεως.
2569 5491 2637 5549 Ἦ
2670 5494 2796 5548 ἀλλά
2837 5503 2909 5568 μὴ
2958 5497 3106 5551 πλέον
3158 5499 3207 5550 οί
3252 5497 3419 5568 λόγοι,
3471 5506 3533 5569 τῇ
3580 5502 3736 5569 πείρᾳ
3792 5494 3865 5550 δί

2249 5583 2372 5640 τοὺς
2424 5578 2671 5651 ἐλέγχους
2717 5582 3009 5658 έπίτρεψον,
3060 5591 3149 5638 xui
3194 5590 3305 5639 τότε
3360 5589 3477 5658 εἴση
3538 5594 3713 5658 σαφῶς
3762 5588 3867 5639 ὅτι
