4142 6278
217 356 317 411 717

215 483 340 557 ῥᾷον
366 485 518 555 ἡμεῖς
542 486 749 554 οῖσομεν
780 487 810 542 ἤ
845 483 1044 550 έπάξεις
1069 487 1223 552 αὐτὸς
1253 493 1348 554 τὰς
1385 492 1642 553 κολάσεις.

287 663 358 716 Δ’.
392 661 632 715 Ἀνάπτει
681 666 766 714 τόν
816 666 1062 737 τύραννον
1120 667 1192 727 εἰς
1230 667 1391 742 ὀργήν
1440 672 1465 721 6
1503 670 1670 740 λόγος,
1721 673 1806 720 καὶ

215 750 368 810 εὐθὺς
417 749 640 822 βάσανοι
684 757 806 815 τοὺς
847 756 1117 830 μάρτυρας
1165 755 1334 829 εἶχον.
1381 761 1442 812 Αἰ
1476 757 1702 831 βάσανοι
1751 756 1809 810 δε

215 839 274 890 ού
322 845 504 912 μικραὶ
552 837 676 894 οὐδε
714 840 799 894 έπὶ
855 849 1039 918 μικρὸν
1096 845 1387 920 ἀρκέσασαι
1444 853 1654 919 χρόνον,
1699 846 1805 898 ἀλλ’

213 926 296 981 έπὶ
374 932 541 981 εἴκοσι
611 936 730 1002 μιᾶς
810 928 1037 995 δεούσης
1120 937 1309 1007 ἡμέρας
1400 939 1802 1010 παραταθεῖσαι.

209 1024 393 1072 Ἵσασι
449 1015 509 1071 δε
562 1021 926 1081 πάντως·ὃσοι
972 1031 1150 1098 πεῖραν
1204 1034 1304 1077 τῶν
1355 1024 1597 1097 ἀλγεινῶν
1648 1029 1807 1096 ἔχου-

214 1127 319 1174 σιν,
393 1110 475 1161 ὅτι
578 1107 797 1180 πληγαῖς
879 1117 1116 1182 σώματος
1215 1113 1564 1188 ἐπιγινόμεναι
1653 1116 1807 1167 πάλιν

213 1198 405 1270 ἕτεραι,
464 1202 622 1267 μήπω
682 1205 770 1258 τῆς
835 1205 1087 1274 προτέρας
1151 1203 1603 1277 ύπομαραιθιίσης
1685 1199 1809 1254 ὀδύ-

212 1305 321 1346 νης,
374 1283 503 1337 ἀλλά
557 1289 614 1338 τὸ
673 1284 902 1359 σφοδρὸν
959 1291 1035 1342 ἔτι
1085 1295 1176 1343 καὶ
1247 1289 1479 1361 ἀκμάζον
1552 1291 1805 1361 έχούσης·

215 1373 473 1447 ἀφόρητον
547 1375 659 1426 οῖαν
723 1381 812 1428 καὶ
863 1373 1037 1436 δεινήν
1093 1383 1186 1436 τήν
1235 1382 1490 1438 αἴσθησιν
1542 1387 1646 1440 τοῖς
1713 1381 1810 1430 πά-

215 1482 446 1534 σχουσιν
489 1462 811 1534 έμποιοῦσιν.
853 1469 922 1518 Τὸ
1080 1464 1168 1519 οὖν
1199 1467 1351 1540 βῆμα
1395 1468 1655 1539 ξεομένους
1694 1473 1810 1526 τούς

211 1553 484 1626 μάρτυρας
529 1551 789 1625 έθεάτριζε
833 1554 954 1606 καθ’
1008 1557 1223 1629 ἡμέραν,
1279 1558 1390 1608 εἶτα
1467 1563 1556 1608 καὶ
1607 1559 1804 1630 εἰρκταὶ

211 1643 432 1703 τούτους
487 1645 617 1714 μετά
664 1644 752 1702 τάς
792 1642 993 1713 πληγάς
1044 1640 1366 1716 διεδέχοντο,
1400 1647 1632 1706 κάκωσις
1679 1643 1805 1702 ἄλλη

214 1727 303 1782 ἰπὶ
377 1736 605 1783 κακώσει
673 1736 762 1783 καὶ
815 1733 1093 1806 προσθήκη
1147 1742 1246 1785 τῶν
1298 1733 1561 1808 λυπηρῶν.
1615 1736 1679 1786 Οἱ
1749 1731 1810 1786 δε

1389 366 1816 424 MARTYRIUM
1855 364 1919 423 S.
1967 368 2364 431 EUPHEMLE.

3467 379 3566 435 718

1839 489 1887 545 Α
1919 490 2146 551 laturos
2194 511 2322 554 esse
2378 497 2694 562 cruciatus,
2749 511 2932 568 quam
2990 499 3052 552 tu
3107 499 3188 555 sis
3243 499 3562 558 intentatu-

1919 595 2044 636 rus.

1988 671 2076 725 IV.
2105 673 2192 728 Ad
2222 673 2373 730 iram
2413 678 2732 747 tyrannum
2782 673 3050 729 accendit
3078 673 3203 729 haec
3254 677 3462 743 oratio,
3509 681 3566 733 et

1919 759 2115 816 statim
2149 764 2458 818 tormentis
2471 763 2715 834 subjecti
2732 760 2892 817 fuere
2913 767 3225 834 martyres.
3245 765 3563 823 Tormenta

1918 853 2120 904 autem
2161 849 2396 906 fuerunt
2442 867 2563 906 non
2594 866 2800 921 parva,
2835 866 3028 922 neque
3069 867 3250 921 parvo
3300 857 3563 925 tempore

1917 934 2225 1003 durarunt,
2261 939 2364 994 sed
2382 940 2456 994 ad
2481 938 2892 994 novemdecim
2918 937 3044 994 dies
3068 939 3226 996 fuere
3253 941 3562 1012 producta.

1920 1023 2122 1081 Sciunt
2151 1032 2348 1082 autem
2381 1029 2642 1092 omnino,
2694 1028 3033 1098 quicunque
3082 1044 3279 1083 rerum
3322 1045 3564 1102 aspera-

1918 1127 2050 1169 rum
2091 1119 2150 1169 et
2175 1117 2424 1171 tristium
2483 1116 2705 1172 faciunt
2752 1115 3103 1187 periculum,
3158 1117 3321 1188 quod
3373 1118 3563 1189 plagis

1919 1204 2185 1274 corporis
2218 1220 2426 1259 rursus
2468 1205 2818 1260 accedentes
2849 1203 2997 1271 aliae,
3026 1220 3162 1260 cum
3205 1207 3365 1276 prior
3394 1209 3565 1265 dolor

1919 1291 2189 1346 nondum
2223 1292 2592 1358 emarcuerit,
2627 1292 2729 1347 sed
2764 1292 3058 1348 sitadhuc
3084 1293 3142 1348 in
3170 1294 3304 1364 ipso
3338 1296 3562 1366 vigore,

1920 1377 1988 1432 iis
2026 1379 2129 1449 qui
2160 1379 2482 1449 patiuntur,
2505 1378 3024 1449 efﬁciuntgravem
3053 1396 3295 1437 sensum
3321 1387 3382 1437 et
3413 1385 3564 1440 into.

1919 1465 2242 1522 lerabilem.
2274 1473 2462 1539 Atque
2495 1467 2747 1523 tribunal
2806 1468 3050 1540 quidem
3088 1477 3402 1540 martyres,
3457 1473 3563 1543 qui

1919 1553 2320 1620 caedebantur,
2360 1555 2727 1625 producebat
2756 1556 3041 1627 quotidie,
3076 1557 3251 1612 veluti
3291 1557 3350 1613 in
3403 1558 3565 1614 thea-

1918 1643 2095 1696 trum.
2130 1642 2346 1698 Deinde
2370 1646 2505 1712 post
2542 1642 2753 1714 plagas
2780 1659 2884 1698 eos
2915 1659 3156 1714 quoque
3187 1645 3564 1716 excipiebant

1918 1745 2204 1796 carceres,
2239 1731 2356 1787 alia
2380 1730 2620 1787 afﬂictio
2651 1732 2943 1787 accedens
2996 1731 3324 1802 afﬂictioni,
3368 1742 3425 1790 et
3465 1737 3560 1791 do-

214 1827 466 1872 τοσοῦτον
547 1818 766 1890 ἀπεῖχον
845 1829 937 1873 τοῦ
1006 1821 1171 1880 λύπην
1238 1822 1371 1875 αὐτὰ
1449 1828 1538 1875 καὶ
1617 1818 1810 1879 ὀδύνην

1924 1817 2114 1873 lorum
2145 1819 2642 1875 additamentum.
2700 1822 2953 1875 Tantum
2987 1826 3187 1876 autem
3226 1823 3448 1888 aberat,
3504 1829 3569 1879 ut

211 1907 542 1979 λογίζεσθαι,
617 1911 752 1961 ὥστε
803 1914 893 1962 καὶ
961 1909 1121 1983 διπλῆ
1208 1916 1438 1984 χαίρειν,
1495 1920 1566 1981 τῷ
1621 1930 1672 1964 τε
1719 1907 1812 1963 διὰ

214 2002 446 2070 Χριστόν
529 1998 865 2066 κολάζεσθαι,
933 2005 1024 2053 καὶ
1101 2009 1172 2070 τῷ
1225 2009 1285 2074 τῇ
1358 2003 1632 2075 προσθήκῃ
1713 2009 1810 2052 τὼν

213 2085 460 2160 λυπηρῶν
539 2089 837 2157 προσθήκην
914 2090 1092 2151 αὐτοῖς
1148 2091 1213 2142 τὰ
1272 2089 1320 2141 έν
1371 2089 1570 2141 ἐλπίσιν
1637 2088 1810 2159 ἀγαθά

215 2171 495 2245 δέχεσθαι.
555 2183 656 2236 Τῆς
707 2177 945 2239 εἰκοστῆς
1003 2175 1062 2230 δε
1113 2175 1220 2237 ήδη
1255 2178 1548 2240 ἐπιστάσης
1595 2179 1808 2251 ἡμέρας,

209 2262 527 2334 μετάκλητοι
599 2264 752 2316 πάλιν
816 2267 865 2317 οἱ
941 2275 1164 2336 γενναῖοι
1229 2275 1300 2336 τῷ
1377 2269 1604 2338 τυράννῳ
1682 2269 1809 2319 καθ-

210 2356 470 2404 ίστανται.
533 2356 631 2404 Καὶ
678 2353 708 2410 ἠ
757 2353 1044 2415 καλλίνικος
1099 2351 1157 2406 δε
1208 2363 1488 2428 συμπαρῆν
1544 2354 1807 2426 Εύφημία,

210 2439 322 2492 οἷον
400 2439 627 2514 ἀστέρων
702 2437 1075 2512 διαφαινόντων
1163 2442 1348 2499 σελήνη
1427 2448 1582 2513 μέσον
1641 2443 1809 2494 αὐτῶν

213 2527 479 2592 εὔκυκλος,
530 2529 682 2582 καλὸν
729 2529 842 2582 λίαν
899 2535 986 2582 καὶ
1033 2528 1139 2588 ἡδύ
1190 2530 1490 2602 λάμπουσα.
1548 2535 1611 2582 Τί
1651 2527 1737 2581 όῦν
1783 2533 1809 2582 6

211 2620 462 2690 τύραννος
507 2623 631 2692 πρός
674 2618 856 2679 αύτούς
888 2637 900 2687 ;
937 2619 1023 2681 Εἰς
1061 2627 1258 2691 πεῖραν,
1310 2622 1424 2692 ἔφη,
1457 2621 1810 2681 καταστάντες

211 2705 283 2756 ὧν
329 2702 576 2760 οὐδέποτε
631 2708 692 2759 ἄν
745 2709 1054 2780 πειραθῆναι
1115 2708 1337 2778 ᾠήθητε,
1395 2708 1439 2760 εἰ
1503 2705 1810 2779 μεταϐεϐού-

210 2793 390 2847 λευταί
445 2815 498 2846 τι
565 2800 818 2868 σωτήριον
895 2800 985 2846 καὶ
1060 2795 1316 2855 λυσιτελὲς
1398 2797 1538 2866 ύμῖν,
1613 2798 1805 2850 ε’ίπατε,

216 2883 417 2935 Βέλτιον
468 2886 571 2954 γὰρ
621 2881 965 2943 ἀπολιπόντας
1021 2887 1114 2940 τήν
1194 2887 1420 2952 ματαίαν
1482 2885 1666 2939 ταύτην
1720 2889 1811 2941 τῆς

215 2969 379 3034 δόξης
435 2975 790 3040 καινοτομίαν,
849 2976 940 3022 καὶ⁵
1007 2973 1066 3021 τό
1110 2975 1297 3041 μόνους

219 3056 365 3120 ἰδίας
419 3059 558 3120 ζωῆς
603 3060 983 3131 ἀντιφέρεσθαι,
1025 3059 1051 3110 ὃ
1097 3060 1284 3118 πάντες
1328 3053 1498 3128 δρῶσι
1549 3061 1634 3107 καὶ
1677 3058 1811 3127 ὑμᾶς

217 3148 401 3219 ὁμοίως
467 3154 629 3200 ποιεῖν
691 3152 782 3200 καὶ
833 3146 1204 3219 προσελθόντας
1287 3147 1441 3200 θύειν.
1511 3144 1571 3197 Ὀ
1619 3141 1678 3197 δι
1720 3151 1810 3196 τοῦ

216 3243 455 3310 Χριστοῦ
496 3243 722 3305 γενναῖος
765 3239 989 3308 στρατὸς
1031 3235 1142 3307 οἶμα
1169 3242 1230 3307 τῇ
1264 3239 1599 3306 πανευφήμῳ,
1632 3238 1810 3307 Μέχρι

214 3329 370 3389 τίνος,
417 3321 580 3390 εἷπον,
631 3323 670 3376 ὦ
713 3321 962 3388 δικαστά,
1019 3329 1235 3378 σεαυτόν
1274 3322 1493 3393 ἀπατᾴς,
1527 3325 1808 3396 ἐπιχειρῶν

216 3415 523 3484 πράγμασιν
571 3409 892 3479 ἀδυνάτοις;
951 3418 1021 3466 Τό
1066 3412 1166 3488 γὰρ
1233 3414 1371 3484 ἡμᾶς
1423 3412 1594 3464 δοκεῖν
1652 3430 1810 3482 μετα-

217 3507 436 3567 πείσειν,
495 3504 669 3574 όμοιόν
723 3502 836 3555 ἐστι
890 3512 960 3573 τῷ
1007 3505 1128 3562 τοὺς
1180 3500 1400 3572 ἀστέρας
1457 3501 1658 3552 οἴεσθαι
1714 3507 1808 3560 τῆς

217 3591 413 3652 οἰκείας
481 3593 773 3663 μεταθεῖναι
857 3593 1084 3651 στάσεως
1159 3593 1190 3648 ἦ
1253 3593 1479 3662 πορείας,
1547 3591 1579 3645 ἦ
1641 3589 1689 3639 ἓν
1758 3607 1810 3638 τι

217 3688 550 3741 μεταστῆσαι
594 3688 690 3731 τῶν
738 3678 1011 3736 ἀκινήτων.
1051 3678 1210 3730 Ὧστε
1255 3676 1455 3749 βέλτιον
1501 3673 1562 3734 ἧν
1596 3678 1810 3727 σεαυτόν

219 3767 409 3840 μᾶλλον
458 3775 548 3827 τῆς
589 3767 786 3828 πλάνης
828 3766 1149 3840 μεταϐαλεῖν,
1207 3771 1298 3818 καὶ
1345 3769 1431 3817 τὸν
1479 3763 1642 3824 ἀληθῆ
1689 3767 1811 3817 Θεὸν

220 3856 519 3925 ἐπιγνῶναι,
576 3856 841 3928 οἰκονόμον
893 3858 1108 3930 ἄριστον
1158 3863 1248 3916 τῆς
1328 3851 1466 3915 ἰδίας
1543 3857 1810 3926 γενόμενον

222 3948 506 4018 σωτηρίας.

1374 2970 1456 3020 έπὶ
1525 2977 1669 3038 κακῷ
1721 2977 1811 3028 τῆς

292 4207 361 4264 [ξ’.
404 4217 567 4282 Θυμῷ
622 4207 815 4262 πλείονι
860 4210 886 4261 6
927 4213 1152 4284 Πρίσκος
1205 4208 1574 4278 κατασχεθεὶς,
1633 4208 1811 4258 σκύτε-

223 4321 306 4354 σιν
335 4300 490 4371 ὠμοῖς
526 4299 715 4351 κελεύει
743 4301 809 4350 τὰ
854 4307 954 4350 τῶν
984 4298 1144 4368 ἁγίων
1195 4297 1482 4348 τύπτεσθαι
1532 4298 1809 4366 πρόσωπα,

217 4391 406 4460 λόγους
476 4387 705 4459 ἀγαθοὺς
799 4394 1040 4456 πονηροῖς
1129 4387 1294 4455 ἔργοις
1377 4380 1706 4451 ἀμειϐόμενος
1785 4381 1811 4432 ὀ

221 4478 457 4538 ἀνόητος.
487 4476 553 4528 Οἰ
582 4473 658 4537 δε,
692 4481 782 4526 καὶ
820 4479 914 4531 τήν
951 4477 1132 4529 καινὴν
1161 4473 1355 4526 ταύτην
1395 4465 1640 4542 ἀνδρείως
1687 4469 1810 4520 ὑπο.

1921 1907 1999 1962 illi
2026 1923 2097 1962 ea
2122 1907 2388 1964 dolorem
2403 1908 2808 1963 existimarent
2837 1913 2893 1963 et
2914 1908 3268 1975 molestiam,
3299 1914 3362 1966 ut
3385 1911 3565 1967 etiam

1921 1996 2244 2065 gauderent
2295 1996 2625 2068 dupliciter,
2681 2002 2735 2052 et
2770 1997 2933 2067 quod
2983 2003 3223 2068 propter
3269 1999 3565 2055 Christum

1921 2084 2291 2155 punirentur,
2343 2089 2398 2138 et
2437 2084 2601 2155 quod
2642 2088 2883 2155 prOpter
2920 2099 3118 2138 rerum
3175 2084 3564 2142 molestarum

1923 2178 2314 2240 augmentum
2345 2172 2504 2226 bona
2532 2187 2774 2242 quoque
2802 2187 2936 2243 quae
2988 2176 3157 2226 erant
3195 2173 3254 2226 in
3293 2188 3417 2244 spe,
3473 2189 3565 2229 ac-

1923 2261 2250 2316 cessionem
2282 2261 2629 2332 acciperent.
2655 2261 2798 2315 Cum
2811 2260 2939 2331 jam
2957 2264 3155 2314 autem
3174 2260 3302 2315 dies
3329 2260 3567 2318 adesset

1924 2347 2254 2412 vicesimus,
2287 2363 2323 2404 a
2347 2353 2604 2418 tyranno
2642 2363 2852 2402 rursus
2883 2347 2985 2402 viri
3007 2353 3390 2403 accersuntur
3421 2365 3566 2418 prea-

1922 2435 2082 2495 clari.
2119 2452 2253 2490 cum
2275 2435 2495 2508 quibus
2529 2435 2786 2505 gloriosa
2817 2450 3058 2506 quoque
3091 2435 3296 2491 aderat
3338 2437 3565 2508 Euphe-

1921 2524 2064 2586 mia,
2133 2523 2308 2578 veluti
2365 2523 2428 2579 in
2486 2522 2684 2579 medio
2725 2522 3028 2578 stellarum
3077 2523 3220 2579 luna
3271 2529 3389 2580 toto
3420 2525 3565 2580 orbe

1921 2611 2115 2683 plena,
2141 2610 2386 2682 pulchre
2415 2617 2470 2666 et
2499 2611 2936 2680 jucundissime
2971 2611 3378 2681 rcsplendens.
3415 2612 3566 2678 Quid

1920 2715 2061 2770 ergo
2091 2700 2176 2755 eis
2205 2705 2494 2771 tyrannus
2520 2698 2550 2754 7
2581 2703 2676 2766 Ea,
2715 2699 2928 2770 inquit,
2956 2700 3196 2770 experti,
3227 2716 3363 2770 quas
3417 2718 3567 2758 nun-

1919 2804 2102 2860 quam
2144 2789 2393 2859 putastis
2441 2787 2562 2843 fore
2614 2791 2677 2842 ut
2717 2787 3148 2858 experiremini.
3205 2803 3277 2842 an
3322 2789 3564 2860 aliquod

1920 2877 2178 2932 salutare
2206 2880 2264 2931 et
2295 2876 2470 2931 vobis
2501 2876 2639 2931 utile
2690 2875 3004 2932 consilium
3036 2876 3328 2947 ceperitis,
3370 2878 3563 2933 dicite.

1923 2965 2112 3019 Satius
2142 2969 2228 3019 est
2259 2965 2437 3034 enim,
2473 2971 2536 3019 ut
2560 2964 2884 3020 relietahac
2915 2980 3071 3020 vana
3097 2969 3154 3020 et
3176 2981 3331 3020 nova
3361 2965 3563 3034 gloria

1921 3051 2259 3121 cupiditate,
2318 3057 2374 3106 et
2453 3052 2745 3108 mittentes
2795 3052 2902 3107 soli
2956 3058 3159 3108 vestrae
3205 3053 3334 3109 vitae
3407 3053 3565 3110 malo

1924 3144 2115 3194 vestro
2166 3155 2520 3210 repugnare,
2577 3140 2736 3211 quod
2792 3156 3004 3196 omnes
3053 3141 3298 3207 faciunt,
3353 3141 3407 3197 id
3458 3158 3566 3198 vos

1918 3242 2157 3298 quoque
2190 3227 2435 3289 faciatis,
2469 3231 2526 3282 et
2553 3229 2901 3282 accedentes
2945 3230 3302 3284 sacrificetis.
3359 3229 3566 3285 Christi

1918 3320 2118 3370 autem
2157 3315 2320 3370 fortis
2366 3313 2654 3370 exercitus
2685 3313 2859 3368 simul
2903 3330 3042 3369 cum
3089 3315 3402 3370 benedicta
3458 3319 3566 3372 Eu-

1917 3403 2162 3475 phemia
2199 3419 2211 3458 :
2264 3405 2607 3474 Quousque,
2653 3401 2951 3468 dixerunt,
2983 3418 3019 3457 o
3059 3403 3258 3473 iudex,
3307 3405 3564 3474 teipsum

1918 3490 2161 3562 decipis,
2198 3507 2291 3546 res
2344 3490 2720 3560 aggrediens,
2749 3505 2884 3561 quas
2925 3505 3046 3546 non
3087 3496 3339 3561 possunt
3379 3491 3506 3546 ﬁeri
3535 3493 3563 3548 ?

1919 3581 2130 3636 Putare
2159 3579 2318 3634 enim
2362 3595 2542 3650 posse
2573 3585 2625 3634 te
2651 3595 2761 3634 nos
2791 3594 2827 3633 a
2857 3585 3062 3634 nostra
3094 3579 3402 3635 traducere
3433 3596 3568 3636 sen-

1921 3669 2100 3725 tentia
2131 3667 2373 3739 perinde
2415 3673 2520 3732 est,
2563 3684 2632 3722 ac
2663 3668 2709 3721 si
2744 3671 2913 3738 putes
2959 3683 3134 3739 posse
3182 3672 3236 3723 te
3276 3673 3566 3724 transmo-

1923 3772 2056 3813 vere
2081 3757 2276 3812 stellas
2305 3772 2342 3811 a
2367 3772 2476 3810 sua
2515 3756 2768 3810 statione
2796 3756 2884 3810 vel
2929 3755 3210 3818 motione.
3247 3761 3348 3811 aut
3378 3761 3568 3812 trans-

1921 3846 2070 3902 ferre
2083 3845 2309 3918 aliquid
2322 3861 2389 3900 ex
2402 3843 2470 3899 iis
2489 3860 2626 3915 quas
2641 3850 2780 3898 sunt
2797 3843 3142 3898 immobilia.
3165 3842 3566 3911 Quamobrem

1922 3937 2110 3991 satius
2151 3939 2256 4003 est,
2294 3939 2418 3989 uta
2449 3937 2548 3988 tuo
2575 3948 2769 3988 errore
2800 3932 3186 3998 convertaris,
3251 3939 3308 3988 et
3361 3948 3566 3988 verum

1925 4026 2108 4079 Deum
2154 4036 2464 4090 agnoscas,
2498 4020 2604 4091 qui
2630 4018 2738 4074 fuit
2766 4022 2878 4074 tua:
2908 4017 3113 4074 salutis
3146 4018 3412 4089 optimus
3449 4019 3567 4074 dis-

1921 4116 2223 4183 pensator.

1991 4198 2058 4252 V.
2089 4197 2289 4265 Majori
2318 4196 2404 4248 ira
2446 4193 2702 4264 percitus
2727 4194 2979 4256 Priscus,
3007 4192 3174 4262 jubet
3197 4193 3398 4248 crudis
3428 4193 3568 4250 loris

1922 4285 2078 4341 feriri
2121 4282 2318 4336 vultus
2357 4287 2716 4344 sanctorum,
2764 4294 2872 4350 pro
2924 4279 3100 4334 bonis
3156 4280 3351 4335 verbis
3405 4282 3564 4338 mala

1923 4373 2078 4428 facta
2105 4369 2438 4442 rependens
2477 4366 2742 4422 stolidus.
2800 4365 2886 4420 Illi
2930 4371 3130 4421 autem
3161 4365 3275 4422 hoc
3326 4383 3564 4439 quoque

1921 4476 2145 4516 novum
2189 4457 2408 4514 fortiter
2462 4455 2712 4511 ferentes
2781 4459 3173 4519 tormentum,
3250 4462 3568 4512 evaserunt

223 4535 458 4639 φέροντες
529 4535 779 4634 βάσανον,
854 4561 1202 4633 λαμπρότεροι
1277 4560 1371 4618 τὰς
1453 4535 1595 4626 ὄφεις
1679 4553 1809 4608 ἐδεί-

1924 4549 2069 4605 facie
2094 4544 2520 4618 splendidiore,
2573 4543 2862 4612 sanguine
2915 4543 3159 4613 quidem
3187 4559 3220 4598 e
3267 4559 3445 4599 carne
3470 4544 3568 4598 de-

223 4671 428 4714 κνυντο,
472 4659 561 4703 τοῦ
624 4653 840 4718 αἱματός
891 4653 980 4721 μεν
1031 4656 1117 4709 τῆς
1193 4650 1386 4720 σαρκός
1458 4643 1811 4718 ἀπορρέοντος,

225 4750 316 4801 τῆς
347 4747 673 4811 Δημιουργοῦ
713 4736 772 4792 δε
821 4741 1044 4812 χάριτος
1085 4736 1467 4810 έξωραίζούσης
1494 4733 1530 4786 ά
1567 4731 1815 4786 διέπλασε

221 4835 502 4903 πρόσωπα.
550 4831 616 4880 Οἰ
670 4829 1009 4900 μαστίζοντες
1060 4823 1120 4879 δε
1183 4825 1468 4877 τούναντίον
1528 4823 1812 4894 ἀπαγορεύ-

224 4937 429 4981 σαντες,
503 4919 781 4989 ἡμιθνῆτες
842 4916 912 4978 εἰς
967 4920 1060 4973 τήν
1115 4922 1212 4985 γῆν
1263 4917 1598 4965 κατέπιπτον.
1663 4911 1815 4963 Ἀλλά

218 5011 348 5068 τοὺς
393 5009 482 5078 μεν
511 5004 691 5065 ἄλλους
715 5005 892 5074 ἁγίους
941 5003 1166 5056 κελεύσει
1195 5004 1349 5054 πάλιν
1396 5008 1489 5052 τοῦ
1531 4997 1810 5061 δικαστοῦ,

221 5093 619 5170 παραλαμϐάνει
672 5098 731 5146 τό
781 5090 1143 5164 δικαστήριον,
1188 5091 1282 5151 ἕως
1361 5088 1552 5149 αύτούς
1599 5087 1813 5144 Διοκλη-

219 5193 384 5254 τιανῷ
440 5182 796 5257 παραπέμψει·
855 5180 986 5233 οὕτω
1035 5183 1135 5251 γάρ
1207 5177 1530 5237 Ἀπελλιανός
1604 5177 1814 5246 εἰσηγή·

223 5290 376 5328 σατο’
454 5275 486 5332 ἠ
558 5276 887 5343 πανεύφημος
941 5265 1000 5321 δε
1063 5271 1163 5343 πρὸ
1215 5274 1305 5318 τοῦ
1369 5265 1610 5338 βήματος
1675 5263 1815 5333 αὐτῷ

220 5368 554 5438 παρίσταται
637 5366 766 5432 μόνη
848 5361 1000 5431 (ᾤετο
1067 5361 1167 5429 γὰρ
1277 5357 1595 5427 μονωθεῖσαν
1679 5353 1817 5404 οὕτω

218 5449 428 5527 ῥᾳδίως
475 5451 884 5521 ὑπαγαγέσθαι).
941 5447 1234 5518 Ἐγγύτατα
1276 5440 1362 5496 οὖν
1409 5446 1600 5500 ταύτην
1651 5460 1818 5514 παρα-

222 5541 574 5610 στησάμενος,
619 5540 701 5590 ἵνα
741 5542 832 5590 καὶ
862 5535 1029 5609 βλέψῃ
1071 5541 1180 5594 ταῖς
1209 5533 1520 5594 οἰκειώσεσι,
1569 5532 1822 5587 Πείσθητί

222 5647 343 5702 μοι,
393 5627 548 5700 ΰεγε,
589 5629 654 5680 τὰ
704 5625 898 5703 ἃριστά
956 5644 1040 5678 σοι
1080 5621 1500 5696 συμϐουλεύοντι,
1556 5618 1818 5692 Εὐφημία,

1919 4638 2158 4706 ﬂuente,
2188 4635 2428 4708 Opificis
2456 4639 2655 4690 autem
2679 4633 2869 4702 gratia
2907 4631 3188 4687 reddente
3210 4632 3489 4703 pulchros
3511 4637 3569 4688 et

1922 4726 2220 4797 elegantes
2244 4740 2347 4780 eos
2368 4723 2586 4788 vultus,
2605 4736 2758 4792 quos
2775 4718 3096 4775 efﬂuxerat.
3123 4719 3336 4775 Contra
3350 4727 3570 4786 autem,

1922 4817 2026 4888 qui
2056 4812 2438 4884 ﬂagellabant
2480 4809 2714 4872 defessi,
2763 4806 3100 4863 ceciderunt
3126 4807 3186 4861 in
3223 4811 3441 4862 terram
3489 4823 3574 4862 se-

1925 4902 2249 4961 mimortui.
2304 4899 2418 4957 Sed
2449 4899 2545 4954 alii
2602 4897 2844 4968 quidem
2899 4895 3087 4950 sancti
3135 4894 3305 4964 jussu
3348 4894 3570 4965 judicis

1924 5010 2130 5049 rursus
2159 4988 2554 5060 conjiciuntur
2582 4986 2644 5041 in
2681 4999 3000 5046 carcerem,
3033 4983 3224 5038 donec
3252 4999 3354 5038 eos
3383 4987 3579 5038 trans-

1927 5082 2176 5137 mitteret
2212 5079 2288 5134 ad
2339 5075 2762 5133 Diocletianum
2815 5071 2922 5144 (sic
2977 5071 3136 5125 enim
3193 5071 3576 5128 constituerat

1925 5167 2349 5242 Appellianus),
2383 5164 2693 5221 benedicta
2740 5167 2938 5216 autem
2967 5165 3102 5214 ante
3135 5158 3392 5214 tribunal
3440 5159 3571 5230 ejus

1926 5259 2121 5315 stabat
2167 5254 2528 5326 Euphemia;
2562 5248 2936 5306 existimabat
2964 5245 3121 5301 enim
3168 5245 3313 5314 fore,
3353 5253 3412 5302 ut
3450 5247 3581 5304 sola

1929 5347 2016 5402 sic
2057 5345 2225 5400 facile
2253 5343 2652 5398 induceretur.
2685 5340 2830 5392 Cum
2874 5336 3070 5405 itaque
3096 5339 3385 5398 curasset,
3415 5341 3475 5389 ut
3501 5351 3575 5392 ea

1929 5435 2198 5508 proxime
2241 5433 2558 5490 sisteretur.
2614 5432 2676 5481 ut
2717 5439 2778 5479 se
2809 5421 3206 5480 familiaritate
3248 5423 3439 5492 magis
3489 5424 3574 5478 in-

1933 5525 2227 5580 sinuaret:
2257 5518 2440 5575 Crede
2454 5514 2620 5580 mihi,
2643 5513 2863 5578 aiebat,
2879 5511 3219 5580 tibioptime
3231 5511 3578 5577 consulenti,

1933 5632 1970 5671 o
1999 5608 2346 5684 Euphemia,
2379 5613 2435 5661 et
2465 5605 2754 5660 accedens
2783 5617 3004 5671 magno
3045 5600 3156 5654 deo
3197 5598 3359 5654 Marti
3402 5599 3584 5654 sacri-
