4142 6278
553 378 659 439 719

1855 364 2118 424 MENSIS
2153 360 2595 419 SEPTEMBER.

3797 353 3904 407 720

555 507 709 573 (ica;
752 521 891 561 nam
923 504 1010 559 sic
1057 500 1297 574 quidem
1338 503 1394 555 et
1430 495 1767 553 liberaberis
1796 495 1874 551 ab
1918 490 2198 549 omnibus

2328 494 2400 540 ιαὶ
2447 487 2809 559 προσελθοῦσα
2844 491 2916 553 τῷ
2947 481 3154 554 μεγάλῳ
3201 481 3296 549 θεῷ
3325 477 3493 553 Ἀρει,
3542 480 3717 532 θῦσονο
3770 479 3903 532 οὕτω

556 592 861 656 molestiis,
917 591 1063 646 citra
1110 588 1371 644 laborem
1414 592 1613 642 autem
1675 582 2021 649 lucraberis,
2066 593 2200 651 quae

558 688 695 738 sunt
753 682 1012 736 maxime
1051 677 1336 749 optanda,
1390 691 1607 746 nempe
1656 679 1721 728 ut
1758 676 1817 729 et
1864 670 2103 734 divitiis,
2144 670 2200 722 et

556 770 745 843 gloria
768 767 1032 841 potiaris,
1066 770 1121 820 et
1150 780 1297 833 agas
1330 764 1605 835 deinceps
1636 762 1816 817 vitam
1864 761 2100 815 beatam
2144 758 2203 810 et

557 859 806 915 felicem.
840 853 1051 910 Christi
1084 857 1279 909 autem
1336 858 1591 924 martyr:
1625 851 1925 905 Mulierem
1957 845 2199 919 quidem

558 947 783 1011 videns,
818 960 855 1000 o
898 942 1101 1013 judex,
1157 940 1366 1011 inquit,
1414 946 1589 1012 putas
1633 954 1805 1009 posse
1855 936 2022 992 facile
2052 933 2203 990 deci-

558 1050 743 1107 pere:
805 1031 1033 1086 videbis
1077 1045 1216 1085 vero
1272 1045 1364 1084 me
1396 1044 1513 1083 non
1546 1043 1700 1091 esse,
1758 1031 1821 1081 ut
1862 1022 2193 1090 existimas,

561 1122 870 1179 mulierem
902 1117 1022 1173 tuis
1053 1117 1279 1172 insidiis
1305 1116 1659 1187 expositam.
1680 1113 1927 1170 Conﬁdo
1952 1112 2111 1167 enim
2144 1112 2201 1165 in

562 1211 880 1271 Christum,
930 1206 1093 1278 quod
1118 1204 1466 1275 adjutricem
1498 1204 1728 1260 habens
1759 1202 2043 1256 invictam
2075 1199 2204 1270 ejus

562 1299 891 1361 dexteram,
923 1301 1054 1349 tuas
1110 1292 1362 1349 callidas
1404 1293 1700 1363 superabo
1752 1289 2017 1345 insidias.
2051 1289 2205 1341 Post-

562 1402 746 1460 quam
786 1399 927 1454 ergo
958 1384 1041 1438 sic
1079 1396 1368 1453 responso
1423 1381 1607 1434 victus
1655 1378 1761 1433 fuit
1814 1384 2119 1450 tyrannus,
2152 1379 2207 1429 et

562 1475 665 1547 qui
698 1474 823 1529 solo
875 1478 1118 1543 aspectu
1156 1468 1399 1541 putabat
1452 1484 1514 1523 se
1545 1483 1719 1539 posse
1756 1466 1917 1538 quod
1966 1464 2209 1522 volebat

565 1563 818 1630 efﬁcere,
856 1561 935 1615 ab
977 1574 1097 1613 una
1143 1556 1635 1613 contemnebatur
1686 1555 1925 1617 femina,
1978 1553 2208 1624 pudore

564 1650 810 1721 quidem
862 1647 968 1701 fuit
1021 1644 1267 1699 aﬂectus
1302 1643 1535 1714 :pudor
1559 1646 1757 1697 autem
1809 1641 1991 1695 movit
2034 1640 2206 1694 iram.

566 1740 677 1793 Res
719 1740 810 1789 est
840 1734 997 1789 enim
1048 1732 1341 1802 ejusmodi
1393 1731 1794 1801 supercilium,
1828 1731 1916 1784 cui
1967 1727 2212 1783 accessit

565 1829 845 1898 potestas.
880 1820 1101 1875 Deinde
1132 1819 1375 1891 perinde
1414 1835 1482 1874 ac
1508 1835 1724 1891 eaquae
1768 1820 2209 1890 prmcesserant,
2245 1829 2289 1884 Β
2322 1820 2509 1892 μικρὰς

567 1915 863 1969 tormenta
884 1924 1070 1981 parva
1100 1914 1251 1963 esset
1282 1907 1627 1975 arbitratus,
1658 1914 1715 1963 et
1740 1922 1875 1978 quae
1906 1908 2212 1977 imponere

566 2016 687 2056 non
738 2004 980 2071 possent
1020 1997 1454 2063 necessitatem,
1508 2012 1663 2051 nova
1706 1994 2061 2064 excogitavit
2102 2010 2114 2049 :
2158 1997 2215 2047 et

564 2088 733 2159 jubet
797 2085 1063 2143 construi
1120 2091 1280 2140 rotas
1323 2084 1605 2140 inauditis
1670 2084 2033 2157 quibusdam
2092 2097 2216 2136 ma-

570 2177 783 2238 chinis,
836 2190 972 2246 quae
1025 2189 1234 2229 carnes
1278 2187 1568 2244 premere,
1602 2177 1659 2227 et
1709 2171 1785 2227 ab
1824 2171 2062 2226 ossibus
2121 2184 2218 2224 ex-

570 2264 846 2337 primere,
909 2268 966 2317 et
1016 2261 1149 2332 ipsa
1200 2259 1569 2329 confringere
1621 2264 1869 2331 possent
1923 2258 2217 2313 violentis-

574 2353 743 2416 sime,
803 2354 863 2405 et
934 2349 996 2403 in
1040 2364 1141 2404 eas
1204 2347 1705 2418 sapientissimam
1758 2346 1917 2419 injici
1997 2346 2216 2417 Euphe-

570 2440 778 2497 miam.

646 2531 730 2583 Vl.
773 2526 1098 2597 Postquam
1138 2529 1337 2581 autem
1368 2524 1513 2596 ipsaa
1545 2525 1836 2581 machinae
1866 2525 2023 2580 dicto
2047 2522 2221 2578 citius

576 2618 812 2674 fuerunt
840 2619 1213 2677 constructio,
1247 2621 1303 2668 et
1335 2621 1559 2686 martyr
1580 2616 1637 2668 in
1679 2630 1779 2669 eas
1810 2619 1934 2667 erat
1961 2612 2222 2684 injicien-

576 2707 677 2771 da,
728 2702 941 2759 validis
981 2702 1264 2758 continuo
1295 2702 1353 2755 in
1396 2718 1457 2757 se
1488 2702 1709 2773 paratis
1752 2701 1953 2767 armis,
2004 2715 2219 2770 nempe

577 2793 776 2849 divina
820 2791 1012 2846 crucis
1041 2790 1236 2859 ﬁgura
1266 2806 1335 2845 ac
1366 2806 1437 2845 ea
1471 2790 1724 2858 signata,
1759 2795 1879 2853 aut,
1916 2794 1981 2843 ut
2009 2787 2223 2844 melius

577 2882 795 2945 dicam,
832 2881 1085 2945 munita,
1116 2878 1399 2934 adversus
1430 2884 1590 2933 rotas
1634 2878 1939 2949 processit,
1997 2876 2223 2931 nullam

578 2970 825 3042 quidem
871 2967 1037 3022 vultu
1072 2968 1394 3022 ostendens
1426 2966 1737 3029 tristitiam,
1779 2965 1883 3020 sed
1913 2980 2118 3019 severo
2169 2969 2226 3019 et

580 3059 827 3113 honesto
882 3055 1066 3121 vultu,
1125 3055 1431 3125 Deumque
1485 3054 1864 3119 benedicens,
1915 3060 1968 3109 et
2026 3058 2227 3125 aperte

2310 582 2399 628 καὶ
2443 578 2588 627 ἔσται
2639 594 2724 627 σοι
2773 582 2870 625 τῶν
2924 575 3013 643 μὲν
3060 571 3305 643 λυπηρῶν
3331 567 3627 627 ἀποστῆναι
3677 571 3901 636 πάντων,

2310 660 2571 737 κερδῆσαι
2629 660 2689 715 δὲ
2746 660 2941 721 ἀπόνως
3022 662 3089 711 τὰ
3152 658 3514 724 εὐκταιότατα,
3594 659 3716 732 ὅπερ
3792 656 3901 709 ἱστὶ

2310 755 2533 805 πλούτου
2590 773 2643 805 τε
2698 757 2788 804 καὶ
2848 748 3009 813 δόξης
3082 747 3402 810 ἀπολαῦσαι,
3468 752 3555 799 καὶ
3605 750 3665 799 τὸ
3731 746 3903 798 λοιπὸν

2312 849 2547 915 Χριστοῦ
2601 843 2817 915 μάρτυς,
2878 845 3103 890 Γυναῖκα
3156 839 3266 907 μὲν,
3321 837 3476 900 εἶπεν,
3527 837 3678 907 ὁρῶν,
3729 836 3769 886 ὦ
3828 832 3907 886 δι-

2311 934 2503 993 καστά,
2554 932 2650 981 οἴει
2698 932 2995 1003 προχείρως
3052 927 3191 997 ἡμᾶς
3247 925 3466 994 ἁπατᾷν·
3548 923 3663 994 ὄψει
3720 921 3778 975 δε
3850 923 3906 975 ού

2312 1022 2448 1070 κατὰ
2496 1026 2720 1089 γυναῖκα
2778 1020 2907 1088 πρὸς
2962 1018 3047 1075 τὰς
3126 1017 3217 1073 σὰς
3284 1010 3494 1084 ἐνέδρας
3557 1010 3904 1085 διακειμένην·

2313 1110 2537 1160 πέποιθα
2596 1110 2697 1179 γὰρ
2778 1106 2847 1167 εἱς
2904 1108 3133 1178 Χριστόν
3187 1106 3266 1155 ὅτι
3340 1101 3535 1174 βοηθόν
3589 1102 3747 1155 αὐτοῦ
3821 1110 3909 1160 την

2316 1198 2527 1268 ἄμαχον
2591 1196 2939 1252 πλουτήσασα
3017 1190 3214 1257 δεξιὰν,
3294 1197 3541 1266 κρείττων
3615 1191 3912 1264 ὀφθήσομαί

2319 1304 2413 1336 σου
2468 1293 2566 1336 τῶν
2623 1288 2952 1354 κακοτέχνων
3010 1280 3315 1336 ἐπιϐουλῶν.
3356 1280 3439 1341 Ὠς
3482 1277 3568 1333 ούν
3614 1281 3749 1334 οὕτω
3802 1288 3911 1342 ταῖς

2319 1372 2660 1448 ἀποκρίσεσιν
2725 1373 2927 1429 ἡττήθη
3007 1372 3032 1421 ὁ
3083 1374 3342 1444 τύραννος,
3394 1374 3483 1421 καὶ
3543 1371 3568 1421 ὁ
3654 1368 3915 1442 βλέμματι

2318 1482 2457 1535 μονῳ
2496 1462 2669 1520 πλήθη
2722 1460 2891 1533 φοϐεῖν
2940 1460 3170 1530 οἰόμενος
3227 1460 3326 1510 ύπὸ
3379 1462 3627 1530 γυναικὸς
3672 1479 3917 1531 κατεφρο-

2318 1560 2451 1603 νεῖτο
2493 1558 2635 1622 μιᾶς,
2682 1550 2914 1621 αἰσχύνη
3100 1548 3252 1599 αὐτὸν
3298 1544 3455 1619 εἶχεν·
3489 1550 3520 1606 ἠ
3575 1548 3808 1620 αἰσχύνη
3862 1545 3918 1603 δέ

2316 1644 2403 1693 τὸν
2482 1642 2641 1711 θυμὸν
2719 1639 2871 1690 ἐκίνει
2903 1655 2915 1666 ·
2972 1646 3204 1689 τοιοῦτον
3279 1639 3380 1710 γὰρ
3457 1637 3610 1711 ὀφρῦς
3685 1637 3917 1699 ἐξουσίας

2321 1727 2685 1800 ἐπειλημμὲνη.
2722 1724 2827 1780 Εἶθ’
2878 1729 3050 1799 ὥσπερ
3104 1728 3197 1787 τὰς
3244 1725 3606 1801 προλαϐοῦσας
3659 1724 3917 1797 βασάνους

2972 1646 3204 1689 τοιοῦτον
3279 1639 3380 1710 γὰρ
3457 1637 3610 1711 ὀφρῦς

2593 1814 2721 1869 εἶναι
2772 1821 2994 1887 νομίσας
3065 1820 3152 1867 καὶ
3217 1814 3448 1885 ἀνάγκην
3528 1814 3781 1867 ἐπιθεῖναι
3843 1820 3909 1887 μὴ

2327 1904 2633 1978 δυναμένας,
2725 1907 2907 1965 καινὰς
2989 1902 3197 1970 ἐπενόει,
3279 1910 3369 1956 καὶ
3434 1904 3624 1956 κελεύει
3704 1910 3905 1979 τροχοὺς

2327 1995 2488 2058 ξέναις
2560 1999 2672 2045 τισὶ
2759 1999 3030 2065 μηχαναῖς
3104 1995 3621 2064 κατασκευασθῆναι,

2331 2086 2545 2157 σάρκας,
2580 2082 2712 2134 ὀστᾶ
2760 2080 3071 2145 ἀποθλίϐειν,
3113 2082 3247 2133 αύτά
3295 2101 3349 2134 τε
3386 2082 3607 2151 συνθλᾷν
3648 2080 3918 2153 βιαιότατα

3730 1994 3901 2053 πιέζειν

2330 2169 2664 2243 δυναμένους,
2688 2170 2736 2222 ἐν
2766 2170 2939 2232 αὐτοῖς
2966 2189 3018 2222 τε
3036 2174 3127 2229 τὴν
3158 2173 3419 2243 πάνσοφον
3444 2169 3785 2242 ἐμϐληθῆναι.

2420 2528 2518 2611 ς’.
2570 2527 2653 2588 Ὠς
2711 2524 2770 2580 δε
2832 2532 2922 2579 καὶ
2983 2532 3129 2580 τουτὶ
3186 2530 3245 2579 τὸ
3305 2529 3604 2601 μηχάνημα
3660 2531 3846 2582 θᾶττον
3897 2532 3924 2589 ἢ

2330 2619 2630 2690 προσετάγη
2700 2619 3115 2680 κατεσκευάσθη,
3190 2621 3278 2668 καὶ
3352 2618 3381 2673 ἠ
3459 2620 3659 2691 μάρτυς
3736 2619 3928 2690 ἔμελλεν

2334 2704 2673 2777 ἐμϐληθῆναι,
2731 2704 2883 2756 ὅπλον
2958 2704 3111 2766 εὐθὺς
3170 2704 3392 2777 ἰσχυρόν
3452 2710 3538 2757 τόν
3623 2708 3758 2759 θεῖον
3840 2715 3929 2759 τοῦ

2337 2802 2565 2865 σταυροῦ
2608 2796 2767 2845 τύπον
2821 2792 2975 2865 ἑαυτῇ
3027 2789 3391 2864 σχεδιάσασα,
3442 2799 3529 2845 καὶ
3573 2803 3727 2847 τοῦτο
3774 2815 3929 2868 σφρα-

2334 2886 2589 2953 γισαμένη
2640 2884 2669 2939 ἤ
2721 2885 2806 2933 καί
2863 2881 3157 2954 φραξαμένη
3210 2881 3399 2954 μᾶλλον
3446 2883 3625 2950 εἰπεὶν,
3656 2888 3790 2936 κατὰ
3833 2894 3929 2937 τῶν

2337 2978 2544 3043 τροχῶν
2626 2969 2833 3043 ἐχώρει,
2905 2972 3226 3043 έμφαίνουσα
3307 2976 3397 3043 μεν
3491 2969 3641 3025 ούδὶν
3716 2978 3930 3045 κατηφὲς

2338 3064 2428 3110 καὶ
2483 3058 2813 3133 ἀπροσωπον,
2864 3059 3103 3131 εύκόσμῳ
3139 3056 3198 3111 δὲ
3244 3061 3359 3119 ἤθει
3405 3066 3494 3113 καὶ
3554 3071 3721 3133 σεμνῷ
3769 3082 3927 3134 παρα-

585 3146 909 3201 ostendens
927 3160 987 3198 se
1005 3144 1074 3198 iis
1090 3159 1225 3214 quas
1243 3158 1351 3215 pro
1372 3142 1502 3214 ipso
1523 3142 1876 3214 patiebatur,
1896 3143 2217 3197 admodum

2345 3152 2594 3218 στήματι.
2644 3147 2945 3217 Εύλογοῦσά
2984 3166 3037 3199 τε
3065 3152 3149 3199 τὸν
3199 3152 3326 3201 Θεὸν
3356 3154 3443 3202 καὶ
3494 3152 3569 3213 οἷς
3599 3152 3724 3225 ὑπὲρ
3774 3151 3931 3203 αὐτοῦ

584 3234 867 3304 gaudere.
897 3232 1046 3297 Quin
1065 3232 1241 3287 etiam
1275 3231 1579 3303 proferens
1604 3232 1828 3304 aliquid
1873 3247 2231 3301 generosum

585 3327 642 3378 et
667 3322 837 3377 valde
867 3321 1117 3390 dignum
1139 3319 1267 3390 ejus
1296 3319 1591 3375 candore:
1621 3322 1757 3375 Tuae
1784 3325 1945 3387 rotae,
1973 3319 2229 3384 dicebat,

584 3428 621 3468 o
655 3416 923 3482 tyranne,
957 3414 1012 3464 et
1031 3408 1119 3463 haa
1145 3408 1455 3463 imbecillas
1489 3414 1602 3464 tuas
1620 3408 2089 3463 machinationes
2107 3423 2233 3463 ma-

579 3500 678 3571 jus
719 3498 862 3553 mihi
911 3498 1239 3553 accendunt
1285 3496 1496 3552 Christi
1536 3496 1919 3551 desiderium.
1951 3499 2083 3551 Haec
2124 3511 2228 3551 au-

585 3587 815 3643 dientes
856 3585 1129 3649 ministri,
1161 3591 1321 3640 rotas
1350 3584 1685 3655 versabant,
1729 3601 1913 3657 quam
1958 3589 2232 3657 poterant

587 3674 927 3739 fortissime,
956 3674 1287 3743 graviorem
1309 3689 1552 3729 sensum
1573 3673 1794 3729 doloris
1822 3673 2066 3745 martyri
2093 3672 2232 3729 affe-

585 3768 801 3818 rentes.
837 3761 1238 3825 Quamobrem
1269 3762 1398 3832 ejus
1437 3760 1681 3832 quidem
1701 3762 1973 3817 membra
2004 3766 2059 3816 et
2094 3777 2230 3834 par-

587 3854 675 3904 tes
704 3847 1245 3916 confringebantur,
1288 3854 1341 3902 et
1385 3847 1928 3918 disrumpehantur,
1961 3854 2018 3903 et
2045 3848 2232 3904 divel-

584 3937 864 3993 lebantur
892 3951 1101 3990 omnes
1141 3950 1463 4006 compages
1489 3952 1502 4001 ;
1528 3951 1695 3990 mens
1721 3943 1917 3991 autem
1946 3952 2065 3992 non
2097 3937 2231 3992 abs-

586 4025 835 4081 cedebat
874 4040 909 4079 a
948 4023 1192 4089 Christo,
1244 4024 1345 4078 sed
1392 4025 1448 4079 in
1489 4024 1703 4079 coelum
1747 4025 1959 4080 tollens
2001 4025 2227 4091 oculos,

586 4116 744 4170 unde
774 4130 837 4168 se
868 4111 1479 4185 speravithabituram
1503 4112 1820 4168 auxilium:
1855 4115 2099 4170 Domine
2126 4115 2226 4181 mi,

584 4202 906 4269 clamabat,
936 4201 1075 4256 Jesu
1106 4200 1344 4268 Christe,
1395 4200 1614 4257 animm
1659 4218 1805 4258 mem
1850 4202 2225 4268 illuminatio,

584 4291 717 4347 fons
748 4292 903 4353 vitae,
934 4289 1037 4361 Qui
1068 4290 1177 4344 das
1200 4290 1450 4345 salutem
1472 4290 1577 4357 eis,
1605 4291 1707 4362 qui
1736 4290 1795 4345 in
1824 4296 1876 4347 te
1898 4291 2224 4365 conﬁdunt,

584 4380 744 4436 adsis
775 4394 935 4433 nunc
962 4378 1106 4432 mihi
1140 4378 1396 4448 adjutor,
1438 4385 1493 4434 et
1520 4386 1914 4450 cognoscatur
1942 4381 2020 4436 ab
2040 4382 2230 4435 omni-

2342 3238 2571 3305 ἔπασχεν
2624 3234 2804 3307 ἑορτὴν
2841 3236 2982 3305 οἶγειν
3031 3238 3221 3310 φανερὰ
3268 3242 3521 3309 γινομένη,
3552 3243 3674 3313 πρὸς
3730 3235 3790 3291 δε
3836 3245 3929 3292 καί

2342 3323 2674 3375 ύπολαλοῦσα
2714 3328 2943 3393 γενναῖόν
2995 3343 3045 3375 τι
3093 3330 3180 3377 καὶ
3221 3334 3311 3388 τῆς
3345 3328 3478 3399 ὧρας
3521 3324 3713 3399 κομιδῆ
3760 3327 3926 3391 ἄξιον.

2342 3413 2406 3463 Οἱ
2448 3413 2548 3484 γὰρ
2607 3415 2797 3483 τροχοί
2853 3431 2967 3477 σου,
3024 3411 3177 3484 ἔλεγε,
3227 3417 3456 3489 τύραννε,
3509 3420 3598 3468 καὶ
3647 3420 3713 3468 τὰ
3762 3418 3931 3492 σαθρὰ

2338 3505 2491 3551 ταυτὶ
2568 3504 2952 3572 μηχανόματα,
3017 3503 3223 3554 πλείονά
3291 3523 3383 3575 μοι
3459 3524 3544 3557 τον
3615 3507 3773 3558 πόθον
3856 3505 3928 3569 ἑξ-

2341 3591 2567 3641 άπτουσι
2606 3596 2697 3640 τοῦ
2745 3594 2999 3663 Χριστοῦ.
3030 3593 3235 3643 Τούτων
3278 3590 3543 3654 ἀκούοντες
3592 3594 3926 3670 ἰσχυρότερον

2340 3679 2460 3730 ὅσον
2523 3674 2583 3735 ἧν
2650 3681 2771 3737 τοὺς
2848 3683 3075 3751 τροχοὺς
3137 3681 3396 3755 ἔστρεφον,
3470 3677 3789 3756 δριμυτέραν
3864 3692 3923 3755 τῇ

2339 3770 2567 3840 μάρτυρι
2648 3774 2743 3827 τῆς
2808 3762 3001 3829 ὀδύνης
3076 3771 3167 3826 τὴν
3239 3771 3491 3827 αἴσθησιν
3578 3772 3924 3844 ἐμποιοῦντες,

2339 3855 2449 3905 ὅθεν
2502 3852 2627 3925 μέλη
2676 3857 2765 3925 μὲν
2813 3854 2977 3915 αύτῆς
3024 3860 3111 3907 καί
3160 3861 3289 3930 μέρη
3351 3861 3693 3932 συνεθραύετὸ
3739 3880 3793 3913 τε
3840 3866 3926 3912 καὶ

2340 3938 2699 4015 διερρήγνυτο.
2764 3947 2862 3994 Καὶ
2910 3952 3008 3994 τῶν
3074 3943 3327 4016 ἁρμονιῶν
3379 3946 3581 3999 ἅπαντα
3652 3946 3921 4013 διεσπᾶτο,

2339 4031 2365 4081 ὁ
2394 4037 2511 4090 νοῦς
2551 4026 2609 4082 δι
2645 4036 2737 4081 τοῦ
2781 4034 2911 4097 πρὸς
2953 4037 3181 4105 Χριστὸν
3222 4034 3342 4108 ὁρᾴν
3372 4035 3464 4087 οὐκ
3495 4034 3770 4108 ἀφιστατο,
3802 4038 3921 4089 ἀλλὰ

2338 4121 2395 4170 τὸ
2445 4121 2587 4189 ὄμμα
2638 4118 2709 4177 εἰς
2776 4118 3022 4193 οὐρανοὺς
3088 4124 3311 4196 αἴρουσα
3366 4125 3477 4176 ὅθεν
3520 4126 3738 4183 ἤλπισεν
3788 4126 3916 4189 ἦξειν

2337 4211 2422 4259 καὶ
2472 4210 2566 4264 τὴν
2625 4204 2890 4278 βοήθειαν,
2928 4211 3083 4282 Κύριέ
3137 4230 3258 4282 μου,
3310 4210 3448 4279 ἐϐόα,
3478 4215 3658 4271 Ἰησοῦ
3713 4219 3901 4285 Χριστὲ,

2337 4297 2363 4349 ὁ
2411 4304 2504 4358 τῆς
2556 4294 2677 4367 ἐμῆς
2719 4296 2906 4367 ψυχῆς
2952 4302 3239 4371 φωτισμός,
3292 4302 3321 4359 ἡ
3376 4308 3522 4373 πηγὴ
3579 4312 3671 4365 τῆς
3719 4304 3907 4366 ζωῆς,ὁ

2339 4385 2518 4444 σώζων
2574 4386 2694 4445 τοῦς
2740 4382 2824 4435 ἐπὶ
2876 4389 2958 4437 σοὶ
3005 4389 3334 4452 πεποιθότας,
3363 4393 3559 4454 πάρεσό
3605 4413 3697 4464 μοι
3742 4397 3826 4443 καὶ
3854 4394 3914 4442 τὰ

582 4467 717 4534 bus,
740 4466 903 4537 quod
932 4472 991 4519 tu
1024 4482 1085 4519 es
1132 4468 1279 4519 Deus
1311 4468 1490 4533 solus,
1524 4471 1684 4521 certa
1710 4482 1846 4537 spes
1878 4483 2082 4522 eorum
2123 4469 2217 4540 qui

2335 4480 2422 4524 νῦν
2477 4471 2690 4538 βοηθὸς,
2737 4476 2826 4524 καὶ
2881 4476 3169 4543 γνωσθήτω
3226 4483 3386 4530 πᾶσιν
3442 4480 3521 4532 ὅτι
3582 4485 3646 4532 σῦ
3695 4478 3745 4533 εἷ
3794 4485 3921 4542 Θεὸς

580 4553 641 4608 in
696 4561 749 4608 te
798 4551 1020 4607 habent
1058 4551 1390 4606 ﬁduciam:
1434 4557 1490 4606 et
1541 4554 1704 4622 quod
1770 4569 1888 4609 non
1944 4557 2227 4612 accedent

580 4640 761 4709 mala,
786 4654 978 4711 neque
994 4639 1499 4711 appropinquabit
1520 4638 1821 4708 ﬂagellum
1840 4643 2225 4700 tabernaculo

578 4744 784 4785 eorum
829 4727 932 4799 qui
986 4733 1042 4782 te
1075 4727 1432 4783 altissimum
1494 4744 1670 4783 suum
1705 4736 2032 4800 posuerunt
2072 4732 2226 4788 refu-

578 4818 742 4886 gium
758 4818 800 4869 1.
821 4816 915 4871 Sic
940 4816 1183 4887 quidem
1205 4819 1433 4886 martyr
1450 4821 1538 4871 est
1553 4823 1795 4888 precata
1821 4834 1832 4873 :
1854 4821 2002 4875 Deus
2023 4826 2222 4878 autem

575 4904 850 4959 effectum
880 4903 1153 4969 reddidit,
1174 4902 1338 4974 quod
1371 4904 1743 4973 precabatur.
1774 4904 2033 4962 Caelestis
2059 4910 2221 4965 enim

572 4993 856 5048 continuo
878 4992 1199 5048 adveniens
1227 4990 1431 5056 virtus,
1456 4998 1760 5048 momento
1784 4996 2064 5066 temporis
2082 4997 2222 5053 facit

569 5078 696 5133 haec
744 5082 966 5135 omnia.
1017 5082 1156 5134 Eam
1198 5079 1442 5150 quidem
1489 5079 1661 5135 solvit
1690 5097 1724 5136 a
1776 5088 1943 5138 rota:
2000 5100 2220 5156 corpus

570 5169 768 5221 autem
809 5167 1229 5239 curataplagis
1252 5168 1404 5223 adeo
1426 5168 1691 5239 pulchre,
1712 5174 1776 5225 ut
1812 5187 1886 5226 ne
1901 5174 2214 5229 minimum

567 5253 811 5320 quidem
870 5256 1182 5311 vulnerum
1246 5258 1561 5327 vestigium
1628 5259 1686 5313 in
1746 5275 1816 5315 eo
1880 5269 2211 5333 appareret.

570 5337 787 5393 Deinde
825 5344 1001 5397 etiam
1044 5344 1344 5400 ministros
1384 5347 1717 5418 iniquitatis
1761 5349 1957 5419 specie
1993 5355 2213 5407 terrens

564 5423 827 5491 terribili,
881 5428 1019 5483 facit
1084 5436 1145 5485 ut
1200 5448 1321 5487 non
1377 5441 1717 5506 operentur.
1779 5439 1817 5491 E
1858 5437 1998 5492 rotis
2074 5454 2213 5495 vero

634 5593 658 5628 ⁴
679 5594 833 5651 Psal.
866 5613 954 5664 xc,
978 5604 1031 5655 9.

2336 4565 2509 4632 μόνος,
2586 4558 2726 4621 ἐλπὶς
2786 4556 3139 4631 ἁδιάψευστος
3203 4572 3302 4615 τῶν
3359 4566 3409 4617 ἐν
3460 4572 3543 4620 σοὶ
3595 4572 3654 4620 τό
3721 4569 3921 4643 θαρρεἰν

2335 4648 2580 4719 ἐχόντων,
2654 4653 2742 4699 καὶ
2814 4651 2893 4700 ὅτι
2958 4650 3017 4701 ού
3093 4651 3489 4723 προσελεύσεται
3562 4660 3719 4723 κακὰ,
3801 4655 3923 4711 οὐδε

2332 4736 2528 4806 μάστιξ
2577 4734 2738 4807 ἐγγιεῖ
2794 4745 2865 4808 τῷ
2932 4745 3238 4796 σκηνώματι
3295 4751 3392 4794 τῶν
3446 4747 3502 4797 σε
3554 4749 3639 4797 τόν
3696 4746 3923 4817 ἤψιστον

2330 4829 2634 4896 καταφυγὴν
2674 4827 2966 4898 τιθεμένων.
3021 4827 3199 4889 Ούτως
3245 4832 3274 4887 ἡ
3324 4834 3517 4904 μάρτυς
3564 4838 3654 4906 μεν
3703 4836 3922 4901 ηὔξατο,

2331 4918 2456 4973 Θεὸς
2539 4910 2598 4965 δὲ
2652 4919 2745 4972 τήν
2802 4916 2960 4987 εὐχὴν
3035 4915 3267 4969 έτελείου·
3335 4920 3548 4995 οὐρανία
3606 4926 3708 4998 γὰρ
3780 4926 3927 4985 εὐθὺς

2329 4999 2587 5053 ἐπιστᾶσα
2638 4999 2857 5074 δύναμις
2907 5003 2957 5055 ἐν
3012 5004 3193 5079 ἀκαρεί
3246 5010 3414 5061 πάντα
3466 5018 3620 5077 ποιεῖ,
3668 5019 3759 5066 καὶ
3814 5015 3928 5067 λύει

2326 5091 2415 5161 μὲν
2454 5090 2616 5148 αὐτὴν
2656 5099 2751 5143 τοῦ
2813 5100 3034 5164 τροχοῦ,
3111 5098 3169 5146 τὸ
3222 5103 3374 5167 σῶμα
3430 5094 3489 5150 δὲ
3552 5109 3651 5152 τῶν
3709 5101 3930 5174 πληγῶν

2328 5181 2486 5241 ἰᾶται,
2540 5176 2673 5229 οὓτω
2716 5179 2900 5244 καλῶς,
2932 5183 3000 5242 ὡς
3031 5179 3170 5253 μηδέ
3220 5181 3403 5257 βραχύ
3447 5205 3498 5238 τι
3545 5197 3646 5240 τῶν
3692 5196 3939 5265 τραυμάο

2324 5284 2423 5316 των
2488 5268 2638 5336 ἴχνος
2682 5266 2729 5317 έν
2790 5268 2929 5339 αὐτῷ
2980 5272 3270 5340 φαίνεσθαι·
3334 5274 3445 5325 εἶτα
3504 5282 3590 5328 καὶ
3656 5284 3775 5340 τοῦς
3835 5290 3943 5343 τῆς

2325 5351 2534 5443 ὄινομίας
2579 5356 2872 5443 ,ὑπηρέτας
2924 5355 3168 5430 ἔμφανείᾳ
3244 5362 3624 5425 καταπληξασα
3710 5367 3941 5443 φοϐερᾷ,

2324 5442 2519 5499 ἣκιστα
2568 5441 2800 5515 ἐνεργοῦς
2846 5440 3099 5511 δείκνυσι,
3153 5455 3248 5498 τῶν
3304 5460 3510 5523 τροχῶν
3545 5449 3604 5505 δε
3635 5455 3665 5512 ἡ
3713 5440 3947 5531 ἀθλοφό-
