4142 6278
277 264 375 320 721

1474 260 1911 320 MAHTYRIUM
1947 260 2007 317 S.
2049 262 2460 321 EUPHEMI/E.

3523 259 3627 318 722

276 408 362 463 ρος
414 386 630 453 ἐκϐᾶσα,
665 387 724 440 ού
767 393 919 460 μόνον
966 389 1141 463 ἄρτιός
1183 407 1236 441 τε
1284 394 1374 442 καὶ
1420 390 1597 460 ὑγιὴς,
1628 386 1757 439 ἀλλὰ
1784 389 1873 438 καὶ

1987 402 2219 458 egressa
2251 390 2512 457 gloriosa
2549 390 2846 455 certatrix,
2897 405 3018 445 non
3061 388 3254 444 solum
3306 391 3627 460 conspecta

278 474 597 550 φαιδροτέρα
623 482 714 536 τὴν
763 477 883 548 ὄψιν
926 477 1139 550 ἑωρᾶτο,
1172 478 1211 529 ὢ
1256 486 1352 540 τῆς
1400 481 1706 549 θαυμαστῆς
1756 495 1872 541 σου,

280 569 499 640 Χριστὲ,
550 562 836 637 δυνάμεως,
888 567 1015 618 ὅπου
1058 585 1118 637 γε
1164 571 1273 630 καὶ,
1326 572 1639 637 πασχόντων
1690 565 1870 629 ἄλλων,

279 659 533 727 κατήφεια
600 655 846 717 πολλάκις
920 663 981 727 τῇ
1061 656 1177 726 ὄψει
1232 665 1331 707 τῶν
1389 655 1875 729 φιλανθρωποτέρων

282 742 559 816 ἐγγίνεται.

350 832 420 887 Ζ’.
468 832 601 884 Ἀλλ’
654 835 679 884 6
726 833 916 904 Αἰθίοψ
966 833 1060 886 οὐκ
1104 833 1430 901 ἐλευκαένετο,
1480 839 1570 886 καὶ
1616 837 1674 886 τὸ
1728 832 1873 895 ξύλον

280 918 346 980 δὴ
388 927 444 974 τό
499 921 740 992 στρεϐλὸν
788 922 883 974 ούκ
932 923 1179 997 ὠρθοῦτο,
1211 929 1300 975 καὶ
1348 924 1373 975 6
1420 930 1661 999 καρκίνος
1709 922 1875 993 ὀρθῶς

281 1008 523 1083 βαδίζειν
579 1011 672 1063 ούκ
719 1007 1052 1066 ἐδιδάσκετο.
1094 1012 1150 1065 ’0
1204 1016 1432 1084 Πρίσκος
1479 1020 1645 1064 ταῦτα
1687 1014 1713 1062 6
1756 1031 1875 1083 μια-

279 1104 369 1172 ρὸς
408 1106 498 1152 καὶ
541 1105 633 1159 τὴν
679 1105 868 1152 κακίαν
911 1098 1029 1153 οὐδ’
1076 1102 1245 1153 ὁτιοῦν
1301 1101 1530 1173 ἰάσιμος,
1562 1106 1652 1153 καὶ
1701 1102 1874 1152 τοιαύ-

280 1209 371 1250 της
421 1192 522 1261 γὰρ
578 1192 853 1261 γενομένης
906 1191 1230 1261 θεοσημείας,
1285 1189 1474 1252 ἐκεῖνος
1543 1193 1716 1262 ὥσπερ
1776 1197 1874 1241 τῶν

281 1278 441 1330 αὐτοῦ
491 1280 613 1330 θεῶν
663 1278 961 1352 τυφλότερος
1014 1279 1101 1344 ὧν,
1134 1278 1193 1331 ού
1232 1284 1383 1350 μόνον
1431 1276 1583 1331 οὐδὲν
1634 1286 1872 1342 συνῆκεν,

278 1367 410 1419 ἀλλὰ
438 1372 527 1419 καὶ
568 1372 662 1425 τὴν
692 1369 934 1442 μάρτυρα
986 1371 1159 1431 ζῶσαν
1203 1368 1456 1427 ἠπείλησε
1485 1370 1835 1420 κατακαύσειν
1856 1383 1870 1397 ο

279 1458 309 1514 ἠ
362 1453 422 1508 δε
460 1452 610 1508 ούδεν
654 1456 1059 1529 ύποστειλαμένη
1107 1460 1165 1509 τὸ
1212 1461 1301 1529 μὲν
1350 1462 1669 1530 πρόσκαιρον
1718 1453 1870 1508 εἶπεν

277 1544 348 1596 Ὦ
394 1547 624 1617 τύραννε,
675 1553 828 1597 τοῦτο
882 1549 940 1597 τὸ
995 1553 1099 1620 πῦρ
1153 1548 1274 1618 ὅπερ
1328 1545 1442 1617 ἐμοὶ
1488 1554 1576 1597 νύν
1631 1544 1871 1613 ἀπειλεῖς,

278 1636 422 1703 ταχύ
490 1636 579 1705 μεν
638 1630 937 1697 ἀνάπτεται,
987 1637 1130 1706 ταχύ
1188 1630 1247 1686 δε
1300 1638 1390 1685 καὶ
1445 1641 1517 1703 τῷ
1578 1630 1873 1705 βουλομένῳ

1986 475 2094 531 fuit
2134 478 2365 547 integra
2395 484 2451 534 et
2488 496 2650 544 sana,
2706 479 2809 535 sed
2852 480 3029 534 etiam
3085 477 3248 533 vultu
3297 477 3511 533 alacris
3567 476 3627 547 (0

1985 565 2403 623 admirabilem
2424 573 2614 633 tuam,
2646 566 2891 633 Christe,
2920 565 3217 638 virtutem)
3269 582 3431 632 cum,
3495 564 3625 621 aliis

1984 654 2163 709 etiam
2217 657 2581 727 patientibus
2648 672 2805 726 saepe
2860 655 2999 710 insit
3054 655 3283 710 tristitia
3334 654 3395 708 in
3456 653 3628 709 vultu

1984 757 2189 797 eorum
2224 744 2320 814 qui
2351 751 2615 814 spectant
2653 750 2709 798 et
2737 747 2872 798 sunt
2899 741 3306 797 humaniores.

2056 831 2167 886 Vll.
2215 832 2330 887 Sed
2355 833 2619 903 Ethiops
2657 847 2778 887 non
2806 830 3152 895 deanbatur,
3184 836 3241 884 et
3281 829 3513 898 lignum
3542 829 3629 884 in-

1984 934 2236 975 curvum
2264 936 2385 977 non
2418 921 2711 990 dirigitur,
2742 925 2797 974 et
2827 934 3039 973 cancer
3067 923 3219 973 recte
3245 917 3477 985 ingredi
3506 932 3628 972 non

1983 1008 2248 1064 docetur.
2282 1013 2411 1065 Haec
2454 1009 2689 1065 Priscus
2741 1008 3081 1071 sceleratus,
3131 1012 3188 1062 et
3235 1006 3408 1076 cujus
3463 1004 3627 1061 nullo

1986 1099 2161 1153 modo
2200 1105 2425 1169 poterat
2455 1099 2648 1155 curari
2678 1099 2904 1153 vitium.
2954 1097 3106 1151 Nam
3138 1110 3277 1150 cum
3349 1094 3627 1149 divinitus

1984 1185 2204 1241 factum
2232 1194 2384 1242 esset
2409 1187 2525 1242 tale
2557 1188 2823 1258 signum,
2857 1185 2971 1247 ille,
3028 1188 3085 1238 ut
3137 1184 3240 1253 qui
3291 1186 3453 1238 esset
3505 1181 3628 1237 suis

1984 1273 2097 1328 diis
2123 1275 2352 1340 caecior,
2382 1291 2503 1330 non
2534 1274 2730 1329 solum
2764 1272 2906 1328 nihil
2940 1271 3229 1336 intellexit,
3273 1271 3376 1325 sed
3445 1271 3629 1326 mina-

1985 1369 2077 1416 tus
2106 1370 2196 1418 est
2222 1364 2398 1418 etiam
2426 1378 2487 1417 se
2512 1378 2639 1417 esse
2661 1362 2852 1416 vivam
2883 1368 3230 1414 exsuturum
3283 1363 3624 1429 martyrem.

1988 1450 2088 1505 Illa
2111 1455 2306 1507 autem
2333 1465 2718 1522 nequaquam
2764 1464 2829 1504 se
2869 1448 3198 1518 reprimens
3225 1463 3236 1499 :
3261 1445 3349 1501 Ad
3391 1450 3628 1516 tempus

1984 1540 2218 1611 quidem
2249 1546 2353 1602 est,
2383 1539 2587 1610 inquit,
2616 1555 2652 1593 o
2693 1543 2958 1609 tyranne,
3014 1536 3184 1607 ignis,
3245 1528 3427 1606 quem
3480 1532 3628 1589 mihi

1984 1643 2142 1683 nunc
2183 1628 2461 1683 minaris:
2505 1635 2560 1681 et
2614 1626 2729 1681 cito
2794 1624 3041 1696 quidem
3097 1623 3457 1687 accenditur,
3510 1622 3629 1677 cito

281 1721 566 1793 σϐέννυται.
623 1726 723 1775 Καὶ
770 1721 875 1794 οὐχ
926 1723 1087 1783 οὕτως
1134 1720 1233 1793 ἐγὼ
1284 1726 1377 1779 τὴν
1424 1720 1610 1793 ψυχὴν
1659 1719 1873 1791 ἀγεννὴς

1987 1716 2159 1770 etiam
2186 1733 2222 1772 a
2250 1715 2471 1770 volente
2493 1713 2913 1783 exstinguitur;
2946 1728 3138 1783 neque
3180 1726 3291 1780 ego
3330 1726 3465 1765 sum
3507 1714 3630 1765 tam

278 1813 343 1870 ὡς
411 1814 543 1885 πρὸς
593 1818 823 1863 τοιοῦτον
875 1818 978 1884 πῦρ
1038 1808 1427 1874 ἀποδειλιάσαι,
1488 1809 1547 1862 ού
1618 1813 1694 1880 μὰ
1759 1811 1875 1870 τοὺς

280 1901 441 1971 ἱερούς
490 1900 688 1971 ἀγῶνας
738 1908 837 1951 τῶν
894 1896 989 1952 διὰ
1044 1902 1269 1971 Χριστὸν
1319 1903 1559 1971 γενναίως
1617 1895 1877 1972 ἁνδρισα-

278 1990 456 2058 μένων,
512 1982 701 2040 ούδένα
782 1986 1016 2058 ἐμϐάλλει
1093 1996 1245 2039 τούτο
1325 1984 1478 2056 φόϐον
1552 1984 1685 2056 ἐμοὶ,
1767 1984 1874 2037 ἀλλ’

278 2073 436 2127 ἐκεῖνο
492 2078 549 2126 τὸ
607 2082 708 2149 πῦρ
785 2071 1025 2138 δέδοικα,
1082 2073 1240 2127 ἐκεῖνό
1298 2093 1389 2145 μοι
1458 2077 1547 2125 καὶ
1614 2073 1685 2135 εἰς
1758 2080 1874 2125 νοῦν

276 2166 430 2232 μόνον
490 2160 767 2235 ἐρχόμενον
833 2165 1150 2215 καθίσταται
1224 2160 1454 2235 φοϐερὸν,
1515 2160 1541 2214 ὃ
1607 2165 1724 2222 τοὺς
1782 2160 1876 2234 ἁρ-

276 2253 549 2321 νουμένους
624 2256 708 2303 τὸν
792 2255 1019 2325 Χριστὸν
1106 2255 1386 2325 περιμένει,
1460 2250 1673 2303 αἰωνίαν
1752 2252 1874 2322 ἕχον

274 2344 365 2391 καὶ
411 2335 535 2392 οὐδε
588 2338 772 2413 βραχύ
820 2340 1085 2409 λήγουσαν
1132 2344 1223 2398 τὴν
1269 2340 1540 2413 ἐνέργειαν.
1573 2343 1631 2391 ‘0
1679 2342 1873 2413 τύραν-

275 2447 354 2488 νος
432 2433 521 2500 μέν
590 2448 671 2480 τοι
744 2431 810 2481 τὰ
865 2428 1184 2499 ἠπειλημένα
1252 2433 1383 2500 πρός
1434 2431 1582 2501 ἔργον
1654 2428 1870 2497 ἐξάγων,

272 2518 488 2588 κάμινον
559 2515 840 2589 ἐξαφθῆναι
918 2515 1128 2579 κελεύει,
1186 2520 1354 2589 πίσσῃ
1431 2521 1521 2568 καὶ
1594 2517 1712 2586 θείῳ
1780 2520 1872 2567 καὶ

275 2608 501 2677 στυπείῳ
558 2610 646 2657 καὶ
692 2602 984 2676 κληματίδι
1054 2604 1167 2657 λίαν
1242 2604 1633 2676 ἐκτρεφομένην,
1693 2606 1783 2655 καὶ
1835 2603 1865 2660 ἡ

272 2692 399 2765 φλόξ
453 2693 523 2756 εἰς
585 2699 775 2765 πήχεις
848 2698 994 2747 πέντε
1067 2698 1157 2745 καὶ
1230 2695 1625 2764 τεσσαράκοντα
1692 2694 1865 2763 ἤρετο.

273 2780 652 2853 Ἐμϐάλλεσθαι
710 2780 768 2835 δε
824 2785 854 2840 ἡ
910 2786 1106 2855 μάρτυς
1159 2781 1418 2852 μέλλουσα
1474 2789 1545 2848 τῷ
1602 2785 1749 2851 πυρὶ,
1809 2783 1867 2831 τὸ

274 2880 373 2923 τῶν
426 2880 581 2943 τριῶν
638 2866 842 2923 παίδων
900 2869 1069 2931 ὅπλον,
1118 2871 1212 2926 τὴν
1266 2871 1570 2941 προσευχὴν
1623 2866 1871 2938 περιϐάλ-

276 2959 438 3022 λεται,
470 2963 560 3010 καὶ
602 2966 705 3029 πῦρ
760 2958 924 3028 εύχῆς
972 2956 1185 3008 ἀνάπτει
1236 2958 1366 3007 κατὰ
1411 2958 1593 3027 πυρὸς,
1625 2959 1683 3005 τό
1728 2958 1871 3024 ὄμμα

1985 1804 2182 1876 pusilli
2209 1810 2264 1859 et
2295 1804 2506 1874 abjecti
2537 1801 2743 1868 animi,
2781 1808 2842 1856 ut
2866 1801 3025 1855 hunc
3057 1801 3254 1869 ignem
3284 1798 3626 1854 formidem.

1984 1896 2131 1960 Non,
2158 1909 2258 1963 per
2276 1908 2446 1948 sacra
2476 1892 2802 1946 certamina
2826 1903 3030 1943 eorum
3050 1888 3151 1959 qui
3188 1903 3249 1941 se
3305 1901 3415 1957 pro
3471 1884 3628 1942 Chri-

1986 1986 2076 2037 sto
2133 1984 2369 2035 strenue
2414 1985 2469 2034 et
2525 1977 2750 2033 fortiter
2814 1982 3142 2045 gesserunt,
3204 1975 3315 2029 hoc
3381 1972 3629 2044 quidem

1986 2070 2129 2125 mihi
2157 2069 2340 2124 ullum
2367 2067 2536 2123 affert
2560 2067 2835 2121 timorem
2866 2087 2878 2118 :
2914 2063 3017 2118 sed
3066 2061 3231 2117 illum
3272 2062 3469 2131 ignem
3534 2075 3625 2115 ex-

1985 2159 2248 2224 timesco,
2280 2157 2373 2211 ille
2406 2155 2548 2210 mihi
2578 2153 2667 2209 vel
2707 2153 2904 2208 solum
2952 2152 3014 2205 in
3073 2154 3334 2205 mentem
3388 2148 3629 2204 veniens

1985 2248 2139 2316 ignis
2168 2254 2255 2301 est
2303 2243 2599 2305 terribilis,
2628 2241 2728 2314 qui
2769 2246 2969 2296 manet
3019 2254 3121 2294 eos
3174 2238 3277 2309 qui
3336 2235 3628 2291 Christum

1985 2341 2220 2403 negant,
2257 2336 2320 2387 ut
2347 2332 2451 2403 qui
2481 2337 2765 2386 aeternam
2815 2327 3036 2383 habeat
3088 2323 3517 2395 operationem,
3577 2326 3631 2378 et

1985 2439 2059 2479 ne
2090 2421 2378 2479 tantillum
2409 2420 2652 2490 quidem
2684 2416 3069 2472 desinentem.
3106 2414 3307 2484 itaque
3344 2418 3629 2483 tyrannus

1981 2510 2224 2582 quidem
2255 2510 2333 2563 ad
2386 2507 2663 2563 effectum
2711 2504 3011 2560 deducens
3062 2516 3133 2557 ea
3181 2517 3316 2570 qua;
3370 2500 3630 2554 minatus

1980 2598 2194 2662 fuerat,
2229 2597 2402 2667 jubet
2430 2595 2675 2650 accendi
2702 2594 3027 2656 fornacem,
3058 2606 3191 2661 quae
3217 2588 3389 2643 valde
3447 2586 3630 2641 alere-

1981 2692 2073 2743 tur
2119 2687 2269 2758 pice,
2333 2683 2573 2748 sulfure,
2634 2686 2852 2752 stuppa
2896 2685 2953 2734 et
3005 2675 3344 2733 sarmentis.
3402 2677 3466 2729 Et
3513 2673 3634 2729 alta

1978 2774 2223 2847 quidem
2250 2777 2376 2828 erat
2405 2772 2655 2827 ﬂamma
2681 2766 3078 2840 quadraginta
3102 2769 3159 2820 et
3179 2765 3443 2835 quinque
3469 2762 3632 2816 cubi-

1981 2868 2091 2918 tos.
2126 2865 2187 2916 In
2214 2862 2412 2931 ignem
2439 2867 2639 2914 autem
2669 2854 2990 2928 injicienda
3017 2858 3263 2923 martyr,
3295 2851 3486 2905 induit
3539 2865 3634 2904 ar-

1982 2966 2081 3003 ma
2099 2950 2275 3004 trium
2300 2959 2865 3018 puerorum,nempe
2884 2956 3109 3013 preces;
3134 2946 3408 2995 etcontra
3423 2938 3623 3007 ignem

277 3065 332 3098 τε
384 3045 453 3107 εἰς
506 3046 755 3119 οὐρανούς
802 3047 996 3114 ἄρασα,
1057 3044 1116 3096 Ὀ
1169 3046 1319 3107 Θεὸς,
1366 3039 1522 3105 εἶπεν,
1566 3042 1592 3093 6
1641 3040 1688 3091 ἐν
1737 3041 1873 3111 ὑψη-

1987 3036 2257 3092 accendit
2285 3038 2484 3104 ignem
2510 3034 2811 3099 orationis,
2839 3036 2895 3085 et
2923 3029 3129 3085 oculos
3160 3029 3219 3082 in
3250 3028 3468 3082 costum
3529 3024 3634 3080 tol-

278 3134 384 3196 λοῐς
438 3144 692 3187 κατοικῶν
748 3139 836 3187 καὶ
891 3136 958 3187 τὰ
1024 3135 1240 3185 ταπεινὰ
1300 3129 1511 3204 ἐφορῶν,
1567 3131 1593 3181 6
1647 3134 1766 3190 τούς
1824 3131 1871 3181 ἐν

282 3221 542 3276 Βαϐυλῶνι
580 3230 712 3298 τρεῖς
758 3219 952 3283 παῖδας
992 3218 1086 3275 διὰ
1127 3226 1211 3273 τὸν
1244 3224 1333 3273 σὸν
1371 3225 1525 3289 νόμον
1573 3215 1873 3280 ἐκδοθέντας

278 3316 404 3383 πυρὶ
458 3308 533 3364 δι’
580 3311 732 3383 ἁγίου
785 3311 1003 3383 ἀγγελου
1055 3330 1149 3362 σου
1198 3318 1368 3362 κακῶν
1417 3307 1633 3369 ἀπαθεῖς
1684 3318 1873 3366 συντη-

277 3406 468 3476 ρήσας,
514 3406 603 3453 καὶ
652 3397 843 3474 δρόσον
892 3400 1064 3460 αὐτοῖς
1110 3400 1300 3451 ἄνωθεν
1355 3395 1665 3467 ἐπιπέμψας,
1719 3395 1872 3457 αὐτὸς

277 3495 367 3543 καὶ
414 3490 527 3563 ἐμοὶ
569 3499 631 3563 τῇ
686 3499 750 3563 σῇ
806 3487 965 3563 δούλῃ
1012 3489 1319 3563 παράστηθι
1362 3484 1576 3558 βοηθὸς,
1610 3493 1703 3545 τῆς
1754 3492 1869 3552 σῆς,

278 3584 500 3655 Χριστὶ,
548 3576 708 3642 δόξης
754 3578 1141 3651 ύπεραθλούση.
1194 3576 1345 3628 Οὕτω
1394 3593 1448 3626 τε
1491 3570 1616 3638 εἶπε,
1667 3578 1757 3625 καὶ
1802 3580 1874 3625 τῶ

278 3673 425 3741 τύπῳ
457 3678 547 3722 τού
582 3676 810 3741 σταυροῦ
840 3668 992 3720 πάλιν
1040 3670 1108 3728 ὡς
1151 3665 1303 3739 ἑτέρῳ
1334 3663 1471 3733 ὅπλῳ
1521 3661 1702 3718 ἑαυτὴν
1746 3662 1870 3713 καθ·

280 3759 564 3822 οπλίσασα,
617 3758 863 3831 εὐτρεπὴς
919 3758 1106 3806 ἵστατο
1158 3757 1215 3805 τὸ
1264 3754 1565 3824 τυράννικὸν
1612 3748 1879 3819 ἐπίταγμα

285 3851 558 3921 περιμένου
567 3866 653 3900 σα.

356 3938 436 3995 Η’,
481 3935 570 3998 Ὡς
617 3932 676 3988 δε
713 3933 898 3995 ἐκεῖνος
945 3941 1006 4005 τῇ
1057 3936 1254 4003 καμίνῳ
1299 3932 1492 3986 ταύτην
1537 3924 1740 3991 ἐδίδου,
1786 3930 1876 3978 καὶ

280 4035 457 4103 χεῖρες
542 4024 702 4082 αὐτὴν
787 4022 988 4095 ἔμελλον
1082 4018 1370 4085 συλλαϐεῖν,
1453 4018 1717 4076 Σωσθένης
1785 4018 1875 4066 καὶ

283 4123 479 4192 Βίκτωρ
538 4117 588 4167 οἱ
642 4114 1019 4188 προηγούμενοι
1075 4117 1173 4161 τῶν
1226 4108 1298 4168 εὶς
1347 4113 1512 4158 ταῦτα
1571 4101 1875 4157 διακονούν-

280 4227 401 4274 των,
452 4191 809 4277 προσελθόντες
856 4208 927 4270 τῷ
980 4204 1211 4272 Πρίσκῳ,
1258 4199 1338 4248 ὃτι
1380 4198 1491 4266 μὲν,
1536 4196 1754 4265 ἔφησαν,
1800 4191 1876 4250 οἷς

281 4296 615 4370 προστάττεις
688 4293 950 4363 πρόθυμοι
1052 4288 1364 4357 λειτουργεῖν
1440 4285 1627 4352 ἡμεῖς’
1706 4283 1878 4330 καίτοι

281 4368 501 4444 πολλοὺς
551 4385 755 4452 ἔχοντες
806 4380 1095 4450 μάρτυρας,
1143 4373 1235 4425 ούκ
1281 4370 1469 4429 ἄλλους
1522 4369 1550 4425 ἡ
1594 4371 1709 4426 τοὺς
1753 4368 1877 4427 σούς

282 4470 675 4547 προϐαλλόμεθα
775 4464 1085 4537 ὀφθαλμούς.
1160 4462 1287 4512 Νυνὶ
1350 4454 1409 4508 δὲ
1488 4455 1592 4526 οὐχ
1669 4454 1769 4506 οἷοί
1824 4457 1879 4506 τέ

286 4565 456 4631 ἐσμεν,
490 4567 579 4610 τοῦ
631 4564 721 4616 τῆς
766 4554 1019 4626 παρθένου
1074 4552 1267 4608 ταύτης
1320 4545 1561 4615 ἅψασθαι
1614 4548 1875 4614 σώματος,

287 4645 486 4721 ἄνδρας
536 4649 636 4720 γὰρ
707 4646 900 4717 ὁρῶμεν
958 4637 1203 4712 φοϐερούς
1286 4640 1374 4693 τὴν
1442 4633 1558 4705 ὄψιν
1630 4632 1872 4698 ἑστῶτας,

287 4720 423 4809 ἡμᾶς
476 4739 564 4806 μὶν
614 4730 776 4807 δριμύ
830 4730 943 4781 λίαν
994 4732 1084 4780 καὶ
1136 4724 1392 4796 βλοσυρόν
1440 4720 1873 4794 προσϐλέποντας,

288 4828 525 4896 ἑτοίμους
578 4819 636 4875 δε
709 4825 853 4879 ὄντας
924 4825 1011 4876 τῆς
1094 4816 1348 4887 παρθένου
1421 4818 1732 4884 προστῆναι,
1788 4811 1877 4858 καὶ

288 4915 476 4987 φλογός
523 4915 684 4969 αὐτὴν
730 4912 998 4983 κρείττονα
1045 4900 1233 4966 δεῖξαι.
1278 4906 1340 4954 Τί
1382 4904 1482 4971 γὰρ
1531 4898 1651 4950 ἄλλο
1701 4896 1878 4958 αὐτοῖς

291 5002 535 5075 βούλεται
586 5004 644 5052 τό
697 4994 1094 5067 διασκορπίζειν
1150 4993 1269 5044 ἔνθα
1323 4993 1412 5040 καὶ
1463 4989 1581 5038 ἔνθα
1626 4989 1685 5037 τό
1733 4992 1875 5055 πῡρ;

286 5094 374 5154 Ὠς
426 5087 514 5143 οὖν
573 5091 598 5141 6
651 5092 871 5159 Πρίσκος
909 5087 1102 5141 ἤκουσε
1147 5087 1331 5145 ταῦτα,
1374 5079 1585 5135 τούτους
1631 5077 1719 5144 μεν
1768 5068 1876 5129 ἤδη

288 5182 673 5254 μεταμαθόντας
728 5179 819 5233 τὴν
879 5168 1183 5232 θεοσέϐειαν,
1237 5175 1297 5239 τῇ
1378 5168 1549 5236 εἱρκτῆ
1613 5164 1880 5234 παραπέμ-

288 5290 395 5334 πει,
454 5274 694 5340 Καίσαρα
765 5260 822 5317 δι
879 5266 967 5313 καὶ
1037 5260 1273 5330 Βικάριον
1331 5254 1465 5306 οὕτω
1517 5251 1873 5320 καλουμένους,

290 5360 358 5421 εἰς
412 5364 505 5418 τὴν
551 5356 751 5409 ἐκείνων
816 5350 1216 5404 ἀντικαθίστησι
1270 5344 1615 5412 λειτουργίαν.
1674 5343 1771 5391 Καὶ
1833 5338 1881 5389 οἱ

291 5454 401 5521 μὶν,
468 5447 741 5522 προθύμως
817 5445 910 5498 τὴν
980 5434 1378 5505 καλλιπάρθενον
1450 5429 1716 5499 Εὐφημίαν
1791 5434 1881 5486 τῆς

290 5516 390 5592 τῶν
430 5516 654 5608 ἀγγέλων
700 5534 839 5591 θείας
884 5526 1307 5603 παραχωρούσης
1351 5517 1651 5591 δυνάμεως’
1689 5516 1746 5567 ού
1778 5517 1878 5589 γὰρ

1981 3124 2149 3181 lens:
2212 3125 2385 3193 Deus,
2440 3124 2649 3195 inquit,
2701 3121 2805 3193 qui
2862 3120 2921 3173 in
2978 3116 3226 3173 excelsis
3272 3115 3529 3178 habitas,
3579 3116 3638 3167 et

1980 3213 2233 3269 humilia
2258 3211 2529 3265 intueris:
2558 3210 2662 3280 qui
2711 3207 3006 3278 Babylone
3055 3212 3171 3261 tres
3215 3219 3454 3275 pueros,
3504 3216 3637 3274 pro-

1981 3309 2284 3376 ptertuam
2308 3300 2501 3369 legem
2523 3298 2645 3367 igni
2665 3297 3043 3364 traditos,per
3059 3298 3326 3349 sanctum
3350 3290 3628 3361 angelum

1981 3396 2148 3450 tuum
2200 3406 2237 3446 a
2275 3389 2450 3445 malis
2492 3387 2708 3442 illaesos
2761 3381 3145 3447 conservasti,
3196 3386 3253 3435 et
3295 3380 3379 3434 eis
3430 3392 3627 3433 rorem

1980 3481 2240 3551 desuper
2269 3477 2583 3539 immisisti,
2626 3479 2685 3529 tu
2744 3487 2986 3543 quoque
3047 3469 3186 3524 mihi
3232 3476 3346 3523 tum
3408 3465 3635 3521 ancilla

1983 3570 2143 3626 adsis
2204 3567 2618 3635 adjutor,quae
2663 3577 2765 3633 pro
2826 3567 2945 3626 tua,
3011 3574 3046 3613 o
3115 3557 3362 3619 Christe,
3399 3554 3635 3609 decerto

1983 3657 2193 3728 gloria.
2225 3653 2321 3710 Sic
2346 3653 2494 3708 dixit
2520 3670 2534 3708 :
2568 3655 2621 3706 et
2648 3665 2782 3705 cum
2814 3649 3007 3717 ﬁgura
3030 3645 3220 3701 crucis
3251 3659 3480 3705 rursus,
3506 3648 3634 3696 tan-

1985 3761 2172 3819 quam
2195 3742 2323 3799 aliis
2346 3739 2634 3805 armis,sei
2643 3753 2813 3809 psam
2828 3740 3144 3797 armasset,
3176 3732 3373 3786 stabat
3399 3734 3632 3800 parata,

1984 3838 2337 3904 exspectans
2357 3830 2593 3900 jussum
2619 3826 2877 3897 tyranni.

2055 3922 2197 3976 Vill.
2234 3923 2379 3976 Cum
2403 3924 2601 3973 autem
2629 3913 3158 3985 illejussisseteam
3176 3909 3235 3964 in
3266 3908 3465 3976 ignem
3489 3920 3632 3960 con-

1978 4011 2163 4081 jici,et
2178 4025 2312 4064 eam
2329 4022 2547 4062 manus
2569 4006 2768 4059 essent
2792 4000 3064 4055 lictorum
3088 3995 3628 4067 comprehensurm,

1985 4101 2181 4154 Victor
2205 4103 2259 4151 et
2280 4095 2616 4157 Sosthenes,
2642 4090 2746 4163 qui
2768 4092 3063 4160 praerant
3108 4085 3180 4138 iis
3239 4084 3341 4154 qui
3381 4081 3453 4136 ad
3506 4081 3634 4136 hinc

1984 4184 2407 4246 inserviebant,
2449 4180 2526 4235 ad
2568 4178 2834 4232 Priscum
2896 4174 3277 4230 accedentes:
3336 4169 3501 4233 Quod
3560 4169 3630 4222 iis
3698 4199 3705 4205 -

1986 4274 2252 4348 quidem,
2280 4285 2416 4341 qum
2446 4269 2728 4337 imperas,
2782 4266 3061 4333 prompto
3109 4266 3165 4313 et
3217 4256 3397 4312 alacri
3429 4257 3631 4311 animo

1986 4347 2400 4422 inserviamus,
2441 4357 2628 4418 aiunt,
2669 4350 2777 4406 etsi
2818 4349 3035 4403 multos
3063 4347 3398 4401 habeamus
3433 4349 3628 4408 testes,

1987 4468 2104 4508 non
2137 4447 2303 4511 alios,
2333 4459 2517 4517 quam
2575 4448 2706 4495 tuos
2735 4437 2943 4493 oculos
3000 4434 3403 4506 producimus.
3461 4434 3631 4486 Nunc

1987 4546 2186 4596 autem
2211 4552 2328 4590 non
2356 4544 2679 4605 possumus
2714 4532 2952 4595 tangere
2981 4538 3200 4593 corpus
3230 4521 3407 4589 hujus
3452 4517 3631 4588 virgi—

1987 4629 2098 4685 nis.
2133 4626 2410 4680 Videmus
2442 4619 2601 4674 enim
2631 4616 2790 4670 viros
2820 4617 3039 4669 stantes
3064 4617 3304 4681 aspectu
3354 4606 3633 4663 formida-

1987 4717 2153 4782 biles,
2184 4729 2294 4769 nos
2332 4709 2578 4781 quidem
2635 4709 2797 4760 torve
2853 4699 3179 4756 admodum
3221 4698 3532 4759 intuentes,
3576 4698 3634 4749 et

1989 4809 2226 4878 paratos
2291 4798 2580 4866 virginem
2654 4790 2988 4854 defendere,
3064 4792 3121 4841 et
3194 4802 3324 4839 eam
3398 4782 3629 4838 eﬂicere

1986 4870 2235 4950 ilamma
2259 4886 2643 4959 superiorem.
2689 4879 2839 4945 Quid
2897 4878 3053 4932 enim
3113 4874 3273 4931 aliud
3322 4872 3433 4927 sibi
3490 4870 3632 4935 vult,

1988 4982 2150 5055 quod
2179 4981 2377 5048 ignem
2405 4976 2520 5030 huc
2556 4976 2613 5026 et
2658 4969 2794 5024 illuc
2859 4960 3260 5055 dispergunt?
3313 4962 3634 5030 Postquam

1988 5047 2353 5127 autemihaac
2398 5061 2621 5119 audivit
2667 5057 2918 5124 Priscus,
2974 5070 3076 5109 eos
3125 5049 3384 5122 quidem,
3416 5052 3478 5102 ut
3529 5047 3636 5119 qui

1985 5162 2109 5232 jam
2132 5175 2168 5214 a
2193 5156 2352 5212 cultu
2390 5154 2638 5207 deorum
2672 5145 3043 5205 defecissent,
3096 5139 3269 5194 mittit
3325 5137 3385 5193 in
3443 5152 3634 5191 carce-

1992 5225 2199 5307 Crem:
2232 5257 2482 5300 msarem
2509 5244 2708 5293 autem
2746 5250 2815 5288 ac
2846 5231 3144 5287 Vicarium
3177 5228 3281 5298 (sic
3335 5225 3495 5280 enim
3542 5239 3636 5277 vo-

1993 5337 2311 5395 cabantur)
2360 5327 2575 5383 sufﬁcit
2616 5326 2673 5379 in
2710 5336 2916 5377 eorum
2959 5315 3372 5374 ministerium.
3434 5315 3498 5367 Et
3553 5311 3634 5366 illi

1994 5424 2237 5499 quidem
2261 5421 2538 5492 prompto
2569 5420 2621 5468 et
2660 5409 2840 5466 alacri
2871 5406 3055 5463 animi
3092 5403 3289 5460 studio
3335 5400 3639 5471 egregiam

1998 5492 2288 5584 virginem
2320 5501 2735 5578 Euphemiam,
2760 5497 3002 5554 cedente
3039 5494 3235 5551 divina
3292 5492 3501 5546 virtute
3537 5502 3639 5542 an-
