4142 6278
506 247 611 299 723

513 459 813 529 suscipere
844 457 920 513 ad
947 458 1269 529 pietatem),
1300 456 1568 525 injiciunt
1592 456 1651 510 in
1678 455 2002 510 fornacem.
2034 447 2150 503 Sed

513 546 910 601 eoscontinuo
933 543 1255 613 arguebant
1283 560 1374 598 res
1408 544 1705 605 inanimae,
1723 547 1779 596 et
1818 538 2154 612 punieban-

514 639 608 689 tur
632 634 813 703 impii.
849 633 1004 700 Ignis
1034 632 1192 686 enim
1240 637 1473 702 repente
1522 631 1933 693 effervescens,
1987 631 2042 680 et
2093 625 2153 678 in

513 722 718 776 orbem
739 719 1470 789 circumfusus,quomodo
1484 720 1646 791 prius
1671 712 2155 788 Babylone,ultus

514 815 600 865 est
628 825 745 873 eos,
774 808 872 877 qui
898 806 1218 877 injecerant
1242 827 1255 863 :
1281 808 1538 878 gloriosa
1565 813 1764 863 autem
1818 805 1982 874 virgo
2032 816 2156 872 per-

513 897 652 952 inde
682 913 753 952 ac
781 897 826 950 si
850 911 969 951 non
998 895 1075 951 ad
1103 896 1482 966 supplicium,
1511 896 1613 950 sed
1636 896 1712 951 ad
1734 892 2157 950 recreationem

514 985 731 1041 tradita
760 988 913 1038 esset
942 984 1269 1048 etdelicias,
1302 986 1519 1040 mansit
1544 985 1785 1055 quidem
1814 979 2158 1053 aliquandiu

516 1074 594 1128 ab
634 1074 765 1141 igne
792 1071 1010 1136 illaesa;
1040 1073 1418 1127 securissime
1450 1080 1652 1128 autem
1689 1070 1971 1127 movebat
1994 1067 2162 1122 labra

520 1160 596 1216 ad
628 1160 887 1231 hymnos
912 1159 1167 1225 divinos,
1218 1176 1365 1216 aura
1419 1161 1577 1216 molli
1630 1167 1687 1216 et
1736 1157 1977 1215 roscida
2027 1170 2162 1210 eam

519 1248 920 1317 refrigerante.

590 1338 677 1391 1x.
703 1336 1020 1407 Postquam
1052 1341 1252 1392 autem
1276 1340 1332 1391 et
1360 1335 1610 1391 ﬂamma
1641 1334 1960 1397 contabuit,
2010 1335 2067 1387 et
2104 1331 2163 1387 in

523 1425 815 1481 Caesarem
828 1424 1803 1480 etVicariumdivinitusimmissum
1822 1421 2162 1494 supplicium

522 1514 670 1569 alios
701 1514 1005 1567 ministros
1039 1513 1245 1584 procul
1276 1512 1552 1585 dispersit
1579 1530 1593 1579 ;
1619 1512 1911 1584 egreditur
1940 1515 2168 1580 martyr

526 1602 674 1657 adeo
702 1602 929 1672 integra
958 1607 1014 1655 et
1034 1600 1239 1669 illaesa,
1276 1607 1339 1655 ut
1364 1617 1437 1655 ne
1468 1602 1524 1655 in
1546 1598 2169 1671 tunicaquidemignis

1802 234 2061 294 MENSIS
2099 226 2552 289 SEP’I‘EMBER.

508 370 777 444 gelorum
820 372 1035 440 (neque
1069 369 1227 423 enim
1278 373 1549 439 poterant
1599 366 1709 438 ipsi
1764 361 2150 420 mutationem

2285 354 2409 407 ιύτοὶ
2462 354 2561 405 οἷοί

3750 209 3861 263 724

2610 370 2665 403 τε
2717 346 2850 407 ἦσαν
2896 342 3181 419 μεταϐολὴν
3235 337 3491 402 δέξασθαι
3538 339 3669 409 πρὸς
3719 335 3865 390 εὗσέ.

2265 444 2427 507 ϐειαν,
2506 439 2844 512 ἐμϐάλλουσιν
2920 434 2986 495 εἰς
3059 436 3153 489 τὴν
3226 432 3462 496 κάμινον.
3523 424 3655 478 Ἀλλ’
3714 425 3867 485 εύθύς

2265 531 2551 600 ἠλέγχοντο
2592 529 2736 600 παρά
2771 534 2871 577 τῶν
2920 522 3163 593 ἀψύχων,
3209 523 3299 570 καὶ
3344 519 3393 569 οἱ
3440 515 3643 576 ἀσεϐεῖς
3687 514 3866 566 ἑκολοὶο

2266 619 2432 678 ζοντο.
2483 620 2552 669 Τό
2600 620 2700 687 γὰρ
2754 621 2857 687 πῦρ
2906 611 3090 682 ἀθρόον
3141 607 3516 677 ἀναπαφλάσαν
3560 608 3648 655 καὶ
3694 602 3863 673 κύκλῳ

2264 708 2566 781 περιχυθὲν,
2627 707 2798 776 ὥσπερ
2858 701 2907 754 ἐν
2963 697 3246 761 Βαϐυλῶνι,
3304 698 3357 747 τὸ
3439 698 3687 768 πρότερον
3743 695 3866 753 τοὺς

2266 794 2577 867 ἐμϐαλόντας
2628 794 2878 865 ἠμύνατο·
2934 792 2963 848 ἡ
3022 784 3084 839 δέ
3131 804 3192 857 γε
3244 784 3530 843 καλλίνικος
3583 780 3867 852 ἀθλοφόρος

2268 888 2439 959 ὥσπερ
2493 888 2587 936 ούκ
2640 882 2707 943 εἰς
2776 884 3048 953 τιμωρίαν,
3106 874 3212 927 ἀλλ’
3286 871 3352 933 εἷς
3418 873 3591 924 ἄνεσίν
3662 889 3716 922 τε
3778 875 3866 920 καὶ

2268 978 2466 1047 τρυφὴν
2512 969 2808 1034 ἐκδοθεῖσα,
2843 969 2914 1041 ἐφ’
2950 969 3122 1019 ἱκανὸν
3294 970 3367 1032 τῷ
3414 964 3542 1032 πυρὶ
3591 962 3863 1034 παρέμενεν

2270 1062 2558 1132 ἄψαυστος.
2607 1063 2754 1112 Κατὰ
2802 1056 2993 1114 πολλὴν
3052 1052 3111 1106 δὲ
3157 1058 3249 1112 τὴν
3296 1048 3479 1103 ἄδειαν
3531 1052 3657 1121 πρὸς
3708 1050 3863 1107 θείους

2271 1152 2459 1222 ὕμνους
2504 1149 2656 1201 ἐκίνει
2715 1150 2782 1200 τά
2834 1146 3011 1217 χείλη,
3066 1147 3226 1218 αὔρας
3270 1141 3430 1199 αὐτὴν
3481 1138 3864 1209 ἀναψυχούσης

2270 1239 2509 1313 μαλακῆς
2538 1258 2591 1290 τε
2619 1241 2709 1289 καὶ
2739 1233 2773 1289 δ
2776 1240 3019 1309 ροσερᾶς.

2346 1327 2427 1381 ϐ’.
2477 1328 2614 1380 Ἐπεὶ
2664 1322 2723 1377 δε
2769 1329 2858 1377 καὶ
2913 1326 2942 1382 ἡ
2997 1321 3121 1395 φλόξ
3173 1320 3473 1393 ἐμαραίνετο
3525 1321 3616 1369 καὶ
3666 1317 3697 1374 ἠ
3752 1320 3869 1387 περὶ

2272 1420 2356 1469 τὸν
2411 1416 2654 1489 Καίσαρά
2723 1433 2777 1466 τε
2826 1418 2915 1465 καὶ
2980 1414 3218 1484 Βικάριον
3276 1411 3593 1478 θεόπεμπτος
3646 1408 3874 1477 τιμωρία

2275 1514 2373 1557 τῶν
2427 1507 2692 1576 ὑπηρετῶν
2733 1506 2849 1563 τούς
2897 1501 3079 1562 ἄλλοις
3132 1498 3307 1573 πόρῥω
3354 1516 3454 1549 που
3508 1490 3873 1557 διεσκέδασεν,

2277 1594 2463 1656 ἔξεισιν
2519 1595 2547 1651 ἠ
2611 1595 2825 1664 μάρτυς,
2885 1590 3048 1652 οὕτως
3100 1587 3350 1653 ἀϐλαϐὴς,
3397 1588 3466 1647 ὡς
3519 1580 3649 1656 μηδ’
3699 1582 3749 1635 ἐν
3806 1591 3875 1652 τῷ

528 1690 717 1745 ullum
738 1670 995 1743 servaret
1025 1688 1482 1757 vestigium.Sed
1501 1690 1690 1759 ipsam
1715 1690 1951 1759 quidem
1966 1702 2169 1740 rursus

2285 1692 2466 1753 χιτῶνι
2513 1679 2677 1753 μηδὲν
2736 1684 2879 1752 ῖχνος
2949 1686 3041 1732 τοῦ
3098 1681 3259 1748 πυρός
3331 1673 3717 1737 διασώζεσθαι,
3772 1670 3877 1723 ἀλλ’

524 1779 785 1833 vinctam
817 1777 1052 1831 tenebat
1081 1778 1368 1832 custodia.
1405 1778 1501 1832 Die
1524 1784 1717 1832 autem
1738 1774 2172 1848 sequentiedu-

527 1866 603 1921 cit
634 1865 952 1936 proconsul
987 1865 1272 1919 Victorem
1303 1872 1359 1920 et
1379 1866 1745 1930 Sosthenem,
1787 1872 1843 1920 et
1864 1865 2038 1934 jussit
2069 1879 2172 1918 eos

529 1953 858 2009 sacriﬁcare
887 1952 1002 2007 diis
1029 1953 1173 2007 suis.
1203 1952 1286 2008 llli
1332 1958 1533 2009 autem
1583 1970 1596 2008 ε
1630 1957 1766 2022 Nos,
1831 1953 2089 2018 aiebant,
2136 1967 2172 2006 ο

530 2041 873 2114 proconsul,
901 2057 1120 2113 magno
1146 2042 1310 2112 prius
1331 2058 1526 2097 errore
1545 2042 1845 2112 implicati,
1869 2040 2173 2114 quomodo

531 2136 590 2186 tu
618 2146 855 2201 quoque
895 2130 1227 2201 hucusque,
1259 2146 1417 2185 nunc
1444 2131 1682 2186 tandem
1704 2131 1866 2186 bono
1900 2130 1999 2185 Dei
2025 2135 2173 2185 nutu

530 2219 965 2289 resipiscentes,
998 2218 1159 2288 digni
1190 2218 1372 2274 habiti
1418 2235 1646 2282 sumus,
1713 2220 1815 2290 qui
1866 2218 2174 2274 veritatem

532 2321 997 2374 agnosceremus
1036 2322 1141 2377 per
1169 2306 1325 2361 hanc
1351 2306 1657 2377 virginem.
1686 2306 1851 2362 Scias
1883 2322 2024 2375 ergo
2066 2321 2175 2360 nos

530 2409 727 2466 neque
756 2394 868 2449 diis
899 2394 1183 2449 inanimis
1219 2393 1846 2466 sacriﬁcaturos(absit
1871 2400 1935 2449 ut
1986 2396 2177 2450 simus

533 2482 688 2537 adeo
718 2487 928 2537 emotae
960 2483 1217 2553 mentis),
1242 2497 1434 2553 neque
1454 2483 1566 2538 tuis
1598 2499 1725 2538 esse
1755 2499 2028 2538 cessuros
2058 2483 2177 2539 edi-

532 2570 663 2624 ctis.
695 2570 1014 2642 Postquam
1036 2572 1163 2627 haec
1197 2570 1503 2635 dixissent,
1537 2571 1779 2627 abducti
1814 2578 1950 2626 sunt
1976 2571 2034 2625 in
2066 2576 2178 2625 sta-

533 2657 724 2723 dium,
750 2664 803 2712 et
831 2660 981 2728 jussi
1006 2664 1143 2714 sunt
1174 2674 1438 2729 pugnare
1464 2675 1598 2714 cum
1627 2659 1849 2713 bestiis.
1872 2659 1955 2713 Illi
1978 2665 2179 2713 autem

534 2746 894 2817 imperatum
945 2746 1194 2801 libenter
1236 2746 1622 2817 accipiebant,
1665 2753 1720 2802 et
1780 2747 2177 2813 exsultabant,

536 2850 660 2890 non
686 2834 878 2889 solum
912 2836 1075 2905 quod
1105 2835 1651 2890 existimarentesse
1675 2836 1859 2889 satius
1879 2835 2180 2890 decertare

536 2938 675 2978 cum
714 2921 873 2988 feris,
903 2939 1086 2993 quam
1120 2940 1255 2978 cum
1280 2928 1402 2978 tam
1434 2922 1604 2978 malis
1644 2924 2008 2987 hominibus,
2079 2922 2182 2978 sed

2280 1772 2442 1829 αὐτὴν
2494 1774 2583 1843 μὲν
2635 1776 2723 1822 καὶ
2780 1766 2930 1831 αὖθις
2985 1770 3012 1826 ἦ
3084 1767 3283 1839 φυλακὴ
3360 1761 3622 1835 δεσμὼτιν
3684 1761 3877 1835 ἐτήρει.

2280 1861 2431 1932 Ἀγει
2480 1857 2539 1912 δε
2595 1868 2654 1929 τῇ
2711 1859 2828 1921 ἑξῆς
2874 1860 2899 1910 ὁ
2948 1859 3241 1916 ἀνθύπατος
3290 1857 3376 1906 τόν
3424 1854 3663 1923 Βίκτωρά
3710 1869 3764 1902 τε
3794 1855 3884 1903 καὶ

2280 1955 2368 2003 τὸν
2421 1952 2707 2012 Σωσθένην,
2762 1953 2849 2000 καὶ
2908 1949 3045 2000 θύειν
3097 1945 3288 1998 ἕκελευε
3339 1950 3442 2004 τοῖς
3508 1941 3669 1994 αὐτοῦ
3727 1942 3882 2007 θεοῖς,

2284 2043 2333 2093 οἱ
2390 2037 2464 2098 δε.
2518 2039 2711 2109 Ἡμεῖς,
2769 2040 2987 2108 ἔφησαν,
3046 2033 3084 2086 ὦ
3145 2032 3422 2094 ἀνθύπατε,
3480 2036 3660 2104 μακρᾷ
3719 2028 3882 2101 πλάνη

2281 2134 2338 2182 τὸ
2386 2134 2635 2201 πρότερον
2685 2128 3036 2198 χειρωθέντες,
3068 2125 3299 2197 καθάπερ
3345 2118 3413 2179 δὴ
3464 2124 3555 2172 καὶ
3606 2119 3784 2182 αὐτὸς,
3821 2119 3888 2178 εἰς

2285 2221 2359 2271 ἔτι
2409 2225 2517 2280 νῦν,
2570 2216 2713 2287 μόλις
2766 2223 2899 2269 Θεοῦ
2951 2216 3200 2285 νεύμασιν
3250 2209 3619 2281 ἀνανήψαντες,
3671 2207 3891 2279 ἐπιγνῶ-

2284 2327 2368 2359 ναι
2416 2312 2509 2363 τὴν
2555 2304 2801 2362 ἀλήθειαν
2859 2300 2953 2356 διὰ
3008 2309 3103 2362 τῆς
3149 2302 3403 2373 παρθένου
3453 2301 3669 2362 ταύτης,
3727 2298 3892 2360 ἠξιῶ-

2286 2398 2436 2468 μεθα.
2489 2393 2629 2447 Ἰσθι
2704 2389 2791 2444 οὖν
2872 2394 2936 2452 ὡς
3018 2393 3131 2443 οὔτε
3212 2391 3394 2460 θύομεν
3461 2387 3693 2460 ἀψύχοις
3762 2388 3893 2447 θεοῖς

2285 2482 2382 2555 (μὴ
2441 2483 2575 2535 οὕτω
2648 2488 2736 2534 νοῦ
2790 2500 2843 2533 τε
2917 2484 3005 2531 καὶ
3061 2486 3251 2551 φρενῶν
3301 2473 3716 2552 διαμάρτωμεν),
3777 2477 3895 2529 οὔτε

2287 2580 2396 2632 τοῖς
2488 2577 2597 2631 σοῖς
2700 2571 2976 2640 ύπείκομεν
3090 2564 3469 2639 διατάγμασιν.
3545 2566 3689 2619 Ἐπεὶ
3769 2572 3891 2617 ταῦ-

2288 2681 2354 2712 τα
2430 2656 2590 2723 εἶπον,
2663 2658 2735 2720 εἰς
2806 2662 2864 2709 τό
2943 2652 3160 2710 στάδιον
3242 2656 3392 2716 εύθύς
3466 2652 3729 2725 ἀπήγοντο
3805 2660 3895 2707 καὶ

2292 2751 2637 2823 θηριομαχεῖν
2718 2746 3023 2801 ἐκελεύοντο.
3095 2749 3161 2798 Oi
3237 2741 3295 2797 δὲ
3374 2743 3613 2815 ἀσμένως
3678 2746 3736 2795 τὸ
3814 2762 3895 2796 κε-

2290 2838 2501 2889 λευσθὲν
2578 2832 2825 2907 ἐδέχοντο
2911 2840 3001 2888 καὶ
3076 2834 3358 2905 ἠγάλλοντο
3438 2836 3498 2885 ού
3581 2837 3733 2902 μόνον
3812 2835 3895 2884 ὅτι

2293 2924 2495 2997 βελτιον
2548 2928 2767 2995 ἡγοῦντο
2818 2926 2877 2976 τό
2931 2927 3059 2996 πρὸς
3105 2927 3262 2997 θῆρας
3304 2922 3492 2995 μᾶλλον
3540 2922 3570 2980 ἦ
3606 2921 3740 2973 οὕτω
3788 2941 3891 2973 πο-

535 3011 717 3066 etiam
756 3011 918 3082 quod
948 3027 1050 3081 per
1098 3014 1303 3066 dentes
1350 3011 1609 3067 ferarum
1668 3018 1836 3068 erant
1892 3011 1973 3067 illi
2045 3028 2175 3067 con-

2290 3018 2475 3085 νηρούς
2540 3012 2839 3084 ἀνθρώπους
2921 3009 3271 3076 διαπαλαίειν,
3332 3010 3439 3061 ἀλλ’
3498 3012 3579 3062 ὃτι
3659 3015 3748 3062 καὶ
3817 3008 3888 3061 δι’

536 3099 775 3154 fracturi
803 3098 1071 3155 maxillas
1105 3099 1324 3165 bestiae,
1358 3116 1493 3172 quae
1547 3106 1703 3156 caret
1754 3116 1951 3156 carne.
2012 3101 2184 3166 Quod

535 3187 781 3259 quidem
828 3203 964 3242 cum
1024 3188 1243 3259 precati
1282 3192 1490 3253 essent,
1545 3190 1861 3245 audierunt
1907 3190 1981 3245 de
2034 3190 2183 3245 caelo

536 3292 769 3340 vocem,
802 3292 935 3348 quae
980 3278 1355 3347 signiﬁcabat
1419 3278 1604 3333 fuisse
1656 3279 1920 3335 auditam
1977 3296 2182 3335 eorum

537 3365 891 3421 orationem.
928 3370 1069 3421 Cum
1114 3383 1246 3437 ergo
1284 3367 1541 3422 immisaa
1594 3367 1841 3423 fuissent
1881 3369 2077 3422 bestias
2123 3366 2183 3422 in

539 3458 854 3524 martyres,
879 3455 1016 3509 etin
1047 3471 1148 3509 eos
1187 3454 1545 3521 insiliissent,
1580 3457 1744 3525 gravi
1787 3455 2023 3524 ﬂagello
2045 3454 2187 3510 inci-

538 3546 694 3609 tatae,
728 3557 943 3611 nempe
986 3542 1163 3606 fame,
1197 3549 1253 3598 et
1309 3559 1410 3597 eos
1460 3545 1653 3599 solum
1696 3544 2183 3610 momordissent,

538 3635 595 3684 et
624 3629 907 3684 bibissent
937 3632 1288 3697 sanguinem
1319 3632 1653 3703 (oportebat
1702 3633 1863 3689 enim
1913 3633 1991 3689 ad
2051 3633 2182 3689 eﬂ‘e-

540 3721 703 3771 ctum
734 3716 939 3771 deduci
980 3718 1213 3772 illorum
1245 3722 1493 3790 preces),
1527 3720 1943 3775 abstinuerunt
1974 3738 2001 3776 a
2061 3738 2185 3777 cor-

539 3804 809 3875 poribus,
837 3810 972 3859 etea
1003 3805 1163 3859 nullo
1196 3806 1376 3860 modo
1404 3807 1783 3862 devorarunt.
1814 3810 1961 3863 Nam
1993 3825 2186 3881 neque

540 3898 680 3947 tunc
707 3891 1012 3961 negligens
1043 3893 1398 3961 eratgratia,
1439 3910 1572 3965 quae
1604 3897 1765 3967 prius
1824 3897 2045 3952 Danieli
2080 3898 2188 3953 fre-

540 3980 705 4037 navit
735 3996 841 4035 ora
861 3981 1120 4045 leonum,
1155 3986 1209 4035 et
1240 3981 1321 4034 sic
1380 3982 1551 4036 breve
1604 3999 1713 4054 pro
1761 3983 1989 4039 Christo
2036 4001 2186 4040 mar-

542 4067 761 4139 tyrium
795 4068 1159 4139 pertulerunt
1191 4068 1435 4124 athletae.
1471 4071 1551 4125 De
1582 4071 1724 4142 ipsis
1762 4077 1962 4127 autem
2005 4074 2188 4128 sacris

458 4200 463 4207 .
542 4157 892 4227 corporibus
923 4173 1077 4212 cura:
1103 4157 1302 4212 fuitiis
1339 4158 1443 4231 qui
1496 4176 1567 4215 ex
1615 4159 1726 4231 piis
1785 4166 1953 4216 erant
2006 4161 2187 4233 paulo

542 4244 948 4311 studiosiores,
979 4252 1123 4302 utea
1153 4246 1440 4314 tollerent,
1471 4249 1837 4321 psalmisque
1865 4254 1923 4306 et
1944 4252 2185 4322 hymnis

543 4334 893 4391 mandarent
922 4335 1253 4406 sepulturae.

611 4422 680 4477 X.
716 4423 815 4478 Die
847 4428 1044 4479 autem
1104 4425 1371 4494 sequenti
1412 4440 1520 4495 pro
1554 4426 1866 4497 judiciario
1909 4427 2188 4484 tribunali

540 4510 867 4583 praesidens
898 4517 1198 4582 tyrannus,
1222 4512 1543 4579 gloriosam
1571 4516 1956 4584 Euphemiam
1997 4517 2191 4574 educit

542 4614 573 4654 e
601 4614 852 4654 carcere.
871 4602 934 4653 Et
964 4604 1087 4654 erat
1116 4598 1360 4670 quidem
1383 4600 1514 4655 laata
1549 4602 1731 4667 vultu,
1762 4604 1965 4658 animo
1986 4609 2183 4660 autem

544 4688 748 4744 laetior.
776 4688 1083 4743 Submisse
1108 4704 1247 4743 vero
1259 4689 1508 4743 canebat
1521 4690 1809 4745 accedens
1831 4692 1904 4746 ad
1925 4692 2182 4761 judicem

541 4777 669 4833 11th
707 4777 937 4832 cantica
996 4777 1273 4833 Davidica
1305 4793 1317 4831 :
1354 4800 1375 4827 (
1439 4780 1503 4833 In
1561 4781 1658 4834 via
1710 4780 2186 4837 testimoniorum

541 4870 775 4920 tuorum
805 4864 1092 4920 delectata
1106 4881 1254 4931 sum,
1274 4872 1563 4937 tanquam
1576 4867 1636 4921 in
1650 4867 1929 4923 omnibus
1946 4869 2181 4926 divitiis.

542 4954 609 5007 In
644 4952 1165 5022 justiﬁcationibus
1193 4954 1301 5009 tuis
1335 4954 1687 5019 meditabor,
1722 4971 1841 5011 non
1874 4957 2187 5014 obliviscar

541 5039 686 5107 legis
718 5046 830 5097 tum
862 5043 904 5107 ³,
938 5063 966 5091 ››
998 5048 1052 5097 et
1081 5059 1217 5114 quae
1245 5043 1525 5116 deinceps
1548 5051 2006 5115 consequuntur.
2045 5047 2186 5103 Dicit

541 5141 681 5195 ergo
720 5130 772 5183 ei
810 5133 1139 5200 tyrannus:
1182 5131 1494 5203 Quousque
1524 5137 1578 5187 te
1609 5133 1758 5187 adeo
1784 5131 2060 5189 afﬂictam
2093 5137 2186 5190 de-

544 5215 738 5283 spicis,
767 5218 983 5272 etdeos
1017 5219 1259 5289 quidem
1299 5220 1573 5276 molestia
1604 5220 1815 5289 aﬁicis,
1882 5229 1938 5278 et
1988 5224 2184 5293 ipsum

544 5300 620 5355 ad
646 5301 793 5355 iram
829 5318 1116 5372 provocas
1145 5307 1559 5380 imperatorem
1589 5310 1617 5365 ‘I
1656 5310 1771 5366 Fac
1807 5308 2031 5381 aliquid
2090 5327 2182 5368 sa-

615 5485 636 5518 '
664 5483 811 5539 Psal.
843 5490 1037 5550 cxviu,
1081 5491 1168 5553 15,
1207 5496 1290 5545 Hi.

2291 3100 2517 3156 ὀδόντων
2572 3104 2762 3176 θηρίων
2814 3101 3014 3172 ἔμελλον
3062 3103 3153 3162 τὰς
3209 3099 3369 3169 μύλας
3428 3098 3650 3168 συνθλᾷν
3696 3096 3886 3150 ἐκείνου

2291 3199 2382 3245 τοῦ
2433 3190 2666 3263 ἀσάρκου
2716 3195 2885 3261 θηρός.
2918 3189 2983 3242 Ὃ
3031 3193 3116 3241 καὶ
3166 3186 3237 3241 δι’
3274 3189 3439 3259 εύχῆς
3491 3189 3689 3257 θέμενοι
3722 3195 3889 3260 φωνῆς

2292 3285 2480 3339 ἤκουον
2530 3280 2804 3352 οὐρανόθεν
2851 3276 3167 3350 διασαφοῦς,
3221 3276 3484 3335 ἀκουστὴν
3538 3276 3705 3328 αὐτῶν
3757 3281 3888 3347 γενέ-

2294 3372 2418 3420 σθαι
2474 3372 2564 3425 τὴν
2623 3371 2854 3424 αἴτησιν.
2897 3366 2983 3428 Ὠς
3031 3364 3119 3419 οὖν
3168 3369 3233 3419 τὰ
3279 3368 3434 3439 θηρία
3478 3373 3582 3426 τοῖς
3633 3368 3886 3437 μάρτυσιν

2293 3454 2562 3527 ἐπαφείθη,
2646 3454 2892 3526 ἑφήλλατό
2975 3474 3029 3507 τε
3112 3455 3305 3522 αύτοῖς,
3384 3454 3590 3526 χαλεπῂ⁸
3662 3456 3885 3524 μάστιγι

2292 3550 2675 3619 παρορμώμενα
2753 3552 2825 3613 τῷ
2900 3543 3051 3614 λιμῷ,
3114 3548 3204 3595 καὶ
3282 3539 3563 3595 ἐνδακόντα
3635 3546 3718 3591 καὶ
3786 3540 3875 3610 ἐμ-

2292 3639 2477 3687 πιόντα
2529 3642 2619 3685 τοῦ
2669 3634 2889 3704 αἳματος
2933 3637 3085 3704 μόνον
3131 3629 3259 3701 (ἔδει
3306 3636 3404 3706 γάρ
3450 3636 3542 3690 τὴν
3577 3629 3759 3682 ἐκείνων
3791 3628 3866 3680 εύ-

2294 3728 2399 3793 χὴν
2469 3722 2538 3784 εἰς
2604 3725 2759 3796 πέρας
2831 3720 3006 3783 ἐλθεῖν]
3045 3738 3057 3750 ·
3116 3721 3410 3791 ἀπέσχοντο
3462 3730 3560 3773 τῶν
3613 3720 3872 3790 σωμάτων,

2294 3818 2382 3862 καὶ
2435 3807 2677 3882 οὐδαμῶς
2735 3809 2869 3861 αύτά
2925 3808 3087 3883 βοράν
3142 3811 3328 3875 ἔθεντο,
3384 3807 3562 3880 ἠμέλει
3614 3809 3713 3880 γὰρ
3764 3803 3885 3858 οὐδε

2293 3906 2379 3949 νῦν
2429 3900 2459 3954 ἡ
2510 3900 2673 3968 χάρις
2716 3897 2746 3955 ἢ
2802 3905 2871 3966 τῷ
2923 3896 3111 3955 Δανιὴλ
3158 3902 3399 3971 πρότερον
3451 3893 3630 3949 δεινῶν
3680 3895 3887 3947 λεόντων

2297 3990 2535 4057 στόματα
2594 3984 2857 4055 ἐχαλίνου,
2918 3991 3008 4037 καὶ
3082 3986 3216 4037 οὕτω
3296 3988 3548 4056 σύντομον
3627 3987 3684 4035 τό
3764 3985 3885 4055 ὑπερ

2297 4082 2531 4147 Χριστοῦ
2589 4076 2870 4146 μαρτύριον
2944 4077 2993 4126 οἱ
3054 4073 3333 4148 ἀθλοφόροι
3409 4070 3712 4144 διήνεγκαν.
3770 4076 3891 4143 Περὶ

2295 4167 2467 4236 μέντοι
2544 4170 2643 4215 τῶν
2725 4164 2868 4235 ἱερῶν
2947 4165 3200 4233 σωμάτων
3281 4162 3446 4215 αὐτῶν
3505 4161 3723 4233 ἐμέλησε
3795 4170 3889 4212 τῶν

2296 4251 2516 4305 εὐσεϐῶν
2566 4258 2675 4311 τοῖς
2727 4248 3177 4325 σπουδαιοτέροις,
3212 4251 3477 4305 ἀνελέσθαι
3525 4270 3579 4304 τε
3629 4251 3764 4304 αύτά
3805 4254 3889 4301 καὶ

2294 4341 2517 4413 ψαλμοῖς
2542 4346 2630 4393 καὶ
2660 4340 2834 4411 ὕμνοις
2861 4348 2994 4413 ταφῇ
3027 4337 3374 4413 παραδοῦναι.

2369 4430 2420 4484 Ῑ’.
2460 4430 2541 4491 Εἰς
2584 4434 2674 4487 τὴν
2719 4429 2966 4482 ἐπιοῦσαν
3016 4426 3075 4481 δὲ
3118 4438 3209 4482 τοῦ
3241 4427 3555 4482 δικαστικοῦ
3598 4427 3835 4502 βήματος
3861 4428 3886 4479 ὁ

2297 4522 2541 4592 τύραννος
2612 4521 2960 4589 προκαθίσας,
3015 4520 3131 4588 ἄγει
3206 4524 3297 4576 τὴν
3354 4518 3643 4570 καλλίνικον
3718 4518 3883 4589 Εὐφη-

2296 4612 2419 4679 μίαν
2467 4606 2523 4658 ἐκ
2572 4614 2659 4665 τῆς
2709 4607 2933 4677 εἱρκτῆς,
2979 4610 3067 4657 καὶ
3118 4602 3177 4663 ἦν
3228 4603 3427 4677 φαιδρὰ
3468 4610 3558 4678 μὲν
3610 4611 3704 4664 τὴν
3752 4604 3886 4676 ὃψιν,

2297 4691 2614 4768 φαιδροτέρα
2667 4691 2724 4745 δὲ
2781 4698 2873 4751 τὴν
2920 4693 3126 4765 ψυχὴν.
3177 4693 3435 4764 ύπὲψαλλε
3485 4691 3543 4746 δε
3591 4699 3682 4747 καὶ
3733 4713 3889 4769 προσ-

2299 4793 2453 4836 ιοῦσα
2494 4792 2564 4853 τῷ
2618 4779 2842 4854 δικαστῇ
2891 4785 2956 4834 τὰ
3016 4784 3264 4833 Δαυιτικά
3316 4787 3464 4835 ταυτὶ
3524 4785 3759 4855 ᾄσματα·
3814 4784 3891 4836 Ἐν

2296 4880 2356 4942 τῇ
2414 4867 2519 4940 ὁδῷ
2562 4880 2658 4922 τῶν
2706 4877 3003 4945 μαρτυρίων
3063 4890 3156 4923 σου
3208 4870 3453 4944 ἐτέρφθην
3494 4875 3563 4934 ὡς
3611 4871 3693 4925 ἐπὶ
3745 4876 3895 4925 παντὶ

2295 4959 2516 5030 πλούτῳ.
2572 4961 2654 5012 Ἐν
2712 4968 2819 5021 τοῖς
2887 4957 3213 5030 δικαιῶμασί
3290 4979 3384 5012 σου
3456 4961 3748 5032 μελετὴσω,
3803 4961 3897 5013 ούκ

2296 5047 2613 5118 ἐπιλήσομαῐ
2668 5056 2757 5100 τοῦ
2812 5054 2967 5117 μόνου
3026 5067 3142 5113 σου,
3198 5054 3286 5101 καὶ
3342 5051 3441 5101 ὅσα
3496 5052 3699 5111 τούτοις
3752 5049 3893 5113 ἑξῆς.

2294 5136 2426 5207 Ἐφη
2477 5133 2563 5188 οὖν
2610 5140 2739 5208 πρὸς
2794 5136 2952 5194 αὐτὴν
3005 5138 3031 5188 ό
3080 5140 3343 5211 τύραννος·
3381 5142 3559 5210 Μέχρι
3617 5144 3758 5202 τίνος
3808 5143 3902 5191 καὶ

2299 5229 2518 5281 σεαυτὴν
2592 5226 2725 5277 ούτω
2799 5225 3229 5298 ταλαιπωροῦσαν
3284 5227 3559 5299 ὑπερορᾷς,
3621 5233 3711 5281 καὶ
3768 5232 3898 5289 τοὺς

2297 5314 2439 5373 θεοὺς
2492 5315 2580 5382 μὲν
2627 5312 2822 5377 λυπεῖς,
2875 5314 3204 5387 παροργίζεις
3245 5311 3304 5366 δε
3352 5319 3441 5366 καὶ
3494 5317 3581 5366 τὸν
3638 5316 3904 5387 αὐτοκρά-
