4142 6278
301 270 409 325 725

1481 266 1920 324 MARTYRIUM
1962 265 2027 325 s.
2077 236 2487 335 EUPHEtVfl/E.

3557 282 3662 338 726

296 398 428 469 τόρα
457 410 470 459 ;
500 391 694 467 πρᾶξον
736 410 788 442 τι
842 394 1064 456 συνετόν,
1126 396 1215 444 καὶ
1269 400 1379 455 τοῖς
1464 394 1596 455 θεοῖς
1656 393 1880 449 πείσθητ

2015 393 2260 465 pienter,
2282 404 2341 454 et
2364 402 2722 472 persuadere
2746 402 2859 459 diis
2899 402 3108 459 offerre
3141 404 3519 463 sacriﬁcium.
3554 405 3660 461 Illa

301 486 488 535 θυσίαν
541 485 919 554 προσενεγκεῖν.
974 479 1032 531 Ἠ
1111 476 1190 546 δὲ,
1252 481 1451 552 Πρᾶξαί
1528 500 1581 533 τι
1664 484 1902 544 συνετόν,

299 572 416 643 ἔφη,
458 573 763 643 προτρέπεις
793 570 947 639 ἡμᾶς,
981 568 1020 619 ὦ
1071 564 1304 621 δικαστά
1337 586 1350 635 ;
1383 576 1471 622 καὶ
1522 575 1573 622 τί
1628 566 1679 621 δ’
1728 568 1787 620 ἂν
1823 589 1903 631 τις

300 664 638 732 συνετώτερον
720 654 980 729 δράσειεν,
1042 658 1071 714 ᾖ
1133 661 1191 709 τό
1249 662 1321 729 μὴ
1378 660 1651 711 πείθεσθαι
1729 658 1905 719 λίθους

301 746 548 819 ἀψύχους
577 765 630 798 τε
682 751 768 798 καὶ
804 749 1006 817 κωφούς
1035 747 1281 816 ἡγεῖσθαι
1331 749 1476 808 θεούς
1508 763 1521 811 ;
1551 748 1724 819 ὥσπερ
1782 747 1907 799 τού-

297 841 497 888 ναντίον
544 839 602 887 τό
657 836 932 887 πείθεσθαι
989 832 1164 895 ἀνοίας
1213 834 1325 887 ἐστὶ
1371 838 1581 907 μεστόν,
1637 840 1726 888 καὶ
1780 834 1904 890 ούδὶ

296 930 481 997 μανίας
550 923 827 997 ίλεύθερον.
904 924 1206 997 Ὀργισθεὶς
1258 923 1341 976 ἐπὶ
1392 932 1501 985 τοῖς
1582 925 1820 998 ῥηθεῖσιν
1876 925 1900 976 ό

293 1017 560 1086 τύραννος,
666 1016 793 1085 πρὸς
886 1017 1184 1084 καινοτέραν
1303 1018 1543 1087 τρέπεται
1623 1018 1894 1087 τιμωρίαν’

295 1104 432 1156 λίθοι
464 1099 523 1155 δε
572 1106 661 1153 καὶ
694 1098 919 1173 σίδηρος
950 1105 1043 1160 τὴν
1073 1104 1321 1158 τοιαύτην
1354 1100 1588 1173 βάσανον
1630 1098 1900 1154 διεσκεύα-

300 1195 406 1254 ζον,
442 1193 491 1243 οἱ
538 1194 628 1262 μεν
676 1198 776 1241 τῶν
826 1198 1188 1264 τιμωρητικῶν
1238 1189 1469 1264 ὁργάνων
1515 1192 1646 1241 κατά
1700 1209 1759 1260 γε
1813 1193 1901 1248 τὰς

295 1286 489 1351 γωνίας
536 1278 894 1351 έξηρτημένοι,
923 1279 948 1330 ὁ
1001 1276 1223 1351 σίδηρος
1267 1276 1326 1331 δὲ
1368 1287 1426 1350 τῇ
1479 1287 1576 1331 τῶν
1610 1278 1763 1330 λίθων
1806 1276 1901 1349 βίᾳ

295 1371 401 1421 ἄνω
478 1388 531 1421 τε
600 1373 690 1419 καὶ
741 1370 883 1419 κάτω
934 1375 1169 1438 συνεχῶς
1223 1373 1630 1441 περισπώμενος,
1682 1372 1900 1418 κατατέ-

295 1477 435 1527 μνειν
467 1457 601 1509 οὕτω
632 1461 720 1509 καὶ
778 1458 1093 1530 σπαράττειν
1124 1453 1237 1527 εἶχε
1276 1461 1335 1508 τὸ
1383 1466 1536 1528 σῶμα
1584 1463 1673 1516 τῆς
1702 1459 1898 1527 μάρτυ-

293 1565 401 1618 ρος.
435 1546 523 1606 Ὠς
553 1542 613 1598 δε
663 1550 754 1597 καὶ
784 1546 812 1604 ἠ
866 1544 1082 1607 κόλασις
1134 1545 1267 1601 αὕτη
1327 1546 1609 1619 παρείληφε
1650 1548 1742 1602 τὴν
1788 1563 1897 1614 γεν-

292 1642 461 1703 ναίαν,
520 1632 671 1687 ούδεν
744 1637 1065 1706 πάσχουσαν
1131 1640 1422 1705 γυναικεῖον
1478 1631 1597 1686 οὐδ’
1674 1632 1893 1704 ἀγεννὲς,

886 1017 1184 1084 καινοτέραν

2017 489 2215 540 autem
2248 502 2260 540 :
2301 490 2546 558 Suades,
2578 492 2787 562 inquit,
2818 492 3011 557 nobis,
3046 508 3082 547 o
3108 493 3315 564 judex,
3344 500 3405 549 ut
3435 493 3657 566 aliquid

2014 573 2307 644 sapienter
2341 577 2627 634 faciamus
2661 597 2673 634 :
2707 585 2764 635 et
2799 581 3078 652 quidnam
3112 581 3313 637 fecerit
3349 582 3656 653 quispiam

2014 664 2357 732 sapientius,
2382 682 2565 737 quam
2590 683 2711 723 non
2734 669 3096 739 persuaderi,
3122 674 3186 725 ut
3212 669 3443 741 lapides
3468 671 3657 727 inani-

2014 766 2144 805 mos
2174 757 2230 806 et
2259 755 2490 819 surdos,
2521 755 2667 811 deos
2705 757 3001 812 existimet
3030 757 3058 812 ‘I
3095 758 3403 829 quomodo
3449 763 3656 815 contra

2012 842 2378 913 persuaderi,
2417 844 2662 916 plenum
2710 851 2802 900 est
2834 846 3097 912 stultitia,
3147 852 3204 903 et
3235 863 3343 902 nec
3396 847 3653 903 liberum

2010 928 2253 1000 quidem
2312 933 2388 987 ab
2435 933 2686 990 insania.
2760 935 2856 990 His
2903 935 3071 990 dictis
3121 935 3209 990 ira
3262 934 3519 1006 percitus
3564 940 3652 1007 ty-

2010 1034 2254 1085 rannus,
2284 1022 2359 1076 ad
2382 1037 2606 1077 novum
2629 1024 2984 1078 convertitur
3000 1022 3382 1095 supplicium.
3405 1024 3653 1095 Lapides

2008 1112 2210 1163 autem
2240 1114 2295 1164 et
2325 1108 2542 1165 ferrum
2579 1113 2695 1167 tale
2717 1115 3083 1166 tormentum
3107 1113 3528 1167 instruxerunt.
3565 1113 3652 1169 Illi

2007 1197 2252 1267 quidem
2279 1215 2315 1252 a
2341 1204 2771 1256 tormentorum
2798 1202 3209 1257 instrumentis
3235 1202 3509 1273 suspensi
3541 1217 3652 1274 per

2009 1286 2283 1356 angulos,
2318 1287 2534 1342 ferrum
2566 1294 2769 1345 autem
2799 1289 3075 1345 violentia
3112 1288 3381 1360 lapidum
3424 1306 3650 1363 susque

2006 1373 2198 1444 deque
2248 1374 2484 1432 assidue
2539 1382 2878 1441 attractum,
2927 1380 3010 1432 sic
3060 1377 3402 1433 lacerabant
3430 1394 3649 1449 corpus

2006 1463 2271 1530 virginis.
2322 1463 2469 1518 Cum
2520 1470 2720 1520 autem
2781 1466 2862 1521 sic
2911 1465 3267 1520 cruciaretur
3305 1466 3490 1535 virgo,
3538 1481 3648 1523 nec

2008 1551 2292 1605 muliebre
2324 1551 2549 1623 aliquid
2582 1569 2700 1624 prae
2732 1568 2793 1608 se
2818 1553 2994 1609 ferret
3043 1559 3145 1608 aut
3192 1553 3498 1620 illiberale,
3541 1553 3648 1610 sed

2008 1638 2126 1694 Deo
2156 1642 2331 1695 etiam
2362 1648 2562 1709 ageret
2589 1642 2831 1711 gratias,
2864 1647 3103 1714 propter
3139 1658 3319 1713 quem
3351 1642 3475 1697 haec
3507 1641 3650 1698 fere-

294 1726 425 1777 ἀλλά
457 1730 548 1778 καὶ
592 1724 949 1796 ὁμολογοῦσαν
996 1726 1157 1796 χάριν
1198 1732 1270 1793 τῷ
1322 1720 1396 1775 δι’
1440 1724 1493 1776 ὅν
1542 1725 1681 1794 ῖφέρε
1731 1730 1886 1773 ταῦτα

2006 1728 2126 1792 bat,
2159 1728 2410 1786 defessae
2436 1730 2682 1801 quidem
2732 1735 2900 1787 erant
2942 1731 3212 1786 lictorum
3248 1747 3485 1797 manus,
3519 1747 3648 1787 ma-

294 1823 429 1885 Θεῷ,
475 1816 529 1866 αἱ
575 1816 665 1886 μὶν
720 1822 816 1866 τῶν
866 1809 1070 1884 δημίων
1118 1814 1306 1883 ἔκαμον
1354 1819 1529 1886 χεῖρες
1555 1820 1617 1883 τῇ
1674 1818 1891 1883 μηχανῇ

292 1908 411 1964 τοὺς
462 1903 639 1964 λίθους
695 1901 995 1965 ἕλκύουσαι,
1056 1904 1105 1953 οὶ
1159 1900 1296 1952 λίθοι
1349 1897 1407 1953 δε
1456 1900 1606 1951 πάλιν
1659 1898 1714 1951 έκ
1773 1897 1895 1972 βίας

292 1992 576 2063 ἑλκόμενοι,
641 1989 1019 2063 συνετρίϐησάν
1066 2008 1121 2041 τε
1172 1995 1261 2041 καὶ
1315 1988 1386 2049 εἰς
1438 1990 1602 2060 μικρά
1658 1984 1895 2045 διελύθη-

298 2100 415 2134 σαν.
474 2080 532 2133 Ἠ
590 2076 651 2132 δὲ
704 2081 906 2152 μάρτυς
958 2078 1166 2139 ἀπαθὴς
1224 2077 1354 2139 ὅλως
1422 2076 1470 2130 έν
1538 2080 1742 2138 τούτοις
1806 2077 1896 2129 ἐω-

292 2175 443 2240 ράτο.

362 2256 466 2310 ΙΑ¹.
505 2254 639 2307 Ἀλλ’
687 2251 813 2307 ούδε
842 2255 1007 2317 οὕτως
1044 2257 1070 2307 6
1104 2259 1334 2327 Πρίσκος
1375 2263 1466 2315 τῆς
1514 2254 1670 2327 ὀργῆς
1716 2257 1895 2328 κρείσ-

292 2364 395 2396 σων
449 2342 509 2403 ἦν
564 2348 654 2395 καὶ
706 2351 806 2396 τῶν
835 2343 1116 2407 κολάσεων,
1170 2340 1337 2395 δεινόν
1389 2346 1477 2414 μεν
1508 2339 1642 2395 εἶναι
1683 2346 1773 2394 καὶ
1812 2362 1893 2413 γε-

286 2433 421 2485 λοῖον
472 2435 773 2504 ἡγούμενος,
817 2432 861 2484 εἰ
909 2434 1151 2503 γυναικὸς
1203 2434 1370 2489 ἦττων
1423 2431 1623 2502 ὀφθείη.
1672 2432 1892 2502 ’Δγνοῶν

286 2518 347 2574 δὲ
380 2524 683 2595 παράφορος
712 2523 782 2582 ὡς
811 2520 940 2591 ούχὶ
983 2528 1056 2591 τῷ
1108 2519 1395 2592 βιάζεσθαι
1446 2524 1713 2593 κρείττων,
1764 2518 1891 2570 ἀλλά

282 2619 353 2681 τῷ
411 2615 481 2682 μὴ
531 2612 725 2663 πείθειν
802 2608 990 2680 μᾶλλον
1066 2609 1258 2681 ἑωρᾶτο
1324 2611 1664 2679 νενικημένος,
1714 2608 1887 2679 ὥσπερ

285 2699 581 2751 τούναντίον
616 2702 642 2757 ἦ
681 2700 881 2771 μάρτυς
928 2707 997 2769 τῷ
1044 2702 1114 2770 μὴ
1174 2706 1275 2750 τῶν
1326 2696 1570 2770 βασάνων
1600 2698 1886 2766 ἡττᾶσθαι,

282 2791 376 2846 τὴν
426 2792 571 2847 νίκην
650 2791 834 2860 ἤρατο.
917 2789 1239 2859 Προστάττει
1305 2793 1581 2854 τοιγαροῦν
1635 2788 1770 2837 κατὰ
1829 2789 1886 2837 τό

284 2882 374 2927 τοῦ
437 2872 659 2927 σταδίου
717 2879 1055 2945 μεσαίτατον,
1114 2874 1304 2924 λάκκον
1383 2872 1633 2943 ὀρυγῆναι
1704 2877 1885 2941 μέγαν,

286 2959 483 3023 ὕδατός
541 2981 594 3013 τε
652 2961 955 3018 πλησθῆναι
1001 2964 1089 3011 καὶ
1138 2962 1297 3031 θηρία
1347 2962 1514 3029 τούτῳ
1570 2959 1889 3030 ἐμϐληθῆναι

2003 1816 2180 1871 china
2228 1820 2525 1874 trahentes
2568 1819 2817 1890 lapides,
2852 1835 3059 1874 rursus
3088 1835 3224 1875 vero
3264 1818 3514 1890 lapides,
3542 1820 3647 1891 qui

2004 1905 2057 1960 vi
2087 1906 2493 1972 trahebantur,
2536 1907 2766 1963 contriti
2822 1911 3009 1972 erant,
3038 1911 3096 1962 et
3144 1908 3205 1962 in
3260 1906 3488 1963 minuta
3537 1907 3650 1963 fra-

2003 1998 2246 2065 gmenta
2264 1994 2553 2050 dissoluti.
2583 1998 2796 2067 Martyr
2817 2000 3017 2052 autem
3038 1994 3099 2050 in
3128 1995 3220 2051 his
3250 1995 3498 2051 omnino
3528 2010 3648 2050 cer-

2001 2081 2256 2138 nebatur
2280 2083 2484 2139 illaesa.

2072 2260 2170 2314 Xl.
2209 2260 2318 2316 Sed
2362 2275 2435 2315 ne
2462 2259 2548 2314 sic
2594 2260 2834 2331 quidem
2884 2259 3115 2316 Priscus
3143 2259 3292 2316 iram
3335 2260 3559 2316 remisit
3588 2265 3647 2317 et

2002 2348 2314 2420 supplicia.
2348 2363 2525 2417 grave
2554 2349 2798 2420 quidem
2823 2364 2951 2405 esse
2990 2347 3286 2404 arbitrans
3339 2355 3395 2403 et
3433 2348 3647 2404 ridicu-

2000 2435 2143 2501 lum,
2170 2437 2217 2492 si
2244 2437 2538 2492 videretur
2560 2438 2827 2508 superari
2852 2454 2886 2492 a
2916 2436 3158 2492 femina.
3195 2436 3308 2492 Sed
3329 2436 3647 2505 ignorabat

1998 2524 2267 2591 stolidus,
2299 2527 2461 2596 quod
2491 2541 2611 2581 non
2640 2542 2705 2580 eo
2738 2525 2894 2599 quod
2919 2524 3035 2581 vim
3065 2523 3318 2588 aﬁ‘erret,
3348 2525 3640 2596 superior,

1997 2614 2101 2667 sed
2128 2629 2199 2669 eo
2229 2614 2394 2684 quod
2416 2629 2536 2668 non
2569 2614 2960 2684 persuaderet,
3011 2615 3200 2668 victus
3237 2612 3435 2683 potius
3483 2612 3639 2668 vide-

1994 2707 2170 2758 retur.
2199 2701 2369 2756 .lubet
2410 2716 2552 2771 ergo
2582 2701 2640 2756 in
2693 2702 2891 2757 medio
2919 2701 3111 2757 stadio
3140 2700 3321 2757 eﬂodi
3356 2715 3640 2769 magnam

1994 2792 2338 2850 cisternam,
2367 2806 2527 2863 aqua
2563 2796 2765 2846 autem
2787 2789 3039 2861 impleri,
3090 2793 3145 2845 et
3193 2789 3253 2844 in
3286 2805 3421 2844 eam
3453 2788 3639 2859 injici,

1994 2883 2365 2950 quascunque
2382 2880 2714 2934 animantia
2733 2878 3043 2934 carnivora
3067 2878 3174 2934 alit
3201 2893 3383 2932 mare.
3420 2876 3643 2933 Deinde

1988 2966 2169 3035 jussit
2192 2967 2259 3019 iis
2289 2968 2389 3037 qui
2429 2967 2695 3031 aderant,
2739 2976 2802 3021 ut
2830 2972 3151 3037 martyrem
3185 2964 3639 3037 quamprimum

286 3051 389 3101 ὅσα
437 3046 505 3108 δὴ
549 3048 847 3121 σαρκοϐόρα
906 3047 1147 3099 θάλασσα
1204 3050 1393 3122 τρέφει,
1428 3047 1521 3100 εἶθ’
1575 3048 1732 3107 οὕτως
1781 3050 1886 3100 ἐκέ-

1998 3054 2377 3117 adducerent,
2408 3060 2465 3108 et
2494 3055 2552 3109 in
2581 3071 2713 3110 eam
2752 3055 3076 3125 injicerent,
3119 3054 3202 3109 sic
3244 3053 3514 3125 protinus
3539 3068 3642 3109 ex-

286 3137 400 3190 λευε
444 3144 548 3197 τοῖς
598 3141 1001 3210 παρισταμένοις
1053 3137 1266 3207 ἀγαγεῖν
1315 3155 1369 3188 τε
1398 3138 1463 3197 ώς
1519 3138 1683 3207 τάχος
1711 3139 1800 3187 καὶ
1838 3134 1886 3186 ἐν

285 3225 428 3296 αύτῷ
499 3227 733 3278 καθεῖναι
807 3228 901 3283 τὴν
975 3228 1237 3298 μάρτυρα,
1294 3223 1495 3297 βρῶσιν
1569 3225 1703 3276 ούτω
1780 3231 1887 3284 τοῖς

287 3315 491 3386 θηρίοις
546 3314 749 3384 ἕτοιμον
802 3312 1070 3384 ἐσομένην.
1102 3312 1189 3374 Ὠς
1220 3313 1307 3365 οὖν
1338 3315 1463 3384 ἔγνω
1510 3320 1663 3365 τοῦτο
1706 3314 1736 3369 ἠ
1785 3332 1887 3384 μα-

280 3408 441 3475 καρία
492 3402 806 3462 αὐτόκλητος
832 3407 1173 3473 παραστᾶσα,
1202 3398 1440 3462 ὠνείδιζέ
1483 3420 1537 3454 τε
1579 3404 1666 3453 τὸν
1703 3404 1887 3473 τύραν-

277 3509 360 3543 νον
402 3490 474 3564 ἔφ’
519 3492 595 3553 οἷς
642 3492 805 3552 οὕτως
850 3492 1119 3552 ἀνηνύτοις
1167 3490 1420 3563 ἐπεχείρει
1471 3492 1607 3542 κατὰ
1650 3498 1747 3542 τῶν
1794 3497 1885 3542 τοῦ

276 3589 512 3654 Χριστοῦ
562 3577 787 3645 δούλων,
834 3584 963 3652 μετά
1006 3587 1099 3632 τού
1146 3583 1309 3641 κακός
1351 3581 1626 3650 φαίνεσθαι
1678 3584 1767 3630 καὶ
1804 3582 1887 3648 γέ-

277 3672 419 3724 λωτα
481 3669 669 3742 ὄφλειν,
747 3666 860 3721 εἶτα
920 3672 1014 3728 τὰς
1060 3676 1246 3742 χεῖρας
1298 3668 1365 3728 εἰς
1408 3667 1621 3740 ούρανόν
1686 3666 1882 3720 ἀνατεί·

279 3779 438 3824 νασα,
500 3763 589 3810 καὶ
662 3754 903 3831 δακρύων
958 3762 1080 3818 τοὺς
1134 3756 1427 3829 ὀφθαλμούς
1474 3756 1741 3818 πλήσασα,
1812 3760 1880 3809 T6

278 3856 383 3921 φῶς
441 3866 541 3918 μου
598 3846 784 3917 ἔλεγεν,
845 3846 1046 3911 Ἰησοῦ,
1100 3849 1157 3898 τό
1210 3849 1329 3918 ἐμὸν
1381 3849 1657 3918 καύχημα,
1699 3848 1729 3904 ἠ
1783 3848 1875 3917 ἒμὴ

278 3938 409 3999 ζωὴ,
446 3938 471 3988 ὁ
515 3943 611 3997 τῆς
658 3934 782 4007 ἐμῆς
835 3934 1105 3996 ἀσθενείας
1159 3933 1446 4009 έπίκουρος,
1480 3937 1505 3986 6
1564 3934 1611 3986 έν
1671 3934 1877 4007 ἀπόροις

277 4025 593 4097 εὐμήχανος,
648 4026 673 4075 6
727 4028 960 4096 γαστέρα
1014 4027 1103 4095 μὲν
1157 4026 1309 4098 θηρός
1368 4020 1558 4089 δείξας,
1608 4024 1760 4076 καλὸν
1803 4031 1876 4093 τῷ

276 4114 426 4185 Ἰωνᾴ
480 4113 727 4186 θάλαμον,
805 4113 1015 4165 λεόντων
1075 4109 1134 4165 δὲ
1208 4117 1441 4185 στόματα
1530 4116 1617 4165 τὸν
1688 4112 1876 4171 Δανιὴλ

278 4202 678 4276 δυσωπούμενα,
742 4203 898 4265 αύτός
942 4222 1027 4275 με,
1060 4207 1313 4265 Δέσποτα,
1374 4211 1435 4274 τῇ
1495 4209 1739 4275 κραταιᾶ,
1786 4206 1876 4253 καὶ

272 4293 469 4367 ἀμάχῳ
530 4312 625 4345 σου
692 4288 843 4362 δεξιᾷ
913 4288 1203 4359 διάσωσον,
1260 4289 1416 4353 δόξης
1484 4295 1573 4361 μιν
1629 4292 1876 4341 ὑπόθεσιν

271 4386 540 4455 γινομένην
595 4390 694 4432 τῶν
756 4379 1039 4451 σεϐομένων
1090 4384 1146 4430 τό
1203 4380 1393 4451 κράτος
1447 4396 1561 4441 σου,
1613 4377 1877 4448 αἰσχύνης

273 4469 333 4523 δὲ
362 4476 451 4522 καὶ
495 4468 713 4539 ἀτιμίας
745 4476 844 4518 τῶν
888 4466 1087 4518 ἀσεϐῶν
1136 4466 1441 4537 πληροῦσαν
1485 4468 1551 4516 τὰ
1597 4471 1871 4538 πρόσωπα.

277 4559 428 4610 Οὖτω
511 4556 928 4629 προσευξαμένη,
1000 4560 1085 4605 καὶ
1154 4558 1550 4627 σφραγισαμένη
1628 4554 1725 4624 ὅλῳ
1803 4562 1874 4624 τῷ

276 4652 502 4716 σώματι,
562 4644 774 4701 ἐνήλατο
825 4651 896 4714 τῷ
950 4639 1110 4694 ύδατι
1173 4642 1314 4714 μάλα
1368 4647 1621 4712 γενναίως,
1686 4646 1751 4695 τὰ
1812 4639 1871 4695 δὲ

279 4735 437 4807 θηρία
487 4736 710 4804 προσῄει
762 4733 850 4803 μὶν
901 4731 1049 4792 εὐθὺς
1101 4734 1232 4801 μετὰ
1285 4730 1473 4791 πολλῆς
1523 4732 1636 4793 ’τῆς
1688 4733 1869 4803 ὁρμῆς.

272 4822 356 4881 Ὠς
389 4818 448 4873 δὲ
493 4825 583 4872 καὶ
634 4819 787 4892 ἐγγὺς
848 4828 938 4872 τοῦ
996 4828 1321 4894 μαρτυρικοῦ
1378 4823 1582 4893 χρωτός
1646 4823 1867 4889 γένοιτο,

270 4919 468 4985 τροφῆς
521 4910 649 4969 ὅλως
700 4908 1084 4973 έπελανθάνετο,
1144 4914 1234 4960 καὶ
1292 4904 1592 4982 δορυφόρων
1642 4907 1872 4966 ἀπεπλὴ-

273 5019 366 5074 ρου
409 4998 575 5061 τάξιν.
617 5002 717 5051 Καὶ
746 4996 1070 5049 ὑπολαϐόντα
1109 5000 1200 5054 τὴν
1248 4999 1509 5069 μάρτυρα,
1540 5003 1718 5057 νώτοις
1768 5006 1872 5058 τοῖς

274 5089 471 5142 ἑαυτῶν
527 5086 735 5158 ἀνεῖχον
786 5088 939 5138 οἱονεὶ
970 5090 1211 5156 πρόνοιαν
1242 5084 1405 5146 αὐτῆς
1454 5088 1667 5155 ἔχοντα,
1701 5092 1773 5158 μή
1821 5107 1873 5139 τι

274 5182 365 5229 καὶ
390 5172 557 5229 δεινόν
583 5177 843 5231 ὑποσταίη
872 5174 1290 5246 προσκαταϐᾶσα
1314 5182 1385 5243 τῷ
1408 5171 1586 5228 ὒδστι.

348 5264 447 5318 lB'.
487 5264 545 5317 Ὀ
586 5260 645 5316 δε
705 5268 949 5338 Πρίσκος,
986 5260 1289 5333 συμϐάλλων
1337 5261 1384 5313 έν
1438 5263 1601 5332 ἑαυτῷ
1656 5265 1720 5314 τὰ
1775 5282 1869 5315 παι

274 5351 515 5426 ραδόξως
570 5353 863 5423 τελούμενα,
925 5348 1230 5423 διηπορεῖτο
1282 5354 1370 5421 μὲν
1413 5357 1502 5403 καὶ
1560 5350 1871 5424 ἐθαύμαζεν.

276 5440 591 5513 ’Δναϐλέψαι
644 5437 701 5493 δε
758 5443 887 5513 πρὸς
943 5442 1000 5491 τό
1055 5443 1240 5511 φέγγος
1305 5448 1395 5499 τῆς
1443 5437 1700 5505 ἀληθείας,

281 5536 510 5583 συνεῖναι
565 5533 645 5591 τίς
700 5528 730 5587 ἦ
782 5536 881 5579 τῶν
926 5530 1201 5599 γινομένων
1260 5523 1483 5599 δύναμις
1530 5527 1633 5599 οὐχ
1676 5529 1778 5590 οἶός
1824 5548 1876 5581 τε

1784 5446 1875 5492 καὶ

1994 3141 2293 3197 edendam
2323 3157 2359 3197 a
2395 3141 2616 3197 bestiis.
2660 3144 2979 3215 Postquam
3026 3157 3167 3211 ergo
3211 3142 3489 3211 cognovit
3527 3142 3640 3198 hoc

1994 3231 2185 3295 beata,
2227 3245 2340 3284 sua
2387 3236 2596 3299 sponte
2640 3236 2865 3295 astans,
2914 3230 3314 3301 exprobrabat
3359 3235 3637 3301 tyranno,

1994 3320 2158 3391 quod
2194 3334 2287 3373 res
2312 3317 2733 3389 aggrederetur
2771 3319 2922 3373 adeo
2970 3318 3305 3374 ineﬂicaces
3351 3318 3635 3373 adversus

1994 3407 2199 3463 Christi
2251 3422 2453 3462 servos
2499 3410 2603 3461 :et
2640 3405 2803 3477 quod
2862 3405 3157 3461 videretur
3201 3405 3534 3477 improbus,
3583 3412 3639 3464 et

1991 3496 2311 3552 haberetur
2340 3495 2615 3551 ludibrio.
2651 3494 2870 3551 Deinde
2909 3512 3037 3550 cum
3077 3510 3290 3551 manus
3320 3497 3379 3549 in
3422 3495 3636 3551 coelum

1995 3585 2349 3649 sustulisset,
2392 3589 2448 3638 et
2499 3584 2707 3639 oculos
2769 3583 3079 3654 implesset
3126 3583 3404 3655 lacrymis
3449 3600 3461 3638 :
3512 3584 3635 3639 Lux

1994 3689 2149 3739 mea,
2182 3672 2347 3737 dixit,
2380 3673 2538 3738 Jesu,
2575 3688 2709 3727 mea
2737 3672 3027 3743 gloriatio,
3070 3687 3204 3727 mea
3235 3673 3371 3736 vita,
3404 3670 3638 3742 adjutor

1990 3777 2141 3818 mem
2180 3760 2617 3825 imbecillitatis,
2667 3760 2770 3833 qui
2824 3761 2884 3815 in
2922 3759 3102 3815 rebus
3156 3760 3355 3815 dubiis
3397 3759 3635 3815 facilem

1987 3852 2209 3906 exitum
2266 3848 2497 3904 invenis
2552 3865 2565 3903 :
2628 3849 2732 3919 qui
2787 3847 3000 3904 bellum
3047 3848 3288 3920 quidem
3348 3851 3632 3915 ventrem,

1983 3942 2147 3995 Jonas
2179 3938 2495 4010 pulchrum
2539 3936 2727 3992 fecisti
2759 3936 3114 4000 thalamum,
3163 3936 3404 3992 leonum
3434 3942 3634 3991 autem

1984 4044 2093 4084 ora
2120 4027 2371 4084 revereri
2414 4026 2735 4095 Danielem,
2790 4031 2852 4080 tu
2885 4041 3003 4091 me,
3054 4026 3321 4089 Domine,
3357 4024 3549 4080 valida
3580 4030 3635 4081 et

1984 4116 2203 4173 invicta
2228 4120 2329 4170 tua
2361 4130 2649 4169 conserva
2674 4114 2933 4179 dextera,
2970 4119 3032 4167 ut
3053 4113 3163 4166 sim
3196 4113 3438 4183 quidem
3460 4128 3635 4183 argu-

1985 4207 2256 4257 mentum
2287 4201 2486 4267 gloriie
2518 4202 2606 4263 iis,
2639 4200 2741 4271 qui
2792 4206 2958 4255 tuam
3014 4203 3221 4254 colunt
3254 4199 3579 4269 potentiam
3616 4218 3628 4249 :

1984 4289 2186 4344 vultus
2211 4294 2406 4343 autem
2424 4287 2767 4357 impiorum,
2785 4286 3075 4341 dedecore
3089 4286 3370 4355 impleam
3399 4291 3454 4340 et
3472 4287 3634 4357 igno-

1906 4409 1954 4466 Β
1986 4378 2189 4433 minia.
2222 4378 2369 4432 Cum
2410 4376 2491 4429 sic
2521 4380 2757 4446 precata
2784 4379 2957 4440 esset,
2991 4378 3044 4428 et
3076 4388 3138 4427 se
3189 4376 3309 4428 toto
3340 4374 3633 4442 signasset

1984 4465 2329 4537 corpore,in
2358 4479 2579 4536 aquam
2611 4461 2743 4517 forti
2776 4468 2829 4517 et
2850 4477 3141 4531 generoso
3158 4464 3357 4518 animo
3384 4462 3627 4519 insiluit.

1982 4554 2401 4610 Bestiaeautem
2430 4551 2701 4623 protinus
2719 4550 2960 4622 quidem
2982 4566 3121 4605 cum
3154 4566 3375 4620 magno
3404 4550 3633 4622 impetu

1980 4648 2358 4700 accesserunt
2387 4658 2400 4707 ;
2435 4645 2751 4713 postquam
2784 4655 2926 4694 vero
2954 4639 3387 4710 fueruntprope
3417 4656 3633 4711 corpus

1982 4732 2279 4803 martyris,
2311 4732 2429 4786 cibi
2460 4730 2709 4786 omnino
2743 4732 2880 4783 sunt
2909 4727 3128 4791 oblitas,
3162 4733 3217 4782 et
3250 4728 3459 4783 functae
3495 4734 3633 4784 sunt

1981 4837 2225 4877 munere
2256 4819 2579 4875 satellitum
2609 4834 2622 4872 :
2655 4822 2711 4873 et
2742 4820 3057 4886 martyrem
3086 4814 3464 4887 excipientes,
3497 4831 3632 4871 eam

1979 4912 2174 4969 dorsis
2206 4910 2332 4965 suis
2364 4907 2763 4971 sustinebant,
2792 4906 3037 4978 perinde
3073 4921 3142 4959 ac
3191 4904 3239 4959 si
3271 4906 3395 4976 ejus
3425 4920 3631 4960 curam

1979 5005 2270 5073 gererent,
2307 5015 2382 5055 ne
2409 4998 2557 5071 quid
2586 4997 2638 5053 ei
2686 5011 2865 5067 grave
2916 4993 3177 5050 eveniret
3204 4994 3263 5048 in
3292 5009 3509 5065 aquam
3538 4993 3635 5048 de-

1981 5088 2309 5145 scandenti.

2056 5264 2163 5318 Xll.
2200 5262 2429 5317 Priscus
2468 5264 2670 5316 autem
2703 5260 2863 5331 apud
2893 5275 2954 5314 se
2993 5256 3336 5329 conjiciens,
3364 5274 3499 5330 quin
3528 5258 3636 5315 ﬁe-

1985 5352 2126 5408 bant
2156 5349 2603 5413 admirabiliter,
2637 5352 2762 5403 erat
2790 5347 3035 5419 quidem
3073 5346 3257 5402 animi
3292 5346 3536 5410 dubius.
3576 5352 3633 5403 et

1988 5439 2404 5496 admirabatur
2435 5454 2447 5491 :
2474 5452 2610 5491 cum
2639 5435 2901 5507 aspicere
2928 5440 3127 5491 autem
3161 5434 3237 5489 ad
3266 5434 3458 5490 lucem
3492 5434 3636 5490 veri-

1990 5529 2147 5593 tatis,
2172 5537 2229 5584 et
2253 5525 2572 5596 intelligere
2594 5539 2873 5597 quasnam
2895 5528 3050 5580 esset
3072 5539 3278 5581 eorum
3304 5539 3436 5596 qua:
3460 5522 3630 5586 ﬁunt,
