4142 6278
568 254 675 309 727

1824 192 2123 300 .MENSIS
2160 238 2437 295 SEPTEM
2449 238 2615 299 BER.

3831 236 3956 295 728

570 378 782 441 virtus,
822 389 942 430 non
978 376 1202 446 posset,
1249 372 1548 426 undenam
1586 371 1701 425 hoc
1744 375 1916 431 esset,
1968 367 2203 436 rogabai

2326 365 2411 431 ὢν,
2445 370 2597 419 πόθεν
2649 369 2709 419 οἶν
2757 369 2834 425 εἴη
2884 371 3035 417 τοῦτο
3080 366 3204 437 πρὸς
3253 365 3339 415 τὸν
3393 362 3723 416 Ἀπελλιανόν
3772 362 3949 416 ἐπυν-

575 464 975 535 Apellianum.
1034 464 1175 516 Ecce
1236 462 1415 523 enim,
1478 463 1541 513 ut
1601 458 1783 524 vides,
1832 463 1888 513 et
1932 456 2103 525 ignis,
2162 461 2217 508 et

571 553 781 625 plagae,
815 557 871 606 et
904 556 1065 612 rotae,
1094 554 1149 602 et
1165 547 1385 609 bestiae.
1412 546 1489 601 ab
1522 562 1641 601 una
1665 546 1883 601 femina
1903 546 2053 599 victa
2080 548 2216 596 sunt

572 641 804 696 omnia.
835 638 933 692 Ille
981 641 1179 691 autem
1212 635 1379 707 (quid
1426 636 1583 690 enim
1617 635 1779 688 aliud
1823 633 2218 688 existimasset

574 727 819 782 scelesta
850 726 1072 788 anima,
1108 730 1163 778 et
1192 724 1269 778 ad
1299 723 1563 778 divinam
1602 722 1794 777 lucem
1826 722 2003 793 plane
2034 735 2218 774 caecu-

573 816 724 870 tiens
754 812 782 868 τ
812 811 1151 884 (praestigiis
1165 811 1459 866 etartibus
1476 812 1721 879 magicis
1746 808 2073 865 ascribebat
2093 806 2218 861 uni-

571 919 834 966 versum,
881 907 935 956 et
961 916 1095 956 eam
1147 900 1231 954 sic
1261 899 1497 953 dicebat
1553 898 1804 965 efﬁcere,
1854 905 1913 953 ut
1944 901 2096 952 esset
2126 912 2219 949 su.-

572 991 790 1063 perior.
820 990 922 1046 Cui
947 988 1287 1059 proconsul,
1314 987 1558 1059 perinde
1580 1004 1650 1042 ac
1681 988 1892 1043 mentis
1923 985 2216 1057 profunda

570 1083 910 1150 penetrans,
943 1082 999 1132 et
1026 1076 1292 1132 altiorem
1326 1076 1618 1130 inducens
1647 1074 2167 1145 interrogationem
2203 1089 2216 1125 :

570 1168 685 1221 Cur
714 1171 931 1226 autem.
992 1162 1201 1236 inquit,
1232 1178 1353 1217 non
1411 1162 1512 1217 ulti
1575 1167 1710 1217 sunt
1740 1178 1873 1217 eam
1926 1161 2029 1227 dii,
2082 1175 2216 1213 cum

570 1253 761 1308 malos
807 1253 946 1308 odio
1003 1251 1265 1307 habeant
1320 1251 1348 1304 ‘?
1380 1250 1477 1305 Ille
1520 1265 1655 1305 vero
1688 1266 1823 1304 cum
1854 1264 1977 1304 non
2020 1252 2220 1319 posset

569 1357 773 1396 veram
787 1340 1032 1395 reddere
1048 1340 1360 1403 rationem,
1388 1338 1851 1394 imbecillitatem
1865 1334 2220 1392 nominabat

572 1429 994 1496 benignitatem
1050 1443 1062 1481 :
1112 1430 1257 1482 Cum
1316 1426 1455 1490 sint,
1514 1425 1724 1497 inquit,
1768 1425 2109 1489 clementes,
2166 1421 2214 1478 ei

574 1521 973 1588 pepercerunt.
1002 1516 1237 1570 [nterim
1260 1520 1504 1586 martyr,
1535 1530 1671 1569 cum
1702 1515 1930 1582 integra
1959 1517 2016 1567 et
2031 1512 2218 1567 illaesa

571 1604 907 1659 emersisset
951 1620 1022 1657 ex
1064 1619 1243 1674 aqua,
1303 1602 1631 1657 videntibus
1679 1602 1980 1666 omnibus,
2040 1601 2217 1655 astitit

2329 457 2522 508 θάνετο.
2556 453 2696 509 Ἰδοὺ
2738 459 2860 529 γὰρ,
2894 458 2964 516 ὡς
3005 455 3147 524 ὁρᾷς,
3180 457 3269 504 καὶ
3301 461 3429 527 πῦρ,
3459 458 3547 505 καὶ
3576 453 3801 523 πληγαὶ.
3838 459 3938 505 καὶ

2325 550 2532 615 τροχοὶ,
2592 550 2677 597 xui
2738 546 2916 617 θηρία,
2956 549 3076 614 μιᾶς
3128 546 3371 613 γυναικός
3428 545 3679 602 ἣττηνται
3732 544 3939 598 πάντα.

2323 632 2380 684 Ὀ
2438 629 2497 684 δὲ
2551 636 2660 703 (xui
2712 637 2760 683 τί
2811 635 2912 704 γὰρ
2962 631 3101 692 ἄλλο,
3136 630 3291 701 ψυχὴ
3351 634 3514 702 μιαρὰ
3562 636 3824 702 καὶπρὸς
3875 636 3939 684 τὸ

2328 723 2459 773 θεῖον
2505 721 2880 792 τυφλώττουσα
2959 728 3062 790 φῶς
3135 718 3381 771 ὑπέλαϐεν
3440 721 3502 771 ἄν
3534 720 3602 791 ;)
3660 726 3937 791 γοητείαις

2328 806 2513 862 ἐδίδου
2567 815 2624 863 τό
2672 817 2792 876 πᾶν,
2838 815 2926 861 καὶ
2966 810 3121 867 οὕτως
3160 808 3321 879 ἔλεγεν
3371 808 3501 880 αὐτῇ
3564 812 3936 881 περιγίνεσθαι

2328 901 2393 950 τὰ
2474 902 2609 951 κατὰ
2662 906 2874 971 ’γνώμην
2943 896 3133 952 ἀνύειν.
3186 900 3318 969 Πρὸς
3376 898 3429 949 ὃν
3504 898 3531 949 ὁ
3609 895 3933 964 ἀνθύπατος,

2328 990 2499 1060 ὥσπερ
2540 989 2611 1048 εἰς
2652 995 2767 1040 νοῦν
2823 986 3039 1059 βάπτων
3087 991 3177 1038 καὶ
3226 985 3516 1060 βαθυτέρας
3569 991 3747 1060 φρενὸς
3799 987 3937 1041 ἐπά-

2327 1096 2428 1145 γων
2459 1075 2787 1147 ἐρωτήματα,
2837 1080 2899 1127 Τί
2932 1072 2991 1126 δε
3025 1079 3094 1145 μὴ
3146 1075 3407 1146 ἠμύναντο
3463 1078 3657 1133 ταύτην
3697 1079 3747 1128 οἱ
3798 1078 3931 1141 θεοὶ,

2329 1167 2439 1235 ἔφη,
2503 1169 2851 1235 μισοπόνηροι
2895 1168 3033 1225 ὄντες
3064 1180 3077 1228 ;
3111 1169 3212 1216 Καὶ
3259 1165 3310 1224 ὃς
3362 1163 3456 1216 οὐκ
3498 1166 3636 1236 ἔχων
3682 1165 3783 1217 ἀπὸ
3832 1175 3931 1229 τῆς

2330 1251 2571 1313 ἀληθείας
2622 1252 2797 1317 εἰπεῖν,
2855 1251 3239 1323 φιλανθρωπίαν
3291 1252 3523 1325 ὠνόμαζε
3575 1258 3667 1311 τὴν
3765 1254 3928 1307 ἀσθέ-

2326 1360 2482 1405 νειαν,
2546 1341 2778 1412 Εύμενεῖς
2832 1342 2986 1405 ὄντες,
3019 1342 3196 1411 λέγων,
3241 1340 3507 1413 ἐφείσαντο
3553 1346 3768 1406 ταύτης.
3846 1345 3929 1399 Ἐν

2328 1433 2492 1501 τούτῳ
2546 1426 2604 1481 δί
2660 1431 2690 1488 ἠ
2724 1431 2945 1504 μάρτυς,
2999 1429 3225 1490 ἀϐλαϐὴς
3268 1439 3362 1483 τοῦ
3418 1428 3605 1493 ὕδατος
3656 1430 3927 1500 ἀναδῦσα,

2325 1522 2525 1569 πάντων
2594 1519 2843 1589 ὁρώντων,
2889 1522 3124 1590 παρέστη
3179 1527 3250 1590 τῷ
3303 1518 3599 1591 ἀνθυπάτῳ·
3659 1527 3749 1573 καὶ
3812 1522 3929 1592 ἅμα

2326 1610 2449 1679 πρὸς
2502 1606 2751 1668 ἀλλήλους
2802 1609 2851 1658 οἱ
2905 1612 3144 1679 τύραννοι
3193 1607 3285 1659 ούκ
3334 1607 3383 1660 ἐν
3436 1608 3779 1682 παραϐύστῳ,
3812 1611 3923 1662 ἀλλ’

573 1707 773 1746 coram
818 1692 1190 1763 proconsule.
1222 1691 1475 1761 Tyranni
1522 1696 1721 1745 autem
1755 1689 1931 1744 simul
1975 1690 2125 1744 inter
2154 1706 2203 1742 se

2326 1694 2373 1746 ἐν
2402 1704 2471 1765 τῷ
2522 1703 2771 1769 προφανεῖ
2825 1694 3134 1766 διελέγοντο,
3177 1705 3248 1767 τῷ
3278 1702 3367 1749 καὶ
3415 1701 3536 1759 τοὺς
3584 1709 3927 1774 παρεστῶτας

570 1780 962 1842 disserebant,
984 1794 1103 1834 non
1132 1779 1191 1833 in
1209 1778 1458 1840 occulto,
1494 1779 1599 1833 sed
1625 1778 1827 1850 palam
1863 1795 1876 1833 :
1907 1780 1989 1833 ita
2021 1784 2081 1833 ut
2112 1780 2213 1849 qui

571 1868 837 1931 aderant,
875 1867 1168 1933 audirent,
1216 1874 1273 1921 et
1319 1866 1545 1937 aliquid
1593 1866 2001 1922 lucrifacerent
2043 1882 2111 1921 ex
2143 1865 2213 1920 iis

570 1970 700 2025 quae
730 1955 1096 2020 dicebantur,
1115 1970 1256 2010 suos
1272 1955 1418 2009 deos
1447 1962 1549 2010 aut
1568 1956 1869 2011 daemones
1886 1954 2210 2010 defenden-

570 2047 677 2107 tes,
707 2049 763 2097 et
796 2043 1119 2113 praestigias
1162 2049 1217 2098 et
1246 2049 1432 2098 artem
1477 2045 1771 2112 magicam
1805 2044 2212 2098 attribuebant

568 2132 824 2202 martyri,
859 2136 912 2185 et
939 2147 1006 2185 ea
1047 2130 1329 2187 dicebant
1371 2132 1562 2202 ipsam
1610 2147 1799 2204 aquas
1868 2147 2205 2202 superasse.

568 2222 808 2290 Propter
848 2219 970 2275 haec
1015 2235 1152 2273 cum
1218 2220 1444 2275 Priscus
1502 2220 1679 2275 simul
1729 2237 1865 2275 cum
1912 2234 2208 2275 assessore

567 2305 840 2377 perplexo
866 2312 1065 2361 essent
1091 2308 1311 2372 animo,
1335 2313 1391 2362 et
1415 2307 1712 2362 nescirent
1734 2308 2024 2379 quidnam
2056 2309 2208 2363 face-

564 2400 693 2448 rent
722 2395 997 2464 amplius,
1046 2400 1332 2465 tanquam
1363 2397 1421 2450 in
1471 2396 1784 2451 consilium
1826 2413 2002 2452 suam
2042 2397 2207 2452 adhi-

565 2481 770 2537 bentes
800 2484 1109 2549 saevitiam,
1145 2483 1220 2538 ad
1248 2485 1617 2556 puniendum
1645 2500 1851 2539 rursus
1896 2501 1957 2540 se
2000 2492 2205 2540 contu-

565 2568 776 2623 lerunt.
808 2570 961 2635 Quid
989 2571 1146 2625 enim
1163 2578 1408 2642 possent
1428 2572 1814 2635 aliudfacere,
1834 2588 1969 2627 cum
2002 2581 2199 2627 essent

560 2656 834 2729 discipuli
859 2658 1007 2729 ejus,
1039 2660 1141 2730 qui
1197 2659 1305 2713 fuit
1334 2660 1637 2715 homicida
1676 2662 1754 2715 ab
1800 2660 1965 2715 initio
2000 2665 2018 2696 ³
2061 2662 2088 2716 ?
2120 2662 2201 2715 llli

562 2759 702 2814 ergo
748 2761 953 2801 rursus
996 2747 1444 2817 exsculpserunt
1482 2749 1735 2820 lapides,
1790 2755 1846 2804 et
1884 2748 2203 2805 etfecerunt

561 2838 770 2888 acutos
802 2834 1135 2905 ferreosque
1174 2835 1485 2901 obeliscos,
1515 2842 1571 2891 et
1612 2852 1805 2892 serras
1855 2844 1992 2892 sunt
2021 2838 2203 2893 fabri-

559 2921 719 2976 cati:
765 2922 983 2978 deinde
1026 2923 1336 2992 jusserunt
1385 2925 1560 2979 etiam
1593 2923 1715 2981 fodi
1768 2924 2013 2990 fossam,
2065 2942 2200 2997 quae

2325 1783 2547 1848 ἀκούειν,
2607 1789 2692 1836 καὶ
2739 1781 3171 1858 παρακερδαίνειν
3227 1805 3281 1837 τι
3327 1794 3426 1837 τῶν
3486 1786 3789 1860 λεγομένων,
3849 1789 3922 1862 ἐφ’

2322 1874 2395 1933 οἷς
2446 1875 2571 1945 ὑπὲρ
2620 1882 2719 1924 τῶν
2768 1873 2966 1925 οἰκείων
3022 1876 3145 1926 θεῶν
3206 1877 3236 1933 ἤ
3284 1871 3545 1946 δαιμόνων
3630 1876 3922 1949 ἀπολογοῦ.

2320 1980 2460 2033 μενοι
2506 1966 2747 2032 ’γοητείαν
2808 1971 2867 2034 τῇ
2938 1966 3165 2037 μάρτυρι
3239 1973 3547 2035 περιῆπτον’
3603 1971 3693 2018 καὶ
3751 1971 3917 2041 ταύτῃ

2318 2051 2485 2121 ἔλεγον
2560 2058 2824 2123 κρατῆσαι
2901 2057 2990 2103 καὶ
3037 2061 3134 2103 τῶν
3186 2048 3417 2110 ὑδάτων.
3468 2054 3582 2107 Ἐπὶ
3633 2058 3840 2118 τούτοις
3892 2060 3918 2108 ὁ

2322 2143 2546 2211 Πρίσκος
2597 2139 2707 2209 ἅμα
2765 2147 2834 2209 τῷ
2897 2136 3252 2214 συμπαρίδρῳ
3319 2138 3739 2216 διαπορούμενοι,

2316 2233 2387 2299 μὴ
2443 2231 2651 2298 ἔχοντες
2702 2231 2822 2300 ὅπερ
2868 2228 2927 2279 ἂν
2974 2226 3219 2301 δράσωσι
3269 2230 3439 2292 πλέον,
3474 2231 3765 2305 σύμϐουλον
3814 2236 3917 2286 ὧσ-

3824 2151 3915 2197 καὶ

2315 2336 2407 2387 περ
2457 2323 2550 2374 τὴν
2613 2318 2804 2370 οἰκείαν
2852 2318 3234 2391 παραλαϐόντες
3299 2320 3564 2392 ὠμότητα,
3619 2327 3707 2374 καὶ
3768 2319 3917 2383 αὖθις

2314 2410 2440 2479 πρὸς
2486 2410 2544 2457 τό
2592 2406 2827 2466 κολάζειν
2881 2407 3136 2479 ἐχώρουν.
3189 2413 3286 2461 Καὶ
3342 2414 3394 2461 τί
3443 2412 3544 2482 γὰρ
3588 2410 3709 2463 ἄλλο
3768 2413 3912 2483 εἶχον

2313 2502 2497 2556 ποιεῖν,
2552 2497 2787 2565 μαθηταὶ
2836 2503 2926 2547 τοῦ
2975 2495 3029 2558 ἐξ
3071 2495 3243 2568 ἀρχῆς
3297 2495 3718 2571 ἂνθρωποκτόνου
3779 2520 3912 2572 τυγ-

2311 2585 2560 2652 χάνοντες
2585 2599 2598 2649 ;
2634 2586 2787 2637 Λίθοι
2816 2581 2903 2636 οὖν
2933 2585 3087 2637 πάλιν
3115 2586 3286 2647 αὐτοῖς
3312 2587 3381 2649 εἰς
3434 2587 3525 2650 ὀξύ
3556 2584 3591 2641 δ
3596 2588 3906 2661 ιεγλύφοντο,

2312 2669 2571 2723 ὀϐελίσκοι
2615 2691 2668 2724 τε
2722 2670 2947 2743 σιδήρου
2996 2679 3085 2726 καὶ
3136 2679 3341 2748 πρίονες
3400 2674 3766 2746 ἐχαλκεύοντο,
3799 2675 3907 2731 εἶτα

2309 2765 2397 2810 καὶ
2439 2758 2630 2831 βόθρον
2688 2759 2939 2834 ὀρυγῆναι
2987 2758 3349 2828 διεκελεύοντο,
3404 2766 3459 2827 ὃς
3512 2766 3708 2837 ἔμελλεν
3764 2764 3905 2821 ἔνδον

2310 2852 2425 2907 τοὺς
2478 2847 2609 2910 ὀξεῖς
2664 2854 2875 2911 τούτους
2921 2850 3098 2912 λίθους
3153 2857 3242 2905 καὶ
3295 2851 3594 2916 ὀϐελίσκους
3632 2862 3719 2910 καὶ
3764 2863 3901 2932 πρίο-

2308 2955 2398 2997 νας
2450 2936 2655 3007 ἀφανεῖς
2712 2940 2852 3009 ἔχειν
2910 2940 3292 3011 ἐμπεπηγότας,
3348 2941 3533 3013 ὀλίγης
3586 2946 3724 3016 αὐτῷ
3805 2955 3902 3018 γῆς

570 3014 779 3063 acutos
805 3009 918 3064 hos
962 3010 1192 3080 lapides
1222 3017 1277 3065 et
1309 3012 1606 3067 obeliscos
1652 3018 1707 3068 et
1748 3014 2198 3070 serraslatentes

2311 3027 2651 3095 ἐπιχυθείσης
2694 3028 2906 3095 ἄνωθεν,
2938 3029 3072 3079 ὥστε
3119 3009 3212 3086 τὴν
3254 3009 3497 3104 μάρτυρα
3531 3009 3770 3087 διιοῦσαν
3810 3009 3900 3109 ἰμ-

559 3096 778 3153 inﬁxas
797 3105 947 3154 esset
976 3099 1271 3164 habitura,
1305 3116 1495 3171 pauca
1523 3107 1674 3157 terra
1723 3103 1775 3157 ei
1813 3103 2070 3175 desuper
2109 3105 2200 3159 in-

555 3184 711 3253 fusa,
741 3195 801 3241 ut
832 3188 1161 3257 procedens
1194 3194 1437 3260 martyr,
1472 3189 1530 3244 in
1561 3206 1696 3245 eam
1736 3192 2087 3262 imprudens
2115 3194 2199 3247 in-

555 3273 792 3337 cideret,
846 3281 902 3330 et
951 3276 1032 3331 sic
1077 3276 1351 3332 interiret.
1399 3278 1828 3335 Existimabant
1879 3282 2038 3336 enim
2085 3288 2199 3336 sto-

556 3360 684 3425 lidi,
732 3378 865 3417 eam
913 3363 1011 3418 illa
1054 3364 1246 3419 solum
1279 3381 1457 3437 posse
1500 3368 1729 3422 vincere
1776 3375 1897 3423 arte
1942 3369 2194 3438 magica,

555 3463 813 3520 quorum
839 3452 965 3519 jam
996 3453 1317 3523 accepisset
1349 3454 1512 3524 prius
1531 3456 1952 3527 cognitionem,
1979 3464 2036 3513 et
2064 3458 2197 3513 ideo

557 3538 875 3593 studebant
908 3538 1155 3607 efﬁcere,
1190 3547 1253 3597 ut
1282 3558 1401 3598 non
1443 3549 1592 3599 esset
1638 3546 2020 3601 manifestum
2044 3546 2196 3618 peri-

555 3624 779 3680 culum.
809 3625 920 3681 Eos
947 3631 1147 3683 autem
1178 3630 1421 3693 latebat,
1454 3632 1617 3702 quod
1648 3637 1733 3700 tu,
1781 3636 2045 3695 Domine.
2092 3637 2195 3708 qui

555 3713 738 3767 corda
780 3714 1090 3770 hominum
1137 3732 1406 3772 seorsum
1453 3720 1691 3785 tinxisti,
1736 3737 1798 3776 es
1845 3739 1981 3778 cum
2032 3725 2193 3797 ipsis,

554 3805 610 3855 et
633 3800 903 3870 intelligis
932 3803 1136 3858 omnia
1160 3819 1342 3873 opera
1367 3805 1641 3875 ipsorum
1674 3809 1716 3863 ‘.

628 3888 762 3942 Xlll.
791 3887 954 3943 Certe
988 3906 1123 3945 cum
1157 3906 1293 3947 eam
1351 3902 1626 3963 urgerent
1684 3897 1955 3963 ministri,
2008 3907 2069 3955 ut
2094 3916 2197 3972 per

554 3991 692 4031 eum
742 3976 937 4031 locum
986 3980 1274 4041 transiret,
1307 3980 1365 4036 in
1418 3997 1540 4053 quo
1582 3982 1743 4040 fossa
1786 3986 1941 4042 facta
1985 3988 2193 4055 fuerat,

553 4061 651 4117 illa
699 4062 962 4135 quidem,
1016 4081 1152 4121 cum
1182 4067 1326 4123 nihil
1368 4071 1614 4127 omnino
1637 4074 2026 4143 prtevidisset,
2059 4093 2196 4149 quas

556 4156 751 4205 autem
792 4152 1178 4210 cohabitabat
1202 4156 1414 4225 gratia,
1448 4159 1642 4229 ipsam
1681 4161 2035 4231 sublevaret,
2068 4183 2197 4237 per-

552 4239 732 4294 currit
764 4256 942 4310 supra
995 4250 1397 4302 constructam
1450 4247 1695 4315 fossam,
1739 4251 1985 4322 perinde
2031 4271 2103 4311 ac
2148 4258 2193 4312 si

552 4332 767 4429 terram
811 4345 943 4429 non
968 4336 1259 4429 tangeret,
1298 4336 1399 4390 sed
1433 4336 1587 4392 alata
1635 4340 1883 4396 sublime
1923 4341 2188 4400 ferretur.
2224 4375 2266 4429 υ

555 4416 776 4471 Deinde
803 4418 947 4487 quid
974 4418 1033 4472 ﬁt
1057 4421 1085 4474 ‘I
1112 4423 1219 4474 lies
1239 4421 1419 4491 justa,
1453 4428 1511 4478 et
1540 4441 1643 4495 per
1668 4444 1851 4497 quam
1885 4436 2191 4499 cognosci-

555 4509 647 4557 tur
680 4506 828 4558 Deus
849 4505 1078 4573 judicia
1110 4506 1355 4572 faciens,
1389 4516 1444 4565 et
1463 4512 1683 4569 factum
1710 4531 1913 4572 revera
1938 4518 2185 4588 dignum

553 4606 623 4646 ea
647 4607 783 4663 quae
808 4593 1012 4648 omnia
1032 4594 1308 4661 intuetur,
1330 4597 1719 4657 Providentia.
1741 4605 1995 4668 Quidam
2027 4608 2185 4663 enim

548 4679 719 4735 exiis
744 4680 846 4751 qui
879 4688 1197 4753 martyrem
1220 4685 1623 4753 traducebant,
1660 4689 1805 4746 forte
1844 4694 2186 4762 ignorantes

550 4774 791 4838 paratas
816 4770 1079 4835 insidias,
1111 4779 1166 4827 et
1207 4773 1485 4840 volentes,
1544 4784 1864 4851 postquam
1916 4783 2009 4839 illa
2060 4788 2186 4841 sine

546 4855 720 4927 lapsu
768 4859 1012 4923 transiit,
1058 4861 1268 4915 eodem
1319 4862 1399 4916 uti
1432 4868 1722 4923 transitu:
1778 4876 1837 4925 ut
1867 4871 1925 4925 id
1976 4878 2183 4943 totum,

544 4944 707 5014 quod
732 4961 767 5000 a
791 4944 997 5002 divino
1013 4948 1232 5003 Davide
1254 4950 1477 5006 dictum
1502 4961 1589 5008 est
1616 4955 1658 5019 ⁸,
1692 4965 1846 5013 esset
1875 4962 2183 5030 prmdictio

544 5032 696 5120 ejus,
728 5035 891 5103 quod
921 5041 1060 5092 tunc
1086 5037 1305 5093 factum
1336 5046 1422 5094 est
1452 5057 1465 5095 :
1512 5058 1726 5114 nempe
1770 5046 1900 5102 illos
1940 5051 2181 5120 quidem

542 5118 762 5174 {odisse
792 5122 1044 5189 foveam,
1078 5133 1132 5179 et
1155 5127 1209 5180 in
1241 5144 1375 5182 eam
1407 5128 1653 5196 fossam,
1687 5150 1868 5204 quam
1899 5118 2178 5201 lacerant.

542 5206 822 5300 cecidisse
855 5227 866 5263 :
905 5227 1035 5266 cum
1067 5223 1305 5285 repente
1332 5217 1517 5273 fracta
1548 5230 1721 5288 esset,
1746 5241 1880 5295 quae
1900 5226 1958 5282 in
1982 5205 2182 5300 super;

539 5291 668 5345 ﬂcie
699 5293 942 5363 disjecta
967 5307 1090 5355 erat
1122 5308 1292 5370 terra,
1338 5306 1671 5366 inciderunt
1707 5291 1781 5365 in.
1812 5291 2093 5374 foveam':
2126 5328 2181 5375 et

611 5469 630 5499 ⁸
657 5465 827 5521 Joan.
871 5484 995 5533 vin,
1026 5476 1111 5527 44.
1189 5480 1213 5513 ι
1244 5483 1395 5541 Psal.
1435 5458 1618 5554 xxxii,
1656 5490 1735 5545 15.
1813 5492 1834 5526 ⁵
1861 5491 2013 5549 Psal.
2047 5512 2156 5565 va,
2187 5500 2241 5555 7.

2308 3121 2481 3165 πεσεῖν
2530 3114 2668 3185 αύτῲ
2716 3118 2851 3167 κατὰ
2901 3119 2959 3167 τὸ
3006 3116 3273 3185 λανθάνον,
3306 3124 3395 3172 καὶ
3426 3120 3559 3172 οὕτω
3611 3120 3896 3199 διαφθαρῆ-

2307 3219 2409 3253 ναι.
2468 3200 2734 3272 Ἐνόμιζον
2786 3205 2886 3275 γὰρ
2943 3206 2991 3255 οἱ
3038 3206 3254 3279 ἄφρονες
3300 3205 3502 3260 ἐκείνων
3551 3218 3698 3282 μόνον
3774 3213 3887 3264 ἐπε-

2308 3294 2652 3361 κρατεστέραν
2690 3294 2927 3361 γίνεσθαι
2983 3290 3075 3345 διὰ
3128 3301 3390 3364 γοητείας,
3425 3298 3493 3349 ὧν
3551 3296 3651 3357 ἤδη
3700 3302 3887 3372 φθάσει

2306 3381 2397 3434 τὴν
2448 3385 2637 3447 γνῶσιν
2687 3379 3021 3452 παραλαϐεῖν.
3083 3389 3183 3437 Καὶ
3239 3381 3333 3437 διὰ
3410 3394 3566 3440 τοῦτο
3643 3390 3893 3443 ἔσπευσαν

2308 3461 2503 3522 ἄδηλον
2546 3469 2677 3539 αὐτῇ
2734 3472 2819 3519 τὸν
2864 3466 3104 3523 κίνδυνον
3145 3470 3424 3527 διαθεῖναι·
3457 3475 3695 3529 ἐλάνθανε
3720 3474 3776 3530 δε
3805 3479 3896 3530 αύ-

2306 3557 2427 3615 τοὺς
2454 3556 2533 3606 ὃτι
2576 3560 2662 3624 σὺ,
2712 3560 2883 3631 Κύριε,
2906 3560 3017 3630 μετ’
3043 3560 3206 3622 αὐτῆς
3236 3559 3298 3629 εἶ,
3327 3565 3352 3614 ὁ
3396 3567 3533 3617 κατὰ
3569 3570 3726 3637 μόνος
3770 3567 3896 3619 πλά-

2308 3662 2406 3705 σας
2435 3646 2526 3706 τὰς
2550 3642 2773 3717 καρδίας
2804 3655 2903 3699 τῶν
2934 3647 3231 3721 ἀνθρώπων.

2378 3904 2472 3960 ll".
2508 3907 2710 3979 Ἀμέλει
2764 3916 2849 3964 καὶ
2904 3916 3266 3967 συνωθούντων
3328 3917 3489 3976 αὐτὴν
3550 3928 3651 3972 τῶν
3709 3922 3889 3997 ὑπηρε-

2305 4002 2403 4044 τῶν
2437 3991 2509 4046 δι’
2558 3996 2719 4059 αὐτῆς
2766 3995 3001 4067 διελθεῖν,
3052 4005 3171 4056 ἔνθα
3203 4001 3268 4063 δὴ
3308 4012 3397 4059 xui
3453 4009 3479 4059 ὁ
3530 4005 3726 4081 βόθρος
3753 3991 3889 4083 ἐτύγ-

2304 4101 2435 4153 χανε
2474 4081 2897 4173 ῥᾳδιουργηθεὶς,
2930 4089 3092 4149 ἐκείνη
3153 4092 3318 4165 μηδὲν
3372 4096 3498 4159 ὅλως
3528 4081 3887 4173 προειδομίνη,

2304 4179 2401 4233 τῆς
2428 4180 2668 4226 συνοίκου
2710 4172 2769 4228 δε
2798 4182 3020 4251 χάριτος
3065 4182 3228 4241 αὐτὴν
3267 4172 3757 4258 ύποκουφιζούσης,
3790 4187 3886 4243 διέ-

2304 4256 2408 4333 δρα
2462 4264 2551 4333 μὲν
2617 4264 2849 4338 ὑπεράνω
2926 4277 3015 4321 τοῦ
3095 4256 3507 4345 σκαιωρηθίντός
3583 4277 3881 4353 ὀρύγματος,

2302 4352 2473 4421 ὥσπερ
2526 4352 2585 4403 ού
2632 4363 2727 4424 γῆς
2784 4355 3067 4428 ἁπτομένη,
3128 4359 3254 4413 ἀλλά
3326 4369 3580 4438 μετέωρός
3614 4352 3721 4429 γτις
3797 4375 3878 4420 καὶ

2301 4440 2587 4516 ὑπόπτερος
2630 4448 2899 4515 φερομένη.
2950 4442 3073 4499 Εἶτα
3119 4454 3170 4500 τί
3243 4459 3485 4521 ﬂuenti;
3521 4461 3736 4526 Πρᾶγμα
3798 4453 3873 4508 δί-

2299 4547 2445 4580 καιον
2498 4536 2585 4582 καὶ
2626 4528 2696 4583 δι’
2717 4533 2783 4583 ὧν
2829 4541 3141 4605 ’γινώσκεται
3200 4542 3387 4609 Κύριος
3438 4548 3667 4615 κρίματα
3705 4552 3874 4609 ποιῶν,

2298 4622 2387 4669 καὶ
2440 4620 2585 4690 ἔργον
2632 4628 2726 4681 τῆς
2782 4624 2952 4675 πάντα
3012 4624 3281 4699 ἐφορωσης
3357 4636 3607 4704 Προνοίας
3668 4632 3881 4695 ἀληθοῦς

2297 4704 2459 4767 ἄξιον.
2512 4715 2622 4759 Τῶν
2668 4712 2768 4780 ’γὰρ
2833 4716 2927 4769 τὴν
2978 4716 3220 4787 μάρτυρα
3272 4714 3687 4785 διαϐιϐαζόντων
3742 4731 3883 4788 τινες,

2296 4795 2506 4865 ἄγνοιαν
2553 4798 2678 4859 ἴσως
2716 4801 2923 4870 ἔχοντες
2966 4811 3056 4854 τοῦ
3106 4808 3433 4876 πραχθέντος
3485 4807 3717 4885 ἐνέδρου,
3767 4813 3889 4885 βου-

2294 4881 2527 4946 ληθέντες
2575 4890 2700 4955 μετὰ
2746 4891 2804 4939 τὸ
2852 4888 3046 4948 ἐκείνην
3084 4894 3321 4947 ἄπτωτον
3376 4881 3606 4951 διελθεῖν.
3646 4909 3709 4973 τῇ

2294 4976 2608 5043 χρησασθαι
2661 4972 2847 5047 διόδῳ,
2884 4978 2945 5029 ἵν’
2978 4979 3089 5032 ὅλον
3140 4986 3195 5034 τό
3245 4985 3343 5036 ὑπὸ
3396 4995 3486 5039 τοῦ
3542 4990 3681 5041 θείου
3723 4972 3893 5045 Δαυὶδ

2295 5058 2555 5129 εἰρημένον
2624 5071 3000 5139 προαγόρευσις
3160 5080 3251 5123 τοῦ
3308 5080 3424 5126 τότε
3473 5083 3768 5148 γενομένου,
3830 5086 3887 5135 τὸ

2291 5145 2478 5198 λάκκον
2538 5149 2717 5220 ὀρύξαι
2787 5158 2875 5225 μεν
2929 5157 3151 5218 ἐκείνους
3206 5167 3294 5213 καὶ
3351 5162 3674 5236 ἀνασκάψαι,
3737 5167 3896 5241 ἐμπε-

2294 5243 2400 5287 σεῖν
2447 5233 2505 5289 δὲ
2544 5237 2852 5310 παραδόξως
2897 5245 2967 5306 εἰς
3014 5244 3205 5321 βόθρον
3256 5252 3310 5301 ὄν
3359 5233 3689 5323 εἰργάσαντο,
3720 5233 3894 5335 ὑὲτορ-

2286 5323 2535 5396 ῥαγείσης
2583 5328 2741 5390 αὐτῆς
2804 5330 2990 5407 ἁθρόον
3047 5344 3141 5397 τῆς
3192 5338 3246 5400 ἐξ
3299 5338 3547 5403 ἐπιπολῆς
3598 5344 3707 5396 ἅνω
3772 5323 3893 5401 δια-
