4142 6278
256 265 368 321 729

1460 269 1902 327 MARTYHIUM
1938 270 1997 325 S.
2042 269 2446 329 EUPHEMLE.

3515 276 3621 332 730

256 389 558 460 τμηθείσης
607 394 731 458 γῆς.
763 385 1168 459 Ἐμπεπτώκασί
1212 408 1265 444 τε
1308 399 1380 463 τῷ
1417 391 1612 465 βόθρῳ,
1642 399 1732 446 καὶ
1762 395 1861 447 ὑπό

1976 410 2105 451 cum
2127 396 2184 450 in
2216 397 2315 453 illa
2336 403 2511 455 acuta
2536 399 2877 455 incidissent
2904 398 3320 465 instrumenta,
3350 400 3619 456 celeriter

254 487 357 530 τῶν
408 485 682 549 τμητικῶν
739 474 940 527 έκεῖνων
1009 477 1261 550 ὀργάνων,
1341 481 1493 545 ὀξέως
1540 481 1860 555 ἔμπεσόντες,

258 566 503 639 ὀξύτερον
579 562 963 639 διεφθάρησαν.
1034 565 1093 618 'H
1171 567 1298 638 ἁγία
1353 566 1412 621 δὲ
1481 577 1863 645 χαριστηρίους

256 656 452 727 ὕμνους
497 650 739 727 προσῇδε
787 662 859 723 τῷ
915 660 1172 707 σεσωκότι
1225 665 1361 729 Θεῷ,
1390 660 1477 718 Τίς
1524 659 1735 717 λαλήσει
1772 662 1865 723 τὰς

260 740 581 803 δυναστείας
640 760 759 808 σου,
808 742 1053 813 λέγουσα,
1116 744 1378 807 ἀκουστάς
1433 752 1643 806 ποιήσει
1695 750 1866 810 πάσας

255 834 350 891 τὰς
404 830 624 891 αἰνέσεις
686 850 802 895 σου,
867 834 1024 906 Κύριε
1068 850 1080 898 ;
1132 834 1210 887 ὅτι
1255 840 1718 908 μεμαστιγωμένην
1770 842 1864 896 τὴν

260 916 457 977 δούλην
540 938 637 972 σου
698 923 971 992 μαστίγων
1026 920 1303 996 ἀπείρατον
1360 921 1668 998 διεφύλαξας
1710 944 1722 955 ·
1783 928 1864 980 ὅτι

257 1012 429 1080 πυρὸς
472 1010 724 1083 ἥρπασας
754 1026 766 1039 ⁸
802 1010 881 1061 ὄτι
930 1011 1119 1082 θηρῶν,
1154 1017 1241 1065 καί
1284 1009 1497 1079 ὑδατός,
1542 1018 1629 1067 καί
1659 1023 1863 1089 τροχῶν

257 1092 607 1168 διετήρησας,
653 1103 745 1149 καὶ
796 1096 992 1172 βόθρου
1035 1095 1312 1161 διέσωσας.
1345 1106 1444 1154 Καὶ
1481 1109 1588 1172 νῦν,
1632 1107 1866 1155 Δέσποτα

256 1184 514 1254 πολυέλεε,
565 1186 733 1260 ῥῦσαι
778 1192 872 1244 τὴν
912 1185 1097 1258 ψυχήν
1153 1208 1253 1261 μου
1313 1188 1367 1241 ἐκ
1422 1194 1605 1263 χειρὸς
1666 1198 1755 1243 τοῦ
1812 1190 1867 1244 ἐκ

255 1279 528 1347 προγόνων
585 1294 681 1347 μοι
732 1274 978 1347 πολιμίου
1027 1284 1121 1337 τῆς
1172 1280 1392 1349 φύσεως.
1440 1280 1725 1352 Ἀμαρτίας
1762 1284 1866 1332 νεό-

257 1368 410 1422 τητός
450 1381 555 1434 μου
598 1368 694 1416 καὶ
742 1362 952 1434 ἀγνοίας
1001 1384 1101 1436 μου
1154 1372 1223 1437 μὴ
1274 1369 1511 1440 μνησθῇς
1554 1386 1566 1397 ·
1602 1367 1730 1419 ἀλλά
1757 1376 1867 1429 ταῖς

259 1458 356 1501 τῶν
389 1451 518 1523 ὑπερ
576 1459 675 1503 σοῦ
721 1453 943 1526 ῥυέντων
984 1455 1217 1525 αἱμάτων
1267 1474 1367 1527 μου
1404 1456 1603 1529 ῥανίσι,
1640 1460 1866 1529 κάθαρόν

252 1554 357 1607 μου
409 1541 499 1588 τὸν
544 1538 815 1611 μολυσμὸν
862 1544 1055 1614 σαρκός
1096 1560 1149 1593 τε
1196 1548 1284 1594 καί
1327 1545 1634 1614 πνεύματος.
1667 1549 1732 1595 Σύ
1762 1547 1863 1616 γὰρ

251 1621 300 1676 εἷ
345 1627 633 1701 κάθαρσις,
686 1628 951 1700 ἁγιασμὸς
996 1647 1049 1681 τε
1083 1635 1172 1682 καὶ
1225 1634 1492 1703 φωτισμός
1530 1640 1629 1683 τῶν
1668 1630 1864 1684 δούλων

1969 485 2333 541 interierunt.
2371 489 2583 544 Sancta
2611 494 2808 543 autem
2840 488 3050 543 cecinit
3078 488 3360 560 hymnos,
3394 488 3617 560 quibus

1972 574 2088 629 Deo
2114 576 2331 645 agebat
2357 578 2607 645 gratias:
2631 599 2657 627 «
2682 577 3130 647 Quisloquetur,
3160 578 3385 641 dicens,
3411 583 3619 649 poten-

1971 663 2082 717 tias
2134 663 2388 730 Domini,
2442 666 2677 720 auditas
2731 665 2902 720 faciet
2961 680 3168 719 omnes
3208 665 3416 721 laudes
3456 669 3617 731 tuas,

1975 751 2220 805 Domine
2241 753 2263 787 ⁸
2280 752 2308 809 ?
2334 772 2362 804 »
2396 753 2690 818 Quoniam
2713 750 3076 821 ﬂagellatam
3091 752 3370 807 ancillam
3397 758 3562 808 tuam
3584 768 3620 808 a

1972 837 2174 908 ﬂagris
2205 838 2448 895 illeesam
2487 841 2849 896 conservasti
2883 860 2896 908 ;
2930 842 3220 913 quoniam
3252 840 3330 896 ab
3363 840 3499 909 igne
3527 856 3617 896 ra-

1974 927 2173 999 puisti.
2207 929 2501 993 Quoniam
2545 946 2581 985 a
2618 928 2837 993 bestiis,
2871 935 2925 983 et
2955 945 3135 1000 aqua,
3166 933 3222 984 et
3260 928 3400 983 rotis
3427 932 3622 983 custo-

1972 1014 2153 1080 diisti,
2178 1021 2236 1071 et
2269 1032 2305 1071 a
2331 1016 2492 1073 fossa
2521 1018 2900 1073 conservasti.
2936 1019 2998 1072 Et
3022 1032 3201 1081 nunc,
3237 1017 3482 1071 Domine
3513 1016 3623 1071 mi-

1975 1104 2244 1173 sericors,
2273 1105 2459 1161 libera
2485 1106 2750 1163 animam
2780 1122 2975 1161 meam
3007 1121 3038 1159 e
3069 1121 3251 1160 manu
3282 1105 3411 1174 ejus
3440 1104 3545 1176 qui
3584 1119 3620 1159 a

1974 1192 2181 1264 priscis
2229 1195 2597 1264 temporibus
2638 1202 2722 1249 est
2768 1194 2953 1249 hostis
2994 1199 3241 1249 natura).
3303 1212 3331 1245 ιι
3375 1195 3619 1248 Peccata

1967 1282 2290 1351 juventutis
2318 1298 2484 1346 meae,
2534 1288 2588 1337 et
2616 1283 2983 1354 ignorantias
3011 1296 3172 1337 meas
3219 1296 3292 1335 ne
3337 1280 3619 1335 memine-

1975 1369 2055 1425 ris
2078 1371 2098 1404 ⁷
2135 1390 2163 1421 ››
2200 1370 2309 1426 sed
2358 1371 2537 1440 guttis
2568 1370 2649 1427 tui
2681 1370 3009 1440 sanguinis,
3051 1386 3185 1442 quae
3237 1385 3345 1441 pro
3395 1384 3490 1424 me
3517 1368 3621 1424 ﬂu-

1974 1464 2207 1524 xerunt,
2260 1474 2522 1530 expurga
2569 1460 2775 1515 sordes
2829 1475 2975 1514 mem
3022 1458 3219 1513 carnis
3268 1464 3324 1513 et
3352 1458 3617 1527 spiritus.

1974 1550 2055 1602 Tu
2106 1564 2168 1601 es
2213 1549 2369 1602 enim
2411 1549 2706 1619 purgatio,
2741 1546 3127 1603 sanctiﬁcatio
3173 1552 3229 1601 et
3267 1544 3619 1601 illuminatio

1974 1650 2281 1692 servorum
2352 1642 2611 1692 tuorum.
2710 1638 2771 1691 Et
2836 1635 2937 1691 illa
3032 1634 3279 1708 quidem
3353 1633 3481 1689 beec
3535 1636 3622 1687 est

256 1731 377 1768 σου.
426 1721 531 1769 Καὶ
558 1719 594 1775 ἡ
640 1720 730 1789 μὶν
768 1724 935 1769 ταῦτα
964 1717 1178 1782 ηὔξατο,
1210 1723 1415 1781 καὶτῆς
1456 1719 1620 1791 εὑχῆς
1651 1721 1709 1773 οὑ
1741 1717 1776 1773 δ
1782 1723 1864 1779 ιή-

1977 1728 2237 1796 precata,
2264 1730 2319 1780 et
2347 1740 2466 1781 non
2496 1723 2607 1780 fuit
2634 1723 2907 1781 fraudata
2938 1740 3050 1781 sua
3080 1722 3380 1796 petitione.

257 1822 478 1877 μαρτεν.

333 1892 432 1948 ΙΔ’.
474 1894 535 1947 ⁸0
591 1899 816 1966 Πρίσκος
865 1892 924 1949 δε
978 1895 1127 1949 ἄλλον
1178 1895 1366 1949 ἐπινοεῖ
1421 1897 1573 1949 πάλιν
1620 1904 1682 1970 τῇ
1730 1900 1861 1971 μάρ-

255 2001 377 2055 τυρι
410 1981 629 2057 βόθρον,
663 1984 721 2036 ού
776 1990 1017 2057 σώματος
1056 1984 1328 2049 ἀπώλειαν,
1378 1984 1505 2038 ἀλλὰ
1548 1985 1736 2058 ψυχῆς
1776 1988 1864 2059 ἔμε

256 2078 531 2137 ποιοῦντα,
565 2078 655 2125 καὶ
706 2078 823 2145 περὶ
871 2078 1050 2127 πίστιν
1103 2078 1190 2126 τὸν
1243 2071 1481 2127 κίνδυνον
1530 2074 1857 2150 ἐπιφέροντα.

255 2158 758 2232 Μετακαλεσάμενος
808 2163 910 2235 γὰρ
966 2160 1149 2225 αὑτὴν,
1206 2166 1295 2213 καί
1366 2164 1424 2214 τὸ
1494 2166 1583 2235 μεν
1660 2162 1861 2235 ὀργίλον

249 2250 341 2297 καὶ
374 2248 727 2321 ὑπεροπτικὸν
776 2247 1105 2322 ἀποθέμενος,
1153 2252 1254 2302 ὑπό
1300 2248 1456 2303 δασεῖ
1489 2248 1550 2304 δε
1580 2259 1652 2322 τῷ
1682 2248 1860 2324 κωδίῳ

243 2334 461 2405 κρύψας
505 2339 595 2387 τόν
651 2336 825 2402 λύκον,
879 2339 1014 2389 πάνυ
1075 2357 1128 2390 τε
1180 2342 1264 2391 τόν
1320 2346 1484 2413 πρᾶον
1532 2341 1854 2414 ὑποκριθείς,

244 2425 311 2474 Σύ
339 2427 430 2494 μεν
459 2424 769 2489 ἠπάτησαι,
800 2428 891 2497 ἔφη
924 2444 937 2455 ’
966 2430 1056 2477 καὶ
1076 2430 1127 2477 τί
1150 2429 1250 2499 γὰρ
1285 2428 1586 2499 θαυμαστόν
1616 2429 1659 2480 εἰ
1682 2433 1813 2499 γυνή
1840 2446 1854 2496 ;

244 2510 382 2569 πλὴν
439 2511 580 2566 ἀλλὰ
656 2519 743 2567 καὶ
796 2515 944 2586 ἡμεῖς
1000 2516 1065 2575 ὡς
1119 2515 1213 2567 οῦκ
1258 2513 1365 2568 ἔδει
1416 2522 1857 2590 πεπαρῳνήκαμεν

243 2600 314 2662 είς
359 2604 419 2655 σε
465 2606 563 2661 τὴν
606 2607 860 2675 γενναίαν.
911 2603 1017 2675 Ἐφ’
1063 2604 1141 2665 οἷς
1172 2609 1486 2677 συγγνώμην
1530 2606 1656 2675 ἡμῖν
1680 2623 1857 2679 παρα-

246 2698 472 2762 σχοῦσα
524 2692 681 2744 θῦσον
730 2700 801 2761 τῷ
848 2691 1054 2763 μεγάλῳ
1101 2694 1195 2762 θεῷ
1245 2691 1412 2765 Ἀρει,
1460 2698 1551 2745 καὶ
1609 2697 1856 2754 τοσοῦτός

252 2797 312 2831 σε
360 2780 583 2839 πλοῦτος
629 2784 719 2831 καὶ
766 2776 898 2841 δόξα
934 2784 1025 2831 καὶ
1056 2780 1263 2849 ἀγαθῶν
1303 2777 1564 2842 ἐκδέξεται
1592 2780 1851 2843 θάλασσα,

253 2870 327 2930 ὼς
381 2871 587 2920 πάντων
645 2866 843 2919 ἐκείνων
898 2865 1343 2939 ἀμνημονὴσασαν
1402 2868 1566 2928 ζῆσαι
1623 2872 1676 2919 τό
1731 2871 1861 2934 μετὰ

257 2963 432 3008 ταῦτα
475 2955 640 3014 καλῶς
685 2960 773 3007 καὶ
827 2952 1017 3017 ἡδέως,
1064 2956 1237 3027 ὥσπερ
1286 2957 1390 3027 ἄρα
1427 2960 1515 3007 καὶ
1570 2961 1678 3028 χρὴ
1725 2975 1861 3029 παρ-

2042 1901 2174 1959 XIV.
2216 1901 2448 1957 Priscus
2512 1905 2709 1956 autem
2740 1917 2945 1956 rursus
2975 1900 3155 1957 aliam
3197 1900 3421 1957 fossam
3465 1916 3624 1958 mar-

1971 1990 2083 2062 tyri
2115 1991 2423 2059 excogitat,
2447 2005 2583 2062 qum
2615 2004 2733 2045 non
2764 1988 3046 2045 afferebat
3076 1990 3378 2044 interitum
3410 2004 3622 2061 corpo-

1970 2079 2072 2144 ris,
2105 2079 2209 2133 sed
2241 2079 2478 2141 animm,
2521 2084 2576 2132 et
2602 2079 2758 2133 circa
2784 2078 2964 2134 ﬁdem
3005 2077 3240 2133 creabat
3267 2077 3619 2149 periculum.

1968 2167 2120 2223 Nam
2151 2183 2287 2222 cum
2307 2182 2440 2222 eam
2459 2166 2883 2231 accersivisset,
2905 2172 2962 2221 et
2978 2166 3346 2221 iracundiam
3374 2165 3618 2239 quidem

1970 2260 2026 2311 et
2072 2255 2418 2328 superbiam
2471 2256 2861 2327 deposuisset,
2912 2256 3095 2310 denso
3154 2259 3352 2310 autem
3411 2252 3621 2310 vellere

1968 2343 2179 2417 lupum
2211 2346 2465 2413 texisset,
2488 2351 2542 2399 et
2567 2344 2887 2400 maximam
2918 2342 3572 2399 simulassetlenitatem
3603 2358 3618 2398 :

1966 2436 2051 2490 Tu
2092 2434 2364 2507 quidem,
2398 2433 2611 2503 inquit,
2669 2433 2820 2488 falsa
2849 2448 2937 2487 es.
2974 2435 3088 2488 Nec
3140 2437 3226 2487 est
3260 2430 3478 2486 mirum
3510 2446 3526 2497 ;
3555 2445 3619 2485 es

1966 2523 2125 2577 enim
2184 2522 2428 2578 femina.
2464 2522 2577 2579 Sed
2627 2537 2737 2577 nos
2788 2537 3030 2594 quoque
3075 2521 3134 2576 in
3175 2527 3228 2575 te
3267 2520 3620 2593 praeclaram

1969 2610 2259 2681 virginem
2306 2611 2493 2683 (quod
2526 2613 2747 2665 utinam
2782 2610 2999 2665 factum
3032 2625 3151 2665 non
3184 2615 3339 2664 esset
3370 2608 3409 2680 Ι)
3446 2607 3621 2663 nimis

1966 2699 2189 2759 fuimus
2244 2698 2592 2771 petulantes.
2627 2699 2891 2764 Quorum
2939 2697 3109 2753 nobis
3152 2697 3303 2751 dans
3357 2697 3613 2760 veniam,

1968 2788 2237 2844 sacriﬁca
2268 2803 2490 2857 magno
2530 2787 2643 2843 deo
2684 2785 2851 2842 Marti
2881 2802 2893 2841 :
2923 2791 2981 2841 et
3018 2790 3074 2841 te
3105 2789 3284 2840 tantm
3327 2784 3621 2855 excipient

1968 2876 2206 2940 divitia),
2264 2881 2324 2931 et
2388 2880 2619 2930 tantum
2677 2891 2840 2930 mare
2897 2875 3212 2937 bonorum,
3257 2879 3317 2928 ut
3346 2874 3618 2929 omnium

1970 2963 2208 3018 illorum
2230 2962 2435 3030 oblita,
2462 2964 2706 3018 honeste
2734 2963 3009 3034 deinceps
3061 2964 3227 3017 vivas
3257 2967 3314 3016 et
3332 2961 3616 3031 jucunde,

266 3045 409 3096 θένον
469 3045 737 3110 τοιαύτην,
795 3042 927 3095 οὕτω
983 3046 1072 3115 μεν
1137 3042 1321 3107 καλήν,
1375 3043 1509 3095 οὑτω
1556 3040 1616 3097 δε
1687 3048 1864 3115 γένους

1976 3048 2038 3097 ut
2066 3041 2242 3097 talem
2272 3042 2442 3099 decet
2484 3045 2792 3112 virginem,
2843 3049 2963 3098 tam
3022 3041 3355 3112 pulchram,
3410 3047 3467 3096 et
3498 3046 3619 3095 tam

264 3136 359 3184 καὶ
412 3136 742 3204 περιφανείας
793 3134 1045 3204 ἔχουσαν.
1078 3131 1134 3184 Ἡ
1182 3127 1241 3185 δε
1288 3135 1618 3204 πανεύφημος
1661 3131 1864 3195 ἀληθῶς

265 3221 517 3293 Εὑφημία
570 3226 797 3291 γενναῖόν
849 3240 902 3272 τι
974 3225 1065 3272 καὶ
1116 3217 1382 3293 ἀνδρῶδες
1426 3219 1729 3293 ίμϐλέψασα
1793 3228 1865 3291 τῷ

263 3312 524 3382 τυράννῳ,
573 3308 643 3362 Ὠ
686 3309 844 3380 ψυχὴ
897 3315 1229 3381 κακότεχνος,
1283 3311 1398 3382 ἔφη,
1452 3306 1607 3362 δόλου
1652 3306 1861 3369 δηλαδὴ

262 3404 507 3471 γέμουσα
558 3403 650 3452 καί
701 3402 916 3472 πικρίας
977 3411 988 3422 ·
1046 3395 1086 3448 ὦ
1145 3395 1393 3469 δαιμονία
1443 3403 1621 3471 γνώμη
1673 3397 1867 3473 ἀνθρω-

263 3492 419 3539 πείαν
471 3486 590 3558 ὄψιν
643 3489 997 3559 μεμιμημένη,
1054 3485 1113 3537 ού
1170 3489 1347 3558 παύση
1404 3490 1527 3538 ποτε
1601 3485 1769 3561 ληρῶν
1813 3505 1867 3539 τε

264 3580 351 3627 καὶ
420 3583 723 3647 κακουργῶν
794 3576 1057 3648 ἄπρακτα,
1110 3580 1200 3626 καὶ
1255 3576 1391 3626 κατά
1450 3582 1548 3627 τῶν
1604 3582 1695 3627 τοῦ
1740 3582 1865 3648 Χρι-

269 3672 401 3716 στοῦ
430 3661 630 3716 δούλων
660 3668 853 3738 μυρίας
885 3667 1273 3735 τεκταινόμενος
1297 3665 1386 3722 τάς
1426 3659 1658 3732 παγίδας
1689 3680 1703 3729 ;
1735 3664 1864 3733 Ἐγὼ

272 3753 419 3803 θύσω
488 3753 613 3803 ποτὶ
679 3746 902 3822 δαίμοσι
959 3754 1049 3801 καὶ
1124 3746 1353 3810 ιίδώλοις
1408 3752 1537 3821 μετά
1606 3752 1868 3812 τοσαύτας,

274 3838 511 3912 μάλιστα
565 3847 660 3890 τοῦ
720 3838 845 3911 ἐμοῦ
894 3843 1157 3892 Δεσπότου
1214 3840 1310 3900 τὰς
1360 3837 1654 3909 ἀντιλήψεις
1696 3841 1869 3910 ;μετά

272 3932 369 3987 τὴν
420 3928 475 3980 έκ
520 3928 836 3987 τηλικούτων
892 3930 1053 4003 ἔργων
1108 3936 1199 3989 τῆς
1251 3926 1493 3988 ἀληθείας
1532 3924 1799 3989 ἀπόδειξιν
1851 3944 1865 3993 ;

273 4018 404 4090 μετά
458 4020 517 4069 τὸ
574 4025 799 4090 φανερῶς
854 4017 939 4088 έμε
986 4020 1075 4069 καί
1128 4014 1507 4091 ἀναντιρῥήτως
1570 4023 1868 4087 καταισχῦ-

273 4127 359 4159 ναι
388 4110 477 4178 μεν
526 4107 667 4178 ὑμῶν
696 4111 790 4164 τὴν
837 4105 1155 4171 ἀλαζονείαν,
1209 4104 1479 4176 ἀπελέγξαι
1524 4101 1583 4157 δὲ
1631 4111 1724 4163 τὴν
1770 4114 1866 4156 τῶν

276 4194 617 4267 σεϐασμάτων
666 4194 930 4248 ἀσθένειαν
979 4200 1069 4247 καὶ
1124 4194 1347 4266 μεγάλην
1397 4194 1532 4245 οὕτω
1584 4197 1718 4245 κατά
1774 4199 1869 4252 τῆς

272 4285 467 4345 πλάνης
505 4288 599 4342 την
636 4289 784 4342 νίκην
837 4285 1117 4358 ἄρασθαι;
1166 4283 1359 4335 Πολλοῦ
1406 4283 1467 4333 ἄν
1524 4300 1606 4333 σοι
1652 4280 1871 4349 γέλωτος

274 4374 483 4445 ἕκρίθην
535 4371 676 4437 ἀξία,
718 4368 958 4444 δακρύων
1010 4367 1069 4423 δε
1098 4370 1287 4441 μᾶλλον
1318 4371 1461 4440 ποιρά
1504 4375 1607 4426 τοῖς
1652 4364 1707 4419 εὖ
1752 4386 1872 4440 φροο

274 4470 425 4513 νοῦσι
475 4465 565 4512 καί
604 4458 934 4532 φοϐουμένοις
982 4462 1069 4509 τόν
1124 4460 1333 4529 Κύριον.
1390 4459 1572 4517 Λύσας
1636 4452 1723 4507 οὖν
1776 4459 1869 4513 τὴν

280 4554 477 4607 σκηνὴν
533 4553 624 4600 καὶ
670 4552 754 4600 τόν
804 4549 1058 4617 τεχνητὸν
1113 4547 1246 4619 ἄρνα
1295 4550 1384 4597 καὶ
1423 4549 1515 4603 τὴν
1559 4543 1870 4617 έπίχριστον

279 4636 574 4700 ἕπιείκειαν,
618 4635 772 4688 αὑτὸν
803 4637 927 4707 ἡμῖν
970 4638 1056 4686 τόν
1094 4636 1292 4692 συνήθη
1342 4638 1567 4705 Πρίσκον
1590 4629 1867 4696 ἐπίδειξον,

281 4726 412 4794 μετὰ
440 4732 531 4784 τῆς
569 4724 717 4797 φίλης
748 4724 1015 4795 ὠμότητος
1060 4729 1149 4775 καὶ
1188 4732 1278 4775 τοῦ
1331 4723 1559 4795 θράσους
1604 4736 1618 4751 ’
1662 4720 1874 4773 κάκεῖνα

283 4808 319 4864 δ
324 4818 352 4870 ἡ
381 4819 592 4886 πρᾶττε,
624 4816 723 4865 ὅσα
756 4832 840 4865 σοι
870 4815 1003 4864 κατά
1038 4818 1249 4883 γνώμην
1279 4810 1393 4864 ἐστὶ
1420 4818 1596 4872 ποιεῖν,
1628 4810 1657 4869 ἡ
1683 4808 1872 4881 μᾶλλον

282 4902 479 4976 ὅσαπερ
506 4903 533 4953 ό
560 4898 886 4965 διδάσκαλός
919 4920 1013 4953 σου
1045 4906 1134 4953 καὶ
1164 4896 1449 4961 παιδευτὴς
1478 4895 1721 4959 διάϐολος
1745 4899 1876 4950 ὑπο-

282 4990 513 5047 τίθησιν.

354 5077 457 5134 ΙΕ’,
515 5076 712 5153 Ὀργῆς
763 5077 847 5131 έπὶ
903 5080 1105 5137 τούτοις
1157 5078 1182 5129 ό
1249 5080 1474 5150 Πρίσκος
1521 5075 1873 5137 ὑποπλησθεὶς

281 5166 543 5237 (ἠλέγχθη
573 5170 675 5239 γάρ
704 5166 751 5218 ίν
792 5164 991 5240 βραχεῖ
1041 5170 1099 5217 τό
1142 5168 1518 5239 προσποιητόν,
1563 5171 1651 5216 καὶ
1703 5160 1871 5216 ἀπέδυ

279 5259 367 5307 τόν
398 5260 658 5329 κροκωτόν
690 5259 718 5315 ἡ
751 5256 934 5327 γαλῆ),
964 5251 1179 5330 ῥάϐδοις
1224 5260 1316 5312 τὴν
1353 5256 1595 5327 μάρτυρα
1644 5252 1871 5328 βαρυτά-

278 5362 397 5407 ταις
424 5344 615 5398 κελεύει
654 5346 962 5398 τύπτεσθαι.
1013 5342 1151 5397 Ἐπεὶ
1193 5338 1252 5395 δε
1275 5338 1627 5417 ῥαϐδιζομένη
1654 5346 1743 5394 καί
1769 5349 1869 5393 τῶν

351 5548 371 5577 ⁸
397 5542 550 5600 Psal.
578 5559 666 5614 cv,
699 5543 752 5598 2.
861 5542 882 5576 "
917 5539 1069 5597 Psal.
1097 5554 1257 5606 xxrv,
1288 5538 1344 5594 7.

1975 3130 2200 3186 claram
2235 3134 2704 3199 genere.Revera
2720 3137 2917 3186 autem
2951 3130 3265 3186 benedicta
3300 3128 3621 3200 Euphemia

1978 3224 2297 3291 tyrannum
2338 3234 2621 3288 generose
2672 3226 2726 3273 et
2755 3218 2990 3273 virililer
3026 3219 3262 3273 intuens
3307 3234 3320 3271 :
3352 3219 3395 3273 Ο
3428 3215 3613 3280 vafra,

1976 3307 2429 3378 inquit,anima,
2461 3306 2597 3359 dolo
2630 3305 2806 3377 plena
2836 3312 2891 3360 et
2916 3306 3309 3360 amaritudine
3340 3304 3353 3357 Ι
3382 3306 3425 3361 Ο
3450 3318 3619 3358 mens

1975 3395 2369 3459 daamoniaca,
2404 3393 2972 3449 humanamimitata
2998 3393 3269 3463 speciem,
3309 3406 3619 3462 nunquam

1977 3483 2240 3541 cessabis
2272 3483 2504 3554 nugari,
2533 3488 2589 3537 et
2613 3482 2830 3537 frustra
2854 3481 3138 3536 scelerata
3178 3480 3325 3535 inire
3351 3478 3616 3543 consilia,

1975 3577 2035 3627 et
2070 3573 2361 3627 adversus
2413 3570 2626 3626 Christi
2658 3585 2859 3625 servos
2903 3569 3152 3640 laqueos
3187 3569 3423 3623 tendere
3456 3567 3623 3622 innu-

1979 3660 2293 3715 merabiles
2323 3657 2351 3714 7
2382 3660 2501 3729 Ego
2540 3674 2851 3730 nunquam
2867 3658 3218 3713 sacriﬁcabo
3247 3654 3620 3711 daemonibus

1976 3756 2031 3805 et
2068 3748 2422 3810 simulacris,
2466 3748 2719 3803 maxime
2769 3763 2907 3802 cum
2967 3762 3059 3801 me
3116 3746 3400 3801 Dominus
3455 3743 3623 3799 toties

1975 3838 2474 3902 defenderit,cum
2506 3840 2626 3891 tam
2660 3835 2857 3891 multis
2882 3834 3164 3907 operibus
3192 3830 3623 3889 demonstrarit

1977 3927 2299 3991 veritatem,
2325 3942 2465 3982 cum
2504 3929 2630 3980 tam
2669 3930 2870 3995 aperte
2916 3929 2973 3979 et
3001 3923 3149 3979 citra
3178 3922 3359 3978 ullam
3392 3926 3625 3976 contro-

1976 4015 2252 4078 versiam,
2272 4020 2527 4069 vestram
2558 4012 2958 4081 arrogantiam
2984 4011 3269 4067 dedecore
3296 4009 3618 4073 aﬂ'ecerim,

1976 4110 2032 4160 et
2057 4120 2264 4157 eorum
2296 4118 2431 4174 qum
2463 4100 2676 4164 colitis,
2710 4101 3006 4170 arguerim
3032 4098 3512 4164 imbecillitatem,
3542 4099 3624 4150 at-

1975 4207 2093 4261 que
2124 4190 2409 4243 adversus
2447 4204 2703 4243 errorem
2739 4193 2856 4241 tam
2889 4186 3235 4256 praeclaram
3265 4184 3482 4254 adepta
3510 4183 3621 4239 sim

1979 4277 2306 4332 victoriam.
2361 4275 2658 4331 Judicarer
2708 4290 2816 4345 ego
2868 4273 2975 4328 tibi
3019 4273 3194 4344 plane
3224 4271 3492 4335 ridicula,
3523 4270 3618 4326 vel

1976 4368 2177 4438 potius
2206 4365 2391 4433 digna
2420 4361 2691 4433 lacrymis
2721 4360 2881 4431 apud
2896 4376 2997 4416 eos
3025 4362 3126 4432 qui
3159 4366 3311 4414 recte
3342 4360 3624 4423 sentiunt,

1977 4462 2035 4511 et
2077 4453 2284 4508 timent
2333 4452 2671 4506 Dominum.
2706 4449 2923 4504 Ablata
2951 4463 3092 4518 ergo
3122 4463 3320 4512 scena,
3352 4452 3410 4502 et
3438 4461 3623 4514 agno,

1976 4559 2156 4617 quem
2202 4547 2323 4595 arte
2355 4539 2681 4610 suscepisti,
2723 4545 2776 4593 et
2808 4537 3087 4593 simulata
3135 4534 3619 4599 mansuetudine,

1979 4632 2177 4703 ipsum
2227 4628 2463 4684 solitum
2495 4627 2665 4681 nobis
2708 4626 2966 4680 Priscum
2997 4625 3264 4689 ostende,
3292 4639 3451 4688 cum,
3486 4638 3623 4694 qua:

1980 4727 2067 4776 est
2093 4720 2144 4774 ei
2170 4724 2360 4790 grata,
2417 4716 2635 4770 smvitia
2687 4720 2744 4768 et
2773 4714 3030 4769 audacia
3060 4730 3072 4767 :
3113 4719 3169 4768 et
3200 4712 3298 4768 illa
3339 4712 3451 4777 fac,
3483 4725 3621 4782 quae

1982 4808 2241 4864 sunttibi
2292 4805 2455 4860 cordi
2503 4804 2713 4866 facere,
2748 4809 2849 4857 aut
2896 4801 3110 4871 potius,
3150 4816 3285 4871 quin
3347 4799 3623 4869 magister

1981 4903 2039 4953 et
2059 4901 2384 4967 praeceptor
2407 4900 2540 4948 tuus
2571 4891 2669 4947 tibi
2701 4890 2963 4961 suggerit
2982 4888 3279 4946 diabolus.

2053 5073 2159 5129 XV.
2213 5069 2445 5125 Priscus
2488 5073 2728 5140 propter
2780 5065 2908 5120 haec
2979 5064 3066 5118 ira
3113 5061 3373 5133 repletus
3442 5058 3633 5131 (brevi

1983 5162 2140 5216 enim
2195 5157 2571 5229 deprehensa
2618 5156 2726 5210 fuit
2793 5151 3113 5216 simulatio,
3183 5155 3239 5204 et
3290 5149 3417 5205 telis
3475 5149 3634 5203 exuit

1980 5247 2312 5318 crocoton),
2332 5246 2496 5316 jubet
2524 5253 2846 5315 martyrem
2873 5241 3053 5309 virgis
3077 5238 3373 5294 verberari
3405 5238 3624 5307 gravis.

1980 5336 2171 5393 simis.
2220 5334 2368 5391 Cum
2399 5339 2600 5388 autem
2635 5330 2812 5400 virgis
2842 5344 3018 5395 caesa,
3068 5328 3277 5400 plagas
3305 5325 3483 5383 simul
3507 5325 3634 5380 irri-
