4142 6278
580 218 677 271 731

1874 216 2124 272 MENSIS
2163 213 2614 272 SEPTEMBER.

3831 221 3947 275 732

580 340 744 397 deret
776 346 828 397 et
857 345 1201 413 tyrannum,
1234 343 1281 397 is
1312 343 1386 397 ad
1418 344 1707 413 majorem
1739 344 1889 399 iram
1929 356 2209 398 accensus

2331 341 2543 412 πληγῶν
2598 342 2708 414 ἄμα
2762 347 2851 395 καὶ
2916 350 3007 394 τοῦ
3061 343 3313 413 τυράννου
3388 347 3724 413 κατεμωκᾶτο
3805 347 3941 417 πρὸς

582 431 859 501 proponit
886 431 1130 502 quidem
1172 447 1362 487 serras
1400 438 1621 497 acutas,
1673 438 1729 487 et
1784 431 2000 488 ferreas
2042 436 2227 486 sarta-

582 518 752 586 gines
788 518 800 572 l
830 518 1002 573 lubet
1041 524 1236 574 autem
1267 519 1432 574 ferris
1468 521 1712 591 quidem
1746 522 1802 575 in
1844 522 1992 575 duas
2025 525 2222 591 partes

582 607 766 662 secari
794 622 1009 676 corpus
1042 608 1745 679 martyris,sartaginibus
1772 625 1911 665 vero
1936 609 2225 664 dissectas

580 708 788 749 carnes
819 694 985 749 valde
1016 694 1284 764 eliquari,
1312 701 1373 752 ut
1403 714 1586 769 usque
1616 700 1690 754 ad
1721 700 2001 771 ipsaossa
2017 696 2225 752 dissol-

580 788 857 838 verentur
886 784 941 838 in
997 782 1279 840 cinerem.
1322 788 1467 843 Cum
1516 794 1713 844 autem
1758 804 1933 843 serrae
1966 787 2222 842 adduce-

577 876 780 927 rentur
818 872 893 927 ad
926 888 1139 943 corpus
1184 874 1492 944 virginale,
1535 876 1775 946 perinde
1801 882 1979 949 atque
2005 877 2050 931 si
2084 875 2223 931 ada-

579 960 907 1014 mantinam
966 961 1231 1032 aliquam
1260 969 1565 1033 tangerent
1596 964 1925 1030 materiam,
1980 964 2065 1019 eis
2097 964 2223 1033 qui-

577 1046 717 1103 dem
752 1048 1198 1105 obtundebatur
1228 1053 1406 1119 acies,
1449 1059 1505 1107 et
1535 1054 1777 1108 secandi
1816 1052 1875 1108 vi
1909 1052 2223 1124 privaban-

581 1144 672 1192 tur
702 1154 719 1207 ;
746 1139 900 1206 ignis
959 1145 1155 1195 autem
1188 1143 1693 1211 exstinguebatur,
1749 1149 1805 1199 et
1826 1148 2052 1213 martyr
2085 1159 2219 1197 con-

578 1226 924 1282 servabatur
952 1226 1158 1285 illaesa.
1194 1231 1300 1285 Sed
1326 1231 1472 1302 quid
1504 1231 1630 1286 haec
1660 1230 1737 1285 ad
1764 1232 2053 1297 animam,
2086 1246 2221 1301 quae

576 1320 668 1370 est
699 1331 812 1370 sua
841 1322 1053 1387 sponte
1092 1318 1295 1385 surda,
1336 1325 1391 1375 et
1420 1335 1542 1375 non
1590 1322 1785 1390 potest
1841 1318 2022 1374 ullam
2059 1319 2219 1390 piam

576 1404 879 1474 suscipere
905 1406 1323 1474 cogitationem
1362 1407 1389 1461 7
1422 1408 1639 1463 Etenim
1672 1424 1806 1463 cum
1840 1409 1965 1463 haec
1994 1407 2217 1472 ﬁerent,

577 1491 802 1546 Priscus
829 1492 985 1549 idem
1012 1510 1137 1550 esse
1167 1496 1448 1565 pergebat
1472 1502 1526 1551 et
1556 1512 1675 1552 non
1707 1496 1984 1552 cessabat
2023 1495 2225 1551 adver-

577 1596 678 1634 sus
708 1582 887 1635 Deum
924 1581 1143 1637 bellum
1173 1598 1393 1653 gerere.
1424 1588 1568 1639 Nam
1595 1585 1693 1640 lux
1710 1601 2117 1656 quoque,quae
2139 1592 2227 1641 est

2332 432 2539 484 πλείονα
2590 436 2682 489 τὴν
2730 431 2889 503 ὀργὴν
2941 431 3087 492 οὗτος
3136 429 3522 500 ἁνακαιόμενος,
3566 436 3787 503 πρίονας
3839 436 3939 503 μὶν

2334 523 2644 589 προτίθησιν
2696 519 2848 583 ὀξεῖς,
2920 525 3010 571 καὶ
3070 517 3271 589 σιδηρᾶ
3324 525 3544 588 τηγανα.
3607 521 3811 573 Κελεύει
3871 519 3939 574 δε

2332 616 2440 671 τοῖς
2491 612 2579 680 μὲν
2630 613 2811 681 πρίοσι
2855 606 3161 679 διχοτομεῖν
3205 612 3260 660 τὸ
3315 617 3470 679 σῶμα
3512 616 3607 672 τῆς
3636 612 3935 685 μάρτυρος,

2334 705 2440 760 τοῖς
2480 702 2725 769 τηγάνοις
2768 696 2827 752 δὲ
2874 702 2939 750 τὰ
2977 695 3404 769 διχοτομούμενα
3448 707 3548 750 τῶν
3594 708 3807 773 σαρκῶν
3851 700 3941 753 έκ-

2332 793 2505 845 τὴκειν
2551 788 2691 860 μα’λα
2722 784 2985 860 σφοδρῶς,
3015 789 3085 848 ὡς
3128 788 3305 848 αὐτοῖς
3347 788 3547 849 ὀστέοις
3597 788 3669 850 εἰς
3724 786 3936 842 σποδὸν

2330 877 2565 931 λύεσθαι.
2623 878 2763 930 Ἐπεὶ
2819 875 2878 929 δὲ
2934 878 2983 929 οἱ
3051 881 3256 948 πρίονες
3310 885 3383 945 τῷ
3433 878 3729 949 παρθενικῷ
3809 881 3943 937 ἐπή-

2330 986 2482 1035 γοντο
2533 972 2757 1037 σώματι,
2811 967 2897 1018 οἰα
2948 962 3016 1023 δὴ
3072 985 3207 1026 τινος
3255 961 3615 1036 ἀδαμαντίνης
3649 965 3942 1036 ἁπτόμενοι

2331 1058 2546 1126 φύσεως,
2602 1056 2749 1107 αύτοὶ
2912 1054 3231 1123 ἠμϐλύνοντο
3275 1057 3367 1116 τὰς
3416 1054 3606 1126 ἀκμὰς,
3657 1060 3749 1108 καὶ
3804 1056 3941 1128 ἁφη·

2329 1152 2511 1214 ροῡντο
2540 1149 2633 1202 τήν
2680 1148 2935 1215 τμητικήν
2967 1141 3188 1214 δύναμιν
3236 1162 3249 1173 ⁸
3294 1148 3353 1196 τό
3395 1152 3496 1219 πῦρ
3531 1141 3590 1197 δε
3640 1143 3938 1210 ἐσϐέννυτο,
3990 1210 3993 1211 ν

2330 1239 2419 1285 καὶ
2473 1236 2503 1290 ἡ
2561 1236 2761 1305 μάρτυς
2804 1232 3011 1295 ἀπαθὴς
3065 1230 3367 1293 διεσώζετο.
3434 1234 3593 1287 Ἀλλὰ
3650 1240 3702 1287 τί
3767 1243 3945 1287 ταῦτα

2328 1326 2461 1395 πρὸς
2499 1322 2915 1394 ἒθελοκωφοῦσαν
2958 1323 3167 1394 ψυχὴν,
3221 1328 3312 1375 καὶ
3360 1320 3593 1385 διανοίας
3640 1326 3818 1385 ποίσης
3862 1325 3940 1377 εύ·

2333 1411 2515 1472 σεϐοῦς
2574 1408 2937 1485 ἁπαράδεκτον
2994 1431 3007 1477 ;
3069 1417 3170 1465 Καὶ
3223 1415 3417 1465 τούτων
3466 1416 3568 1484 γὰρ
3628 1418 3938 1485 γινομένων,

2331 1502 2357 1553 ό
2390 1506 2621 1575 Πρίσκος
2664 1504 2740 1554 ἔτι
2787 1510 2887 1554 τῶν
2924 1502 3093 1554 αὐτῶν
3135 1504 3327 1574 εἴχετο,
3376 1508 3465 1556 καὶ
3511 1512 3605 1556 τοῦ
3651 1506 3939 1576 θεομαχεῖν

2331 1590 2424 1641 οὐκ
2478 1588 2753 1661 ἀφίστατο.
2799 1592 2939 1644 Ἐπεὶ
2984 1597 3071 1643 καὶ
3116 1595 3175 1644 τὸ
3206 1592 3348 1664 φίλον
3394 1599 3525 1645 πᾶσι
3556 1600 3660 1664 φῶς
3684 1600 3938 1647 νοσοῦσιν

574 1669 769 1723 amica
799 1670 1105 1736 omnibus,
1136 1688 1255 1726 non
1278 1680 1365 1727 est
1394 1675 1609 1739 amica,
1645 1674 1747 1729 sed
1778 1674 2020 1730 inimica
2050 1674 2209 1742 aegris

2331 1679 2617 1751 ὀφθαλμοῖς
2672 1680 2732 1733 ού
2786 1681 2949 1753 φίλον,
2998 1680 3126 1733 ἀλλὰ
3204 1682 3467 1754 πολέμιον.
3525 1682 3676 1737 Ὀθεν
3724 1684 3796 1746 εἰς
3879 1689 3936 1737 τὸ

573 1755 780 1811 oculis.
805 1758 1203 1821 Quamobrem
1236 1777 1430 1815 rursus
1458 1762 1729 1833 producit
1759 1762 1817 1817 in
1846 1762 2103 1818 stadium
2128 1762 2225 1817 be-

573 1844 863 1900 nedictam
880 1846 1271 1917 Euphemiam,
1288 1850 1656 1919 etjubeteam
1673 1852 1972 1907 decertare
1985 1868 2109 1907 cum
2125 1850 2221 1907 be-

572 1932 714 1989 stiis.
745 1933 849 1990 Illa
879 1942 1103 2004 autem,
1134 1943 1198 1991 ut
1226 1953 1363 2009 qum
1392 1939 1556 2011 quod
1590 1956 1706 1995 non
1738 1940 1910 1996 citius
1943 1941 2019 1997 ad
2047 1955 2221 1995 suum

570 2036 860 2092 sponsum
909 2025 1236 2091 excederet,
1292 2028 1395 2083 sed
1448 2028 1684 2085 vincula
1719 2030 1984 2100 corporis
2024 2029 2223 2087 adhuc

571 2108 765 2175 ferret,
805 2128 960 2181 (egre
1014 2112 1219 2177 ferens,
1259 2130 1474 2172 manus
1504 2118 1701 2183 simul,
1764 2124 1818 2175 et
1852 2123 2133 2189 mentem,
2166 2124 2223 2175 et

568 2199 775 2255 oculos
823 2200 1031 2256 tollens
1061 2203 1137 2259 ad
1169 2204 1463 2261 Christum
1500 2223 1512 2262 :
1556 2207 1820 2273 Domine,
1859 2208 2069 2280 inquit,
2102 2225 2220 2263 om-

570 2287 661 2342 nis
703 2288 1089 2360 principatus,
1136 2294 1442 2350 ostendisti
1487 2295 1545 2350 in
1588 2312 1683 2351 me
1731 2301 1891 2353 tuam
1937 2298 2217 2352 invictam

569 2376 915 2447 potentiam,
949 2386 1003 2434 et
1041 2380 1343 2437 dexteram
1374 2383 1943 2454 inexpugnabilem;
1976 2385 2220 2456 arguisti

568 2462 910 2521 daemonum
945 2467 1426 2535 imbecillitatem,
1451 2477 1834 2543 tyrannorum
1854 2475 2217 2540 amentiam;

570 2567 666 2608 me
697 2557 1001 2611 tormentis
1044 2562 1099 2611 et
1148 2559 1333 2629 plagis
1373 2559 1619 2615 eﬂ'ecisti
1660 2562 1958 2618 fortiorem
2017 2580 2030 2629 ;
2064 2581 2218 2619 nunc

566 2655 809 2713 quoque
867 2644 1015 2699 sicut
1066 2660 1272 2701 eorum
1329 2648 1429 2718 qui
1479 2658 1932 2719 praecesserunt,
1990 2652 2213 2707 caedem

567 2730 876 2801 suscepisti
918 2739 973 2787 et
1024 2734 1397 2804 sanguinem,
1454 2752 1654 2792 meum
1710 2754 1950 2810 quoque
1982 2742 2215 2811 suscipe

567 2818 921 2875 sacriﬁcium
955 2820 1012 2876 in
1045 2822 1252 2877 anima
1281 2826 1531 2880 contrita
1564 2825 1664 2881 tibi
1696 2826 1985 2895 oblatum,
2047 2834 2106 2883 et
2153 2830 2214 2885 in

566 2905 779 2976 spiritu
811 2908 1160 2965 humilitatis
1194 2930 1206 2979 ;
1240 2918 1295 2966 et
1342 2913 1400 2967 in
1434 2913 1830 2970 tabernaculis
1866 2924 2208 2973 sanctorum

2335 1766 2552 1821 στάδιον
2600 1769 2752 1821 πάλιν
2802 1775 2896 1828 τὴν
2930 1773 3263 1842 πανεύφημον
3302 1772 3438 1842 ἄγει,
3486 1776 3577 1824 καὶ
3608 1776 3739 1846 πρὸς
3772 1775 3939 1847 θηρία

2331 1865 2622 1911 πυκτεῦσαι
2666 1855 3040 1912 διακελεύεται.
3085 1867 3143 1913 Ἥ
3192 1857 3272 1927 δὲ,
3305 1861 3479 1934 ὥσπερ
3518 1870 3590 1931 τῷ
3638 1866 3707 1933 μὴ
3738 1865 3935 1935 τάχιον

2330 1944 2634 2018 ἐκδημῆσαι
2679 1951 2809 2020 πρὸς
2851 1952 2937 2001 τὸν
2990 1949 3149 2009 αὐτῆς
3190 1955 3423 2021 νυμφίον,
3478 1949 3607 2002 ἀλλὰ
3652 1955 3718 2004 τὰ
3755 1950 3938 2025 δεσμὰ

2330 2044 2422 2087 τοῦ
2454 2042 2693 2107 σώματος
2739 2040 2814 2089 ἔτι
2856 2041 3020 2110 φέρειν
3068 2036 3414 2112 βαρυνομένη,
3465 2046 3651 2114 χεῖρας
3681 2040 3795 2113 ἄμα
3848 2049 3932 2097 καὶ

2331 2129 2515 2197 φρένας
2555 2131 2644 2179 καὶ
2691 2130 2903 2198 ὄμματα
2958 2132 3089 2201 πρὸς
3141 2132 3371 2201 Χριστὸν
3412 2130 3608 2201 ἄρασα,
3670 2135 3928 2200 Δέσποτα,

2329 2216 2441 2286 ἔφη,
2473 2220 2562 2267 καὶ
2612 2218 2769 2290 Κύριε
2792 2219 2969 2279 πάσης
3013 2217 3205 2291 ἀρχῆς,
3247 2214 3447 2281 ἔδειξας
3479 2218 3527 2271 έν
3558 2218 3671 2290 ἐμοὶ
3701 2225 3800 2278 τὴν
3836 2228 3929 2281 σὴν

2330 2303 2588 2363 ἀήττητόν
2640 2324 2692 2358 τε
2737 2311 2825 2358 καὶ
2882 2308 3093 2378 ἄμαχον
3142 2305 3316 2370 δεξιάν
3346 2324 3358 2336 ’
3397 2308 3612 2380 ἤλεγξας
3662 2306 3927 2383 δαιμόνων

2330 2392 2617 2459 ἀσθένειαν,
2701 2394 3052 2467 ἰσχυροτέραν
3119 2395 3207 2467 ἔμε
3264 2396 3509 2469 βασάνων
3565 2404 3657 2450 καὶ
3713 2399 3925 2471 πληγῶν

2325 2486 2728 2556 παρεσκεύασας
2772 2501 2784 2514 ·
2833 2489 2922 2536 καὶ
2953 2492 3040 2536 νῦν
3089 2487 3159 2547 ὡς
3194 2483 3494 2551 προσεδέξω
3551 2498 3650 2540 τῶν
3695 2491 3924 2561 φθασάν-

2325 2590 2425 2622 των
2473 2568 2582 2629 ἤδη
2624 2574 2900 2647 μαρτύρων
2945 2576 3039 2634 τὰς
3086 2577 3291 2647 σφαγὰς
3340 2580 3431 2628 καὶ
3478 2579 3545 2628 τὰ
3582 2578 3806 2647 αἵματα,
3838 2585 3921 2632 καὶ

2323 2663 2415 2717 τὴν
2472 2659 2598 2730 ὶμὴν
2648 2659 2935 2735 πρόσδεξαι
2981 2665 3189 2727 θυσίαν,
3221 2663 3269 2716 έν
3307 2664 3460 2737 ψυχῇ
3514 2673 3915 2742 συντετριμμένη

2324 2752 2413 2799 καὶ
2468 2752 2723 2820 πνεύματι
2775 2756 3133 2813 ταπεινώσεως
3198 2772 3283 2805 σοι
3334 2760 3778 2829 προσφερομένην,
3834 2761 3918 2808 καὶ

2325 2845 2541 2901 σκηναῖς
2573 2838 2733 2909 ἁγίων
2786 2844 2875 2892 καὶ
2905 2844 3180 2916 μαρτύρων
3220 2850 3403 2913 χοροῖς
3443 2848 3539 2901 τὴν
3583 2843 3710 2915 έμήν
3734 2845 3913 2917 ψυχὴν

2320 2926 2627 2997 προσλαϐὼν
2689 2927 2989 2982 ἀνάπαυσον
3050 2950 3063 2963 ·
3116 2932 3196 2983 ὅτι
3248 2931 3529 3003 εὐλογητὸς
3585 2931 3634 2987 εἷ
3674 2934 3746 2997 εἰς
3796 2939 3910 2995 τούς

564 3000 618 3049 et
649 2994 846 3051 choris
881 3004 1208 3069 martyrum
1239 3017 1434 3056 meam
1484 3010 1784 3075 acceptam
1821 3006 2084 3062 animam
2118 3006 2210 3063 fac
2249 3033 2288 3089 ρ
2320 2994 2529 3078 αίῶνας.

562 3084 947 3154 requiescere,
981 3088 1265 3157 quoniam
1300 3106 1360 3145 es
1389 3090 1734 3147 benedictus
1758 3094 1816 3148 in
1848 3095 2081 3151 saecula.

635 3172 779 3226 XVI.
839 3175 916 3228 Ea
964 3175 1048 3231 sic
1100 3183 1394 3247 precante,
1453 3179 1512 3233 in
1564 3180 1756 3251 ipsam
1812 3182 2209 3240 immittuntur

560 3263 821 3331 quatuor
845 3262 1065 3328 leones,
1100 3272 1153 3318 et
1195 3270 1303 3319 tres
1337 3282 1508 3324 ursas.
1543 3270 1685 3334 Quas
1715 3271 1956 3327 divisim
1986 3279 2042 3327 et
2076 3289 2206 3344 pre-

558 3363 655 3402 ces
690 3349 841 3405 illius
872 3352 1180 3409 exauditas
1220 3354 1424 3425 fuisse,
1481 3364 1537 3413 et
1566 3374 1850 3427 magnum
1900 3377 1935 3415 a
1966 3361 2080 3415 Deo
2112 3362 2204 3417 fa-

557 3443 717 3492 ctum
742 3439 797 3492 in
830 3454 898 3495 ea
914 3440 1265 3498 miraculum
1280 3445 1686 3502 ostenderunt.
1703 3450 1846 3503 Nam
1870 3449 2065 3505 leones
2077 3452 2205 3523 qui-

557 3524 694 3579 dem
726 3530 779 3580 et
807 3526 941 3583 dum
965 3545 1134 3596 ursas,
1155 3538 1323 3587 caute
1350 3533 1594 3590 simulet
1620 3539 2035 3594 reverenterad
2069 3556 2200 3595 eam

557 3612 925 3680 accedentes,
956 3616 1190 3687 plantas
1205 3620 1334 3688 ejus
1361 3622 1583 3690 pedum
1610 3624 1865 3679 humane
1895 3626 2203 3684 deoscula-

556 3698 771 3754 bantur
804 3721 816 3765 ς
852 3704 1015 3758 tertia
1046 3721 1181 3759 vero
1235 3723 1300 3761 ex
1336 3709 1509 3771 ursis,
1542 3725 1679 3764 cum
1712 3728 1922 3782 parum
1955 3716 2200 3785 quidem

557 3789 976 3845 momordisset
1000 3793 1406 3861 carunculam,
1455 3796 1674 3852 vulnus
1705 3800 1946 3871 quidem
1976 3819 2199 3875 nequa-

554 3890 738 3946 quam
766 3876 917 3940 fecit,
944 3878 1049 3934 fuit
1088 3884 1283 3936 tamen
1320 3884 1559 3939 occasio
1599 3886 1726 3955 ejus
1772 3889 1847 3943 ad
1884 3893 2063 3946 Deum
2096 3892 2201 3948 de-

555 3976 761 4017 cessus
782 3971 944 4021 sexto
974 3967 1206 4023 decimo
1237 3971 1620 4041 Septembris.
1646 3974 1771 4031 Vox
1799 3982 1995 4034 autem
2030 3995 2059 4034 e
2087 3997 2201 4037 cm-

552 4048 626 4105 lis
652 4068 958 4119 resonans,
979 4056 1392 4115 admirabilem
1424 4062 1674 4119 vocabat
1702 4066 2089 4135 Euphemiam
2122 4071 2196 4125 ad

551 4138 753 4196 divina
785 4144 1165 4203 tabernacula
1195 4164 1209 4202 :
1246 4153 1515 4219 Accurre,
1549 4152 1771 4219 dicens,
1802 4154 1879 4209 ad
1930 4157 2197 4215 datorem

554 4242 935 4297 coronarum,
967 4248 1101 4305 qua:
1158 4236 1471 4306 pulchrum
1505 4245 1806 4297 certamen
1864 4245 2195 4311 decertasti,

553 4322 609 4372 et
632 4318 753 4387 jam
785 4335 1023 4377 cursum
1080 4323 1389 4393 perfecisti,
1422 4335 1739 4400 acceptura
1772 4335 2017 4402 prasmia
2075 4341 2199 4391 tuo-

548 4420 681 4462 rum
713 4411 1126 4465 certaminum.
1170 4412 1325 4467 Voce
1355 4415 1553 4471 adhuc
1582 4425 1911 4485 resonante,
1945 4439 2197 4491 magnus

550 4498 916 4549 terrmmotus
934 4502 1767 4571 conquassabatcivitatem,et
1783 4511 1994 4577 magis,
2011 4527 2195 4582 quam

551 4579 700 4636 ullas
731 4597 823 4637 res
863 4590 1109 4653 creatas,
1156 4588 1337 4644 corda
1390 4605 1593 4646 eorum
1622 4596 1721 4665 qui
1756 4579 2192 4657 inhabitabant.

551 4670 715 4725 Unde
747 4671 924 4728 etiam
958 4672 1110 4728 illius
1144 4682 1412 4747 parentes
1442 4684 1719 4749 oportuni
1753 4689 1929 4741 tatem
1961 4691 2114 4744 nacti
2141 4697 2196 4746 et

546 4764 920 4830 potestatem,
956 4778 1075 4817 non
1128 4763 1354 4833 ﬂentes,
1411 4767 1514 4822 sed
1545 4768 1826 4837 laetantes,
1872 4775 2016 4832 illud
2045 4794 2197 4835 mar-

548 4848 800 4917 tyricum
825 4850 1214 4920 etpretiosum
1238 4868 1468 4925 corpus,
1486 4872 1603 4913 non
1624 4859 1872 4917 aliorum
1892 4867 2192 4934 manibus,

547 4935 651 4990 sed
682 4937 806 4991 suis
837 4940 1160 5007 credentes,
1198 4942 1253 4996 in
1287 4942 1415 4999 loco
1444 4947 1711 5017 quodam
1756 4967 1875 5007 non
1906 4957 2108 5026 procul
2160 4974 2196 5015 a

546 5022 777 5117 civitate
824 5028 1212 5095 Chalcedone,
1243 5030 1568 5091 honoriﬁce
1600 5037 1775 5093 simul
1803 5048 1857 5096 et
1886 5022 1979 5113 pie
2031 5062 2195 5117 sepe-

544 5108 795 5168 lierunt:
822 5116 1137 5185 pulchram
1169 5121 1525 5192 accipientes
1553 5108 2037 5201 mercedem'ejus
2059 5108 2195 5189 edu-

549 5198 819 5287 cationis,
854 5205 1013 5273 quod
1046 5207 1380 5264 dicerentur
1431 5218 1629 5281 patres
1657 5215 1790 5271 talis
1822 5198 1977 5287 ﬁlias,
2014 5227 2069 5278 et
2099 5223 2196 5279 da-

546 5288 678 5338 rent
705 5286 819 5381 Deo
834 5288 1107 5359 fructum,
1140 5294 1552 5356 benedictione
1582 5306 1639 5357 et
1664 5286 2193 5381 oblationeiquavis

544 5372 956 5473 sacratiorem.
994 5380 1288 5443 Quoniam
1341 5403 1478 5445 eum
1524 5390 1695 5447 decet
1747 5397 1942 5451 omnis
1976 5372 2191 5473 honor,

543 5456 733 5525 gloria
763 5465 818 5514 et
845 5462 1117 5521 adoratio
1149 5469 1207 5523 in
1234 5476 1469 5532 saecula.
1497 5480 1706 5538 Amen.

2408 3190 2532 3273 lg“.
2577 3193 2727 3246 Οὕτω
2770 3201 3217 3268 προσευχομένης,
3271 3197 3561 3271 ἓπαφίενται
3591 3203 3745 3273 ταύτῃ
3775 3206 3896 3253 τέσ-

2319 3298 2470 3351 σαρες
2517 3284 2606 3351 μὶν
2650 3283 2863 3346 λέοντες,
2911 3286 3094 3355 ἄρκτοι
3145 3284 3204 3340 δε
3250 3295 3403 3360 τρεῖς,
3454 3289 3746 3360 Περίζονται
3770 3298 3893 3359 γοῦν

2313 3370 2379 3419 τὰ
2410 3370 2567 3441 θηρία
2599 3375 2692 3428 τὴν
2723 3372 2886 3443 εὐχήν
2930 3393 2985 3426 τε
3029 3375 3140 3445 ἄμα
3190 3380 3279 3429 καὶ
3331 3381 3391 3429 τὸ
3433 3380 3607 3449 θαῦμα
3645 3388 3740 3440 τῆς
3777 3382 3903 3453 μάρ-

2312 3476 2468 3530 τυρος
2500 3475 2513 3488 '
2546 3465 2636 3512 καὶ
2688 3463 2735 3512 οἱ
2784 3465 2874 3533 μὲν
2926 3461 3120 3526 λέοντες
3168 3469 3258 3517 καὶ
3308 3475 3408 3518 τῶν
3456 3468 3655 3541 ἄρκτων
3711 3471 3759 3520 αἱ
3811 3466 3903 3522 δύο

2314 3546 2533 3609 εὐλαϐῶς
2584 3549 2694 3621 ἄμα
2748 3556 2838 3603 καὶ
2910 3558 3258 3623 πεφεισμένως
3336 3555 3622 3626 ἕγγίσασαι
3678 3561 3743 3610 τὰ
3784 3562 3901 3629 ἴχνη

2311 3638 2508 3697 ταύτης
2539 3638 2873 3712 ἀνθρωπικῶς
2926 3643 3227 3714 κατεφίλουν
3274 3660 3289 3673 ·
3331 3651 3428 3714 μία
3474 3643 3534 3698 δὲ
3564 3656 3663 3698 τῶν
3715 3650 3901 3721 ἄρκτων

2314 3722 2607 3779 ἐνδακοῦσά
2658 3748 2758 3781 που
2805 3738 2897 3782 τοῦ
2979 3737 3218 3805 σαρκίον,
3275 3734 3478 3803 πληγὴν
3541 3739 3633 3806 μὲν
3696 3736 3899 3807 ἐνέτεμεν

2312 3810 2576 3885 οὐδαμῶς,
2636 3815 2839 3889 ἀφορμὴ
2898 3816 2957 3871 δὶ
3008 3821 3141 3889 ὅμως
3204 3824 3383 3891 γέγονε
3435 3831 3532 3883 τῆς
3599 3828 3727 3897 πρὸς
3782 3827 3898 3877 Θεὸν

2312 3901 2475 3963 αὐτῆς
2523 3901 2801 3974 ἔκδημίας,
2848 3906 2999 3965 ἕκτην
3044 3907 3127 3960 ἐπὶ
3170 3906 3364 3984 δεκάτῃ
3408 3915 3524 3964 τότε
3552 3921 3644 3964 τοῦ
3690 3920 3898 3984 Σεπτεμ-

2312 3989 2459 4063 ϐρίου
2538 3996 2696 4063 μηνὸς
2771 3995 3000 4066 ἄγοντος.
3087 4002 3229 4055 Φωνὴ
3309 3998 3582 4072 οὐρανόθεν
3672 4002 3894 4073 ἀπηχου-

2310 4083 2433 4150 μένη
2484 4086 2578 4139 τὴν
2636 4085 2945 4152 θαυμαστήν
3000 4084 3168 4140 έκάλει
3234 4092 3367 4161 πρὸς
3422 4093 3514 4153 τὰς
3568 4094 3705 4153 θείας
3749 4092 3892 4153 αὐλὰς

2310 4167 2602 4239 Εὐφημίαν,
2651 4170 2964 4247 Ἀνάδραμε,
3014 4175 3261 4247 λέγουσα,
3294 4182 3425 4251 πρὸς
3455 4183 3540 4232 τὸν
3570 4178 3888 4253 στεφοδότην,

2309 4258 2339 4315 ἡ
2390 4260 2477 4308 τόν
2529 4258 2682 4310 καλὸν
2732 4261 2907 4332 ἀγῶνα
2953 4264 3281 4335 ἠγωνισμένη
3318 4272 3407 4320 καὶ
3452 4272 3539 4321 τόν
3572 4266 3763 4344 δρόμον
3792 4267 3885 4329 ἤδη

2233 4378 2276 4434 D
2306 4346 2575 4402 τελέσασα.
2624 4352 2688 4401 τὰ
2739 4360 2839 4402 τῶν
2887 4351 3095 4422 ἀγώνων
3143 4360 3271 4430 γέρα
3307 4377 3401 4410 σου
3450 4358 3731 4431 ληψομένη.
3779 4360 3881 4411 "Eri

2306 4444 2397 4495 τῆς
2446 4445 2610 4507 φωνῆς
2650 4439 2962 4511 ἠχουμένης,
3011 4448 3099 4495 καὶ
3147 4450 3362 4516 σεισμὸς
3400 4451 3563 4519 μέγας
3613 4447 3761 4501 ἕδόνει
3794 4452 3877 4504 τὴν

2308 4524 2472 4589 πόλιν,
2524 4532 2613 4578 καὶ
2655 4528 2843 4597 μᾶλλον
2893 4531 2922 4588 ἢ
2971 4532 3036 4583 τὰ
3087 4537 3357 4605 κτίσματα
3404 4538 3493 4597 τὰς
3534 4535 3754 4609 καρδίας
3794 4545 3880 4589 τῶν

2305 4617 2701 4669 κατοικούντων.
2749 4620 2901 4670 Ὀθεν
2954 4624 3041 4672 καὶ
3078 4623 3126 4673 οἱ
3157 4630 3251 4683 τῆς
3295 4628 3532 4693 γενναίας
3570 4630 3765 4689 ταύτης
3788 4645 3885 4699 γεν·

2304 4706 2526 4775 νήτορες,
2586 4704 2670 4756 οἷα
2720 4714 2905 4780 καιροῦ
2962 4713 3052 4761 καὶ
3112 4707 3289 4772 ἀδείας
3350 4710 3733 4787 έπειλημμένοι,
3791 4719 3889 4768 οὔτι

2304 4788 2581 4853 κλαίοντες,
2641 4791 2768 4845 ἀλλὰ
2849 4801 3141 4869 χαίροντες,
3220 4804 3276 4851 τὸ
3359 4808 3683 4875 μαρτυρικόν
3751 4804 3891 4856 ἐκεῖνο

2303 4884 2392 4930 καὶ
2444 4879 2727 4952 πολύτιμον
2793 4892 2947 4952 σῶμα
3002 4892 3188 4958 χερσὶν
3249 4889 3342 4941 οὐκ
3400 4890 3562 4943 ἄλλων
3618 4891 3749 4946 ἀλλὰ
3796 4900 3893 4953 ταῖς

2305 4967 2519 5029 οἰκείαις
2565 4973 2957 5036 πιστεύσαντες,
3010 4973 3056 5025 ἓν
3102 4980 3241 5047 τόπῳ
3290 4983 3390 5031 τινὶ
3431 4979 3490 5031 οὐ
3535 4987 3747 5055 μακρὰν
3798 4987 3895 5035 ὄντι

2301 5062 2390 5115 τῆς
2446 5056 2633 5117 πόλεως
2690 5057 3021 5122 Χαλκηδόνος
3096 5062 3313 5135 ἐντίμως
3344 5054 3474 5139 ⁸ὁίμα
3531 5054 3898 5132 καὶῗεύλαϐως

2303 5146 2678 5199 κατατίθενται.
2711 5148 2843 5199 καλὰ
2876 5157 3087 5222 τροφεῖα
3114 5156 3305 5215 ταύτης
3328 5154 3670 5221 ἀπολαϐόντες
3702 5165 3762 5214 τὸ
3789 5181 3899 5212 παι-

2305 5228 2394 5291 δὸς
2423 5236 2671 5295 τοιαύτης
2701 5234 2924 5290 ἀκοῦσαι
2950 5244 3164 5312 πατέρες
3188 5247 3276 5295 καὶ
3319 5240 3503 5297 δοῦναι
3545 5254 3659 5319 Θεῷ
3707 5253 3898 5323 καρπὸν

2305 5318 2559 5389 εὐλογίας,
2609 5327 2696 5375 καὶ
2741 5327 2914 5387 πάσης
2952 5337 3252 5402 προσφορᾶς
3288 5333 3581 5406 ἱερώτατον,
3629 5337 3715 5389 ὅτι
3768 5338 3899 5407 αὐτῷ

2304 5410 2484 5477 πρέπει
2504 5414 2651 5462 πᾶσα
2677 5408 2824 5477 δόξα,
2870 5421 2995 5487 τιμὴ
3023 5422 3112 5470 καὶ
3142 5423 3501 5492 προσκύνησις
3526 5423 3594 5485 εἰς
3624 5430 3749 5487 τοὺς
3784 5427 3902 5479 αἰῶ-

2306 5510 2409 5553 νας.
2444 5493 2630 5567 Ἀμήν.
