4142 6278
269 208 301 262 7
307 205 380 262 33

1227 204 1661 263 MABTYRIUM
1693 207 1751 265 S.
1791 207 2138 266 TBOPHIMI
2168 209 2259 265 ET
2290 210 2679 268 SOCIOBUM.

3523 214 3627 270 734

999 515 1644 604 ΜΑΡΤΥΡΙΟΝ
1684 522 1900 606 ΤΩΝ
1940 520 2283 609 ΑΓΙΩΝ
2330 522 2918 609 ΜΑΡΤΥΡΩΝ

1327 736 2559 948 ΤΡΟΦΙΜΟΥ,

702 1035 1551 1153 ΣΑΒΒΑΤΙΟΥ
1602 1038 1875 1152 ΚΑΙ
1938 1039 3165 1156 ΔΟΡΥΜΕΔΟΝΤΟΣ.

1124 1482 1792 1570 MARTYRIUM

1886 1484 2037 1571 SS.
2132 1484 2503 1570 MARTY
2529 1483 2755 1570 [{UM

1460 1725 2486 1893 TROPHIMI,

829 2030 1509 2152 SABBATll
1611 2029 1786 2149 ET
1873 2027 3057 2153 DORYMEDONTIS.

354 2296 560 2360 (Greca
588 2310 733 2347 nunc
763 2296 992 2361 primum
1024 2298 1291 2361 prodeunt
1313 2310 1374 2347 ex
1400 2296 1518 2347 cod.
1557 2310 1657 2345 ms.
1695 2296 1859 2346 Paris.
1894 2308 1949 2345 n.
1976 2295 2098 2344 1492
2128 2308 2140 2352 ;
2178 2295 2365 2345 Latina
2393 2295 2559 2345 edidit
2584 2295 2772 2345 Surius
2801 2296 2868 2345 ad
2904 2294 3043 2345 diem
3070 2296 3129 2343 19
3160 2294 3526 2359 Septembris.)

339 2661 415 2716 A'.
452 2660 655 2734 Πρόϐου
714 2668 805 2713 τοῦ
853 2657 1150 2721 δυσσεϐοῦς
1188 2664 1246 2712 τὸ
1282 2658 1549 2732 βασίλειον
1597 2666 1863 2733 σκῆπτρον

2045 2660 2085 2713 1.
2123 2657 2312 2729 lmpio
2339 2657 2533 2715 Probo
2558 2662 2792 2716 tenente
2816 2664 3050 2731 sceptra
3069 2661 3300 2733 imperii
3324 2664 3622 2721 Romano-

258 2751 537 2823 Ῥωμαίοις
577 2748 860 2810 διέποντος,
913 2754 1006 2806 τὴν
1036 2758 1135 2800 τῶν
1189 2748 1443 2822 βικαρίων
1503 2747 1699 2818 ἀρχὴν,
1730 2749 1866 2798 κατὰ

176 2896 179 2897 ν
262 2845 358 2897 τὴν
412 2840 741 2908 Ἀντιόχειαν
793 2836 1024 2895 Ἀττικός
1079 2840 1248 2893 ἤνυεν·
1283 2838 1337 2886 ὃν
1392 2832 1564 2891 δήπου
1605 2839 1695 2884 καὶ
1754 2834 1867 2885 εκά-

262 2928 385 2979 λουν
437 2921 775 2996 Ἠλιόδωρον.
807 2930 919 2975 Τῶν
978 2922 1247 2993 γενεθλίων
1297 2918 1355 2973 δε
1404 2923 1723 2994 φθοροποιῶν
1780 2939 1869 2990 γε·

266 3019 487 3086 νομένων
536 3019 627 3065 τοῦ
677 3015 934 3083 Δαφναίου
988 3010 1327 3073 Ἀπόλλωνος,
1358 3011 1388 3066 ἡ
1448 3013 1538 3081 μὲν
1590 3007 1868 3079 Ἀντιόχου

268 3102 317 3155 ἕν
376 3106 581 3176 κρότοις
628 3105 717 3152 καὶ
759 3102 939 3171 μέθαις
983 3104 1073 3151 καὶ
1122 3101 1333 3160 θυσίαις
1374 3102 1462 3149 καὶ
1512 3102 1706 3167 κώμοις
1751 3092 1866 3153 dm-

268 3194 495 3263 μέρευεν·
553 3188 665 3240 κατ’
720 3192 918 3245 ἐκείνην
972 3184 1031 3240 δὲ
1069 3192 1163 3244 τὴν
1216 3188 1410 3259 ἡμέραν
1464 3185 1517 3248 ἕξ
1570 3182 1871 3245 ἀλλοδαπῆς

268 3278 566 3338 ἐπιστάντες
616 3282 878 3349 Τρόφιμος
933 3281 1021 3328 καὶ
1076 3274 1380 3343 Σαϐϐάτιος,
1437 3271 1624 3348 ἄνδρες
1691 3275 1867 3326 θεοσε-

266 3366 373 3427 ϐεῖς
419 3372 509 3418 καὶ
566 3374 656 3426 τῆς
707 3364 951 3426 ἀληθείας
1005 3370 1386 3439 προσκυνηταὶ,
1446 3365 1573 3416 ὅπου
1637 3359 1696 3415 δε
1776 3367 1865 3413 καὶ

266 3461 471 3529 φανεροὶ
526 3459 619 3513 τὴν
670 3452 955 3518 εὐσέϐειαν,
1016 3456 1083 3515 ὡς
1141 3452 1462 3511 τηλικαύτην
1524 3460 1621 3504 τῶν
1674 3450 1867 3521 ψυχῶν

268 3544 640 3616 αἰχμαλωσίαν
688 3542 985 3608 ίθεάσαντο,
1021 3540 1158 3614 βαρύ
1206 3562 1259 3593 τι
1289 3546 1378 3593 καὶ
1428 3536 1704 3614 ἐγκάρδιον
1751 3557 1869 3590 στε-

264 3632 420 3696 νάξας
469 3635 494 3684 ό
544 3638 823 3706 Τρόφιμος,
879 3630 939 3682 Ὀ
990 3636 1132 3694 Θεός,
1187 3630 1442 3693 ἐνεϐόησε,
1488 3638 1548 3701 τῇ
1596 3635 1731 3700 φωνῇ
1780 3646 1866 3678 κε-

268 3724 441 3794 ράσας
479 3727 567 3772 καὶ
612 3717 863 3792 δάκρυον,
910 3720 935 3771 ό
974 3718 1110 3790 λόγῳ
1142 3723 1230 3790 μεν
1261 3723 1318 3771 τό
1372 3724 1470 3770 πᾶν
1524 3716 1575 3769 ἐκ
1606 3722 1676 3789 μή
1711 3720 1866 3768 ὄντων

268 3812 718 3881 ὑποστησάμενος,
798 3812 886 3861 τὸν
940 3810 1205 3882 ἄνθρωπον
1259 3804 1317 3860 δε
1374 3808 1489 3859 κατ’
1540 3807 1710 3859 εἰκόνα
1769 3810 1865 3865 σὴν

268 3904 416 3973 χειρὶ
446 3898 611 3969 οἰκείᾳ
655 3894 1082 3969 δημιουργήσας,
1116 3896 1270 3957 αὐτὸς
1315 3893 1463 3949 ἔπιδε
1504 3901 1593 3947 καὶ
1643 3903 1729 3947 νῦν
1773 3901 1863 3948 καὶ

1974 2760 2129 2811 rum,
2162 2748 2363 2802 vicarii
2388 2748 2735 2817 magistratu
2766 2749 3087 2806 Antiochia:
3108 2750 3465 2820 fungebatur
3481 2754 3622 2809 Atti-

1977 2849 2046 2888 cu
2057 2851 2104 2899 s,
2124 2850 2304 2905 quem
2318 2836 2495 2891 etiam
2507 2838 2806 2893 vocabant
2821 2837 3134 2894 Heliodoru
3145 2856 3197 2893 m
3215 2839 3315 2911 (1).
3332 2840 3474 2896 Cum
3490 2857 3621 2909 per-

1978 2929 2246 2993 ageretur
2267 2928 2463 2979 autem
2484 2925 2729 2982 exitialis
2758 2926 2976 2982 natalis
2997 2928 3281 2998 Daphnaei
3311 2929 3617 3001 Apollinis,

1977 3008 2286 3065 Antiochia
2316 3012 2579 3083 quidem,
2613 3019 2677 3069 ut
2730 3020 2819 3071 est
2848 3022 3339 3083 consentaneum,
3364 3017 3623 3090 intripu-

1978 3097 2110 3166 diis,
2144 3098 2528 3157 ebrietatibus
2559 3108 2613 3157 et
2644 3103 2949 3159 sacriﬁciis
2989 3108 3176 3159 totum
3223 3105 3379 3160 diem
3415 3106 3623 3162 transi-

1980 3185 2178 3256 gebat.
2216 3186 2317 3242 lllo
2339 3192 2536 3243 autem
2568 3189 2662 3243 die
2688 3206 2756 3244 ex
2787 3197 3029 3247 externa
3058 3193 3292 3259 regione
3310 3194 3623 3249 advenien-

1978 3277 2067 3329 tes
2093 3275 2449 3347 Trophimus
2480 3281 2533 3331 et
2566 3276 2904 3342 Sabbatius,
2944 3278 3051 3333 viri
3082 3279 3163 3351 pii
3195 3285 3250 3334 et
3277 3280 3622 3336 adoratores

1977 3363 2257 3428 veritatis,
2274 3364 2372 3418 sed
2388 3379 2644 3435 quorum
2660 3364 2820 3419 nond
2832 3383 2927 3420 um
2944 3371 3068 3421 erat
3081 3366 3393 3422 manifesta
3408 3368 3618 3439 pietas,

1977 3466 2113 3506 cum
2161 3452 2495 3506 animarum
2543 3457 2766 3508 tantam
2799 3454 3163 3525 aspexissent
3196 3455 3621 3526 captivitatem,

1978 3540 2231 3609 graviter
2260 3545 2317 3594 et
2346 3556 2415 3594 ex
2447 3539 2568 3595 imo
2607 3546 2841 3612 pectore
2890 3542 3197 3612 suspirans
3226 3542 3577 3615 Trophimus
3603 3561 3620 3598 :

1980 3631 2154 3693 Deus,
2170 3627 2522 3683 exclamavit
2539 3629 2689 3699 (voci
2708 3645 2950 3701 quoque
2961 3630 3277 3685 commistis
3293 3631 3619 3703 lacrymis),

1974 3716 2079 3787 qui
2100 3716 2279 3772 verbo
2297 3718 2541 3788 quidem
2560 3733 2632 3771 ex
2662 3716 2735 3772 iis
2762 3733 2897 3790 quae
2924 3734 3043 3774 non
3064 3724 3249 3785 erant,
3273 3718 3617 3775 universum

1974 3805 2341 3869 constituisti,
2375 3805 2681 3861 hominem
2723 3812 2921 3862 autem
2967 3807 3044 3862 ad
3095 3808 3418 3880 imaginem
3455 3814 3617 3863 tuam

1974 3893 2217 3965 propria
2249 3909 2429 3948 manu
2466 3909 2527 3949 es
2566 3893 2906 3962 fabricatus,
2942 3900 3000 3950 tu
3050 3895 3305 3965 benigne
3338 3910 3496 3951 nunc
3528 3911 3620 3951 as-

268 3997 361 4049 τῆς
418 3995 509 4040 τοῦ
566 3986 914 4058 ἀντικειμένου
970 3989 1150 4060 χειρός
1205 3988 1387 4045 αύτούς
1445 3984 1631 4048 ἐξελοῦ.
1687 3991 1865 4037 Ταῦτα

1978 3983 2125 4055 pice,
2148 3987 2205 4037 et
2241 3982 2401 4052 eripe
2448 3983 2591 4037 istos
2621 3998 2657 4038 a
2706 3999 2891 4039 manu
2939 3983 3282 4039 adversarii.
3333 3986 3466 4038 Haec
3502 3985 3618 4039 Deo

266 4078 295 4129 ό
370 4080 631 4151 Τρόφιμος
681 4074 819 4146 ἔλεγε
866 4078 997 4147 πρὸς
1046 4077 1133 4125 τόν
1185 4079 1334 4126 Θεόν·
1395 4080 1485 4126 καὶ
1531 4072 1865 4135 συλλαϐόντες

269 4165 455 4226 αὐτούς
507 4183 639 4226 τινες
714 4172 812 4216 τῶν
895 4163 1233 4222 Ἑλληνιστῶν
1306 4164 1495 4234 ἄγουσι
1572 4165 1716 4235 παρὰ
1779 4166 1866 4213 τόν

270 4252 532 4329 βικοξριον.
588 4256 689 4305 Καὶ
748 4254 804 4313 ὃς
855 4255 989 4303 κατὰ
1018 4257 1301 4325 προσώπου
1332 4253 1543 4309 τούτους
1588 4267 1865 4322 παραστη-

271 4345 491 4415 σάμενος
545 4338 790 4398 διίστησι
842 4344 931 4412 μὲν
980 4348 1070 4391 τοῦ
1112 4343 1273 4390 τόπου
1307 4337 1457 4396 εύθύς
1493 4336 1579 4388 ἀπ’
1615 4336 1864 4394 ἀλλήλων·

271 4434 359 4493 οὕς
386 4431 479 4482 ούκ
523 4430 585 4487 ἧν
634 4426 930 4486 διαστῆσαι
959 4435 1032 4496 τῷ
1071 4429 1346 4497 πνεύματι·
1389 4424 1619 4499 ἐπερωτᾷ
1672 4422 1730 4477 δε
1776 4432 1867 4477 τοῦ

270 4522 537 4589 Τροφίμου
608 4522 853 4590 πρότερον
904 4516 1111 4578 κλῆσιν,
1162 4519 1252 4566 καὶ
1308 4516 1501 4586 τύχην,
1550 4519 1639 4567 καὶ
1694 4516 1867 4566 ὁποῖον

270 4604 414 4675 αὐτῷ
439 4608 497 4657 τὸ
530 4603 702 4666 σέϐας.
747 4604 804 4657 Ὀ
836 4600 894 4656 δε
936 4600 1101 4665 δεινός
1131 4600 1281 4675 ἀνὴρ,
1323 4601 1527 4675 ’Ὀνομα
1571 4606 1680 4674 μὲν,
1711 4604 1862 4674 ἔλεγε,

270 4696 332 4745 τό
388 4692 508 4764 ὶμόν
554 4692 608 4755 ἐξ
669 4692 831 4754 αὐτῆς
887 4696 1130 4763 γενέσεως
1180 4697 1460 4765 Τρόφιμος-
1520 4692 1730 4762 εὐγενὴς
1810 4687 1867 4744 δὲ

270 4784 341 4833 ὧν
390 4780 478 4833 ἀπ’
520 4780 696 4856 ἀρχῆς
746 4780 997 4854 ἢεύθερος
1058 4777 1352 4839 ἐδουλώθην
1412 4780 1465 4843 ἐξ
1520 4779 1766 4854 ἐπηρείας
1803 4788 1863 4853 τῇ

271 4870 525 4944 ἁμαρτίᾳ·
582 4868 710 4922 ἀλλά
762 4878 833 4921 τῶ
882 4878 971 4922 τοῦ
1023 4868 1147 4941 ίμοῡ
1205 4875 1401 4944 Κυρίου
1452 4870 1607 4922 πάλιν
1678 4868 1868 4942 βαπτι-

272 4978 457 5032 σματι,
508 4963 603 5017 τὴν
650 4965 861 5032 πρώτην
919 4957 1112 5017 ἐκείνην
1158 4958 1411 5030 εὐγένειαν
1458 4964 1546 5011 καὶ
1592 4964 1685 5018 τὴν
1734 4958 1865 5012 ἔλευ-

273 5050 447 5123 θερίαν
481 5046 601 5100 ἀπε)
612 5046 756 5102 αϐον.

343 5137 416 5193 Β¹.
473 5141 572 5189 Καὶ
621 5138 647 5189 ό
708 5134 971 5210 ιοικοίριος,
1026 5140 1149 5189 Τίνα
1193 5144 1316 5206 γοῦν
1368 5142 1524 5208 τιμᾷς
1572 5139 1686 5209 ἔφη,
1745 5140 1866 5211 θρη-

1976 4069 2120 4124 dixit
2142 4069 2517 4139 Trophimus.
2534 4072 2792 4141 Repente
2814 4076 3009 4125 autem
3026 4087 3163 4125 eum
3181 4086 3315 4125 cum
3335 4070 3619 4127 Sabbatio

1976 4157 2492 4225 comprehendunt
2532 4157 2779 4224 quidam
2820 4173 2889 4212 ex
2934 4157 3272 4225 gentilibus,
3300 4164 3354 4212 et
3393 4158 3623 4216 ducunt

1976 4244 2049 4299 ad
2088 4244 2393 4299 vicarium.
2428 4245 2536 4309 Qui
2568 4259 2703 4298 cum
2736 4260 2874 4298 eum
2906 4260 3103 4299 coram
3136 4252 3397 4301 curasset
3413 4246 3617 4302 sisten-

1976 4331 2141 4397 dum,
2169 4332 2300 4388 loco
2316 4333 2559 4404 quidem
2574 4333 2767 4387 statim
2788 4338 3075 4403 separata
3090 4349 3151 4388 se
3173 4334 3444 4399 invicem,
3464 4350 3619 4407 quos

1978 4437 2094 4476 non
2137 4426 2361 4492 poterat
2390 4422 2597 4492 spiritu
2627 4420 2956 4492 sejungere.
2989 4423 3172 4492 Rogat
3208 4425 3408 4477 autem
3456 4422 3621 4495 prius

1973 4510 2369 4581 TrOphimum,
2408 4510 2715 4581 quodnam
2757 4514 2905 4565 esset
2956 4509 3008 4565 ei
3042 4524 3278 4576 nomen,
3316 4526 3451 4582 quae
3484 4512 3619 4567 vitaa

1976 4597 2238 4653 conditio
2260 4604 2462 4669 etquaa
2484 4598 2706 4667 religio.
2727 4596 2828 4653 Vir
2848 4603 3046 4653 autem
3073 4598 3311 4653 divinus
3346 4615 3359 4651 :
3394 4601 3620 4654 Nomen

1974 4687 2215 4759 quidem
2241 4703 2464 4751 meum,
2498 4687 2663 4752 dixit,
2697 4686 2775 4742 ab
2807 4686 2936 4757 ipso
2964 4693 3095 4741 ortu
3123 4692 3207 4741 est
3236 4687 3613 4756 Trophimus.

1977 4780 2118 4832 Cum
2156 4792 2290 4831 vero
2322 4775 2398 4830 ab
2430 4776 2592 4830 initio
2622 4775 2918 4844 ingenuus
2948 4790 3136 4830 essem
3168 4780 3223 4829 et
3253 4773 3400 4828 liber
3421 4779 3618 4840 natus,

1977 4880 2094 4920 non
2129 4864 2255 4919 sine
2303 4865 2523 4936 probro
2563 4870 2618 4919 et
2647 4864 2937 4919 deiecore
2978 4862 3145 4917 servii
3195 4865 3482 4935 peccato;
3518 4862 3621 4917 sed

1975 4969 2184 5009 rursus
2207 4952 2319 5008 mei
2344 4952 2559 5007 Christi
2581 4952 2935 5022 baptismate
2955 4949 3147 5022 recepi
3170 4950 3427 5021 primam
3455 4949 3618 5005 illam

1976 5041 2402 5115 ingenuitatem
2435 5047 2489 5098 et
2514 5040 2866 5097 libertatem.

2046 5131 2113 5188 Il.
2144 5130 2408 5187 Vicarius
2438 5146 2577 5185 vero
2611 5146 2625 5185 :
2659 5131 2993 5195 Quamnam
3021 5132 3241 5193 autem,
3271 5126 3483 5199 inquit,
3528 5142 3623 5183 se-

341 5312 1770 5395 (l)frobiAugustitempoi-ibus,licetpersecutio
1794 5314 1865 5372 ab
1900 5324 1939 5379 (ι
1978 5310 2330 5394 gerentis,in
2362 5308 2751 5395 Trophimum
2776 5304 3390 5395 etsab'bati-u‘m-nova
3420 5303 3621 5395 oblata

271 5385 591 5441 Aureliano
617 5384 677 5456 in
709 5384 1076 5456 Christianos
1102 5384 1338 5456 indicta
1353 5384 1865 5456 quieverit,tamen

274 5455 609 5522 Antiochiae,
633 5455 827 5512 furore
846 5454 1155 5519 Heliodori,
1169 5454 1862 5527 vicariampraefecturam

1976 5376 2309 5447 occasione,
2340 5376 2653 5443 recruduit,
2685 5384 2749 5435 ut
2777 5382 2943 5435 notat
2969 5376 3262 5434 Baronius
3296 5391 3393 5433 an.
3422 5376 3545 5431 281.
