4142 6278
533 279 640 334 735
1837 255 2099 316 MENSIS
2140 249 2595 309 SEPTEMBER.
3797 246 3910 302 736

537 400 737 474 queris
759 396 1101 469 religionem
1115 396 1143 451 Ἰ
1156 396 1281 450 Jam
1298 393 1544 466 quidem
1561 391 1702 453 dixi,
1742 380 2173 460 inquit'l‘rophi

2306 382 2481 430 σκείαν
2509 395 2523 443 ;
2550 373 2692 433 ’Ἤδη
2724 379 2833 448 μὲν,
2876 379 3035 447 φησὶν
3064 374 3091 425 ό
3119 376 3401 445 Τρόφιμος,
3429 367 3591 437 εἶπον,
3617 374 3691 424 ἔτι
3748 377 3907 444 σαφέ-

539 457 692 546 mus.
727 487 837 544 Sed
866 457 1011 540 audi
1045 483 1241 538 adhuc
1271 457 1533 552 apertius
1567 497 1580 535 :
1622 482 1765 535 Sum
1799 457 2175 532 Christianus

2306 485 2481 537 στερον
2537 468 2710 518 οἶκουε·
2793 468 3109 539 Χριστιανός
3176 461 3301 532 εἰμι,
3384 468 3617 532 Χριστοῦ
3690 457 3893 532 δοῦλος,

541 578 745 633 Christi
772 591 981 631 servus
1017 589 1029 626 :
1060 579 1114 627 et
1156 573 1383 626 utinam
1423 569 1629 624 Christi
1670 581 1864 622 essem
1931 562 2171 616 victima

2309 563 2541 626 Χριστοῦ
2593 557 2813 627 σφάγιον
2842 558 3041 624 γένοιτό
3072 570 3162 622 μοι
3208 550 3304 604 l'O
3344 546 3422 615 di,
3453 554 3603 611 Ξένος
3629 547 3690 614 εἶ,
3726 558 3905 621 φησὶν,

544 667 641 722 1118
673 670 872 719 autem
906 681 919 720 :
946 662 1249 731 Hospesne
1274 675 1357 723 es,
1388 658 1598 729 inquit,
1620 672 1694 711 an
1728 653 2012 723 indigena
2034 648 2062 701 ?
2088 649 2180 701 Ho

2307 648 2338 702 ἤ
2389 646 2671 717 ἐπιχώριος
2704 660 2717 709 ;
2749 646 2917 711 Ξένος,
2970 643 2995 693 ὁ
3049 648 3141 692 τοῦ
3196 644 3398 710 κόσμου
3454 639 3607 703 ξένος,
3670 642 3735 699 ὡς
3786 638 3909 696 ἀλη-

552 770 710 825 spes,
733 752 836 823 qui
857 754 984 805 erat
1014 729 1145 803 vere
1174 749 1380 802 mundi
1404 748 1641 818 hospes,
1675 741 2004 816 respondit.
2038 734 2188 805 Legi-

2312 734 2428 794 θῶς,
2485 732 2812 806 ἀπεκρίνατο,
2878 731 3146 801 Ἀνέγνως,
3204 730 3341 781 εἶπεν
3405 729 3431 780 ὁ
3488 730 3692 802 ἄρχων,
3752 730 3778 780 ὃ
3860 748 3908 780 τι

547 817 1671 912 είὶ,1η(ιύ11,ρι’ω388,ᾳυωὶωρωεὶοτὶο
1702 831 1961 888 decrevit
1988 834 2202 900 poten-
2313 820 2877 912 ﬁacmsssieéqm
2934 819 3460 912 κράτος;ᾊνξ7ν’δν.
3509 823 3667 912 φησὶν
3718 817 3743 869 ὃ
3782 824 3909 912 T36-

545 906 677 986 tia?
705 906 858 997 L-egi,
881 906 1072 997 inquit
1091 906 1449 995 Trophimus
1478 922 1608 987 ;sed
1630 923 1757 977 hinc
1773 919 1918 974 nihil
1946 916 2021 972 ad
2048 931 2161 971 nos

2313 910 2617 981 φιμος,ἀλλ’
2685 906 2837 961 οὐδὲν
2885 916 3054 960 ταῦτα
3108 910 3229 980 πρὸς
3284 908 3443 977 ἡμᾶς.
3499 911 3761 978 Δαιμόνων
3804 910 3905 981 γὰρ

547 1034 687 1073 nam
703 996 853 1071 inter
866 996 1209 1070 daemonum
1222 1013 1635 1083 deceptionem
1662 1018 1715 1065 et
1738 1009 2016 1080 pietatem
2045 1003 2183 1059 muli

2314 1000 2517 1060 ἀπάτης
2563 1004 2652 1050 καὶ
2695 997 2959 1058 εὐσεϐείας
3013 996 3143 1049 πολὺ
3200 999 3257 1047 τό
3316 1000 3493 1065 μέσον,
3553 1002 3644 1046 καὶ
3688 1003 3906 1047 τοσοῦτο

550 1112 676 1162 tum
708 1105 949 1159 interest
983 1123 995 1160 :
1029 1109 1085 1158 et
1110 1108 1359 1167 tantum,
1393 1105 1779 1173 quantum,ut
1810 1096 2082 1159 arbitror,
2117 1094 2186 1148 in

2313 1089 2455 1151 ὅσον,
2504 1084 2668 1157 οἶμαι,
2697 1090 2883 1146 νυκτός
2924 1090 3013 1137 καὶ
3064 1084 3233 1143 ἡλίου.
3295 1085 3491 1157 Ὀργῆς
3536 1083 3904 1154 ὑποπίμπλησι

550 1200 637 1249 ter
665 1194 823 1248 diem
864 1198 919 1247 et
951 1201 1203 1246 noctem.
1235 1192 1364 1244 Htec
1391 1171 1481 1243 ira
1518 1188 1746 1259 replent
1781 1184 2161 1239 Heliodorum

2314 1184 2480 1227 ταῦτα
2507 1179 2593 1227 τόν
2620 1171 2953 1249 Ἦλιόδωρον,
2985 1178 3073 1225 καὶ
3118 1173 3309 1225 αὐτίκα
3355 1172 3541 1225 κελεύει
3573 1174 3904 1244 γυμνωθέντα

553 1288 609 1338 et
635 1282 832 1337 statim
883 1280 1052 1351 jubet
1082 1294 1217 1333 eum
1263 1257 1647 1341 nudatum,—a
1675 1278 1935 1347 quatuor
1965 1268 2182 1325 extend

2313 1271 2493 1315 τοῦτον
2567 1263 2622 1314 ἐκ
2701 1264 2966 1337 τεσσάρων
3022 1258 3363 1326 διαταθῆναι,
3413 1266 3503 1312 καὶ
3567 1257 3907 1335 σφοδρότερον

554 1376 610 1426 et
640 1348 934 1425 verberari
974 1367 1407 1422 vehementius.
1457 1368 1646 1436 Atque
1680 1363 1730 1417 ei
1780 1360 2044 1433 quidem,
2082 1357 2190 1412 fera

2314 1353 2620 1405 τύπτεσθαι.
2665 1356 2842 1421 Τούτῳ
2890 1354 2979 1423 μὲν
3036 1348 3123 1404 οὖν
3177 1351 3432 1422 ὠμότερον
3484 1351 3669 1421 θηρίου
3718 1353 3908 1410 παντὸς

558 1461 772 1533 quavis
806 1456 1113 1512 crudelius
1146 1470 1363 1526 corpus
1394 1435 1636 1526 ﬂagellis
1666 1449 2020 1515 exedebant,
2047 1446 2194 1501 illinc

2318 1443 2372 1492 αἰ
2418 1444 2673 1513 μάστιγες
2718 1445 2773 1493 τό
2814 1449 2968 1511 σῶμα
3018 1442 3317 1499 κατήσθιον·
3372 1441 3592 1510 αἵματος
3632 1435 3692 1491 δε
3729 1440 3912 1513 ῥῦακες

572 1528 771 1603 autem
795 1546 1044 1601 ﬂuentes
1062 1544 1165 1599 rivi
1184 1543 1495 1612 sanguinis
1512 1541 1844 1612 subjectum
1863 1537 2057 1593 solum
2073 1540 2207 1591 ante

2318 1533 2504 1583 ἐκεῖθεν
2562 1534 2825 1603 φερόμενοι
2871 1534 2995 1604 πρός
3044 1528 3207 1602 βάθος
3266 1529 3550 1601 ἐφοίνισοον
3607 1532 3665 1580 τὸ
3713 1530 3915 1581 ύποκεὶ-

569 1635 903 1691 reddebant
928 1649 1296 1706 purpureum
1331 1632 1703 1698 ;etinterim:
1744 1627 2043 1696 Sacriﬁca,
2069 1625 2205 1681 infe-

2318 1639 2465 1691 μενον
2523 1617 2729 1691 ἔδαφος·
2790 1624 2899 1683 καὶ,
2938 1624 3127 1682 Θῦσον,
3159 1619 3185 1670 ό
3224 1614 3535 1689 Ἡλιόδωρος
3587 1616 3635 1668 έν
3684 1620 3915 1688 τοσούτῷ

564 1724 662 1785 lix,
696 1705 936 1778 dicebat
981 1722 1350 1784 Heliodorus,
1380 1736 1573 1793 neque
1618 1718 1950 1774 maledictis
1982 1717 2200 1770 incesse

2279 1708 2503 1779 ιῖλεγεν,
2553 1708 2717 1775 ἄθλιε,
2767 1705 2905 1779 μηδε
2943 1716 3115 1769 κακῶς
3159 1706 3273 1778 λεγε
3324 1710 3444 1766 τοὺς
3502 1707 3645 1766 θεοὺς
3696 1712 3789 1758 καὶ
3830 1710 3915 1758 τόν

560 1814 708 1867 deos
740 1816 795 1867 et
843 1812 1283 1882 imperatorem.
1327 1811 1490 1863 Anne
1531 1824 1738 1863 carnes
1789 1806 2033 1877 quidem
2080 1809 2196 1859 tua:

2324 1798 2699 1870 αὐτοκράτορα·
2756 1798 2785 1856 ἦ
2837 1793 2961 1848 οὐδὲ
3012 1798 3102 1858 τὰς
3144 1796 3332 1855 οἰκείας
3372 1797 3573 1868 σάρκας
3624 1797 3753 1869 ὁρᾷς
3798 1793 3918 1847 λυο-

560 1899 727 1955 vides
760 1879 1050 1971 paula-tim
1083 1898 1322 1953 dissolvi
1355 1903 1410 1953 et
1438 1896 1708 1952 difﬂuere
1736 1896 1763 1952 Τ
1814 1895 1911 1949 1118
1960 1899 2160 1948 autem

2324 1891 2476 1959 μένας
2522 1886 2836 1959 καταϐραχύ
2866 1890 2956 1938 καὶ
3003 1883 3356 1959 ύπορῥεούσας
3390 1884 3488 1949 ;Ὀ
3519 1879 3597 1947 δε,
3636 1887 3695 1936 Σὲ
3726 1882 3916 1956 μᾶλλον

562 1987 658 2058 Te,
692 1988 901 2059 inquit,
935 1986 1192 2050 intuens,
1213 1987 1403 2055 magis
1424 1987 1707 2041 misereor
1728 1989 1841 2039 tuas
1861 1981 2198 2039 calamitati:

2326 1976 2475 2048 ὀρῶν,
2508 1978 2622 2041 ἔφη,
2654 1974 2861 2027 πλείονα
2913 1982 3007 2036 τῆς
3062 1979 3331 2045 συμφορᾶς
3382 1981 3479 2033 τῆς
3526 1980 3624 2033 σῆς
3672 1971 3915 2044 λαμϐάνω

562 2076 725 2148 quod
757 2092 893 2131 cum
923 2076 999 2129 sis
1026 2075 1226 2140 homo,
1259 2074 1445 2129 habes
1469 2074 1734 2129 animam
1761 2072 1895 2127 feris
1929 2070 2188 2139 agrestia

2326 2070 2410 2117 τόν
2463 2065 2612 2117 ἔλεον·
2677 2067 2815 2126 ὅπως
2869 2064 3133 2135 ἅνθρωπος
3188 2068 3226 2114 ὦ
3278 2065 3469 2136 θηρίων
3523 2061 3913 2135 ἀπεχθεστέραν

563 2180 711 2229 rem,
731 2163 957 2219 nullam
971 2164 1027 2217 in
1047 2170 1210 2218 tuam
1230 2162 1645 2233 cognationem
1660 2160 1980 2216 ostendens
2001 2160 2199 2215 huma-

2326 2157 2461 2226 ἔχεις
2512 2153 2716 2225 ψυχὴν,
2770 2151 3034 2226 μηδεμίαν
3080 2157 3199 2225 περὶ
3238 2155 3294 2204 τό
3351 2156 3592 2223 συγγενὲς
3632 2152 3913 2224 φιλανθρω-

567 2254 832 2308 nitatem.
865 2256 983 2322 Ego
1032 2258 1232 2307 autem
1263 2251 1571 2323 quomodo
1618 2251 1783 2322 potui
1838 2250 2051 2307 Christi
2098 2252 2203 2304 mei

2327 2249 2449 2296 πίαν
2502 2240 2930 2313 έπιδεικνύμενος.
2966 2242 3107 2313 Ἐμοὶ
3159 2238 3217 2293 δε
3244 2242 3416 2313 ὥσπερ
3466 2241 3664 2315 ὑπῆρξε
3709 2248 3771 2313 τῇ
3828 2248 3916 2293 τοῦ

567 2340 775 2395 virtute
806 2340 956 2395 ferre
1009 2340 1217 2412 plagas
1257 2342 1401 2395 citra
1441 2339 1773 2395 molestiam
1805 2345 1861 2394 et
1890 2354 2028 2395 cum
2074 2353 2203 2407 gau-

2326 2330 2450 2403 έμοῦ
2498 2339 2733 2404 Χριστοῦ
2783 2327 3002 2402 δυνάμει
3039 2334 3132 2392 τάς
3178 2330 3377 2401 πληγὰς
3426 2327 3653 2391 ἀλύπους
3700 2335 3792 2382 καὶ
3828 2333 3919 2381 σὺν

568 2428 668 2483 dio
702 2445 715 2495 ;
748 2429 830 2484 ita
874 2430 1048 2484 etiam
1091 2430 1307 2484 horum
1339 2426 1738 2500 spectaculum
1772 2427 2038 2483 existimo
2084 2443 2204 2482 esse

2326 2417 2489 2492 ἡδονῇ
2543 2423 2725 2491 φέρειν,
2760 2420 2891 2471 οὕτω
2923 2424 3014 2471 καὶ
3069 2424 3162 2477 τὴν
3213 2421 3405 2470 τούτων
3460 2419 3595 2483 θέαν,
3646 2417 3920 2490 ὀφθαλμῶν

568 2517 876 2571 oculorum
907 2517 1168 2581 delicias,
1201 2532 1429 2581 eorum,
1471 2531 1606 2587 quae
1643 2521 1978 2587 sperantur,
2011 2530 2204 2585 exspe-

2328 2512 2518 2579 τρυφὴν
2572 2512 2793 2580 ἥγημαι,
2854 2517 2944 2568 τῆς
3000 2516 3099 2559 τῶν
3170 2507 3512 2579 ελπιζομένων
3570 2504 3919 2581 προσδοκίας,

569 2606 823 2660 ctatione
848 2620 1093 2660 sensum
1118 2604 1393 2659 dolorum
1412 2604 1733 2659 auferente.
1752 2606 1817 2659 Et
1840 2603 2063 2674 alioqui
2093 2603 2205 2657 ani‘

2329 2604 2427 2647 τῶν
2485 2593 2682 2647 ὀδυνῶν
2748 2596 3073 2658 κλεπτούσης
3146 2601 3238 2654 τὴν
3294 2598 3562 2653 αἴσθησιν·
3626 2595 3796 2657 ἄλλως
3872 2615 3923 2649 τε

573 2709 735 2748 mam
758 2693 865 2748 scit
894 2708 1226 2763 expurgare
1257 2693 1333 2747 ab
1363 2693 1526 2747 omni
1562 2693 1797 2747 macula
1817 2692 1912 2747 hic
1949 2692 2209 2759 sanguis,

2329 2689 2419 2736 καὶ
2447 2686 2708 2759 καθαιρεῖν
2738 2682 2849 2738 οἶδε
2886 2683 3101 2748 κηλίδος
3157 2690 3250 2743 τὴν
3287 2685 3467 2756 ψυχὴν
3517 2684 3732 2747 ἀπάσης
3772 2691 3923 2737 ταυτὶ

572 2784 676 2854 qui
703 2786 944 2854 propter
983 2782 1275 2835 Christum
1304 2780 1647 2846 effunditur,
1691 2780 1793 2853 qui
1822 2786 1909 2835 est
1939 2783 1992 2835 ei
2044 2780 2208 2835 veluti

2330 2778 2396 2825 τὰ
2452 2771 2545 2826 διὰ
2602 2779 2831 2847 Χριστόν
2885 2778 3100 2847 αῖματα,
3144 2777 3294 2827 οἱονεὶ
3346 2775 3560 2846 λουτρόν
3606 2775 3737 2847 αὐτῇ
3800 2778 3927 2828 θεῖον

573 2870 883 2943 quoddam
895 2869 1166 2925 divinum
1181 2869 1506 2925 lavacrum.
1542 2873 1669 2925 Hmc
1682 2886 1816 2925 cum
1843 2871 1899 2924 in
1928 2870 2059 2941 ipso
2078 2875 2209 2925 tem-

2329 2868 2592 2934 γενόμενα.
2633 2871 2810 2916 Ταῦτα
2839 2861 3017 2923 έπειδὴ
3073 2864 3195 2936 παρ’
3222 2864 3376 2915 αὐτόν
3420 2868 3505 2916 τόν
3552 2872 3643 2925 τῆς
3691 2863 3924 2937 βασάνου

574 2974 716 3031 pore
732 2958 1005 3013 tormenti
1030 2959 1173 3013 vidit
1191 2959 1444 3013 vicarius
1469 2959 1985 3030 philosOphantem
2002 2974 2126 3014 mar
2139 2964 2210 3029 ty-

2332 2956 2511 3025 καιρόν
2573 2953 2598 3003 ό
2642 2950 2887 3025 βικάριος
2938 2953 3315 3026 φιλοσοφοῦντα
3373 2948 3480 3005 εἶδέ
3536 2956 3622 3005 τόν
3660 2956 3918 3025 μάρτυρα,

574 3062 720 3113 rem,
755 3060 892 3100 eum
918 3045 1161 3118 quidem
1185 3046 1243 3100 in
1278 3048 1585 3117 praesentia
1605 3047 1807 3117 punire
1824 3047 2025 3102 statuit
2047 3048 2210 3101 inter-

2288 3073 2294 3125 :
2331 3045 2388 3093 τό
2420 3044 2509 3112 μὶν
2534 3041 2768 3103 κολάζειν
2795 3042 2842 3094 ἐν
2881 3050 2951 3113 τῷ
2983 3048 3201 3114 παρόντι
3243 3042 3542 3094 καταλιπεῖν
3583 3044 3730 3111 ἔγνω,
3757 3044 3924 3095 πειθοῖ

579 3135 822 3205 mittere,
859 3135 1136 3189 suasione
1168 3142 1366 3191 autem
1393 3136 1586 3207 potius
1608 3151 1743 3191 eum
1767 3136 2013 3206 aggredi
2040 3140 2095 3190 et
2115 3134 2215 3190 ad-

1903 3136 2013 3191 fedi
2040 3140 2095 3190 et
2115 3134 2221 3190 δᾶ·
2270 3126 2279 3127 ί
2334 3126 2391 3182 δι
2421 3129 2608 3201 μᾶλλον
2633 3130 2792 3183 αὐτοῦ
2818 3136 2907 3184 καὶ
2936 3136 3235 3204 παραινέσει
3264 3130 3539 3203 μετελθεῖν.

575 3223 1027 3279 bortationibus.

644 3303 738 3359 111.
772 3306 917 3358 Cum
942 3304 1137 3375 itaque
1168 3319 1305 3359 eum
1337 3309 1606 3360 curasset
1634 3320 1835 3360 coram
1860 3306 1994 3377 ipso
2017 3305 2221 3360 sisten-

2403 3304 2469 3359 I".
2536 3306 2763 3365 Πλησίον
2846 3318 2932 3359 οῦν
2988 3313 3075 3361 τὸν
3177 3304 3346 3381 ἄνδρα
3427 3310 3908 3380 παραστησάμενος,

574 3392 717 3446 dum
750 3408 763 3446 :
796 3391 911 3447 Diis
945 3391 1230 3457 sacriﬁca,
1265 3393 1513 3459 dicebat,
1531 3394 1845 3464 Trophime
1872 3410 1891 3457 ;
1918 3393 2137 3464 alioqui
2169 3400 2210 3448 te

2331 3401 2527 3459 Θῦσον,
2581 3395 2735 3467 ἔλεγε,
2784 3402 3031 3471 Τρόφιμε,
3080 3405 3188 3459 τοῖς
3240 3400 3387 3461 θεοῖς,
3439 3394 3607 3454 ἐπειδή
3659 3402 3918 3469 Διονυσίῳ

573 3480 649 3535 ad
674 3480 1022 3552 Dionysium
1039 3480 1410 3547 Perennium,
1428 3482 1692 3553 Phrygiae
1715 3481 1999 3536 Salutaris
2014 3482 2209 3553 praesi-

2332 3488 2577 3558 Περεννίῳ
2632 3494 2701 3555 τῷ
2775 3492 3003 3557 Φρυγίας
3066 3486 3409 3559 Σαλουταρίας
3462 3488 3672 3558 ἡγεμόνι
3726 3504 3784 3537 σε
3827 3506 3925 3538 πα-

576 3567 713 3623 dem
728 3611 740 3633 ,
757 3570 1178 3625 transmittam.
1194 3570 1498 3625 Eratenim
1516 3571 1565 3625 is
1582 3571 1925 3625 crudelitate
1944 3571 2212 3640 insignis.

2328 3572 2603 3644 ραπέμψω·
2685 3570 2745 3632 ἦν
2805 3577 2905 3646 γὰρ
2960 3575 3104 3636 οὗτος
3168 3583 3227 3635 τῆ
3308 3576 3542 3648 ὠμότητι
3617 3571 3921 3637 διαϐόητος.

572 3657 699 3710 Non
730 3673 861 3711 mea
893 3657 1085 3721 refert,
1127 3657 1318 3730 inquit
1357 3658 1735 3730 Trophimus,
1765 3676 1799 3715 a
1836 3666 1990 3724 tene,
2032 3675 2109 3715 an
2140 3660 2208 3715 ab

2331 3658 2497 3714 Ούδεν
2540 3664 2713 3735 ἔμοιγε
2766 3659 2980 3727 διοίσει,
3004 3669 3163 3735 φησὶν
3211 3666 3236 3716 ό
3288 3668 3563 3737 Τρόφιμος,
3594 3664 3694 3715 ὑπό
3750 3671 3845 3715 σοῦ
3875 3683 3925 3715 τε

580 3744 680 3799 illo
707 3744 1037 3800 interimar.
1078 3748 1222 3800 Nam
1246 3762 1349 3800 seu
1379 3746 1746 3810 Heliodorus,
1768 3765 1869 3802 seu
1898 3748 2216 3819 Dionysius

2329 3756 2415 3802 καὶ
2446 3750 2533 3803 ὑπ’
2576 3754 2768 3804 ἐκείνου
2820 3750 3223 3825 ἀνῃρῆσθαι-ἄν
3276 3772 3329 3805 τε
3387 3755 3657 3815 Διονύσιος
3701 3754 3727 3804 ό
3779 3752 3923 3804 κολά-

575 3846 671 3887 ω8
689 3832 916 3901 puniat,
937 3831 1146 3885 eadem
1170 3848 1330 3885 mors
1351 3849 1443 3887 me
1484 3840 1702 3889 manet.
1732 3835 1893 3891 Idem
1935 3837 2094 3893 enim
2133 3846 2211 3895 est

2330 3839 2430 3898 ξων
2484 3835 2535 3911 ᾗ,
2590 3842 2614 3891 ό
2681 3841 2837 3901 αὐτός
2887 3860 2949 3912 με
2997 3847 3253 3915 περιμένει
3313 3844 3545 3903 θάνατος·
3639 3841 3749 3894 έπεὶ
3836 3845 3924 3893 καὶ

577 3919 841 3989 utrisque
873 3934 1086 3989 scOpus
1108 3924 1162 3972 et
1188 3920 1538 3986 institutum,
1580 3924 1790 3993 punire
1820 3929 1876 3979 et
1900 3926 1974 3979 de
2022 3927 2213 3983 medio

2331 3931 2528 3989 σκοπός
2573 3927 2758 4001 ἀμφοῖν
2808 3931 2834 3981 ό
2888 3930 3059 3995 αύτός,
3089 3931 3321 3994 κολάζειν
3378 3938 3468 3983 καὶ
3528 3930 3757 4005 ἀναιρεῖν
3805 3935 3923 3992 τοὺς

573 4005 773 4061 tollere
814 4022 939 4067 eos,
971 4006 1074 4075 qui
1104 4008 1533 4064 constituerunt
1563 4009 1751 4065 colere
1780 4012 2079 4083 pietatem.
2125 4016 2209 4070 His

2328 4015 2590 4087 ἑλομένους
2655 4024 2808 4088 τιμᾷν
2878 4023 2965 4077 τὴν
3043 4019 3322 4074 εὐσέϐειαν.
3397 4023 3613 4081 Τούτοις
3703 4019 3922 4083 ὀξυνθεὶς

574 4093 950 4149 vehementer
968 4100 1299 4150 commotus
1322 4096 1688 4165 Heliodorus,
1714 4099 1772 4155 in
1796 4101 1956 4172 ligno
1973 4119 2210 4175 suspen-

2324 4099 2633 4175 Ἡλιόδωρος
2708 4103 2790 4156 ἐπὶ
2844 4105 2995 4168 ξύλου
3074 4126 3127 4159 τε
3184 4114 3270 4159 τόν
3343 4109 3622 4180 ’Τρόφιμον
3705 4107 3917 4180 ἀναρτᾲ.

574 4182 663 4237 dit
685 4182 1092 4254 TrOphimum,
1124 4190 1178 4239 et
1225 4200 1361 4240 eum
1408 4187 1905 4245 circumsistentes
1950 4194 2210 4261 protinus

2325 4198 2414 4244 καὶ
2485 4195 2811 4267 περιστάντες
2904 4195 3052 4257 εὐθὺς
3138 4198 3186 4248 οἱ
3278 4194 3465 4269 δήμιοι
3563 4200 3653 4257 τὰς
3736 4196 3920 4249 ἐκείνου

575 4271 885 4327 carnifices
917 4272 1068 4327 illius
1098 4273 1283 4329 latera
1312 4274 1655 4331 immaniter
1679 4278 2095 4350 discerpebant
2123 4297 2134 4336 :
2162 4288 2211 4337 et

2324 4281 2547 4354 πλευρὰς
2616 4280 2832 4343 ἀνηλεῶς
2884 4283 3035 4352 ἔξεον,
3109 4291 3197 4338 καὶ
3266 4291 3396 4357 πρὸς
3448 4286 3581 4338 αύτά
3652 4290 3775 4339 εἵσω
3862 4290 3924 4337 τὰ

576 4361 861 4417 subibant
889 4362 964 4417 ad
998 4361 1129 4435 ipsa
1148 4380 1336 4435 usque
1367 4365 1597 4420 interna
1620 4368 1857 4424 viscera.
1887 4369 1982 4423 1118
2014 4375 2212 4426 autem

2284 4370 2610 4467 ⁵σπλάγχνα
2658 4368 2922 4433 ἐϐάδιζον,
2979 4372 3037 4425 Ὀ
3082 4370 3142 4426 δέ
3184 4373 3370 4445 ἀκριϐῆ
3431 4374 3624 4447 μᾶλλον
3694 4380 3776 4426 τόν
3833 4385 3920 4435 τῆς

577 4449 768 4518 magis
782 4450 1171 4505 conservabat
1186 4458 1530 4507 accuratum
1544 4455 1944 4514 characterem
1960 4458 2213 4528 philoso-

2275 4449 2513 4520 ὀἰκείας
2593 4460 2899 4532 φιλοσοφίας
2982 4458 3204 4523 διέσωζε
3274 4471 3621 4538 χαρακτῆρα,
3703 4466 3911 4530 Χριστε,

577 4536 761 4607 phire:
782 4536 1046 4599 Domine,
1064 4537 1329 4608 feropem
1345 4539 1568 4594 famulo
1588 4542 1918 4603 tuo,leniter
1943 4546 2147 4602 dicens
2163 4554 2213 4602 et

2328 4546 2506 4619 βοήθει
2554 4557 2624 4618 τῷ
2682 4557 2756 4619 σῷ
2804 4546 2993 4620 δούλῳ,
3033 4552 3217 4622 ἡσυχῆ
3248 4536 3363 4603 καὶὴ
3392 4536 3565 4625 πράως
3595 4554 3916 4624 ὑποφθεγγο-

578 4624 830 4694 placide.
862 4627 1078 4680 Praases
1101 4625 1299 4698 itaque
1323 4627 1666 4684 Heliodorus
1692 4629 1898 4687 videns
1922 4633 2214 4705 insignem

2328 4656 2491 4709 μενος.
2547 4636 2605 4689 Ὀ
2658 4639 2840 4709 οἶρχων
2898 4644 3066 4689 τοίνυν
3116 4624 3438 4713 Ἡλιόδωρος
3515 4645 3608 4699 τὴν
3689 4642 3916 4716 ὑπερφυῆ

579 4712 811 4768 athletas
839 4712 1265 4784 fortitudinem,
1290 4731 1426 4771 cum
1460 4732 1580 4772 non
1616 4726 1817 4789 posset
1846 4720 2038 4777 lucem
2064 4722 2215 4777 illius

2333 4723 2533 4795 βλέπων
2597 4734 2687 4778 τοῦ
2767 4725 2992 4784 ἀθλητοῦ
3047 4712 3347 4802 καρτερίαν,
3403 4726 3581 4788 ἐπειδὴ
3646 4730 3740 4782 οῦκ
3787 4712 3922 4801 -εἶχε

580 4802 892 4857 verborum
926 4802 1157 4868 intueri,
1191 4809 1251 4858 ut
1278 4806 1381 4876 qui
1420 4806 1636 4862 animus
1666 4810 1963 4866 cascutiret
1992 4811 2216 4870 oculis:

2332 4818 2457 4886 πρὸς
2532 4818 2587 4865 τό
2640 4824 2737 4867 τῶν
2780 4815 2973 4868 ἐκείνου
3019 4816 3265 4890 ῥημάτων
3315 4826 3421 4889 φῶς
3480 4815 3782 4890 διαϐλέψαι,
3839 4839 3921 4871 τυ-

582 4890 809 4953 Ubiest,
834 4891 1088 4956 dicebat,
1117 4893 1499 4965 oTrophime,
1530 4896 1786 4951 Christus
1808 4900 1979 4953 tuus?
1997 4900 2095 4955 Ille
2121 4916 2218 4956 au-

2336 4900 2572 4973 φλωττων
2607 4908 2725 4965 τοὺς
2770 4913 2861 4967 τῆς
2908 4906 3095 4977 ψυχῆς
3140 4904 3452 4978 ὀφθαλμούς,
3518 4914 3645 4973 Ποῦ,
3679 4908 3865 4980 ἔλεγεν,
3902 4910 3927 4959 ὁ

581 4982 698 5034 tem
729 4995 741 5034 :
776 4982 949 5043 Meus,
983 4980 1236 5046 dicebat,
1262 4981 1519 5037 Christus
1549 5000 1742 5056 neque
1767 5002 1803 5041 a
1828 5003 1924 5043 me
1952 4988 2217 5055 discedit,

2337 4995 2568 5053 Χριστός
2598 5010 2713 5057 σου,
2744 4998 2968 5066 Τρόφιμε
3001 5013 3015 5057 ;
3046 4993 3103 5048 Ὀ
3136 4991 3214 5061 δε,
3246 4994 3304 5047 Ὀ
3348 4994 3489 5067 έμός,
3543 4999 3658 5068 ἔφη,
3706 5000 3930 5069 Χριστὸς

582 5072 637 5122 et
663 5083 897 5139 semper
927 5068 1095 5124 adest
1119 5070 1417 5140 omnibus,
1446 5073 1548 5143 qui
1576 5089 1712 5129 eum
1741 5076 2019 5133 invocant
2046 5078 2105 5133 in
2131 5095 2218 5133 ve-

2338 5081 2453 5130 οὔτε
2501 5078 2623 5149 ἐμοῦ
2682 5079 2983 5151 ἀφίσταται,
3016 5089 3104 5135 καὶ
3148 5090 3280 5136 πᾶσι
3309 5091 3415 5146 τοῖς
3458 5084 3506 5136 έν
3566 5084 3783 5157 ἀληθείᾳ
3834 5106 3929 5137 κα-

582 5155 782 5243 ritate:
818 5160 908 5243 est
928 5163 1125 5213 autem
1162 5158 1275 5214 hoc
1293 5176 1535 5234 quoque
1567 5177 1636 5217 ex
1662 5178 1730 5218 eo
1761 5164 2028 5233 evidens,
2061 5167 2218 5238 quod

2338 5165 2515 5218 λοῦσιν
2567 5169 2720 5220 αὑτὸν
2752 5170 2822 5231 εἰς
2868 5169 2943 5223 ἀεὶ
2984 5174 3222 5243 πάρεστι·
3258 5178 3347 5225 καὶ
3395 5171 3553 5231 δῆλον
3595 5174 3652 5225 ἐκ
3712 5183 3802 5227 τοῦ
3843 5180 3932 5227 καὶ

583 5256 694 5295 nos
720 5241 887 5296 facile
924 5243 1181 5299 feramus
1207 5248 1461 5304 dolores.
1497 5250 1602 5315 Qui
1631 5252 1786 5306 enim
1825 5251 2004 5318 ﬁeret,
2039 5261 2099 5309 ut
2126 5255 2219 5310 hu-

2339 5257 2430 5314 τὰς
2486 5252 2773 5325 ἀλγηδόνας
2818 5258 2946 5330 ῥᾷον
2996 5241 3157 5333 φέρειν
3218 5262 3387 5331 τιμάς.
3448 5268 3554 5314 Ποῦ
3598 5265 3701 5335 γὰρ
3743 5265 3804 5315 οἷν
3853 5263 3942 5313 ἀν-

586 5342 766 5424 mana
794 5333 1005 5386 natura
1024 5332 1196 5391 ferret
1218 5344 1335 5392 tam
1364 5353 1576 5407 graves
1602 5341 1916 5407 cruciatus,
1950 5343 1995 5396 si
2030 5360 2149 5400 non
2182 5348 2222 5401 ei

2344 5345 2570 5417 θρωπεία
2641 5348 2791 5416 φύσις
2850 5348 2983 5398 οὕτω
3041 5348 3418 5418 χαλεπωτάτην
3466 5352 3711 5421 ύπένεγκε
3765 5350 3946 5424 βάσα-

586 5412 853 5511 divinum
868 5415 1401 5511 adessetauxilium
1425 5426 1452 5481 ?
1466 5427 1594 5483 Haec
1609 5443 1745 5484 cum
1759 5428 2025 5497 dixisset,
2050 5433 2222 5488 athle-

2342 5450 2443 5495 νον,
2517 5436 2588 5503 μὴ
2662 5436 2915 5508 θειοτέρας
2994 5434 3341 5490 ἀπολαύσασα
3399 5412 3699 5511 βοηθείας;
3760 5412 3950 5494 ίΐαῦτα

590 5503 708 5553 tam
732 5514 927 5554 carcer
959 5506 1218 5577 suscipit,
1254 5510 1310 5565 in
1337 5529 1457 5585 quo
1481 5519 1605 5570 tum
1633 5516 1747 5572 alia
1772 5516 2065 5573 cruciatur
2088 5519 2226 5577 aﬂli-

2346 5519 2553 5572 εἰπόντα
2609 5524 2695 5573 τόν
2752 5520 2979 5581 ἀθλητὴν
3035 5520 3393 5599 δεσμωτήριον
3441 5522 3783 5601 διαδέχεται,
3820 5528 3870 5583 έν
3905 5527 3949 5603 ᾧ
