4142 6278
232 338 337 395 737
1152 333 1590 390 MARTYRIUM
1629 332 1688 386 S.
1730 326 2084 383 TROPHIMI
2128 331 2211 384 ET
2250 331 2639 390 SOCIORUM.
3494 346 3599 401 738

238 471 301 535 τῇ
359 480 415 514 τε
468 460 595 517 ἄλλη
640 453 1001 530 παραδίδοται
1043 464 1292 523 κακώσει,
1328 464 1418 511 καὶ
1468 458 1539 521 εἰς
1582 462 1874 528 τέσσαρας.

1964 454 2169 522 ctione,
2203 461 2325 513 tum
2353 459 2532 515 etiam
2563 462 2896 520 extenditur
2923 465 2983 521 in
3008 472 3268 539 quatuor
3294 468 3600 525 foramini-

246 558 341 603 τοῦ
390 549 741 620 κολαστηρίου
801 546 953 609 ξύλου
1008 548 1033 598 6
1087 551 1266 621 Πατὴρ
1322 548 1661 611 ἀποτείνεται,
1714 547 1846 605 ὅπως

1961 542 2219 615 busligni
2233 546 2309 601 ad
2324 551 2722 621 torquendum
2749 556 3101 626 comparati,
3117 562 3179 613 ut
3191 572 3265 612 ne
3280 557 3597 615 minimum

248 635 387 713 μηδί
435 637 677 702 ἕνταῦθα,
711 640 891 707 φησὶν,
924 638 1042 707 ἔχοι
1084 632 1213 707 μηδ’
1247 635 1329 689 ἐπὶ
1373 641 1560 710 μικρὸν
1607 635 1851 687 ἀναπνεῦ-

1113 632 1213 695 ιηδ⁹
1247 635 1329 689 ἐπὶ
1373 641 1560 710 μικρὸν
1607 635 1851 687 ἁναπνεῡ-
1958 632 2198 704 quidem
2226 641 2749 710 possetrespirare.

260 746 371 781 crat.

328 814 397 868 Δ’.
436 813 715 885 Εἰσάγεται
747 810 805 866 δε
849 821 921 884 τῷ
965 813 1170 885 βήματι
1214 814 1323 886 μετ’
1354 814 1508 865 αὐτὸν
1550 814 1576 864 6
1621 819 1851 884 γενναῖος

2033 806 2121 859 IV.
2155 807 2238 862 Ad
2273 810 2532 867 tribunal
2573 817 2773 869 autem
2806 821 2937 886 post
2985 816 3181 887 ipsum
3214 818 3603 878 introducitur

259 903 557 963 Σαϐϐάτιοςο
619 907 709 955 καὶ
791 902 980 955 αὐτίκα
1056 906 1185 978 πρὸς
1254 903 1428 968 αύτὸν,
1489 902 1599 955 Ούκ
1654 901 1847 971 ἐρωτῶ,

1964 896 2232 964 egregius
2261 898 2595 956 Sabbatius.
2628 903 2687 957 Ei
2718 908 2917 959 autem
2949 907 3145 961 statim
3174 907 3312 963 dicit
3338 925 3557 978 praases
3586 925 3600 965 :

257 996 416 1064 φησιν
470 992 496 1042 6
548 992 749 1064 ἄρχων,
800 991 843 1042 εἰ
887 995 1202 1065 Χριστιανὸς
1246 989 1307 1043 εἶ’
1360 989 1701 1063 ἀπεστρέφετο
1747 992 1847 1061 γὰρ

1965 984 2088 1038 Non
2120 1000 2285 1054 rogo,
2346 1002 2422 1042 an
2455 989 2531 1043 sis
2572 990 2935 1047 Christianus
2975 994 3112 1065 (hoc
3157 996 3317 1051 enim
3361 998 3601 1054 verbum

256 1083 420 1154 μέχρι
473 1087 573 1131 τῶν
624 1083 766 1131 ὤτων
812 1082 870 1130 τὸ
912 1080 1091 1153 ῥῆμα·
1126 1079 1233 1132 ἐπεὶ
1285 1077 1406 1132 οὐδὲ
1454 1088 1616 1132 νοσῶν
1664 1078 1852 1151 ὀφθαλ-

1965 1071 2115 1128 adeo
2136 1076 2543 1143 aversabatur,
2573 1083 2633 1133 ut
2654 1096 2725 1134 ne
2739 1079 2906 1135 vellet
2937 1082 3183 1152 quidem
3209 1083 3429 1151 audire,
3458 1102 3601 1157 quo-

258 1172 350 1239 μὸς
404 1172 462 1221 τὸ
533 1168 698 1238 γλυκύ
775 1175 909 1221 πᾶσι
965 1177 1070 1240 φῶς
1141 1165 1269 1221 ἰδεῖν
1320 1171 1669 1241 ὑπομείνειεν’
1725 1166 1853 1219 ἀλλὰ

1973 1161 2125 1215 niam
2150 1177 2258 1217 nec
2282 1180 2435 1234 aeger
2462 1165 2667 1221 oculos
2691 1167 3033 1224 sustinuerit
3061 1171 3253 1227 videre
3274 1170 3464 1229 lucem
3478 1190 3609 1244 gra-

258 1261 311 1309 τί
366 1260 456 1309 σὸν
508 1258 567 1308 τὸ
619 1254 842 1327 ἀξίωμα,
900 1266 1099 1329 πρῶτον
1150 1257 1275 1312 εἰπέ.
1326 1262 1425 1311 Καὶ
1474 1259 1499 1309 6
1548 1256 1851 1326 Σαϐϐάτιος,

1970 1254 2085 1303 tam
2130 1252 2455 1323 omnibus),
2485 1254 2589 1309 sed
2633 1255 2727 1311 dic
2752 1257 3034 1327 primum,
3083 1275 3364 1329 quaenam
3400 1263 3474 1317 sit
3500 1265 3606 1318 tua

263 1346 434 1418 Ἐμοὶ,
485 1350 661 1415 φησὶν,
709 1342 748 1395 ὦ
794 1342 1066 1410 δικασταὶ,
1099 1352 1188 1399 καὶ
1240 1346 1463 1420 ἀξίωμα,
1514 1351 1601 1399 καὶ
1643 1352 1851 1421 πατρὶς,

1965 1336 2244 1408 dignitas.
2288 1341 2604 1398 Sabbatius
2634 1348 2833 1399 autem
2866 1361 2879 1400 :
2913 1345 3063 1416 Mihi,
3090 1347 3301 1419 inquit,
3335 1366 3371 1405 o
3396 1350 3601 1420 judex,

261 1439 351 1487 καὶ
406 1431 536 1496 δόξα
587 1440 675 1486 καὶ
733 1439 1009 1508 περιουσία
1056 1440 1283 1509 Χριστὸς
1334 1435 1473 1488 ἐστιν
1517 1437 1542 1487 6
1584 1442 1673 1487 τοῦ
1723 1443 1855 1489 Θεοῦ

1969 1431 2019 1479 et
2049 1425 2327 1495 dignitas,
2361 1433 2419 1483 et
2449 1432 2656 1500 patria,
2689 1439 2745 1486 et
2771 1432 2983 1502 gloria,
3015 1442 3070 1489 et
3108 1435 3417 1492 facultates
3452 1438 3605 1494 Chri-

265 1524 407 1586 Υίός,
438 1523 464 1574 6
513 1521 590 1575 ἀεὶ
643 1523 764 1586 ζῶν,
799 1523 859 1574 οὗ
902 1532 963 1595 τῇ
1010 1529 1224 1597 προνοίᾳ
1266 1530 1324 1575 τὸ
1373 1530 1473 1575 πᾶν
1516 1521 1635 1576 τόδε
1677 1523 1830 1594 κυϐερ

1969 1517 2093 1567 stus
2122 1521 2210 1569 est
2241 1517 2334 1570 Dei
2366 1517 2542 1573 Filius
2574 1536 2808 1591 semper
2838 1522 3055 1590 vivens,
3088 1524 3260 1594 cujus
3289 1526 3605 1596 providen-

263 1618 416 1664 νᾶται
466 1615 553 1663 καὶ
603 1608 909 1664 διιθῦνεται.
947 1618 1046 1664 Καὶ
1095 1614 1122 1663 6
1172 1609 1433 1673 δικαστὴς
1479 1619 1540 1683 τῇ
1592 1619 1682 1663 τοῦ
1724 1613 1855 1683 μάρ-

1970 1601 2050 1655 tia
2072 1601 2184 1657 hoc
2217 1606 2555 1660 universum
2587 1610 2873 1680 regituret
2896 1611 3279 1681 gubernatur.
3301 1616 3485 1670 Iudex
3505 1630 3603 1670 au-

264 1720 420 1773 τυρος
468 1703 596 1772 μετὰ
639 1699 938 1774 παῤῥησίας
986 1699 1259 1774 ἀποκρίσει
1304 1704 1369 1753 τὰ
1409 1702 1617 1771 ἔσχατα
1659 1698 1852 1770 ἑξυϐρί-

1975 1694 2087 1743 tem
2113 1690 2297 1746 libero
2330 1695 2604 1766 martyris
2640 1713 2921 1768 responso
2953 1699 3272 1756 arbitratus
3292 1717 3354 1757 se
3376 1717 3611 1758 esseex-

270 1792 395 1842 σθαι
451 1793 689 1860 νομίσας,
748 1789 947 1859 πληγὰς
998 1790 1201 1841 ἐντείνει
1268 1791 1403 1840 κατὰ
1453 1787 1639 1863 κορῥῆς
1692 1788 1852 1857 αὐτῷ,
1896 1812 1906 1867 ι

1972 1783 2158 1834 trema
2193 1779 2471 1836 affectum
2512 1785 2889 1851 contumelia,
2923 1787 2973 1841 ei
3026 1786 3301 1860 impingit
3345 1789 3604 1861 alapam,

268 1877 531 1950 ἄπιφωνῶν
585 1878 695 1951 ἅμα
728 1899 740 1912 ·
772 1881 908 1951 Πρὸς
965 1881 1084 1939 ἔπος
1140 1877 1447 1950 ἀπόκριναι·
1480 1883 1568 1930 καὶ
1614 1876 1857 1949 βασάνων
1898 1866 1904 1867 ί

1971 1866 2309 1923 acclamans
2325 1871 2656 1940 :Besponde
2678 1872 2754 1928 ad
2777 1875 3174 1946 propositum,
3189 1878 3607 1949 etpriusquam

266 1974 474 2040 πεῖραν.
498 2012 508 2021 .
534 2011 545 2021 .
570 2011 580 2021 .
604 2011 616 2022 .
640 2012 651 2023 .
676 2010 686 2018 .
712 2010 722 2022 .
747 2011 759 2023 .
782 2010 794 2023 .
878 1967 1193 2039 προσελθὼν,
1266 1969 1422 2019 θῦσον
1517 1974 1622 2026 τοῖς
1707 1968 1854 2026 θεοῖς.

1976 1957 2397 2010 tormentorum
2430 1957 2618 2014 facias
2644 1960 2994 2031 periculum,
3014 1963 3289 2033 procede,
3319 1964 3497 2020 etdiis
3524 1981 3612 2021 sa-

265 2058 336 2107 T6
369 2057 471 2127 γὰρ
520 2057 650 2127 μετὰ
696 2062 862 2107 ταῦτα
912 2057 1066 2107 θῦσαι
1117 2057 1286 2129 ἅχαρί
1333 2074 1387 2107 τε
1422 2059 1510 2105 καὶ
1555 2054 1660 2125 οὐχ
1696 2054 1858 2114 οὕτως

1976 2041 2181 2097 critica.
2213 2045 2424 2099 Postea
2457 2044 2615 2101 enim
2655 2049 2986 2105 sacriﬁcare
3038 2051 3145 2107 erit
3187 2051 3509 2121 ingratum,
3557 2058 3612 2109 et

268 2140 555 2195 ἀπόδεκτον
581 2164 593 2176 υ
653 2142 817 2205 άλλως
868 2163 921 2196 τε
963 2148 1053 2196 καὶ
1103 2142 1437 2218 προλαϐοῦσα
1488 2142 1715 2215 βάσανος
1765 2146 1859 2199 τὴν

1975 2144 2086 2186 non
2110 2132 2262 2186 adeo
2294 2139 2622 2205 acceptum,
2651 2143 2705 2191 et
2730 2137 2951 2209 alioqui
2978 2138 3321 2210 praecedens
3353 2146 3611 2197 tormen-

266 2234 537 2303 μετίπειτα
609 2228 804 2289 ἡδονὴν
880 2234 1216 2303 ὑποτέμνεται
1244 2252 1256 2266 ο
1291 2236 1379 2284 καὶ
1447 2233 1472 2283 6
1528 2230 1812 2291 Σαϐϐάτιος
1844 2251 1857 2263 ·

1975 2224 2097 2274 tum
2119 2220 2372 2277 detrahit
2398 2222 2473 2277 de
2503 2224 2744 2292 gaudio,
2772 2226 2935 2298 quod
2966 2234 3176 2298 postea
3204 2230 3611 2301 consequitur.

265 2325 374 2379 Τῆς
404 2317 653 2393 ἔπικήρου
688 2324 777 2371 καὶ
805 2320 1028 2393 ῥεούσης
1058 2317 1251 2380 ἡδονῆς
1279 2318 1383 2372 ὧδε
1424 2322 1561 2372 καθὰ
1600 2325 1689 2373 καὶ
1731 2324 1860 2392 μόνη

1981 2308 2294 2365 Sabbatius
2326 2327 2493 2367 vero:
2526 2312 2796 2383 Caducae,
2824 2314 3032 2386 inquit,
3065 2315 3316 2372 etﬂuxas
3348 2317 3617 2390 volupta-

268 2412 404 2479 μένει
484 2406 760 2470 ἁπόκλισις
825 2407 1074 2482 σφαλερὰ,
1148 2412 1344 2480 φησίν·
1399 2408 1443 2460 εἰ
1493 2405 1553 2460 δε
1608 2414 1697 2460 καὶ
1770 2413 1864 2465 τὴν

1979 2396 2068 2462 tis,
2096 2412 2133 2453 o
2157 2397 2362 2468 judex,
2388 2399 2480 2455 vel
2525 2401 2653 2457 sola
2681 2403 2981 2474 perceptio
3011 2409 3098 2458 est
3128 2403 3355 2460 lubrica
3383 2412 3438 2459 et
3466 2406 3615 2476 peri-

268 2494 511 2549 ἀσέϐειαν
589 2494 837 2567 ἑπομένην
911 2498 1048 2567 ἔχοι,
1108 2500 1166 2547 τὸ
1245 2498 1402 2547 κακὸν
1461 2495 1674 2553 ἡλίκονο
1732 2497 1867 2548 ὥστε

1982 2485 2195 2541 culosa.
2230 2488 2400 2551 Quod
2424 2488 2472 2543 si
2497 2490 2675 2545 etiam
2703 2497 3170 2563 consequentem
3196 2493 3375 2548 habet
3406 2492 3618 2564 impie-

272 2584 441 2655 πολλῷ
470 2590 736 2659 κρείττους
778 2584 892 2657 ἇμοὶ
924 2587 979 2636 αἰ
1008 2580 1102 2637 διὰ
1129 2591 1363 2656 Χριστοῦ
1405 2584 1645 2646 κολάσεις
1667 2602 1679 2614 '
1714 2584 1866 2637 αὗται

1980 2578 2177 2639 tatem,
2209 2583 2501 2646 quantum
2536 2578 2762 2634 malum
2794 2579 2821 2632 ‘I
2867 2581 3269 2645 Quamobrem
3305 2588 3442 2636 sunt
3470 2582 3616 2638 mihi

272 2674 376 2745 γὰρ
459 2671 715 2735 διηνεκεῖς
796 2675 1143 2743 ταμιεύονται,
1196 2677 1285 2724 καὶ
1364 2671 1442 2723 ἀεὶ
1510 2676 1723 2744 μένουσι
1775 2675 1867 2734 τὰς

1984 2662 2243 2729 meliora,
2275 2679 2409 2736 quae
2440 2666 2841 2737 suscipiuntur
2871 2673 3109 2739 propter
3136 2668 3450 2736 Christum,
3484 2686 3620 2742 sup-

276 2760 494 2833 ἀμοιϐάς
528 2778 541 2791 ⁸
592 2764 659 2814 τὰ
716 2759 774 2813 δε
848 2762 1088 2832 ὑμέτερα,
1148 2762 1253 2830 ὅσῳ
1323 2760 1511 2831 μᾶλλον
1588 2760 1864 2832 εὐφραίνει,

1986 2751 2170 2822 plicia.
2205 2754 2285 2807 Ea
2317 2753 2473 2807 enim
2505 2761 2828 2819 reservant,
2861 2761 2915 2811 et
2944 2755 3165 2811 habent
3196 2763 3525 2828 perpetuas,
3566 2763 3622 2813 et

276 2852 508 2920 τοσούτῳ
559 2854 649 2901 καὶ
718 2847 942 2905 λυπήσει
997 2848 1165 2900 πλέον.
1228 2852 1323 2899 Καὶ
1379 2849 1481 2899 εἶθε
1530 2866 1589 2915 γε
1643 2854 1732 2899 καὶ
1782 2852 1868 2899 τὸν

1982 2856 2109 2909 quas
2136 2855 2371 2909 semper
2404 2848 2667 2906 manent,
2700 2845 3226 2900 remunerationes.
3274 2848 3382 2901 Res
3420 2851 3618 2902 autem

272 2940 389 2990 ἴσον
466 2941 675 3009 χρόνον,
735 2934 840 2987 ἀλλ’
895 2936 1149 3005 εὐφραίνει
1216 2937 1305 3005 μεν
1361 2937 1660 3007 πρόσκαιρα
1706 2940 1870 3006 τυχὸν

1982 2931 2191 2982 vestrae
2208 2944 2329 2998 quo
2358 2930 2566 3000 majori
2585 2930 2851 2987 afﬁciunt
2876 2932 3196 3004 voluptate,
3216 2939 3377 2989 tanto
3404 2932 3618 3003 majori

275 3029 368 3076 καὶ
401 3023 651 3097 ἐφήμερα,
677 3023 901 3081 λυπήσει
929 3020 988 3076 δε
1012 3021 1245 3075 ἀθάνατα
1272 3026 1362 3073 καὶ
1391 3021 1592 3076 αἰώνια.

1983 3014 2182 3069 dolore
2194 3016 2463 3073 efﬁcient.
2485 3023 2671 3089 Atque
2692 3019 2898 3075 utinam
2917 3019 3043 3092 pari
3059 3026 3332 3092 tempore,
3349 3023 3446 3076 sed
3460 3020 3619 3077 brevi

1903 3144 1944 3202 Ο
1979 3105 2207 3200 quidem
2224 3110 2676 3202 tempore,atque
2690 3108 2838 3162 adeo
2851 3114 3131 3164 momento
3144 3110 3415 3181 temporis
3431 3109 3617 3165 delec-

1983 3195 2118 3257 tant,
2135 3191 2425 3246 immortali
2440 3198 2626 3247 autem
2647 3201 2701 3248 et
2717 3197 3059 3267 sempiterna
3075 3195 3327 3252 efﬁcient
3341 3196 3618 3253 molestia.

344 3288 415 3344 E'.
475 3290 840 3365 Ἐκθηριοῦται
889 3292 1015 3363 πρὸς
1069 3296 1235 3342 ταῦτα
1290 3290 1316 3339 6
1372 3290 1574 3364 ἄρχων,
1633 3293 1721 3341 καὶ
1778 3288 1871 3361 ἀγ-

2050 3279 2117 3333 V.
2150 3280 2248 3333 His
2269 3278 2545 3335 efferatur
2574 3286 2629 3335 et
2666 3282 2785 3336 acri
2821 3283 2907 3337 ira
2937 3290 3206 3337 movetur
3224 3300 3443 3353 praeses
3484 3284 3620 3339 etin

271 3385 515 3454 ριώτερος
588 3383 818 3451 γίνεται·
876 3384 965 3431 καὶ
1042 3378 1339 3452 μετεωρίξει
1411 3380 1501 3449 μεν
1557 3376 1640 3430 ἐπὶ
1720 3377 1871 3441 ξύλου

1986 3367 2141 3438 ligno
2173 3368 2410 3439 quidem
2435 3369 2690 3425 sublime
2709 3369 2846 3424 tollit
2866 3370 3168 3435 athletam,
3188 3378 3366 3444 atque
3390 3371 3622 3442 ungulis

273 3470 363 3519 τὸν
413 3465 661 3533 ἀθλητὴν,
694 3472 783 3520 καὶ
837 3469 923 3528 τὰς
968 3467 1192 3540 πλευρὰς
1235 3462 1481 3539 σιδηροῖς
1509 3465 1650 3529 ὄνυξι
1682 3463 1874 3529 διαξίει

1990 3455 2185 3512 ferreis
2216 3456 2493 3530 discerpit
2522 3458 2728 3525 latera,
2761 3474 2898 3514 ossa
2927 3465 3126 3514 autem
3158 3465 3391 3516 emovet
3425 3466 3477 3516 et
3503 3460 3626 3515 elo-

279 3554 614 3627 ἀναμο.....
655 3574 698 3608 ει
746 3551 805 3608 δι
848 3558 913 3607 τὰ
962 3555 1110 3622 ὀστᾶ,
1156 3559 1246 3607 καὶ
1297 3554 1465 3606 αὐτῶν
1512 3555 1725 3607 ἅπτεται
1775 3565 1875 3608 τῶν

1989 3550 2096 3616 cat,
2141 3552 2198 3602 et
2222 3547 2352 3618 ipsa
2379 3548 2560 3617 tangit
2588 3546 2883 3602 intestina.
2926 3547 3171 3618 Propter
3206 3548 3334 3603 haec
3361 3563 3501 3616 ergo
3533 3549 3625 3604 tri-

281 3642 528 3715 ἕγκάτων.
588 3644 844 3718 Περιαλγῆ
896 3648 1065 3695 τοίνυν
1123 3641 1202 3695 ἰπὶ
1254 3645 1457 3704 τούτοις
1504 3646 1591 3695 τὸν
1639 3646 1877 3718 μάρτυρα

1985 3642 2133 3691 stem
2162 3640 2219 3690 et
2256 3635 2459 3689 dolore
2488 3633 2763 3690 affectum
2792 3634 3224 3705 contemplatus
3252 3643 3573 3708 martyrem
3608 3655 3621 3690 :

285 3734 612 3805 θεασάμενος,
662 3732 719 3785 Εἰ
762 3732 927 3803 γλυκύ
969 3751 1054 3784 σοι
1087 3735 1145 3783 τὸ
1201 3729 1292 3784 διὰ
1340 3739 1573 3806 Χριστοῦ
1621 3735 1871 3805 πάσχειν,

1990 3725 2041 3782 Si
2066 3729 2152 3779 est
2178 3723 2300 3789 tibi,
2320 3722 2532 3795 inquit,
2552 3740 2585 3777 ο
2612 3722 2877 3789 Sabbati,
2901 3724 3232 3791 jucundum
3255 3725 3370 3796 pati
3397 3730 3626 3796 propter

283 3824 400 3893 ἔφη,
454 3820 758 3885 Σαϐϐάτιος,
809 3822 961 3873 ποθεν
1019 3820 1068 3872 οἰ
1127 3826 1405 3891 στεναγμοὶ
1455 3826 1544 3873 καὶ
1595 3824 1658 3873 τὰ
1717 3824 1878 3896 θερμὰ

1990 3812 2299 3875 Christum,
2336 3811 2638 3866 undenam
2672 3816 2813 3867 sunt
2838 3810 3089 3881 genitus,
3117 3817 3174 3865 et
3202 3811 3293 3867 hae
3323 3811 3524 3867 calidaa
3544 3812 3626 3868 la-

282 3915 437 3963 ταυτὶ
472 3907 718 3984 δάκρυα;
755 3908 844 3964 Ἰν⁹
874 3906 1042 3982 εἰδῇς,
1074 3910 1101 3961 6
1143 3912 1340 3983 μάρτυς
1387 3915 1560 3982 φησὶν,
1596 3911 1734 3973 ὅπως
1776 3913 1877 3983 ἐγὼ

1991 3900 2253 3975 crymae?
2306 3902 2376 3957 Ut
2420 3900 2594 3970 scias,
2648 3899 2838 3971 inquit
2880 3907 3128 3972 martyr,
3172 3907 3469 3972 quantum
3519 3916 3627 3972 ego

281 4003 341 4052 τὸ
390 4006 608 4073 πρᾶγμα
652 3995 812 4069 διψῶ·
864 4003 953 4051 καὶ
1003 4000 1128 4050 ὅσου
1170 4007 1405 4071 τιμῶμαι
1452 4002 1510 4051 τό
1565 3995 1637 4052 δι’
1692 3998 1877 4053 ἐκεῖνον

1988 4009 2111 4049 rem
2158 3991 2291 4046 sitio
2343 3995 2400 4045 et
2443 3989 2650 4061 quanti
2728 3988 2882 4045 facio
2947 3990 3065 4060 pati
3139 3994 3381 4060 propter
3439 3989 3624 4045 illum.

281 4089 464 4141 παθεῖν
494 4106 504 4117 ’
540 4089 622 4139 ὅτι
671 4092 760 4140 καὶ
803 4088 938 4140 οὕτω
983 4084 1309 4160 δριμυτάτην
1358 4083 1549 4150 ὀδύνης
1597 4086 1879 4161 δεχόμενος

1993 4085 2133 4136 Nam
2181 4078 2288 4134 etsi
2337 4078 2627 4149 accipiam
2698 4092 2941 4131 sensum
3004 4076 3338 4145 gravissimi
3384 4077 3629 4144 doloris,

284 4178 559 4245 αἴσθησιν,
591 4179 655 4237 ὡς
700 4182 789 4230 καὶ
839 4177 911 4238 εἰς
956 4174 1163 4250 δάκρυα
1206 4179 1397 4249 φανερὰ
1442 4179 1763 4248 κατάγεσθαι
1791 4182 1879 4228 καὶ

1993 4169 2139 4222 adeo
2212 4171 2275 4217 ut
2348 4168 2403 4217 et
2466 4168 2666 4233 aperte
2737 4162 2878 4218 mihi
2952 4167 3272 4233 erumpant
3329 4163 3629 4234 lacrymaa,

282 4265 529 4338 χαλεπῶς
583 4270 768 4338 φέρειν,
810 4267 948 4337 ὅμως
999 4267 1299 4337 θερμότερον
1347 4268 1422 4316 ἔτι
1469 4272 1559 4315 τοῦ
1610 4265 1680 4323 εἰς
1726 4264 1880 4314 αὐτὸν

1997 4263 2043 4309 et
2071 4254 2255 4307 feram
2283 4251 2558 4321 graviter,
2592 4250 2788 4304 adhuc
2820 4258 3017 4305 tamen
3053 4250 3471 4306 vehementiori
3504 4253 3633 4325 ejus

282 4356 471 4427 ἔρωτος
522 4355 738 4424 ἔχομαι,
775 4357 864 4404 καὶ
897 4349 1019 4404 οὐδε
1068 4353 1199 4404 οὕτω
1242 4360 1341 4403 τῶν
1385 4353 1510 4422 ὑπὲρ
1557 4350 1715 4401 αὐτοῦ
1759 4349 1883 4402 ἁπο-

2000 4356 2195 4398 amore
2246 4345 2471 4403 teneor,
2517 4343 2572 4393 et
2615 4352 2688 4391 ne
2719 4335 2803 4391 sic
2835 4336 3078 4404 quidem
3121 4338 3257 4392 volo
3294 4338 3574 4394 desistere
3599 4355 3636 4395 a

286 4424 477 4499 στῆναι
524 4441 690 4492 ἄθλων
737 4440 906 4493 ἐθελω·
954 4446 1131 4491 Ταῦτα
1181 4438 1335 4508 ἔλεγε.
1384 4443 1483 4490 Καὶ
1534 4441 1592 4489 τὸ
1643 4446 1794 4509 σῶμα
1835 4437 1922 4509 οἱΙ

2002 4427 2382 4500 suscipiendis
2436 4441 2545 4497 pro
2583 4426 2711 4497 ipso
2768 4424 3093 4481 laboribus.
3136 4427 3266 4480 Haec
3286 4426 3539 4493 dicebat,
3582 4433 3638 4483 et

291 4492 481 4599 ὀνύχες
527 4524 839 4599 διενέμοντο⁸
870 4532 956 4577 καὶ
1006 4492 1329 4599 σφοδροτίρᾳ
1384 4524 1571 4596 μᾶλλον
1618 4528 1648 4583 ἡ
1700 4492 1927 4589 ὀδύνη,¹

2001 4534 2211 4583 corpus
2232 4516 2596 4572 dilaniabant
2615 4513 2869 4582 ungulas,
2903 4513 3213 4584 acriorque
3242 4519 3296 4570 et
3326 4515 3637 4572 vehemen-

294 4621 385 4667 καὶ
439 4613 620 4667 πλείων
669 4615 755 4667 ἐπὶ
812 4618 907 4671 τὴν
958 4610 1180 4688 καρδίαν
1231 4612 1559 4666 είσέπιπτεν·
1595 4612 1773 4673 ἐπειδὴ
1828 4612 1886 4670 δὶ

2000 4610 2106 4664 tior
2125 4606 2296 4662 dolor
2312 4620 2414 4661 cor
2434 4602 2797 4675 penetrabat.
2816 4601 2953 4658 Cum
2972 4607 3171 4657 autem
3184 4602 3311 4673 jam
3330 4602 3406 4659 ad
3423 4611 3636 4659 terram

296 4707 423 4777 πρὸς
466 4712 565 4773 γῆν
617 4722 669 4755 τε
714 4700 820 4761 ἤδη
882 4705 937 4755 αἱ
994 4705 1180 4777 σάρκες
1234 4701 1519 4777 κατέρρεον,
1573 4709 1663 4755 καὶ
1716 4706 1888 4776 γυμνὰ

2002 4712 2203 4754 carnes
2227 4693 2630 4755 deﬂuxissent,
2659 4695 2716 4746 et
2744 4691 2907 4745 nuda
2932 4705 3073 4744 ossa
3103 4694 3306 4746 essent
3334 4691 3557 4757 relicta,
3584 4696 3638 4749 et

297 4795 362 4846 τὰ
414 4791 547 4844 ὀστᾶ
602 4792 978 4861 καταλέλειπτο,
1040 4797 1128 4845 καὶ
1180 4796 1273 4850 τὴν
1328 4792 1527 4844 κοιλίαν
1579 4793 1608 4850 ἡ
1661 4791 1888 4865 βάσανος

2002 4792 2258 4840 ventrem
2293 4787 2653 4838 tormentum
2695 4779 3065 4843 confecisset,
3098 4784 3155 4833 et
3180 4779 3453 4835 intestina
3486 4796 3499 4834 ε
3531 4796 3638 4836 nec

295 4883 481 4933 καὶτὰ
526 4880 808 4951 σπλάγχνα
833 4886 1200 4954 κατείργαστο,
1236 4885 1326 4932 καὶ
1370 4880 1464 4932 οὐκ
1512 4876 1655 4952 εἶχον
1699 4883 1747 4932 οἱ
1794 4878 1887 4939 δή.

2005 4871 2621 4933 haberentcarniﬁces,
2652 4866 2798 4938 quid
2827 4870 3154 4935 tangerent,
3183 4882 3318 4921 cum
3333 4881 3454 4921 non
3487 4874 3641 4923 esset

293 4990 407 5043 μιοι
437 4966 595 5042 οὗπερ
625 4969 849 5040 ἅψονται
895 4978 985 5022 τοῦ
1035 4970 1369 5040 ὑποκειμένου
1416 4974 1487 5041 μὴ
1539 4974 1701 5033 ὄντος,
1731 4972 1888 5022 κατά⁹

2002 4963 2351 5033 subjectum,
2383 4975 2413 5014 e
2447 4957 2608 5031 ligno
2628 4956 2871 5028 quidem
2894 4952 3207 5008 deducitur
3238 4954 3475 5043 athleta.
3495 4956 3638 5011 Cum

289 5041 441 5132 γεται
470 5063 559 5131 μεν
593 5066 685 5112 τοῦ
729 5058 879 5121 ξύλου
933 5061 959 5110 6
1011 5058 1233 5119 ἀθλητής
1258 5075 1269 5087 °
1302 5061 1487 5132 μικρὸν
1538 5054 1597 5110 δε
1642 5065 1734 5110 τοῦ
1766 5077 1889 5110 στα-

2005 5056 2196 5107 eutem
2226 5064 2440 5120 parum
2466 5045 2761 5100 abductus
2802 5046 2958 5097 esset
3008 5044 3174 5095 extra
3206 5041 3487 5106 stadium,
3526 5044 3641 5098 Deo

292 5145 413 5202 δίου
447 5147 542 5211 ἔξω
573 5146 744 5222 ἀρθεὶς
773 5152 866 5205 τὴν
895 5146 1080 5217 ψυχὴν
1104 5154 1176 5216 τῷ
1208 5154 1320 5217 Θεῷ
1347 5149 1711 5221 παρατίθεται.

844 5168 866 5197 ν
895 5146 1080 5217 ψυχὴν
1104 5154 1176 5216 τῷ
1208 5154 1320 5217 Θεῷ
1347 5149 1711 5221 παρατίθεται.
1998 5139 2174 5195 tradit
2194 5136 2480 5193 animam.

379 5228 473 5302 ς’.
520 5216 789 5308 Λαμπρῶς
832 5216 1001 5287 τοίνυν
1032 5241 1124 5286 τοῦ
1153 5216 1443 5287 Σαϐϐατίου
1472 5240 1561 5286 καὶ
1589 5237 1718 5307 μετὰ
1758 5234 1886 5287 πολ-

2069 5228 2312 5283 VLCum
2332 5239 2473 5293 ergo
2491 5228 2611 5276 tam
2629 5218 2910 5292 praselare
2929 5217 3286 5272 decertasset
3304 5216 3637 5285 Sabhatius,

288 5325 383 5387 λῆς
436 5305 793 5397 κρατήσαντος
849 5332 939 5384 τῆς
990 5327 1313 5396 περιουσίας,
1365 5305 1615 5394 ἀπογνοὺς
1664 5325 1887 5376 ἓντεῦθεν

2006 5322 2052 5373 et
2079 5316 2259 5384 longo
2282 5310 2590 5367 intervallo
2619 5307 2909 5362 evasisset
2927 5307 3208 5376 superior,
3240 5305 3374 5361 ideo
3402 5306 3477 5361 de
3508 5309 3642 5363 Tro-

287 5416 381 5465 καὶ
432 5420 524 5464 τοῦ
578 5417 842 5484 Τροφίμου
897 5412 922 5463 6
970 5410 1172 5483 ἅρχων,
1228 5416 1474 5485 Περεννίῳ
1523 5415 1770 5481 Διονυσίῳ
1816 5419 1888 5481 τῷ

2009 5406 2202 5478 phimo
2227 5418 2393 5473 spem
2434 5396 2719 5467 abjiciens
2747 5410 2980 5465 praeses,
3015 5394 3089 5448 ad
3120 5393 3477 5449 Perennium
3509 5395 3645 5450 Dio-

288 5508 385 5561 τῆς
433 5482 660 5572 Φρυγίας
692 5482 1060 5573 *Σαλουταρίας
1106 5482 1488 5571 ἡγεμονεύοντι,
1521 5498 1581 5550 οὗ
1627 5503 1718 5551 καὶ
1764 5502 1886 5570 πρό-

2007 5494 2259 5566 nysium,
2300 5486 2573 5559 Phrygias
2588 5482 3224 5553 Salutarispraasidem,
3257 5484 3427 5553 cujus
3462 5484 3643 5539 etiam

291 5607 439 5662 τερον
474 5570 508 5639 ‘6
534 5570 686 5660 λόγος
715 5570 970 5661 ἓμνήσθη,
1002 5570 1219 5660 πέμπειν
1258 5591 1344 5639 τὸν
1394 5584 1565 5662 ἄνδρα
1612 5585 1883 5657 ὶσκέψατο,

2007 5584 2161 5656 prius
2199 5576 2609 5639 meminimus,
2657 5589 2796 5629 eum
2836 5571 3043 5629 statuit
3084 5570 3333 5628 mittere.
3395 5572 3459 5625 Et
3506 5587 3643 5627 cum
