4142 6278
530 369 634 423 739

1831 355 2089 413 MENSIS
2132 352 2580 410 SEP’I‘EMBER.

3786 348 3891 402 ’140

530 491 692 564 quod
716 489 1024 546 tormentis
1049 486 1126 542 ab
1157 500 1227 541 eo
1257 484 1559 554 subjectus
1590 483 2102 553 essetscripsisset,
2123 486 2164 536 e1

2288 483 2438 541 ὅσαις
2495 499 2546 530 τε
2601 476 2856 548 βασάνοις
2903 473 2990 524 ὑπ’
3046 471 3205 522 αὐτοῦ
3253 466 3576 542 παραδοθείη
3628 476 3757 544 πρός
3806 477 3891 524 τὸν

527 579 1038 652 quemadmodum
1057 574 1364 630 lictoribus
1382 573 1558 642 longe
1580 575 1867 627 evasisset
1882 571 2108 634 fortior,
2124 574 2181 624 et

529 669 691 739 quod
719 668 907 721 solum
943 664 1236 719 Christum
1270 661 1490 727 colens,
1528 663 1757 717 illorum
1790 661 1933 716 deos
1965 659 2178 714 rideret

528 762 582 810 et
619 756 781 809 nihili
833 755 1045 807 faceret
1081 769 1093 817 ;
1128 768 1386 822 cumque
1439 751 1669 806 calceos
1739 751 1957 805 ferreos
2000 748 2179 802 clavis

527 844 714 899 acutis
746 849 802 896 et
823 844 1124 905 subtus,et
1153 856 1224 894 ex
1251 839 1496 910 obliquo
1519 839 1811 901 conﬁxos,
1847 836 2178 909 martyricis

525 932 635 987 illis
664 929 964 1000 Trophimi
984 928 1236 999 pedibus
1254 929 1418 998 prius
1435 927 1644 997 subjici
1665 928 1958 996 jussisset,
1988 932 2042 981 et
2063 926 2178 981 cla-

525 1037 632 1074 vos
675 1036 777 1089 per
830 1018 1007 1089 pedes
1060 1017 1458 1084 transegisset,
1487 1015 1655 1086 jubet
1701 1016 1912 1069 deinde
1971 1015 2065 1082 agi
2118 1015 2173 1070 in

525 1108 855 1178 Phrygiam.
895 1107 992 1160 Hic
1041 1104 1198 1159 enim
1234 1104 1541 1158 dicebatur
1583 1105 1802 1159 versari
1838 1104 2171 1174 Dionysius.

527 1197 623 1250 Ille
654 1203 849 1251 autem
869 1195 1138 1257 libenter,
1161 1199 1364 1247 etcum
1396 1192 1618 1260 gaudio
1645 1192 1845 1246 clavos
1863 1192 1965 1245 sibi
1995 1191 2176 1260 subji-

524 1285 705 1349 ciens,
737 1285 912 1350 longe
943 1280 1311 1352 praecedebat
1359 1286 1789 1350 consequentes
1824 1278 2070 1349 pedites,
2121 1284 2176 1332 et

525 1373 699 1427 simul
733 1376 1032 1427 currentes
1080 1370 1323 1441 equites.
1382 1371 1504 1422 Non
1565 1366 1722 1420 enim
1755 1366 1922 1420 dolor
1952 1366 2174 1436 pedum

527 1462 715 1532 potuit
746 1475 1099 1529 generosum
1124 1459 1276 1512 illius
1297 1458 1564 1511 animum
1589 1457 1818 1510 vincere
1853 1455 1988 1509 :sed
2017 1454 2174 1509 leves

529 1551 723 1621 potius
753 1549 805 1603 ei
835 1547 1094 1602 addebat
1125 1547 1274 1612 alas,
1307 1546 1752 1615 ﬁrmioremque
1803 1544 2089 1599 reddebat
2121 1548 2175 1597 et

529 1638 1012 1693 constantiorem.

598 1902 714 1955 Vll.
749 1899 1019 1955 Confecto
1051 1900 1248 1969 itaque
1297 1898 1471 1952 trium
1525 1898 1754 1952 dierum
1809 1897 2034 1961 itinere,
2076 1911 2171 1951 ve-

525 1990 702 2044 niunt
727 1989 1021 2059 Synadam
1043 1988 1303 2056 Phrygia:
1333 1988 1649 2041 civitatem.
1689 1988 1784 2041 Hic
1814 2003 1947 2041 cum
1983 1988 2170 2040 Helio-

526 2078 653 2132 dori
702 2078 922 2131 litteras
990 2076 1226 2141 legisset
1301 2075 1631 2146 Dionysius,
1683 2080 1738 2130 et
1794 2075 2172 2130 intellexisset

525 2165 784 2231 quemad
795 2165 924 2219 mod
937 2181 1033 2218 um
1049 2180 1108 2217 se
1125 2164 1409 2218 haberent
1423 2163 1958 2233 singula,jussisset
1971 2172 2167 2218 autem

529 2260 851 2324 martyrem
893 2253 1017 2305 sisti
1057 2253 1131 2306 ad
1166 2269 1338 2305 suum
1367 2251 1630 2306 tribunal
1664 2275 1674 2304 :
1704 2254 1782 2306 Tu
1828 2269 1909 2316 es,
1955 2252 2166 2322 inquit,

522 2339 921 2412 Trophimus?
947 2342 1160 2410 Martyr
1178 2355 1315 2393 vero
1346 2359 1358 2392 :
1393 2342 1534 2407 Ego,
1569 2339 1780 2410 inquit,
1813 2339 2169 2410 Trophimus

525 2445 723 2494 vocor,
757 2443 1010 2498 sumque
1064 2443 1269 2481 servus
1321 2426 1528 2481 Chi-isti
1564 2429 1685 2481 veri
1721 2429 1837 2492 Dei,
1884 2429 1942 2482 in
1988 2445 2167 2499 quem

521 2518 624 2588 qui
682 2517 1071 2579 crediderunt,
1125 2531 1506 2586 nequaquam
1548 2515 1882 2570 afﬁcientur
1923 2518 2165 2587 pudore.

525 2605 676 2670 Quid
705 2611 786 2671 tu,
819 2604 1014 2674 inquit
1042 2603 1152 2670 ille,
1177 2605 1230 2657 in
1247 2603 1341 2657 his
1370 2605 1567 2658 adhuc
1591 2605 1873 2673 persistis,
1901 2607 2170 2659 inanem-

524 2709 640 2764 que
672 2699 726 2747 et
755 2709 976 2747 vanum
1017 2692 1174 2745 hunc
1205 2693 1447 2745 invocas
1482 2693 1799 2754 Christum,
1832 2694 1930 2763 qui
1969 2693 2167 2747 multis

524 2782 631 2835 fuit
654 2797 840 2835 causa
867 2781 1069 2834 mortis
1098 2779 1125 2832 ?
1146 2779 1256 2834 Sed
1279 2780 1386 2832 etsi
1421 2795 1539 2833 non
1561 2781 1746 2850 prius,
1781 2787 1838 2834 at
1864 2797 2021 2836 nunc
2056 2783 2168 2836 sal-

525 2869 994 2934 tem,dimissain
1014 2869 1205 2938 ipsum
1230 2867 1570 2922 iiduciadiis
1605 2870 1891 2932 sacriﬁca,
1917 2876 2166 2926 mortem

521 2957 808 3023 effugiens
837 2973 847 3010 :
879 2963 933 3009 et
964 2956 1189 3010 lucrare
1223 2957 1398 3009 vitam
1433 2962 1797 3025 praesentem.
1836 2959 2166 3013 Generosus

519 3051 718 3099 autem
751 3046 1047 3115 excipiens
1073 3044 1421 3113 Trophimus
1464 3061 1475 3098 :
1513 3046 1747 3100 Mortem
1776 3045 2040 3116 quidem,
2076 3047 2170 3101 in-

2290 572 2554 621 Διονύσιον
2599 564 2829 639 γράψας,
2882 565 3021 623 ὅπως
3070 580 3124 612 τε
3180 560 3522 634 ἰσχυρότερος
3576 561 3744 630 πολλῷ
3788 570 3888 612 τῶν

2289 654 2494 728 δημίων
2535 660 2751 726 γένοιτο,
2783 657 2872 703 καὶ
2921 653 3060 711 ὅπως
3107 655 3242 720 μόνῳ
3276 657 3488 722 Χριστῷ
3521 655 3886 723 προσανέχων,

2288 750 2408 806 τοὺς
2460 745 2625 796 αὐτῶν
2673 762 2726 794 τε
2771 741 2936 812 γελῳη
2990 742 3148 800 θεοὺς,
3183 743 3272 789 καὶ
3314 739 3436 810 παρ’
3485 736 3636 790 οὐδὲν
3668 742 3887 800 τούτους

2287 841 2487 885 ποιοῖτο
2537 829 2874 902 ’Υποδήματα
2917 833 3085 880 τοίνυν
3118 823 3318 898 σιδηρᾶ
3366 827 3506 886 ἣλοις
3549 827 3692 889 ὀξέσι
3722 832 3884 879 κάτω-

2290 925 2368 974 θέν
2421 941 2475 974 τε
2524 927 2610 974 καὶ
2655 921 2710 973 ἐκ
2762 920 2982 989 πλαγίου
3039 914 3433 986 διαπεπαρμένος
3472 920 3590 976 τοὺς
3635 935 3886 990 μαρτυρι-

2286 1015 2408 1071 κοὺς
2458 1011 2696 1072 ἐλεεινοὺς
2748 1017 2838 1060 τοῦ
2886 1011 3152 1079 Τροφίμου
3219 1001 3386 1065 πόδας
3450 1010 3697 1078 πρότερον
3756 1006 3883 1057 ὑπο-

2288 1097 2500 1156 δεθῆναι
2556 1099 2728 1161 εἰπὼν,
2788 1101 2878 1148 καὶ
2930 1092 3203 1167 διαπείρας
3252 1097 3371 1154 τοὺς
3430 1094 3585 1153 ἥλους
3641 1090 3737 1144 διά
3787 1104 3880 1145 τῶν

2285 1184 2480 1249 ποδῶν,
2530 1184 2640 1238 εἶτα
2693 1185 2773 1237 ἐπὶ
2828 1189 3057 1256 Φρυγίαν
3111 1183 3410 1234 ἐλαύνεσθαι
3465 1181 3655 1233 κελεύει
3691 1199 3702 1211 ·
3758 1178 3885 1251 τῇδε

2283 1279 2380 1347 γὰρ
2437 1278 2695 1334 Διονύσιος
2749 1272 2983 1343 ἐλέγετο·
3045 1269 3353 1344 διατρίϐειν.
3407 1271 3466 1322 Ὀ
3525 1268 3603 1333 δὲ,
3664 1272 3884 1339 ἄσμενος

2285 1369 2373 1415 καὶ
2424 1365 2534 1435 μεθ’
2583 1361 2778 1422 ἡδονῆς
2829 1365 2949 1421 τοῦς
2994 1361 3153 1420 ἣλους
3204 1359 3634 1430 ὑποϐαλλόμενος,
3695 1362 3883 1429 ἔμπρο-

2288 1455 2404 1505 σθεν
2463 1450 2556 1522 ἦγε
2612 1451 2882 1524 παραπολὺ
2937 1459 3034 1500 τῶν
3091 1469 3145 1501 τε
3193 1449 3510 1520 ἐφεπομένων
3566 1448 3735 1507 πεζῶν
3795 1453 3885 1498 καὶ

2284 1550 2383 1592 τῶν
2431 1542 2896 1611 συμπαραθεόντων
2931 1541 3154 1590 ἱππέων
3197 1538 3254 1589 ού
3309 1541 3410 1611 γάρ
3465 1539 3496 1595 ἡ
3553 1545 3654 1590 τῶν
3708 1533 3884 1588 ποδῶν

2285 1628 2444 1688 ὀδύνη
2496 1629 2693 1700 ἐλέγξαι
2745 1633 2838 1685 τὴν
2867 1635 2961 1688 τῆς
2991 1626 3181 1678 ἐκείνου
3227 1627 3412 1698 ψυχῆς
3447 1627 3644 1698 ἰσχύος
3691 1644 3884 1695 γενναι-

2283 1724 2463 1785 ότητα,
2497 1716 2622 1768 ἀλλά
2649 1724 2834 1786 κοῦφον
2881 1715 3011 1786 αὐτῇ
3045 1714 3234 1786 μᾶλλον
3265 1716 3545 1787 εἰργάσατο
3574 1719 3629 1766 τό
3674 1717 3881 1787 πτερὸν,

2208 1825 2251 1880 Β
2283 1812 2372 1858 καὶ
2401 1807 2730 1879 εὐτονώτερον
2759 1803 2940 1858 ἐποίει.

2353 1896 2426 1951 Ζ’.
2497 1903 2663 1969 Τριῶν
2731 1899 2899 1946 τοίνυν
2973 1893 3176 1964 ἡμερῶν
3250 1898 3337 1950 τὴν
3412 1892 3605 1964 μεταξύ
3673 1897 3884 1960 πορείαν

2282 1985 2578 2048 ἀνύσαντες,
2613 1984 2681 2043 εἰς
2713 1979 2918 2034 Σύναδα
2948 1981 3094 2033 πόλιν
3125 1989 3218 2042 τῆς
3264 1985 3491 2054 Φρυγίας
3539 1983 3880 2050 κατάγονται.

2282 2076 2534 2125 Ἐνταῦθα
2587 2075 2650 2122 τὰ
2700 2066 3017 2143 Ἡλιοδώρου
3073 2072 3361 2143 γράμματα
3426 2072 3694 2129 Διονύσιος
3760 2067 3882 2119 ἀναο

2279 2166 2448 2232 γνούς,
2482 2167 2571 2212 και
2602 2162 2733 2219 ὅπως
2764 2162 2958 2211 ἕκαστα
2988 2156 3100 2229 εἶχε
3132 2160 3328 2229 μαθων,
3364 2167 3434 2228 τῷ
3466 2158 3640 2229 οἰκείῳ
3672 2156 3882 2228 βήματι

2280 2256 2364 2300 τὸν
2417 2251 2677 2322 μάρτυρα,
2728 2252 3092 2320 παραστήσας,
3144 2255 3209 2298 Συ
3258 2243 3320 2314 εἰ,
3379 2253 3531 2318 φησὶ,
3579 2252 3878 2318 Τρόφιμος

2283 2343 2381 2389 Καὶ
2409 2340 2433 2388 6
2472 2340 2687 2410 μάρτυς,
2718 2338 2870 2406 Ἐγὼ,
2904 2337 3254 2409 ἀποκρίνεται,
3290 2332 3472 2397 δοῦλος
3519 2332 3578 2388 δὲ
3621 2345 3712 2387 τοῦ
3749 2344 3878 2409 Χρι-

2282 2435 2404 2477 στοῦ
2448 2435 2536 2478 τοῦ
2599 2425 2842 2482 ἀληθινοῦ
2873 2430 3020 2488 Θεοῦ,
3056 2425 3126 2486 εἰς
3178 2425 3240 2476 ὃν
3288 2427 3336 2476 oi
3378 2430 3778 2485 πεπιστευκότες
3821 2426 3879 2475 ού

2279 2514 2742 2586 καταισχύνοντάι.
2774 2519 2836 2566 Τί
2867 2510 2953 2566 οὖν
2996 2513 3245 2584 ἐπιμένεις
3277 2516 3351 2565 ἔτι
3395 2521 3501 2574 τοῖς
3533 2513 3725 2576 αὐτοῖς,
3760 2516 3876 2576 ἔφη,

2279 2608 2364 2653 καὶ
2414 2623 2632 2674 ματαιον
2687 2611 2866 2654 τοῦτον
2927 2601 3196 2661 ἀνακαλεῖς
3256 2606 3507 2673 Χριστὸν,
3566 2604 3615 2662 ὃς
3677 2603 3876 2664 πολλοῖς

2280 2695 2437 2751 αἴτιος
2488 2694 2708 2743 θανάτου
2755 2696 3058 2763 γεγένηταις
3093 2690 3230 2742 Ἀλλ’
3261 2692 3304 2744 εἰ
3349 2697 3438 2744 καὶ
3490 2697 3560 2762 μὴ
3610 2698 3868 2764 πρότερον,

2277 2789 2363 2830 νῦν
2433 2789 2558 2850 γοῦν
2628 2789 2718 2840 τῆς
2787 2779 2864 2832 ἐπ’
2945 2780 3098 2831 αὐτὸν
3168 2780 3427 2852 ἀφειμένος
3501 2783 3868 2846 πεποιθήσεως,

2280 2870 2435 2920 θῦσον
2483 2876 2590 2930 τοῖς
2640 2871 2793 2935 θεοῖς,
2839 2872 2925 2920 τὸν
2978 2870 3189 2920 θάνατον
3235 2866 3522 2940 διαφυγὼν,
3554 2874 3645 2921 καὶ
3689 2866 3843 2942 κέρδη

2281 2977 2368 3009 σον
2417 2963 2510 3015 την
2561 2967 2831 3031 παροῦσαν
2884 2961 3039 3019 ζωήν.
3086 2957 3143 3009 Ὀ
3191 2966 3419 3027 γενναῖος
3467 2963 3639 3009 τοίνυν
3688 2958 3866 3010 ὑπολα-

2280 3047 2379 3098 ϐὼν
2424 3052 2700 3118 Τρόφιμος,
2737 3049 2968 3099 Θάνατον
2997 3050 3086 3118 μεν
3135 3044 3248 3097 οὐδ’
3279 3045 3339 3097 ἄν
3373 3044 3580 3117 σφόδρα
3627 3046 3866 3117 βουλόμεη

519 3134 665 3204 quit,
691 3149 799 3186 nec
822 3132 868 3185 si
903 3132 1079 3186 velim
1098 3132 1426 3199 effugerim.
1460 3132 1605 3186 Nam
1636 3133 1738 3187 etsi
1769 3150 1888 3188 non
1923 3140 1978 3188 tu
2010 3151 2164 3199 eam,

2278 3155 2360 3195 νος
2400 3139 2630 3207 φύγοιμι,
2684 3138 2797 3206 ἔφη·
2847 3135 2890 3186 εἰ
2930 3138 3029 3206 γὰρ
3073 3138 3162 3185 καὶ
3204 3139 3274 3206 μὴ
3333 3139 3396 3186 σὺ
3442 3143 3638 3199 τοῦτον,
3687 3135 3788 3185 ἀλλ’
3833 3138 3862 3193 ὴ

523 3227 580 3275 at
614 3227 823 3276 natura
853 3222 1101 3276 omnino
1132 3220 1346 3287 afferet,
1379 3220 1531 3284 etei,
1565 3237 1699 3291 quae
1728 3222 2035 3287 debentur,
2079 3241 2169 3279 ex-

525 3310 776 3376 solvam,
821 3325 954 3363 cum
997 3309 1107 3363 sim
1167 3310 1368 3363 homo.
1430 3309 1583 3364 Licet
1614 3316 1810 3364 autem
1866 3327 1932 3366 ea
1986 3312 2167 3366 vitam

522 3413 874 3466 comparare
888 3403 1399 3468 perpetuam,quie
1414 3396 1911 3464 longointervallo
1931 3405 2169 3467 superat

521 3486 675 3540 hanc
706 3485 926 3539 fluxam
959 3484 1338 3550 etcaducam,
1363 3487 1521 3554 quod
1542 3486 1616 3539 ad
1652 3486 2014 3556 voluptatem
2041 3487 2167 3542 atti-

519 3579 619 3626 net
643 3577 697 3626 et
723 3571 1151 3626 beatitudinem
1187 3588 1198 3626 :
1242 3572 1393 3626 adeo
1429 3579 1488 3626 ut
1516 3589 1649 3644 quae
1674 3579 1812 3628 sunt
1837 3573 1990 3628 illius
2015 3574 2163 3643 vitae,

518 3675 629 3715 nec
656 3660 881 3730 possint
912 3659 1070 3714 cerni
1101 3662 1311 3723 oculis,
1340 3677 1445 3714 nec
1473 3661 1944 3727 audiriauribus,
1970 3678 2076 3716 nec
2108 3662 2165 3716 in

520 3763 620 3801 cor
645 3748 903 3801 hominis
931 3747 1267 3800 ascendere.
1306 3749 1488 3815 Hujus
1543 3765 1653 3816 ego
1684 3751 1813 3803 vitae
1844 3767 1974 3804 sum
2008 3766 2166 3805 nunc

519 3850 740 3902 magno
763 3849 963 3887 amore
987 3839 1214 3901 captus,
1232 3838 1290 3886 et
1313 3850 1562 3901 magnas
1592 3837 1684 3888 tibi
1703 3837 1896 3891 habeo
1920 3839 2163 3905 gratias,

519 3923 679 3993 quod
721 3939 813 3976 me
863 3921 998 3974 illuc
1059 3922 1302 3974 transire
1335 3930 1772 3992 properantem,
1819 3941 2029 3994 urgeas
2063 3942 2165 3995 per

519 4026 675 4075 eam,
715 4025 899 4080 quam
933 4007 1245 4072 minitaris,
1283 4016 1558 4065 mortem.

591 4185 728 4239 Vlll.
753 4187 910 4240 Tunc
942 4187 1099 4238 totus
1134 4183 1192 4237 in
1232 4183 1528 4238 eumiram
1562 4184 1796 4256 spirans
1827 4188 2158 4258 Dionysius,

511 4275 672 4346 jubet
703 4291 738 4328 a
763 4278 1019 4344 quatuor
1039 4277 1346 4327 extensum
1391 4273 1586 4328 crudis
1613 4274 1796 4330 boum
1822 4278 2015 4331 nervis
2038 4294 2162 4332 ver-

513 4362 706 4417 berari
735 4378 746 4414 :
777 4368 831 4416 et
852 4363 1133 4415 continuo
1151 4361 1296 4416 dum
1328 4365 1738 4417 verberaretur
1774 4366 1981 4433 (nescit
2002 4368 2158 4422 enim

515 4451 714 4504 vitium
756 4450 986 4502 differre
1044 4456 1099 4502 et
1143 4451 1432 4516 cunctari)
1487 4465 1498 4502 :
1539 4452 1635 4504 Dic
1681 4453 1894 4517 solum,
1942 4455 2158 4524 aiebat,

511 4537 841 4606 'l‘rophime,
876 4537 986 4589 diis
1030 4536 1398 4599 sacriﬁcabo,
1428 4543 1479 4590 et
1512 4537 1670 4591 illico
1699 4556 1732 4592 a
1766 4541 1924 4595 malo
1953 4543 2159 4600 libera-

510 4626 684 4681 beris.
710 4625 803 4678 llle
836 4628 1031 4678 autem
1061 4624 1242 4677 verba
1267 4623 1419 4677 illius
1441 4626 1838 4692 existimabat,
1867 4635 2154 4702 tanquam

513 4729 717 4769 vocem
770 4714 1075 4783 spinarum
1115 4711 1225 4764 sub
1256 4711 1462 4766 lebete.
1495 4714 1730 4770 Sciebat
1779 4718 1958 4782 enim,
1993 4725 2152 4790 quod

508 4807 736 4874 quanto
761 4803 1034 4869 graviora
1049 4806 1243 4853 essent
1275 4816 1384 4852 sua
1415 4803 1760 4866 certamina,
1794 4812 1954 4860 tanto
1981 4825 2043 4863 se
2073 4812 2151 4863 vi-

511 4897 732 4945 ctorem
766 4890 1025 4943 futurum
1053 4887 1383 4951 clariorem,
1402 4893 1457 4943 et
1478 4905 1547 4943 eo
1567 4890 2030 4960 splendidiorem
2053 4898 2153 4952 ha-

508 4979 766 5033 biturum
787 4993 1090 5032 coronam.
1109 4975 1258 5039 Quid
1279 4991 1415 5044 ergo
1433 4976 1570 5031 facit
1592 4977 1681 5031 ille
1705 4979 1730 5034 ?
1753 4985 1813 5033 In
1829 4997 1964 5037 eum
1987 5001 2152 5040 exco-

509 5067 652 5133 gitat
677 5082 898 5120 novum
927 5065 1170 5119 modum
1203 5063 1572 5129 insidiarum,
1620 5075 1678 5120 ut
1711 5069 1987 5126 inusitato
2017 5091 2150 5144 sup-

508 5154 681 5224 plicio
731 5154 1095 5222 perturbaret
1153 5153 1455 5206 athletam.
1492 5155 1634 5207 Cum
1689 5164 1918 5212 acetum
1961 5161 2151 5232 sinapi

505 5248 1024 5308 contemperasset,
1096 5240 1349 5294 infundit
1417 5243 1662 5296 naribus
1719 5248 2008 5318 martyris.
2052 5250 2151 5305 Ille

507 5331 706 5380 autem
737 5334 935 5394 aperte
962 5329 1288 5381 ostenditse
1317 5329 1541 5384 nullam
1574 5332 1820 5386 omnino
1852 5338 2149 5407 accepisse

507 5412 895 5466 mutationem
935 5430 1003 5465 ex
1033 5415 1533 5472 acerbissimailla
1566 5423 2009 5490 temperatione.
2051 5430 2149 5479 De-

504 5499 687 5550 decus
739 5512 877 5565 ergo
922 5513 1037 5550 non
1094 5501 1284 5554 ferens
1335 5506 1635 5571 scelestus,
1671 5509 1831 5577 ligno
1886 5511 2146 5581 alligavit

504 5584 778 5638 athletam
817 5598 920 5652 per
949 5599 1072 5644 eos,
1105 5589 1203 5654 qui
1233 5589 1634 5650 iuserviebant
1663 5597 1791 5666 ejus
1825 5600 2135 5669 iniquitati,

2280 3229 2432 3295 φύσις
2507 3224 2681 3286 ἐπάξει
2751 3226 2968 3286 πάντως,
3047 3228 3135 3274 καὶ
3216 3226 3377 3294 ταύτῃ
3442 3227 3506 3275 τά
3582 3224 3872 3294 ὀφειλόμενα

2278 3313 2634 3382 λειτουργὴσω
2684 3314 2951 3385 ἄνθρωπος
3000 3315 3086 3361 ὤν·
3133 3311 3300 3373 ἔξεστι
3345 3309 3405 3363 δὲ
3448 3313 3573 3371 ζωήν
3621 3311 3865 3386 ἐμπορεύ-

2279 3402 2476 3450 σασθαι
2506 3401 2691 3451 τούτου
2734 3395 2969 3460 διηνεκῆ,
3002 3398 3170 3449 πολλῶ
3216 3407 3286 3468 τῷ
3335 3400 3527 3470 μεταξὺ
3571 3403 3660 3456 τὴν
3705 3404 3872 3473 πρόσ-

2276 3507 2454 3561 καιρον
2501 3491 2694 3543 ταύτην
2743 3492 2832 3538 καὶ
2885 3488 3104 3560 ῥέουσαν
3148 3490 3364 3558 κατάγει
3407 3491 3492 3540 τὸν
3551 3497 3641 3548 τῆς
3684 3485 3870 3548 ἡδονῆς

2275 3576 2424 3646 λόγον
2471 3582 2560 3628 καὶ
2606 3584 2702 3637 τῆς
2750 3582 3134 3646 μακαριότητος
3187 3575 3599 3648 ὑπερϐαίνουσαν
3653 3583 3741 3628 καὶ
3782 3597 3870 3629 το-

2280 3673 2480 3729 σοῦτον,
2543 3667 2648 3736 ὅσῳ
2706 3661 2843 3735 μηδὲ
2901 3663 3145 3735 ὀφθαλμῷ
3201 3667 3264 3716 τά
3335 3665 3527 3727 ἐκείνης
3595 3673 3688 3726 τῆς
3740 3667 3868 3726 ζωῆς

2276 3756 2456 3828 όρατά,
2486 3751 2622 3824 μηδὲ
2671 3753 2798 3804 ὠσὶν
2833 3752 3086 3818 ἀκουστὰ,
3119 3751 3249 3824 μηδ’
3281 3753 3362 3806 ἐπὶ
3408 3750 3633 3827 καρδίαν
3680 3754 3864 3828 ἀνθρὼ-

2274 3863 2374 3893 που
2433 3841 2685 3900 ἀναϐῆναι
2761 3839 3041 3913 δυνάμενα.
3100 3847 3303 3904 Ταύτης
3361 3846 3470 3895 ἓσοι
3541 3853 3694 3895 τανῦν
3769 3844 3864 3914 ἐγὼ

2278 3933 2561 4003 θερμότατα
2612 3929 2728 4004 ἐρᾴν
2779 3939 2873 3992 τῆς
2917 3932 3087 3991 ζωῆς·
3121 3936 3210 3983 καὶ
3257 3931 3441 3989 πολλὴν
3485 3930 3544 3982 ἂν
3578 3952 3663 3984 σοι
3708 3936 3864 4006 χάριν

2275 4015 2486 4084 εἰδείην,
2520 4019 2654 4070 οὕτω
2700 4038 2760 4090 με
2793 4016 3106 4079 σπεύδοντα,
3138 4025 3226 4072 καὶ
3257 4020 3410 4073 αὐτὸν
3442 4021 3543 4073 ἐκεῖ
3593 4017 3860 4083 διαϐῆναι,

2276 4104 2347 4158 δι’
2381 4102 2534 4180 οὗπερ
2569 4104 2785 4166 ἀπειλεῖς
2813 4109 3028 4158 θάνατον
3059 4108 3329 4178 ἐπείγοντι.

2347 4194 2423 4247 H'.

2271 4283 2460 4336 κελεύει
2514 4283 2567 4334 ἐκ
2619 4287 2886 4357 τεσσάρων
2958 4282 3270 4337 διαταθέντα
3342 4289 3494 4356 ἱμᾶσι
3550 4286 3676 4358 βοὸς
3734 4293 3860 4359 ὡμό-

2479 4197 2730 4248 Ἐνταῦθα
2777 4195 2884 4255 ὅλος
2914 4199 3030 4248 κατ’
3076 4197 3235 4249 αὐτοῦ
3283 4205 3397 4250 πνεῖ
3443 4201 3744 4260 Διονύσιος’
3777 4206 3861 4252 καὶ

2272 4391 2413 4445 τερον
2457 4374 2764 4435 τύπτεσθαι,
2814 4378 2901 4425 καὶ
2951 4378 3246 4445 τυπτομένῳ
3291 4375 3437 4434 εὐθὺς
3483 4379 3562 4435 (ού
3608 4380 3708 4449 γὰρ
3747 4376 3856 4428 ἀνα-

2271 4460 2549 4512 ϐάλλεσθαι
2615 4456 2752 4512 οἶδεν
2827 4463 2855 4518 ἡ
2915 4466 3076 4512 κακία
3147 4467 3234 4513 καὶ
3291 4459 3630 4533 διαμέλλειν),
3691 4472 3844 4516 Θῦσον

2269 4556 2439 4619 μόνον,
2489 4555 2734 4623 Τρόφιμε,
2795 4547 2876 4600 ἐπὶ
2942 4557 3046 4609 τοίς
3099 4553 3244 4615 θεοῖς,
3307 4553 3330 4602 ό
3387 4553 3595 4623 ἡγεμὼν
3656 4550 3835 4619 ἐπεϐόα,

2267 4645 2355 4689 καὶ
2407 4646 2496 4689 τοῦ
2548 4646 2709 4689 κακοῦ
2761 4637 3106 4709 ἀπαλλαγήσῃ
3140 4639 3345 4692 αὐτίκα.
3379 4639 3436 4691 Ὀ
3469 4636 3527 4692 δὲ
3577 4644 3647 4702 ὡς
3692 4645 3843 4711 φωνὴν

2267 4725 2500 4778 ἀκανθῶν
2573 4727 2670 4777 ύπὸ
2755 4725 2964 4792 λέϐητα,
3015 4727 3148 4777 οὕτω
3221 4731 3335 4786 τοὺς
3407 4731 3597 4779 ἐκείνου
3677 4729 3852 4799 λόγους

2264 4816 2460 4884 ἠγεῖτο·
2495 4810 2612 4886 ᾔδει
2651 4816 2751 4885 γὰρ
2783 4816 2889 4883 ὅσῳ
2933 4814 3312 4887 χαλεπωτέροις
3361 4814 3590 4880 ἰπάλαιε,
3623 4816 3854 4888 λαμπρό-

2262 4922 2402 4975 τερος
2459 4904 2688 4953 τοσούτω
2757 4908 3023 4972 γενόμενος
3095 4909 3415 4974 στεφανίτης.
3479 4909 3541 4956 Τί
3593 4901 3682 4954 οὖν
3736 4908 3853 4955 ἐκεῖ·

2263 5010 2343 5051 νος
2398 4997 2579 5056 ποιεῖς
2639 4995 2820 5042 Καινόν
2875 4991 3148 5052 ἐπιϐουλῆς
3205 4995 3390 5044 επινοεί
3444 4998 3634 5062 τρόπον
3695 4993 3854 5062 αύτῷ,

2266 5080 2346 5129 ἶνα
2396 5087 2466 5148 τῳ
2538 5077 2826 5150 ἀμελετήτῳ
2896 5085 2984 5131 καὶ
3038 5079 3186 5137 ἀήθει
3242 5088 3331 5141 τῆς
3387 5086 3638 5152 τιμωρίας
3699 5083 3856 5154 θορυ-

2264 5167 2398 5238 ϐἡση
2461 5170 2545 5216 τὸν
2600 5165 2862 5224 ἀθλητήν·
2917 5168 3030 5229 ὅξος
3101 5174 3270 5220 τοίνυν
3326 5172 3551 5242 κεράσας
3606 5177 3712 5229 τοῖς
3767 5177 3859 5221 τοῦ

2261 5258 2516 5326 μάρτυρος
2555 5253 2731 5324 ἐπιχεῖ
2767 5265 3096 5328 μυκτῆρσιν·
3133 5260 3156 5308 6
3191 5254 3248 5308 δε
3295 5263 3384 5308 καὶ
3412 5257 3546 5309 οὕτω
3590 5254 3754 5320 δῆλος
3801 5256 3860 5315 ἦν

2259 5338 2386 5413 μηδ’

2258 5430 2521 5502 κράματος
2570 5428 2759 5480 ἐκείνου
2812 5434 3007 5485 παθών.
3071 5433 3178 5484 Ούκ
3256 5431 3467 5503 ἐνεγκῶν
3542 5439 3715 5485 τοίνυν
3769 5441 3861 5493 τὴν

2466 5344 2730 5398 ἡντιναοῦν
2811 5345 3096 5414 μεταϐολὴν
3183 5348 3280 5396 ύπό
3360 5354 3449 5398 τοῦ
3528 5343 3859 5417 δριμυτάτου

2259 5516 2520 5586 αἰσχύνην
2547 5518 2572 5567 ὁ
2603 5522 2824 5589 πονηρὸς
2868 5519 3001 5590 ξύλῳ
3049 5524 3133 5572 τὸν
3167 5520 3396 5578 ἀθλητὴν
3447 5518 3542 5573 διὰ
3583 5531 3684 5574 τῶν
3727 5525 3862 5582 ὑπη-

2258 5609 2567 5675 ρετουμένων
2642 5606 2802 5658 αὑτοῦ
2879 5615 2940 5678 τῇ
3018 5614 3318 5680 παρανομίᾳ
3386 5607 3708 5685 προσέδησε,
3771 5617 3862 5664 καὶ
