4142 6278
236 324 334 381 741

1189 334 1615 393 MARTYBIUM
1656 336 1716 391 S.
1758 332 2110 391 TROPHIMI
2150 336 2237 393 ET
2276 338 2663 397 SOCIORUM.

3482 347 3586 404 742

233 451 527 513 καταξάνας
575 454 666 515 τὰς
715 452 958 529 πλευρὰς,
998 462 1086 510 καὶ
1139 457 1356 530 βαθείας
1412 461 1459 513 ἐν
1511 462 1690 523 αύταῐς
1744 480 1811 514 τε-

1937 465 1991 515 et
2020 460 2199 519 latera
2220 464 2531 522 dilaniavit
2562 483 2575 521 :
2609 471 2821 522 etcum
2842 467 2903 522 in
2925 468 3009 523 eis
3037 468 3367 539 profundos
3387 471 3583 528 sulcos

234 544 343 611 μὼν
396 541 641 607 αὔλακας,
711 545 943 614 αἱμάτων
996 551 1263 619 κατήγαγε
1310 554 1593 623 ποταμούς.
1652 550 1711 603 Ὀ
1768 547 1828 602 δε

233 629 340 698 ὃσῳ
390 629 580 701 μᾶλλον
635 634 769 704 ἤρθη
804 641 900 695 τῆς
939 642 1055 704 γῆς,
1101 640 1334 710 τοσούτῳ
1380 638 1551 691 πλεῖον
1599 640 1825 710 ἐγγίζειν

234 713 405 770 ἐδόκει
462 724 568 790 Θεῷ
600 737 610 749 ·
647 725 755 787 καὶ,
808 722 1000 774 Πολλαὶ
1039 726 1091 775 αἱ
1125 724 1343 797 θλίψεις,
1383 729 1539 799 ἔλεγε,
1592 738 1690 781 τῶν
1739 724 1823 780 δι-

235 811 415 875 καίων,
464 815 555 860 καί⁹
608 808 662 860 ἐκ
705 819 888 862 πασῶν
931 812 1099 864 αὐτῶν
1140 815 1357 888 ῥύσεται
1414 817 1598 877 αύτούς
1645 819 1670 868 ὁ
1726 820 1823 870 Κύ-

232 914 357 967 ριος.
415 901 684 961 Διονύσιος
740 896 818 965 δὲ,
860 903 1052 953 τούτων
1102 902 1350 971 ἀκούσας,
1402 905 1461 958 Ἠ
1513 912 1712 978 ματαία
1766 926 1822 959 σε

235 984 366 1042 αὕτη
418 984 577 1050 ἐλπὶς,
639 985 765 1053 εἶπε,
823 994 1102 1062 Τρόφιμος,
1153 998 1241 1045 καὶ
1288 998 1598 1067 κουφολογία
1648 1005 1819 1057 κακῶς

234 1071 409 1127 ἀπολεῖ
459 1090 470 1101 ·
526 1081 601 1135 τίς
646 1080 747 1151 γάρ
793 1097 876 1131 σοι
920 1085 1009 1131 καὶ
1051 1079 1150 1133 ἀπὸ
1189 1091 1289 1133 τῶν
1334 1081 1529 1136 ὀδυνῶν
1574 1085 1685 1147 ἣξει
1723 1093 1819 1136 τῶν

232 1169 496 1236 παρόντων
524 1165 808 1239 ῥυσόμενος
840 1184 854 1233 ;
888 1167 994 1220 ἀλλ’
1026 1169 1201 1236 ἐάσας,
1233 1182 1487 1247 παραινῶ,
1534 1177 1599 1225 τὰ
1636 1174 1817 1242 πολλὰ,

230 1257 319 1303 καὶ
371 1256 464 1310 τὴν
516 1258 664 1312 κενήν
717 1254 778 1313 ἣν
833 1256 995 1327 λέγεις
1044 1255 1398 1331 εὐδαιμονίαν,
1447 1263 1603 1313 θῦσον
1659 1281 1819 1336 προσ-

231 1340 384 1392 ελθών
428 1349 537 1403 τοῖς
592 1345 720 1403 θεοῖς

231 1427 323 1479 οὐκ
395 1428 581 1494 ἄλλως,

768 1358 779 1370 '
819 1345 953 1397 οὕτω
1004 1349 1104 1420 γὰρ
1160 1348 1220 1399 ἂν
1277 1349 1437 1422 ὀνήσῃ
1494 1354 1683 1401 σαυτόν
1731 1356 1821 1402 καὶ

662 1432 807 1484 Ἐπεὶ
874 1442 1042 1486 ταῦτα
1113 1435 1272 1509 ψόφοι
1325 1444 1477 1509 μόνον
1552 1438 1654 1490 εἰσὶ
1719 1447 1818 1490 τῶν

228 1520 368 1568 ὤτων
422 1525 818 1592 καταχεόμενοι.
873 1525 1075 1575 Τούτων
1150 1524 1338 1588 ἐκεῖνος
1407 1525 1605 1579 ἀκούων
1666 1546 1816 1578 κατε-

224 1606 348 1677 γέλα
374 1614 464 1668 τῆς
495 1616 585 1661 τοῦ
613 1612 861 1682 ἡγεμόνος
899 1618 1236 1687 κακουργίας.
1288 1620 1389 1668 Καὶ
1433 1615 1525 1666 οὐκ
1567 1617 1627 1666 οἶν
1670 1634 1813 1681 ποτε,

226 1690 381 1761 εἶπεν,
433 1696 481 1749 ἐν
525 1697 751 1769 ἐμαυτῷ,
805 1703 1057 1767 Διονύσιε,
1100 1702 1188 1769 ὢν,
1230 1707 1315 1755 τόν
1359 1703 1477 1776 ἐμόν
1534 1709 1683 1768 Θεὸν,
1727 1707 1814 1755 τόν

1936 550 2332 617 dissecuisset,
2360 556 2667 624 sanguinis
2708 556 2955 611 deduxit
2988 556 3218 613 ﬂuvios.
3254 560 3348 615 Ille
3380 566 3583 617 autem

1935 652 2057 708 quo
2082 640 2257 695 altius
2283 642 2553 698 sublatus
2577 652 2700 699 erat
2717 652 2938 709 eterra,
2963 661 3033 700 eo
3050 648 3244 715 magis
3268 647 3584 705 videbatur

1936 726 2053 781 Deo
2073 743 2199 783 esse
2219 732 2618 804 propinquus:
2640 738 2715 795 et,
2730 733 2937 797 Multae,
2954 734 3206 800 dicebat,
3227 735 3578 792 afﬂictiones

1925 814 2246 885 justorum,
2263 825 2399 875 etex
2412 819 2497 875 eis
2517 822 3199 879 omnibusliberabiteos
3220 824 3509 880 Dominus
3532 828 3575 883 '.

1927 903 2245 977 Dionysius
2258 914 2456 963 autem
2469 925 2604 965 cum
2616 910 2743 965 heec
2770 910 3090 966 audivisset
3115 929 3131 966 :
3154 914 3315 968 Vana
3337 918 3393 969 te
3416 929 3572 985 spes,

1930 992 2139 1064 inquit,
2168 996 2500 1069 Tropbime,
2529 1003 2586 1053 et
2624 998 2768 1053 levis
2800 999 3075 1069 cogitatio
3109 1001 3262 1055 male
3294 1002 3573 1073 perdunt.

1930 1082 2068 1145 Quis
2097 1084 2256 1140 enim
2273 1087 2349 1141 ad
2365 1092 2416 1141 te
2442 1086 2631 1142 veniet
2656 1104 2687 1142 e
2704 1087 2881 1153 caelis,
2916 1104 2951 1142 a
2972 1089 3368 1159 praesentibus
3401 1091 3573 1145 malis

1926 1171 2288 1229 liberaturus
2316 1173 2343 1228 ‘I
2376 1175 2488 1230 Sed
2520 1176 2726 1241 multa,
2763 1175 2865 1230 tibi
2893 1176 3137 1241 suadeo,
3174 1177 3353 1233 verba
3381 1178 3575 1235 dimit-

1930 1266 2079 1325 tens,
2114 1268 2170 1314 et
2202 1277 2440 1325 vanam,
2473 1278 2658 1333 quam
2687 1264 2856 1332 dicis,
2886 1264 3245 1330 felicitatem,
3277 1266 3570 1321 accedens

1930 1348 2044 1403 diis
2078 1350 2369 1406 sacriﬁca.
2401 1351 2493 1405 Sic
2522 1353 2679 1407 enim
2714 1352 2816 1407 tibi
2849 1354 3136 1423 proderis,
3159 1361 3360 1410 etnon
3383 1356 3568 1410 aliter.

1929 1440 2076 1493 Nam
2102 1439 2227 1493 haec
2254 1445 2388 1494 sunt
2413 1439 2607 1494 solum
2639 1442 2934 1511 strepitus,
2964 1443 3066 1512 qui
3097 1441 3482 1497 effunduntur
3509 1445 3570 1499 in

1928 1541 2121 1581 aures.
2158 1528 2251 1581 His
2280 1526 2372 1581 ille
2400 1528 2638 1592 auditis,
2672 1528 2956 1584 irridebat
2984 1530 3257 1601 praesidis
3284 1531 3571 1601 improbi-

1929 1619 2118 1679 tatem,
2135 1621 2214 1669 et:
2237 1617 2566 1686 Nunquam,
2582 1617 2794 1681 aiebat,
2810 1633 2846 1671 o
2864 1617 3123 1689 Dionysi,
3139 1619 3275 1672 dum
3290 1633 3390 1672 ero
3408 1618 3570 1689 apud

1929 1718 2044 1771 me,
2070 1719 2270 1758 meum
2288 1704 2496 1772 Deum,
2520 1704 2622 1776 qui
2646 1709 2733 1760 est
2752 1722 2920 1760 verus
2943 1706 3565 1778 etvivus,negaverim.

225 1783 409 1849 ζῶντα,
462 1790 547 1838 τὸν
600 1786 789 1861 ἁληθῇ,
841 1788 1196 1861 ἀρνησαίμην.
1247 1796 1400 1865 Εἰπερ
1456 1788 1542 1845 οὖν
1589 1812 1673 1844 σοι
1726 1798 1811 1846 καὶ

1928 1792 1980 1848 Si
2014 1797 2101 1847 est
2125 1806 2267 1862 ergo
2282 1792 2385 1848 tibi
2405 1793 2573 1848 facile
2596 1794 3024 1850 transformare
3038 1794 3333 1860 homines,
3349 1800 3403 1851 et
3420 1796 3569 1851 alios

220 1873 589 1943 μεταπλάττειν
620 1875 921 1949 ἀνθρώπους
969 1876 1173 1953 ιον,
1220 1886 1307 1933 καὶ
1345 1881 1527 1943 ἄλλους
1564 1880 1616 1944 ἐξ
1652 1882 1813 1933 ἄλλων

220 1970 403 2025 ποιεῖν,
470 1962 746 2035 προσδόκα
809 1986 861 2019 τι
916 1968 1039 2042 παρ’
1093 1971 1216 2041 ἐμοῦ
1271 1976 1361 2022 καὶ
1436 1979 1535 2023 τῶν
1579 1970 1814 2023 ἐναντίων

220 2052 348 2112 ἴσως
378 2051 601 2106 ἀκοῦσαι
635 2072 651 2087 ο
679 2058 747 2118 ὡς
777 2058 935 2129 ἔγωγε
972 2060 998 2108 ό
1029 2062 1183 2120 αὐτὸς
1231 2066 1492 2133 Τρόφιμος
1538 2061 1811 2134 ὑπάρχων,

217 2140 394 2214 ὥσπερ
428 2140 494 2199 δὴ
520 2149 609 2195 καὶ
637 2151 724 2195 νῦν
750 2145 872 2216 εἰμι,
908 2148 1092 2199 θᾶττον
1137 2147 1460 2221 ἐπιλάθωμαι
1488 2158 1577 2201 τού
1622 2151 1815 2225 ἄνθρω-

212 2247 310 2288 πος
336 2227 465 2313 εἶναι
488 2230 515 2288 ἦ
546 2235 630 2283 τόν
661 2232 846 2286 οἰκεῖον
877 2241 1141 2295 Δεσπότην
1169 2244 1259 2290 καὶ
1282 2243 1607 2314 Δημιουργόν
1628 2238 1816 2310 ἀγνοή-

215 2335 395 2390 σαιμι.

292 2405 371 2459 ϐ’.
416 2412 515 2460 Καὶ
559 2410 585 2460 ό
635 2411 841 2482 ἡγεμών
882 2425 894 2437 ⁸
927 2410 1127 2484 ’Ὠσπερ
1170 2417 1207 2466 εὶ
1252 2423 1599 2489 παρῃνοῡμεν,
1630 2421 1815 2489 Τρόφι-

206 2514 325 2567 μος,
379 2501 449 2568 μη
503 2495 798 2557 ἀποστῆναί
852 2518 909 2552 σε
956 2508 1051 2562 τῆς
1100 2501 1396 2573 ὁμολογίας,
1427 2503 1553 2555 ἀλλὰ
1583 2512 1691 2566 τοῖς
1725 2505 1816 2556 αύ-

205 2590 326 2646 τοῖς
384 2584 614 2657 ἐμμένειν
665 2591 757 2639 καὶ
814 2596 906 2641 τοῦ
960 2597 1381 2664 Χριστιανισμοῡ
1438 2595 1812 2667 περίσχεσθαι,

208 2673 350 2725 οὕτω
400 2678 529 2747 πρὸς
582 2677 722 2748 ἡμᾶς
786 2676 1064 2750 ἀποκρίνῃ.
1121 2684 1217 2732 Καὶ
1267 2684 1385 2742 τοὺς
1429 2678 1656 2753 δημίους
1708 2680 1815 2733 ἐπι-

211 2768 485 2837 στραφεὶς,
527 2762 895 2840 Σφοδρότερον,
928 2766 1114 2837 ἔλεγεν,
1165 2771 1208 2819 εἰ
1236 2788 1343 2829 πως
1393 2768 1486 2839 ὀψε
1525 2778 1650 2840 γοῦν
1695 2772 1819 2822 ταύ-

208 2871 312 2912 της
345 2851 607 2909 ἀποσταίη
642 2861 735 2914 τῆς
779 2854 1046 2928 φλυαρίας.
1094 2854 1155 2905 Ὀ
1202 2853 1260 2907 δὲ
1289 2859 1493 2927 ἔπασχε
1517 2861 1604 2927 μὴ
1643 2863 1816 2909 καὶτὸ

215 2948 374 3010 σῶμα
426 2937 721 2991 ἐδαπανᾶτο
755 2958 767 2969 ’
804 2944 1009 3012 ἤκμαζε
1054 2938 1112 2993 δὲ
1164 2947 1254 2993 καὶ
1303 2942 1537 2995 ἀνέθαλλε
1584 2952 1646 3016 τῇ
1695 2964 1818 3018 προ-

213 3029 385 3097 θυμία
433 3043 445 3055 ·
501 3032 592 3078 καὶ
639 3029 822 3099 θερμόν
862 3030 966 3080 οἷον
1010 3030 1137 3101 ὑπὲρ
1184 3029 1443 3092 εὐσεϐείας
1486 3034 1643 3088 ἔπνει.
1696 3040 1815 3084 Δια-

1925 1879 2116 1935 facere
2142 1897 2212 1935 ex
2239 1880 2389 1946 aliis,
2414 1887 2697 1953 exspecta
2721 1882 2862 1952 fore,
2887 1888 2949 1937 ut
2974 1898 3042 1937 ex
3068 1899 3162 1938 me
3186 1882 3410 1955 aliquid
3427 1883 3569 1938 forte

1926 1969 2131 2024 audias
2146 1969 2681 2025 contrarium.Nam
2699 1986 2809 2042 ego
2821 1971 3066 2043 quidem
3078 1972 3221 2027 dum
3239 1989 3376 2027 sum
3394 1972 3567 2037 idem,

1925 2057 2027 2129 qui
2060 2074 2238 2123 nunc,
2266 2059 2637 2130 Trophimus,
2662 2058 2981 2115 obliviscar
3001 2060 3172 2115 citius
3203 2075 3331 2116 esse
3361 2060 3566 2127 homo,

1929 2162 2328 2219 quammeum
2364 2147 2762 2217 ignoraverim
2782 2149 3095 2203 Dominum
3136 2155 3192 2205 et
3210 2151 3565 2205 Creatorem.

1997 2412 2081 2465 lX.
2134 2414 2352 2467 Prmses
2380 2416 2574 2467 autem
2610 2433 2622 2468 :
2656 2411 2901 2467 Perinde
2941 2411 3114 2468 nobis
3156 2412 3502 2483 respondes,
3531 2427 3567 2467 ο

1923 2500 2255 2570 Tropbime,
2288 2506 2468 2573 atque
2501 2502 2549 2556 si
2576 2502 2673 2556 tibi
2700 2501 3109 2568 suaderemus,
3134 2517 3253 2556 non
3283 2501 3568 2556 desistere

1924 2602 1960 2642 a
1994 2590 2389 2654 confessione,
2423 2590 2526 2646 sed
2555 2590 2615 2645 in
2655 2591 2879 2645 eisdem
2912 2606 3307 2660 perseverare,
3340 2597 3395 2645 et
3432 2605 3565 2644 am-

1927 2677 2097 2748 plecti
2132 2678 2672 2733 Christianismum.
2706 2680 2772 2731 Et
2813 2693 3136 2732 conversus
3166 2677 3243 2733 ad
3282 2677 3515 2733 lictores
3549 2693 3563 2731 :

1930 2766 2365 2835 Vehementius,
2386 2767 2598 2840 inquit,
2614 2766 2659 2821 si
2681 2766 2988 2838 quomodo
3008 2767 3246 2821 tandem
3262 2767 3338 2821 ab
3354 2766 3448 2820 his
3470 2765 3569 2820 de-

1927 2856 2091 2911 sistat
2106 2856 2283 2924 nugis
2299 2899 2311 2911 .
2332 2856 2428 2911 llle
2444 2864 2639 2911 autem
2657 2854 2989 2927 patiebatur
3007 2855 3271 2926 quidem,
3286 2862 3341 2910 et
3354 2870 3566 2924 corpus

1927 2942 1975 2995 ei
2005 2943 2504 2998 consumebatur:
2549 2944 2783 3013 vigebat
2810 2959 2947 2998 vero
2988 2958 3056 2998 ac
3098 2942 3345 2998 ﬂorebat
3387 2940 3567 2998 alacri

1929 3034 2327 3101 promptoque
2358 3032 2543 3087 animi
2598 3032 2815 3099 studio,
2851 3037 2907 3087 et
2936 3046 3037 3100 pro
3065 3030 3279 3100 pietate
3309 3030 3568 3085 decerta-

210 3114 416 3174 παίζων
476 3120 645 3167 τοίνυν
696 3120 783 3168 τόν
839 3113 1010 3191 ἄνδρα
1061 3120 1087 3169 ό
1138 3120 1369 3190 ἡγεμὼν.
1433 3123 1611 3185 Οὔπω,
1668 3125 1811 3192 φησὶ,

1926 3116 2030 3172 bat
2059 3117 2450 3173 vehementer.
2504 3122 2647 3174 Eum
2691 3126 2888 3174 autem
2931 3117 3250 3173 ludiﬁcans
3297 3133 3562 3190 praeses:

222 3203 416 3275 ᾔσθου,
446 3208 695 3276 Τρόφιμε,
727 3213 823 3256 τῶν
864 3204 1109 3277 βασάνων
1142 3224 1155 3270 ;
1190 3211 1285 3260 Καὶ
1317 3209 1342 3259 ὁ
1372 3210 1575 3282 μάρτυς
1603 3209 1813 3274 αὐτίκα,

216 3295 278 3343 Σε
308 3290 498 3363 μᾶλλον
531 3289 673 3358 οἴδα,
703 3296 819 3366 ἔφη,
868 3314 960 3347 του
1002 3297 1202 3356 πάθους
1233 3296 1575 3349 αἰσθάνεσθαι
1610 3316 1622 3327 ·
1657 3295 1814 3360 δῆλος

209 3383 316 3453 γὰρ
368 3376 416 3433 εἶ
439 3380 552 3433 λίαν
603 3383 704 3434 ύπό
750 3390 841 3434 τοῦ
890 3386 1056 3455 θυμοῦ
1103 3388 1502 3458 τυραννούμενος
1548 3407 1554 3415 ·
1604 3384 1717 3458 ἐμοὶ
1755 3384 1814 3439 δε

212 3471 323 3541 ὅσῳ
376 3474 433 3521 τό
496 3478 648 3543 σῶμα
703 3471 1102 3535 καταναλοῡται,
1172 3475 1405 3544 τοσούτῳ
1476 3474 1648 3526 λύεται
1714 3483 1812 3527 τῶν

211 3554 425 3630 δεσμῶν
477 3563 566 3611 καὶ
612 3562 670 3611 τό
719 3559 831 3611 ὅλον
889 3558 1260 3634 ἐλευθεροῦται,
1311 3566 1401 3613 καὶ
1450 3564 1680 3636 θειοτέρα
1735 3568 1813 3634 γί-

206 3666 356 3699 νεται
406 3649 435 3706 ἡ
476 3646 649 3719 ψυχή.
704 3647 778 3700 Ού
826 3650 924 3721 γὰρ
969 3653 1196 3720 μένουσα
1238 3648 1285 3700 ἐν
1332 3658 1403 3720 τῷ
1439 3656 1644 3719 σώματι
1683 3670 1811 3703 συν-

206 3739 554 3801 αποθνήσκει,
608 3735 737 3789 ἀλλὰ
786 3742 911 3812 πρὸς
957 3740 1022 3790 τὰ
1067 3740 1359 3810 ποθούμενα
1398 3735 1676 3807 διαϐαίνει,
1717 3746 1806 3793 καὶ

205 3845 303 3877 τον
348 3825 533 3877 οἰκεῖον
588 3824 941 3897 ἀπολαμϐάνει
996 3826 1205 3899 κλῆρον.
1258 3827 1316 3880 Ὀ
1364 3831 1452 3899 μὲν
1505 3825 1591 3880 οὖν
1649 3837 1815 3882 ταῦτα

203 3914 379 3985 ἔλεγεν
435 3930 447 3943 '
490 3916 538 3966 οἱ
569 3911 754 3986 δήμιοι
811 3911 870 3967 δι
927 3914 1176 3978 ἀλλήλους
1224 3919 1271 3968 ἐν
1300 3925 1372 3987 τῷ
1405 3918 1528 3979 ξέειν
1559 3914 1812 3990 διαδεχό-

205 4020 380 4075 μενοι,
442 4000 730 4075 βαρυτέρας
788 4003 927 4074 αύτῷ
979 4007 1068 4065 τὰς
1124 4001 1313 4067 ὀδύνας
1365 4004 1554 4077 ἐπῆγον
1604 4024 1616 4036 ⁸
1652 4009 1677 4059 ὁ
1729 4005 1807 4074 δὲ,

209 4089 523 4160 Ἐπίϐλεψον
555 4090 608 4154 ἐξ
633 4092 851 4165 ούρανοῦ
904 4097 991 4144 καὶ
1029 4093 1189 4167 ῥῦσαί
1235 4113 1318 4166 με,
1362 4094 1387 4145 ὁ
1435 4098 1575 4159 Θεὸς,
1625 4095 1807 4167 ἔλεγεν,

205 4190 271 4231 εκ
310 4186 399 4239 τῆς
455 4176 679 4251 παγίδος
724 4189 823 4233 τῶν
875 4183 1190 4255 θηρευόντων
1231 4199 1242 4210 ·
1282 4184 1364 4235 ὅτι
1412 4187 1477 4235 σὺ
1530 4180 1576 4235 εἶ
1613 4186 1642 4241 ἡ
1686 4186 1811 4235 ύπο-

202 4273 345 4341 μονή
428 4288 549 4340 μου,
639 4273 807 4341 Κύριε.
892 4275 990 4323 Καὶ
1064 4274 1229 4341 τούτῳ
1302 4270 1438 4340 ψιλῶ
1494 4279 1564 4339 τῷ
1614 4271 1810 4342 ῥήματι

203 4358 378 4411 πολλὰ
423 4363 514 4415 τὴν
562 4367 649 4410 τού
705 4361 952 4430 ἡγεμόνος
984 4359 1195 4415 ἔπληττε
1245 4358 1486 4428 κεφαλὴν,
1543 4364 1633 4409 καὶ
1676 4362 1810 4409 κατὰ

202 4454 308 4504 τῆς
354 4449 616 4517 μακαρίας
661 4444 845 4496 ἑαυτοῦ
903 4444 1122 4515 κεφαλῆς
1176 4445 1296 4500 ὃλην
1342 4443 1529 4496 ἐκείνου
1573 4450 1665 4502 τὴν
1713 4441 1805 4497 δύ-

203 4552 368 4603 ναμιν
425 4540 513 4584 και
561 4537 653 4590 τὴν
698 4537 884 4603 μανίαν
934 4535 1103 4585 ἐκίνει.
1167 4530 1366 4603 Ἀμέλει
1421 4538 1508 4585 καὶ
1560 4532 1683 4594 ἅλας
1737 4534 1805 4596 εἰς

207 4620 334 4682 ὅξος
378 4620 627 4692 ἐμϐαλὼν,
679 4627 767 4673 καὶ
809 4626 901 4679 τὴν
951 4624 1139 4673 ἐκείνου
1176 4618 1475 4695 δριμύτητα
1516 4629 1577 4693 τῇ
1612 4626 1803 4675 τούτων

205 4709 355 4781 ἅλμῃ
406 4711 648 4781 κεράσας,
693 4718 792 4761 τῶν
852 4717 941 4762 τοῦ
988 4711 1244 4785 μάρτυρος
1286 4708 1476 4762 ἐκελευε
1527 4716 1802 4783 καταχέειν

201 4800 547 4871 τραυμάτων,
598 4801 761 4871 ταύτῃ
820 4797 947 4851 ἐλείν
1000 4802 1085 4851 τόν
1153 4806 1247 4861 τῆς
1300 4798 1558 4862 εὐσεϐείας
1612 4799 1799 4870 ἀγωνι-

206 4892 349 4946 στὴν
382 4888 628 4958 οἰόμενος.
661 4885 753 4939 ‘Av
808 4884 866 4940 δε
910 4892 998 4940 καὶ
1036 4892 1107 4959 μὴ
1150 4888 1261 4951 ἕλω,
1292 4893 1470 4960 φησὶν,
1504 4886 1803 4941 ἀσθενέστε-

196 4997 304 5052 ρον
335 4972 385 5028 δ’
413 4972 500 5027 οὖν
550 4977 687 5048 ὅμως
732 4975 1020 5049 παρέξομαι
1067 4979 1193 5049 πρός
1240 4978 1307 5028 τὰ
1351 4976 1612 5048 μελλοντα.
1667 4977 1801 5029 Ἀλλ’

198 5069 231 5121 ὀ
271 5062 631 5139 δρασσόμενος
682 5069 802 5126 τοὺς
851 5068 1038 5136 σοφούς
1077 5064 1125 5116 ἐν
1163 5073 1224 5136 τῇ
1275 5070 1567 5137 πανουργίᾳ
1612 5065 1799 5131 αὐτῶν,

195 5158 347 5208 κατὰ
397 5161 490 5215 τῆς
534 5152 723 5205 ἐκείνου
775 5152 963 5225 μᾶλλον
1009 5157 1195 5213 κακίας
1254 5156 1312 5204 τό
1362 5158 1597 5224 σόφισμα
1637 5157 1803 5226 περιέ-

194 5262 382 5316 τρεπε.
440 5245 533 5295 Καὶ
583 5243 859 5315 όμάρτυς,
909 5241 1056 5293 Ούτω
1094 5246 1285 5307 τοίνυν,
1332 5238 1371 5291 ὦ
1419 5243 1645 5313 ἡγεμὼν,
1702 5242 1803 5293 ἔλε-

193 5352 317 5404 γεν,
352 5332 410 5383 ού
448 5328 482 5383 δ
489 5330 829 5406 ιαρῥυήσεταί
872 5349 961 5403 μοι
992 5333 1049 5381 τό
1102 5338 1269 5401 σῶμα,
1318 5326 1441 5382 ούδέ
1471 5330 1751 5401 οἰχήσεται
1781 5347 1797 5364 ο

190 5424 266 5475 τὸ
313 5420 540 5472 ἐναντίον
592 5424 680 5492 μὶν
730 5416 816 5472 οὖν
864 5418 999 5471 ἅπαν
1040 5422 1129 5469 καὶ
1172 5420 1312 5490 ὑγιὲς
1354 5417 1480 5470 αύτὸ
1537 5418 1725 5490 μᾶλλον
1754 5420 1802 5471 οἱ

278 5608 298 5645 ί
343 5606 496 5664 Psal.
529 5622 731 5675 xxxiii,
756 5609 843 5662 20.
957 5608 979 5641 ²
1018 5603 1171 5661 Psal.
1197 5619 1292 5669 xc,
1314 5608 1361 5661 3.

1924 3206 2225 3273 Nondum,
2256 3207 2465 3277 inquit,
2508 3206 2762 3270 sensisti,
2795 3222 2831 3261 o
2858 3207 3193 3277 Tropbime,
3219 3212 3511 3261 tormenta
3539 3205 3567 3259 ?

1923 3297 2138 3366 Martyr
2163 3300 2362 3350 autem
2396 3310 2409 3349 :
2441 3295 2597 3358 Jam,
2628 3294 2833 3365 inquit,
2870 3295 2993 3347 scio
3025 3300 3077 3347 te
3119 3295 3310 3362 magis
3350 3292 3563 3347 sentire

1922 3384 2367 3455 perpessionem
2403 3399 2416 3438 :
2462 3388 2659 3455 aperte
2690 3382 2849 3437 enim
2893 3380 3180 3445 ostendis,
3227 3382 3379 3436 iram
3410 3380 3471 3435 in
3511 3386 3565 3435 te

1924 3488 2205 3543 magnam
2224 3487 2494 3527 exercere
2517 3471 2907 3542 tyrannidem.
2925 3470 3059 3525 Mihi
3074 3485 3206 3524 vero
3231 3486 3353 3541 quo
3373 3469 3563 3537 magis

1923 3576 2142 3632 corpus
2174 3562 2567 3629 consumitur,
2614 3577 2684 3616 eo
2716 3562 2907 3629 magis
2941 3559 3189 3614 solvitur
3218 3574 3254 3612 a
3286 3556 3560 3624 vinculis,

1921 3648 2322 3721 liberaturque
2338 3647 2743 3718 omnino,etﬁt
2756 3649 2958 3703 anima
2974 3646 3244 3702 divinior.
3263 3648 3385 3701 Non
3404 3646 3564 3700 enim

1924 3754 2175 3793 manens
2223 3737 2283 3792 in
2329 3753 2575 3807 corpore
2630 3753 2747 3791 una
2791 3752 2928 3791 cum
2985 3751 3055 3791 eo
3120 3734 3404 3789 moritur:
3457 3734 3562 3788 sed

1924 3828 2126 3882 transit
2156 3826 2230 3881 ad
2270 3842 2340 3881 ea
2386 3841 2519 3898 quae
2563 3825 2881 3890 desiderat,
2926 3830 2982 3879 et
3024 3823 3327 3893 propriam
3358 3822 3565 3892 recipit

1922 3916 2346 3972 hmreditatem.
2393 3915 2488 3970 llle
2530 3915 2775 3987 quidem
2818 3913 2948 3969 hiec
2995 3912 3275 3979 dicebat;
3332 3910 3562 3968 lictores

1920 4011 2119 4061 autem
2149 4022 2209 4061 se
2239 4006 2492 4061 invicem
2523 4004 2667 4060 alter
2693 4003 2941 4058 alterum
2961 4002 3336 4073 excipientes,
3357 4000 3409 4055 ei
3430 4016 3563 4072 gra-

1917 4088 2109 4145 viores
2149 4089 2383 4144 dolores
2430 4088 2778 4143 aﬁ'erebant.
2822 4086 2920 4141 Ille
2951 4092 3149 4140 autem
3184 4102 3197 4137 :
3230 4085 3441 4155 Aspice
3487 4085 3562 4139 de

1917 4177 2082 4245 caelo,
2118 4184 2174 4230 et
2204 4193 2298 4229 me
2322 4176 2528 4241 libera,
2551 4175 2800 4237 dicebat,
2815 4175 2989 4234 Deus,
3012 4173 3087 4227 de
3108 4173 3323 4242 laqueo
3345 4187 3558 4226 venano

1916 4267 2083 4321 tium.
2115 4264 2407 4328 Quoniam
2440 4267 2501 4316 tu
2532 4277 2594 4317 es
2622 4260 2909 4332 patientia
2939 4276 3093 4327 mea,
3138 4260 3381 4313 Domine
3411 4262 3455 4314 ³.
3494 4262 3561 4313 Et

1915 4354 2029 4410 hoc
2052 4353 2178 4407 solo
2210 4350 2389 4406 verbo
2400 4349 2573 4405 valde
2601 4348 2889 4420 percussit
2907 4352 3088 4417 caput
3104 4346 3393 4417 praesidis,
3416 4353 3472 4401 et
3497 4346 3558 4400 in

1916 4443 2158 4498 beatum
2189 4457 2362 4495 suum
2393 4445 2571 4509 caput
2592 4438 2932 4492 universam
2966 4437 3083 4489 vim
3111 4434 3263 4489 illius
3295 4435 3477 4489 movit
3502 4441 3559 4489 et

1915 4532 2234 4587 insaniam.
2268 4530 2473 4599 Itaque
2504 4544 2636 4581 cum
2666 4524 2854 4579 salem
2884 4522 3181 4593 injecisset
3218 4524 3276 4576 in
3299 4526 3554 4589 acetum,

1914 4624 1973 4675 et
2003 4619 2182 4690 hujus
2215 4616 2603 4672 acrimoniam
2629 4613 2791 4668 illius
2818 4617 3211 4683 temperasset
3239 4611 3553 4675 salsedine,

1908 4704 2489 4780 jussiteainfundere
2511 4703 2572 4757 in
2590 4703 2833 4756 vulnera
2847 4698 3239 4771 martyris,sic
3258 4699 3555 4753 arbitrans

1914 4813 1975 4851 se
2006 4800 2484 4867 expugnaturum
2538 4790 2822 4846 athletam
2868 4787 3121 4860 pietatis.
3152 4786 3323 4851 Quod
3346 4787 3392 4841 si
3433 4801 3552 4841 non

1913 4875 3129 4956 expugnavero,aiebat,autimbecilliorem
3147 4890 3280 4928 eum
3304 4872 3553 4928 reddam

1912 4975 1987 5029 ad
2020 4973 2236 5028 futura.
2269 4969 2380 5026 Sed
2402 4969 2503 5041 qui
2523 4964 2970 5037 comprehendit
2987 4964 3285 5033 sapientes
3310 4962 3368 5016 in
3389 4967 3555 5016 astu-

1915 5065 1992 5119 tia
2016 5078 2245 5125 eorum,
2267 5058 2347 5125 id,
2374 5057 2530 5130 quod
2552 5055 3010 5123 excogitaverat,
3039 5050 3326 5106 convertit
3345 5050 3554 5104 adver-

1913 5149 2177 5207 susillius
2200 5147 2506 5204 malitiam.
2530 5147 2592 5200 Et
2621 5152 2880 5213 martyr;
2904 5140 3016 5203 Sic,
3048 5138 3219 5204 dixit,
3245 5154 3280 5193 o
3308 5154 3547 5209 praeses,

1912 5256 2127 5311 corpus
2147 5253 2345 5293 meum
2374 5250 2493 5290 non
2520 5231 2768 5298 difﬂuet,
2787 5245 2893 5284 nec
2913 5227 3123 5299 peribit
3147 5242 3160 5293 ;
3179 5228 3300 5281 imo
3321 5230 3546 5293 contra,

1912 5327 1997 5385 sal
2025 5326 2267 5401 quidem
2296 5326 2493 5396 ipsum
2517 5319 2882 5376 conservabit
2909 5332 3124 5371 sanum
3152 5322 3208 5370 et
3228 5315 3552 5371 conﬁrma-

1911 5418 1996 5475 bit
2019 5423 2076 5474 et
2095 5413 2500 5473 corroborabit
2531 5410 2812 5466 adversus
2843 5413 2974 5462 tuos
2995 5405 3269 5471 insultus,
3302 5406 3453 5462 adeo
3488 5411 3551 5458 ut
