4142 6278
579 351 684 405 743

1885 336 2142 393 MENSIS
2181 332 2624 389 SEPTEMBEH.

3823 329 3922 383 744

581 475 744 546 ipsos
758 477 1009 544 superet.
1025 469 1469 526 etcalliditatem
1491 467 1688 522 vincat
1699 463 2042 521 adversarii.
2063 463 2226 516 Tunc

2338 458 2450 520 ἅλες
2533 455 2925 530 διατηρήσουσι
2997 457 3088 504 καὶ
3143 452 3380 526 ῥὼσουσι
3456 456 3584 522 πρὸς
3651 454 3736 511 τὰς
3787 457 3926 525 παρά

581 579 716 618 cum
745 562 944 631 seipso
966 561 1145 630 judex
1165 559 1448 612 evasisset
1474 556 1708 620 saavior,
1727 554 1893 623 jubet
1915 551 2226 622 lampades

581 649 884 705 admoveri
900 648 1182 703 lateribus
1196 645 1414 717 egregii
1431 643 1737 714 martyris:
1759 645 1972 713 thue:
1985 643 2224 700 restant,

581 737 795 798 aiebat,
826 735 1204 803 carnesignis
1232 739 1566 788 consumat.
1599 736 1788 804 Atque
1811 731 1946 799 igne
1979 727 2226 800 quidem

583 825 964 881 minuebatur
993 829 1048 879 et
1069 824 1536 878 consumebatur
1557 836 1718 886 caro,
1753 817 1995 889 martyri
2027 821 2226 872 autem

582 913 776 980 magis
806 912 1048 981 vigebat
1086 911 1511 982 crescebatque
1555 911 1735 964 animi
1783 909 2132 962 institutum.
2165 905 2228 957 Et

587 1001 901 1056 videbatur
925 1000 1167 1071 quidem
1196 1000 1412 1054 sentire
1436 1005 1736 1053 externam
1764 995 2095 1057 ﬂammam,
2125 991 2224 1047 ﬂa-

586 1091 802 1162 grabat
830 1096 1028 1145 autem
1061 1104 1163 1143 cor
1191 1090 1319 1158 ejus
1345 1089 1571 1158 majore
1603 1085 1808 1142 Christi
1838 1082 2154 1138 desiderio.

658 1442 734 1497 X.
767 1441 900 1495 Haec
948 1444 1264 1511 postquam
1293 1435 1500 1491 omnia
1539 1433 1719 1488 simul
1761 1433 1982 1488 fortiter
2010 1430 2234 1486 tulisset

595 1530 968 1599 Trophimus,
1002 1526 1507 1594 admirationeque
1529 1540 1596 1578 ac
1615 1529 1852 1593 stupore
1887 1527 2068 1576 totum
2098 1521 2234 1576 affe-

595 1619 771 1672 cisset
798 1616 1161 1688 Dionysium,
1182 1631 1211 1669 e
1229 1614 1391 1680 ligno
1408 1613 1648 1684 quidem
1670 1611 1986 1682 deponitur
2019 1625 2033 1675 ;
2059 1609 2232 1664 tradi-

587 1710 683 1760 tur
715 1711 915 1758 autem
940 1703 1258 1771 carceri,ne
1281 1718 1417 1756 eum
1445 1700 1686 1772 quidem
1722 1699 2047 1768 benignum
2075 1714 2232 1752 asse-

588 1797 776 1856 cutus,
808 1792 911 1847 sed
944 1793 1000 1846 in
1033 1791 1195 1858 ligno
1223 1789 1507 1851 inclusus,
1539 1796 1590 1842 et
1634 1805 1739 1843 nec
1780 1787 1955 1842 tibias
1985 1787 2227 1858 quidem

2339 1786 2661 1856 λανθρωπου,

589 1881 790 1936 valens
820 1879 1151 1934 extendere.
1189 1878 1440 1943 Quidam
1475 1883 1671 1932 autem
1716 1877 2110 1946 Dorymedon,
2148 1877 2235 1930 vir

591 1971 691 2042 qui
723 1974 778 2024 et
805 1969 1037 2023 colebat
1073 1968 1374 2038 pietatem,
1404 1973 1456 2019 et
1502 1965 1803 2020 exercebat
1848 1967 2144 2029 virtutem,
2179 1973 2233 2019 et

590 2057 738 2112 inter
766 2061 1066 2110 senatores
1094 2054 1353 2124 primum
1389 2052 1623 2107 tenebat
1647 2053 1866 2116 locum,
1892 2052 2232 2120 ingrediens

589 2160 904 2204 carcerem,
939 2149 994 2197 et
1020 2159 1221 2197 curam
1249 2144 1488 2210 gerebat
1523 2142 1816 2213 martyris,
1850 2147 1905 2195 et
1935 2141 2233 2210 absterge-

594 2231 695 2287 bat
727 2232 988 2296 vulnera,
1019 2237 1074 2286 et
1107 2232 1331 2286 saniem
1361 2231 1722 2285 emuudabat
1756 2230 2008 2284 :deiude
2041 2230 2230 2284 linteis

588 2320 928 2375 involvebat
957 2327 1011 2373 et
1043 2319 1344 2385 alligabat,
1379 2324 1558 2389 atque
1580 2318 1631 2372 ei
1666 2334 1904 2372 omnem
1931 2317 2107 2373 aliam
2133 2318 2230 2372 ad-

589 2408 830 2464 hibebat
861 2409 1248 2470 curationem,
1283 2407 1554 2478 etaliquo
1577 2407 1813 2478 quidem
1859 2415 2121 2478 tempore
2151 2408 2231 2463 la-

590 2497 899 2552 tebathaac
947 2497 1186 2551 faciens.
1245 2500 1451 2551 Postea
1491 2505 1690 2550 autem
1741 2513 1876 2551 cum
1938 2499 2234 2552 venissent

589 2586 908 2649 DlOSCOI‘la,
953 2585 1009 2638 id
1043 2590 1146 2648 est,
1195 2584 1406 2638 festum
1454 2583 1714 2639 Castoris
1755 2589 1812 2638 et
1859 2585 2129 2649 Pollucis,
2176 2593 2232 2642 et

593 2673 828 2745 Synade
855 2673 980 2726 dies
999 2671 1181 2726 festus
1201 2673 1480 2742 praeclare
1507 2672 1916 2737 celebraretur,
1938 2673 2087 2728 festo
2105 2676 2231 2745 qui-

590 2761 726 2816 dem
757 2761 1032 2815 intererat
1062 2760 1371 2814 universus
1404 2767 1662 2824 senatus,
1695 2760 1853 2814 solus
1893 2770 2090 2816 autem
2123 2763 2229 2818 ab-

590 2855 715 2904 erat
730 2848 1124 2920 Dorymedon.
1145 2847 1357 2902 Deinde
1371 2865 1496 2902 cum
1515 2865 1729 2918 presses
1742 2865 1867 2904 eum
1884 2851 2230 2906 accersisset

589 2951 662 2990 ne
690 2937 771 2989 sic
794 2936 1032 3006 quidem
1055 2937 1321 3000 accessit,
1347 2936 1690 3002 signiﬁcans
1708 2936 1893 3007 quod,
1914 2955 2050 2992 cum
2075 2946 2229 2994 esset

592 3023 954 3080 Christianus
989 3023 1229 3078 minime
1260 3039 1396 3077 eum
1452 3031 1737 3093 oporteret
1783 3025 2113 3081 sacriﬁcare
2154 3029 2232 3082 si-

2337 556 2430 598 σοῡ
2461 545 2750 608 ἐπιϐουλὰς,
2784 547 2916 595 ὥστε
2947 547 3034 593 καὶ
3064 542 3422 614 περιγένεσθαι
3453 541 3638 603 αὐτῶν,
3680 546 3764 591 καὶ
3797 560 3924 612 κρα-

2333 644 2495 693 τῆσαι
2545 644 2636 694 τῆς
2687 641 2776 684 του
2835 631 3182 701 ἀντικειμένου
3258 633 3621 699 κακοτεχνίας,
3677 629 3922 682 Ἐνταῦθα

2331 722 2689 795 χαλεπώτερος
2721 722 2874 782 αὐτὸς
2901 719 3115 778 ἑαυτούς
3139 722 3360 788 γεγονὼς
3387 719 3411 768 6
3437 714 3690 781 δικάζων,
3723 717 3926 786 λαμπάο

2337 809 2430 872 δας
2449 816 2615 883 πυρός
2644 811 2832 863 κελεύει
2860 809 3225 881 προσάγεσθαι
3255 815 3370 868 ταῖς
3400 815 3490 858 τοῦ
3517 810 3752 877 γενναίου
3782 806 3924 859 πλευ-

2335 909 2450 974 ραῖς

2336 988 2690 1060 έπινεμηθείη.
2732 987 2919 1057 Ἔληγε
2948 990 3037 1057 μεν
3077 981 3163 1036 οὖν
3194 992 3266 1054 τῷ
3312 989 3439 1058 πυρὶ
3486 989 3574 1036 καὶ
3621 983 3918 1042 ἀναλοῦτοή

2341 1077 2491 1149 σὰρξ,
2525 1079 2554 1134 ἠ
2597 1081 2897 1151 προαίρεσις
2943 1071 3002 1126 δε
3040 1082 3112 1143 τῷ
3149 1074 3380 1147 μάρτυρι
3406 1072 3596 1144 μᾶλλον
3627 1073 3772 1130 ἤνθει
3800 1087 3814 1101 ⁸
3844 1078 3923 1125 καὶ

2340 1166 2487 1235 έκῴει
2512 1162 2676 1236 μηδὲν
2703 1173 2800 1224 τῆς
2837 1163 3016 1226 ἔξωθεν
3044 1161 3231 1234 φλογὸς
3261 1160 3673 1214 ἰπαισθάνεσθαι
3707 1179 3720 1190 ·
3757 1163 3924 1232 θερμο-

2338 1257 2468 1326 τέρῳ
2518 1256 2615 1324 γὰρ
2647 1254 2789 1322 πόθῳ
2821 1260 2891 1322 τῷ
2931 1255 3060 1324 πρὸς
3108 1253 3338 1324 Χριστὸν
3383 1249 3626 1303 έκέκαυτο
3675 1254 3770 1309 τήν
3814 1270 3924 1323 καρ·

2513 901 2594 960 Ὠς
2617 899 2674 951 ἂν
2703 902 2762 951 τὰ
2783 898 3186 971 περιλειφθέντα,
3212 901 3362 966 φησι,
3393 904 3491 947 τῶν
3512 905 3718 966 σαρκῶν
3747 899 3803 946 τό
3828 905 3922 968 πῦρ

2343 1338 2486 1396 δίαν.

2413 1429 2469 1484 Γ.
2523 1437 2700 1481 Ταῦτα
2737 1427 2916 1487 ἐπειδὴ
2966 1434 3056 1481 καὶ
3100 1430 3229 1499 ὁμοῦ
3281 1429 3450 1480 πάντα
3499 1433 3750 1497 γενναίως
3793 1431 3929 1498 ἤνεγ-

2341 1539 2397 1571 κε
2447 1523 2725 1592 Τρόφιμος,
2780 1523 2868 1570 καὶ
2921 1518 3032 1569 όλον
3095 1518 3164 1578 εἰς
3235 1517 3477 1579 ἔκπληξιν
3537 1520 3704 1587 ἤγαγε
3769 1521 3930 1570 Διονύ-

2343 1627 2475 1672 σιον,
2513 1608 2792 1676 κατάγεται
2849 1610 2937 1677 μὲν
2994 1615 3084 1658 τοῦ
3138 1606 3289 1668 ξύλου
3344 1607 3368 1656 ό
3423 1604 3647 1666 ἀθλητής
3689 1625 3700 1637 ·
3745 1615 3818 1675 τῷ
3855 1604 3928 1658 δε·

2343 1701 2625 1768 σμωτηρίω
2653 1691 2710 1747 δε
2742 1691 3118 1766 παραδίδοται,
3167 1693 3290 1746 ούδε
3331 1697 3518 1745 τούτου
3551 1693 3825 1765 ἐπιτυχὼν
3857 1715 3928 1760 φι-

2739 1783 2865 1835 me
2924 1784 3314 1844 κατακλεισθεὶς
3384 1781 3432 1834 έν
3509 1790 3580 1852 τῷ
3656 1782 3798 1852 ξύλῳ
3851 1789 3932 1835 καὶ

2340 1872 2478 1947 μηδὲ
2552 1873 2832 1924 ἀποτείνειν
2897 1876 2963 1924 τὰ
3034 1872 3187 1929 σκέλη
3273 1870 3572 1943 δυνάμενος.
3625 1867 3930 1943 Δορυμέδων

2341 1961 2400 2017 δέ
2443 1983 2522 2025 τις
2570 1961 2696 2033 ἀνὴρ
2741 1960 3001 2013 εὐσέϐειάν
3059 1980 3113 2013 τε
3165 1969 3325 2032 τιμῶν
3372 1965 3462 2012 καὶ
3508 1959 3694 2033 ἀρετήν
3754 1965 3930 2030 μετιὼν

2339 2059 2426 2106 καὶ
2490 2053 2631 2124 παρὰ
2679 2047 2986 2120 βουλευταῖς
3041 2058 3139 2101 τὼν
3191 2055 3451 2123 πρωτείων
3508 2048 3821 2120 ἠξιωμένος,
3870 2049 3932 2110 εἰς

2337 2146 2392 2195 τό
2458 2139 2817 2212 δεσμωτήριον
2891 2139 3085 2202 εἰσιὼν,
3145 2136 3429 2210 ἐπεμελεῖτο
3489 2157 3540 2190 τε
3596 2145 3688 2190 τοῦ
3745 2141 3930 2210 μαρτυ-

2337 2251 2442 2304 ρος,
2492 2233 2580 2281 καὶ
2636 2235 2701 2285 τὰ
2760 2230 3031 2302 τραύματα
3086 2232 3308 2297 περίεπε,
3387 2231 3472 2278 καὶ
3545 2230 3666 2286 τοὺς
3744 2227 3930 2298 ἰχῶρας

2339 2321 2641 2392 ἀπέματτεν,
2704 2320 2814 2376 εἶτα
2893 2323 2980 2369 καὶ
3061 2316 3294 2376 ὁθονίους
3358 2315 3601 2388 περιείλει
3666 2321 3764 2367 καὶ
3821 2335 3931 2366 κατε

2340 2407 2566 2482 εδέσμιι,
2625 2418 2714 2463 καὶ
2767 2416 2939 2462 πᾶσαν
2994 2406 3151 2462 ἄλλην
3208 2406 3478 2474 θεραπείαν
3527 2411 3790 2475 προσῆγε,
3846 2410 3926 2454 καὶ

2338 2503 2527 2569 χρόνον
2579 2505 2668 2571 μέν
2721 2519 2836 2550 τινα
2891 2504 3050 2548 ποιῶν
3095 2494 3278 2555 οὕτως,
3333 2492 3595 2545 ἐλάνθανεν
3655 2512 3666 2523 ·
3715 2493 3926 2565 ὕστερον

2340 2583 2398 2638 δὲ
2459 2598 2556 2638 τὼν
2639 2591 2952 2658 Διοσκορίων
3015 2584 3351 2645 ἐπιστάντων,
3430 2587 3517 2634 καὶ
3585 2590 3680 2642 τῆς
3763 2582 3929 2654 ἑορτῆς

2338 2683 2454 2750 περὶ
2511 2681 2574 2728 τὰ
2627 2673 2832 2729 Σύναδα
2888 2674 3129 2745 λαμπρᾶς
3191 2671 3462 2743 ἀγομένης,
3522 2673 3551 2728 ἡ
3617 2674 3707 2742 μεν
3777 2670 3924 2742 βουλή

2337 2771 2484 2819 πᾶσα
2535 2774 2595 2836 τῇ
2652 2767 2935 2835 πανηγύρει
2991 2770 3235 2833 παρῆσαν
3287 2777 3298 2790 ⁸
3356 2767 3510 2831 μόνος
3562 2757 3620 2812 δὲ
3672 2759 3924 2812 ἀπολελει-

2338 2874 2436 2906 πτο
2496 2851 2799 2928 Δορυμέδων
2849 2871 2860 2881 ·
2917 2848 3028 2904 εἶτα
3077 2855 3166 2902 καὶ
3222 2849 3702 2921 μετακαλεσαμένου
3765 2858 3926 2901 τοὺτον

2337 2951 2427 2994 τού
2455 2945 2720 3014 ἡγεμόνος,
2773 2939 2896 2994 οὐδὲ
2954 2940 3087 2992 οὕτω
3136 2942 3346 3011 παρῄει,
3391 2933 3639 2998 δηλώσας
3683 2941 3766 2989 ὃτι
3815 2946 3921 3008 Χρι-

2341 3035 2547 3083 στιανὸν
2595 3036 2716 3083 ὄντα
2759 3050 2839 3102 με,
2885 3033 3080 3088 ἣκιστα
3123 3030 3258 3080 θύειν
3295 3023 3531 3088 εἰδώλοις
3574 3032 3663 3078 καὶ
3716 3024 3919 3097 δαίμοσι

592 3110 871 3166 mulacris
905 3117 959 3165 et
989 3111 1383 3166 daemonibus.
1437 3113 1578 3166 Cum
1621 3128 1761 3181 ergo
1811 3114 2062 3170 fuissent
2102 3115 2227 3171 haec

2338 3127 2469 3194 χρή.
2527 3119 2616 3182 Ὠς
2673 3117 2759 3172 οὖν
2815 3118 3081 3190 ἀπηγγέλη
3133 3126 3298 3169 ταυτα
3355 3121 3629 3187 Διονυσίῳ,
3688 3119 3800 3186 ἄγει
3841 3121 3919 3167 καὶ

589 3199 921 3254 renuntiata
957 3201 1252 3269 Dionysio,
1292 3201 1378 3254 vel
1405 3201 1650 3255 invitum
1682 3218 1819 3257 eum
1852 3202 2096 3258 adducit
2128 3221 2232 3276 per

591 3286 888 3349 satellites,
919 3293 974 3341 et
995 3295 1165 3355 rogat
1191 3304 1457 3354 causam,
1500 3296 1740 3358 propter
1779 3306 1959 3360 quam
1986 3308 2103 3347 non
2138 3308 2226 3348 ve-

589 3376 776 3431 nisset
792 3376 866 3430 ad
887 3375 1119 3447 festum,
1143 3377 1321 3448 idque
1340 3377 1416 3431 ab
1433 3393 1502 3432 eo
1515 3380 1850 3434 accersitus.
1877 3380 1972 3434 [lle
1991 3387 2190 3435 autem
2215 3400 2228 3434 :

599 3463 682 3517 Ad
717 3463 830 3518 alia
856 3465 1120 3536 quidem,
1154 3465 1361 3536 inquit,
1392 3482 1427 3519 o
1468 3483 1706 3536 praeses,
1739 3469 1798 3521 in
1834 3469 2052 3538 quibus
2089 3468 2232 3523 nihil

588 3551 926 3606 detrimenti
945 3559 1262 3624 acceptura
1280 3559 1369 3608 est
1389 3555 1928 3626 anima,nunquam
1947 3572 2062 3612 non
2081 3559 2230 3621 veni,

589 3639 635 3693 si
663 3645 721 3695 tu
748 3657 838 3694 me
865 3643 1106 3706 vocasti,
1136 3657 1330 3712 neque
1375 3643 1548 3696 ullam
1579 3643 1742 3698 attuli
1789 3646 2230 3701 excusationem

589 3727 690 3781 ubi
724 3734 922 3782 autem
962 3746 1054 3783 res
1085 3735 1309 3798 spectat
1339 3731 1414 3783 ad
1447 3731 1864 3787 detrimentum
1906 3736 2142 3801 animm,
2177 3743 2233 3790 et

588 3832 624 3869 a
651 3816 760 3870 Deo
791 3816 1226 3880 alienationem,
1253 3834 1367 3870 non
1392 3834 1522 3885 ego,
1551 3820 1653 3888 qui
1678 3836 1795 3873 non
1830 3824 2068 3891 accessi,
2097 3842 2229 3880 sum

589 3917 771 3957 causa
801 3904 963 3974 quod
996 3920 1114 3958 non
1139 3903 1512 3968 accesserim,
1533 3906 1634 3959 sed
1659 3908 1705 3960 is
1723 3907 1823 3976 qui
1852 3908 1927 3962 ad
1946 3926 2016 3964 ea
2035 3916 2227 3966 vocat.

664 3997 744 4052 χι.
774 3996 917 4048 Cum
950 3993 1071 4047 hac
1126 3998 1317 4046 autem
1351 3992 1635 4047 audiisset
1679 4011 1917 4065 praeses,
1973 4013 2106 4069 qum
2157 3999 2231 4053 de

590 4081 1029 4156 Dorymedonte
1062 4096 1132 4134 ne
1167 4087 1461 4151 sperasset
1489 4082 1731 4152 quidem
1765 4099 2053 4156 unquam,
2085 4103 2156 4141 ne
2185 4089 2229 4142 si

590 4171 996 4243 Deusquidem
1023 4169 1416 4239 prmdixisset,
1459 4172 1629 4225 valde
1646 4171 1890 4242 quidem
1911 4175 2015 4229 fuit
2033 4177 2207 4230 obstu

589 4262 874 4333 pefactus.
903 4261 1112 4312 Etcum
1137 4265 1376 4328 prOpter
1394 4275 1515 4313 rem
1535 4261 1905 4330 in0pinatam
1941 4279 2012 4317 ne
2036 4263 2232 4334 plures

589 4349 832 4422 quidem
863 4348 1148 4418 potuisset
1178 4363 1314 4402 cum
1333 4364 1402 4402 eo
1423 4349 1688 4403 conferre
1723 4367 2057 4405 sermones:
2092 4356 2229 4406 Inte-

591 4439 720 4501 rim,
755 4436 960 4505 inquit,
995 4451 1130 4488 eum
1165 4441 1356 4488 teneat
1386 4437 1673 4491 custodia.
1708 4438 1846 4492 Cras
1880 4455 2012 4493 vero
2045 4442 2232 4495 consi-

589 4523 950 4583 derabimus,
979 4521 1287 4591 quomodo
1327 4537 1419 4574 res
1448 4521 1575 4590 ejus
1610 4540 1669 4577 se
1709 4524 1990 4580 habeant.
2035 4530 2230 4598 Atque

590 4611 685 4665 ille
716 4609 960 4680 quidem
998 4607 1152 4660 venit
1181 4607 1238 4661 in
1270 4624 1587 4672 carcerem,
1621 4617 1906 4683 tauquam
1934 4615 1989 4668 in
2021 4631 2230 4686 quam-

587 4699 729 4754 dam
763 4696 1097 4768 palaastram
1128 4710 1140 4749 :
1179 4695 1490 4765 Dionysius
1514 4706 1734 4764 autem,
1765 4702 2128 4771 quibusdam
2158 4721 2228 4759 ex

589 4788 710 4842 suis
737 4786 812 4841 ad
843 4800 980 4840 eum
1015 4783 1227 4848 missis,
1278 4785 1610 4840 conabatur
1657 4789 1952 4844 adducere
1984 4807 2119 4846 eum
2153 4793 2228 4847 ad

590 4875 1017 4946 paenitentiam.
1072 4873 1230 4936 Quos
1280 4876 1440 4926 torve
1493 4881 1548 4928 et
1600 4877 1951 4933 truculenter
2003 4889 2229 4952 martyr

588 4964 820 5016 intuens
855 4981 866 5016 :
900 4962 1180 5015 Discedite
1206 4976 1242 5014 a
1291 4977 1402 5025 me,
1439 4962 1596 5028 dixit,
1649 4980 1854 5018 omnes
1892 4969 1994 5038 qui
2023 4985 2229 5038 opera-

590 5050 732 5103 mini
764 5050 1132 5119 iniquitatem
1165 5049 1220 5101 3:
1254 5069 1280 5099 »
1315 5053 1372 5103 et
1409 5053 1689 5106 continuo
1733 5055 1929 5116 tacuit,
1966 5078 1992 5104 «
2024 5062 2078 5111 et
2105 5064 2227 5112 erat

591 5142 874 5207 tanquam
904 5138 1086 5192 homo
1113 5153 1230 5191 non
1257 5138 1528 5201 audiens,
1562 5147 1614 5194 et
1650 5157 1765 5196 non
1787 5143 2012 5199 habens
2041 5147 2096 5200 in
2126 5165 2226 5202 ore

591 5241 694 5278 suo
706 5225 1154 5292 redargutioues
1167 5226 1210 5280 ⁴.
1230 5246 1256 5276 ››
1279 5226 1376 5280 Die
1388 5235 1585 5284 autem
1600 5231 1862 5302 sequenti
1879 5249 2002 5286 cum
2025 5237 2226 5291 sedem

587 5310 927 5378 judicialem
948 5313 1314 5368 ascendisset
1337 5315 1923 5388 Dionysius,accersit
1952 5324 2224 5392 Doryme-

593 5396 858 5464 dontem,
901 5406 956 5452 et
1005 5415 1016 5451 2
1073 5402 1330 5470 lndigne,
1375 5406 1583 5476 inquit,
1634 5414 1890 5479 senator,
1936 5411 2224 5480 quidnam

665 5579 687 5611 ³
726 5576 927 5633 Matth.
956 5595 1048 5643 vn,
1081 5585 1168 5636 23.
1279 5588 1299 5620 ⁴
1339 5587 1489 5642 Psal.
1516 5607 1732 5656 xxxvu,
1769 5597 1848 5647 15.

2338 3212 2529 3262 ἄκοντα
2600 3207 2694 3262 διὰ
2757 3218 2855 3260 τῶν
2907 3204 3206 3279 δορυφόρων
3264 3206 3440 3272 αὐτόν,
3473 3211 3559 3257 και
3609 3212 3699 3261 τήν
3756 3205 3921 3255 αἰτίαν

2336 3300 2662 3362 πυνθάνεται,
2719 3294 2790 3349 δι’
2845 3297 2907 3354 ἣν
2960 3296 3052 3347 ούκ
3103 3295 3339 3366 ἀφίκοιτο
3398 3299 3525 3368 πρὸς
3574 3297 3661 3350 τήν
3721 3292 3917 3363 ἑορτήν,

2337 3391 2425 3437 καὶ
2473 3395 2638 3437 ταυτα
2684 3385 3025 3457 μετακληθεὶς
3069 3385 3156 3436 ὑπ’
3207 3384 3387 3436 αὐτου.
3435 3380 3493 3434 Ὀ
3536 3379 3611 3446 δε,
3655 3383 3764 3433 Ἐπ’
3801 3381 3923 3432 ἄλλα

2337 3480 2446 3546 μὲν,
2482 3478 2594 3546 ἔφη,
2642 3471 2680 3524 ὦ
2729 3475 2955 3545 ἡγεμὼν,
2990 3475 3117 3525 ὅπου
3163 3478 3232 3543 μή
3293 3472 3633 3542 λυμαίνεσθαι
3775 3469 3918 3541 ψυχῇ

2337 3560 2474 3634 μηδὲ
2528 3561 2774 3634 βλάπτειν
2817 3565 2978 3625 ἔστιν,
3027 3561 3294 3611 οὐπώποτε
3347 3557 3452 3617 ἤδη
3520 3563 3638 3611 οὔτε
3687 3559 3923 3611 καλέσαν-

2337 3655 2425 3712 τός
2482 3670 2574 3702 σου
2633 3651 2726 3702 οὐκ
2786 3647 2958 3707 ἦλθον·
3011 3652 3126 3700 οὔτε
3183 3647 3436 3718 ἀσχολίαν
3486 3653 3570 3699 σοί
3618 3667 3739 3699 τινα
3792 3667 3920 3719 προε·

2338 3742 2643 3811 φασισάμην
2677 3759 2688 3771 ·
2743 3742 2862 3790 ἔνθα
2919 3735 2976 3790 δε
3027 3740 3156 3810 πρὸς
3217 3734 3410 3806 βλάϐος
3459 3738 3561 3807 όρώ
3611 3742 3670 3787 τὸ
3721 3743 3919 3809 πρᾶγμα

2335 3827 2538 3898 ψυχῆς,
2575 3834 2663 3880 καὶ
2712 3836 2844 3881 Θεοῦ
2899 3825 3256 3898 ἀλλοτρίωσιν,
3304 3825 3406 3896 οὐχ
3455 3827 3480 3877 6
3528 3829 3599 3896 μή
3653 3845 3914 3898 παραγεγο-

2336 3920 2433 3976 νὼς
2463 3919 2583 3984 ἐγὼ,
2612 3925 2700 3968 τού
2733 3921 2802 3988 μή
2837 3917 3112 3988 ἀφικέσθαι
3143 3917 3305 3973 αἴτιος
3332 3915 3356 3965 ό
3384 3913 3463 3966 έπὶ
3492 3922 3661 3964 ταῦτα
3690 3913 3864 3964 καλῶν.

2409 4004 2509 4056 lA'.
2558 4006 2816 4066 Ἀκούσας
2857 4014 3023 4056 ταυτα
3072 4004 3095 4054 6
3142 4004 3345 4073 ἡγεμὼν
3395 4003 3479 4054 οἷα
3522 3999 3654 4073 μηδ’
3704 4002 3763 4052 ἂν
3800 4008 3909 4053 Θεοῦ

2336 4096 2668 4165 προειπόντος
2744 4099 2860 4165 περὶ
2917 4088 3298 4163 Δορυμέδοντός
3372 4109 3495 4142 ποτε
3563 4091 3789 4158 ἤλπισεν,
3839 4093 3900 4138 ἐκ·

2336 4179 2517 4241 πλήξει
2573 4199 2625 4232 τε
2677 4184 2849 4251 εἴχετο
2900 4177 3078 4241 δεινῶς
3127 4184 3215 4230 καὶ
3266 4187 3335 4248 τῷ
3381 4176 3627 4249 ἀδοκήτῳ
3672 4188 3753 4230 τοῦ
3788 4178 3890 4246 πρά-

2335 4287 2535 4340 γματος
2585 4265 2722 4339 μηδὲ
2770 4269 2842 4330 εἰς
2894 4269 3126 4327 πλείονας
3178 4267 3316 4336 αύτῷ
3378 4267 3566 4339 λόγους
3623 4266 3756 4318 ἐλθεῖν
3804 4259 3890 4314 δυ-

2337 4359 2523 4419 νηθεὶς,
2568 4362 2703 4419 Τέως
2759 4362 2868 4429 μεν,
2918 4362 3095 4428 φησιν,
3151 4356 3302 4407 αὐτὸν
3357 4355 3522 4427 ἐχέτω
3573 4357 3786 4429 φρουρά·
3842 4351 3907 4410 εἰς

2340 4448 2515 4517 αὔριον
2571 4443 2628 4497 δε
2677 4450 2741 4497 τὰ
2792 4447 2905 4497 κατ’
2951 4444 3104 4496 αύτόν
3157 4447 3293 4504 ὅπως
3343 4447 3458 4515 ἔχει
3508 4445 3820 4514 σκεψόμεθα.
3860 4438 3910 4489 Ὀ

2339 4537 2428 4604 μεν
2506 4531 2591 4584 οὖν
2672 4538 2728 4585 τό
2803 4530 3162 4605 δεσμωτήριον
3239 4535 3410 4606 ὥσπερ
3470 4534 3585 4584 τινὰ
3642 4530 3916 4599 κατειλήφει

2338 4621 2700 4692 παλαίστραν·
2758 4623 2782 4672 ό
2836 4625 3099 4682 Διονύσιος
3158 4617 3216 4673 δε
3287 4630 3384 4672 τῶν
3442 4621 3528 4671 ὑπ’
3585 4620 3743 4671 αὐτόν
3795 4636 3918 4674 τινας

2341 4709 2664 4776 ἀποστείλας,
2753 4710 3025 4778 μετάμελον
3141 4709 3292 4761 αὐτόν
3397 4715 3558 4761 ποιεῖν
3657 4707 3922 4778 ἐπεχείρει.

2340 4799 2429 4857 Οἷς
2513 4797 2773 4872 αὐστηρὸν
2834 4797 3090 4869 ἐμϐλέψας
3170 4799 3194 4848 ό
3275 4799 3473 4871 μάρτυς
3541 4801 3629 4847 καὶ
3713 4799 3924 4867 ἄγριον”

2340 4886 2623 4944 Ἀπόστητε
2674 4884 2764 4938 ἀπ’
2820 4882 2965 4957 ἐμοῦ,
3023 4887 3179 4956 ἔλεγε.
3236 4888 3420 4946 πάντες
3495 4887 3542 4936 οἱ
3601 4883 3933 4958 ἐργαζόμενοι

2753 4714 2876 4781 μετά
2879 4710 3025 4780 μελον

2337 4971 2587 5044 ἀνομίαν·
2646 4981 2731 5026 καὶ
2791 4975 2934 5034 εὐθὺς
2979 4974 3195 5038 ἐσιώπα,
3243 4979 3331 5025 καὶ
3387 4975 3674 5046 ἄνθρωπος,
3737 4969 3800 5030 ἦν
3851 4970 3937 5022 οὐκ

2338 5061 2536 5113 ἀκούων
2581 5070 2668 5115 καὶ
2699 5063 2790 5115 ούκ
2840 5066 2974 5134 ἔχων
3015 5062 3062 5114 έν
3107 5071 3176 5132 τῷ
3213 5069 3434 5134 στόματι
3465 5062 3624 5113 αὐτοῦ
3671 5061 3938 5132 ἰλεγμούς·

2337 5157 2426 5209 τῆς
2484 5148 2531 5201 δ’
2588 5149 2813 5211 ἐπούσης
2875 5151 2959 5202 ἐπὶ
3012 5154 3098 5201 τὸν
3155 5147 3465 5203 δικαστικὸν
3524 5152 3703 5220 θρόνον
3755 5147 3943 5204 ἀναϐὰς

2338 5241 2602 5298 Διονύσιος
2699 5243 3084 5308 μεταπέμπεται
3170 5244 3255 5290 τὸν
3356 5234 3740 5310 Δορυμέδοντα,
3836 5240 3946 5292 καὶ.

2341 5326 2521 5387 Ανάξιε
2566 5334 2659 5386 τῆς
2711 5325 2925 5398 βουλῆς,
2974 5333 3152 5398 φησιν,
3211 5332 3262 5377 τὶ
3310 5329 3485 5378 παθὼν
3535 5327 3687 5396 χθὲς,
3744 5326 3776 5383 ἦ
3836 5323 3950 5375 δια-

2337 5416 2557 5481 νοηθεὶς,
2612 5421 2699 5467 καὶ
2748 5420 2864 5476 τοὺς
2919 5418 3062 5476 θεοὺς
3106 5414 3388 5486 ὶξώμνυσο,
3436 5419 3525 5466 καὶ
3568 5418 3632 5466 τὰ
3682 5412 3955 5485 βασιλικὰ
