4142 6278
235 275 339 331 745

1172 275 1611 335 MARTYRIUM
1652 273 1714 331 S.
1752 270 2108 336 TROPHIMI
2153 282 2240 337 El‘
2277 286 2665 348 SOCIORUM.

3492 294 3606 360 746

239 396 473 461 διέπτυες
522 397 812 473 δόγματα;
874 398 903 460 ἧ
961 401 1189 476 αἰσχρὸν
1243 400 1373 457 εἶναί
1431 422 1515 455 σοι
1583 398 1725 454 δοκεῖ
1777 401 1834 449 τὸ

1956 399 2066 457 heri
2082 404 2184 462 tibi
2199 412 2434 479 accidit,
2458 419 2560 470 aut
2578 415 2839 487 quidtibi
2871 417 3027 473 venit
3051 417 3111 473 in
3132 422 3411 484 mentem,
3445 426 3511 475 ut
3544 424 3604 477 et

238 491 347 561 μεθ’
396 491 541 563 ἡμῶν
594 492 869 561 τετάχθαι,
896 496 985 543 καὶ
1031 499 1175 563 κοινῇ
1225 494 1290 544 τὰ
1336 501 1433 545 τῶν
1483 494 1605 544 θεῶν
1654 494 1830 561 τιμᾴν,

237 584 325 631 καὶ
375 581 623 640 τοιαύτης
674 576 870 651 βουλῆς
928 582 1200 651 φαίνεσθαι
1248 588 1470 655 πρῶτος,
1515 579 1577 639 ἧς
1623 577 1835 648 ἀγαπή-

244 687 320 720 σει
364 663 418 719 εὖ
462 663 585 720 οἶδα
628 673 717 720 καὶ
761 669 786 719 ό
836 664 1045 742 σφόδρα
1093 669 1379 742 φιλότιμος,
1412 667 1455 720 εἰ
1497 670 1672 719 καὶτὸ
1715 663 1837 716 πολ-

240 757 423 809 λοστὸν
478 756 627 828 μόλις
683 760 923 829 φέροιτος
986 756 1119 808 Ἀλλ’
1179 757 1238 809 ού
1311 761 1445 829 μέγα
1502 763 1686 819 ταῦτα,
1742 772 1837 825 φη-

244 850 341 910 σὶν,
394 843 601 909 ἐκεῖνος,
660 853 732 915 τῷ
787 850 915 899 Θεοῦ
966 850 1123 918 μόνου
1200 846 1398 916 έρῶντι,
1452 850 1542 897 καὶ
1597 846 1661 897 τά
1715 842 1836 915 παρ’

242 934 379 1003 αύτῷ
448 933 610 991 κάλλη
692 934 1076 1007 φανταζομένῳ,
1150 941 1240 987 καὶ
1319 939 1412 993 τήν
1486 929 1835 1004 ἐκδεχομένην

240 1025 361 1084 τούς
434 1022 608 1086 ἀξίους
663 1022 1022 1097 λαμπρότητα.
1075 1028 1139 1077 Τί
1212 1026 1310 1098 γὰρ
1396 1021 1506 1095 έμοὶ
1586 1023 1835 1094 τυράννου

238 1112 401 1186 ῥῆμα,
441 1116 531 1164 καὶ
584 1111 849 1177 συλλαϐοἰ,
895 1118 983 1165 καὶ
1027 1112 1237 1184 χλαμὺς
1282 1110 1560 1184 ἀλλοτρίοις
1608 1110 1839 1162 ἀνθοῦσα

241 1205 515 1272 χρώμασι,
574 1205 664 1252 καὶ
717 1204 773 1252 τὸ
825 1203 969 1273 παρὰ
1022 1208 1083 1273 τῇ
1141 1199 1304 1274 βουλῇ
1351 1196 1601 1271 ὀγκῶδες,
1654 1203 1704 1251 τί
1748 1203 1837 1250 καὶ

243 1286 466 1363 ἀρχικὸν
510 1290 846 1360 φθέγγεσθαι,
879 1294 967 1341 καὶ
1000 1293 1117 1350 Θεὸς
1162 1289 1397 1361 ἄψυχος,
1426 1294 1514 1341 καὶ
1547 1290 1635 1340 θεά
1672 1289 1838 1357 τούτῳ

244 1384 578 1443 συνοικοῦσα,
638 1376 775 1438 λίθος
823 1379 965 1441 ἶσως,
1014 1379 1042 1437 ἡ
1095 1383 1180 1429 καὶ
1234 1378 1456 1450 χαλκός,
1505 1384 1699 1448 χειρῶν
1756 1379 1840 1428 τέ-

245 1486 346 1537 χνῃ
398 1461 917 1539 δεδημιουργημένη,
968 1468 1376 1539 παρακαθημένη
1426 1468 1572 1537 τάχα
1623 1466 1652 1523 ή
1702 1483 1839 1535 παρ-

243 1562 450 1607 εστῶσα
481 1569 495 1582 ⁸
531 1554 576 1606 εἰ
633 1550 692 1607 δὲ
742 1560 830 1607 καὶ
888 1556 913 1607 ὁ
962 1559 1203 1626 τεχνίτης
1259 1554 1441 1619 έθέλοι,
1490 1557 1694 1625 κειμένη
1748 1557 1837 1605 καὶ

241 1646 496 1695 τίκτουσα
543 1646 635 1695 καὶ
693 1642 742 1694 έν
797 1642 945 1716 έτέρῳ
1003 1648 1249 1714 σχήματι
1303 1646 1567 1714 μένουσα;
1625 1640 1838 1712 Δὶσχρά

1942 490 2088 548 deos
2100 496 2198 567 abj
2209 502 2693 567 urares,etedicta
2706 520 3011 574 respueres
3026 506 3404 578 imperatoria
3416 507 3444 564 7
3460 509 3601 564 Tur-

1946 595 2095 651 pene
2117 584 2221 640 tibi
2238 602 2365 644 esse
2386 589 2619 646 videtur
2636 591 2698 647 in
2718 592 3020 658 eumdem,
3048 594 3109 649 in
3135 611 3312 665 quem
3344 610 3475 662 nos,
3508 611 3598 653 re-

1944 668 2078 725 ferri
2095 673 2453 745 ordinem,et
2464 680 2610 735 deos
2627 680 2919 737 honorare
2931 682 3328 739 communiter
3342 688 3400 739 et
3416 683 3595 754 hujus

1946 766 2186 816 senatus
2201 763 2384 821 videri
2404 767 2652 838 primus,
2671 768 2843 839 cujus
2856 768 2905 824 si
2924 768 3015 824 vel
3028 768 3339 826 minimam
3363 776 3595 842 partem

1945 844 2117 904 fuerit
2145 859 2453 910 assecutus
2475 855 2688 928 aliquis
2714 856 2879 913 valde
2906 856 3284 920 ambitiosus,
3312 858 3592 929 praeclare

1946 949 2150 992 secum
2173 945 2372 997 actum
2385 958 2517 999 esse
2535 943 2927 1000 duxerit?Sed
2947 960 3069 1000 non
3086 945 3383 1012 sunthaec,
3402 946 3597 1019 inquit

1944 1021 2058 1089 ille,
2087 1041 2306 1096 magna
2318 1029 2508 1102 ei,qui
2525 1031 2709 1087 Deum
2732 1031 2926 1088 solum
2946 1031 3157 1103 diligit,
3180 1039 3235 1088 et
3248 1033 3479 1089 visione
3492 1049 3598 1106 ap-

1947 1114 2258 1183 prehendit
2272 1133 2571 1191 eam,qua3
2584 1126 2670 1176 est
2684 1120 2847 1192 apud
2860 1120 3077 1192 ipsum,
3094 1121 3595 1192 pulchritudinem

1948 1205 2002 1254 et
2033 1200 2556 1279 splendorem,qui
2580 1212 3056 1264 manetsanctos.
3088 1209 3241 1275 Quid
3268 1210 3427 1265 enim
3460 1226 3595 1267 mea

1950 1286 2123 1345 refert
2145 1293 2381 1360 tyranni
2407 1294 2750 1366 appellatio,
2769 1300 2823 1351 et
2843 1295 3116 1368 chlamys
3142 1294 3360 1352 ﬂerens
3384 1296 3593 1354 alienis

1949 1376 2268 1447 coloribus,
2299 1386 2353 1436 et
2393 1380 2454 1437 in
2484 1389 2693 1439 senatu
2717 1383 2868 1440 elate
2896 1383 3057 1455 loqui
3082 1390 3302 1440 etcum
3336 1388 3593 1442 auctori-

1948 1469 2083 1529 tate,
2117 1472 2168 1522 et
2200 1467 2348 1525 deus
2376 1470 2702 1538 inanimus,
2735 1477 2793 1528 et
2811 1471 2925 1529 dea
2952 1489 3093 1529 cum
3116 1487 3189 1529 eo
3218 1473 3594 1541 cohabitans,

1946 1550 2097 1623 lapis
2135 1554 2401 1623 fortasse,
2435 1559 2524 1614 vel
2552 1576 2653 1626 ms,
2694 1559 2943 1616 artiﬁcio
2976 1576 3265 1619 manuum
3286 1562 3590 1628 fabricata,

1947 1641 2161 1697 sedens
2193 1643 2465 1711 fortasse,
2488 1646 2578 1702 vel
2599 1655 2761 1705 stans
2794 1666 2806 1705 :
2840 1648 3005 1721 quod
3026 1649 3074 1704 si
3117 1648 3251 1707 velit
3276 1650 3456 1706 etiam
3496 1665 3593 1706 ar-

241 1736 330 1783 καὶ
387 1730 459 1793 εἰς
510 1736 724 1804 μνήμην
799 1734 1053 1805 ἔρχεσθαι
1102 1736 1274 1803 μόνον,
1332 1736 1421 1783 καὶ
1493 1727 1616 1783 ούδε
1667 1728 1835 1800 ψόγου

1956 1728 2106 1797 lifex,
2129 1731 2351 1804 iacens,
2384 1740 2440 1791 et
2470 1737 2721 1807 patiens,
2753 1742 2857 1792 aut
2883 1737 2945 1792 in
2975 1736 3090 1793 alio
3119 1738 3299 1795 etiam
3339 1752 3591 1794 manens

245 1818 391 1881 ἀξίου
447 1828 630 1891 τυχεῖν
695 1816 976 1892 δυνάμενα,
1033 1820 1114 1871 ἵνα
1160 1822 1226 1872 τά
1274 1819 1499 1872 ἐντεῦθεν
1563 1837 1834 1891 παρασιω-

242 1914 393 1966 πήσω
441 1911 580 1961 κακά
634 1913 725 1967 τήν
775 1917 873 1961 τῶν
923 1907 1204 1980 σεϐομένων
1248 1917 1412 1960 ταῦτα
1457 1907 1648 1978 ψυχῶν
1699 1905 1837 1958 ἀπώο

242 1997 379 2050 λειαν
431 2003 526 2057 τήν
580 1998 931 2070 ἀναμένουσαν
992 1997 1153 2060 αὐτὰς
1222 2004 1312 2049 τοῦ
1383 2001 1542 2068 πυρὸς
1614 2000 1836 2067 γέενναν,

243 2089 302 2138 τὸ
351 2085 616 2159 ἀμύθητον
667 2093 868 2155 σκότος,
918 2090 1006 2139 τὸν
1054 2084 1420 2149 διαιωνίζοντα
1468 2085 1730 2148 σκώληκα,
1781 2088 1839 2137 τὸ

243 2173 612 2247 ἀπαράϐλητον
664 2175 822 2227 έκεῖνο
877 2177 1078 2240 πένθος,
1132 2180 1221 2227 καὶ
1292 2174 1457 2233 ἀληθῆ
1530 2178 1651 2228 Θεὸν
1729 2173 1840 2226 ἀθε-

241 2270 438 2326 τοῦσιν,
489 2263 784 2321 ήπείληται.
816 2268 881 2316 Τί
926 2267 1027 2336 γὰρ
1076 2272 1240 2316 ταῦτα
1290 2267 1421 2335 πρὸς
1467 2267 1559 2322 τήν
1608 2270 1707 2315 τῶν
1757 2263 1842 2314 ού-

241 2360 407 2426 ρανῶν
461 2349 754 2424 βασιλείαν,
809 2351 868 2410 ἣν
917 2358 1023 2413 τοῖς
1073 2353 1347 2422 ἀγαπῶσιν
1400 2351 1554 2403 αὑτὸν
1602 2350 1842 2423 ἐπηγγεί-

242 2440 368 2493 λατο
392 2455 406 2507 ;

319 2703 414 2758 ΙΒ’.
470 2708 604 2778 Πρὸς
664 2712 831 2757 ταῦτα
881 2703 1073 2757 πλείονι
1126 2701 1366 2767 ἐκπλήξει
1417 2702 1622 2774 ληφθεὶς
1668 2704 1840 2753 Διονύ-

247 2812 378 2855 σιος,
418 2796 598 2860 Πόθεν,
629 2798 783 2865 φησὶ,
822 2795 1053 2848 τοσαύτη
1088 2792 1377 2862 εὐπορήσας
1425 2786 1519 2852 τῆς
1548 2790 1842 2863 παρρησίας

243 2884 464 2952 τοιούτῳ
513 2884 636 2952 φέρῃ
690 2881 806 2931 καθ’
858 2881 1002 2949 ἡμῶν
1050 2876 1457 2949 στόματι;”οτι
1502 2875 1759 2946 ἀψευδὴς,
1804 2876 1843 2928 ὧ

243 2972 475 3040 ἡγεμὼν,
508 2970 533 3019 ὀ
580 2966 1009 3037 ἐπαγγειλάμενος
1063 2967 1175 3036 ἔφη·
1220 2963 1378 3015 Ὀταν
1428 2961 1485 3016 δε
1536 2961 1844 3035 παραδῶσιν

1947 1817 2152 1875 habitu
2193 1820 2219 1874 ?
2249 1822 2394 1879 Sunt
2420 1822 2547 1879 haec
2580 1826 2791 1896 turpia,
2826 1824 2877 1880 si
2902 1824 2994 1881 vel
3034 1825 3230 1881 solum
3258 1824 3500 1882 veniant
3531 1826 3591 1882 in

1950 1912 2233 1973 mentem,
2259 1914 2315 1966 et
2330 1926 2463 1982 quae
2478 1928 2586 1968 nec
2602 1914 2743 1969 satis
2758 1912 3004 1985 quidem
3018 1912 3335 1985 vituperari
3364 1913 3595 1985 possint

1949 2010 2058 2067 pro
2087 1998 2327 2063 meritis,
2358 2004 2421 2055 ut
2448 1999 2655 2057 sileam
2688 2001 2844 2057 mala
2877 2016 3013 2073 quae
3039 2000 3179 2057 hinc
3202 2000 3591 2073 proﬁciscun-

1947 2089 2077 2140 tur:
2112 2086 2473 2154 animarum,
2522 2104 2658 2160 quas
2713 2104 2783 2145 ea
2811 2088 3030 2155 colunt,
3054 2088 3357 2145 interitum
3390 2105 3595 2162 ,‘qum-

1949 2188 2052 2228 eas
2078 2182 2301 2241 manet,
2316 2176 2471 2246 ignis
2506 2177 2843 2247 gehennam
2872 2192 2888 2244 ;
2920 2177 3195 2234 tenebras
3222 2193 3359 2249 quae
3397 2176 3597 2233 verbis

1948 2261 2228 2333 explicari
2266 2268 2574 2337 nequeunt
2605 2282 2619 2332 ;
2666 2280 2951 2332 vermem,
2982 2266 3088 2339 qui
3116 2265 3294 2322 durat
3330 2266 3390 2321 in
3428 2268 3595 2321 aster-

1952 2366 2132 2418 num;
2163 2352 2429 2408 dolorem
2454 2353 2623 2410 illum
2647 2353 3176 2424 inconsolabilem;
3200 2358 3256 2409 et
3277 2354 3445 2419 alias,
3463 2368 3595 2424 qua:

1951 2439 2333 2506 intentantur,
2363 2442 2555 2499 minas
2584 2442 2657 2498 iis
2686 2443 2791 2515 qui
2810 2458 3015 2498 verum
3039 2444 3222 2498 Deum
3254 2456 3375 2498 non
3405 2454 3594 2511 agno-

1951 2532 2124 2583 scunt
2151 2533 2207 2583 et
2236 2528 2458 2585 colunt.
2491 2529 2643 2596 Quid
2673 2531 2802 2585 haec
2831 2529 2990 2585 enim
3017 2528 3096 2586 ad
3126 2544 3379 2599 regnum
3408 2528 3593 2585 caelo-

1949 2630 2106 2682 rum,
2138 2617 2303 2689 quod
2328 2618 2489 2673 idem
2522 2616 2793 2688 promisit
2816 2617 2888 2671 iis
2915 2616 3021 2688 qui
3048 2617 3249 2689 ipsum
3296 2615 3595 2685 diligunt?

2024 2705 2135 2759 XII.
2179 2705 2276 2761 His
2314 2704 2505 2773 magis
2552 2703 2998 2777 obstupefactus
3041 2704 3375 2776 Dionysius.
3406 2703 3593 2761 Unde-

1952 2808 2115 2858 nam,
2148 2793 2357 2865 inquit,
2387 2798 2614 2850 tantam
2638 2798 2849 2849 nactus
2876 2791 3182 2861 ﬁduciam,
3223 2799 3278 2848 et
3306 2790 3597 2864 loquendi

1952 2881 2305 2946 libertatem,
2338 2887 2458 2937 tam
2474 2881 2689 2938 audaci
2702 2898 2802 2937 ore
2828 2882 2885 2937 in
2903 2896 3012 2937 nos
3042 2880 3337 2937 inveheris
3366 2880 3394 2935 ?
3424 2880 3598 2946 Quod

1954 2984 2137 3024 verax
2167 2970 2261 3034 sit,
2289 2986 2325 3025 o
2351 2986 2593 3041 praeses,
2623 2972 2671 3025 is
2698 2969 2802 3042 qui
2829 2970 2974 3026 dixit
3003 2988 3017 3026 :
3052 2991 3081 3021 ‹‹
3122 2969 3377 3035 Quando
3394 2972 3596 3026 autem

244 3058 380 3127 ὑμᾶς
464 3053 548 3105 έπὶ
628 3052 865 3126 βασιλεῖς
940 3057 1029 3104 καὶ
1109 3054 1389 3123 ἡγεμόνας,
1446 3055 1517 3123 μή
1599 3055 1845 3124 μεριμνή-

1957 3072 2059 3111 vos
2090 3058 2437 3113 tradiderint
2480 3060 2719 3129 regibus
2748 3064 2805 3113 et
2858 3057 3239 3129 prmsidibus,
3271 3073 3346 3113 ne
3365 3056 3594 3113 solliciti

251 3162 376 3202 σητε
413 3150 542 3209 πῶς,
574 3143 602 3201 ἣ
654 3147 707 3194 τί
752 3140 1029 3199 λαλήσετεο
1064 3136 1348 3197 δοθήσεται
1375 3141 1475 3213 γὰρ
1521 3140 1641 3210 ύμῖν
1680 3141 1841 3211 ἑκείνῃ

245 3240 310 3305 τῇ
362 3233 471 3306 ὥρᾳ
514 3235 682 3303 στόμα
712 3234 804 3282 καὶ
849 3229 1088 3301 σοφία,ᾖ
1135 3227 1194 3280 ού
1244 3224 1564 3285 δυνήσονται
1595 3226 1844 3280 ἀντειπεῖν

245 3322 431 3382 πάντες
489 3320 538 3372 οἱ
596 3317 936 3390 ἀντικείμενοι
991 3319 1133 3388 ὑμῖν.
1192 3315 1307 3369 Ἐπὶ
1364 3319 1563 3379 τούτοις
1617 3318 1845 3378 πνεύσας

246 3412 461 3482 μανικὸν
540 3410 805 3468 Διονύσιος
899 3410 991 3458 καὶ
1086 3401 1267 3467 δεινῶς
1353 3403 1624 3479 ἀγριάνας.
1700 3402 1839 3459 Ἀλλ’

248 3498 350 3570 έγώ
400 3516 513 3562 σου,
574 3499 690 3569 έφη,
748 3500 877 3567 πυρὶ
950 3496 1009 3546 τὸ
1078 3501 1172 3556 τῆς
1245 3492 1482 3565 γλώττης
1530 3495 1698 3568 ῥεῦμα
1756 3493 1844 3556 ξη-

247 3594 387 3659 ρανῶ
409 3605 423 3617 ο
485 3589 575 3638 καὶ
650 3583 840 3637 αὐτίκα
913 3581 1103 3635 κελεύει
1178 3587 1659 3655 πεπυρακτωμένοις
1738 3582 1846 3634 ὀϐε-

248 3674 454 3736 λίσκοις
506 3675 595 3735 τὰς
650 3679 740 3726 τοῦ
794 3673 1054 3746 μάρτυρος
1112 3669 1334 3743 πλευρὰς
1390 3676 1685 3727 κατακαίεν.
1744 3678 1847 3724 Τοῦ

253 3760 314 3817 δε
368 3759 508 3835 μηδε
562 3764 747 3834 μικρὸν
799 3756 1118 3825 ένδιδόντος,
1178 3757 1305 3812 ἀλλά
1360 3764 1448 3813 καὶ
1501 3764 1731 3834 Χριστὸν
1781 3761 1848 3822 εἰς

253 3850 529 3922 ἀντίληψιν
583 3850 857 3910 καλοῦντος
908 3852 966 3900 τὸ
1022 3856 1124 3922 πῦρ
1179 3848 1362 3910 ἐκεῖνος
1403 3850 1496 3902 ούκ
1539 3852 1713 3922 έστεγε
1759 3858 1848 3911 τῆς

253 3945 437 4016 μανίας
465 3961 479 3974 -
536 3938 709 4012 ἀμέλει
780 3942 871 3991 καὶ
928 3936 1061 4010 ξύλῳ
1117 3940 1204 3990 τὸν
1263 3936 1492 3998 ἀθλητὴν
1553 3938 1848 4013 ἀναρτήσας

251 4033 341 4091 τάς
419 4028 739 4089 ὸπτηθείσας
815 4033 924 4088 τοῖς
1013 4025 1302 4089 ὀϐελίσκοις
1377 4027 1601 4102 πλευρὰς
1694 4025 1850 4087 σιδη-

252 4127 363 4194 ροῖς
401 4117 542 4181 ὄνυξι
583 4116 896 4181 καταξαίνει,
947 4120 1056 4182 καὶ,
1106 4112 1258 4181 Ἴδω,
1303 4121 1481 4189 φησιν,
1534 4117 1578 4170 εί
1621 4121 1851 4192 Χριστὸς

255 4211 373 4268 ἣκει
427 4206 709 4280 βοηθήσων
760 4205 921 4276 αύτῷ.
970 4203 1030 4258 Ὀ
1073 4207 1161 4269 μὲν
1205 4201 1292 4257 οὖν
1337 4212 1705 4280 συντονώτερον
1750 4214 1851 4257 τῶν

255 4301 383 4370 πρὸς
431 4300 516 4349 τὸν
561 4299 689 4350 Θεὸν
736 4297 910 4365 εἴχετο
960 4294 1226 4367 ῥημάτων,
1280 4298 1368 4345 καὶ
1424 4296 1497 4346 ἔτι
1553 4294 1741 4365 μᾶλλον
1792 4296 1852 4345 τὸ

256 4390 420 4459 ὄνομα
470 4392 561 4437 τοῦ
623 4385 941 4454 ποθουμένου
1010 4380 1273 4434 ἐπεϐοᾶτο.
1330 4380 1486 4434 Ἀλλά
1557 4386 1660 4452 μήν
1729 4378 1855 4434 οὐδὲ

256 4482 360 4527 τῶν
411 4480 503 4526 τοῦ
554 4474 826 4524 Διονυσίου
880 4468 1053 4540 ἠμέλει
1097 4470 1242 4532 θεῶν,
1296 4466 1402 4519 ἀλλ’
1456 4467 1637 4543 ὕϐριζε
1685 4489 1737 4522 τε
1783 4470 1855 4532 εἰς

260 4562 468 4629 αύτούς,
522 4564 611 4612 καὶ
681 4565 853 4618 κακῶς
934 4556 1092 4627 ἔλεγε,
1144 4560 1234 4608 καὶ
1301 4555 1379 4609 εντ’
1432 4556 1629 4616 ἄλληλα
1692 4567 1857 4612 ταῦτα

259 4654 354 4702 καὶ
410 4655 605 4718 συνεχῆ
666 4648 941 4719 τραύματα
994 4652 1066 4716 τῷ
1112 4645 1326 4716 ἡγεμόνι
1397 4643 1689 4701 ἀντεδίδου,
1746 4655 1858 4702 Aio.

261 4739 444 4798 νύσιος
494 4738 662 4787 τοίνυν
734 4733 918 4807 ἠπόρει
988 4736 1045 4785 τό
1094 4751 1147 4785 τε
1198 4732 1341 4798 ὅλως,
1392 4739 1482 4787 καὶ
1543 4735 1705 4788 πολλά
1755 4744 1859 4798 τοῖς

264 4825 355 4879 ὑπ’
426 4823 580 4876 αύτὸν
653 4827 994 4897 στρατιώταις
1074 4820 1344 4895 ὶμέμφετο,
1404 4832 1669 4898 κρατῆσαι
1735 4832 1859 4898 μιᾶς

265 4919 401 4966 όῦτω
477 4910 712 4984 γλώττης
785 4909 844 4962 ού
928 4907 1247 4982 δυναμένοις.
1303 4910 1557 4965 Ἐντεῦθεν
1626 4912 1710 4967 ini.
1774 4917 1861 4976 τάς

263 5009 356 5057 τοῦ
409 5004 669 5074 μάρτυρος
718 5000 932 5071 παρειὰς
983 5001 1032 5052 οἱ
1081 5002 1265 5071 ὄνυχες
1322 4996 1586 5064 ἐϐάδιζον,
1636 5007 1723 5055 καὶ
1770 5006 1864 5065 τὰς

269 5094 522 5161 σιαγόνας
586 5089 810 5161 ἠρεύνων
883 5092 967 5140 καὶ
1041 5091 1160 5149 τοῦς
1239 5085 1457 5153 ὀδόντας
1532 5089 1819 5165 ἀνώρυττον
1846 5110 1859 5124 ⁸

267 5179 377 5231 ἀλλ’
429 5178 558 5250 ούχὶ
608 5182 696 5231 καὶ
748 5184 1059 5230 κατασείσαι
1104 5180 1188 5229 τὸν
1236 5185 1332 5239 τῆς
1380 5175 1616 5243 διανοίας
1670 5185 1864 5258 πύργον

268 5265 548 5327 ἠδύναντο.
636 5264 762 5321 Εἶτα
860 5273 963 5340 πῦρ
1048 5269 1137 5338 μὲν
1219 5268 1661 5343 ύποστρώννυται,
1744 5291 1869 5325 κατ-

267 5359 450 5428 άγεται
503 5352 563 5411 δε
615 5358 641 5409 ό
699 5363 794 5419 τῆς
849 5352 1111 5416 εὐσεϐείας
1177 5354 1400 5420 ὀπλίπης
1455 5362 1543 5411 καὶ
1597 5366 1705 5422 τοῖς
1776 5366 1868 5434 μεν

350 5550 373 5587 ⁸
415 5551 552 5607 Luc.
582 5564 696 5616 xxi,
735 5552 819 5618 14,
857 5553 945 5608 15.

579 5657 826 5712 Ριτιιοι..
869 5658 970 5715 Gr.
1012 5658 1160 5713 CXV.

1956 3143 2106 3213 sitis,
2134 3145 2278 3215 quid
2318 3145 2647 3216 loquamini
2682 3164 2697 3213 ;
2728 3146 2968 3203 dabitur
3004 3147 3165 3202 enim
3197 3144 3360 3202 vobis
3406 3145 3466 3200 in
3496 3144 3599 3202 illa

1953 3230 2048 3287 die
2073 3247 2141 3287 os
2168 3238 2223 3286 et
2260 3232 2571 3303 sapientia,
2601 3232 2696 3287 cui
2733 3248 2851 3288 non
2879 3239 3158 3304 poterunt
3194 3232 3597 3289 contradicere

1954 3336 2185 3385 omnes,
2216 3320 2321 3392 qui
2372 3320 2538 3375 vobis
2568 3319 2959 3376 adversantur
2983 3322 3026 3371 ⁸.
3072 3322 3309 3390 Propter
3337 3319 3460 3375 hac
3507 3319 3603 3373 fu-

1952 3410 2113 3466 riose
2138 3409 2372 3481 spirans
2399 3408 2726 3479 Dionysius,
2753 3412 2811 3464 et
2828 3406 2999 3463 valde
3028 3406 3306 3462 efferatus
3335 3424 3348 3464 :
3391 3411 3461 3463 At
3488 3421 3600 3475 ego

1953 3500 2163 3572 inquit,
2190 3499 2326 3569 igne
2342 3497 2659 3553 exsiccabo
2678 3497 2896 3566 linguas
2917 3500 3030 3553 ture
3054 3494 3369 3561 ﬂuentum,
3398 3500 3599 3567 etpro-

1955 3588 2115 3644 tinus
2136 3586 2307 3658 jubet
2336 3585 2729 3642 candentibus
2752 3583 3029 3640 obeliscis
3060 3583 3148 3640 uri
3171 3582 3358 3639 latera
3378 3587 3598 3654 marty-

1956 3676 2054 3732 ris.
2084 3676 2163 3731 Eo
2194 3681 2394 3732 autem
2442 3690 2516 3729 ne
2548 3674 2861 3730 minimum
2909 3672 3155 3744 quidem
3184 3671 3450 3739 cedente,
3496 3670 3600 3727 sed

1957 3763 2166 3822 Christi
2197 3763 2482 3820 auxilium
2510 3763 2846 3827 invocante,
2887 3760 3039 3831 ignis
3068 3760 3162 3816 ille
3186 3759 3449 3831 Dionysii
3480 3773 3600 3814 non

1959 3854 2243 3927 repressit
2270 3851 2592 3908 insaniam.
2623 3853 2824 3923 itaque
2840 3865 2979 3906 cum
3005 3848 3165 3920 ligno
3188 3847 3607 3919 suspendisset

1957 3944 2262 4008 athletam,
2300 3940 2485 3997 latera
2521 3938 2801 3995 obeliscis
2838 3942 3039 3995 assata
3079 3937 3283 3993 ferreis
3322 3935 3606 4007 discerpit

1957 4031 2281 4102 unguibus,
2312 4033 2405 4084 et:
2442 4027 2703 4091 Videam,
2735 4026 2947 4098 inquit,
2987 4041 3065 4081 an
3097 4025 3363 4081 Christus
3402 4022 3608 4080 veniat

1958 4136 2137 4191 opem
2190 4117 2292 4172 tibi
2337 4118 2581 4172 laturus.
2639 4119 2821 4185 Atque
2875 4112 2971 4168 ille
3022 4111 3268 4183 quidem
3318 4110 3608 4168 intensius

1961 4209 2147 4263 Deum
2178 4203 2608 4274 alloquebatur,
2644 4207 2699 4256 et
2726 4201 2917 4256 adhuc
2946 4200 3139 4267 magis
3157 4198 3479 4255 invocabat
3504 4214 3608 4255 no-

1962 4308 2101 4350 men
2129 4293 2283 4362 ejus,
2306 4306 2486 4362 quem
2504 4288 2895 4345 desiderabat.
2922 4287 3033 4343 Sed
3056 4302 3166 4342 nec
3195 4288 3337 4343 deos
3360 4286 3609 4359 quidem

1964 4379 2229 4454 Dionysii
2270 4377 2606 4448 negligebat
2637 4394 2651 4444 ;
2678 4376 2842 4448 ipsos
2867 4375 3028 4432 enim
3066 4373 3438 4431 contumeliis
3476 4372 3607 4429 aﬁi-

1963 4471 2156 4527 ciebat
2186 4474 2244 4525 et
2280 4464 2635 4528 maledictis,
2656 4465 2869 4536 hisque
2898 4462 3102 4518 densis
3126 4465 3184 4519 et
3214 4461 3437 4518 crebris
3476 4462 3611 4517 vul-

1966 4559 2206 4617 neribus
2260 4556 2511 4613 vicissim
2544 4553 2856 4610 sauciabat
2900 4551 3245 4624 praesidem.
3299 4550 3614 4622 Dionysius

1965 4654 2166 4706 autem
2192 4652 2320 4703 erat
2334 4644 2537 4701 animo
2555 4642 2725 4699 valde
2750 4641 3090 4713 perplexas,
3109 4646 3166 4696 et
3194 4640 3448 4696 multum
3473 4654 3615 4694 suos

1967 4736 2368 4794 insectabatur
2408 4732 2640 4801 milites,
2673 4731 2837 4803 quod
2866 4746 2985 4785 non
3018 4733 3263 4801 possent
3292 4743 3474 4784 unam
3503 4726 3618 4782 lin-

1970 4843 2151 4897 guam
2183 4823 2438 4879 vincere.
2460 4821 2600 4876 Hinc
2630 4818 3033 4892 procedebant
3064 4831 3292 4886 ungues
3320 4815 3397 4871 ad
3427 4829 3614 4884 genas

1972 4913 2288 4986 martyris:
2340 4918 2396 4966 et
2448 4909 2868 4965 scrutabantur
2938 4904 3232 4973 maxillas,
3281 4910 3335 4959 et
3410 4903 3619 4957 dentes

1972 5002 2354 5065 effodiebant,
2409 4998 2512 5054 sed
2552 5013 2671 5054 non
2717 5000 2989 5068 poterant
3024 4993 3204 5049 etiam
3259 4990 3620 5048 labefactare

1974 5092 2179 5150 turrim
2208 5091 2340 5162 ejus
2362 5087 2564 5145 animi.
2602 5084 2820 5141 Deinde
2842 5082 2995 5151 ignis
3022 5081 3270 5153 quidem
3301 5078 3625 5134 substerni-

1977 5188 2092 5248 tur,
2127 5179 2438 5235 deducitur
2469 5182 2667 5233 autem
2722 5173 2889 5228 miles
2930 5170 3162 5241 pietatis
3204 5186 3218 5224 :
3271 5174 3330 5224 et
3373 5167 3626 5239 pedibus

1979 5271 2223 5344 quidem
2249 5269 2309 5323 in
2339 5268 2475 5336 igne
2509 5260 2856 5332 ingreditur,
2887 5263 3067 5329 caput
3107 5273 3246 5313 vero
3276 5263 3332 5313 et
3370 5254 3629 5312 barbam

1984 5375 2168 5417 manu
2206 5355 2487 5413 tenebant
2514 5351 2772 5415 lictores,
2821 5352 2879 5403 et
2919 5345 3072 5419 pilos
3127 5344 3419 5402 vellebant
3467 5358 3632 5400 acer-

3287 5643 3356 5698 24
