4142 6278
539 293 645 351 ’747

1849 280 2111 342 MENSIS
2149 268 2596 332 SEPTEMBEH.

3785 268 3884 324 748

537 419 806 475 bissime.
840 421 998 475 Tunc
1030 421 1255 489 martyr
1285 415 1597 472 videbatur
1623 412 1866 485 quidem
1897 416 2053 465 stare
2084 422 2182 461 su-

2292 403 2416 451 ποσὶ
2460 406 2551 450 τοῦ
2597 400 2765 469 πυρός
2815 394 3083 457 ἐπιϐαίνει,
3117 411 3210 450 την
3259 389 3483 462 κεφαλὴν
3535 386 3595 443 δὲ
3639 386 3734 442 διὰ
3777 412 3885 463 χει-

538 523 652 578 pra
680 523 872 570 rosas,
895 512 1077 577 caput
1099 522 1236 561 vero
1252 510 1373 561 tam
1404 504 1630 576 placide
1650 500 1976 576 praebebat,
2002 511 2183 569 quam

540 595 644 667 qui
664 600 1003 657 coronatur,
1021 592 1365 661 etharbam,
1388 608 1572 663 quam
1594 591 1687 646 cui
1705 588 2183 661 supplicabatur:

539 688 597 739 et
633 682 987 753 experientia
1002 680 1245 752 quidem
1276 679 1604 736 sustinebat
1630 678 1964 752 praesentia,
1984 673 2187 730 animo

542 773 745 827 autem
767 773 894 825 erat
921 774 1168 841 paratus
1198 769 1486 824 adversus
1505 768 1710 824 omnia
1739 765 2049 838 supplicia.
2074 760 2185 818 Sed

540 857 635 913 ille
661 856 904 929 quidem
947 872 1157 912 rursus
1185 856 1501 927 conjicitur
1531 855 1593 913 in
1619 869 1937 913 carcerem.

612 1030 750 1086 XIII.
784 1032 910 1085 Non
941 1027 1127 1084 multo
1166 1034 1365 1084 autem
1397 1027 1701 1100 interjecto
1731 1032 2018 1096 tempore,
2050 1036 2186 1078 cum

542 1118 617 1174 de
661 1133 732 1173 eo
762 1132 1003 1189 quoque
1035 1131 1203 1188 spem
1252 1116 1573 1189 abjecisset
1614 1115 1948 1187 Dionysius,
1980 1110 2190 1168 transit

542 1222 748 1261 rursus
790 1206 865 1261 ad
908 1204 1320 1276 'l‘rophimum.
1372 1205 1519 1260 Eum
1549 1205 1705 1259 enim
1746 1218 1882 1272 spes
1924 1201 2186 1265 fallebat,

540 1294 798 1350 fortasse
850 1293 1015 1348 illum
1064 1308 1190 1349 esse
1255 1293 1719 1354 lucrifacturum,
1779 1307 1957 1363 quem
2024 1290 2189 1361 prius

542 1383 734 1452 magis
763 1381 1137 1437 multaverat.
1170 1384 1316 1438 Cum
1338 1398 1475 1437 eum
1504 1396 1646 1453 ergo
1672 1397 1702 1435 e
1730 1394 1963 1436 carcere
1990 1393 2191 1433 curas-

542 1476 631 1527 set
660 1471 1114 1543 producendum
1147 1485 1160 1525 :
1197 1470 1252 1527 Si
1279 1486 1387 1526 nec
1415 1474 1670 1534 tantum,
1705 1468 1914 1542 inquit,
1955 1473 2190 1539 tempus

541 1559 939 1625 relaxationis,
986 1564 1049 1615 ut
1090 1559 1336 1615 muteris
1375 1566 1428 1613 et
1456 1558 1840 1626 converteris,
1872 1555 2186 1629 persuasit,

542 1654 596 1705 te
638 1649 885 1705 omnino
923 1647 1303 1717 castigabunt
1351 1648 1576 1713 bestiae,
1628 1649 1730 1719 qui
1786 1662 1851 1702 es
1905 1645 2189 1717 prmditus

2290 491 2379 557 ρός
2431 490 2479 538 οἱ
2525 484 2711 557 δήμιοι
2757 491 2846 536 καὶ
2893 488 2978 536 τόν
3026 488 3249 553 πώγωνα
3300 482 3466 552 εἶχον,
3517 484 3607 531 καὶ
3656 482 3743 540 τὰς
3786 489 3882 553 τρί-

2292 594 2399 646 χας
2447 581 2734 645 πικρότατα
2792 573 3003 629 ἔτιλλον.
3055 572 3113 623 Ὀ
3168 568 3227 625 δὲ
3268 574 3490 641 μάρτυς,
3547 569 3755 622 ἑστάναι

2294 666 2356 722 ὡς
2403 662 2486 715 ἐπὶ
2526 659 2663 736 ῥόδα
2711 659 2916 715 ἐδόκει·
2963 666 3058 720 τήν
3103 660 3323 733 κεφαλήν
3379 656 3436 711 δὲ
3485 660 3571 710 οἶα
3620 664 3883 730 στεφανούο

2294 770 2459 823 μενος,
2507 757 2596 803 καὶ
2644 756 2728 804 τόν
2782 758 3007 823 πώγωνα
3062 752 3233 821 ὧσπερ
3287 748 3705 819 λιτανευόμενος⁶
3761 749 3885 799 οὕτω

2293 844 2466 911 πράως
2566 849 2808 915 παρεῖχε,
2892 846 2977 893 καὶ
3082 846 3234 910 πεῖρα
3315 840 3404 909 μεν
3496 840 3563 889 τὰ
3663 842 3887 907 παρόντα

2296 930 2570 1001 ὑφίστατο,
2599 939 2688 983 καὶ
2719 927 2868 991 αὖθις
2894 927 3144 1001 λαμϐάνει
3173 931 3231 979 τὸ
3260 923 3644 1001 δεσμωτήριον.

2368 1018 2465 1071 ΙΓ’.
2510 1020 2584 1071 Ού
2643 1024 2838 1091 συχνόν
2889 1016 2948 1071 δε
2994 1021 3050 1070 τό
3096 1015 3309 1089 μεταξὺ,
3342 1020 3432 1067 καὶ
3479 1018 3662 1067 τούτου
3716 1017 3889 1066 Διονύ-

2298 1126 2410 1169 σιος
2466 1107 2742 1178 ἀπογνούς,
2805 1106 2887 1159 ἐπὶ
2958 1112 3045 1159 τόν
3102 1111 3361 1179 Τρόφιμον
3426 1102 3719 1176 μεταϐαίνει
3791 1106 3884 1154 πά-

2294 1196 2390 1247 λιν’
2421 1197 2596 1254 ἠπάτα
2649 1199 2745 1269 γάρ
2789 1216 2868 1256 τις
2911 1196 3066 1248 αὑτὸν
3117 1194 3272 1259 ἐλπὶς,
3307 1196 3385 1246 ὅτι
3431 1192 3526 1245 κᾶν
3564 1196 3688 1254 ἴσως
3740 1192 3889 1244 αὑτὸν

2295 1282 2542 1358 κερδάνῃ,
2601 1285 2654 1336 ὃν
2700 1285 2889 1357 μᾶλλον
2946 1290 3004 1338 τό
3075 1289 3319 1359 πρότερον
3390 1282 3670 1354 ἐζημίωτο.
3722 1289 3889 1353 Παρα-

2300 1376 2624 1446 στησάμενος
2667 1380 2839 1426 τοίνυν
2886 1374 2985 1427 ἀπό
3034 1382 3126 1427 τοῦ
3169 1370 3531 1445 δεσμωτηρίου
3569 1376 3654 1424 τόν
3702 1368 3887 1443 ἄνδρα,

2297 1463 2357 1516 Εἰ
2408 1468 2479 1535 μὴ
2558 1465 2582 1515 ό
2640 1468 2887 1524 τοσοῦτός
2957 1482 3014 1515 σε
3088 1471 3180 1524 τῆς
3237 1461 3449 1521 ἀνέσεως
3503 1466 3715 1535 χρόνος,
3781 1462 3886 1531 ἔφη,

2298 1551 2598 1624 μεταϐαλεῖν
2657 1557 2747 1604 καὶ
2805 1552 3105 1623 σκέψασθαι
3169 1555 3226 1603 τό
3282 1548 3398 1603 δέον
3475 1548 3779 1623 προέτρεψε,
3832 1552 3891 1600 τὰ

2300 1644 2458 1715 θηρία
2507 1660 2564 1694 σε
2614 1647 2924 1717 σωφρονίσει
2970 1644 3189 1704 πάντως,
3227 1643 3316 1691 τὸν
3358 1638 3496 1711 λόγῳ
3537 1643 3889 1710 τετιμημένον,

540 1738 789 1802 ratione,
838 1741 895 1792 et
935 1743 986 1792 te
1026 1736 1224 1791 multis
1256 1737 1595 1808 exemplum
1640 1736 1871 1799 facient,
1924 1739 1989 1788 ut
2017 1750 2087 1789 ex
2121 1749 2182 1789 eo

2299 1735 2387 1782 καὶ
2438 1726 2735 1801 ὑπόδειγμα
2793 1734 3011 1789 θήσεται
3066 1738 3175 1791 τοῖς
3230 1728 3453 1791 πολλοῖς,
3507 1730 3637 1780 ὥστε
3686 1727 3779 1800 ἀφ’
3832 1727 3892 1777 ὧν

538 1825 705 1897 quod
735 1826 817 1879 sis
845 1830 1110 1880 extrema
1140 1841 1447 1896 passurus,
1491 1823 1618 1879 aliis
1652 1839 1936 1894 magnum
1960 1823 2182 1878 lucrum

2299 1820 2455 1880 αὑτὸς
2506 1822 2572 1871 τὰ
2632 1822 2839 1891 ἔσχατα
2892 1824 3071 1890 πείσῃ,
3132 1819 3318 1891 ἑτέροις
3392 1817 3633 1889 πρόξενον
3679 1813 3895 1889 κέρδους

539 1914 834 1970 concilies.
867 1917 1080 1985 Martyr
1107 1918 1306 1970 autem
1340 1930 1354 1968 :
1387 1913 1549 1969 [dem
1579 1928 1689 1982 ego
1720 1913 1825 1968 tibi
1859 1928 2019 1968 nunc
2058 1928 2182 1967 sum

2298 1908 2487 1961 πολλοῦ
2536 1917 2880 1967 καταστῆναι.
2943 1913 3042 1961 Καὶ
3092 1910 3116 1959 ό
3179 1910 3398 1980 μάρτυςο
3448 1905 3507 1958 Ὀ
3574 1905 3735 1967 αὑτός
3803 1904 3895 1976 ἐγώ

538 2002 915 2074 Trophimus,
958 2002 1168 2075 inquit,
1209 2004 1329 2057 imo
1382 2018 1525 2058 vero
1562 2018 1653 2068 eo,
1694 2001 1858 2073 quod
1918 2001 2182 2056 interces-

2301 2016 2383 2050 σοι
2436 2002 2522 2049 καὶ
2591 2006 2679 2049 νῦν
2734 2002 2996 2071 Τρόφιμος
3054 1997 3178 2069 εἰμι,
3231 1998 3344 2068 ἔφη,
3402 1994 3588 2067 μᾶλλον
3659 1998 3756 2066 μὲν
3814 1991 3894 2046 οὖν

541 2091 619 2146 sit
658 2097 924 2163 tempore
968 2090 1211 2147 eﬁectus
1254 2107 1389 2146 sum
1420 2090 1595 2159 longe
1626 2092 1685 2145 in
1717 2094 1933 2162 pietate
1963 2089 2182 2144 ferven-

2298 2091 2385 2138 καὶ
2446 2088 2749 2159 θερμότερος
2806 2085 2974 2156 πολλῷ
3034 2091 3151 2157 περὶ
3207 2089 3300 2142 τὴν
3374 2082 3610 2136 ἀσέϐειαν
3667 2091 3745 2152 τῷ
3818 2102 3894 2155 με·

539 2179 672 2243 tior,
703 2185 763 2235 ut
792 2180 891 2250 qui
926 2195 1197 2235 seorsum
1227 2178 1386 2251 apud
1424 2195 1520 2235 me
1550 2178 1786 2245 fuerim,
1813 2184 1871 2234 et
1908 2191 2190 2249 quaenam

541 2267 653 2322 sim
706 2272 1095 2340 percepturus
1143 2268 1306 2324 bona
1351 2269 1769 2340 reputaverim.
1821 2267 2003 2338 Perge
2050 2280 2192 2336 ergo

538 2355 733 2412 facere
757 2356 1053 2428 quidquid
1082 2356 1276 2428 placet
1308 2372 1485 2423 ;nam
1518 2370 1630 2425 ego
1660 2356 1905 2429 quidem
1942 2355 2192 2410 libenter

539 2444 713 2500 velim
743 2454 886 2500 esse'
920 2444 1191 2516 exemplo
1222 2445 1292 2500 iis
1329 2444 1435 2516 qui
1486 2460 1579 2501 me
1617 2449 1755 2500 sunt
1796 2443 2187 2507 consecuturi,

541 2537 604 2588 ut
643 2533 694 2588 si
726 2549 818 2589 me
839 2535 1194 2605 aspexerint,
1242 2534 1429 2590 simile
1469 2534 1821 2606 martyrium
1860 2548 1981 2589 non
2021 2533 2193 2588 dese-

540 2627 696 2676 rant.
764 2621 914 2686 Quid
954 2622 1240 2693 deinceps
1285 2623 1313 2676 ?
1366 2625 1581 2693 Martyr
1642 2638 1849 2677 rursus
1920 2622 1978 2677 in
2024 2620 2190 2690 ligno

542 2708 953 2781 suspenditur,
981 2716 1038 2765 et
1062 2709 1141 2765 ab
1173 2709 1392 2765 ultimis
1419 2711 1687 2781 corporis
1718 2709 1987 2781 partibus
2031 2715 2189 2765 totus

539 2795 889 2868 discerpitur
919 2798 1218 2869 unguibus
1251 2812 1266 2863 ;
1294 2803 1353 2853 et
1384 2797 1780 2853 candentibus
1810 2797 2091 2853 obeliscis
2138 2798 2190 2854 ei

539 2890 827 2939 eruuntur
859 2884 1013 2940 oculi
1045 2901 1060 2950 ;
1092 2890 1149 2940 et
1175 2883 1345 2941 omni
1384 2901 1457 2940 ex
1492 2890 1659 2956 parte
1684 2885 1979 2940 continuae
2009 2884 2061 2940 ei
2091 2886 2193 2941 ad-

540 2977 855 3028 moventur
902 2971 1213 3043 machinaa,
1265 2978 1329 3029 ut
1372 2972 1693 3040 videretur,
1751 2989 1825 3029 an
1882 2974 2191 3046 multiplici

538 3059 829 3133 supplicio
871 3068 1269 3133 superaretur,
1311 3066 1365 3117 et
1413 3061 1640 3133 aliquid
1662 3063 1735 3118 de
1775 3078 1887 3118 sua
1932 3064 2182 3120 remitte-

2302 3080 2432 3123 σεως
2484 3066 2651 3121 ἥττων
2695 3067 2905 3133 γένηται
2948 3063 3063 3115 καθ’
3120 3064 3219 3136 ὑφῇ
3275 3071 3370 3125 τῆς
3414 3063 3715 3126 ἐνστάσεως.
3764 3064 3886 3117 Ἀλλ’

538 3154 626 3205 ret
680 3151 1031 3205 constantia.
1068 3150 1180 3206 Sed
1211 3149 1305 3205 ille
1338 3165 1352 3207 :
1381 3151 1507 3219 Ago
1553 3150 1653 3205 tibi
1684 3151 1924 3220 gratias,
1971 3151 2182 3207 Christe

2300 3151 2393 3203 οὑκ
2452 3150 2653 3215 ἐκεῖνος,
2725 3151 2831 3203 ἀλλ’
2905 3152 3222 3224 Εὐχαριστῶ
3293 3171 3397 3219 σοι,
3459 3158 3652 3224 Χριστε
3706 3161 3878 3227 Σῶτερ,

539 3237 834 3301 Salvator,
875 3238 1132 3308 dicebat,
1176 3240 1337 3309 quod
1363 3238 1468 3294 tibi
1500 3238 1807 3310 placuerit,
1842 3245 1905 3294 ut
1950 3255 2061 3310 ego
2101 3257 2182 3295 εει

2298 3240 2481 3310 ἔλεγεν,
2542 3241 2620 3291 ὅτι
2678 3242 2806 3310 μετὰ
2876 3249 3060 3312 πρῶτα
3130 3242 3434 3293 καταθῡσὰι
3496 3249 3582 3293 τοῦ
3647 3247 3881 3313 σώματος

538 3325 862 3382 criﬂearem
881 3326 1078 3399 prima
1101 3328 1374 3383 membra
1396 3327 1511 3382 mei
1530 3329 1816 3398 corporis,
1843 3333 1899 3383 et
1914 3327 2182 3384 offerrem

2298 3327 2447 3397 μέλη,
2502 3333 2591 3379 καὶ
2671 3327 2921 3401 ἀπαρχὰς
3004 3338 3095 3389 τῆς
3177 3329 3296 3391 ὅλης
3378 3348 3463 3382 σοι
3537 3337 3882 3403 προσενεγκεῖν

2298 2173 2425 2236 ταξύ
2473 2178 2663 2245 γέγονα
2728 2180 2922 2246 χρόνῳ,
2982 2171 3225 2227 κατιδίαν
3277 2172 3325 2224 ἒν
3396 2171 3600 2244 ἐμαυτῷ
3653 2177 3891 2243 γεγονὼς,

2296 2267 2386 2314 καὶ
2443 2262 2510 2313 ὧν
2569 2260 2961 2315 ἀπολαύσεσθαι
3010 2263 3174 2334 μέλλω
3226 2261 3675 2334 ἀναλογισάμενος.
3732 2268 3895 2335 Χὼριι

2296 2359 2572 2425 τοιγαροῦν
2603 2355 2732 2424 πρὸς
2764 2353 2789 2403 ὅ
2830 2371 2881 2403 τι
2923 2357 3012 2404 καὶ
3044 2350 3219 2420 βούλει
3245 2373 3256 2385 ο
3291 2354 3359 2412 ως
3402 2354 3563 2421 ἔγωγε
3608 2349 3893 2422 βουλοίμην

2298 2438 2357 2491 ἂν
2427 2436 2595 2500 ἡδέως
2696 2436 2994 2511 ὑπόδειγμα
3085 2442 3324 2511 γενέσθαι
3416 2446 3524 2501 τοὶς
3600 2439 3713 2511 μετ’
3794 2439 3890 2510 ἐμὲ,

2298 2530 2451 2593 ὅπως,
2498 2528 2540 2580 εἰ
2583 2531 2708 2603 πρός
2755 2527 2840 2599 ἐμὲ
2890 2527 3124 2601 βλέποιεν
3172 2532 3242 2600 μὴ
3301 2535 3393 2589 τῆς
3440 2531 3562 2589 ἰσῆς
3606 2533 3891 2602 μαρτυρίας

2299 2617 2663 2690 ἀπολειφθῶσι.
2717 2622 2780 2670 Τί
2832 2622 2891 2670 τὸ
2946 2618 3208 2685 ἐντεῦθεν;
3260 2617 3343 2670 ἐπὶ
3406 2617 3553 2679 ξύλον
3601 2624 3687 2669 καὶ
3746 2618 3891 2670 πάλιν

2296 2709 2322 2758 ό
2356 2705 2580 2766 ἀθλητής
2620 2706 2925 2779 ἀναρτᾶται,
2957 2712 3044 2759 καὶ
3094 2707 3235 2769 ὄνυξι
3280 2706 3570 2771 ξαίνεσθαι,
3604 2704 3718 2759 εἶτα
3766 2707 3889 2759 ἐκεῖ·

2301 2798 2380 2848 θεν
2431 2800 2730 2867 κατάγεται,
2785 2801 2875 2847 καὶ
2953 2800 3070 2857 τοὺς
3138 2796 3434 2869 ὀφθαλμούς
3504 2802 3890 2870 πεπυρωμένους

2298 2884 2599 2945 ὀϐελίσκους
2697 2884 3018 2950 ἐκκόπτεται,
3120 2890 3210 2937 καὶ
3313 2892 3551 2957 συνεχεῖς
3650 2885 3888 2957 ἐπήγοντο

2298 2979 2558 3046 μηχαναὶ,
2619 2977 2864 3027 πάντοθεν
2924 2978 2968 3026 εἴ
3018 2994 3123 3035 πως
3174 2984 3246 3045 τῷ
3295 2972 3562 3027 πολυειδεῖ
3611 2984 3699 3036 τῆς
3754 2976 3887 3027 κολά-

537 3414 642 3470 tibi
682 3415 973 3486 primitias
1016 3416 1194 3471 totius
1226 3414 1520 3483 sacriﬁcii,
1545 3416 1650 3487 qui
1686 3432 1781 3471 me
1809 3422 1995 3471 totum
2023 3431 2183 3471 eram

538 3502 980 3559 sacriﬁcaturus
1010 3519 1119 3574 pro
1143 3508 1216 3568 te,
1252 3510 1308 3560 et
1338 3510 1441 3559 tuo
1472 3504 1731 3573 glorioso
1761 3505 2018 3559 nomine.
2053 3505 2185 3562 Hmc

535 3590 699 3656 dixit,
733 3591 879 3646 dum
909 3591 962 3647 ei
1000 3601 1343 3648 eruerentur
1371 3591 1544 3649 oculi.
1596 3594 1662 3647 Et
1700 3608 1906 3648 rursus
1936 3592 2184 3650 traditus

539 3678 642 3733 fuit
669 3679 729 3733 in
756 3679 1111 3735 custodiam.

606 3767 736 3821 XIV.
809 3766 981 3821 Brevi
1035 3767 1342 3837 interjecto
1404 3774 1690 3838 tempore,
1748 3784 1987 3840 praeses,
2044 3770 2184 3827 dato

537 3854 728 3923 signo,
754 3859 811 3909 et
854 3852 1339 3925 frequentissimo
1397 3862 1757 3925 congregato
1816 3857 2066 3926 theatro,
2123 3860 2184 3914 in

536 3942 768 3996 excelsa
798 3941 936 3996 sede
972 3941 1244 4012 praesidet
1278 3943 1407 4015 ipse
1446 3943 1724 4014 princeps
1780 3949 2096 4015 spectator,
2127 3952 2185 4002 et

537 4045 673 4085 cum
727 4030 1112 4101 Trophimum
1153 4036 1210 4087 et
1248 4032 1749 4103 Dorymedontem
1807 4033 1865 4088 in
1915 4034 2182 4090 medium

538 4118 936 4190 produxisset,
960 4120 1220 4190 primum
1247 4119 1493 4192 quidem
1524 4121 1583 4176 in
1614 4137 1717 4177 eos
1742 4122 1950 4178 emittit
1982 4139 2182 4181 ursam

537 4206 696 4263 fame
711 4208 872 4278 prius
895 4208 1082 4262 valide
1098 4208 1165 4263 de
1188 4209 1482 4265 industria
1503 4216 1817 4266 armatam.
1838 4212 1938 4268 llla
1958 4218 2181 4280 autem,

536 4296 727 4351 donec
741 4296 976 4367 quidem
988 4297 1535 4370 appropinquasset
1548 4300 2180 4371 martyribus,etcursu,

535 4390 588 4439 et
602 4384 687 4440 ira
700 4384 896 4439 etaliis
911 4385 1033 4440 fera
1046 4392 1167 4441 erat
1182 4388 2179 4462 etursaimmanissima.Postquam
2212 4420 2255 4473 Ι)

535 4478 732 4528 autem
764 4486 947 4542 prope
981 4473 1237 4528 venisset
1275 4473 1454 4528 oblita
1477 4480 1568 4529 est
1592 4481 1837 4540 naturae,
1881 4481 1936 4531 et
1981 4478 2176 4545 famis,

533 4564 590 4615 et
630 4574 698 4614 os
746 4559 833 4613 eis
883 4559 1136 4630 prabuit
1163 4559 1470 4632 placidum
1500 4566 1557 4615 et
1587 4568 1988 4629 mansuetum,
2020 4570 2077 4620 et
2106 4582 2178 4622 ex

531 4646 819 4703 diametro
850 4662 1192 4719 repugnans
1222 4647 1432 4704 feritati
1465 4650 1738 4720 praesidis
1772 4672 1783 4703 :
1814 4657 1870 4706 et
1903 4652 2033 4723 ejus
2073 4668 2179 4709 au-

529 4752 656 4792 rem
684 4741 965 4807 tangente
997 4736 1452 4809 Dorymedonte,
1482 4742 1540 4793 et
1569 4738 1651 4793 sic
1680 4754 1811 4794 eam
1844 4741 1920 4796 ad
1962 4757 2023 4796 se
2054 4758 2173 4797 mo-

527 4830 720 4892 vente,
749 4825 850 4883 illa
878 4826 1123 4898 quidem
1144 4842 1281 4882 eum
1314 4826 1710 4883 reverebatur.
1733 4832 1950 4886 Prasses
1973 4835 2173 4887 autem

526 4913 667 4970 feris
694 4915 979 4970 omnibus
1010 4915 1320 4984 agrestior,
1367 4914 1573 4970 dicens
1603 4932 1806 4973 ursam
1839 4919 2014 4974 nimis
2044 4934 2171 4974 esse

525 5012 901 5061 mansuetam
934 5009 990 5058 et
1027 5003 1380 5068 humanam,
1418 5004 1478 5058 in
1504 5019 1603 5058 eos
1649 5006 1843 5062 emisit
1889 5008 2168 5079 pardum.

522 5090 657 5161 Ipse
705 5100 905 5149 autem
954 5092 1110 5147 illius
1139 5106 1382 5163 quoque
1422 5092 1617 5162 arguit
1644 5094 2068 5165 crudelitatem,
2115 5104 2171 5155 et

523 5193 659 5233 ursa
709 5196 850 5236 usus
898 5187 979 5236 est
1039 5180 1342 5252 magistra.
1403 5180 1532 5236 Non
1583 5182 1741 5237 enim
1790 5182 2170 5255 impudenter

520 5265 737 5331 insiliit,
788 5283 910 5322 non
968 5270 1150 5323 torvis
1205 5269 1437 5341 aspexit
1487 5270 1693 5336 oculis,
1750 5272 1857 5326 sed
1903 5272 2168 5342 lingebat

519 5362 726 5408 eorum
782 5354 976 5420 tibias,
1021 5360 1078 5409 et
1122 5356 1499 5428 abstergebat
1538 5360 1788 5426 saniem,
1839 5365 1895 5415 et
1932 5376 2053 5433 praa
2104 5379 2164 5420 se

515 5438 740 5496 ferebat
783 5456 845 5493 se
867 5457 964 5494 eos
1004 5442 1316 5512 honorare,
1372 5452 1426 5501 et
1456 5447 1513 5501 in
1545 5448 1711 5503 omni
1740 5448 1960 5505 habere
2007 5466 2167 5506 reve-

519 5526 731 5583 rentia.
764 5530 899 5582 Hec
927 5529 1318 5589 circumstans
1341 5533 1585 5606 quidem
1617 5537 1877 5609 p0pulus
1910 5540 2167 5597 admira-

2301 3417 2487 3477 θυσίας
2544 3412 2860 3481 εὐδόκησας,
2906 3416 3019 3469 ὅλον
3059 3420 3336 3471 καταθύειν
3382 3418 3602 3489 ἐμαυτόν
3649 3418 3886 3491 μθλοντα

2296 3505 2421 3574 ὑπὲρ
2496 3511 2610 3568 σοῦ,
2666 3509 2755 3556 καὶ
2813 3512 2903 3556 τοῦ
2980 3514 3076 3558 σοῦ
3132 3503 3341 3570 ἐνδόξου
3392 3508 3658 3578 ὀνόματος,
3714 3516 3884 3561 Ταῦτα

2293 3596 2412 3653 τοὺς
2458 3591 2750 3664 ὀφθαλμοὺς
2793 3592 3161 3667 ἐκκοπτόμενος
3211 3595 3370 3667 ἔλεγε,
3428 3601 3517 3648 καὶ
3564 3604 3628 3669 τῇ
3690 3597 3878 3669 φυλακῇ

2294 3680 2445 3733 πάλιν
2478 3677 2704 3734 ἐδίδοτο.

2368 3769 2461 3823 1Δ’.
2499 3773 2702 3842 Βραχὺς
2724 3769 2947 3841 ἀσχολεῖ
2966 3774 3055 3823 τόν
3079 3773 3307 3843 ἡγεμόνα
3338 3778 3544 3847 χρόνος,
3568 3780 3661 3827 καὶ
3687 3778 3744 3827 τὸ
3772 3778 3876 3827 σύν-

2295 3860 2437 3929 θημα
2467 3854 2604 3921 δοὺς,
2640 3864 2728 3911 καὶ
2754 3856 3025 3931 πάνδημον
3059 3859 3433 3934 ἆθροισάμενος
3477 3865 3690 3937 θέατρον
3736 3864 3873 3936 ἀρχι-

2297 3950 2483 4021 θεωρὸς
2531 3948 2685 4008 αὐτὸς
2725 3948 2800 4020 ἐφ’
2830 3948 3034 4019 ὑψηλοῦ
3082 3952 3393 4022 προκαθίξει
3438 3960 3529 4005 τοῦ
3562 3955 3763 4027 θρόνου,
3793 3958 3868 4005 καὶ

2293 4042 2550 4109 Τρόφιμον
2603 4036 2673 4097 εἰς
2723 4042 2880 4108 μέσον
2935 4044 3024 4089 καὶ
3098 4037 3458 4112 Δορυμέδοντα
3511 4046 3636 4103 τοὺς
3686 4046 3862 4114 μάρτυ-

2293 4143 2386 4197 ρας
2444 4129 2778 4198 παραγαγὼν,
2832 4133 3014 4196 πρῶτα
3068 4129 3158 4198 μεν
3242 4129 3453 4201 ἄρκτον,
3506 4129 3641 4201 λιμῷ
3707 4136 3849 4200 ποοτε-

2291 4231 2378 4287 ρον
2422 4211 2474 4263 ἐκ
2526 4217 2769 4283 προνοίας
2822 4213 3052 4286 ἰσχυρῶς
3108 4215 3467 4284 ὁπλισθεῖσαν,
3527 4217 3699 4290 ἀφίησι
3747 4214 3844 4265 κατ’

2293 4301 2478 4353 αὐτῶν.
2531 4299 2591 4352 Ἠ»
2640 4297 2718 4361 δὲ,
2762 4306 2927 4374 μέχρι
2978 4306 3067 4374 μὲν
3112 4312 3201 4356 τοῦ
3252 4305 3549 4362 πλησιάσαι
3602 4313 3698 4366 τοῖς

2291 4409 2431 4449 τυσι,
2465 4398 2536 4460 τῷ
2581 4408 2633 4441 τε
2686 4386 2883 4464 δρόμῳ,
2930 4397 3018 4443 καὶ
3061 4400 3132 4462 τῷ
3184 4394 3348 4464 θυμῷ,
3388 4399 3477 4446 καὶ
3528 4403 3637 4456 τοῖς
3686 4394 3866 4466 ἁλμασι

2293 4480 2467 4549 θηρίον
2522 4475 2599 4538 ἦν,
2658 4484 2747 4530 καὶ
2799 4481 2994 4551 ἄρκτος
3044 4484 3101 4531 τό
3172 4481 3568 4553 χαλεπώτατον.
3635 4486 3773 4537 Ἐπεὶ
3818 4478 3871 4533 δί

2286 4566 2506 4623 πλησίον
2578 4567 2734 4631 ἔλθοι,
2789 4572 2877 4619 καὶ
2951 4571 3150 4639 φύσεως
3220 4568 3511 4635 ἐπελάθετο,
3564 4576 3656 4624 καὶ
3708 4572 3871 4643 λιμοῦ,

2288 4660 2373 4706 καὶ
2416 4659 2473 4706 τό
2529 4660 2699 4727 στόμα
2744 4659 2948 4717 τούτοις
2993 4660 3179 4731 ἦμερον
3218 4668 3459 4731 παρεῖχε·
3492 4666 3580 4712 καὶ
3611 4663 3667 4713 ἑκ
3699 4659 3880 4731 διαμέ-

2286 4748 2408 4814 τρόυ
2457 4747 2585 4817 πρὸς
2638 4748 2731 4801 τὴν
2784 4743 3072 4816 ἀγριότητα
3124 4754 3219 4806 τῆς
3273 4756 3365 4799 τοῦ
3415 4751 3661 4819 ἡγεμόνος
3714 4749 3881 4820 γλωτ-

2284 4851 2380 4894 της
2433 4832 2794 4903 ἀντικείμενον,
2852 4838 2943 4884 καὶ
3006 4841 3096 4885 τοῦ
3174 4834 3302 4897 ὠτός
3374 4836 3533 4896 αὐτῆς
3590 4837 3887 4910 ἁπτομένου

2283 4929 2374 4972 τοῦ
2423 4918 2819 4993 Δορυμέδοντος,
2852 4927 2942 4974 καὶ
2994 4925 3156 4995 ταύτῃ
3203 4924 3320 4975 καθ’
3369 4924 3552 4976 ἑαυτοῦ
3596 4935 3889 4989 κινούντος,

2284 5007 2541 5061 εὐλαϐεῖτο
2593 5009 2780 5081 μᾶλλον
2839 5009 3025 5076 ἐκείνη,
3085 5015 3171 5063 καὶ
3218 5019 3317 5062 τῶν
3368 5009 3544 5065 ποδῶν
3602 5014 3897 5085 προκυλιν-

2284 5094 2493 5149 δεῖσθαι
2523 5096 2716 5153 ἧθελεν.
2751 5098 2809 5150 Εἰ
2858 5094 2917 5150 δὲ
2960 5105 3048 5150 καὶ
3095 5103 3153 5150 τό
3198 5096 3289 5161 οὖς
3334 5100 3530 5154 ἕλκοντι
3577 5105 3894 5174 παράσχοι,

2282 5185 2475 5238 ἁπαλόν
2530 5186 2655 5238 αὐτὸ
2705 5195 2927 5259 παρεῖχε
2973 5192 3062 5239 καὶ
3102 5194 3284 5260 πρᾶον.
3339 5188 3399 5241 Ὀ
3448 5194 3626 5261 μέντοι
3689 5194 3898 5265 θηρίων

2279 5274 2512 5327 ἁπάντων
2566 5274 2886 5349 ἀγριώτατος
2932 5278 3158 5348 ἡγεμὼν,
3212 5281 3471 5351 χειροήθη
3527 5284 3621 5337 τήν
3689 5282 3900 5354 ἄρκτον

2277 5368 2368 5416 καὶ
2419 5363 2895 5438 φιλανθρωποτέραν
2948 5365 3119 5429 εἰπὼν,
3170 5363 3428 5438 πάρδαλιν
3483 5367 3665 5428 αὐτοῖς
3730 5373 3902 5441 ἐπαφ-

2276 5461 2414 5511 ῆκεν.
2474 5451 2530 5504 Ἠ
2584 5449 2641 5504 δι
2712 5458 2801 5510 τήν
2875 5452 3065 5505 ἐκείνου
3122 5473 3175 5506 τε
3245 5460 3332 5506 καὶ
3412 5455 3542 5513 αὐτή
3632 5456 3907 5527 ὠμότητα

2278 5539 2475 5611 ἤλεγξε,
2531 5545 2619 5593 καὶ
2678 5538 2987 5613 διδασκάλῳ
3039 5550 3099 5614 τῇ
3150 5544 3322 5617 ἄρκτῳ
3370 5544 3585 5618 ἐχρῆτο».
3640 5546 3729 5597 Ou'
