4142 6278
255 310 360 365 749

1597 315 1766 371 VITA
1808 311 1869 368 S.
1913 308 2281 376 MATTH/EI.

3514 334 3620 391 750

254 429 476 493 ἀναιδῶς
571 431 808 504 ἕφὴλατο,
889 433 982 486 ούκ
1081 436 1261 509 ἄγριον
1337 437 1490 501 εἶδεν,
1569 440 1696 493 ἀλλὰ
1771 438 1853 489 καί

1974 436 2169 506 batur,
2201 450 2257 499 et
2294 446 2778 506 lnﬂammabatur
2814 446 2891 506 ad
2931 450 3230 523 pietatem.
3273 454 3384 521 Qui
3414 462 3617 515 autem

256 520 542 594 περιέλειχε
625 524 691 572 τὰ
774 521 918 585 ἕλκη,
988 528 1077 574 καὶ
1153 524 1417 596 ἀπέματτε
1488 534 1608 590 τοὺς
1664 528 1866 599 ἰχῶρας

254 616 344 663 καὶ
394 607 528 668 δήλη
581 606 642 667 ἦν
695 613 911 673 τούτους
950 620 1177 682 τιμῶσα,
1212 619 1292 665 καὶ
1327 612 1421 667 διά
1448 620 1621 677 πάσης
1662 612 1860 678 αἰδοῦς,

258 702 514 771 τιθεμένη.
575 706 753 751 Ταῦτα
821 700 846 751 ό
918 704 1009 771 μὲν
1076 708 1359 776 περιεστὼς
1439 702 1611 777 δῆμος
1690 708 1864 775 θαῦμα

257 788 476 841 έποιείτο
522 793 612 840 καὶ
679 784 1095 861 διεθερμαίνοντο
1164 796 1293 865 πρὸς
1363 793 1640 847 εύσέϐειαν.
1692 793 1749 847 Ὀ
1804 790 1863 847 δὲ

254 881 312 929 τό
368 878 576 951 θέατρον
636 873 839 939 διαθεὶς
886 881 1168 942 Διονύσιος,
1223 879 1458 935 ἐλάνθανε
1505 884 1622 935 καθ’
1674 882 1860 935 ἑαυτοῦ

255 969 372 1025 τούς
427 970 686 1037 παρόντας
739 966 1078 1038 συνειλοχὼς,
1138 975 1227 1021 καὶ
1285 978 1374 1031 τῆς
1425 972 1616 1033 οἰκείας
1669 972 1857 1044 μᾶλλον

256 1054 520 1125 αἰσχύνης
579 1056 821 1127 θεωροὺς,
882 1056 942 1107 ού
993 1062 1087 1117 τῆς
1134 1066 1233 1108 τῶν
1303 1063 1579 1132 μαρτύρων
1633 1058 1859 1131 ἀγωνίας

256 1142 500 1208 καλέσας,
550 1141 625 1213 ἔφ’
670 1144 742 1203 οἷς
791 1143 981 1214 μᾶλλον
1029 1145 1187 1207 αύτὸς
1231 1145 1556 1220 έξεθηριοῡτο
1585 1167 1597 1181 ’
1650 1155 1740 1200 καὶ
1785 1156 1855 1218 τῷ

257 1240 359 1283 τῶν
429 1234 619 1305 θηρίων
689 1232 967 1305 έπιμελητῇ
1026 1232 1318 1304 βαρύτατον
1390 1238 1610 1289 θανάτου
1669 1244 1857 1309 τρόπον

258 1320 479 1378 ἠπείλει.
530 1320 589 1372 Ὀ
641 1319 700 1373 δε
750 1319 948 1386 δείσας,
980 1328 1068 1376 καὶ
1116 1323 1294 1376 λέοντα
1344 1329 1478 1378 κατά
1519 1336 1615 1378 τῶν
1661 1329 1858 1398 μαρτύ-

256 1426 360 1480 ρων
408 1408 655 1481 ἀφίησιν·
693 1410 800 1461 ἀλλ’
831 1408 953 1464 οὐδὲ
983 1408 1127 1475 οὗτος
1175 1423 1274 1465 τῶν
1320 1417 1625 1486 φθασάντων
1666 1417 1857 1489 θηρίων

258 1498 425 1555 ἥττων
482 1496 637 1569 έφάνη
693 1503 819 1573 πρὸς
872 1502 1188 1572 ἡμερότητα.
1243 1502 1548 1556 Τούναντίον
1607 1506 1697 1574 μεν
1747 1499 1854 1568 οὖν,

255 1589 343 1637 καὶ
399 1592 630 1656 γενναῖόν
685 1607 736 1639 τι
791 1592 925 1640 κατὰ
974 1597 1066 1641 τοῦ
1116 1590 1453 1663 λεοντοκόμου
1524 1588 1845 1654 ἕπεδείξατο.

269 1681 312 1726 Ο
363 1678 452 1745 μεν
502 1678 603 1748 γὰρ
656 1676 826 1748 ἠρέμα
876 1682 1123 1751 πρόσεισι
1179 1687 1285 1739 τοῖς
1334 1680 1521 1749 ἁγίοις,
1569 1685 1659 1732 καὶ
1714 1682 1855 1732 κάτω

1975 525 2268 588 theatrum
2300 544 2572 607 coegerat
2603 539 2938 609 Dionysius,
2970 554 3090 595 non
3116 542 3617 603 animadverterat

1974 630 2039 671 se
2070 631 2171 674 eos
2200 623 2301 693 qui
2331 625 2596 691 aderant,
2620 631 2829 683 contra
2868 643 2929 681 se
2959 642 3352 698 congregasse
3383 650 3396 689 :
3434 640 3491 689 et
3522 635 3616 690 sui

1973 706 2171 774 potius
2249 709 2559 770 dedecoris
2644 720 3019 786 spectatores,
3048 732 3233 788 quam
3275 721 3615 777 certaminis

1972 800 2303 868 martyrum
2354 816 2741 859 convocasse.
2791 806 3027 875 Propter
3085 821 3220 876 quas
3260 806 3390 878 ipse
3421 810 3613 880 magis

1970 880 2348 955 eﬁ‘erabatur,
2380 894 2436 946 et
2465 889 2539 956 ei,
2580 891 2684 963 qui
2736 907 2939 948 curam
2989 891 3233 961 gerebat
3264 894 3612 963 bestiarum,

1969 978 2219 1030 mortem
2253 976 2595 1034 minabatur
2619 980 3057 1049 gravissimam.
3074 981 3172 1037 Ille
3192 985 3614 1042 autemtimore

1967 1057 2234 1129 affectus,
2265 1063 2499 1122 leonem
2529 1083 2773 1140 quoque
2794 1067 3041 1124 immisit
3069 1068 3129 1123 in
3161 1078 3469 1142 martyres.
3499 1073 3614 1129 Sed

1967 1161 2075 1202 nec
2113 1148 2162 1203 is
2192 1151 2297 1207 fuit
2349 1154 2546 1209 minus
2577 1156 2868 1227 placidus,
2909 1171 3094 1228 quam
3133 1160 3360 1228 priores
3386 1159 3611 1217 bestia.

1967 1232 2187 1293 Contra
2217 1245 2417 1296 autem
2466 1258 2591 1298 rem
2626 1243 2758 1299 fecit
2812 1244 3160 1315 praeclaram
3200 1245 3260 1300 in
3310 1262 3470 1314 eum,
3510 1250 3615 1321 qui

1965 1323 2119 1379 illius
2149 1342 2307 1382 curas
2365 1335 2634 1399 praeerat.
2693 1334 2839 1386 Nam
2871 1331 2965 1387 ille
2994 1331 3242 1404 quidem
3276 1334 3517 1401 sensim,
3559 1343 3615 1393 et

1966 1420 2147 1486 caput
2177 1415 2457 1473 deorsum
2514 1418 2830 1487 inclinans,
2891 1421 3119 1477 accedit
3149 1422 3224 1477 ad
3260 1428 3513 1480 sanctos.
3562 1423 3615 1480 is

1966 1509 2167 1559 autem
2197 1503 2394 1575 ipsum
2427 1505 2696 1563 irritabat
2724 1508 3316 1578 acriterexclamans,
3336 1515 3393 1566 et
3407 1511 3615 1568 exhor-

1967 1590 2204 1647 tabatur
2215 1592 2289 1648 ad
2299 1609 2501 1649 versus
2523 1602 2784 1651 sanctos.
2800 1596 2915 1652 Leo
2934 1602 3132 1653 autem
3147 1598 3206 1654 in
3220 1614 3358 1654 eum
3372 1604 3614 1671 repente

1964 1678 2253 1746 insiliens,
2285 1681 2506 1738 lacerat
2552 1687 2611 1739 et
2639 1684 2923 1757 discerpit
2969 1687 3259 1758 protinus.
3303 1684 3476 1743 Omni
3506 1686 3617 1745 ila-

256 1767 414 1815 νεύων
468 1768 561 1823 τὴν
614 1765 855 1835 κεφαλὴν,
907 1763 1031 1819 ούδε
1086 1767 1402 1821 ἀντιϐλέπειν
1460 1769 1633 1829 αὐτοῖς
1681 1766 1844 1841 εἶχεν.

1964 1783 2081 1841 que
2113 1786 2216 1840 spe
2246 1769 2497 1842 abjecta,
2523 1773 2841 1845 Dionysius
2874 1790 2977 1829 eos
3010 1774 3386 1840 condemnat,
3410 1783 3469 1831 ut
3492 1776 3614 1848 gla-

254 1848 315 1902 Ὀ
366 1848 443 1915 δε,
490 1852 759 1925 ἀνηρέθιζε
807 1862 986 1907 τοῦτον
1034 1854 1126 1917 ὀξὺ
1174 1854 1389 1927 έμϐοῶν,
1434 1862 1524 1909 καὶ
1570 1859 1705 1909 κατά
1756 1866 1854 1909 τῶν

259 1937 420 2010 ἀγίων
477 1940 799 1995 ένεκελεύετο.
856 1942 1056 2015 Ἀμέλει
1109 1950 1195 1996 καὶ
1265 1944 1449 2017 ἀθρόον
1520 1942 1854 2007 ἐπιπηδήσας

257 2029 283 2079 ό
337 2028 461 2081 λέων
517 2031 657 2102 αύτῷ
727 2040 1060 2108 παραχρῆμα
1125 2030 1507 2105 διασπαράττει
1591 2034 1854 2087 ’.ἁπάντων

255 2121 423 2168 τοίνυν
505 2118 758 2191 ἀπογνούς
831 2125 1117 2189 Διονύσιος,
1196 2126 1283 2174 τὸν
1358 2119 1450 2174 διά
1535 2122 1712 2194 ξίφους
1763 2123 1854 2174 αύ-

256 2214 357 2257 τῶν
434 2209 649 2260 θάνατον
732 2215 1051 2283 κατακρίνει,
1111 2216 1198 2263 καὶ
1264 2211 1454 2264 κελεύει
1531 2213 1677 2283 θυμῷ
1748 2218 1857 2272 τοῖς

257 2291 472 2366 δημίοις
514 2300 571 2347 τὸ
619 2295 837 2349 στάδιον
885 2296 1333 2366 εἰσπηδήσαντας,
1370 2303 1456 2361 τὰς
1486 2309 1585 2352 τῶν
1613 2305 1857 2371 ’γενναίων

253 2392 422 2455 τεμεῖν
468 2384 719 2457 κεφαλάς·
760 2384 854 2458 ἦγε
904 2390 993 2459 μὲν
1048 2384 1135 2439 οὖν
1180 2387 1357 2446 ένοίτην
1411 2394 1527 2440 τότε
1574 2393 1704 2458 πρός
1752 2396 1857 2449 τοῖς

253 2467 383 2524 δέκα
454 2473 807 2547 Σεπτέμϐριος,
868 2480 958 2527 καὶ
1017 2477 1065 2527 οἱ
1140 2483 1230 2527 τοῦ
1305 2481 1536 2548 Χριστοῦ
1596 2479 1857 2548 μάρτυρες

251 2560 386 2613 οὕτω
430 2569 523 2614 τοῦ
574 2559 646 2615 δι’
698 2563 851 2615 αὐτόν
898 2563 1075 2626 τέλους
1122 2565 1475 2635 ἐπιτυχόντες,
1525 2566 1617 2624 τὰς
1662 2564 1854 2615 έαυτῶν

252 2648 440 2722 ψυχὰς
489 2658 600 2712 ταῖς
652 2650 843 2705 έκείνου
902 2658 1062 2725 χερσὶ
1113 2654 1503 2727 παρατίθενται.
1552 2654 1630 2705 Τά
1680 2656 1853 2723 μέντοι

255 2743 555 2813 μαρτυρικά
603 2743 793 2792 τούτων
848 2747 1086 2811 σώματα,
1138 2737 1345 2812 σπουδῇ
1406 2740 1564 2812 πολλῇ
1622 2737 1714 2793 διὰ
1766 2744 1852 2792 τόν

253 2834 348 2880 τοῦ
396 2830 641 2898 ἡγεμόνος
694 2828 866 2899 φόϐον,
918 2837 1017 2879 τῶν
1076 2828 1298 2880 εὐλαϐὼν
1356 2847 1483 2887 τινες
1543 2827 1849 2898 ἀνελόμενοι,

1963 1857 2063 1912 dio
2088 1858 2171 1913 eis
2199 1875 2360 1915 mors
2389 1859 2697 1916 aﬂeratur:
2718 1866 2773 1918 et
2802 1861 2888 1917 ira
2918 1863 3196 1933 percitus,
3214 1862 3385 1933 jubet
3419 1866 3613 1921 carni-

1962 1946 2202 2013 ﬁcibus,
2236 1954 2295 2003 ut
2322 1951 2718 2021 irrumpentes
2750 1949 2810 2005 in
2843 1950 3126 2018 stadium,
3189 1951 3610 2024 praclarorum

1964 2040 2298 2107 martyrum
2327 2039 2525 2109 capita
2581 2044 2982 2110 amputarent.
3038 2042 3197 2096 Tunc
3242 2044 3444 2096 autem
3489 2045 3617 2097 erat

1964 2140 2158 2181 nonus
2188 2125 2459 2181 decimus
2512 2126 2901 2198 Septembris.
2950 2130 3013 2184 Et
3071 2128 3278 2184 Christi
3318 2137 3614 2202 martyres

1966 2213 2420 2285 propteripsum
2449 2214 2606 2271 hunc
2634 2214 2818 2271 ﬁnem
2845 2216 3195 2281 assecuti,in
3217 2215 3371 2272 illius
3394 2232 3612 2273 manus

1967 2317 2109 2357 suas
2139 2303 2508 2359 tradiderunt
2535 2303 2793 2360 animas.
2827 2304 3139 2377 Martyrica
3177 2311 3376 2361 autem
3403 2320 3611 2363 eorum

1965 2404 2218 2461 corpora
2247 2406 2384 2446 cum
2423 2406 2646 2462 magno
2695 2391 2913 2458 studio,
2947 2391 3173 2448 occulte
3221 2396 3426 2448 tamen
3470 2404 3612 2465 pro-

1965 2482 2095 2548 pter
2136 2482 2357 2534 metum
2407 2479 2700 2551 praesidis,
2759 2479 3011 2552 quidam
3077 2479 3157 2552 pii
3213 2480 3609 2549 sustulissent,

1966 2569 2020 2619 et
2074 2580 2146 2619 ea
2196 2565 2522 2622 honoriﬁce
2596 2568 3101 2639 composuissent,
3184 2568 3610 2640 deposuerunt,

1963 2651 2360 2723 gloriﬁcantes
2396 2654 2643 2719 Patrem,
2695 2660 2749 2710 et
2783 2654 3010 2721 Filium,
3041 2658 3098 2711 et
3150 2654 3431 2727 Spiritum
3478 2666 3613 2713 san-

1963 2747 2147 2805 ctum,
2188 2753 2348 2797 nunc
2380 2747 2435 2797 et
2479 2755 2734 2814 semper,
2782 2746 2838 2799 et
2873 2742 2935 2798 in
2965 2742 3185 2800 saecula
3233 2744 3608 2801 saeculorum.

1965 2830 2179 2885 Amen.

254 2921 348 2967 καὶ
378 2915 657 2987 φιλοτίμως
686 2916 819 2967 αύτά
861 2916 1288 2987 περιστείλαντες,
1323 2915 1372 2966 ἐν
1422 2913 1702 2987 ἀποκρύφῳ
1750 2918 2092 2969 κατατιθέασι
2113 2934 2126 2947 ·
2163 2913 2470 2982 δοξάζοντες
2518 2923 2741 2995 Πατέρα,
2772 2924 2863 2973 καὶ
2905 2921 3045 2988 Υἱόν,
3077 2925 3167 2974 καί
3199 2927 3407 2994 Πνεῦμα
3436 2920 3607 2994 ἅγιον,

256 3012 348 3055 νὺν
368 3007 459 3055 καὶ
490 3001 588 3067 ἀεὶ,
617 3008 705 3055 καὶ
734 3004 804 3066 εἰς
836 3007 955 3064 τοὺς
985 3003 1174 3064 αἰῶνας
1200 3012 1299 3054 τῶν
1325 3002 1538 3057 αἰώνων.
1574 3003 1761 3074 Ἀμήν.

274 3153 3595 3187 W

271 3168 381 3180 *η

867 3269 1063 3390 DE
1173 3267 1279 3389 S.
1410 3263 2159 3435 MATTH/EO
2281 3267 3020 3392 APOSTOLO

1399 3531 1531 3617 ET
1644 3526 2417 3641 EVANGELISTA,

1032 3720 1185 3785 (Acta
1212 3718 1531 3769 Sanctorum
1554 3715 1794 3768 Bolland.
1826 3715 1894 3767 ad
1929 3715 2074 3767 diem
2107 3717 2163 3765 21
2190 3712 2535 3781 Septembris.
2565 3715 2696 3764 tom.
2724 3712 2831 3771 VI.)

245 4089 277 4163 §
294 4092 334 4145 Ι.
358 4089 643 4149 Memoria
659 4092 869 4150 Sancti
883 4095 944 4148 in
956 4091 1147 4148 Fastis
1160 4090 1467 4163 variarum
1482 4086 1746 4163 gentium
1764 4085 1847 4163 ἀί-

325 4164 505 4219 versis
522 4164 719 4221 diebus
748 4163 1293 4222 annuntiatazacta
1321 4156 1503 4229 plura
1519 4159 1752 4227 aliaque
1777 4156 1850 4212 de

321 4242 528 4291 sancto
547 4242 922 4293 monumento
952 4238 1403 4290 enumerantur.

323 4330 375 4384 1.
394 4332 892 4406 Quandoquidem
908 4347 981 4403 pa
992 4345 1104 4386 uca
1114 4329 1189 4384 de
1202 4328 1385 4395 gestis
1402 4326 1588 4380 sancti
1602 4321 1847 4378 Mattheei

243 4420 507 4489 apostoli
538 4426 594 4476 et
627 4420 1001 4491 evangelista
1023 4418 1333 4486 comperta
1354 4416 1491 4467 sunt
1521 4416 1577 4466 et
1607 4409 1851 4466 indubi-

241 4511 396 4571 tata,
420 4523 673 4580 eamque
695 4510 774 4564 ob
795 4522 1039 4563 causam
1063 4504 1233 4576 plura
1256 4501 1329 4556 de
1354 4515 1425 4555 eo
1446 4497 1849 4555 examinanda

241 4593 515 4659 veniunt,
540 4611 725 4667 quam
752 4594 1087 4666 simpliciter
1109 4589 1476 4654 enarranda;
1498 4601 1847 4643 enumerare

244 4679 499 4754 primum
515 4683 702 4754 placet
713 4684 1032 4740 vetustiora
1044 4677 1455 4751 Martyrologia
1466 4677 1704 4749 ,quibus
1717 4691 1849 4730 san-

242 4770 331 4827 cti
356 4773 643 4829 memoria
665 4773 875 4843 legitur
899 4770 1122 4826 inserta
1140 4791 1151 4832 ;
1172 4774 1227 4824 et
1248 4783 1383 4823 mox
1403 4782 1521 4822 non
1546 4764 1730 4821 modo
1759 4780 1850 4819 as-

241 4860 620 4930 signare,sed
634 4862 810 4916 etiam
826 4865 1127 4932 utcunque
1145 4857 1476 4929 ponderare
1487 4854 1849 4909 documenta

237 4950 440 5014 varia,
472 4966 539 5006 ex
580 4950 799 5023 quibus
829 4955 995 5020 gesta
1018 4946 1206 5003 sancti
1237 4944 1492 5001 Matthtei
1519 4942 1849 4999 haurienda

236 5044 410 5096 sunt.
421 5038 677 5095 Ecclesia
692 5039 897 5094 Latina
910 5042 1185 5092 sanctum
1199 5034 1531 5091 Matthaaum
1549 5033 1847 5103 pracipue

233 5127 511 5187 celebrat
529 5127 624 5182 die
642 5131 702 5182 2t
736 5125 1249 5198 Septembris,quo
1266 5122 1544 5177 omnibus
1569 5119 1685 5175 fere
1707 5121 1848 5175 Mar-

234 5215 562 5292 tyrologiis
574 5223 627 5271 et
646 5214 1013 5272 Kalendariis
1032 5210 1251 5267 Latinis
1273 5209 1561 5265 memoria
1573 5207 1846 5279 ejusdem

233 5310 477 5364 inserta
498 5309 604 5360 est.
640 5307 755 5360 Hac
787 5302 945 5358 enim
978 5301 1072 5356 die
1098 5299 1311 5369 legitur
1331 5299 1389 5352 in
1423 5295 1846 5368 Martyrologiis

1886 4057 1928 4115 C
1957 4057 2139 4117 dariis
2168 4056 2462 4130 plerisque
2499 4058 2947 4131 particularium
2979 4058 3387 4124 ecclesiarum,
3413 4074 3483 4116 ac
3503 4061 3605 4118 de-

1960 4162 2127 4200 mum
2168 4145 2227 4199 in
2256 4147 2528 4201 Romano
2558 4147 2970 4217 Martyrologio
3012 4150 3067 4202 et
3099 4147 3413 4211 Breviario,
3446 4154 3501 4204 et
3538 4149 3601 4206 in

1958 4232 2238 4289 omnibus
2286 4232 2519 4303 passim
2561 4234 3011 4289 recentioribus.
3048 4234 3250 4303 Elogia
3297 4234 3393 4290 hic
3440 4235 3603 4294 nulla

1958 4319 2164 4384 aﬂ‘ero,
2196 4319 2341 4391 quia
2370 4320 2493 4374 suis
2540 4319 2773 4390 singula
2803 4320 3136 4392 producam
3164 4321 3330 4386 locis,
3363 4322 3463 4379 ubi
3495 4340 3600 4380 ex—

1958 4407 2163 4481 pedire
2192 4406 2488 4463 videbitur
2518 4408 2593 4463 ad
2624 4407 3135 4481 praedicationem,
3199 4416 3472 4479 mortem,
3503 4423 3603 4469 aut

1956 4498 2074 4555 alia
2100 4498 2176 4554 ad
2203 4503 2474 4554 sanctum
2505 4499 2831 4570 spectantia
2860 4497 3304 4556 elucidandum.
3330 4503 3604 4574 Martyro-

1956 4586 2129 4657 logiis
2183 4589 2479 4641 consonat
2506 4585 2655 4642 liber
2692 4588 3212 4643 Sacramentorum
3252 4604 3289 4645 a
3317 4590 3602 4647 Menardo

1956 4676 2165 4740 editus,
2206 4679 2263 4729 et
2292 4675 2347 4729 S.
2392 4673 2671 4744 Gregorio
2710 4675 3046 4740 attributus,
3080 4675 3139 4731 in
3182 4688 3304 4749 quo
3335 4679 3411 4734 ad
3442 4680 3601 4735 hunc

1957 4764 2115 4819 diem
2169 4763 2382 4831 legitur
2429 4763 2600 4819 Missa
2629 4762 2703 4817 de
2731 4768 2941 4819 sancto
2994 4764 3283 4831 Matthmo,
3316 4772 3371 4820 et
3410 4768 3599 4837 pridie

1959 4856 2198 4908 notatur
2219 4850 2431 4922 vigilia,
2454 4850 2973 4922 quemadmodum
2989 4851 3261 4920 ejusdem
3276 4853 3477 4925 vigilia
3496 4871 3601 4913 an-

1958 4940 2266 4996 nuntiatur
2321 4938 2380 4993 in
2441 4938 2637 4995 multis
2690 4939 3059 4995 Kalendariis
3096 4945 3153 4996 et
3180 4942 3602 5014 Martyrologiis

1957 5027 2404 5085 recentioribus.

2024 5122 2078 5173 2.
2121 5115 2664 5172 Celebraturtamen
2696 5115 2825 5172 aliis
2854 5130 3091 5189 quoque
3120 5115 3327 5171 diebus
3356 5125 3599 5178 sanctus

1957 5205 2259 5262 Matthmus
2290 5205 2349 5260 in
2384 5204 2613 5276 aliquot
2652 5204 3076 5275 Martyrologiis
3105 5205 3331 5261 Latinis.
3370 5209 3517 5265 Nam
3538 5209 3598 5267 in

1959 5294 2432 5366 Hieronymianis
2460 5294 2638 5347 etiam
2670 5290 2881 5360 legitur
2906 5293 2983 5347 ad
3014 5294 3039 5347 1
3075 5292 3227 5360 Maii,
3260 5309 3499 5352 rursum
3521 5299 3599 5354 ad

236 5393 750 5465 Hieronymianis,
786 5394 846 5447 in
884 5392 1151 5447 Romano
1182 5388 1391 5450 Parvo,
1415 5386 1570 5456 apud
1604 5385 1841 5450 Bedam,
1879 5401 1925 5457 ῃ
1953 5384 1989 5438 6
2021 5383 2175 5448 Maii,
2208 5388 2263 5438 et
2307 5381 2385 5435 ad
2431 5384 2463 5436 9
2496 5379 2783 5436 Octobris.
2819 5380 2881 5435 in
2914 5379 3136 5453 aliquot
3166 5382 3344 5439 etiam
3375 5384 3600 5442 codici-

234 5482 511 5547 Florum,
576 5481 911 5549 Rabanum,
988 5475 1507 5543 Wandelbertum,
1554 5473 1840 5537 Adonem,

219 5562 615 5642 Usuardum,
642 5570 988 5635 Notherum,
1019 5566 1081 5624 in
1113 5561 1534 5637 Martyrologiis
1554 5566 1611 5618 et
1632 5560 1843 5618 Kalen-

1954 5472 2088 5539 bus,
2115 5470 2384 5526 videlicet
2409 5470 2465 5524 in
2494 5468 2926 5540 Epternacensi,
2957 5469 3314 5537 Corbeiensi,
3349 5472 3599 5545 aliisque

1955 5559 2143 5618 sancti
2172 5557 2418 5617 Matthtei
2441 5556 2509 5615 ﬁt
2530 5556 2752 5615 mentio
2782 5555 2861 5615 ad
2880 5561 2943 5616 2t
2975 5557 3128 5625 Maii,
3156 5558 3260 5616 ubi
3286 5559 3446 5632 apud
3474 5560 3602 5619 Flo-
