4142 6278
522 324 624 378 751

1847 303 2100 361 MENSIS
2142 299 2590 360 SEPTEMBER.

3824 307 3922 361 752

521 444 843 502 rentinium
873 441 1087 515 legitur
1115 437 1356 495 Mathiav
1390 453 1403 502 ;
1437 451 1544 491 nec
1582 436 1774 506 potest
1804 434 1960 485 certo
1993 425 2161 488 edici,
2193 425 2236 478 A
2274 426 2655 515 mandarunt,
2711 427 2768 481 in
2827 425 3090 515 plurimis
3141 430 3374 480 exstant
3425 426 3729 482 codicibus
3757 445 3922 496 mss.,

523 542 656 591 utra
673 533 847 592 lectio
873 529 1154 597 sitmagis
1187 526 1616 595 genuina,cum
1644 538 1716 577 ne
1747 520 2006 575 sciamus
2039 515 2164 586 qui-

523 623 682 686 dem,
703 637 823 693 qua
850 619 923 673 de
955 633 1139 672 causa
1169 616 1352 670 sancti
1378 611 1622 669 Matthaei
1641 608 1926 665 memoria
1947 607 2006 658 in
2040 602 2166 658 aliis

526 710 712 766 Fastis
744 709 906 763 toties
944 705 1117 760 fuerit
1171 702 1435 774 repetita.
1483 699 1778 770 Suspicari
1827 709 2164 768 possumus,

523 799 745 871 priores
772 794 1038 866 corporis
1075 791 1510 854 translationes,
1540 794 1818 858 ortasque
1847 783 1984 871 inde
2015 780 2170 835 festi-

523 870 727 940 vitates
777 881 1118 950 designari;
1162 879 1264 933 sed
1310 894 1418 933 nec
1467 877 1539 931 de
1591 881 1855 945 tempore
1909 870 2169 941 priorum

524 973 975 1030 translationum
991 969 1130 1024 satis
1144 972 1394 1031 constat,
1433 981 1540 1020 nec
1570 964 1644 1019 de
1669 960 1966 1032 designari
1983 961 2172 1026 potest

523 1079 590 1118 ea
618 1061 942 1125 translatio,
977 1074 1099 1130 qua
1126 1057 1312 1111 sancti
1352 1070 1568 1124 corpus
1595 1053 1950 1119 acceperunt
1980 1046 2172 1100 Saler-

523 1153 730 1214 nitani,
773 1166 910 1204 cum
938 1148 1065 1202 haec
1097 1145 1347 1200 laudatis
1403 1137 1836 1212 Martyrologiis
1881 1136 2058 1204 longe
2100 1133 2175 1186 sit

524 1241 834 1311 posterior.
892 1241 1162 1291 Attamen
1217 1231 1588 1288 Salernitana
1644 1226 1946 1282 translatio
1979 1236 2175 1275 recen-

525 1327 772 1384 tioribus
816 1324 1003 1380 Fastis
1056 1323 1274 1376 inserta
1305 1323 1413 1374 est.
1464 1318 1526 1371 ln
1582 1332 1691 1370 ms.
1732 1311 1992 1367 Florario
2043 1324 2176 1362 san-

525 1422 755 1473 ctorum
781 1431 849 1470 ea
882 1414 1385 1467 commemoratur
1415 1406 1490 1462 ad
1516 1404 1582 1459 28
1613 1402 1842 1474 Aprilis,
1899 1405 1958 1453 ut
1988 1397 2068 1451 ibi
2096 1396 2177 1453 di.

525 1511 686 1562 ctum
717 1509 804 1558 est
835 1504 893 1556 in
945 1497 1380 1554 Praetermissis.
1429 1495 1492 1549 In
1533 1488 1941 1561 Hagenovensi
1972 1485 2175 1542 codice

525 1591 841 1649 Usuardini
891 1586 1285 1658 Martyrologii
1335 1584 1543 1639 eadem
1595 1578 1897 1636 translatio
1939 1590 2175 1630 annun-

527 1683 704 1737 tiatur
735 1680 808 1734 ad
840 1683 869 1733 6
891 1678 1035 1742 Maii,
1064 1672 1581 1746 quemadmodum
1615 1673 1672 1723 et
1724 1669 1781 1722 in
1802 1665 2004 1721 codice
2031 1663 2177 1718 Vati-

2275 512 2465 586 iisque
2510 515 2677 569 valde
2710 513 2968 584 antiquis
3002 532 3017 583 ;
3055 529 3174 568 non
3209 521 3407 568 tamen
3443 513 3655 570 eodem
3689 533 3924 585 prorsus

2279 607 2458 656 modo
2486 603 2544 656 in
2577 603 2877 656 omnibus.
2918 602 3218 656 Habemus
3251 619 3360 656 nos
3393 620 3464 657 ea
3497 604 3554 656 in
3591 610 3818 674 septem
3849 606 3925 660 di-

2277 690 2458 744 versis
2514 691 2838 758 codicibus,
2889 707 3148 762 quorum
3207 692 3554 746 vetustiores
3606 693 3824 748 saeculo
3880 711 3926 750 tx

2278 779 2553 833 videntur
2583 781 2920 850 conscripti.
2968 777 3197 834 Contuli
3240 780 3476 834 codices
3510 780 3673 844 istos,
3711 787 3776 836 ut
3805 799 3926 839 exa-

2281 869 2570 923 minarem
2603 884 2677 923 an
2703 869 3004 940 praecipua
3035 868 3190 932 vitia,
3220 869 3435 940 quibus
3461 870 3606 924 Acta
3635 870 3921 936 laborant,

2281 957 2652 1026 reperiantur
2683 958 2738 1011 iu
2771 937 3077 1012 .omnibus
3115 973 3128 1021 ;
3164 973 3268 1012 nec
3300 956 3484 1012 ullum
3517 960 3710 1014 inveni
3739 976 3810 1012 ex
3841 976 3924 1015 co—

2282 1045 2511 1100 dicibus
2561 1050 2797 1109 nostris,
2831 1047 2889 1100 in
2931 1063 3050 1117 quo
3107 1063 3213 1100 non
3269 1046 3546 1115 legantur
3609 1049 3745 1102 vitia
3801 1065 3927 1104 mox

2285 1135 2693 1202 memoranda,
2722 1151 2856 1206 quae
2882 1136 3146 1190 similiter
3176 1135 3452 1204 leguntur
3477 1137 3536 1190 in
3561 1139 3923 1208 apographo,

2283 1224 2444 1291 quod
2476 1223 2772 1278 habemus
2815 1241 2881 1277 ex
2931 1224 3133 1279 codice
3173 1223 3569 1294 Ultrajectino,
3620 1233 3676 1279 et
3718 1227 3780 1280 in
3811 1226 3926 1280 aliis

2286 1309 2576 1380 pluribus,
2622 1311 2981 1383 quibuscum
3029 1313 3446 1384 apographum
3479 1313 3637 1368 istud
3668 1314 3812 1369 olim
3852 1320 3929 1369 est

2285 1398 2586 1454 collatum.
2619 1407 2832 1456 Auctor
2859 1401 3090 1456 illorum
3111 1407 3412 1467 Actorum,
3435 1403 3656 1458 sicutet
3686 1403 3929 1458 aliorum

2286 1488 2715 1560 apostolorum,
2743 1489 2919 1560 vulgo
2933 1490 3439 1555 vocaturAbdias,
3475 1493 3576 1562 qui
3600 1509 3661 1547 se
3678 1493 3929 1563 primum

2293 1577 2626 1648 Babyloniae
2662 1576 3017 1650 episcopum
3053 1581 3330 1634 mentitus
3359 1583 3467 1635 est.
3511 1581 3574 1634 In
3608 1582 3665 1635 S.
3705 1583 3929 1638 Bai-tho-

2285 1665 2501 1723 lomaao
2533 1674 2674 1724 tom.
2707 1672 2746 1723 V
2787 1669 3051 1738 Augusti,
3094 1683 3232 1739 pag.
3267 1671 3353 1732 32,
3390 1670 3533 1723 satis
3573 1671 3826 1736 Ostendi,
3859 1676 3932 1728 to-

526 1784 699 1831 cano,
726 1766 936 1839 quisic
967 1765 1186 1819 habet:
1223 1785 1249 1810 «
1289 1760 1461 1832 Apud
1501 1759 1834 1822 Salernum,
1868 1752 2176 1809 translatio
2211 1758 2255 1812 B
2289 1765 2404 1813 tam
2442 1758 2751 1814 Historiam
2767 1757 3174 1829 apostolorum
3195 1758 3657 1826 pseudo-Abdiae
3678 1775 3931 1814 nouesse

527 1857 714 1914 sancti
745 1853 989 1910 Matthaai
1016 1851 1266 1924 apostoli
1314 1856 1370 1905 et
1423 1846 1817 1918 evangelistae.
1854 1867 1880 1892 »
1933 1845 2177 1898 Secutus

527 1953 614 2004 est
654 1944 956 2007 Baronius,
989 1943 1091 2014 qui
1123 1942 1204 1996 sic
1252 1939 1432 1995 habet
1486 1938 1544 1992 in
1599 1933 2024 2006 Martyrologio
2067 1930 2176 1984 Ro-

529 2051 745 2092 mano:
782 2053 809 2085 «
846 2030 1092 2095 Salerni,
1145 2028 1455 2085 translatio
1514 2024 1698 2078 sancti
1744 2022 1994 2078 Matthaai
2036 2036 2178 2092 apo-

529 2124 682 2190 stoli,
717 2122 887 2193 cujus
937 2136 1172 2175 sacrum
1231 2133 1449 2187 corpus
1489 2113 1629 2170 olim
1679 2129 1748 2167 ex
1775 2109 2068 2181 EtliiOpia
2100 2109 2178 2162 ad

529 2213 796 2268 diversas
824 2213 1117 2280 regiones,
1154 2212 1208 2262 et
1237 2207 1482 2261 demum
1512 2202 1590 2258 ad
1621 2217 1754 2256 eam
1788 2200 1996 2255 urbem
2022 2197 2179 2252 dela-

532 2307 676 2363 tum,
701 2298 922 2354 ibidem
944 2298 1000 2352 in
1024 2295 1275 2350 ecclesia
1300 2295 1428 2362 ejus
1453 2290 1696 2346 nomine
1726 2289 1922 2343 dicata
1941 2301 2179 2341 summo

529 2389 756 2443 honore
799 2385 1104 2442 conditum
1134 2384 1255 2438 fuit.
1293 2403 1316 2432 ιι
1349 2383 1688 2436 Consonant
1717 2377 1910 2433 ofﬁcia
1939 2375 2180 2446 propria

531 2475 802 2532 Ecclesiae
858 2473 1266 2539 Salernitanaa,
1303 2484 1439 2542 quas
1491 2467 1693 2522 seculo
1747 2483 1838 2521 xvi
1891 2467 2182 2535 impressa

529 2565 825 2620 habemus
861 2579 872 2618 :
905 2561 964 2617 in
997 2562 1064 2616 iis
1091 2559 1246 2616 enim
1283 2563 1518 2613 notatur
1543 2555 1817 2612 Ofﬁcium
1844 2552 2182 2608 translatio-

532 2654 624 2708 nis
651 2668 788 2708 cum
823 2655 1036 2706 octava
1061 2648 1136 2703 ad
1165 2653 1195 2702 6
1228 2645 1378 2702 Maii.
1416 2648 1476 2698 ln
1504 2643 1744 2698 laudato
1780 2642 2034 2696 Florario
2067 2657 2176 2694 ms.

532 2741 743 2797 eodem
770 2739 864 2794 die
895 2743 1131 2793 notatur
1178 2734 1486 2790 translatio
1527 2731 1711 2786 sancti
1745 2730 2023 2792 Matthaei,
2078 2727 2180 2782 sed

531 2844 654 2885 non
730 2825 988 2890 additur,
1063 2823 1496 2880 Salernitanam
1574 2835 1719 2886 esse,
1780 2819 1860 2872 uti
1945 2816 2184 2871 additur

533 2916 613 2973 ad
653 2915 720 2971 28
757 2913 984 2986 Aprilis.
1043 2911 1218 2967 Plura
1247 2909 1320 2965 de
1362 2907 1845 2964 translationibus
1888 2906 2180 2960 disseram

534 3020 642 3060 suo
663 3004 816 3059 loco.

2287 1847 2403 1902 fide
2421 1848 2687 1917 dignam,
2732 1847 2926 1917 ibique
2957 1845 3180 1900 adduxi
3211 1847 3392 1900 verba
3425 1847 3779 1914 Bellarmini,
3817 1849 3931 1904 haec

2287 1937 2360 1992 de
2413 1952 2484 1992 eo
2540 1935 3025 2007 pronuntiantis;
3065 1954 3091 1985 «
3143 1936 3283 1990 Vitae
3330 1935 3766 2007 apostolorum,
3816 1955 3930 2008 quae

2289 2026 2402 2081 sub
2433 2025 2808 2095 nomineejus
2841 2024 3354 2091 circumferuntur,
3388 2023 3604 2080 fabulis
3627 2026 3932 2082 similiores

2289 2121 2441 2170 sunt.
2470 2131 2650 2186 quam
2676 2129 2825 2168 verae
2859 2114 3200 2168 narrationi.
3226 2135 3248 2163 »
3272 2115 3618 2170 Communis
3642 2115 3742 2170 hic
3769 2117 3930 2171 modo

2289 2209 2376 2258 est
2399 2203 2764 2258 eruditorum
2798 2218 3128 2258 consensus
3151 2202 3224 2256 de
3259 2202 3358 2257 illa
3376 2203 3625 2258 Historia
3640 2205 3928 2260 universa.

2289 2293 2456 2347 Libet
2511 2298 2703 2347 tamen
2747 2291 2967 2346 addere
3015 2307 3330 2346 censuram
3388 2295 3635 2347 Joannis
3704 2295 3929 2350 Hesselii

2289 2381 2694 2444 Lovaniensis,
2722 2397 2855 2452 quae
2873 2380 3164 2451 impressa
3177 2381 3429 2435 habetur
3443 2388 3577 2451 post
3607 2384 3928 2438 Usuardutn

2291 2471 2522 2527 Molani.
2561 2490 2586 2520 «
2637 2470 2858 2535 Passio,
2892 2469 3101 2542 inquit,
3153 2470 3338 2524 sancti
3380 2469 3626 2525 Matthzei
3669 2487 3789 2526 non
3825 2472 3931 2542 pla-

2291 2566 2397 2614 cet.
2432 2580 2458 2611 »
2489 2562 2634 2614 Tum
2675 2558 2780 2613 dat
2809 2558 3038 2613 initium
3098 2558 3330 2630 prologi
3361 2574 3371 2611 :
3408 2581 3434 2608 ‹‹
3471 2561 3768 2624 Quoniam
3833 2564 3929 2616 Deo

2291 2663 2432 2702 cura
2480 2653 2571 2702 est
2621 2647 2694 2701 de
2746 2647 3108 2701 hominibus.
3169 2666 3196 2697 »
3249 2649 3313 2700 Et
3390 2663 3529 2702 mox
3582 2654 3858 2704 Actorum
3914 2666 3924 2702 :

2293 2739 2471 2790 Erant
2513 2737 2711 2806 itaque
2760 2735 2881 2790 duo
2934 2736 3092 2804 magi
3139 2738 3349 2790 Zaroes
3387 2741 3441 2790 et
3490 2736 3753 2793 Arfaxat.
3798 2757 3825 2791 ›
3868 2738 3920 2792 In

2292 2824 2575 2884 omnibus
2632 2824 2937 2878 codicibus
2985 2825 3221 2890 nostris,
3272 2840 3392 2879 uno
3423 2833 3692 2898 excepto,
3735 2827 3790 2881 in
3815 2843 3922 2899 quo

2293 2914 2551 2968 omissus
2583 2917 2670 2968 est
2719 2911 3019 2983 prologus,
3075 2913 3233 2967 idem
3282 2918 3368 2968 est
3399 2913 3577 2983 plane
3621 2921 3919 2988 utrumque

2296 3002 2663 3073 principium.
2740 3005 2800 3055 In
2871 3000 3245 3071 Ultrajectino
3302 3001 3572 3057 similiter
3625 3010 3918 3076 utrumque

607 3096 655 3148 3.
690 3090 892 3154 Graeci,
924 3102 1146 3159 eosque
1177 3085 1403 3157 passim
1457 3087 1766 3154 sequentes
1827 3081 2016 3146 Μοεοὶ,
2049 3096 2181 3136 8³η·
2221 3102 2261 3160 C
2295 3092 2576 3162 reperitur
2624 3091 2981 3163 principium
3017 3108 3028 3157 ;
3064 3091 3165 3144 sed
3216 3090 3526 3161 praemissa
3571 3098 3706 3147 sunt
3744 3109 3920 3164 pauca

539 3185 700 3238 ctum
726 3177 1066 3233 Matthamm
1096 3175 1388 3246 praecipue
1415 3172 1718 3228 celebrant
1744 3173 1821 3225 ad
1855 3174 1913 3224 t6
1941 3173 2185 3227 Novem-

535 3270 677 3326 bris.
729 3266 816 3322 Ad
843 3266 1001 3320 hunc
1044 3264 1204 3318 diem
1260 3263 1315 3317 in
1349 3260 1652 3324 omnibus,
1682 3275 1835 3332 quos
1890 3259 2181 3325 consului,

537 3358 878 3414 Graacorum
922 3353 1102 3410 Fastis
1155 3350 1443 3406 memoria
1488 3349 1674 3404 sancti
1715 3349 1890 3418 hujus
1931 3349 2184 3418 apostoli

533 3445 827 3509 recolitur,
861 3448 915 3497 et
951 3441 1236 3496 festivitas
1267 3438 1551 3494 solemnis
1583 3436 1932 3491 celebratur.
1965 3439 2183 3492 Menaaa

534 3537 827 3605 impressa
853 3530 1314 3603 prolixissimum
1333 3527 1614 3582 exhibent
1644 3525 1924 3595 elogium,
1956 3526 2058 3580 sed
2094 3526 2183 3580 fa-

533 3623 835 3686 bulosum,
871 3635 940 3674 ex
969 3634 1090 3689 quo
1147 3617 1268 3672 suis
1307 3617 1451 3671 locis
1485 3613 1803 3670 aﬁ‘eremus
1834 3631 1904 3669 ea
1932 3630 2066 3686 quas
2108 3615 2183 3671 ad

534 3709 904 3782 propositum
931 3711 1199 3760 nostrum
1228 3705 1559 3760 conducere
1587 3703 2185 3775 videbuntur,quem-

534 3797 854 3854 admodum
879 3793 1056 3847 etiam
1087 3809 1155 3846 ex
1189 3792 1381 3859 elogio
1408 3791 1604 3844 minus
1630 3791 1880 3860 prolixo,
1909 3793 2070 3862 quod
2099 3793 2184 3847 in-

534 3890 755 3940 sertum
803 3886 888 3936 est
931 3879 1260 3948 Menologio
1318 3876 1633 3931 Basiliano.
1677 3877 2013 3933 Matthaeum
2063 3896 2182 3934 una

531 3989 666 4029 cum
690 3969 932 4042 reliquis
955 3965 1239 4038 apostolis
1253 3964 1435 4020 Graeci
1463 3965 1640 4019 etiam
1659 3964 1971 4019 coluntdie
1999 3970 2065 4021 30
2087 3969 2180 4021 Ju-

532 4062 636 4125 nii,
671 4060 769 4115 ubi
801 4065 857 4114 et
886 4055 1091 4112 brevia
1120 4053 1398 4110 exhibent
1425 4051 1616 4122 elogia
1647 4053 1704 4106 in
1728 4053 1956 4108 Menaeis
1991 4059 2048 4108 et
2073 4058 2178 4111 Me~

532 4149 767 4218 nologio
827 4162 962 4201 mox
1016 4144 1282 4198 laudato.
1340 4141 1552 4196 Graecis
1602 4157 1706 4211 pro
1765 4140 2074 4198 festivitate
2115 4145 2174 4208 S,

533 4213 782 4293 Matthaei
809 4232 1160 4290 celebranda
1191 4232 1285 4286 die
1325 4232 1391 4287 l6
1431 4231 1776 4286 Novembris
1802 4213 2200 4289 consentiunt

530 4328 707 4381 etiam
747 4323 1004 4389 Armeni,
1043 4328 1102 4376 ut
1142 4321 1333 4375 habeo
1365 4336 1437 4374 ex
1472 4320 1685 4374 Ordine
1719 4327 2000 4392 perpetuo
2032 4324 2176 4378 cele-

2296 3181 2370 3234 de
2394 3179 2633 3235 nomine
2665 3179 2936 3244 Matthaai,
2969 3196 3102 3249 quae
3132 3178 3380 3234 alterum
3438 3179 3519 3235 ibi
3551 3181 3766 3236 faciunt
3793 3197 3919 3252 pro-

2294 3269 2519 3339 logum.
2564 3269 2835 3322 Rationes
2865 3268 3106 3322 Hesselii
3135 3268 3313 3324 modo
3347 3269 3674 3324 audiamus.

2477 3377 2504 3407 «
2557 3356 2720 3420 Dicit,
2771 3355 3109 3410 eunuchum
3167 3356 3354 3424 illum,
3409 3374 3586 3428 quem
3627 3357 3915 3428 Philippus

2294 3445 2636 3517 baptizavit,
2683 3449 2955 3500 vocatum
3005 3443 3366 3514 Caudacem,
3422 3463 3555 3501 cum
3596 3447 3778 3501 Lucas
3805 3449 3916 3502 Act.

2297 3550 2389 3588 VllI
2420 3533 2595 3598 dicat,
2626 3533 2893 3603 reginam
2936 3531 3277 3603 Ethiopum
3325 3534 3544 3589 dictam
3578 3535 3916 3589 Candacem.

2295 3626 2389 3678 Est
2419 3624 2574 3678 enim
2630 3622 2904 3678 Candace
2949 3639 3169 3677 nomen
3226 3624 3568 3694 reginarum
3616 3623 3915 3693 EthiOpie,

2293 3713 2443 3767 sicut
2497 3712 2725 3768 Pharao
2789 3728 2996 3784 regum
3056 3713 3311 3782 Egypti.
3371 3712 3592 3766 Dicitur
3622 3714 3681 3767 in
3726 3712 3915 3767 eadem

2290 3803 2555 3867 historia,
2591 3802 2750 3873 quod
2779 3802 3038 3856 Christus
3071 3806 3398 3855 terrestrem
3433 3801 3776 3872 paradisum
3799 3817 3915 3871 ape-

2289 3891 2424 3944 ruiti
2456 3890 2674 3946 latroni
2707 3895 2762 3944 et
2809 3891 3128 3945 animabus
3172 3888 3390 3943 sanctis
3432 3889 3505 3942 de
3547 3905 3788 3960 corpore
3829 3905 3911 3942 ex-

2289 3977 2583 4042 euntibus,
2639 3981 2696 4032 in
2751 3978 2846 4033 die
2879 3985 3077 4033 autem
3132 3977 3454 4032 novissimo
3497 3979 3904 4047 resurgentibus

2286 4081 2471 4134 regna
2499 4071 2778 4121 ccelorum
2812 4083 2823 4121 :
2858 4084 2992 4121 cum
3028 4066 3356 4121 secundum
3383 4065 3632 4120 Paulum
3668 4073 3722 4121 et
3750 4067 3893 4120 fidem

2286 4154 2636 4209 catholicam
2654 4155 2867 4210 animae
2885 4161 3227 4210 sanctorum
3248 4154 3370 4224 jam
3389 4153 3569 4208 etiam
3593 4161 3719 4208 ante
3733 4167 3885 4207 resur-

2280 4245 2601 4299 rectionem
2624 4244 2840 4300 adeant
2870 4244 3068 4299 coelos.
3102 4245 3242 4298 Dicit
3267 4249 3320 4298 et
3340 4243 3601 4314 primum
3626 4243 3886 4297 hominem

2283 4332 2547 4404 potuisse
2566 4333 2727 4404 loqui
2740 4333 2794 4386 in
2814 4333 3090 4403 paradiso
3103 4349 3238 4386 cum
3254 4332 3537 4386 omnibus
3552 4329 3894 4386 animalibus.

528 4415 743 4469 brandi
776 4412 1066 4500 Oﬁiciaet
1095 4408 1625 4500 festiv'itatesaptid
1657 4415 1960 4500 Armenos,
1993 4426 2172 4482 quem
2207 4447 2251 4500 Β
2286 4422 2559 4493 Ejusdem
2623 4420 2992 4476 auctoritatis
3037 4427 3148 4485 est,
3183 4422 3355 4490 cujus
3387 4420 3522 4475 Vita
3568 4420 3748 4475 sancti
3785 4421 3901 4472 Bar-

531 4504 726 4557 Latine
805 4497 1056 4554 reddidit
1106 4502 1162 4550 et
1236 4497 1290 4548 in
1379 4494 1743 4550 Bibliotheca
1830 4497 2170 4565 Orientalis,

530 4595 671 4644 tom.
711 4587 802 4650 lIl,
835 4600 973 4656 pag.
1017 4583 1117 4638 645
1159 4582 1344 4636 edidit
1375 4581 1746 4636 doctiSsimus
1785 4585 2169 4642 Assemanus.

527 4675 782 4749 Aigyptii
836 4674 1080 4728 demum
1135 4677 1189 4726 et
1220 4670 1520 4740 IEthiopes
1561 4670 1839 4725 eumdem
1871 4673 2172 4742 elegerunt

524 4766 683 4821 diem
736 4765 798 4818 16
856 4761 1223 4824 Novembris,
1277 4775 1398 4829 quo
1433 4765 1674 4812 sanctus
1727 4762 2029 4816 Matthams
2071 4781 2165 4819 an-

523 4853 829 4908 nuntiatur
859 4852 917 4906 in
951 4849 1137 4904 Fastis
1171 4849 1534 4918 Coptitarum
1571 4864 1672 4919 per
1701 4847 2015 4906 Ludolfum
2049 4854 2165 4908 edi-

521 4942 612 5010 tis,
643 4947 698 4995 et
751 4941 807 4994 in
850 4938 1082 4992 duobus
1121 4936 1248 4990 aliis
1301 4935 1637 5005 Menologiis
1677 4939 2024 4995 eorumdem
2065 4949 2166 4998 aut

519 5028 859 5099 Synaxariis
894 5043 1024 5078 mss.
1072 5024 1240 5096 Apud
1272 5023 1590 5078 Ludolfum
1633 5025 1883 5080 Matthaai
1911 5031 2163 5098 apostoli

518 5115 659 5170 item
684 5115 745 5168 ﬁt
773 5114 994 5168 mentio
1011 5113 1082 5166 ad
1107 5117 1137 5167 9
1168 5112 1438 5168 Octobris
1466 5132 1480 5182 ;
1517 5112 1621 5166 sed
1650 5128 1779 5167 eam
1812 5114 1908 5169 illo
1926 5116 2018 5170 die
2043 5135 2161 5172 non

518 5203 745 5274 reperio
773 5204 830 5255 in
862 5202 1119 5255 laudatis
1137 5200 1318 5256 Fastis
1351 5218 1491 5255 mss.
1525 5204 1656 5256 Haec
1682 5202 1912 5258 interim
1930 5205 2002 5260 de
2024 5208 2162 5262 Mar-

519 5289 822 5359 tyrologiis
855 5288 1173 5343 sufficiant.

587 5377 642 5427 4.
676 5377 810 5425 Acta
859 5376 1042 5427 sancti
1079 5375 1330 5430 Matthaei
1357 5377 1629 5448 apostoli,
1657 5395 1790 5449 qum
1813 5379 1869 5433 in
1905 5384 2156 5441 Ecclesia

519 5459 719 5515 Latina
751 5474 785 5511 a
810 5457 1006 5510 multis
1037 5463 1266 5514 saeculis
1298 5472 1436 5518 nota
1470 5466 1723 5530 fuerunt,
1760 5474 1813 5522 et
1840 5484 1910 5523 ex
1937 5475 2154 5541 quibus

511 5543 866 5601 recentiores
897 5542 1241 5614 hauserunt,
1272 5566 1406 5620 quas
1438 5553 1510 5608 de
1543 5555 1597 5609 S.
1627 5555 1898 5613 Matthan
1925 5560 2154 5632 scriptis

2287 4509 2601 4575 tholomaai,
2637 4515 2697 4563 ut
2730 4514 2890 4579 patet
2919 4525 2988 4563 ex
3023 4508 3398 4579 philosotihia
3428 4508 3558 4578 ejus
3592 4508 3668 4563 de
3702 4507 3908 4575 virgini-

2284 4603 2396 4652 tate
2438 4603 2625 4662 terrae,
2675 4614 2745 4651 ex
2806 4613 2924 4666 qua
2969 4597 3151 4651 homo
3181 4596 3369 4652 factus
3415 4602 3518 4651 est.
3563 4619 3590 4646 ››
3635 4598 3912 4650 Hactenus

2283 4685 2590 4748 Hesselius,
2636 4687 2736 4755 qui
2787 4685 2944 4740 hisce
2982 4685 3254 4753 adjuugit
3279 4685 3694 4740 auctoritatem
3736 4683 3912 4744 Bedae,

2281 4776 2594 4829 Historiam
2637 4773 2796 4827 illam
2839 4773 3295 4845 pseudo-Abdita
3337 4773 3742 4844 reprobantis.
3779 4770 3916 4825 Beda

2279 4869 2473 4918 autem
2526 4863 2626 4918 lib.
2675 4863 3128 4918 Retractationis
3183 4865 3244 4918 in
3299 4864 3453 4918 Acta
3498 4864 3915 4930 apostolorum,

2277 4969 2408 5022 cap.
2442 4968 2481 5016 1,
2536 4952 2741 5008 laudat
2783 4953 3002 5007 dictam
3052 4953 3364 5006 Historiam
3425 4967 3532 5022 pro
3589 4951 3836 5005 Simone
3874 4956 3921 5003 et

2273 5040 2428 5095 Juda
2459 5041 2761 5111 apostolis,
2805 5047 2980 5113 atque
3027 5041 3104 5095 ita
3153 5040 3416 5112 loquitur
3441 5039 3513 5094 ad
3551 5038 3923 5110 propositum

2274 5135 2541 5183 nostrum
2598 5146 2670 5182 :«
2706 5131 2820 5183 llos
2891 5130 3148 5183 referunt
3202 5127 3475 5192 historiae,
3549 5128 3610 5182 in
3701 5127 3925 5199 quibus

2271 5216 2672 5287 apostolorum
2719 5219 3017 5286 passiones
3057 5217 3452 5281 continentur,
3485 5222 3538 5270 et
3578 5232 3613 5270 a
3644 5214 3927 5286 plurimis

2268 5310 2612 5374 reputantur
2641 5307 3023 5376 apocryphaa,
3061 5307 3416 5376 praedicasse
3438 5305 3494 5357 in
3524 5304 3792 5368 Perside,
3824 5303 3924 5358 tbi-

2265 5409 2383 5463 que
2413 5409 2447 5448 a
2484 5394 2842 5464 templorum
2894 5393 3274 5464 pontificibus
3323 5395 3381 5446 in
3431 5392 3665 5446 civitate
3709 5391 3929 5446 Suanir

2267 5480 2507 5534 occisas.
2553 5483 2844 5550 Leguntur
2874 5483 3001 5537 haec
3027 5481 3183 5553 apud
3216 5480 3644 5548 Abdiam,eap.
3677 5480 3737 5544 6,
3770 5480 3930 5533 circa

2265 5568 2469 5625 ﬁnem.
2501 5589 2528 5621 υ
2575 5572 2706 5626 Post
2756 5586 2950 5642 pauca
2989 5585 3224 5625 rursum
3281 5568 3439 5625 Beda
3492 5568 3622 5623 haec
3668 5567 3931 5623 scribit:
