4142 6278
290 299 402 354 753

1586 300 1753 357 VITA
1795 299 1855 355 s.
1898 268 2262 355 ΜἉττΗιΕΙ.

3615 302 3723 357 754

366 438 394 470 ι
433 423 579 479 Cum
610 419 729 484 ille,
762 420 863 493 qui
889 420 1168 491 prastatas
1207 423 1612 494 apostolorum
1638 425 1952 498 passiones
1987 421 2028 474 A
2062 423 2391 481 recentiora
2430 426 2565 493 sint,
2604 427 2938 500 eademque
2977 441 3115 482 cum
3158 424 3307 492 aliis,
3351 426 3451 482 sed
3513 430 3722 483 utcun-

294 510 549 583 scripsit,
596 510 722 581 ipse
772 524 835 563 se
889 510 1220 566 certissime
1268 512 1494 571 incerta
1536 520 1594 569 et
1622 513 1772 570 falsa
1819 513 1946 568 scri-

293 600 485 671 psisse
533 598 880 671 prodiderit.
914 597 1061 652 Dicit
1100 598 1280 665 enim,
1336 600 1478 671 quia
1522 602 1812 657 Candacis
1856 616 1953 656 eu-

296 688 529 743 nuchus
573 703 750 758 quem
797 686 1157 757 baptizasset
1196 687 1496 761 Philippus
1532 690 1593 745 in
1637 690 1838 744 Iudaea
1883 704 1953 743 eo

296 783 564 847 tempore
618 774 789 830 fuerit
844 774 903 829 in
976 775 1283 847 Ethiopia,
1333 793 1454 850 quo
1512 779 1817 835 Matthaaus
1873 776 1951 833 ibi

298 864 573 929 docebat,
605 863 775 934 eique
816 863 1049 919 docenti
1090 865 1376 920 auxilium
1417 868 1627 933 tulerit,
1653 883 1790 924 cum
1832 882 1956 921 ma-

298 952 578 1007 nifestum
626 951 697 1007 sit
726 952 1061 1008 Candacem
1119 968 1338 1009 nomen
1370 970 1500 1010 esse
1533 971 1651 1011 non
1683 954 1812 1021 viri,
1848 953 1949 1009 sed

300 1040 539 1097 feminas
574 1057 586 1106 ;
621 1040 679 1095 id
720 1046 830 1107 est,
878 1056 997 1095 non
1030 1041 1309 1107 eunuchi,
1349 1044 1452 1099 sed
1495 1044 1756 1100 dominae
1802 1044 1949 1114 ejus,

303 1130 527 1197 reginae
572 1130 841 1184 videlicet
874 1130 1236 1201 Ethiopum,
1290 1148 1447 1204 quae,
1498 1135 1649 1187 sicut
1686 1148 1756 1187 ex
1804 1136 1954 1186 vete-

303 1233 435 1272 rum
480 1218 883 1273 monumentis
914 1220 1344 1290 comperimus,
1377 1237 1589 1277 omnes
1630 1220 1954 1292 antiquitus

303 1307 386 1362 sic
405 1305 692 1379 appellari
718 1305 1011 1362 solebant.
1041 1328 1065 1357 ι»
1090 1310 1218 1363 Haec
1246 1310 1418 1378 Beda,
1445 1326 1566 1365 non
1594 1309 1787 1363 solum
1811 1309 1955 1363 Acta

303 1410 412 1466 pro
479 1394 844 1467 apocryphis
928 1395 1176 1463 habens,
1277 1398 1379 1453 sed
1471 1413 1677 1453 eorum
1774 1397 1954 1452 etiam

303 1490 606 1539 auctorem
640 1483 935 1540 mendacii
959 1501 1235 1555 arguens.
1262 1487 1509 1542 Possent
1539 1492 1593 1541 et
1621 1486 1804 1542 multa
1837 1485 1957 1540 alia

302 1587 375 1627 ex
414 1573 570 1627 Actis
601 1572 842 1641 allegari
885 1573 955 1628 ad
984 1573 1162 1629 ﬁdem
1211 1575 1282 1629 iis
1326 1574 1779 1636 detrahendam,
1816 1588 1954 1627 cum

303 1666 506 1715 auctor
529 1661 607 1716 ab
648 1661 809 1716 initio
858 1677 1047 1733 usque
1100 1662 1174 1717 ad
1225 1662 1405 1718 ﬁnem
1438 1662 1732 1718 mirabilia
1766 1661 1954 1729 magis

2061 526 2179 582 que
2214 514 2493 570 emenda.

2131 605 2182 655 7.
2218 601 2644 660 Verumtamen
2669 619 2790 660 non
2808 607 2972 659 tanta
2995 602 3263 658 adhibita
3281 603 3388 658 fuit
3408 604 3715 669 correctio,

2063 693 2125 743 ut
2145 696 2313 760 gesta
2332 692 2390 746 iu
2418 691 2488 747 iis
2507 692 2687 747 relata
2709 692 2912 747 ﬁerent
2932 691 3077 746 satis
3094 690 3453 760 probabilia,
3479 691 3721 746 etiamsi

2063 792 2183 833 non
2222 784 2520 835 constaret
2566 782 2640 837 de
2680 780 2905 849 origine
2946 795 3015 835 ex
3056 779 3216 834 fonte
3264 779 3524 850 impuro.
3566 781 3714 835 Nam

2062 866 2255 937 primo
2313 869 2510 923 statim
2539 869 2871 924 advenienti
2930 868 2991 923 in
3040 866 3397 938 Ethiopiam
3452 868 3719 923 Matthaao

2060 953 2275 1009 dicitur
2309 958 2639 1012 occurrisse
2666 957 2977 1012 eunuchus
3010 955 3230 1025 reginae
3262 954 3576 1020 Candacis,
3611 955 3714 1026 qui

2063 1041 2393 1114 baptizatus
2431 1050 2556 1100 erat
2588 1062 2624 1101 a
2653 1044 2926 1117 Philippo
2962 1050 3077 1098 Act.
3113 1058 3225 1111 vui,
3257 1048 3320 1098 ut
3356 1047 3565 1099 auctor
3593 1058 3721 1099 om-

2061 1134 2204 1188 nino
2226 1139 2478 1199 asserat,
2503 1135 2837 1190 Matthaeum
2866 1134 3108 1189 venisse
3138 1132 3213 1188 ad
3243 1131 3478 1198 urbem,
3505 1132 3564 1186 in
3594 1147 3717 1205 qua

2062 1222 2268 1292 regina
2290 1221 2561 1277 Candace
2583 1223 2893 1292 regnabat,
2920 1221 3167 1293 quando
3188 1219 3381 1275 dictus
3404 1221 3715 1276 eunuchus

2065 1308 2171 1365 fuit
2201 1324 2545 1366 conversus.
2565 1315 2632 1364 At
2663 1309 2743 1365 ibi
2779 1317 2902 1365 tum
2932 1309 3147 1365 dicitur
3177 1308 3357 1363 fuisse
3388 1323 3489 1363 rex
3524 1309 3717 1380 Egyp-

2064 1414 2196 1470 pus,
2240 1398 2446 1467 regina
2494 1396 2825 1452 Eufenissa.
2886 1396 2967 1451 De
3008 1396 3302 1460 Candace,
3345 1410 3478 1466 qum
3538 1394 3717 1465 paulo

2066 1491 2201 1541 ante
2247 1491 2572 1555 regnasset,
2630 1485 2794 1540 nulla
2838 1484 2901 1539 ﬁt
2952 1485 3190 1540 mentio.
3247 1485 3446 1557 Itaque
3490 1498 3714 1540 nomen

2062 1574 2280 1645 reginas
2310 1574 2621 1630 Eufenissa
2652 1572 2877 1628 videtur
2906 1573 3270 1629 contrarium
3311 1571 3504 1627 verbis
3544 1572 3715 1628 Beda:

2062 1678 2204 1717 mox
2230 1663 2409 1727 datis,
2433 1677 2571 1717 cum
2603 1666 2849 1729 asserat,
2877 1661 3161 1717 omnibus
3187 1676 3508 1716 commune
3530 1659 3715 1733 fuisse

305 1753 521 1814 narret,
549 1763 735 1820 quam
774 1748 1078 1805 credibilia
1111 1750 1455 1821 ;multaque
1488 1748 1660 1821 plura
1700 1752 1956 1815 nugetur
1987 1766 2030 1822 Β
2064 1767 2283 1807 nomen
2338 1752 2629 1807 Candace.
2684 1750 2981 1806 Consentit
3023 1751 3260 1816 Plinius,
3292 1750 3397 1807 lib.
3437 1765 3515 1814 v1,
3577 1764 3712 1820 cap.

303 1836 379 1892 de
413 1837 693 1907 paradiso
724 1837 1000 1903 terrestri,
1034 1854 1218 1909 quam
1242 1838 1584 1895 observavit
1619 1836 1951 1905 Hesselius;

304 1930 362 1981 et
390 1926 839 1997 conceptionem
858 1925 1219 1982 beatissima:
1240 1928 1488 2000 Virginis
1502 1932 1760 2000 exponat
1776 1926 1955 1981 modo

304 2014 633 2085 incongruo
662 2018 716 2071 et
745 2014 1059 2083 indecenti,
1088 2021 1147 2071 ut
1184 2018 1409 2071 mittam
1457 2017 1596 2073 alia.
1635 2018 1845 2071 Verum
1867 2013 1953 2069 di-

305 2109 399 2159 cta
427 2104 724 2158 suﬂiciunt
767 2104 841 2159 ad
869 2120 1111 2159 omnem
1166 2103 1340 2159 ﬁdem
1394 2104 1598 2160 Abdiaa
1638 2106 1955 2176 personato

305 2192 714 2262 abrogandam
745 2209 758 2247 :
788 2197 847 2247 at
873 2208 945 2248 ex
975 2193 1068 2248 his
1113 2193 1229 2249 alia
1262 2193 1401 2248 mihi
1430 2194 1615 2249 oritur
1642 2192 1953 2249 dubitatio.

376 2285 427 2336 6.
457 2286 625 2336 Anno
657 2281 793 2335 1753
822 2281 881 2335 in
921 2280 1278 2337 bibliotheca
1317 2283 1598 2337 Vaticana
1623 2282 1958 2337 invenimus

305 2369 423 2424 alia
462 2369 519 2424 S.
550 2368 801 2425 Matthaai
834 2374 978 2424 Acta
1016 2370 1073 2424 in
1103 2370 1307 2425 codice
1331 2370 1534 2426 Latino
1586 2373 1741 2433 1188,
1773 2385 1958 2441 eaque

302 2457 695 2513 exscribenda
733 2458 1096 2523 curavimus,
1153 2462 1209 2512 et
1239 2472 1347 2512 nos
1394 2456 1509 2528 ipsi
1566 2474 1700 2514 cum
1755 2457 1958 2513 codice

302 2543 687 2601 contulimus.
724 2547 855 2600 Hac
880 2549 1013 2600 Acta
1045 2550 1249 2601 carent
1273 2545 1560 2601 omnibus
1599 2546 1750 2600 vitiis
1782 2546 1958 2601 modo

301 2633 521 2698 relatis,
557 2633 637 2690 ob
671 2649 807 2707 quas
858 2632 1157 2689 Hesselius
1184 2639 1326 2690 Acta
1357 2633 1825 2706 pseudo-Abdita
1872 2649 1958 2688 re-

302 2722 601 2795 probavit,
636 2723 913 2778 eamdem
951 2723 1021 2777 de
1045 2722 1225 2779 rebus
1266 2724 1442 2792 gestis
1474 2722 1664 2779 sancti
1710 2721 1957 2779 Matthaei

305 2811 611 2869 continent
633 2811 998 2867 relationem.
1027 2812 1218 2877 Quare
1232 2811 1490 2867 dubitari
1520 2816 1732 2883 potest.
1757 2817 1956 2867 utrum

306 2900 796 2973 pseudo-Abdias
828 2901 1150 2954 vetustiora
1177 2901 1359 2954 sancti
1397 2899 1657 2969 Apostoli
1690 2902 1830 2955 Acta
1874 2900 1959 2955 in-

309 2988 706 3060 terpolaverit,
726 2992 781 3043 et
807 2987 1003 3042 multis
1032 2987 1267 3057 ineptiis
1300 2986 1630 3059 impleverit
1670 3005 1682 3050 ;
1713 3002 1790 3040 an
1822 3001 1961 3042 vero

310 3092 432 3133 non
463 3074 1285 3132 nemoAbdieedeSMatthaao
1307 3074 1779 3131 lucubrationem
1804 3090 1964 3129 cras-
1994 3106 2035 3162 ο

312 3164 569 3221 sioribus
599 3164 899 3220 erroribus
938 3163 1185 3219 voluerit
1212 3180 1564 3237 expurgare,
1599 3170 1655 3219 et
1693 3162 1780 3218 sic
1819 3169 1963 3219 Acta

310 3253 490 3325 hujus
578 3252 826 3324 apostoli
906 3257 1207 3324 utcunque
1277 3252 1615 3324 probabilia
1699 3251 1958 3307 reddere.

312 3346 637 3415 Utrumque
662 3341 783 3397 ﬁeri
818 3342 1024 3414 potuit,
1057 3342 1161 3398 scd
1209 3341 1540 3398 secundum
1586 3341 1963 3397 verisimilius

308 3438 395 3487 est
434 3432 513 3487 ob
560 3432 756 3487 varias
795 3431 1076 3486 rationes.
1121 3430 1316 3487 Primo
1363 3446 1435 3486 ex
1484 3430 1753 3501 allegatis
1786 3429 1961 3486 Bedaa

312 3522 506 3578 verbis
536 3521 853 3585 habemus,
884 3520 1295 3593 apocrypham
1321 3520 1485 3575 illam
1516 3523 1590 3575 de
1618 3520 1797 3589 gestis
1819 3535 1962 3590 apo-

310 3611 596 3667 stolorum
629 3610 939 3665 Historiam
963 3616 1123 3665 certo
1163 3609 1559 3680 antiquiorem
1592 3624 1719 3664 esse
1745 3607 1960 3663 saeculo

309 3702 432 3763 'vut,
474 3714 607 3753 cum
646 3698 800 3753 Beda
850 3697 1111 3753 ﬂoruerit
1153 3699 1260 3752 sub
1294 3698 1527 3752 initium
1559 3697 1713 3751 illius
1755 3695 1954 3751 saeculi

312 3793 369 3842 et
412 3786 574 3841 illam
603 3786 914 3841 Historiam
966 3784 1199 3855 alleget,
1256 3801 1376 3840 non
1413 3791 1475 3839 ut
1512 3782 1809 3840 novellam
1862 3787 1966 3839 aut

314 3891 507 3948 nuper
536 3873 873 3938 conﬁctam,
916 3874 1019 3929 sed
1072 3879 1132 3928 ut
1190 3874 1512 3929 multorum
1550 3872 1777 3944 judicio
1816 3889 1963 3945 apo-

312 3964 621 4035 crypham.
660 3965 737 4019 Ex
768 3979 839 4019 eo
885 3963 1124 4018 ulterius
1154 3961 1387 4032 colligo,
1431 3962 1555 4033 jam
1612 3961 1833 4016 saeculo
1886 3977 1959 4027 vi,

311 4064 435 4123 quo
515 4050 766 4107 ﬂorebat
834 4051 1153 4106 Venantius
1224 4052 1599 4114 Fortunatus,
1665 4052 1961 4106 vetustam

310 4141 503 4194 visam
544 4154 672 4195 esse
712 4138 871 4195 illam
912 4140 1248 4204 Historiam,
1283 4155 1419 4193 cum
1464 4138 1853 4193 verisimiliter
1891 4152 1963 4191 ex

309 4229 418 4287 illa
473 4230 649 4301 dicat,
697 4247 918 4302 corpus
945 4232 999 4287 S.
1058 4230 1310 4286 Matthaai
1358 4244 1491 4284 esse
1539 4228 1596 4283 in
1626 4227 1958 4282 Naddaver.

305 4320 493 4375 Tanta
531 4325 681 4374 certo
721 4334 841 4374 non
882 4323 972 4373 est
1008 4323 1269 4374 vetustas
1308 4317 1529 4372 codicis
1569 4314 1855 4377 Vaticani,
1903 4312 1962 4365 in

309 4423 436 4479 quo
477 4406 875 4463 tolerabiliora
904 4408 1154 4496 exstant
1193 4402 1543 4496 S.“Matthmi
1570 4404 1744 4496 Acta.
1806 4402 1966 4496 Qua-
1992 4440 2038 4496 D

307 4500 557 4565 prOpter
594 4496 866 4550 videntur
901 4494 958 4548 in
1008 4493 1106 4547 illo
1146 4490 1349 4547 codice
1397 4490 1666 4546 nonnihil
1698 4495 1963 4544 correcta

310 4582 516 4648 fuisse,
550 4589 606 4637 et
635 4580 1093 4637 alisurdioribus
1141 4580 1295 4634 vitiis
1343 4583 1694 4649 expurgata,
1728 4594 1961 4649 praeser-

310 4671 421 4728 tim
459 4687 596 4726 cum
636 4670 847 4742 reliqui
887 4670 1114 4743 passim
1154 4668 1387 4725 codices
1418 4670 1559 4723 Acta
1599 4668 1957 4734 contineant,

310 4760 521 4832 qualia
551 4764 688 4815 sunt
719 4759 882 4831 apud
912 4758 1189 4822 Abdiam,
1230 4765 1285 4813 et
1315 4757 1567 4813 necdum
1597 4756 1781 4812 alium
1804 4756 1960 4811 vide-

308 4850 429 4906 rim
482 4848 764 4918 codicem,
807 4849 909 4920 qui
949 4848 1273 4903 consentiat
1324 4863 1462 4902 cum
1504 4846 1600 4901 illo
1655 4846 1954 4901 Vaticano.

309 4939 604 4995 Praeterea
643 4937 699 4992 in
742 4937 855 4992 hoc
894 4936 1095 4991 codice
1126 4934 1387 5007 praefatio
1431 4932 1688 5005 vulgaris
1733 4933 1959 4988 omissa

306 5033 424 5092 est,
472 5032 527 5082 et
565 5026 886 5081 substituta
939 5024 1075 5089 alia,
1136 5039 1271 5095 quae
1329 5039 1465 5077 cum
1526 5022 1669 5093 ipsis
1729 5025 1960 5092 pugnat

303 5116 489 5174 Actis.
543 5118 689 5171 Nam
722 5113 1051 5169 secundum
1096 5110 1501 5184 praefationem
1550 5112 1604 5166 S.
1658 5111 1959 5165 Mattbaeus

301 5220 527 5280 passus
552 5208 641 5259 est
668 5204 725 5257 in
754 5201 1012 5269 Perside;
1038 5199 1367 5256 secundum
1401 5198 1631 5262 Acta,in
1650 5198 1956 5270 Ethiopia.

300 5295 468 5353 Actis
499 5292 643 5363 ipsis
673 5299 940 5347 assutum
972 5297 1058 5345 est
1087 5288 1247 5345 aliud
1295 5286 1651 5359 principium
1708 5287 1779 5341 de
1824 5286 1959 5341 scri-

301 5390 415 5457 pto
462 5396 567 5452 per
612 5380 948 5437 Matthasum
998 5376 1332 5445 Evangelio,
1381 5381 1436 5431 et
1493 5380 1625 5446 post
1678 5374 1820 5429 illud
1875 5389 1957 5429 se-

301 5472 581 5545 quuntur
615 5475 757 5525 Acta
799 5468 1096 5538 personati
1134 5465 1356 5531 Abdita,
1400 5463 1504 5517 sed
1547 5461 1812 5518 nonnihil
1864 5479 1961 5517 ex—

304 5564 590 5634 purgata.
633 5558 835 5631 Itaque
889 5556 986 5612 vix
1041 5554 1313 5610 dubitare
1364 5552 1595 5625 possim
1646 5554 1791 5626 quin
1829 5552 1957 5608 hac

2064 1840 2132 1895 29
2171 1840 2412 1905 docens,
2458 1859 2486 1891 ‹‹
2526 1854 2771 1909 regnare
2812 1838 3095 1894 feminam
3144 1836 3506 1905 Candacem,
3549 1836 3716 1909 quod

2066 1943 2286 1983 nomen
2315 1927 2515 1983 multis
2541 1927 2671 2000 jam
2700 1927 2873 1982 annis
2904 1926 2980 1982 ad
3013 1925 3251 1995 reginas
3293 1924 3541 1989 transiit,
3586 1945 3615 1974 »
3654 1923 3715 1979 in

2064 2015 2163 2071 illo
2196 2014 2479 2071 nimirum
2526 2015 2827 2085 EthiOpiaa
2877 2029 3082 2083 regno,
3142 2013 3311 2082 cujus
3365 2010 3715 2084 metropolis

2066 2111 2192 2161 erat
2221 2107 2425 2161 Meroe.
2462 2104 2681 2159 Asserit
2715 2108 2914 2158 autem
2943 2101 3224 2157 laudatus
3258 2100 3499 2167 Plinius,
3532 2115 3606 2156 ea
3642 2100 3716 2155 de

2066 2194 2263 2264 regnis
2294 2192 2602 2265 Ethiopite
2628 2197 2684 2247 et
2711 2194 2929 2248 Meroes
2969 2191 3207 2260 cognita
3238 2194 3296 2245 et
3325 2189 3508 2245 relata
3534 2189 3715 2245 fuisse

2066 2298 2173 2356 per
2203 2282 2602 2354 exploratores
2642 2280 2905 2336 Neronis.
2942 2280 3244 2350 Regnabat
3288 2279 3463 2350 igitur
3509 2277 3718 2348 regina

2068 2371 2340 2427 Candace
2386 2372 2609 2425 Nerone
2658 2369 2988 2442 imperante
3028 2373 3081 2423 et
3128 2366 3226 2422 diu
3288 2367 3559 2422 Candace
3613 2364 3718 2422 ali-

2067 2474 2187 2531 qua
2216 2458 2439 2514 ibidem
2470 2462 2840 2528 regnaverat,
2888 2454 3095 2511 saltem
3128 2471 3163 2510 a
3196 2454 3558 2526 temporibus
3601 2460 3718 2509 Au-

2068 2547 2242 2617 gusti,
2281 2551 2343 2601 ut
2371 2546 2662 2616 colligitur
2705 2561 2774 2600 ex
2808 2543 3118 2608 Strabone,
3151 2545 3252 2615 qui
3291 2543 3403 2597 sub
3444 2543 3716 2611 Augusto

2068 2633 2288 2689 ﬂoruit.
2311 2633 2522 2689 Strabo
2554 2634 2733 2697 enim,
2788 2632 2888 2687 lib'
2947 2647 3085 2696 xvu,
3149 2644 3286 2702 pag.
3327 2632 3451 2693 820,
3514 2632 3720 2683 narrat

2068 2721 2312 2788 bellum,
2372 2737 2493 2795 quo
2544 2741 2571 2771 «
2639 2718 2933 2784 Candace,
2992 2734 3123 2790 quae
3175 2733 3280 2790 per
3336 2721 3559 2782 nostra,
3629 2716 3717 2772 in-

2068 2811 2215 2882 quit,
2278 2817 2549 2881 tempora
2600 2807 2972 2880 Ethiopibus
3029 2804 3361 2879 imperavit,
3423 2826 3447 2856 ιο
3496 2806 3715 2861 Roma-

2069 2914 2180 2953 nos
2212 2897 2452 2969 [Egypti
2483 2896 2762 2953 dominos
2784 2895 3054 2967 impetiit,
3076 2895 3405 2966 imperante
3428 2897 3714 2962 Augusto.

2072 2989 2267 3056 Itaque
2310 2990 2632 3053 regnarunt
2662 2984 2723 3040 in
2754 2982 3053 3055 EthiOpia
3082 2982 3322 3052 reginae,
3357 2980 3577 3052 quibus
3608 2994 3716 3035 no-

2074 3088 2209 3128 men
2240 3078 2361 3128 erat
2411 3074 2701 3136 Candace,
2744 3070 2952 3127 saltem
2981 3071 3056 3125 ab
3102 3072 3367 3141 Augusto
3413 3081 3601 3139 usque
3636 3064 3714 3121 ad

2072 3159 2317 3215 Neronis
2343 3166 2608 3230 tempora
2637 3178 2650 3226 ;
2672 3175 2778 3214 nec
2799 3158 2964 3215 addit
2987 3157 3227 3220 Plinius,
3249 3155 3366 3211 alio
3386 3154 3567 3211 modo
3594 3153 3716 3208 suis

2072 3248 2439 3319 temporibus
2452 3246 2928 3302 administratum
2942 3246 3120 3301 fuisse
3133 3244 3440 3314 Ethiopian
3456 3258 3714 3311 regnum.

2071 3337 2245 3408 Atqui
2280 3340 2522 3391 sanctus
2561 3334 2884 3399 Matthaaus,
2932 3334 2980 3388 si
3020 3331 3363 3403 praedicavit
3402 3331 3462 3385 in
3502 3330 3718 3386 Ethio-

2069 3426 2192 3498 pia,
2224 3441 2295 3480 eo
2325 3422 2713 3479 verisimiliter
2744 3422 2896 3476 venit
2922 3426 3055 3476 ante
3086 3419 3400 3489 imperium
3449 3419 3714 3485 Neronis,

2070 3520 2172 3570 aut
2201 3516 2355 3569 certe
2398 3515 2621 3569 Nerone
2667 3525 2787 3565 non
2824 3509 2923 3563 diu
2971 3510 3320 3578 imperante.
3354 3506 3568 3563 Omnia
3610 3505 3719 3577 igi-

2072 3606 2185 3668 tur,
2230 3617 2365 3674 quas
2403 3600 2477 3656 de
2529 3603 2685 3655 statu
2731 3598 2897 3668 regni
2943 3595 3248 3667 Ethiopite
3288 3595 3609 3649 traduntur
3656 3595 3717 3650 in

2070 3691 2244 3757 Actis,
2278 3704 2520 3761 prorsus
2559 3689 2832 3744 videntur
2870 3685 3087 3748 ﬁctitia,
3124 3698 3231 3739 nec
3261 3682 3446 3738 ullam
3488 3697 3717 3738 meren-

2072 3784 2166 3834 tur
2193 3777 2391 3833 ﬁdem.

2142 3871 2193 3922 8.
2212 3869 2337 3923 Non
2359 3866 2554 3921 minus
2582 3864 2778 3919 ﬁctitia
2804 3861 3097 3927 videntur,
3128 3876 3263 3935 quae
3294 3860 3367 3915 de
3398 3874 3714 3932 progressu

2070 3955 2205 4011 ﬁdei
2234 3953 2573 4010 Christianis
2612 3952 2670 4007 in
2703 3950 2997 4024 :Ethiopia
3040 3949 3283 4005 tradunt
3308 3953 3467 4004 Acta.
3503 3949 3557 4005 Si
3583 3948 3718 4019 quis

2070 4046 2227 4101 enim
2256 4043 2408 4099 Actis
2440 4040 2677 4096 credere
2708 4039 2974 4102 voluerit,
3009 4037 3295 4092 convertit
3322 4038 3379 4092 S.
3414 4036 3716 4091 Matthaus

2068 4149 2268 4204 regem
2304 4134 2640 4202 Egyppum,
2670 4130 2938 4197 reginam
2964 4116 3356 4190 'Eufenissam,
3386 4138 3716 4195 eorumque

2070 4220 2283 4283 ﬁlium,
2328 4235 2361 4272 a
2408 4223 2593 4271 morte
2633 4216 2797 4287 prius
2847 4214 3219 4278 suscitatum,
3263 4210 3365 4283 qui
3409 4211 3713 4267 Eufrauon

2070 4313 2338 4371 vocatur,
2370 4304 2675 4374 ﬁliamque
2705 4301 3118 4372 Ephigeniam,
3146 4300 3325 4355 modo
3343 4299 3714 4370 Iphigeniam

2072 4395 2297 4468 passim
2310 4394 2552 4448 dictam.
2575 4388 2835 4445 Ecclesia
2854 4403 3096 4461 quoque
3110 4393 3446 4444 constructa
3474 4386 3712 4451 dicitur,

2071 4484 2132 4540 in
2165 4500 2278 4555 qua
2319 4480 2620 4539 Matthaaus
2664 4478 2882 4533 sederit
2919 4475 3093 4531 annis
3149 4480 3236 4532 23.
3290 4475 3410 4531 Hoc
3450 4481 3716 4546 tempore

2071 4573 2289 4629 multas
2314 4570 2617 4627 fabricavit
2639 4565 2938 4632 ecclesias,
2966 4584 2995 4616 α
3016 4564 3316 4620 constituit
3339 4564 3716 4635 presbyteros

2069 4668 2126 4718 et
2155 4662 2527 4723 diacones,...
2554 4663 2608 4713 et
2640 4672 2744 4730 per
2770 4654 3034 4712 civitates
3060 4660 3115 4709 et
3145 4654 3387 4709 castella
3420 4652 3716 4709 ordinavit

2067 4751 2399 4825 episcopos.
2436 4770 2462 4800 ››
2494 4751 2777 4802 Prteterea
2814 4765 2837 4795 α
2870 4741 3075 4798 omnia
3116 4741 3453 4806 simulacra,
3486 4741 3717 4796 omnia-

2067 4856 2184 4912 que
2212 4836 2435 4909 templa
2465 4856 2494 4889 ››
2526 4840 2869 4891 asseruntur
2896 4851 2924 4884 α
2964 4830 3281 4885 destructa.
3330 4850 3352 4878 ι
3390 4828 3529 4884 Filia
3559 4830 3715 4897 regis

2072 4950 2097 4981 α
2141 4928 2463 5000 Ephigenia
2493 4944 2521 4977 ιο
2555 4924 2951 4993 virginitatem
2988 4918 3274 4992 professa,
3327 4936 3355 4970 α
3404 4922 3531 4973 erat
3568 4933 3716 4990 prae-

2066 5017 2264 5090 posita
2291 5015 2588 5084 virginum
2623 5010 2881 5084 amplius
2910 5024 3093 5081 quam
3133 5007 3548 5062 ducentarum.
3582 5005 3714 5062 Haec

2068 5104 2273 5163 omnia
2303 5104 2457 5159 facta
2508 5101 2805 5165 dicuntur,
2861 5097 3093 5152 vivente
3136 5109 3271 5167 rege
3320 5096 3588 5166 Egyppo.
3636 5097 3715 5150 Eo

2068 5194 2369 5258 defuncto,
2403 5190 2719 5261 occisoque
2752 5190 2807 5243 S.
2844 5184 3111 5241 Matthaao
3141 5184 3220 5238 ob
3255 5187 3593 5239 recusatum
3636 5183 3715 5239 ab

2070 5281 2393 5355 Ephigenia
2427 5277 2869 5333 matrimonium
2904 5288 3041 5328 cum
3072 5287 3229 5328 novo
3272 5284 3409 5341 rege
3438 5274 3715 5344 Hyrtaco,

2068 5388 2161 5427 res
2218 5367 2681 5424 Christianorum
2713 5362 2949 5418 modico
3000 5366 3265 5434 tempore
3297 5358 3494 5415 minus
3546 5360 3717 5415 erant

2068 5474 2387 5533 prosperat.
2420 5456 2488 5511 At
2523 5469 2659 5509 cum
2689 5451 2932 5525 punitus
2964 5466 2999 5506 a
3025 5466 3086 5506 se
3113 5455 3264 5505 esset
3308 5451 3613 5521 Hyrtacus,
3660 5453 3718 5504 et

2068 5546 2310 5622 proprio
2336 5561 2397 5600 se
2428 5542 2629 5617 gladio
2648 5540 2972 5609 occidisset,
3003 5538 3184 5597 frater
3213 5537 3547 5611 Ephigenim
3577 5536 3719 5592 dici-
