4142 6278
472 267 578 320 755

1801 251 2057 311 MENSIS
2097 245 2548 306 SEPTEMBER.

3799 238 3928 292 756

475 393 567 446 tur
593 404 848 457 regnum
873 387 1144 461 adeptus,
1176 387 1440 459 illudque
1471 385 1727 443 tenuisse
1754 379 1926 436 annis
1958 389 2119 432 sexa-
2149 371 2196 426 A
2229 387 2347 426 non
2381 371 2658 461 facerem,
2687 368 2736 461 si
2763 368 2894 424 hac
2917 369 3063 461 Acta
3101 363 3484 461 ederem,nex
3529 359 3920 461 apographo

475 479 638 548 ginta
664 479 876 534 tribus.
912 499 939 528 «
973 479 1191 534 Omnes
1214 482 1410 530 autem
1436 473 1752 545 provincia
1780 469 2116 537 [Ethiopum

475 568 736 622 ecclesiis
777 566 1011 636 repleta
1053 564 1359 620 Catholicis
1407 578 1591 634 usque
1643 562 1701 616 in
1759 558 2114 614 hodiernum

475 654 658 718 diem,
702 653 894 725 inquit
929 657 1154 716 auctor,
1202 667 1306 722 per
1336 649 1725 722 Ephigeniam
1757 642 2122 702 benedicunt

479 743 685 805 Deum,
720 747 776 795 et
804 741 951 794 ﬁunt
977 738 1266 794 mirabilia
1312 755 1533 810 magna
1563 739 1639 793 ad
1685 732 2120 792 confessionem

475 829 630 886 beati
653 827 906 902 apostoli
937 827 1204 884 Matthai.
1242 849 1268 876 ››
1294 828 1516 898 Itaque,
1542 827 1590 880 si
1621 826 1775 880 Actis
1799 821 2117 879 credimus,

477 918 634 972 circa
666 915 929 972 medium
959 915 1158 970 saculi
1189 931 1225 970 ιι
1252 917 1444 987 magis
1471 914 1771 970 Catholica
1805 911 1921 966 tide
1954 907 2123 963 ﬂore-

475 1005 580 1062 bat
628 1004 884 1064 Ecclesia
926 1005 1256 1075 IEthiopia,
1307 1020 1491 1076 quam
1555 1002 1675 1057 ulla
1725 999 1842 1057 alia
1893 999 1951 1054 in
2005 999 2125 1050 toto

476 1093 728 1150 mundo.

549 1186 600 1238 9.
642 1185 711 1238 At
732 1197 801 1236 ea
832 1195 1074 1252 prorsus
1105 1180 1467 1234 incredibilia
1491 1183 1629 1233 sunt
1650 1194 1720 1232 ex
1745 1173 1973 1230 silentio
2004 1187 2129 1226 om-

479 1271 644 1326 nium
667 1269 1019 1342 scriptorum
1043 1267 1447 1338 antiquorum.
1474 1265 1621 1322 Cum
1649 1265 1807 1319 enim
1829 1258 2128 1325 [Ethiopia

476 1357 730 1430 Egypto
762 1357 833 1412 sit
862 1355 1248 1419 contermina,
1275 1370 1393 1412 non
1417 1354 1746 1425 potuissent
1768 1352 1967 1406 Patres
2007 1345 2129 1403 alii-

477 1461 594 1517 que
641 1445 952 1516 scriptores
978 1442 1311 1506 Christiani,
1357 1442 1460 1513 qui
1507 1440 1806 1513 prioribus
1861 1435 2130 1492 Ecclesia

479 1531 713 1588 saculis
764 1530 1090 1587 ﬂoruerunt
1137 1531 1196 1586 in
1249 1529 1518 1600 :Egypto,
1570 1531 1628 1584 in
1686 1526 2010 1589 Palastina,
2070 1522 2129 1577 in

481 1621 696 1685 Africa,
728 1626 831 1676 aut
858 1620 1034 1674 etiam
1075 1619 1133 1673 in
1165 1619 1483 1689 provinciis
1504 1617 1582 1673 ab
1608 1616 1904 1687 [Ethiopia
1937 1612 2128 1682 magis

2228 467 2427 516 nostro
2453 460 2872 515 brevissimum
2897 455 3055 511 dabo
3085 451 3532 524 compendium,
3567 451 3736 522 quod
3781 450 3921 505 suf-

2229 551 2384 604 ﬁciet
2404 549 2474 603 ad
2513 548 2688 602 ﬁdem
2720 548 2789 601 iis
2820 542 3274 600 detrahendam.

2308 643 2387 691 tl.
2419 637 2800 692 Coustituitur
2819 638 3061 690 sanctus
3083 631 3390 688 Matthaus
3416 631 3592 703 quasi
3611 646 3682 684 ex
3707 628 3917 683 abru-

2232 731 2332 798 pto
2364 725 2523 780 solus
2551 726 2609 780 in
2642 731 2841 780 monte
2873 738 3072 788 orans,
3112 720 3438 791 vidensque
3479 735 3698 791 pueros
3743 717 3917 772 mul-

2234 821 2323 870 tos
2354 831 2491 870 cum
2521 815 2657 869 Jesu
2701 812 2950 886 parvulo
2981 814 3041 867 in
3088 809 3371 883 paradiso
3397 814 3734 865 cantantes.
3777 810 3918 864 Mox

2233 905 2402 961 adest
2442 905 2616 959 Jesus
2663 903 2875 968 oranti,
2919 907 2974 956 et
3024 899 3331 972 apostolus
3371 897 3583 953 videns
3631 912 3918 969 puerum

2235 992 2727 1065 pulcherrimum,
2752 991 3005 1046 multum
3021 985 3758 1052 sollicitudinisinsinuat,
3782 1000 3918 1056 quo

2236 1097 2374 1136 eum
2413 1081 2596 1136 modo
2652 1080 2874 1134 nutrire
2915 1077 3099 1148 possit
3142 1076 3201 1130 in
3245 1075 3378 1130 loco
3419 1074 3676 1139 deserto,
3728 1072 3918 1127 omni

2238 1169 2372 1224 cibo
2403 1175 2458 1222 et
2489 1173 2632 1238 potu
2663 1167 2996 1221 destitutus.
3020 1168 3092 1220 At
3106 1166 3274 1219 Jesus
3298 1161 3553 1233 explicat
3573 1161 3712 1233 quis
3729 1161 3920 1222 sit,et

2239 1261 2373 1327 post
2405 1254 2622 1310 multos
2646 1269 2950 1309 sermones
2993 1252 3235 1308 minime
3267 1250 3638 1314 verisimiles,
3672 1247 3919 1320 quibus

2239 1343 2390 1398 inter
2419 1343 2534 1398 alia
2561 1343 2722 1408 dicit,
2753 1342 3038 1398 Herodem
3069 1341 3128 1395 in
3159 1339 3391 1395 inferno
3421 1353 3554 1394 esse
3585 1338 3664 1392 ob
3699 1336 3917 1392 occisa

2239 1431 2518 1488 undecim
2573 1446 2896 1502 puerorum
2938 1429 3142 1494 millia,
3177 1428 3447 1483 Matthao
3499 1427 3600 1482 dat
3635 1425 3915 1495 virgam,

2239 1536 2423 1595 quam
2460 1519 2630 1590 jubet
2684 1519 2951 1591 plantare
2979 1518 3151 1588 juxta
3183 1523 3416 1588 portam
3449 1514 3721 1571 ecclesia
3781 1512 3918 1568 fun-

2241 1610 2394 1665 data
2421 1609 2497 1664 ab
2525 1609 2655 1680 ipso
2682 1608 2983 1663 etAndrea
3009 1605 3279 1677 apostolo
3296 1605 3356 1660 in
3383 1605 3616 1659 civitate
3642 1602 3920 1657 Anthro-

479 1709 745 1772 remotis,
761 1708 1034 1775 ignorare
1059 1706 1376 1764 Ecclesiam
1405 1705 1568 1776 regni
1596 1703 1951 1778 amplissimi
1979 1702 2129 1756 adeo
2164 1708 2207 1768 Β
2242 1699 2683 1771 pophagorum.
2715 1698 2951 1767 Virgam
2978 1696 3118 1750 dicit
3165 1710 3481 1750 evasuram
3502 1693 3560 1748 in
3593 1692 3911 1755 arborem,

480 1795 809 1861 ﬂorentem,
844 1799 898 1850 et
928 1795 1001 1849 de
1041 1811 1113 1850 ea
1139 1810 1384 1865 prorsus
1411 1799 1623 1849 tacere.
1658 1792 1878 1848 Deinde
1908 1807 2046 1846 vero
2080 1789 2129 1844 si

479 1884 809 1942 Christiana
838 1885 988 1940 ﬁdes
1013 1891 1132 1942 tam
1152 1885 1301 1941 bene
1327 1885 1570 1941 fundata
1591 1885 1796 1941 fuisset
1826 1886 1883 1939 in
1915 1881 2131 1938 Ethio-

481 1971 598 2045 pia,
632 1988 754 2028 non
784 1973 1072 2041 potuisset
1101 1972 1414 2035 eliminari.
1461 1973 1572 2028 nisi
1607 1972 1968 2043 gravissimis
2000 1986 2128 2042 per-

481 2061 884 2117 secutionibus
919 2068 973 2117 et
1005 2062 1179 2130 longo
1212 2066 1500 2133 tempore.
1540 2066 1614 2117 De
1645 2062 1737 2116 his
1769 2066 1968 2118 autem
2002 2075 2128 2131 per-

481 2149 888 2206 secutionibus
920 2150 1128 2206 saltem
1149 2152 1502 2207 innotuisset
1525 2151 1761 2206 illorum
1790 2155 2130 2221 temporum

483 2236 889 2308 scriptoribus,
912 2239 1014 2309 qui
1038 2237 1111 2292 de
1141 2237 1254 2292 illis
1282 2254 1402 2294 non
1434 2238 1772 2308 tacuissent,
1808 2241 1985 2308 prout
2011 2250 2127 2291 non

483 2340 692 2380 omnes
707 2329 1016 2380 tacuerunt
1039 2324 1112 2379 de
1136 2326 1648 2396 persecutionibus
1665 2325 2132 2381 Christianorum

482 2411 543 2467 in
560 2412 922 2476 Perside,ubi
938 2413 1083 2467 ﬁdes
1101 2429 1414 2486 nunquam
1430 2418 1549 2469 tam
1569 2414 1718 2468 bene
1736 2413 1843 2468 fuit
1860 2411 2129 2479 stabilita,

481 2515 666 2573 quam
693 2500 1013 2558 stabilitam
1040 2500 1217 2557 fuisse
1236 2502 1293 2556 in
1307 2501 1603 2572 Ethiopia
1627 2507 1830 2557 auctor
1851 2503 2132 2556 Actorum

483 2587 783 2646 conﬁnxit.
806 2591 921 2646 Hoc
954 2593 1156 2646 tamen
1173 2595 1595 2658 argumentum
1611 2590 1793 2645 nolim
1809 2590 1991 2644 lector
2014 2605 2132 2644 ver-

485 2679 569 2732 tat
595 2681 800 2732 contra
831 2677 1313 2748 praedicationem
1358 2677 1550 2748 ipsam
1580 2678 1764 2733 sancti
1795 2676 2046 2733 Matthai
2071 2678 2132 2732 in

485 2764 801 2836 EthiOpia,
838 2763 912 2818 de
953 2780 1075 2836 qua
1121 2781 1229 2820 suo
1269 2765 1400 2820 loco
1450 2781 1626 2838 agam
1662 2782 1673 2820 :
1717 2781 1939 2836 magna
1974 2766 2130 2820 enim

484 2855 576 2908 est
605 2851 1009 2922 discrepantia
1043 2852 1193 2907 inter
1239 2853 1566 2924 simplicem
1598 2854 1735 2909 ﬁdei
1763 2853 2133 2924 praedicatio-

483 2953 622 2994 nem
645 2955 782 2996 cum
811 2939 1098 2996 nonnullo
1129 2941 1306 2996 etiam
1349 2941 1561 3006 fructu,
1597 2945 1654 2997 et
1679 2942 2131 2998 conversionem

2242 1789 2499 1860 indeque
2517 1787 2804 1843 oriturum
2837 1786 3085 1848 fontem,
3116 1784 3190 1839 de
3218 1799 3334 1854 quo
3377 1783 3458 1838 uti
3488 1787 3544 1837 et
3567 1781 3641 1836 de
3685 1781 3915 1836 arbore

2241 1878 2336 1948 adj
2349 1883 2648 1947 unguntur
2662 1874 2891 1931 fabella
2906 1873 3181 1946 plurima
3199 1889 3213 1939 ;
3231 1872 3632 1944 pradictoque
3645 1871 3910 1924 demum

2245 1965 2526 2036 martyrio
2557 1965 2808 2022 Matthai
2840 1979 2944 2035 per
2991 1963 3214 2032 ignem,
3259 1977 3407 2032 puer
3432 1959 3626 2015 subito
3661 1958 3750 2013 ad
3796 1974 3912 2013 ca-

2241 2053 2366 2108 lum
2398 2054 2726 2108 revertitur.
2753 2053 3057 2109 Matthaus
3085 2066 3221 2106 vero
3249 2049 3327 2105 ad
3351 2047 3558 2104 urbem
3590 2052 3907 2119 properat,

2240 2144 2487 2214 quando
2501 2147 2819 2197 occurrunt
2835 2140 3142 2196 Phulbana
3158 2138 3380 2212 regina,
3403 2136 3754 2193 Phulbanus
3777 2136 3910 2206 ejus

2243 2230 2420 2298 ﬁlius,
2466 2234 2524 2286 et
2574 2229 2752 2299 hujus
2802 2245 2946 2285 uxor
2998 2229 3169 2294 Erba,
3228 2242 3436 2282 omnes
3482 2224 3904 2294 energumeni,

2242 2325 2298 2374 et
2346 2319 2618 2375 Matthao
2664 2318 3022 2381 minitantes,
3071 2333 3144 2372 ne
3194 2315 3489 2388 plantaret
3525 2314 3791 2384 virgam.
3840 2319 3908 2369 At

2241 2407 2336 2464 his
2377 2406 2627 2476 singulis
2670 2422 2885 2462 manus
2935 2407 3273 2476 imponens,
3336 2403 3508 2474 ejecit
3560 2403 3902 2469 damones,

2242 2501 2297 2550 et
2328 2510 2466 2550 mox
2493 2493 2739 2548 obvium
2771 2493 2980 2549 habuit
3021 2492 3322 2549 Platonem
3367 2492 3720 2563 episc0pum
3765 2506 3900 2545 cum

2193 2597 2199 2602 ‘
2243 2588 2364 2638 toto
2396 2582 2570 2638 clero.
2607 2584 2976 2650 Congregato
3006 2581 3222 2636 deinde
3253 2579 3500 2652 populo,
3556 2594 3894 2635 sermonem

2243 2671 2506 2736 instituit,
2549 2676 2606 2726 et
2645 2672 2874 2740 virgam
2907 2670 3159 2742 plantat,
3201 2680 3279 2735 et,
3316 2670 3563 2740 jubente
3593 2667 3889 2740 apostolo,

2246 2759 2403 2814 Plato
2434 2760 2699 2830 reginam
2731 2760 2977 2831 ejusque
3018 2759 3206 2814 ﬁlium
3248 2765 3304 2814 et
3344 2774 3561 2813 nurum
3612 2757 3889 2826 baptizat.

2245 2848 2525 2904 Postridie
2562 2850 2725 2917 virga
2765 2849 2823 2902 in
2863 2848 3138 2904 arborem
3181 2854 3442 2904 creverat
3469 2853 3524 2903 et
3564 2846 3783 2902 ﬂuvius
3823 2862 3886 2901 ex

2242 2936 2454 2993 arbore
2512 2936 2948 3006 egrediebatur.
3007 2937 3266 3008 P0pulus
3326 2952 3463 2991 vero
3519 2935 3886 2991 manducans

484 3028 663 3086 totius
693 3029 882 3097 regni,
912 3044 1045 3100 qua
1074 3029 1150 3085 ad
1183 3030 1476 3099 integrum
1523 3030 1640 3085 fere
1679 3030 1968 3087 saculum
2007 3032 2132 3086 sine
2170 3056 2210 3112 ρ
2246 3025 2499 3080 fructum
2535 3026 2764 3080 arboris
2797 3026 3076 3094 cognovit
3116 3042 3177 3080 se
3216 3024 3448 3080 nudum
3485 3040 3634 3090 esse,
3685 3024 3884 3078 erube-

485 3117 997 3188 persecutionibus
1016 3116 1217 3174 fuisset
1243 3119 1588 3174 continuata
1609 3118 1940 3174 secundum
1970 3122 2129 3189 Acta,

485 3209 541 3260 et
572 3205 655 3260 sic
682 3206 901 3275 optime
933 3205 1184 3263 ﬁrmata.
1212 3209 1502 3263 Caterum
1539 3207 1722 3263 multa
1751 3223 1991 3280 quoque
2017 3210 2135 3265 alia

484 3291 545 3347 in
579 3292 734 3348 Actis
773 3299 911 3348 sunt
954 3293 1393 3364 improbabilia,
1424 3311 1556 3366 qua
1587 3294 1836 3350 breviter
1866 3297 1924 3350 in
1950 3296 2132 3351 adno-

485 3380 622 3436 tatis
654 3382 981 3450 assignabo
1008 3399 1019 3436 ε
1048 3398 1188 3438 nam
1222 3383 1347 3438 hac
1372 3384 1537 3450 Acta,
1560 3385 1836 3455 quamvis
1864 3383 2137 3442 fabulosa

484 3467 622 3530 sint,
680 3468 855 3525 edere
901 3470 1096 3538 statui,
1149 3471 1293 3541 quia
1348 3473 1534 3528 Latini
1587 3474 1962 3538 recentiores,
2032 3471 2137 3544 qui

485 3563 671 3626 agunt
711 3558 785 3613 de
821 3565 1022 3614 sancto
1056 3560 1347 3627 Matthao,
1381 3561 1587 3618 omnia
1611 3561 1730 3618 fere
1765 3579 1873 3618 sua
1920 3579 1992 3618 ex
2022 3563 2136 3620 illis

486 3644 840 3704 hauserunt.

566 3737 646 3788 l0.
690 3735 832 3788 Acta
863 3737 1083 3802 Graca,
1115 3751 1187 3790 ex
1239 3737 1459 3807 quibus
1505 3740 1853 3794 recentiores
1886 3741 2137 3811 quidam

486 3820 562 3878 de
613 3827 813 3878 sancto
875 3823 1144 3878 Matthao
1198 3830 1465 3894 egerunt,
1521 3825 1695 3880 nobis
1745 3827 2010 3882 similiter
2061 3829 2137 3883 ad

489 3924 738 3964 manum
790 3915 950 3975 sunt,
992 3911 1289 3982 descripta
1337 3927 1405 3966 ex
1461 3913 1664 3968 codice
1709 3915 1992 3970 Vaticano
2035 3920 2138 3971 808

488 3996 640 4055 inter
664 3995 921 4052 Gracos.
948 3998 1096 4054 Nihil
1130 4000 1255 4054 hac
1282 3999 1506 4056 habent
1528 4017 1846 4058 commune
1867 4020 2006 4059 cum
2041 4007 2140 4060 La-

489 4086 626 4142 tinis
646 4086 826 4142 modo
859 4086 1212 4158 improbatis
1237 4105 1250 4155 ;
1272 4089 1372 4146 sed
1402 4091 1566 4146 hisce
1588 4092 1766 4147 etiam
1791 4093 1981 4163 magis
2004 4099 2142 4149 sunt

492 4172 788 4237 informia,
820 4178 1130 4247 magisque
1161 4178 1431 4244 ridicula,
1465 4196 1601 4236 cum
1634 4197 1750 4236 non
1784 4182 1893 4237 nisi
1923 4199 2143 4254 pauco-

490 4278 622 4320 rum
666 4263 896 4318 dierum
939 4272 1104 4334 gesta
1146 4267 1264 4323 fere
1304 4271 1666 4336 contineant,
1707 4276 1762 4326 et
1811 4271 1954 4327 nihil
1996 4273 2141 4328 refe-

491 4357 625 4408 rant
651 4359 856 4423 praeter
887 4354 1113 4428 aliquot
1151 4357 1309 4413 facta
1342 4363 1397 4412 et
1430 4358 1702 4429 prodigia
1739 4360 1915 4430 plane
1959 4365 2142 4417 incre-

2244 3121 2594 3187 scentesque
2646 3115 2862 3183 singuli
2896 3116 3144 3169 domum
3176 3117 3563 3169 cucurrerunt
3599 3113 3666 3167 ad
3700 3117 3879 3166 vestes

2244 3203 2706 3275 comparandas.
2758 3203 2919 3259 Mitto
2950 3218 3142 3272 nugas
3189 3202 3434 3269 similes,
3495 3207 3551 3257 ut
3595 3202 3750 3256 citius
3797 3199 3871 3254 ad

2244 3290 2461 3347 fabula
2493 3292 2904 3362 catastrophen
2933 3293 3360 3362 perveniamus.

2319 3384 2400 3433 l2.
2447 3380 2792 3434 Phulbanus
2845 3396 2967 3446 rex,
3027 3379 3315 3436 excitatus
3370 3395 3406 3437 a
3448 3379 3737 3441 damone,
3780 3377 3874 3431 diu

2245 3468 2458 3523 frustra
2486 3469 2822 3523 Matthaum
2863 3469 3369 3540 comprehendere
3401 3474 3667 3532 conatur,
3702 3483 3768 3522 ac
3792 3465 3882 3520 de-

2247 3573 2433 3620 mum,
2471 3557 2570 3611 ubi
2603 3557 2798 3628 ipsum
2819 3558 3232 3626 advocaverat,
3265 3558 3525 3614 cacitate
3557 3557 3879 3627 percutitur.

2246 3647 2503 3702 Sanatus
2539 3648 2612 3702 ab
2650 3649 2941 3718 apostolo;
2989 3647 3149 3704 hunc
3176 3648 3262 3703 vel
3297 3649 3381 3702 sic
3424 3647 3876 3720 comprehendit.

2246 3741 2301 3791 et
2353 3735 2546 3806 longis
2586 3736 2770 3791 clavis
2820 3744 2988 3792 terra
3039 3736 3196 3806 afﬁgi
3234 3737 3424 3808 jubet,
3469 3738 3875 3808 materiemque

2252 3823 2500 3880 multam
2530 3825 2697 3880 facile
2739 3826 3216 3882 combustibilem
3243 3826 3399 3882 circa
3425 3827 3626 3897 ipsum
3659 3840 3877 3894 congre-

2249 3911 2398 3981 gari,
2441 3919 2495 3967 et
2542 3912 2625 3967 sic
2669 3914 2961 3969 comburi.
3022 3917 3231 3970 Verum
3291 3915 3607 3971 combusta
3655 3914 3873 3988 quidem

2252 4000 2499 4054 materia
2539 4002 2978 4073 circumposita,
3015 4019 3130 4058 non
3171 4004 3310 4058 item
3349 4003 3527 4058 Iasus
3564 4003 3868 4077 apostolus.

2247 4087 2614 4158 Jussitigitur
2635 4105 2733 4144 rex
2756 4091 3074 4146 duodecim
3095 4091 3240 4147 deos
3267 4108 3480 4148 aureos
3502 4098 3558 4147 et
3583 4097 3866 4163 argenteos

2251 4177 2470 4232 circum
2501 4194 2712 4250 pyram
2747 4178 2907 4250 poni,
2954 4195 3026 4233 ne
3066 4182 3146 4234 vis
3178 4181 3440 4236 ﬂamma
3469 4182 3857 4253 impediretur;

2251 4267 2586 4339 ipsequead
2618 4267 2816 4323 locum
2849 4270 3203 4325 accessit.At
3234 4271 3335 4325 ubi
3369 4269 3852 4340 incensaestpyra,

2252 4372 2389 4410 mox
2430 4356 2582 4426 ignis
2615 4356 2851 4412 recessit
2886 4373 2920 4412 a
2965 4358 3255 4424 Matthao,
3290 4359 3728 4432 combussitque
3763 4371 3866 4411 om-

492 4441 721 4498 dibilia.
747 4444 966 4498 Horum
992 4451 1270 4500 Actorum
1293 4447 1716 4515 compendium
1737 4449 1839 4503 dat
1859 4449 2142 4520 Nicepho-
2178 4454 2220 4507 D
2254 4461 2356 4498 nes
2374 4446 2517 4500 deos
2543 4463 2754 4502 aureos
2769 4453 2823 4501 et
2844 4454 3179 4515 argenteos,
3212 4447 3658 4520 fugientemque
3699 4459 3872 4516 regem

492 4544 592 4585 rus
641 4527 934 4593 Callistus,
978 4529 1079 4584 lib.
1137 4547 1174 4584 ιι
1225 4532 1508 4596 Historia,
1565 4549 1695 4603 cap.
1748 4538 1835 4590 41.
1901 4539 1976 4590 De
2028 4538 2140 4592 hoc

495 4615 854 4687 compendio
873 4617 1153 4671 Baronius
1166 4618 1224 4672 in
1239 4619 1539 4674 adnotatis
1554 4621 1630 4675 ad
1655 4621 2138 4693 Martyrologium

495 4706 577 4760 ita
619 4704 901 4778 loquitur.
939 4727 966 4755 (ι
1007 4707 1302 4763 Nonnulla
1340 4707 1412 4762 de
1447 4709 1716 4764 Matthao
1757 4712 1954 4767 scribit
1981 4715 2142 4769 Nice-

494 4795 739 4867 phorus,
769 4793 869 4849 lib.
904 4811 963 4859 ιι,
1003 4810 1128 4867 cap.
1175 4797 1235 4851 41
1265 4815 1279 4865 ;
1323 4795 1425 4850 sed
1457 4812 1591 4869 qua
1623 4797 1843 4854 nullius
1901 4817 2141 4871 prorsus

498 4887 634 4938 sunt
677 4883 1013 4942 testimonio
1061 4884 1470 4956 comprobata.
1503 4907 1526 4936 υ
1563 4886 1660 4942 Vel
1694 4888 1776 4942 sic
1811 4894 2009 4945 tamen
2055 4893 2143 4948 Ni-

497 4973 739 5041 cephori
781 4973 1202 5044 compendium
1236 4972 1390 5028 Actis
1415 4975 1558 5046 ipsis
1591 4975 1788 5031 minus
1821 4978 2030 5035 saltem
2058 4986 2144 5036 est

497 5059 851 5128 ridiculum;
886 5077 1023 5117 cum
1071 5063 1256 5118 multa
1299 5064 1566 5120 omiserit
1613 5066 1898 5134 adjuncta
1947 5069 2140 5138 magis

500 5153 698 5216 aperte
728 5147 1024 5213 fabulosa,
1047 5155 1103 5204 et
1131 5151 1293 5208 initio
1326 5167 1520 5223 pauca
1552 5156 1988 5222 prtemiseritde
2008 5175 2140 5213 san-

500 5237 594 5288 cto
630 5236 898 5290 Matthao
916 5236 1154 5294 aliunde
1187 5244 1344 5296 nota.
1371 5243 1447 5295 Ex
1491 5241 1698 5297 iisdem
1733 5244 1886 5298 Actis
1912 5252 2140 5303 contra-

2254 4535 2541 4606 serpentis
2566 4536 2762 4605 specie
2793 4534 3117 4601 insecutus,
3145 4535 3493 4605 prohibebat
3520 4537 3598 4592 ab
3630 4539 3874 4607 ingressu

2255 4621 2453 4692 palatii
2486 4624 2597 4690 sui,
2627 4625 2817 4678 donec
2859 4631 3246 4679 reverteretur
3288 4625 3364 4679 ad
3415 4627 3770 4687 Matthaum.
3817 4621 3880 4678 ab

2253 4727 2442 4782 eoque
2487 4712 2957 4768 misericordiam
3007 4719 3244 4784 peteret.
3297 4717 3464 4781 Tum,
3507 4720 3721 4771 orante
3767 4715 3881 4768 Mat-

2253 4804 2426 4864 thao,
2455 4804 2662 4873 igneus
2691 4802 2866 4856 draco
2897 4805 3137 4858 evanuit
3165 4820 3178 4869 ;
3210 4805 3520 4877 apostolus
3549 4821 3692 4860 vero
3729 4817 3884 4859 orans

2252 4892 2514 4962 Spiritum
2539 4893 2656 4945 Deo
2684 4892 2940 4957 tradidit,
2975 4898 3030 4946 et
3051 4893 3294 4964 quidem
3319 4893 3416 4949 die
3449 4899 3507 4951 l6
3532 4892 3884 4954 Novembris,

2253 4980 2299 5035 si
2345 4981 2660 5036 fabulatori
2692 4980 3015 5035 credimus.
3045 4986 3114 5036 At
3159 4983 3413 5038 necdum
3456 4983 3796 5039 fabularum
3834 4979 3890 5034 li-

2252 5071 2363 5126 nis.
2401 5071 2576 5124 Jubet
2622 5087 2720 5125 rex
2753 5070 3008 5125 defuncti
3052 5087 3289 5143 corpus,
3334 5088 3516 5128 aureo
3546 5071 3886 5142 impositum

2251 5161 2420 5223 lecto,
2450 5158 2526 5215 ad
2552 5159 2836 5228 palatium
2870 5176 3045 5214 suum
3070 5160 3310 5232 perferri
3334 5185 3344 5214 :
3371 5161 3888 5217 deindeinclusum

2253 5265 2404 5306 arca
2430 5249 2648 5314 ferrea;
2683 5249 2931 5318 plumbo
2963 5251 3139 5305 etiam
3165 5256 3444 5320 gravata,
3482 5250 3537 5304 in
3573 5266 3740 5306 mare
3773 5262 3888 5319 pro-

499 5323 658 5408 ctum
688 5327 776 5376 est
799 5321 1075 5390 elogium,
1099 5330 1260 5399 quod
1292 5331 1570 5386 exhibent
1608 5335 1822 5389 Menaa
1854 5335 2142 5404 impressa
2246 5337 2368 5408 jici,
2410 5343 2469 5392 ut
2512 5338 2792 5401 crederet,
2835 5338 2879 5391 si
2925 5353 3142 5408 corpus
3183 5355 3254 5394 ex
3297 5339 3446 5395 mari
3485 5338 3703 5394 rediret
3745 5339 3891 5393 inco-

501 5405 578 5461 ad
611 5424 703 5498 xvi
725 5408 1069 5498 Novembris
1104 5437 1113 5477 ;
1145 5418 1246 5470 sed
1270 5425 1324 5473 et
1347 5419 1424 5473 ibi
1452 5419 1658 5493 aliqua
1680 5422 1843 5476 initio
1865 5423 2141 5480 dicuntur
2248 5405 2428 5480 lume.
2475 5425 2572 5479 His
2605 5427 2873 5495 peractis,
2909 5405 3152 5498 apparet
3178 5434 3419 5482 sanctus
3447 5427 3753 5483 Matthaus
3773 5424 3888 5481 Plao

503 5506 574 5546 ex
604 5492 732 5548 aliis
761 5494 1134 5554 documentis
1176 5511 1432 5576 accepta.
1467 5492 1611 5562 Cum
1651 5525 1843 5581 opera
1886 5514 2137 5583 pretium

2250 5515 2371 5572 toni
2393 5513 2696 5586 episcopo,
2727 5521 3066 5587 monetque,
3100 5520 3159 5570 ut
3189 5515 3263 5571 ad
3284 5531 3450 5571 mare
3473 5515 3758 5588 procedat
3785 5515 3888 5570 ritu
