4142 6278
262 266 370 321 757

1648 272 1813 329 νιΤΑ
1851 273 1913 331 S.
1954 274 2323 333 ΜΑΤΤΗιΕΙ.

3581 290 3687 349 7.58

262 390 520 448 solemni
551 404 687 446 cum
709 388 864 482 clero
895 405 1025 482 suo.
1060 389 1210 482 cum
1249 390 1328 449 ibi
1357 398 1575 463 essent,
1616 394 1773 454 circa
1799 413 1931 454 sex-
1961 399 2010 455 A
2038 404 2093 455 et
2121 399 2183 457 in
2203 400 2362 459 idem
2390 403 2614 472 recidit,
2643 407 2794 464 sicut
2821 410 2881 464 et
2908 406 3139 482 reliqua
3168 410 3390 476 omnia,
3443 411 3686 470 duobus

261 485 385 537 tam
400 479 518 536 diei
530 480 739 536 horam
757 479 917 535 videt
929 494 960 535 e
972 478 1303 553 longinquo
1316 482 1637 556 episcopus
1656 493 1927 543 sanctum

263 568 601 625 Iatthmum
617 567 770 623 inter
793 566 946 623 duos
977 568 1137 624 viros
1155 569 1566 628 ambulantem
1587 588 1694 644 per
1716 589 1879 629 mare
1902 591 1916 630 :

262 662 401 729 post
422 658 631 714 horam
661 656 818 712 videt
842 671 1084 714 crucem
1128 672 1159 712 e
1208 661 1356 715 mari
1413 668 1839 730 emergentem,
1869 668 1926 717 et

262 745 341 801 ad
373 745 553 801 ﬁnem
575 744 768 802 crucis
794 760 1018 811 arcam,
1051 746 1109 802 in
1141 761 1264 818 qua
1292 753 1416 804 erat
1444 750 1643 805 Sancti
1684 766 1925 821 corpus.

260 833 398 890 Hac
426 840 628 891 autem
660 850 895 890 crucem
920 834 1282 907 sequebatur
1324 854 1515 909 usque
1553 839 1629 894 ad
1683 845 1920 896 terram.

330 927 418 981 13.
454 924 532 979 Re
569 923 887 989 intellecta,
929 923 1180 980 accurrit
1205 927 1486 997 papulus,
1527 932 1585 983 et
1619 944 1723 984 rex
1770 929 1919 999 ipse,

255 1012 531 1085 deposita
551 1013 712 1068 omni
742 1012 1174 1079 incredulitate,
1201 1017 1448 1082 accedit,
1468 1022 1797 1088 prostratus
1827 1033 1920 1073 ve-

255 1102 423 1157 niam
443 1101 603 1173 petit,
635 1107 691 1156 et
714 1100 893 1157 ﬁdem
935 1103 1329 1173 amplectitur.
1365 1105 1559 1170 Quare
1595 1105 1921 1162 honoriﬁce

255 1188 337 1245 ad
366 1188 677 1245 ecclesiam
708 1196 978 1262 portatur
1015 1206 1236 1263 corpus
1269 1192 1461 1248 sancti
1493 1194 1770 1250 Matthtei.
1814 1196 1923 1251 Ba-

256 1278 468 1349 ptizato
508 1278 627 1349 regi
659 1284 836 1335 noctu
864 1286 1107 1336 sanctus
1169 1280 1477 1337 Matthmus
1539 1284 1837 1355 apparuit,
1862 1289 1921 1340 et

255 1367 597 1423 Malthaaum
630 1367 824 1423 vocari
844 1368 1042 1440 jussit,
1076 1374 1133 1425 et
1155 1371 1574 1442 presbyterum
1597 1372 1917 1443 ordinavit,

253 1456 441 1512 ﬁlium
475 1472 610 1512 vero
649 1457 778 1527 ejus
808 1457 1154 1523 diaconum,
1192 1458 1499 1530 utriusque
1542 1476 1755 1516 uxores
1790 1462 1915 1517 dia-

254 1545 549 1611 conissas,
576 1545 849 1602 omnium
878 1562 1122 1619 quoque
1154 1548 1771 1604 mutatisnominibus.
1799 1553 1917 1605 Rex

253 1634 433 1705 igitur
458 1650 669 1691 omnes
698 1635 757 1690 in
796 1650 983 1704 regno
1013 1650 1121 1690 suo
1146 1635 1327 1707 jussit
1364 1652 1492 1693 esse
1530 1637 1914 1704 Christianos,

2036 490 2290 561 exceptis
2320 491 2484 558 locis,
2516 494 2577 549 in
2605 495 2829 566 quibus
2861 495 3153 567 interpres
3204 498 3482 557 alteruter
3514 502 3684 558 aber-

2036 578 2207 643 ravit,
2240 584 2347 635 aut
2372 581 2642 638 codicem
2663 583 3263 656 habuitcorruptum,
3297 592 3359 644 ut
3390 588 3565 645 latius
3595 589 3685 647 di-

2035 680 2193 735 cam,
2222 667 2321 724 ubi
2347 674 2557 739 agetur
2584 671 2657 726 de
2690 672 3107 743 praedicatione
3163 676 3354 732 sancti
3408 677 3681 747 latthmi,

2035 754 2112 809 ad
2143 771 2327 827 quam
2353 757 2520 813 locus
2545 764 2791 832 uterque
2815 766 3062 832 spectat,
3105 767 3211 817 aut
3240 762 3303 817 in
3336 763 3681 821 Aduotatis.

2036 842 2202 899 Dabo
2221 843 2350 899 haec
2372 846 2537 911 Acta,
2567 848 2800 903 etiamsi
2832 864 2953 904 non
2974 848 3093 904 sint
3120 852 3490 908 auctoritatis
3521 869 3686 909 sum-

2033 933 2448 1004 mte,quianon
2468 935 2764 991 habemus
2782 937 3028 993 meliora
3047 937 3121 994 de
3142 944 3348 995 sancto
3376 941 3681 1009 Matthaao;

2032 1035 2372 1093 sequarque
2393 1023 2712 1080 editionem
2740 1026 2908 1094 Surii,
2943 1025 3129 1083 altera
3158 1026 3510 1098 planiorem,
3563 1045 3685 1086 me-

2029 1108 2378 1183 lioremque,
2420 1118 2482 1167 ut
2507 1113 2800 1179 existimo,
2831 1114 2954 1171 imo
2979 1115 3057 1171 ab
3094 1115 3228 1187 ipso
3287 1116 3465 1174 etiam
3514 1118 3685 1190 Lipo-

2032 1213 2208 1252 mano
2235 1199 2459 1264 datam,
2492 1205 2634 1255 tom.
2671 1203 2783 1267 Vll,
2831 1202 2931 1257 ubi
2974 1202 3073 1259 fol.
3123 1208 3227 1260 256
3268 1204 3462 1269 docet,
3500 1206 3683 1263 inter-

2029 1285 2212 1357 pretis
2243 1287 2596 1343 esseSirleti.
2652 1291 2728 1344 Ex
2784 1289 2878 1346 his
2938 1297 3138 1347 autem
3197 1293 3359 1349 Actis
3416 1294 3682 1365 prudens

2026 1372 2209 1429 lector
2238 1375 2504 1445 colligere
2543 1378 2773 1448 poterit,
2800 1378 3228 1451 Metaphrasten
3268 1397 3387 1437 non
3418 1398 3546 1437 esse
3599 1382 3685 1440 fa-

2026 1462 2306 1518 bularum
2337 1464 2727 1529 inventorem,
2771 1466 3180 1539 utfrequenter
3204 1470 3681 1543 asseruntaliqui

2026 1550 2224 1615 critici,
2260 1552 2522 1608 maxime
2546 1553 2835 1610 Bailletus.
2855 1555 2911 1610 Si
2942 1555 3100 1611 enim
3129 1556 3350 1626 ﬁngere
3372 1557 3678 1625 voluisset,

2024 1638 2085 1695 id
2106 1639 2296 1695 facere
2319 1640 2606 1711 potuisset
2635 1658 2754 1698 non
2792 1642 2990 1699 minus
3018 1643 3094 1699 de
3148 1651 3354 1701 sancto
3408 1646 3677 1703 Matthaso

256 1722 491 1794 alioque
520 1737 658 1793 rege
676 1723 1019 1788 constituto,
1060 1729 1117 1779 et
1139 1731 1375 1780 mortuo
1409 1732 1540 1796 post
1594 1726 1912 1783 triennium
1948 1740 1993 1796 Β
2024 1732 2083 1787 et
2110 1727 2238 1783 aliis
2267 1729 2575 1799 apostolis,
2605 1730 2678 1785 de
2708 1746 2970 1802 quorum
3023 1734 3201 1801 gestis
3239 1750 3437 1805 pauca
3481 1734 3679 1791 solum

254 1812 519 1877 Platone,
553 1811 742 1868 factus
767 1817 856 1868 est
878 1813 1215 1885 episcopus,
1251 1813 1331 1868 uti
1359 1820 1415 1869 et
1440 1814 1599 1871 ﬁlius
1632 1815 1758 1884 ejus
1786 1820 1917 1886 post

255 1900 477 1972 ipsum.
500 1903 794 1957 Hactenus
822 1907 967 1958 Acta
991 1902 1131 1958 satis
1154 1902 1401 1973 prolixa,
1430 1902 1535 1959 sed
1567 1903 1755 1960 multo
1787 1921 1918 1961 ma-

257 1990 349 2059 gis
388 1989 686 2058 fabulosa,
713 2006 850 2063 qua
879 1989 1170 2061 patienter
1189 1990 1407 2061 perlegi
1441 1997 1497 2047 et
1526 1991 1586 2046 in
1631 2006 1917 2065 compen-

255 2080 422 2135 dium
453 2080 740 2145 contraxi,
774 2080 1019 2136 omissis
1068 2085 1268 2137 tamen
1302 2081 1635 2137 visionibus
1674 2088 1729 2137 et
1785 2083 1919 2139 aliis

256 2168 633 2224 mirabilibus
672 2184 792 2224 non
825 2170 1054 2239 paucis,
1090 2175 1152 2225 ut
1176 2169 1431 2241 quilibet
1466 2171 1666 2226 videre
1699 2173 1913 2244 possit,

254 2256 472 2312 nullius
496 2272 734 2329 quoque
765 2256 904 2312 ﬁdei
933 2272 1062 2312 esse
1089 2258 1297 2314 tradita
1315 2259 1478 2329 apud
1491 2260 1919 2332 Nicephorum,

253 2344 312 2399 in
345 2345 596 2411 Menaeis,
627 2351 683 2401 et
709 2344 957 2400 fortasse
990 2345 1155 2401 alibi.
1189 2346 1408 2402 Civitas
1431 2349 1754 2416 Myrmene,
1790 2365 1923 2422 quae

254 2448 375 2488 uno
396 2438 627 2489 tantum
659 2438 940 2489 Actorum
974 2432 1100 2489 loco
1140 2435 1505 2499 nominatur,
1537 2451 1709 2507 aeque
1768 2437 1922 2493 ﬁcti-

252 2521 335 2577 tia
367 2527 477 2587 est,
512 2522 747 2594 opinor,
774 2537 959 2595 quam
993 2521 1220 2594 reliqua
1250 2522 1495 2589 omnia;
1531 2529 1588 2579 et
1613 2524 1778 2594 regio
1806 2527 1923 2579 An-

254 2610 830 2682 thropophagorum,
859 2611 1092 2666 etiamsi
1115 2626 1238 2667 non
1259 2610 1554 2667 defuerint
1580 2612 1921 2684 Anthropo-

253 2700 456 2772 phagi,
489 2701 613 2755 sive
630 2701 898 2755 humana
925 2705 1230 2755 vescentes
1267 2716 1468 2767 carne,
1518 2701 1789 2757 similiter
1838 2700 1918 2758 ab

250 2795 492 2844 auctore
523 2788 749 2843 videtur
779 2788 1054 2844 conﬁcta.
1085 2788 1250 2843 Plato
1275 2790 1617 2859 episcopus,
1660 2791 1913 2863 ejusque

252 2891 569 2931 successor
608 2875 970 2940 Phulbanus,
1002 2879 1061 2929 et
1089 2875 1270 2944 hujus
1318 2875 1478 2930 ﬁlius
1536 2891 1660 2930 non
1716 2878 1914 2934 minus

253 2980 528 3036 persona
558 2963 829 3019 videntur
859 2963 1291 3019 commentitiaa.
1325 2966 1490 3020 Certe
1537 2963 1611 3019 de
1667 2964 1914 3022 Platone

254 3052 356 3107 illo
385 3052 625 3150 aliunde
654 3050 1087 3150 nihil-invenio,
1119 3050 1450 3150 nedum‘de
1467 3050 1616 3116 aliis,
1668 3057 1734 3107 ut
1787 3068 1913 3150 om-
1947 3092 1989 3150 ο

254 3141 397 3196 nino
427 3139 529 3195 ﬁat
555 3140 885 3207 verisimile,
916 3139 1219 3195 Platonem
1250 3155 1324 3195 ex
1357 3140 1449 3196 his
1475 3155 1718 3213 quoque
1751 3141 1909 3197 Actis

252 3229 575 3286 memorari
607 3230 666 3284 in
696 3228 888 3300 elogio
932 3230 989 3284 S.
1022 3228 1296 3291 Matthmi,
1327 3229 1495 3302 quod
1525 3229 1818 3299 reperitur
1848 3231 1909 3287 in

249 3320 577 3389 Menologio
610 3318 929 3386 Basiliano,
963 3325 1021 3374 et
1050 3318 1223 3389 plura
1242 3319 1302 3374 in
1326 3319 1437 3374 isto
1468 3319 1663 3389 elogio
1688 3335 1762 3375 ex
1819 3320 1908 3374 his

248 3410 406 3465 Actis
434 3407 793 3479 deprompta
818 3423 969 3477 esse,
1012 3406 1148 3462 licet
1170 3422 1290 3463 non
1329 3408 1535 3463 omnia
1551 3412 1905 3477 congruant.

322 3498 408 3553 14.
440 3497 566 3553 Alia
591 3512 829 3552 rursum
861 3495 1050 3551 sancti
1078 3495 1329 3551 Matthmi
1383 3501 1525 3551 Acta
1554 3498 1910 3567 conscripsit

250 3588 487 3644 Simeon
520 3586 957 3657 Metaphrastes,
986 3600 1121 3657 quas
1148 3586 1353 3641 Graeca
1377 3584 1456 3639 ad
1488 3600 1736 3640 manum
1786 3600 1906 3641 non

246 3676 465 3739 habeo,
493 3689 604 3729 nec
633 3675 777 3729 tanti
806 3673 1082 3728 facienda
1112 3680 1270 3737 sunt,
1317 3677 1379 3727 ut
1418 3672 1686 3727 studiose
1722 3673 1906 3729 modo

247 3761 578 3835 qumrenda
615 3760 981 3817 existimem:
1018 3776 1160 3816 nam
1177 3776 1249 3815 ea
1272 3760 1475 3815 Latine
1514 3760 1699 3815 edidit
1730 3761 1906 3833 Lipo-

251 3866 489 3915 manus,
521 3856 665 3905 tom.
708 3848 895 3918 V,fol.
944 3854 1038 3905 137
1070 3857 1127 3905 et
1162 3849 1280 3913 I38,
1314 3854 1372 3904 et
1402 3849 1607 3904 Surius
1640 3849 1716 3905 ad
1742 3850 1904 3906 hunc

246 3938 428 3994 diem.
451 3941 577 3994 Haec
603 3939 797 3993 minus
823 3937 1099 3994 fabulosa
1125 3944 1281 4001 sunt,
1301 3937 1407 3991 sed
1436 3937 1903 3994 breviaomnino

246 4032 306 4083 et
316 4028 545 4099 jejuna,
572 4031 631 4082 ut
663 4028 754 4082 vix
776 4026 1101 4099 quidquam
1128 4024 1380 4081 afferant
1400 4025 1472 4081 de
1491 4026 1901 4100 Sancto,quod

245 4116 488 4173 aliunde
527 4131 649 4171 non
680 4116 752 4171 sit
783 4121 1012 4171 notum.
1046 4115 1239 4171 Pauca
1267 4121 1469 4170 autem
1499 4113 1617 4179 illa,
1651 4131 1787 4185 quis
1827 4116 1902 4171 de

244 4205 667 4280 praedicatione
697 4205 894 4261 Sancti
924 4205 1225 4267 dicuntur,
1260 4190 1380 4258 non
1417 4208 1558 4258 sunt
1578 4203 1904 4257 ﬁdeiindu-

245 4296 484 4361 bitataa;
514 4294 621 4349 sed
645 4300 819 4349 tantas
850 4293 1045 4347 solum
1075 4291 1461 4355 auctoritatis,
1490 4296 1719 4361 quanta
1758 4290 1906 4345 solet

244 4385 308 4442 in
321 4384 452 4439 aliis
466 4398 599 4438 esse
612 4383 933 4437 auctoritas
947 4380 1383 4449 Metaphrastis.
1405 4378 1609 4435 Surius
1622 4378 1898 4435 eamdem

245 4472 432 4528 edidit
461 4470 864 4541 Metaphrastis
894 4467 1391 4529 lucubrationem,
1426 4466 1529 4521 sed
1561 4466 1677 4522 alio
1716 4468 1897 4523 modo

249 4559 450 4614 Latine
491 4556 806 4622 redditam,
844 4572 967 4629 quo
1015 4555 1238 4611 factum
1271 4560 1375 4621 est,
1406 4561 1467 4611 ut
1496 4555 1784 4611 Baronius
1814 4556 1898 4610 di-

249 4662 453 4702 versas
472 4645 785 4702 crediderit
820 4644 1282 4711 lucubrationes,
1325 4660 1463 4699 cum
1493 4659 1615 4699 non
1679 4645 1751 4700 sit
1788 4644 1898 4700 nisi

247 4751 373 4791 una
409 4735 739 4807 eademque
772 4736 992 4799 Grasca,
1026 4749 1209 4806 quam
1256 4734 1405 4789 inter
1451 4733 1612 4789 Vitas
1662 4749 1697 4789 a
1727 4733 1899 4789 Meta-

245 4824 488 4897 phraste
515 4825 768 4894 scriptas
800 4823 1155 4880 memoravit
1183 4822 1423 4878 Allatius
1448 4821 1523 4877 de
1549 4821 1895 4879 Simeonum

244 4913 497 4984 scriptis,
518 4927 651 4983 pag.
687 4913 807 4975 126,
840 4912 1090 4967 recitans
1124 4911 1356 4967 initium
1418 4912 1701 4966 Actorum
1747 4908 1896 4966 Gras-

243 5017 475 5066 corum,
533 4997 640 5059 ἤδη
701 5004 789 5072 μὶν
845 5004 931 5053 τὸν
980 5003 1123 5074 παρὰ
1159 5008 1250 5053 τοῦ
1298 5000 1587 5059 πλάσαντος
1630 5000 1770 5071 ἡμᾶς
1809 4995 1895 5052 δο-

244 5092 422 5143 θεῖσαν
459 5089 795 5161 φυλάττοντες
824 5088 1048 5151 ἐντολὴν,
1094 5088 1257 5160 quod
1293 5090 1374 5143 ita
1404 5103 1755 5157 expressum
1810 5093 1896 5142 est

243 5179 410 5250 apud
445 5180 837 5250 Lipomanum
864 5194 875 5231 :
907 5195 936 5227 «
966 5179 1095 5232 Jam
1125 5176 1368 5247 quidem
1384 5174 1687 5248 nos,quod
1705 5175 1780 5229 ab
1800 5191 1890 5239 eo,

242 5266 348 5340 qui
374 5283 483 5322 nos
513 5266 1001 5332 ﬁnxerat,datum
1032 5265 1220 5320 fuerat
1244 5270 1623 5334 prmeeptum,
1658 5278 1894 5318 servan-

246 5363 353 5413 tes.
393 5378 413 5405 ι
472 5355 644 5427 Apud
698 5355 936 5410 Surium
984 5370 1205 5409 verozc
1240 5353 1295 5408 Si
1325 5358 1681 5424 praeceptum
1726 5350 1889 5416 illud,

245 5444 407 5517 quod
434 5445 512 5499 ab
551 5460 641 5511 eo,
670 5446 769 5516 qui
822 5442 1117 5507 formavit,
1151 5442 1485 5512 injunctum
1540 5440 1712 5496 nobis
1763 5438 1891 5507 fuit,

249 5548 485 5590 servare
516 5532 931 5589 voluissemus.
968 5534 1225 5603 Utraque
1253 5529 1544 5602 expositio
1588 5534 1731 5601 apta
1777 5534 1889 5593 est,

2026 1818 2533 1881 commemoravit,
2573 1819 2739 1891 quod
2797 1834 2921 1875 non
2958 1820 3240 1893 reperiret
3291 1821 3463 1893 plura
3513 1823 3677 1893 apud

2026 1905 2407 1977 antiquiores.
2435 1909 2558 1963 Non
2601 1906 2887 1963 conﬁnxit
2930 1908 3108 1978 igitur
3148 1908 3308 1965 Vitas
3368 1908 3676 1967 fabulosae

2028 1992 2474 2065 Metaphrastes,
2528 1994 2634 2049 sed
2676 1994 2998 2053 nonnullas
3056 1995 3386 2067 adoptavit,
3446 2003 3500 2053 et
3562 2013 3674 2054 suo

2028 2081 2182 2153 stylo
2203 2083 2501 2153 exposuit.

2104 2171 2187 2225 15.
2221 2170 2559 2226 Orationem
2608 2172 3102 2228 encomiasticam
3153 2171 3228 2229 de
3268 2177 3477 2229 sancto
3538 2175 3679 2229 Mat-

2030 2258 2186 2314 thaeo
2216 2259 2486 2329 apOstolo
2510 2259 2875 2330 evangelista
2923 2260 3102 2317 etiam
3157 2260 3394 2333 scripsit
3448 2260 3675 2318 Nicetes

2034 2346 2239 2415 David,
2270 2353 2371 2402 aut
2395 2347 2716 2418 Paphlago,
2743 2347 2845 2420 qui
2884 2348 3098 2405 eodem
3135 2348 3255 2405 fere
3307 2362 3445 2406 cum
3498 2351 3674 2407 Metae

2034 2436 2274 2506 phraste
2304 2435 2444 2491 vixit
2476 2442 2759 2507 tempore,
2789 2438 2969 2508 paulo
2999 2442 3198 2493 tamen
3248 2436 3479 2493 videtur
3526 2438 3677 2494 anti-

2029 2524 2223 2594 quior.
2260 2527 2418 2580 Hanc
2441 2524 2657 2581 Nicetis
2673 2528 3002 2581 orationem
3025 2524 3526 2581 Grmco—Latinam
3554 2524 3679 2581 edi-

2028 2610 2113 2665 dit
2140 2610 2533 2667 Combeﬁsius
2577 2613 2638 2668 in
2685 2614 2974 2670 Auctario
3002 2615 3333 2679 novissimo,
3374 2629 3512 2684 pag.
3548 2615 3676 2672 401.

2029 2697 2191 2755 Illam
2222 2699 2503 2754 recudere
2548 2715 2934 2773 nequaquam
2973 2700 3133 2766 libet,
3165 2700 3311 2774 quia
3353 2702 3499 2758 nihil
3555 2701 3675 2759 fere

2025 2787 2204 2844 habet
2228 2788 2301 2843 de
2322 2787 2499 2859 gestis
2513 2789 2697 2844 sancti
2722 2789 2972 2846 Μαιηιωὶ
2990 2798 3203 2861 praeter
3226 2791 3600 2847 vocationem
3619 2794 3676 2847 et

2025 2876 2414 2944 Evangelium
2442 2877 2751 2948 scriptum.
2786 2879 2864 2933 De
2904 2878 3323 2949 prmdicatione
3354 2895 3491 2935 vero
3532 2895 3676 2950 pau-

2023 2962 2185 3017 ciora
2225 2965 2507 3029 narravit,
2556 2980 2743 3036 quam
2800 2966 3242 3037 Metaphrastes,
3284 2982 3421 3023 cum
3470 2973 3675 3039 tamen

2022 3050 2211 3106 oratio
2250 3052 2436 3108 multo
2465 3053 2538 3109 sit
2598 3054 2882 3125 prolixior
2918 3054 2998 3110 ob
3042 3068 3224 3124 vagas
3275 3055 3671 3112 laudationes.

2019 3138 2278 3195 Aﬁ‘eram
2306 3142 2501 3212 itaque
2531 3158 2600 3196 ex
2656 3158 2728 3197 ea
2758 3143 2816 3198 in
2870 3144 3329 3208 Commentario,
3386 3143 3672 3217 quidquid

2022 3228 2158 3283 utile
2187 3228 2483 3284 videbitur
2506 3229 2583 3284 ad
2613 3231 2984 3300 propositum
3036 3237 3330 3287 nostrum.
3373 3232 3673 3289 Laudatus

2017 3316 2262 3372 Allatius
2280 3332 2414 3388 pag.
2447 3319 2563 3381 122,
2596 3317 2749 3372 inter
2773 3319 2925 3373 Vitas
2967 3321 3341 3386 Sanctorum,
3375 3335 3511 3391 quas
3550 3335 3672 3377 non

2017 3411 2155 3460 sunt
2183 3406 2612 3476 Metaphrastre,
2634 3412 2918 3461 recenset.
2954 3426 2979 3457 ι
3014 3406 3158 3463 Acta
3189 3409 3373 3462 sancti
3412 3408 3670 3479 apostoli

2017 3499 2072 3549 et
2120 3493 2494 3563 evangelista
2522 3493 2811 3561 ,Matthtei,
2857 3510 3117 3566 quorum
3166 3494 3279 3550 tale
3322 3495 3427 3550 dat
3458 3495 3672 3567 princi-

2019 3582 2226 3653 pium:
2263 3584 2527 3643 Ματθαίος
2552 3581 2839 3645 ἀπόστολος
2884 3588 2975 3636 καὶ
3032 3582 3405 3655 ιύαγγελιστὴς
3457 3580 3519 3641 ἦν

2017 3670 2072 3722 ἐκ
2137 3678 2326 3733 πόλεως
2380 3670 2738 3746 Ἰερουσαλήμ..
2797 3690 2826 3723 α
2882 3672 3186 3728 Mattheus
3237 3672 3547 3744 apostolus
3611 3677 3671 3728 et

2016 3758 2380 3829 evangelista
2434 3764 2561 3814 erat
2612 3775 2685 3815 ex
2733 3760 2964 3815 civitate
3022 3759 3575 3831 Hierosolymitana.
3638 3780 3667 3811 κ

2013 3848 2285 3902 Auctoris
2336 3853 2424 3903 est
2471 3847 2677 3917 ignoti,
2740 3852 2795 3903 et
2855 3848 3255 3903 verisimiliter
3323 3848 3668 3920 posterioris

2012 3935 2216 3991 Niceta
2245 3941 2300 3991 et
2348 3935 2755 4007 Metaphraste.
2826 3936 3026 3992 Prodit
3077 3937 3172 3992 ille
3222 3937 3354 4007 jam
3398 3936 3667 4007 allegatis

2011 4024 2227 4089 verbis,
2252 4040 2437 4095 quam
2476 4024 2641 4079 nihili
2693 4023 2768 4078 sit
2799 4023 3126 4088 faciendus,
3188 4025 3335 4080 dum
3394 4031 3667 4080 sanctum

2011 4113 2346 4168 Mattheaum
2385 4112 2523 4167 facit
2548 4112 3171 4184 Hierosolymitanum,
3193 4128 3328 4167 cum
3359 4114 3455 4169 vix
3479 4112 3666 4169 ullum

2012 4199 2377 4265 sitdubium,
2406 4200 2548 4270 quin
2568 4200 2954 4265 sitGaliltnus,
2994 4206 3055 4255 ut
3094 4216 3202 4255 suo
3240 4201 3373 4256 loco
3401 4202 3662 4268 dicetur;

2012 4292 2248 4342 utcerte
2278 4286 2441 4341 nulla
2506 4288 2579 4341 sit
2636 4286 2788 4341 ratio
2852 4302 2989 4358 quas
3051 4288 3411 4359 persuadere
3477 4288 3667 4360 possit

2015 4375 2614 4446 Hierosolymitanum
2664 4373 2867 4430 fuisse.
2902 4377 3027 4431 Non
3057 4374 3253 4432 habeo
3291 4378 3365 4432 ad
3414 4392 3663 4433 manum

1932 4435 1978 4492 Β
2005 4465 2138 4521 haec
2164 4435 2321 4529 Acta,
2357 4462 2612 4535 facitque
2644 4462 2965 4533 allegatum
2993 4464 3250 4531 initium,
3302 4469 3367 4520 ut
3412 4480 3486 4521 ea
3542 4467 3664 4520 stu-

2009 4554 2173 4609 diose
2201 4552 2526 4625 quaerenda
2553 4566 2669 4607 non
2699 4566 2995 4607 censeam.
3014 4554 3253 4607 Exstant
3282 4557 3341 4608 et
3364 4552 3566 4625 plures
3588 4554 3661 4612 de

2011 4648 2219 4698 sancto
2247 4641 2520 4696 Matthaao
2551 4655 2877 4706 sermones,
2906 4640 3007 4696 sed
3030 4641 3127 4711 qui
3158 4640 3235 4697 ad
3255 4646 3421 4710 gesta
3474 4642 3662 4714 ipsius

2008 4730 2407 4786 examinanda
2421 4735 2522 4784 aut
2536 4729 2877 4785 enarranda
2891 4728 3041 4785 nihil
3062 4730 3426 4785 conducunt.
3444 4730 3583 4785 Tres
3598 4731 3660 4787 id

2008 4835 2197 4889 genus
2226 4834 2529 4874 sermones
2562 4817 2735 4873 habet
2764 4818 2821 4873 S.
2852 4817 3057 4873 Petrus
3080 4817 3412 4872 Damianus
3444 4821 3589 4874 tom.
3614 4820 3658 4875 ll

2168 4924 2289 4961 um.

2168 4924 2289 4961 um.

2008 4908 2165 5052 03861..
2200 4997 2522 5067 Scriptores
2572 4993 2970 5067 posteriorum
3026 4992 3379 5048 saeculorum
3438 4992 3656 5060 Latini,

2005 5084 2109 5157 qui
2149 5089 2314 5153 gesta
2341 5086 2395 5140 S.
2438 5084 2687 5141 Matthaai
2728 5096 3008 5137 enarrare
3055 5082 3391 5144 voluerunt,
3454 5080 3660 5139 omnia

2006 5174 2124 5229 fere
2153 5174 2479 5229 hauserunt
2508 5189 2575 5227 ex
2611 5172 2764 5227 Actis
2804 5171 2997 5242 primo
3038 5169 3173 5225 loco
3214 5168 3483 5234 edendis,
3516 5186 3652 5242 quas

2004 5268 2163 5317 certo
2210 5262 2456 5334 antiqua
2502 5260 2693 5331 magis
2738 5264 2894 5323 sunt,
2938 5274 3125 5331 quam
3169 5258 3523 5331 probabilia.
3559 5257 3660 5316 Illa

2001 5351 2121 5405 fere
2152 5352 2380 5419 integra
2410 5349 2513 5404 dat
2556 5346 2891 5404 Vincentius
2926 5345 3375 5417 Bellovacensis,
3415 5346 3474 5403 in
3514 5347 3666 5413 Spe.

2003 5441 2157 5505 culo,
2185 5439 2285 5493 lib.
2323 5454 2398 5493 1x.
2466 5452 2597 5509 cap.
2632 5440 2700 5493 74
2751 5444 2807 5492 et
2855 5452 3012 5509 seqq.
3055 5436 3309 5492 Jacobus
3336 5434 3655 5492 Januensis

2002 5544 2133 5601 cap.
2174 5528 2272 5583 135
2287 5543 2359 5583 ex
2389 5526 2599 5582 iisdem
2629 5527 2786 5582 Actis
2812 5526 3019 5583 omnia
3046 5526 3419 5598 deprompsit
3447 5526 3658 5596 printer
