4142 6278
510 320 617 374 759

515 459 586 500 ea
614 459 748 515 qua
791 441 1202 498 ratiocinando
1231 441 1305 496 de
1336 442 1648 497 virtutibus
1678 439 1876 496 Sancti
1905 429 2154 491 addidit.

511 533 739 588 Eadem
772 547 1006 587 rursum
1042 533 1182 584 Acta
1206 529 1321 584 fere
1342 531 1606 600 sequitur
1644 531 1843 584 Petrus
1873 526 1947 580 de
1988 525 2158 577 Nata-

517 621 694 682 libus,
729 620 828 674 lib.
866 635 984 681 vin,
1018 632 1149 688 cap.
1192 617 1285 671 lOO
1315 633 1329 682 ;
1358 624 1476 673 tam
1511 634 1710 690 presse
1751 623 1947 672 tamen
2003 608 2156 664 Actis

509 725 638 764 non
672 707 932 769 inharet,
974 712 1034 759 ut
1062 705 1314 760 subinde
1367 723 1486 760 non
1547 706 1730 761 addat
1782 699 2006 775 aliquid
2063 699 2161 751 aut

513 800 700 852 mutet
732 802 1062 849 secundum
1091 809 1159 847 ea
1189 809 1325 864 qua
1357 795 1490 850 alibi
1523 795 1758 863 legerat.
1789 789 2071 848 Baronius
2103 785 2161 839 in

509 882 825 938 Adnotatis
845 882 919 936 ad
943 882 1422 953 Martyrologium
1448 884 1601 938 duos
1630 883 1719 937 sui
1751 878 2033 951 temporis
2088 873 2162 928 de

510 973 576 1029 S.
620 970 887 1028 Matthao
926 971 1239 1041 scriptores
1268 979 1533 1026 recenset
1560 973 1647 1026 his
1688 970 1883 1026 verbis
1915 987 1926 1026 :
1959 987 1986 1018 α
2018 963 2160 1018 Peri~

515 1060 694 1116 onius
734 1059 852 1114 alia
891 1074 1080 1130 nuper
1149 1062 1519 1131 conscripsit,
1569 1082 1592 1111 ν
1637 1065 1778 1114 Acta
1838 1055 2105 1111 videlicet
2147 1067 2159 1104 :

507 1169 548 1197 -ιι
577 1147 896 1203 Novissime
921 1162 1058 1201 vero
1084 1163 1152 1201 ex
1181 1149 1440 1219 antiquis
1475 1147 1895 1209 monumentis,
1929 1150 1983 1198 et
2031 1155 2165 1196 san-

519 1240 750 1290 ctorum
781 1238 1015 1290 Patrum
1045 1235 1277 1304 scriptis
1309 1235 1674 1305 eollegitrev.
1705 1233 1986 1288 dominus
2020 1233 2166 1284 Mar-

519 1338 624 1378 cus
639 1323 924 1377 Antonius
937 1321 1723 1394 Columna,archiepisc0pus
1740 1320 2159 1380 Salernitanus,

507 1415 578 1466 et
626 1426 768 1465 sane
819 1410 1063 1482 quidem
1113 1410 1360 1466 erudite.
1399 1432 1419 1460 ι
1476 1413 1724 1481 Uterque
1778 1413 1920 1463 Acta
1973 1406 2164 1477 prima

522 1513 644 1569 pra
675 1498 860 1553 oculis
893 1498 1120 1563 habuit,
1149 1506 1204 1553 et
1236 1498 1364 1553 sine
1405 1495 1688 1569 scrupulo
1734 1501 1970 1551 secutus
2019 1499 2104 1548 est
2146 1508 2158 1547 :

512 1591 627 1641 aut
650 1587 843 1657 potius
860 1586 991 1658 ipsa
1022 1588 1162 1641 Acta
1177 1587 1632 1657 pseudo-Abdia
1650 1587 1810 1641 dedit
1838 1582 2159 1644 Pcrionius,

521 1674 755 1729 omissis
785 1675 1072 1730 duntaxat
1100 1674 1494 1745 paucissimis,
1513 1675 1802 1731 etadditis
1833 1673 1998 1728 initio
2023 1687 2163 1743 pau-

1836 304 2093 368 MENSlS
2133 297 2581 356 SEPTEMBER.

3827 291 3942 346 760

2263 439 2434 481 num.
2469 423 2574 479 »ιη
2605 424 2906 497 prolixiori
2955 421 3170 477 unicus
3229 418 3391 474 initio
3439 421 3525 471 est
3570 417 3792 473 titulus
3857 417 3941 473 ita

2264 529 2618 583 expressus:
2654 533 2682 563 ε(
2717 514 2924 584 incipit
2947 509 3254 566 translatio
3283 511 3340 562 Β.
3377 507 3632 562 Matthai
3661 506 3938 579 apostoli

2266 607 2320 655 et
2351 603 2742 670 evangelista.
2775 623 2798 652 ι
2843 601 2907 655 In
2941 606 3186 669 utroque
3234 597 3608 666 pramittitur
3639 602 3938 652 Actorum

2265 691 2690 760 compendium
2722 706 2794 745 ex
2823 686 3282 760 pseudo-Abdia
3313 684 3564 740 Historia
3586 685 3937 740 itadesum-

2269 785 2436 849 ptum
2470 784 2529 832 ut
2559 779 2924 849 paucissima
2952 787 3171 839 tamen,
3201 789 3392 846 eaque
3422 773 3608 828 nihilo
3651 771 3932 837 meliora,

2267 867 2472 922 addita
2503 869 2621 922 sint
2650 875 2751 922 aut
2780 871 3026 922 mutata.

2346 958 2426 1009 18.
2460 956 2681 1010 Deinde
2707 956 2972 1027 sequitur
3001 951 3309 1008 translatio
3339 955 3463 1005 tam
3495 949 3748 1005 ridicule
3791 964 3934 1004 con-

2271 1044 2405 1098 ﬁcta
2447 1060 2518 1098 ex
2549 1045 2835 1114 [Ethiopia
2866 1045 2925 1098 in
2972 1041 3359 1104 Britanniam,
3402 1043 3465 1093 ut
3511 1039 3602 1092 vel
3634 1055 3700 1093 ex
3759 1054 3838 1092 ea
3869 1038 3936 1091 li-

2268 1139 2467 1204 queat,
2500 1139 2804 1187 auctorem
2824 1133 2955 1186 crisi
2975 1130 3256 1186 historica
3273 1143 3517 1200 prorsus
3549 1128 3737 1182 fuisse
3757 1126 3933 1182 desti-

2272 1226 2486 1274 tutum.
2516 1223 2685 1288 Nam,
2715 1227 2776 1275 ut
2806 1220 2923 1276 alia
2949 1221 3176 1275 mittam
3204 1215 3648 1288 improbabilia,
3697 1231 3935 1270 merca-

2271 1312 2425 1363 tores
2481 1309 2790 1365 Britannos
2838 1316 3044 1364 auctor
3101 1307 3372 1378 perducit
3425 1307 3483 1360 in
3543 1305 3931 1376 Ethiopiam,

2269 1397 2599 1469 paucisque
2629 1397 2839 1453 diebus
2855 1398 3079 1453 reducit
3105 1398 3165 1452 in
3197 1395 3579 1450 Britanniam.
3609 1395 3773 1449 inter
3798 1409 3936 1463 gen-

2271 1492 2358 1541 tes
2401 1501 2558 1557 vero,
2613 1503 2649 1542 a
2717 1487 2940 1558 quibus
2988 1492 3285 1542 vastatam
3334 1485 3488 1538 circa
3537 1481 3832 1538 saeulum
3883 1497 3935 1537 iv

2272 1574 2627 1645 lEthiopiam
2666 1577 2855 1648 ﬁngit,
2908 1578 3179 1631 nominat
3227 1576 3554 1629 Sarmatas.
3600 1573 3934 1644 Utrumque

2272 1669 2430 1718 certo
2458 1670 2577 1720 tam
2610 1663 2995 1736 improbabile
3022 1663 3318 1719 videbitur
3347 1661 3625 1717 historico
3681 1661 3932 1716 cuilibet

522 1763 628 1826 cis,
671 1769 840 1832 prout
867 1768 1006 1818 Acta
1037 1763 1095 1816 in
1130 1763 1331 1818 codice
1386 1764 1582 1836 aliquo
1637 1764 1834 1818 forsan
1885 1761 2106 1815 invenit
2146 1775 2158 1814 :

2281 1752 2652 1823 geographia
2685 1760 2981 1824 utcunque
3015 1753 3218 1822 perito,
3264 1755 3328 1806 ut
3383 1765 3623 1804 necesse
3680 1765 3810 1804 non
3866 1750 3934 1804 sit

521 1865 662 1905 nam
685 1855 740 1904 et
777 1851 835 1904 in
875 1849 1130 1904 editione
1188 1851 1452 1906 Historia
1496 1851 1924 1923 apostolorum,
1977 1864 2162 1920 quam

521 1953 682 1993 anno
711 1941 836 1993 1571
883 1938 1043 1993 dedit
1071 1941 1326 1993 Joannes
1359 1939 1562 2006 Faber,
1595 1955 1712 1994 non
1775 1954 1968 2010 pauca
2024 1940 2164 1990 sunt

521 2027 764 2090 omissa,
793 2025 1010 2097 quain
1039 2026 1331 2098 plerisque
1371 2028 1676 2083 codicibus
1709 2026 2000 2095 leguntur.
2037 2023 2162 2078 Illu-

522 2113 843 2170 strissimus
875 2114 1162 2169 Columna
1196 2115 1458 2188 undique
1485 2133 1592 2171 sua
1623 2116 1849 2185 collegit
1884 2114 2009 2169 sine
2032 2112 2167 2168 crisi

513 2200 1046 2273 suﬂiciente,quod
1079 2204 1229 2258 atati
1258 2203 1448 2274 ipsius
1465 2205 1791 2259 condonari
1815 2207 2028 2274 potest.
2060 2200 2167 2254 Re-

518 2289 698 2362 liquis
749 2295 945 2344 tameu
978 2291 1135 2345 Actis
1202 2291 1526 2362 pratulisse
1586 2293 1816 2347 videtur
1864 2289 2166 2362 personati

519 2377 723 2432 Abdia
757 2377 1090 2442 Historiam,
1119 2380 1212 2433 cui
1249 2379 1537 2434 nonnulla
1573 2397 1643 2435 ex
1677 2380 2082 2450 Metaphraste,
2113 2386 2169 2436 et

517 2465 692 2538 plura
714 2481 782 2520 ex
815 2466 963 2520 Actis
1015 2467 1248 2532 Gracia,
1310 2469 1430 2522 sive
1481 2483 1551 2522 ex
1601 2468 1956 2540 compendio
2008 2467 2162 2522 Nice-

515 2554 691 2626 phori
718 2553 1257 2624 adjunxit.Meliora
1275 2562 1471 2610 tamen
1485 2557 1666 2612 etiam
1693 2557 1854 2612 dedit
1880 2573 1946 2612 ex
1973 2555 2164 2611 sacris

519 2641 746 2698 Litteris
778 2645 836 2695 et
868 2642 1155 2697 Patribus.
1187 2644 1555 2698 Examinabo
1586 2644 1767 2714 igitur
1810 2650 1866 2699 et
1912 2643 2165 2698 subinde

518 2729 782 2785 laudabo
807 2737 1030 2786 asserta
1061 2730 1384 2795 Columna,
1436 2731 1514 2786 uti
1559 2737 1614 2786 et
1669 2734 1895 2788 Barouii
1949 2732 2007 2787 in
2054 2734 2166 2786 An-

518 2817 777 2882 nalibus,
799 2817 1150 2873 Tillemontii
1171 2820 1230 2874 in
1245 2820 1640 2875 Monumentis
1661 2821 2103 2884 Ecclesia,tom.
2123 2824 2163 2889 Ι,

519 2902 893 2976 aliorumque
946 2907 1290 2972 recentium,
1332 2908 1435 2979 qui
1491 2910 1917 2965 accuratiorem
1963 2909 2162 2964 crisim

521 2991 893 3064 proﬁtentur.

591 3079 995 3183 libandatus
1013 3080 1792 3183 Columnaarchiepiscopus
1819 3101 1939 3141 non
1967 3085 2162 3141 solum
2200 3123 2244 3183 Ε

519 3167 594 3224 de
620 3167 797 3238 gestis
823 3174 879 3221 et
916 3169 1201 3241 martyrio
1243 3171 1432 3226 sancti
1485 3173 1738 3229 Matthai
1796 3176 2165 3230 Commenta-

519 3255 675 3312 rium
697 3254 898 3321 edidit,
931 3257 1030 3311 sed
1089 3258 1283 3313 varias
1325 3275 1565 3332 quoque
1618 3263 1880 3333 corporis
1925 3263 2166 3319 transla-

522 3345 711 3400 tiones
759 3359 1029 3400 sermone
1073 3345 1302 3416 prolixo
1358 3349 1565 3419 magis,
1619 3366 1801 3421 quam
1848 3351 2164 3422 probabili,

520 3431 838 3488 enarravit.
872 3431 1020 3488 Vidit
1050 3435 1248 3504 procul
1279 3436 1464 3492 dubio
1493 3439 1776 3493 Baronius
1824 3454 1944 3493 non
1975 3440 2164 3494 coha-

523 3534 650 3575 rere
673 3520 1019 3576 relationem
1060 3521 1386 3587 Columna,
1415 3541 1552 3580 cum
1585 3525 1743 3580 illam
1783 3542 1903 3581 non
1933 3527 2165 3597 ignora-

522 3608 682 3672 verit,
715 3624 821 3663 nec
849 3615 1045 3665 tamen
1077 3611 1410 3683 quidquam
1447 3629 1516 3668 ex
1549 3630 1618 3669 ea
1665 3615 1996 3671 Annalibus
2045 3617 2168 3672 suis

522 3695 833 3752 inseruerit
875 3715 891 3764 ;
949 3699 1228 3768 quamvis
1290 3700 1366 3755 ad
1423 3717 1650 3756 annum
1699 3704 1801 3756 954
1853 3719 1924 3758 ex
1975 3705 2167 3760 Leone

523 3782 795 3851 Ostiensi,
829 3788 885 3837 et
905 3785 980 3838 ad
1009 3800 1236 3840 annum
1264 3789 1399 3842 1080
1438 3805 1503 3842 ex
1548 3791 1808 3857 Gregorii
1863 3792 2034 3862 Papa
2075 3793 2167 3847 VII

529 3869 784 3940 Epistola
806 3870 877 3924 de
906 3871 1245 3928 inventione
1257 3875 1708 3932 ettranslatione
1723 3881 1985 3948 corporis
2007 3887 2166 3951 agat.

529 3959 901 4028 Quapropter
920 3959 1011 4013 vel
1056 3961 1182 4015 solo
1217 3961 1445 4017 silentio
1502 3980 1609 4020 suo
1666 3966 2172 4023 eminentissimus

529 4045 779 4116 scriptor
807 4046 1147 4113 declaravit,
1218 4058 1492 4120 suspecta
1548 4052 1656 4108 sibi
1715 4054 1983 4110 falsitatis
2042 4071 2172 4112 esse

531 4133 813 4204 adjuncta
834 4135 1121 4200 locorum,
1153 4153 1549 4208 personarum
1569 4148 2001 4215 ettemporum,
2037 4161 2172 4217 qua

531 4222 590 4279 in
623 4222 876 4278 Historia
906 4225 1364 4282 translationum
1391 4230 1550 4301 apud
1586 4231 1938 4288 Columnam
1964 4233 2175 4306 reperi-

534 4317 730 4367 untur.
766 4312 967 4368 Habeo
990 4319 1131 4370 Acta
1169 4331 1305 4382 ms.,
1338 4316 1581 4375 Salerno
1607 4320 1746 4376 olim
1793 4324 1869 4376 ad
1921 4323 2177 4394 majores

535 4403 770 4454 nostros
802 4402 1170 4465 transmissa,
1190 4419 1259 4458 ex
1289 4405 1508 4476 quibus
1539 4409 1708 4464 video
1740 4426 1850 4464 sua
1902 4409 2177 4466 hausisse

2273 1843 2568 1909 exagitare
2595 1841 2709 1897 alia
2749 1842 2828 1896 rei
2855 1846 3109 1912 peracta
3141 1841 3426 1910 adjuncta
3441 1837 3616 1909 plane
3647 1837 3925 1902 ridicula,

2275 1930 2604 2000 prasertim
2631 1945 2764 1985 cum
2791 1937 2999 1984 auctor
3018 1935 3176 1985 certo
3199 1945 3318 1984 non
3352 1926 3560 1982 vixerit
3586 1932 3722 1982 ante
3745 1942 3928 1982 sacu-

2275 2018 2400 2074 lum
2414 2035 2470 2083 x,
2497 2034 2603 2073 nec
2624 2018 2770 2073 ullos
2797 2019 3064 2074 nominet
3086 2022 3261 2073 testes
3285 2022 3641 2082 vetustos,ex
3662 2031 3925 2087 quorum

2277 2107 2508 2177 scriptis
2542 2122 2653 2162 sua
2706 2106 3024 2163 hausisset.
3075 2106 3224 2175 Quin
3273 2107 3394 2161 imo
3443 2105 3570 2176 ipse
3621 2104 3924 2169 Paulinus,

2278 2194 2660 2263 Legionensis
2684 2203 2787 2250 aut
2811 2195 3128 2250 Leouensis
3156 2196 3216 2250 in
3269 2195 3567 2250 Britannia
3621 2195 3928 2249 Armorica

2278 2284 2619 2355 episcopus,
2652 2285 2745 2337 cui
2779 2284 3063 2355 scriptum
3084 2283 3228 2338 illud
3255 2282 3614 2349 attribuitur,
3671 2297 3924 2353 persona

2277 2372 2514 2427 videtur
2537 2372 2757 2439 ﬁctitia,
2791 2389 2926 2428 cum
2957 2370 3390 2429 Sammarthani
3442 2377 3585 2427 tom.
3641 2371 3688 2425 Il
3720 2369 3925 2426 Gallia

2282 2460 2640 2528 Christiana,
2677 2461 3286 2532 ubidautcatalogum
3313 2462 3736 2533 episcoporum
3783 2461 3920 2514 Leo-

2278 2549 2575 2616 nensium,
2609 2550 2838 2606 nullum
2873 2552 3022 2606 inter
3043 2551 3173 2606 illos
3228 2550 3546 2606 exhibeant
3587 2549 3918 2616 Paulinum,

2276 2652 2472 2708 neque
2501 2638 2661 2692 hunc
2691 2638 2834 2694 alibi
2859 2640 3182 2694 inveniam.
3217 2638 3602 2699 Cbronotaxis
3669 2654 3788 2694 non
3839 2645 3917 2692 est

2277 2725 2505 2793 melior,
2537 2743 2723 2798 quam
2763 2728 2933 2783 crisis
2964 2728 3279 2784 historica:
3317 2744 3453 2782 nam
3483 2733 3754 2782 mortuus
3801 2732 3912 2780 sta-

2278 2816 2457 2869 tuitur
2495 2816 2608 2870 sub
2633 2814 2835 2882 Galba,
2865 2817 2924 2871 id
2955 2823 3058 2882 est,
3093 2833 3253 2873 anno
3291 2832 3424 2872 ara
3455 2815 3800 2872 Christiana
3852 2818 3912 2871 68

2274 2908 2379 2958 aut
2408 2903 2495 2958 69.
2529 2905 2676 2959 Tum
2716 2904 2930 2960 dicitur
2961 2907 3232 2961 trecentis
3264 2906 3512 2961 anniset
3543 2904 3696 2960 ultra
3722 2903 3908 2974 religio

2275 2991 2610 3048 Christiana
2640 2993 2914 3050 ﬂoruisse
2953 2995 3014 3049 in
3070 2994 3393 3067 Ethiopia.
3455 2994 3590 3049 Mox
3658 2993 3909 3066 sequitur

2275 3082 2440 3151 regni
2461 3085 2717 3138 vastatio
2739 3090 2796 3139 et
2828 3084 3152 3153 translatio,
3207 3091 3269 3140 ut
3315 3085 3440 3140 hac
3496 3083 3729 3153 ﬁgenda
3765 3087 3910 3138 esset

2277 3171 2496 3227 saculo
2523 3188 2578 3227 tv
2609 3177 2859 3228 exeunte
2889 3175 3233 3231 autsaculo
3289 3190 3346 3229 v.
3405 3179 3669 3229 Attamen
3709 3171 3906 3227 asserit

2277 3265 2502 3328 auctor,
2537 3275 2754 3331 corpus
2784 3263 2842 3317 in
2877 3263 3231 3319 Britanniam
3267 3261 3627 3318 Armoricam
3657 3260 3896 3326 venisse,

2277 3349 2424 3404 dum
2452 3349 2741 3419 regnabat
2779 3349 3001 3407 ibidem
3029 3351 3331 3418 Salomon,
3362 3352 3464 3424 qui
3497 3356 3627 3423 post
3648 3348 3901 3404 medium

2279 3437 2480 3493 saculi
2511 3453 2568 3492 rx
2621 3453 2870 3507 regnare
2909 3442 3087 3512 capit
3143 3441 3475 3496 secundum
3511 3437 3908 3495 chronotaxim

2283 3525 2584 3582 Lobineau
2628 3525 2686 3580 in
2717 3527 2980 3584 Historia
3023 3530 3349 3586 Ανηιοι-ἱσῶο
3388 3528 3465 3584 ad
3513 3544 3738 3584 annum
3793 3529 3906 3584 857.

2281 3615 2536 3669 Rursum
2568 3615 2964 3687 quadraginta
3003 3625 3060 3673 et
3091 3634 3307 3673 novem
3361 3633 3554 3673 annos
3586 3619 3912 3672 numerata

2278 3703 2943 3776 corporistranslatioue
2975 3705 3034 3761 in
3068 3705 3457 3770 Britanniam,
3489 3705 3735 3777 quando
3761 3703 3913 3761 Salo-

2280 3809 2422 3848 mon
2449 3809 2547 3847 rex
2577 3809 2612 3849 a
2643 3795 2764 3849 suis
2792 3795 2904 3850 fuit
2928 3795 3178 3851 occisus.
3218 3797 3286 3851 At
3315 3795 3592 3852 laudatus
3629 3793 3912 3850 Lobineau

2281 3897 2402 3936 non
2435 3886 2586 3936 totos
2603 3882 2808 3951 viginti
2834 3899 3025 3939 annos
3053 3899 3237 3955 regno
3271 3884 3606 3941 Salomonis
3641 3881 3909 3938 attribuit.

2361 3973 2441 4024 19.
2482 3972 2606 4025 Mox
2665 3970 2903 4042 ineptus
2943 3980 3422 4028 commentorum
3483 3974 3912 4028 consarcinator

2283 4055 2510 4111 inducit
2525 4057 2788 4113 Flavium
2803 4061 3208 4116 Romanorum
3237 4060 3575 4133 patricium,
3595 4059 3909 4117 Salomonis

2283 4145 2462 4200 occisi
2482 4162 2773 4211 socerum,
2797 4148 2871 4203 de
2887 4149 3014 4219 ejus
3045 4157 3231 4206 morte
3262 4150 3553 4206 scribente
3574 4151 3654 4206 ad
3679 4148 3910 4205 Valenti-

2287 4234 2532 4289 nianum
2549 4235 2956 4305 imperatorem
2968 4238 3469 4304 ;Valentinianum
3485 4255 3628 4295 vero
3641 4240 3902 4308 ingentem

2287 4324 2346 4378 in
2378 4323 2541 4379 Italia
2558 4324 2808 4380 classem
2832 4327 3139 4396 collegisse
3165 4328 3578 4401 asserit,eique
3613 4326 3901 4384 exercitum

2290 4412 2672 4483 imposuisse,
2703 4419 2760 4469 et
2790 4416 2871 4469 sic
2901 4431 3284 4486 expugnasse
3310 4432 3564 4486 regnum
3596 4413 3906 4477 Britannia,

533 4484 1112 4573 laudatumMarcum
1130 4470 1449 4545 Antonium
1466 4493 1816 4549 Columnam
1832 4495 2175 4552 Marsilium.
2211 4470 2258 4525 Β
2291 4505 2344 4555 et
2381 4470 2454 4556 ea
2500 4470 2816 4558 occasione
2840 4470 3812 4573 corplusninnltalian:translatum.
3855 4470 3916 4556 At

537 4571 752 4628 Vellem
781 4588 943 4638 sane,
970 4579 1031 4629 ut
1061 4591 1131 4629 ea
1162 4575 1358 4645 potius
1391 4594 1598 4635 severa
1641 4581 1778 4636 crisi
1809 4585 2176 4653 castigasset,

538 4665 641 4716 aut
688 4660 936 4716 omnino
967 4661 1144 4717 etiam
1195 4663 1524 4734 abjecisset,
1559 4672 1846 4740 tanquam
1884 4671 2179 4743 improba-

540 4749 697 4804 bilia.
731 4755 818 4814 At,
849 4766 986 4804 cum
1020 4749 1177 4807 istud
1207 4767 1328 4807 non
1357 4752 1572 4818 fecerit,
1603 4772 1709 4826 pro
1742 4759 2009 4816 instituto
2035 4765 2181 4834 Ope-

537 4839 616 4892 ris
659 4838 842 4893 nostri
881 4837 937 4892 id
969 4838 1112 4894 mihi
1141 4841 1478 4896 faciendum
1521 4844 1708 4900 video.
1742 4846 2057 4905 Geminum
2095 4857 2183 4906 est

487 4999 495 5008 _
539 4926 1096 4996 scriptum,alterum
1117 4927 1294 4984 altero
1317 4930 1496 5000 paulo
1513 4932 1830 5002 prolixius;
1853 4938 1952 4992 sed
1971 4940 2180 4996 eadem

538 5014 598 5068 in
628 5020 867 5085 utroque
888 5015 1219 5071 referuntur
1241 5017 1416 5074 facta.
1447 5021 1610 5085 Quod
1637 5021 1873 5078 brevius
1887 5033 1991 5093 est,
2024 5029 2183 5085 hunc

539 5100 716 5156 habet
746 5103 1017 5158 titulum:
1063 5108 1324 5162 «Sermo
1378 5109 1731 5164 venerabilis
1784 5111 2033 5184 Paulini,
2087 5117 2182 5172 Le-

539 5187 839 5257 gionensis
873 5194 1178 5249 Britannia
1207 5195 1368 5250 urbis
1399 5197 1677 5270 episcopi,
1699 5199 1769 5254 de
1803 5203 2185 5261 translatione

539 5279 726 5329 sancti
744 5279 990 5334 Mattltai
1010 5284 1258 5351 apostoli
1287 5284 1364 5338 ab
1391 5284 1682 5356 {EthiOpia
1709 5289 1767 5342 in
1794 5287 2183 5358 Britanniam,

512 5362 794 5431 “itemque
824 5365 896 5418 de
928 5367 1228 5425 Britannia
1276 5372 1334 5427 in
1365 5373 1613 5429 italiam.
1649 5396 1675 5428 »
1729 5377 1866 5432 Post
1920 5381 2181 5437 medium

539 5463 777 5541 rursum
809 5450 902 5504 hic
924 5453 1134 5541 legitur
1183 5459 1427 5514 titulus:
1484 5463 1762 5521 Miracula
1813 5469 1997 5522 sancti
2040 5487 2180 5541 apo-

541 5534 672 5588 stoli
722 5541 776 5590 et
806 5539 1184 5605 evangelista
1231 5548 1477 5603 Matthai
1520 5566 1624 5621 per
1671 5555 1946 5611 eumdem
1995 5534 2184 5616 Pauli-

2289 4606 2474 4661 quam
2509 4589 2608 4645 illa
2639 4593 2756 4646 sint
2783 4593 3005 4664 inepta,
3043 4609 3219 4649 nemo
3280 4611 3401 4650 non
3458 4595 3699 4659 videbit,
3754 4591 3916 4649 modo

2291 4679 2770 4745 consideraverit,
2816 4681 3089 4737 ultimum
3137 4699 3207 4738 ex
3267 4684 3455 4738 tribus
3511 4679 3920 4738 Valentinianis

2294 4767 2425 4837 plus
2460 4785 2645 4839 quam
2688 4775 2946 4839 quatuor
2997 4773 3229 4828 saculis
3279 4778 3582 4829 mortuum
3611 4789 3743 4828 esse
3804 4773 3922 4827 ante

2295 4857 2673 4913 Salomonem
2695 4860 3005 4915 Britannia
3028 4877 3248 4930 regem.
3265 4861 3425 4917 Mitto
3441 4862 3721 4932 adjuncta
3738 4874 3925 4916 rerum

2293 4945 2550 5016 plurima
2573 4963 2743 5020 aque
2780 4950 2994 5020 inepta,
3028 4957 3082 5004 et
3112 4967 3295 5023 pergo
3326 4952 3402 5006 ad
3444 4953 3846 5007 inventionem
3877 4948 3928 5003 in

2296 5033 2591 5104 prolixiori
2622 5037 2816 5092 solum
2849 5039 3064 5108 scripto
3096 5040 3362 5095 relatam.
3393 5039 3612 5094 Dicitur
3641 5039 3743 5094 illa
3795 5053 3929 5095 con-

2297 5123 2493 5191 tigisse
2509 5139 2580 5177 an
2593 5139 2666 5178 no
2679 5123 3052 5197 954,qnando
3073 5129 3468 5200 principatum
3495 5127 3930 5184 Salernitanum

2295 5211 2600 5266 obtinebat
2627 5212 2965 5284 Gisulphus.
3011 5218 3142 5271 Hac
3163 5217 3392 5287 epocha
3421 5234 3528 5273 suo
3553 5217 3686 5272 loco
3717 5217 3935 5272 conﬁr-

2299 5298 2513 5354 manda
2549 5300 2758 5357 veniet.
2786 5303 3017 5357 Interim
3051 5306 3488 5371 moneo,multa
3529 5322 3768 5360 rursum
3834 5306 3937 5360 im-

2297 5387 2630 5456 probabilia
2657 5394 2711 5443 et
2725 5388 2926 5460 inepta
2942 5391 3200 5448 historia
3220 5394 3574 5449 inventionis
3594 5395 3935 5450 admisceri.

2298 5478 2410 5530 Has
2435 5474 2512 5529 ob
2539 5491 2752 5531 causas
2780 5483 2959 5534 totam
2985 5479 3144 5536 illam
3171 5482 3576 5537 translationis
3606 5484 3937 5543 historiam.

2299 5567 2499 5635 utpote
2529 5566 2814 5621 sexcentis
2835 5566 3049 5623 fabulis
3077 5574 3181 5626 aut
3202 5571 3432 5643 ineptiis
3453 5572 3766 5638 fadatam,
3799 5573 3940 5629 omit
