4142 6278
226 304 331 360 761

1634 309 1807 368 VITA
1847 310 1906 365 S.
1950 308 2311 372 ΜΑΤΤΗιΕΙ.

3551 329 3658 384 762

227 431 359 518 tere
400 427 604 483 statui.
650 427 798 483 Cum
837 432 1037 486 tamen
1078 433 1407 504 posteriora
1443 436 1641 491 minus
1698 434 1904 492 saltem
1938 434 1985 489 Α
2016 436 2196 502 venit,
2237 447 2292 495 et
2330 441 2621 500 habitavit
2670 445 2727 500 in
2768 446 3190 518 Capharnaum
3236 449 3554 517 maritima,
3596 451 3656 507 in

229 516 459 609 vitiosa
477 524 844 609 appareant,
874 522 1039 609 quod
1072 521 1319 594 scriptor
1334 523 1495 579 hisce
1516 524 1906 597 propinquior
2014 523 2236 582 ﬁnibus
2273 526 2537 587 Zabulon
2569 539 2624 589 et
2664 516 3062 606 Nephthalim,
3118 541 3179 591 ut
3232 516 3658 609 adimpleretur

228 603 421 661 fuerit
440 622 454 672 ;
472 605 843 663 illasubinde
859 608 1163 667 conferam
1186 627 1321 667 cum
1352 613 1479 668 aliis
1507 613 1900 683 documentis,

229 700 292 750 et
318 710 464 751 cum
506 695 703 752 relatis
733 697 812 752 ab
850 696 1243 755 illustrissimi)
1293 700 1578 758 Columna
1626 701 1900 770 Marsilio,

230 789 298 839 ut
323 784 388 839 in
412 785 854 842 Commentario
886 787 1190 843 studiosus
1216 789 1398 846 lector
1428 792 1501 846 sit
1526 792 1899 855 inventurus,

226 871 539 945 quidquid
568 872 872 930 tolerabile
903 876 961 931 in
993 876 1104 931 illis
1139 878 1372 950 scriptis
1407 886 1658 952 apparet
1689 879 1901 949 Ughel—

225 959 350 1026 lus,
382 967 526 1017 tom.
557 961 655 1017 VII
689 963 885 1020 Italiae
912 980 1100 1021 sacrz
1130 964 1189 1020 in
1217 967 1685 1039 archiepiscOpis
1714 967 1900 1024 Saler-

224 1049 461 1104 nitanis
512 1050 690 1106 variis
726 1051 871 1107 locis
915 1052 990 1108 de
1035 1053 1410 1111 translatione
1457 1060 1514 1111 et
1561 1056 1898 1112 inventione

226 1138 427 1193 sancti
450 1138 706 1195 Matthasi
739 1140 880 1209 agit,
916 1147 972 1197 et
1001 1141 1254 1198 multum
1286 1143 1492 1200 laudat
1531 1144 1898 1217 Opusculum

222 1226 498 1295 Marsilii,
532 1228 697 1300 quod
728 1245 799 1285 ex
830 1246 1000 1296 mss.,
1031 1232 1105 1287 de
1128 1232 1350 1304 quibus
1380 1233 1639 1302 agimus,
1664 1233 1898 1288 concin-

223 1320 446 1371 natum
502 1321 610 1372 est.
674 1318 1048 1392 Quapropter
1100 1321 1365 1378 studiose
1406 1337 1478 1377 ex
1510 1321 1900 1393 scriptoribus

223 1403 419 1460 medii
445 1406 555 1461 mvi
570 1406 800 1476 singula
835 1408 958 1464 suis
978 1408 1122 1465 locis
1155 1410 1504 1466 examinare
1522 1410 1897 1466 conabimur.

213 1508 248 1581 ἕ
278 1508 351 1587 ΗΑ.
392 1510 791 1587 ετ-Μαιέήεείυ
812 1515 1003 1571 ocatio
1024 1531 1100 1572 ea:
1128 1516 1463 1587 Evangelia
1485 1532 1617 1572 cum
1631 1518 1902 1573 observa-

286 1583 557 1639 tionibus
586 1585 844 1641 Patrum
874 1601 887 1639 :
929 1587 1159 1658 aliquot
1194 1583 1605 1644 controversiae
1641 1588 1723 1643 ad
1757 1587 1899 1643 San-

282 1660 464 1711 ctum
486 1659 832 1727 spectantes.

2011 613 2176 683 quod
2229 616 2449 674 dictum
2500 627 2589 676 est
2633 638 2736 693 per
2781 624 2997 678 Isaiam
3044 625 3396 695 prophetam
3433 628 3657 685 :Terra

2012 702 2274 759 Zabulon
2340 712 2398 763 et
2451 714 2602 765 terra
2666 711 3064 782 Nephthalim,
3105 714 3198 769 via
3256 715 3437 770 maris
3493 720 3655 769 trans

2008 788 2351 861 Iordanem,
2395 794 2630 854 Galilaaa
2654 802 2939 869 gentium,
2968 800 3249 872 populus,
3276 804 3379 874 qui
3411 802 3657 859 sedebat

2010 877 2069 933 in
2099 881 2378 947 tenebris,
2412 884 2559 941 vidit
2606 886 2798 944 lucem
2831 903 3118 958 magnam
3165 905 3178 955 ;
3212 897 3265 945 et
3312 890 3655 946 sedentibus

2007 968 2067 1024 in
2094 971 2335 1040 regione
2366 973 2587 1031 umbrae
2616 978 2821 1031 mortis
2850 976 2952 1032 lux
2981 981 3110 1032 orta
3139 982 3226 1032 est
3270 979 3373 1033 eis.
3415 1000 3442 1028 η
3485 980 3653 1034 Recte

2008 1057 2481 1128 Chrysostomus,
2512 1063 2771 1133 hom.29,
2811 1072 2913 1121 aut
2957 1065 3027 1121 3O
3060 1066 3115 1120 in
3166 1066 3523 1131 Matthaeum,
3580 1065 3654 1122 de

2009 1146 2202 1200 verbis
2248 1149 2514 1219 allegatis
2543 1151 2688 1207 dicit
2726 1169 2740 1205 :
2778 1173 2802 1204 α
2844 1152 3142 1208 Civitatem
3176 1169 3348 1209 suam
3402 1154 3497 1209 hic
3545 1155 3653 1209 Ca-

2010 1249 2301 1304 pernaum
2333 1239 2594 1309 appellat
2626 1256 2820 1309 :nam,
2842 1240 3333 1313 quaetulitipsum
3358 1241 3651 1296 Bethleem

2010 1320 2119 1376 fuit
2151 1338 2163 1377 :
2193 1338 2329 1394 quae
2368 1326 2661 1383 educavit.
2696 1329 2975 1384 Nazareth
3001 1344 3016 1394 ;
3047 1345 3180 1399 quae
3221 1329 3651 1385 inhabitantem

2009 1408 2238 1477 habuit,
2271 1410 2667 1485 Capernaum.
2706 1438 2733 1465 ιι
2767 1417 3081 1472 Habitabat
3108 1416 3287 1486 igitur
3318 1417 3653 1489 Capharnai

2007 1497 2197 1563 Jesus,
2228 1500 2327 1555 ubi
2358 1502 2662 1559 Matthaeus
2704 1505 2908 1576 procul
2939 1504 3124 1561 dubio
3149 1520 3288 1561 eum
3315 1506 3653 1578 frequenter

2010 1585 2255 1653 viderat,
2292 1590 2595 1663 multaque
2616 1593 2882 1649 audierat
2932 1593 3238 1659 miracula,
3270 1610 3402 1665 qua:
3438 1594 3651 1665 partim

2007 1674 2361 1747 Capharnai,
2400 1679 2614 1749 partim
2646 1681 2704 1736 in
2734 1680 2879 1736 locis
2908 1682 3114 1736 vicinis
3152 1687 3386 1754 patrata
3416 1680 3653 1737 fuerant

284 1761 915 1818 20.Paucaadmodum
931 1762 1005 1819 de
1019 1768 1221 1819 sancto
1238 1763 1893 1820 Matthaeoinnotuerunt
1926 1779 1970 1835 Β
2007 1776 2042 1817 a
2070 1761 2228 1828 Jesu,
2250 1772 2575 1837 antequam
2596 1767 2795 1838 ipsum
2819 1769 3085 1834 vocabat,
3111 1777 3425 1824 utrursum
3453 1767 3653 1824 obser-

210 1862 290 1904 ex
307 1850 660 1921 Evangelia,
680 1851 739 1907 in
764 1867 885 1924 quo
905 1851 1032 1908 sola
1049 1853 1242 1908 Sancti
1262 1854 1495 1908 vocatio
1520 1868 1656 1908 cum
1687 1859 1894 1908 secuto

214 1938 528 2005 convivio,
560 1944 618 1995 et
644 1940 859 1996 deinde
882 1940 1087 1997 electio
1127 1941 1204 1997 ad
1224 1939 1624 2014 apostolatum
1650 1955 1890 1997 enarra-

218 2030 347 2094 tur,
388 2029 649 2100 exceptis
688 2034 888 2085 tamen
930 2030 1255 2093 nonnullis.
1287 2046 1417 2101 qum
1458 2028 1782 2100 generatim
1814 2029 1889 2085 de

218 2114 515 2171 omnibus
545 2117 829 2188 apostolis
864 2118 1198 2174 referuntur
1246 2119 1558 2174 Mattheus
1597 2118 1721 2190 ipse
1752 2134 1885 2190 cap.

221 2220 306 2268 ix,
342 2204 524 2260 relata
564 2205 897 2277 Capharnai
928 2206 1586 2280 sanationeparalytici,
1608 2205 1698 2267 #9
1723 2223 1886 2263 voca-

221 2292 451 2349 tionem
478 2310 650 2349 suam
690 2301 891 2350 narrat
921 2296 1015 2351 his
1038 2296 1231 2352 verbis
1257 2313 1271 2351 :
1302 2314 1331 2348 α
1362 2303 1423 2351 Et
1448 2312 1585 2351 cum
1620 2295 1892 2352 transiret

219 2379 367 2436 inde
410 2383 598 2451 Jesus,
643 2382 787 2438 vidit
827 2382 1134 2439 hominem
1183 2384 1488 2439 sedentem
1537 2383 1593 2439 in
1646 2383 1885 2451 telonio,

220 2470 565 2526 Matthasum
616 2472 878 2538 nomine,
921 2478 975 2527 et
1010 2473 1091 2527 ait
1135 2471 1261 2527 illi:
1312 2474 1570 2545 Sequere
1622 2488 1717 2527 me
1770 2488 1785 2539 ;
1833 2478 1891 2529 et

215 2573 477 2628 surgens
499 2565 739 2615 secutus
768 2566 855 2616 est
869 2576 1029 2615 eum.
1055 2579 1084 2612 »
1106 2563 1326 2617 Marcus
1340 2576 1473 2632 cap.
1496 2575 1554 2628 ιι,
1576 2559 1621 2621 V
1645 2563 1703 2615 t3
1728 2559 1885 2616 idem

218 2652 467 2702 enarrat
491 2646 607 2703 hoc
632 2648 817 2704 modo
850 2664 861 2702 :
889 2670 916 2699 «
950 2651 1010 2704 Et
1032 2664 1307 2719 egressus
1330 2654 1639 2705 estrursus
1667 2648 1884 2722 (Iesus)

218 2735 302 2791 ad
345 2751 509 2791 mare
547 2753 561 2792 :
596 2737 914 2808 omnisque
959 2737 1138 2794 turba
1194 2737 1473 2794 veniebat
1511 2736 1590 2791 ad
1637 2753 1798 2805 eum,
1831 2743 1889 2793 et

220 2823 487 2880 docebat
514 2840 636 2880 eos.
674 2827 739 2879 Et
767 2840 904 2880 cum
949 2825 1296 2896 praeteriret,
1328 2826 1478 2880 vidit
1508 2825 1633 2879 Levi
1659 2824 1885 2895 Alpbaai

219 2912 531 2968 sedentem
571 2913 647 2968 ad
690 2912 999 2978 telonium,
1031 2919 1087 2967 et
1117 2915 1199 2968 ait
1225 2913 1346 2970 illi:
1385 2914 1643 2983 Sequere
1683 2927 1800 2977 me,
1830 2918 1887 2968 et

219 3014 486 3069 surgens
520 3006 761 3057 secutus
788 3005 877 3057 est
900 3016 1056 3055 eum.
1088 3020 1117 3051 »
1150 3002 1398 3073 Uterque
1430 2998 1739 3069 subjungit
1768 2998 1885 3070 illa,

211 3104 358 3161 qum
400 3088 560 3145 facta
586 3094 742 3155 sunt,
773 3088 1022 3161 quando
1052 3089 1112 3144 in
1141 3089 1325 3144 domo
1365 3087 1617 3143 Matthaei
1648 3102 1886 3142 aecum-

215 3178 405 3235 bebat
438 3180 629 3236 Jesus.
663 3183 730 3234 At
760 3178 903 3235 satis
929 3178 1055 3244 erit,
1089 3178 1138 3233 si
1163 3178 1239 3233 de
1269 3177 1369 3233 illo
1399 3176 1673 3232 convivio
1708 3176 1890 3231 dede.

211 3266 409 3323 rimus
444 3267 629 3323 verba
657 3267 851 3330 Lucas,
874 3266 980 3339 qui
1012 3281 1143 3338 cap.
1173 3283 1209 3319 v
1239 3281 1275 3321 a
1299 3264 1343 3327 ν
1368 3265 1435 3320 27
1466 3263 1540 3320 de
1576 3264 1886 3321 vocatione

212 3362 272 3412 et
308 3361 515 3411 secuto
537 3354 809 3411 convivio
833 3354 914 3410 ita
943 3352 1205 3425 loquitur
1235 3370 1251 3408 :
1277 3372 1305 3405 α
1328 3356 1391 3409 Et
1414 3356 1548 3424 post
1572 3353 1698 3408 hac
1718 3352 1882 3417 exiit,

218 3450 279 3499 et
332 3443 479 3499 vidit
521 3442 910 3515 publicanum
977 3444 1221 3498 nomine
1264 3442 1417 3505 Levi,
1460 3441 1760 3498 sedentem
1807 3440 1887 3498 ad

214 3532 528 3595 telonium,
566 3539 623 3587 et
651 3532 732 3587 ait
761 3531 843 3587 illi
889 3547 901 3587 :
938 3533 1192 3604 Sequere
1225 3546 1340 3586 me.
1381 3533 1446 3586 Et
1487 3529 1704 3585 relictis
1757 3546 1891 3585 om-

217 3621 422 3681 nibus.
456 3635 708 3690 surgens
752 3625 988 3676 secutus
1035 3625 1124 3675 est
1166 3634 1326 3673 eum.
1357 3621 1424 3674 Et
1474 3617 1610 3673 fecit
1648 3617 1699 3673 ei
1746 3633 1892 3674 con-

220 3709 449 3766 vivium
500 3724 791 3778 magnum
832 3708 961 3763 Levi
993 3708 1052 3763 in
1083 3707 1266 3763 domo
1297 3722 1428 3772 sua,
1461 3712 1516 3761 et
1559 3712 1686 3761 erat
1716 3707 1891 3762 turba

225 3796 416 3853 multa
434 3795 915 3868 publicanorum,
932 3800 987 3851 et
1006 3795 1280 3861 aliorum,
1298 3795 1401 3868 qui
1422 3811 1557 3850 cum
1576 3794 1691 3849 illis
1723 3800 1893 3851 erant

222 3885 697 3943 discumbentes.
725 3886 785 3939 Et
807 3900 1003 3940 murm
1014 3883 1270 3939 urabant
1299 3883 1577 3939 Pharisaei
1598 3890 1653 3939 et
1674 3883 1892 3939 Scriba

222 3990 457 4040 eorum,
492 3974 754 4029 dicentes
793 3972 871 4029 ad
917 3971 1247 4043 discipulos
1286 3972 1416 4042 ejus
1451 3991 1465 4031 :
1512 3972 1702 4037 Quare
1753 3986 1893 4029 cum

227 4063 567 4137 publicanis
601 4070 657 4119 et
686 4062 1106 4135 peccatoribus
1147 4061 1525 4117 manducatis
1551 4067 1608 4117 et
1645 4060 1843 4117 bibitis
1866 4061 1896 4118 τ

231 4155 297 4209 Et
327 4152 699 4224 respondens
729 4153 923 4215 Iesus,
945 4149 1093 4206 dixit
1123 4149 1201 4205 ad
1224 4150 1390 4206 illos:
1419 4152 1543 4206 Non
1573 4155 1765 4219 egent,
1788 4152 1892 4220 qui

232 4242 363 4297 sani
397 4246 548 4307 sunt,
586 4240 840 4308 medico,
874 4240 976 4296 sed
1016 4238 1119 4312 qui
1149 4238 1303 4294 male
1334 4237 1578 4294 habent.
1607 4240 1730 4292 Non
1763 4236 1893 4290 veni

224 4345 443 4387 vocare
481 4329 696 4400 justos,
751 4331 853 4384 sed
890 4333 1233 4398 peccatores
1267 4326 1346 4381 ad
1386 4325 1818 4396 paenitentiam.
1863 4344 1891 4373 η

229 4422 531 4475 Hactenus
560 4416 935 4486 evangelistse
960 4415 1036 4471 de
1067 4415 1394 4470 vocatione.

298 4510 389 4560 2t.
445 4506 529 4559 Ad
586 4504 840 4576 allegata
888 4509 1087 4558 autem
1148 4500 1651 4571 evangelistarum
1712 4500 1892 4557 verba

228 4594 545 4650 observare
599 4608 941 4664 possumus,
1011 4596 1285 4646 sanctum
1327 4590 1663 4648 Matthaaum
1711 4590 1889 4646 fuisse

232 4686 511 4739 vocatum
562 4695 746 4753 prope
791 4680 1086 4736 civitatem
1137 4679 1561 4752 Capharnaum
1606 4680 1684 4734 ad
1725 4695 1889 4735 mare

231 4770 514 4837 Galiltem,
539 4771 662 4827 sive
681 4770 1029 4836 Tiberiadis,
1051 4769 1201 4827 alias
1225 4768 1422 4825 lacum
1442 4769 1806 4824 Genesareth
1828 4769 1889 4824 in

234 4861 547 4932 Scripturis
587 4860 835 4928 dictum,
878 4859 979 4915 ubi
1024 4863 1193 4914 erant
1228 4856 1515 4913 solvenda
1553 4856 1884 4928 vectigalia.

235 4951 384 5007 Nam
418 4951 648 5007 Marcus
680 4948 835 5003 clare
873 4948 955 5003 ait
988 4946 1032 5007 7i
1061 4963 1099 5013 ι,
1126 4949 1329 5002 Iesum
1370 4946 1600 5000 venisse
1631 4945 1887 5017 Caphar-

237 5055 443 5103 naum,
484 5037 688 5107 ibique
727 5052 970 5091 sanasse
1019 5034 1435 5107 paralyticum,
1478 5039 1602 5089 tum
1650 5049 1886 5089 rursum

236 5127 413 5184 fuisse
442 5140 773 5195 egressum,
815 5130 873 5181 et
912 5124 1244 5181 Matthaeum
1285 5123 1406 5178 sive
1453 5122 1582 5177 Levi
1618 5136 1886 5178 vocasse.

236 5216 541 5274 Matthaaus
596 5230 733 5269 vero
772 5212 936 5277 dicit,
972 5216 1171 5269 Jesum‘
1210 5213 1445 5266 venisse
1482 5211 1541 5266 in
1590 5212 1889 5267 civitatem

239 5321 433 5371 suam,
477 5303 581 5360 ubi
612 5302 890 5359 nimirum
927 5310 1064 5357 tunc
1096 5300 1426 5366 habitabat,
1467 5304 1527 5354 ut
1565 5299 1723 5355 idem
1753 5300 1887 5355 Mat—

240 5394 424 5451 thmus
467 5408 597 5464 cap.
649 5408 707 5448 tv
744 5390 787 5451 ἲν
830 5395 889 5447 13
945 5395 1188 5446 testatur
1234 5388 1324 5446 bis
1366 5387 1559 5443 verbis
1596 5410 1609 5441 :
1667 5409 1692 5439 ι
1739 5390 1887 5445 Cum

235 5489 437 5541 autem
468 5480 733 5538 audisset
756 5480 946 5546 Jesus,
972 5478 1408 5551 quodloannes
1431 5475 1683 5532 traditus
1712 5484 1884 5542 esset,

239 5571 480 5629 secessit
510 5571 572 5626 in
601 5568 909 5627 Galilaeam
952 5583 964 5622 :
999 5573 1056 5623 et
1092 5565 1294 5623 relicta
1321 5564 1553 5621 civitate
1583 5566 1884 5633 Nazareth.

2002 1857 2103 1906 vat
2133 1852 2614 1924 Chrysostomus,
2657 1856 2821 1912 hom.
2854 1857 2943 1923 30,
2976 1862 3079 1912 aut
3129 1860 3215 1914 3t.
3248 1860 3403 1913 Dataa
3450 1862 3648 1912 autem

2000 1940 2447 1999 observationes
2504 1945 2851 2017 sanatioque
2914 1946 3223 2019 paralytici
3282 1946 3463 2019 paulo
3514 1951 3651 2001 ante

1999 2027 2156 2085 facta
2183 2031 2525 2098 ostendunt,
2558 2048 2742 2104 quam
2777 2034 2971 2106 inepte
3001 2034 3268 2090 Julianus
3300 2038 3356 2089 et
3386 2032 3652 2104 Porphy-

1998 2116 2122 2172 rius
2182 2119 2559 2175 vocationem
2626 2122 2872 2178 Matthaai
2927 2120 3273 2179 Christianis
3326 2120 3652 2193 objecerint

1998 2213 2284 2280 tanquam
2324 2208 2755 2279 incredibilem,
2807 2217 2868 2266 ut
2896 2217 3051 2266 recte
3090 2210 3338 2267 advertit
3368 2212 3424 2268 8.
3460 2210 3653 2265 Hiero-

1997 2309 2218 2367 nymus
2248 2298 2308 2352 iu
2340 2303 2594 2368 caputix
2626 2299 2896 2365 Matthaai,
2930 2298 3035 2355 ubi
3065 2298 3174 2355 illis
3200 2298 3373 2371 plura
3409 2312 3641 2371 respon-

1999 2388 2116 2441 det.

2070 2479 2156 2529 22.
2190 2474 2285 2529 Vel
2316 2474 2398 2530 sic
2430 2480 2625 2530 tamen
2672 2474 2819 2530 nihil
2856 2474 3291 2530 detrahendum
3324 2478 3412 2530 est
3454 2488 3651 2547 prom-

1998 2566 2113 2634 ptm
2135 2562 2486 2618 obedientiaa
2500 2562 2772 2626 Matthei.
2787 2563 2861 2619 de
2874 2578 2996 2635 qua
3012 2563 3289 2619 laudatus
3307 2563 3651 2634 Chrysosto-

1998 2666 2130 2705 mus
2170 2650 2250 2705 ita
2280 2651 2667 2706 ratiocinatur
2700 2673 2712 2705 :
2742 2674 2769 2699 α
2801 2652 2869 2707 Ut
2898 2650 3150 2706 didicisti
3184 2650 3449 2706 vocantis
3478 2653 3647 2722 pote-

1997 2744 2232 2803 statem,
2263 2738 2345 2794 sic
2375 2739 2536 2794 disce
2568 2739 2756 2795 vocati
2787 2738 3214 2795 obedientiam.
3254 2739 3457 2811 Neque
3487 2738 3647 2794 enim

1994 2827 2373 2900 repugnavit,
2401 2843 2595 2900 neque
2623 2828 2909 2884 dubitans
2941 2828 3088 2883 dixit
3122 2843 3136 2883 :
3172 2827 3323 2893 Quid
3354 2826 3469 2882 hoc
3508 2830 3596 2882 est
3622 2826 3650 2883 7

1996 2918 2146 2971 Num
2176 2930 2270 2969 me
2291 2914 2600 2970 hominem
2625 2915 2974 2987 hujusmodi
3000 2915 3404 2971 fraudulenter
3429 2912 3650 2969 vocat?

1997 3004 2144 3058 Nam
2171 3008 2324 3058 certe
2358 3004 2771 3077 intempestiva
2817 3005 3020 3060 fuisset
3058 3002 3404 3074 hujusmodi
3450 3001 3648 3057 humi-

1995 3088 2151 3146 litas.
2190 3090 2303 3146 Sed
2330 3092 2528 3148 statim
2566 3093 2832 3148 obedivit
2854 3110 2867 3149 :
2892 3108 3087 3165 neque
3119 3090 3281 3164 petiit
3307 3096 3369 3146 ut
3392 3090 3645 3146 domum

1995 3179 2080 3234 ire
2117 3178 2335 3248 liceret,
2378 3186 2439 3235 ut
2459 3197 2583 3235 rem
2609 3197 2746 3237 cum
2775 3182 2897 3236 suis
2918 3181 3410 3244 communicaret,
3441 3195 3652 3251 quem-

1997 3267 2330 3324 admodum
2384 3268 2561 3322 etiam
2608 3269 2930 3340 piscatores
2961 3269 3245 3324 fecerunt.
3278 3268 3350 3324 Ut
3379 3267 3537 3322 enim
3569 3266 3651 3322 illi

1996 3357 2162 3422 retia,
2202 3354 2563 3424 naviculam,
2595 3361 2651 3412 et
2681 3362 2929 3429 patrem,
2962 3358 3043 3413 ita
3074 3363 3128 3411 et
3155 3356 3252 3411 hic
3279 3354 3651 3412 teloniariam

2000 3459 2270 3500 mensam
2288 3449 2344 3499 et
2363 3444 2591 3499 lucrum
2619 3445 2871 3515 reliquit,
2888 3450 2951 3499 ut
2967 3449 3329 3517 sequeretur,
3349 3443 3427 3498 ad
3448 3442 3651 3498 omnia

1999 3537 2280 3604 paratum
2330 3532 2599 3588 animum
2632 3531 2919 3588 exhibens
2964 3548 2977 3587 :
3010 3535 3063 3587 et
3090 3548 3125 3587 a
3151 3530 3328 3586 rebus
3370 3528 3652 3587 omnibus

2001 3619 2389 3675 smcularibus
2410 3637 2470 3675 se
2493 3620 2691 3676 statim
2718 3620 3100 3689 abscindens,
3125 3635 3230 3692 per
3249 3616 3649 3675 obedientiam

2001 3708 2321 3782 perfectam
2341 3708 2789 3775 testiﬁcabatur,
2821 3725 3000 3780 quam
3030 3709 3373 3780 tempestive
3402 3712 3650 3762 vocatus

2002 3797 2290 3853 fuisset».
2331 3796 2387 3852 S.
2441 3794 2686 3852 Basilius
2737 3796 2797 3852 in
2846 3796 3079 3865 Regulis
3122 3794 3313 3851 fusius
3365 3795 3647 3861 tractatis,

2004 3884 2203 3940 interr.
2224 3887 2276 3951 8,
2297 3885 2487 3955 magis
2510 3885 2686 3940 etiam
2702 3890 3021 3955 exaggerat
3043 3890 3384 3957 promptam
3402 3897 3652 3955 sequen-

2003 3974 2075 4030 tis
2123 3972 2547 4037 obedientiam,
2581 3973 2662 4028 ita
2714 3972 2979 4029 scribens
3017 3995 3029 4025 :
3064 3992 3091 4024 «
3153 3971 3456 4029 Matthaeus
3483 3985 3648 4033 vero,

2003 4078 2139 4118 cum
2164 4061 2238 4118 ab
2269 4062 2400 4133 ipso
2422 4060 2638 4117 telonio
2660 4061 2929 4127 surrexit,
2953 4060 3390 4131 Dominumque
3412 4063 3651 4115 secutus

2002 4156 2109 4213 est,
2141 4150 2275 4219 (nos
2304 4148 2506 4203 docuit
2535 4148 2572 4218 :)
2604 4148 2705 4219 qui
2750 4164 2869 4203 non
2917 4147 3115 4203 telonii
3168 4147 3361 4202 solum
3411 4145 3644 4202 emolu‘

2006 4242 2205 4290 menta
2230 4234 2484 4305 reliquit,
2504 4235 2606 4289 sed
2633 4236 2894 4306 pericula
2912 4236 3092 4289 etiam
3113 4233 3484 4306 contempsit,
3512 4248 3649 4305 qum

2002 4340 2038 4380 a
2071 4321 2513 4391 magistratibus
2538 4327 2660 4377 tum
2694 4321 2805 4377 sibi
2847 4327 2976 4377 tum
3027 4322 3495 4392 consanguineis
3525 4321 3648 4377 suis

2000 4410 2451 4484 impendebant,
2468 4411 2633 4481 quod
2648 4408 3021 4481 vectigalium
3040 4410 3298 4465 rationes
3312 4408 3651 4483 reliquisset

2000 4500 2267 4555 infectas.
2295 4496 2586 4570 Antiquus
2616 4512 2957 4569 anonymus
2986 4498 3061 4553 ad
3088 4497 3454 4568 praasidium,
3479 4496 3651 4567 cujus

2003 4587 2260 4660 Epistola
2289 4586 2438 4642 inter
2491 4588 2677 4658 Opera
2714 4587 2770 4642 S.
2816 4586 3150 4658 Hieronymi
3203 4586 3475 4641 editionis
3504 4587 3651 4641 Mar-

1998 4679 2210 4734 tianeaa
2235 4676 2485 4732 habetur
2515 4682 2658 4731 tom.
2708 4677 2766 4740 V,
2799 4675 2914 4732 col.
2974 4678 3090 4741 146,
3144 4674 3423 4730 observat
3473 4674 3647 4729 etiam

1999 4766 2135 4834 alia,
2158 4766 2241 4820 ita
2269 4763 2522 4835 loquens
2554 4781 2566 4818 :
2596 4784 2621 4815 α
2655 4763 2965 4819 Μειίῑιιωιιε
2997 4761 3213 4818 sedens
3243 4761 3321 4817 ad
3347 4760 3641 4817 teloneum

2001 4853 2166 4910 audit
2207 4868 2219 4907 :
2254 4853 2511 4925 Sequere
2527 4868 2641 4907 me.
2659 4851 2958 4923 Numquid
2980 4850 3167 4922 prius,
3188 4847 3498 4906 ratiocinia
3515 4864 3650 4921 sup-

1999 4943 2249 5015 putavit,
2290 4948 2346 4996 et
2395 4956 2667 4996 reversus
2722 4939 2972 4996 domum
3019 4954 3263 4993 suorum
3307 4952 3515 5008 passus
3562 4941 3648 4992 est

1997 5031 2310 5101 lacrymas,
2324 5029 2623 5103 prtedioru
2632 5044 2808 5100 mque
2821 5028 3093 5084 auctione
3105 5026 3408 5089 sollicitus,
3425 5040 3645 5097 nequa-

1997 5134 2183 5193 quam
2216 5121 2404 5190 potuit
2438 5117 2665 5173 Domini
2705 5117 2871 5189 sequi
2902 5114 3167 5184 vestigia,
3200 5114 3308 5169 nisi
3343 5112 3551 5169 mundi
3584 5128 3648 5168 se

1999 5208 2166 5280 prius
2196 5222 2374 5263 onere
2402 5206 2679 5263 liberaret
2707 5205 2735 5262 ?
2758 5224 2786 5257 »
2816 5205 2901 5260 Ita
2929 5202 3171 5275 quidem
3197 5217 3537 5273 anonymus
3553 5201 3649 5258 hic

1999 5312 2137 5353 cum
2170 5298 2227 5354 S.
2260 5295 2476 5352 Basilio
2532 5294 2763 5350 videtur
2806 5293 3128 5356 insinuare,
3163 5291 3420 5347 rationes
3469 5290 3648 5346 fuisse

1999 5384 2336 5442 reddendas
2364 5390 2570 5439 sancto
2598 5385 2865 5439 Μελίη]ωο
2901 5383 2974 5435 de
2998 5385 3242 5451 accepta
3258 5395 3329 5434 ex
3351 5378 3650 5449 vectigali-

2000 5474 2111 5531 bus
2150 5471 2425 5544 pecunia,
2460 5486 2566 5526 nec
2621 5480 2820 5526 tamen
2867 5468 2942 5524 de
2987 5468 3058 5524 iis
3105 5466 3423 5524 reddendis
3473 5467 3647 5522 fuisse

2001 5562 2336 5620 sollicitum.
2388 5561 2600 5617 Verum
2647 5575 2717 5617 ea
2763 5557 3103 5616 observatio
3163 5571 3334 5630 aeque
3372 5554 3518 5611 mihi
3561 5553 3640 5609 in-
