4142 6278
516 293 624 348 763

1845 281 2106 339 MENSIS
2147 279 2598 336 SEPTEMBER.

3941 267 4043 321 764

516 423 676 476 certa
714 422 768 473 et
812 432 1019 489 parum
1065 413 1392 487 probabilis
1436 415 1703 484 apparet,
1747 427 1815 467 ac
1853 409 1981 466 aliis
2033 409 2161 478 jam
2194 406 2233 460 Λ
2274 405 2468 461 telonii
2504 406 2708 461 usibus
2735 401 3083 458 serviebat?
3117 400 3228 458 Sed
3259 402 3333 456 de
3365 405 3519 456 terra
3558 395 3947 489 sublatus,
3983 394 4036 447 in

517 509 642 562 visa
669 514 773 571 est,
803 505 912 561 nisi
940 521 1069 560 eam
1099 504 1288 558 solum
1330 502 1728 570 intelligamus
1769 499 1844 553 de
1887 501 2163 569 prompta

518 597 816 652 voluntate
838 595 915 649 ad
940 593 1280 648 faciendum
1298 591 1836 663 quidquidjubcret
1857 587 2160 641 Dominus.

519 702 650 740 cum
675 685 812 739 satis
842 699 1019 738 nosse
1050 687 1249 753 posset
1278 680 1420 736 nihil
1468 680 1605 735 mali
1630 681 1962 750 jussurum.
1995 675 2162 741 Quod

518 789 657 828 vero
686 777 909 843 spectat
938 771 1012 825 ad
1055 771 1312 824 rationes
1341 769 1519 825 ofﬁcii
1550 767 1996 837 magistratibus
2039 763 2164 818 red-

519 861 768 926 dendas,
801 860 1087 929 conjicere
1123 874 1465 928 possumus,
1513 863 1615 912 aut
1662 857 1993 924 obligatum
2047 869 2165 908 non

521 949 700 1005 fuisse
730 948 1064 1006 Matthaum
1097 946 1170 1001 ad
1204 963 1302 1001 eas
1334 946 1692 1010 reddendas,
1724 944 1888 1016 quod
1919 944 2168 998 fortasse

522 1044 690 1112 pater
734 1038 917 1108 ipsius
963 1035 1237 1107 Alphaus
1291 1036 1470 1090 etiam
1523 1041 1643 1090 tum
1699 1033 1939 1097 viveret,
1969 1038 2088 1098 aut,
2122 1031 2169 1085 si

526 1125 826 1181 Matthaus
879 1124 1124 1178 omnino
1168 1129 1350 1193 caput
1403 1122 1639 1178 familia
1689 1138 1813 1176 sua
1880 1126 2054 1185 esset,
2114 1124 2172 1174 et

531 1213 914 1282 vectigalibus
944 1212 1274 1283 praefectus,
1308 1211 1625 1266 Dominum
1671 1211 1865 1264 eidem
1897 1214 2026 1277 post
2049 1208 2167 1279 pri.

527 1318 690 1358 mam
715 1301 1114 1357 obedientiam
1149 1299 1490 1366 mandasse,
1525 1305 1582 1352 ut
1615 1298 1704 1351 vel
1757 1298 2016 1352 rationes
2055 1296 2170 1350 cito

526 1391 816 1456 redderet,
853 1389 942 1444 vel
967 1405 1101 1443 eam
1133 1404 1336 1442 curam
1369 1385 1530 1441 alteri
1561 1384 1969 1441 demandaret.
2006 1383 2171 1439 Certe

529 1479 887 1542 convivium,
919 1477 1084 1548 quod
1121 1477 1177 1530 in
1221 1477 1403 1531 domo
1436 1491 1546 1529 sua
1598 1474 1821 1529 Christo
1851 1473 2172 1544 multisque

529 1567 861 1640 publicanis
911 1566 1192 1621 exstruxit
1237 1564 1560 1630 Matthaus,
1597 1563 1835 1618 abunde
1894 1563 2172 1624 insinuat,

531 1658 730 1728 ipsum
763 1655 932 1710 facile
974 1655 1028 1707 in
1069 1653 1214 1709 alios
1247 1652 1660 1707 transfundere
1692 1652 1978 1722 potuisse,
2008 1651 2176 1721 quid-

529 1744 675 1815 quid
706 1742 1083 1810 obligationis
1113 1758 1179 1794 ex
1209 1741 1405 1795 officio
1444 1745 1838 1794 contraxerat.

597 1831 686 1886 23.
719 1831 898 1885 Porro
928 1829 1152 1884 laudati
1198 1829 1651 1899 Chrysostomus
1700 1834 1755 1883 et
1784 1829 2178 1898 Hieronymus

531 1933 667 1972 cum
703 1918 877 1972 laude
926 1917 1246 1973 observant
1297 1917 1620 1972 candorem
1673 1922 1726 1972 et
1780 1916 2176 1971 humilitatem

529 2006 586 2061 S.
619 2007 895 2076 Matthai,
927 2007 1092 2078 quod
1123 2007 1252 2077 ipse
1278 2007 1335 2060 in
1388 2006 1701 2071 Evangelio
1741 2005 2051 2076 professus
2084 2005 2176 2067 sit,

531 2095 918 2166 publicanum
971 2112 1034 2149 se
1077 2095 1280 2163 fuisse,
1325 2110 1585 2166 ususque
1645 2094 1722 2148 sit
1768 2095 2006 2149 nomine
2071 2109 2178 2147 suo

532 2183 724 2252 magis
771 2183 1034 2252 vulgato,
1087 2199 1224 2238 cum
1259 2185 1482 2238 Marcus
1513 2189 1568 2237 et
1596 2185 1777 2237 Lucas
1821 2183 1946 2236 Levi
1976 2183 2175 2252 ipsum

535 2273 862 2335 nominent,
893 2273 1038 2328 dum
1063 2273 1328 2327 scribunt
1368 2272 1738 2326 vocationem
1783 2291 1796 2338 ;
1845 2271 2176 2325 Matthaum

531 2376 686 2424 vero,
719 2361 865 2415 dum
887 2362 1165 2415 eumdem
1183 2360 1467 2430 apostolis
1486 2365 1896 2414 annumerant.
1928 2359 1984 2414 Si
2018 2358 2174 2414 idem

535 2447 763 2503 fecisset
812 2450 1114 2504 Matthaus
1164 2450 1314 2520 ipse,
1361 2455 1416 2504 et
1467 2449 1732 2503 similiter
1789 2450 1846 2502 in
1905 2447 2177 2514 catalogo

534 2537 937 2607 apostolorum
955 2537 1333 2608 publicanum
1350 2554 1408 2592 se
1429 2553 1546 2596 non
1570 2537 1958 2595 nominasset,
1982 2536 2178 2590 nullus

535 2625 749 2680 deinde
780 2642 846 2679 ex
870 2627 1180 2695 Evangelio
1207 2628 1429 2681 nescire
1454 2628 1754 2696 potuisset,
1788 2626 2175 2696 publicanum

531 2713 713 2768 fuisse
743 2714 1104 2776 Matthaum,
1138 2723 1238 2769 aut
1269 2714 1548 2770 eumdem
1597 2730 1732 2768 cum
1781 2715 1936 2768 Levi.
1965 2714 2178 2769 Audia-

535 2819 668 2856 mus
685 2802 866 2857 verba
887 2802 1068 2856 sancti
1089 2803 1424 2874 Hieronymi
1461 2819 1473 2858 :
1504 2825 1525 2852 ι
1555 2803 1749 2857 Cateri
1775 2802 2172 2874 evangelista,

533 2891 743 2962 inquit,
774 2897 1011 2962 propter
1041 2892 1459 2946 verecundiam
1499 2896 1556 2947 et
1585 2892 1872 2948 honorem
1899 2891 2170 2958 Mattbai,

533 2979 854 3035 noluerunt
904 2995 1041 3034 eum
1109 2982 1351 3035 nomine
1409 2981 1711 3052 appellare
1765 2981 2023 3049 vulgato,
2072 2979 2176 3034 sed

533 3067 825 3132 dixerunt,
865 3069 1030 3133 Levi;
1074 3068 1293 3139 duplici
1342 3072 1566 3141 quippe
1621 3069 1909 3124 vocabulo
1966 3067 2094 3122 fuit.
2147 3089 2171 3118 υ
2207 3097 2248 3154 C

532 3157 662 3225 Ipse
691 3161 889 3210 autem
921 3158 1226 3211 Matthaus
1259 3157 1584 3211 secundum
1610 3156 1775 3222 illud,
1805 3157 1967 3228 quod
2006 3174 2037 3210 a
2078 3158 2177 3212 Sa-

532 3243 772 3299 lomone
815 3245 1150 3315 pracipitur
1185 3262 1197 3299 :
1237 3267 1257 3293 ι
1305 3248 1475 3300 Jesus
1506 3251 1816 3300 accusator
1860 3251 1948 3300 est
1999 3245 2089 3299 sui
2118 3245 2177 3300 in

533 3332 825 3404 principio
869 3334 1177 3388 sermonis.
1214 3356 1240 3382 »ι
1277 3337 1340 3388 Et
1387 3334 1445 3388 in
1490 3333 1609 3389 alio
1648 3334 1779 3388 loco
1826 3351 1837 3388 :
1889 3354 1912 3383 ‹‹
1966 3333 2066 3386 Dic
2116 3339 2178 3387 tu

529 3427 774 3491 peccata
805 3426 920 3490 tua,
983 3422 1406 3490 utjustiﬁceris
1453 3439 1466 3486 ;
1501 3423 1831 3477 Matthaum
1880 3437 1939 3476 se
1988 3426 2044 3476 et
2075 3435 2180 3489 pu-

529 3507 836 3564 blicanum
863 3511 1151 3574 nominat,
1180 3510 1529 3565 utostendat
1559 3510 1917 3580 legentibus,
1950 3509 2178 3564 nullum

531 3596 748 3652 debere
787 3597 1035 3654 salutem
1054 3599 1392 3670 desperare,
1414 3600 1462 3653 si
1486 3599 1562 3655 ad
1593 3599 1835 3654 meliora
1855 3615 2180 3655 conversus

535 3685 628 3749 sit,
649 3701 783 3739 cum
805 3688 931 3756 ipse
953 3687 1025 3740 de
1047 3688 1366 3756 publicano
1401 3688 1456 3742 in
1476 3688 1817 3757 apostolum
1845 3688 1917 3742 sit
1941 3693 2180 3758 repente

535 3778 816 3826 mutatus.
858 3795 875 3820 ι
923 3773 1140 3828 Eadem
1168 3774 2177 3845 fereobservatChrysostomus,qui

533 3859 803 3928 adjungit
829 3861 1005 3914 etiam
1038 3862 1376 3934 sequentia:
1412 3885 1431 3911 ι
1457 3865 1570 3917 Cur
1595 3878 1772 3933 porro
1789 3862 1956 3929 dixit,
1982 3864 2178 3933 ipsum

536 3946 757 4001 sedisse
783 3949 841 4002 in
873 3948 1087 4003 telonio
1117 3949 1145 4004 7
1179 3951 1448 4005 Vocantis
1492 3951 1610 4005 vim
1651 3951 1991 4020 ostendens,
2016 3951 2178 4021 quod

534 4050 670 4090 cum
699 4037 967 4092 nondum
998 4038 1334 4102 destitisset,
1366 4045 1419 4094 et
1446 4040 1723 4110 improbo
1755 4039 1970 4095 telonio
1998 4040 2179 4094 hare-

535 4130 638 4188 ret,
669 4141 735 4180 ex
768 4126 978 4180 mediis
1005 4128 1200 4196 ipsum
1237 4127 1407 4182 malis
1433 4129 1765 4184 extraxerit.
1798 4150 1824 4176 »
1861 4131 1921 4183 Et
1955 4129 2177 4183 moxde

532 4213 724 4269 officio
755 4215 1206 4285 publicanorum
1241 4218 1318 4270 ita
1349 4221 1604 4273 mentem
1641 4234 1816 4272 suam
1855 4218 2117 4273 declarat
2161 4233 2172 4270 :

536 4325 562 4351 ‹‹
592 4305 722 4357 Hac
762 4309 960 4358 autem
986 4304 1253 4361 lucrandi
1283 4307 1812 4377 ratioimpudeutia
1849 4306 2025 4376 plena
2055 4311 2179 4361 erat

535 4408 616 4487 ac.
631 4392 972 4487 petulantia,
995 4401 1259 4465 quastus
1290 4396 1530 4465 iniquus
1550 4411 1618 4450 ac
1639 4401 1971 4450 mercatura
1995 4395 2178 4449 illibe-
2211 4433 2255 4487 Β

537 4479 697 4533 ralis.
728 4501 746 4527 ι
795 4480 937 4534 Hinc
972 4484 1024 4533 S.
1070 4481 1407 4547 Gregorius,
1444 4482 1604 4535 hom.
1643 4483 1712 4536 24
1759 4482 1818 4536 in
1867 4483 2178 4551 Evangelia

535 4567 803 4629 advertit,
863 4570 1091 4622 Petrum
1132 4568 1374 4638 quidem
1423 4569 1748 4639 aliquando
1807 4569 2054 4624 rediisse
2100 4571 2176 4626 ad

536 4656 947 4728 piscationem,
976 4657 1075 4711 sed
1101 4656 1434 4712 Matthaum
1468 4673 1779 4728 nunquam
1811 4658 1886 4712 ad
1917 4658 2178 4716 ofﬁcium

538 4745 844 4816 publicani
875 4745 1137 4817 periculo
1178 4745 1440 4816 plenum.
1495 4767 1514 4794 ι
1556 4745 1705 4811 Quia
1756 4745 1918 4801 aliud
1965 4751 2056 4802 est
2095 4748 2178 4804 in-

534 4834 682 4904 quit,
705 4834 924 4888 victum
943 4849 1044 4905 per
1067 4833 1449 4904 piscationem
1491 4849 1776 4905 quarere,
1793 4835 1954 4890 aliud
1980 4841 2174 4892 autem

537 4919 738 4975 telonii
764 4921 940 4976 lucris
968 4923 1246 4992 pecunias
1274 4936 1511 4989 augere.
1548 4925 1694 4978 Sunt
1719 4923 1874 4978 enim
1897 4924 2178 4995 pleraque

537 5009 794 5075 negotia,
827 5025 961 5080 qua
993 5010 1117 5065 sine
1169 5011 1426 5080 peccatis
1480 5010 1739 5065 exhiberi
1787 5018 1886 5067 aut
1935 5011 2028 5067 vix
2078 5019 2180 5068 aut

537 5095 876 5152 nullatenus
908 5105 1174 5169 possunt.
1209 5100 1350 5163 Qua
1382 5115 1522 5170 ergo
1553 5099 1628 5154 ad
1660 5101 2179 5172 peccatumimpli-

540 5188 698 5246 cant,
747 5185 820 5238 ad
865 5186 992 5240 hac
1035 5203 1277 5242 necesse
1331 5194 1417 5242 est
1463 5192 1526 5240 ut
1555 5194 1687 5259 post
1728 5191 2178 5245 conversionem

541 5268 781 5324 animus
804 5287 920 5326 non
941 5283 1221 5330 recurrat.
1248 5276 1549 5332 Laudatus
1568 5275 1902 5345 Gregorius,
1923 5278 2022 5332 lib.
2041 5295 2179 5333 xvni

543 5355 849 5411 Moralium
874 5360 931 5412 in
957 5363 1060 5416 Job
1090 5381 1220 5434 cap.
1250 5369 1314 5419 27
1355 5367 1424 5420 de
1468 5382 1689 5434 magna
1715 5367 1900 5421 sancti
1931 5369 2179 5424 Matthai

542 5441 871 5498 mutatione
922 5447 998 5500 ita
1037 5449 1297 5518 loquitur
1347 5473 1356 5511 :
1425 5477 1445 5504 ι
1498 5460 1708 5510 Annon
1769 5456 2064 5511 Matthaus
2122 5458 2181 5512 in

542 5534 698 5584 terra
727 5527 1002 5595 inventus
1027 5539 1135 5598 est,
1155 5539 1271 5605 qui,
1289 5544 1529 5599 terrenis
1556 5545 1802 5616 negotiis
1822 5543 2176 5616 implicatus,

2273 495 2674 550 fortitudinem
2700 494 2834 547 ferri
2855 491 3184 547 convaluit:
3205 490 3378 559 cujus
3416 483 4028 552 videlicetlingua,

2271 585 2442 654 quasi
2478 583 2820 637 acutissimo
2843 581 3062 650 gladio,
3087 579 3383 648 Evangelii
3413 573 4028 634 administratione

2277 673 2562 728 Dominus
2598 671 2926 726 inﬁdelium
2960 669 3142 725 corda
3182 668 3475 724 transﬁxit
3509 685 3520 721 :
3567 671 3648 721 et
3688 662 3823 736 qui
3861 662 4025 717 infir-

2276 778 2409 817 mus
2445 763 2604 831 prius
2626 763 3063 831 despectusque
3079 759 3392 829 fueratper
3413 763 3690 812 terrena
3731 753 4018 822 negotia,

2275 851 2438 906 fortis
2483 850 2871 921 postmodum
2903 849 3092 903 factus
3123 852 3209 902 est
3237 847 3315 902 ad
3345 846 3635 902 calestia
3685 841 4017 914 pradica-

2284 945 2508 994 menta.

2350 1031 2437 1083 24.
2479 1026 2649 1094 Quod
2687 1026 2766 1080 ab
2821 1025 3180 1095 Hieronymo
3229 1039 3412 1094 supra
3457 1023 3732 1078 dictum
3797 1025 3897 1074 est
3947 1022 4010 1074 de

2276 1117 2515 1186 gemino
2553 1115 2794 1170 nomine
2837 1113 3112 1184 apostoli,
3141 1114 3239 1183 qui
3275 1113 3592 1168 Matthaus
3639 1109 4004 1164 vocabatur

2278 1209 2336 1258 et
2383 1203 2514 1258 Levi
2565 1247 2579 1273 ,
2625 1209 2685 1258 ut
2723 1219 2934 1258 omnes
2997 1203 3214 1273 passim
3261 1200 3907 1264 animadverterunt,
3958 1204 4004 1252 et

2280 1291 2599 1359 Evangelia
2643 1292 2972 1347 clarissime
3031 1292 3360 1355 insinuant,
3412 1289 3667 1343 videtur
3734 1302 3998 1355 negasse

2280 1381 2579 1450 Origenes,
2611 1380 2710 1434 lib.
2745 1397 2763 1434 1
2797 1381 3017 1436 Contra
3059 1381 3315 1445 Celsum,
3354 1395 3520 1432 num.
3549 1377 3672 1447 62,
3720 1377 3842 1430 ubi
3881 1376 4000 1430 hac

2280 1471 2487 1526 habet:
2511 1491 2538 1521 ιι
2573 1469 2655 1525 Sit
2685 1475 2740 1523 et
2767 1470 2897 1524 Levi
2933 1469 3313 1540 publicanus,
3344 1467 3703 1538 quiJesum
3744 1471 3992 1520 secutus

2282 1562 2372 1615 sit.
2407 1566 2475 1614 At
2507 1576 2623 1615 non
2656 1560 2761 1614 fuit
2809 1558 2901 1614 ille
2931 1575 3003 1613 ex
3045 1557 3456 1628 apostolorum
3499 1572 3828 1621 numero,
3892 1556 3992 1609 nisi

2277 1650 2449 1720 juxta
2487 1648 2762 1720 quadam
2793 1646 3437 1718 Evangeliisecundum
3463 1648 3760 1702 Marcum
3785 1659 3983 1699 exem-

2209 1749 2250 1804 Β
2288 1736 2498 1807 plaria.
2537 1759 2556 1785 ι
2595 1736 2964 1792 Novissimus
3005 1735 3194 1790 editor
3224 1735 3482 1805 Operum
3521 1732 3860 1803 Origenis,
3893 1731 3983 1786 Ca-

2286 1826 2449 1882 rolus
2489 1825 2756 1890 Delarue,
2791 1831 2935 1880 tom.
2969 1825 3006 1887 Ι,
3031 1840 3169 1895 pag.
3205 1826 3308 1881 376
3339 1825 3398 1879 in
3431 1823 3781 1878 Adnotatis
3817 1820 3977 1876 addit

2287 1916 2456 1978 alios,
2490 1915 2568 1969 ita
2599 1913 2864 1968 scribens
2905 1931 2918 1969 :
2967 1936 2986 1963 ι
3042 1913 3224 1968 Levin
3252 1930 3287 1968 a
3323 1913 3600 1968 Matthao
3657 1911 3976 1978 distinguit

2287 2004 2464 2058 etiam
2527 2002 2852 2058 Heracleon
2901 2001 3216 2057 hareticus
3273 2000 3756 2056 Valentinianus
3815 1999 3968 2070 apud

2289 2093 2645 2148 Clementem
2685 2090 3151 2147 Alexandrinum
3183 2107 3238 2145 iv
3264 2090 3548 2147 Stromat.
3583 2105 3740 2161 pag.
3773 2092 3899 2151 502,
3923 2095 3968 2142 et

2289 2182 2438 2236 inter
2486 2179 2838 2236 recentiores
2901 2183 3069 2249 [Iugo
3119 2180 3374 2246 Grotius,
3449 2193 3763 2246 magnum
3809 2176 3963 2248 apud

2288 2269 2666 2326 Calvinianos
2679 2269 2949 2340 aliosque
2963 2268 3356 2324 heterodoxos
3376 2283 3622 2322 nomen.
3655 2267 3961 2322 Pramittit

2286 2359 2360 2412 de
2392 2358 2658 2424 Origene,
2706 2357 2868 2429 quod
2923 2375 2953 2410 ‹
2996 2356 3131 2411 Levi
3173 2371 3308 2412 eum
3354 2356 3628 2412 Matthao
3673 2354 3952 2411 eumdem

2286 2462 2536 2517 prorsus
2575 2446 2878 2500 hominem
2921 2461 3052 2500 esse
3099 2444 3369 2499 videatur
3401 2444 3618 2499 sentire
3656 2446 3720 2499 in
3756 2443 3950 2498 Prafa-

2287 2536 2443 2590 tione
2484 2534 2918 2605 explanationis
2962 2534 3020 2588 in
3076 2533 3394 2605 Epistolam
3426 2533 3503 2589 ad
3549 2535 3881 2589 Romanos.
3921 2551 3947 2579 ιι

2288 2624 2474 2679 Verba
2503 2625 2634 2694 ipsa
2665 2624 2932 2692 Origenis
2978 2639 3050 2678 ex
3081 2624 3327 2695 antiqua
3359 2622 3614 2677 editione
3659 2623 3826 2693 (nam
3871 2626 3942 2675 to-

2286 2728 2452 2768 mum
2478 2713 2542 2766 IV
2569 2727 2732 2768 nova
2752 2712 3005 2767 necdum
3039 2712 3352 2781 habemus)
3379 2711 3710 2781 subjungo.
3743 2708 3941 2764 Obser-

2289 2807 2383 2856 vat
2416 2803 2716 2870 Origenes,
2758 2802 2959 2856 multis
2992 2801 3114 2855 duo
3150 2807 3254 2856 aut
3298 2802 3406 2856 tria
3452 2801 3633 2854 fuisse
3681 2799 3924 2860 nomina,

2285 2890 2552 2962 interque
2603 2905 2706 2945 eos
2764 2891 3031 2945 nominat
3093 2891 3449 2955 Matthaum,
3497 2890 3578 2944 ita
3631 2887 3921 2943 scribens:

2287 2999 2314 3027 ιι
2342 2981 2489 3033 Nam
2530 2985 2585 3034 et
2617 2979 2919 3034 Matthaus
2963 2979 3090 3049 ipse
3130 2977 3304 3033 refert
3349 2978 3424 3032 de
3471 2994 3550 3040 se,
3594 2976 3752 3050 quod
3798 2989 3918 3029 cum

2287 3068 2556 3123 transiret
2595 3068 2788 3132 Jesus,
2841 3068 3066 3122 invenit
3113 3067 3441 3138 quemdam
3488 3066 3780 3121 sedentem
3851 3062 3922 3116 ad

2287 3156 2592 3221 telonium,
2609 3157 2850 3211 nomine
2882 3157 3243 3211 Matthaum.
3265 3157 3450 3210 Lucas
3471 3170 3598 3210 vero
3623 3153 3687 3207 de
3711 3152 3915 3206 eodem

2286 3246 2445 3308 dicit,
2486 3246 2630 3317 quia
2669 3260 2805 3300 cum
2861 3245 3135 3300 transiret
3180 3245 3367 3307 Jesus,
3419 3242 3724 3316 quemdam
3776 3238 3914 3293 vidit

2289 3335 2697 3405 publicanum,
2732 3334 2976 3389 nomine
3028 3334 3178 3398 Levi,
3212 3340 3267 3389 et
3298 3333 3458 3398 dixit,
3492 3334 3728 3402 Sequere
3750 3343 3909 3383 me...

2289 3426 2523 3478 Certum
2555 3426 2646 3477 est
2666 3430 2884 3490 autem,
2917 3423 3309 3491 evangelistas
3351 3437 3471 3477 non
3500 3433 3716 3475 errasse
3743 3417 3799 3470 iu
3825 3430 3919 3468 no-

2291 3511 2552 3565 minibus
2597 3510 3038 3581 apostolorum;
3075 3511 3179 3565 sed
3227 3511 3369 3582 quia
3403 3509 3580 3565 moris
3624 3512 3739 3562 erat
3775 3503 3913 3559 binis

2289 3599 2374 3653 vel
2409 3600 2584 3653 ternis
2611 3599 2952 3655 nominibus
2986 3601 3065 3654 uti
3108 3600 3403 3664 Hebraos,
3437 3600 3614 3653 unius
3645 3593 3913 3666 ejusdem-

2287 3703 2404 3759 que
2447 3687 2554 3742 viri
2587 3689 2818 3744 diversa
2864 3688 3080 3757 singuli
3136 3689 3448 3742 nominum
3507 3685 3780 3742 vocabula
3826 3696 3911 3752 po-

2288 3792 2477 3832 suere.
2507 3797 2535 3829 »
2569 3779 2666 3832 Hic
2697 3793 2818 3832 non
2843 3778 3022 3832 modo
3052 3779 3382 3832 Matthaum
3417 3781 3474 3831 et
3503 3775 3636 3829 Levi
3659 3771 3906 3828 eumdem

2287 3864 2592 3919 declarant
2631 3865 2956 3934 Origenes;
2993 3865 3096 3918 sed
3137 3865 3314 3920 etiam
3365 3864 3626 3918 ostendit
3665 3861 3902 3917 eumdem

2288 3968 2439 4017 esse,
2472 3968 2610 4007 cum
2645 3955 2848 4019 Lucas,
2905 3954 2985 4008 uti
3041 3958 3096 4007 et
3146 3955 3391 4018 Marcus,
3447 3952 3606 4007 idem
3653 3952 3806 4021 plane
3847 3946 3904 3999 de

2286 4041 2420 4100 Levi
2442 4043 2784 4098 narraverit.
2811 4041 2974 4112 quod
3007 4043 3308 4097 Matthaus
3337 4041 3411 4096 de
3429 4057 3510 4096 se.
3542 4042 3898 4110 Quapropter.

2289 4130 2338 4184 si
2371 4129 2676 4200 Origenes,
2716 4135 2924 4184 contra
2971 4130 3202 4185 Celsum
3237 4130 3526 4195 scribens,
3572 4143 3764 4184 revera
3793 4122 3900 4178 Levi

2288 4219 2469 4274 alium
2521 4235 2556 4274 a
2613 4220 2878 4274 Matthao
2933 4219 3263 4286 crediderit,
3297 4225 3503 4289 postea
3561 4212 3897 4290 frequentiori

2288 4325 2398 4363 usu
2431 4323 2613 4363 sacra
2646 4307 2960 4378 Scriptura
2991 4323 3251 4363 errorem
3283 4308 3552 4362 correxit.
3586 4310 3658 4362 At
3700 4306 3894 4360 fortasse

2288 4397 2567 4466 Origenes
2601 4397 2853 4465 allegata
2898 4399 3074 4451 verba
3119 4397 3310 4451 solum
3354 4397 3600 4467 protulit
3630 4413 3702 4451 ex
3743 4394 3898 4446 mente

2287 4493 2388 4541 aut
2434 4485 2605 4541 dictis
2637 4484 2807 4548 Celsi,
2841 4491 3046 4540 contra
3086 4502 3264 4555 quem
3309 4485 3382 4540 de
3428 4501 3489 4540 re
3537 4486 3772 4540 omnino
3813 4478 3901 4533 alia

2287 4575 2632 4629 disserebat.
2678 4575 2846 4638 Quod
2881 4578 3106 4643 spectat
3137 4574 3212 4628 ad
3247 4573 3670 4629 Heracleonem
3705 4577 3753 4627 et
3795 4569 3901 4621 Gro-

2288 4664 2454 4725 tium,
2491 4663 2893 4733 relinquemus
2918 4661 3031 4716 illis
3061 4663 3405 4732 opinionem
3434 4678 3607 4717 suam
3643 4657 3902 4731 improba-

2289 4751 2488 4816 bilem,
2518 4769 2555 4806 a
2612 4750 2786 4806 variis
2818 4752 2944 4818 jam
2988 4750 3326 4817 refutatam,
3372 4756 3428 4805 et
3487 4765 3800 4821 pergemus
3848 4741 3904 4799 ad

2288 4840 2466 4896 aliam
2492 4840 2959 4895 controversiam
2991 4840 3183 4907 magis
3211 4839 3585 4909 ambiguam.

2358 4933 2445 4982 25.
2478 4929 2846 4982 Recentiores
2877 4928 3081 4992 Graci,
3119 4929 3243 4982 sive
3278 4927 3381 4994 illi,
3423 4929 3522 4997 qui
3571 4927 3767 4983 medio
3808 4934 3905 4977 avo

2289 5015 2630 5084 ﬂoruerunt,
2682 5017 2738 5070 S.
2785 5015 3112 5072 Matthaum
3161 5016 3500 5071 existimant
3532 5015 3770 5071 fratrem
3811 5023 3908 5065 esse

2291 5105 2345 5160 S.
2376 5104 2577 5159 Jacobi
2604 5104 2827 5173 Alphai
2861 5104 3137 5173 apostoli,
3169 5104 3404 5176 sibique
3434 5104 3698 5160 faventes
3728 5101 3912 5159 habent

2290 5192 2608 5247 nonnullos
2648 5207 2678 5245 e
2712 5193 2983 5246 Patribus
3009 5209 3022 5258 ;
3050 5193 3154 5247 sed
3185 5192 3366 5264 aliqui
3398 5194 3684 5248 resistunt
3736 5184 3907 5247 eruditi

2291 5281 2588 5336 neoterici.
2617 5281 3018 5335 Henschenius
3045 5289 3242 5336 noster
3283 5283 3356 5337 ad
3382 5281 3402 5334 Ι
3425 5281 3552 5337 Maii
3582 5274 3912 5336 examinavit

2291 5369 2641 5424 sententiam
2692 5369 3030 5424 Gracorum
3072 5368 3130 5423 in
3177 5371 3234 5422 S.
3293 5369 3538 5435 Jacobo,
3572 5370 3699 5424 sive
3751 5360 3908 5423 tom.l

2295 5456 2447 5524 Maii,
2472 5473 2610 5528 pag.
2645 5460 2728 5524 t9,
2753 5457 2849 5511 ubi
2879 5473 2985 5527 pro
3028 5457 3125 5512 illa
3148 5457 3434 5513 sententia
3464 5457 3668 5513 laudat
3702 5451 3910 5514 Menolo-

2296 5547 2460 5618 gium
2507 5545 2895 5609 Basilianum,
2931 5547 3325 5618 Synaxarium
3359 5551 3764 5618 pervetustum
3793 5546 3907 5598 Con-
