4142 6278
159 274 278 333 765

1542 269 1717 330 VITA
1752 264 1811 324 S.
1855 264 2220 333 ΜΑΤΤΗΑΞῙ.

3471 283 3579 340 766

161 397 799 471 stantinOpolitanum,
869 398 1092 455 Menea
1157 400 1451 472 impressa
1522 403 1579 455 et
1631 393 1829 453 varios
1862 392 1906 451 Α
1939 394 2304 468 tinguentem
2331 406 2481 463 inter
2511 412 2784 463 sanctum
2809 406 3025 465 Iudam
3056 407 3420 465 Thaddeum
3445 422 3588 479 apo-

162 490 413 546 codices
443 504 590 544 mss.
610 489 971 553 Grecorum,
999 488 1257 545 Nicetam
1283 489 1564 545 Davidem
1588 484 1834 557 Paphla-

161 594 419 651 gonem,
456 575 657 633 seculi
696 591 755 631 lx
801 576 1174 647 scriptorem,
1221 577 1510 650 aliosque.
1567 572 1832 632 Ostendit

167 674 464 739 preterea
494 665 987 735 Chrysostomum
1020 670 1077 719 et
1097 665 1533 721 Theodoretum
1563 661 1831 735 ejusdem

161 755 349 827 plane
375 754 561 811 videri
601 753 925 818 sententie,
959 753 1102 825 quia
1140 755 1301 825 prior
1337 753 1483 809 inter
1521 748 1829 824 apostolos

163 850 455 901 numerat
484 843 637 899 duos
669 840 1026 914 publicanos
1063 842 1401 899 Mattheum
1432 848 1486 896 et
1513 839 1826 902 Iacobum,

163 949 309 989 cum
342 939 543 989 tamen
574 930 740 986 nulla
770 930 844 985 sit
880 929 1030 985 ratio
1068 945 1173 985 cur
1215 931 1488 986 dicamus
1534 928 1827 985 Iacobum

164 1021 395 1094 Alphei
455 1019 638 1075 fuisse
696 1019 1108 1091 publicanum,
1169 1018 1283 1074 nisi
1342 1018 1506 1091 quod
1564 1017 1827 1073 videatur

164 1109 354 1167 fuisse
402 1110 582 1165 frater
633 1108 905 1175 Matthei,
962 1107 1109 1163 alter
1159 1124 1299 1165 vero
1356 1114 1639 1179 utrosque
1686 1104 1827 1160 dicit

169 1198 627 1270 Capharnaitas,
660 1196 825 1270 quod
855 1196 1123 1252 similiter
1169 1196 1335 1252 nulla
1367 1196 1592 1252 ratione
1630 1194 1825 1250 dicere

167 1291 426 1357 poterat,
458 1284 571 1342 nisi
598 1285 942 1341 credidisset
968 1284 1211 1341 fratrem
1236 1284 1507 1353 Matthei,
1530 1284 1631 1356 qui
1659 1280 1825 1337 habi-

167 1376 337 1433 tabat
360 1373 743 1446 Capharnai:
777 1388 972 1446 neque
1003 1373 1162 1429 enim
1202 1373 1366 1429 ullibi
1406 1373 1465 1429 in
1511 1371 1825 1444 Scripturis

165 1464 402 1529 dicitur,
444 1463 542 1518 ubi
569 1468 745 1519 natus
768 1461 943 1517 fuerit
971 1462 1230 1518 Iacobus
1248 1461 1494 1533 Alphei,
1523 1466 1625 1517 aut
1648 1459 1824 1531 quale

163 1552 432 1611 ofﬁcium
460 1556 598 1609 ante
637 1550 1045 1621 apostolatum
1078 1550 1344 1619 gesserit.
1388 1548 1823 1621 Papebrochius

164 1648 388 1707 noster,
419 1647 564 1697 tom.
603 1639 675 1697 VI
714 1640 843 1695 Maii
886 1640 942 1692 iu
974 1637 1241 1710 Alpheo,
1286 1654 1467 1711 quem
1516 1636 1823 1707 utriusque

1940 486 2178 555 stolum,
2207 500 2262 548 et
2285 495 2503 552 Iudam
2536 496 2773 552 fratrem
2798 497 3003 553 Jacobi
3035 496 3302 553 minoris.
3331 497 3386 553 Si
3427 512 3498 552 eo
3526 496 3589 552 in

1939 576 2070 633 loco
2112 580 2307 638 visum
2336 592 2423 640 est
2466 592 2884 655 argumentum
2933 586 3217 642 idoneum
3271 590 3326 642 et
3364 584 3587 641 summi

1941 670 2246 735 momenti,
2270 672 2368 727 ubi
2384 677 2581 728 tamen
2598 689 2715 729 non
2742 674 2997 739 valebat,
3018 674 3164 747 quia
3184 673 3587 730 adhibebatur

1938 754 2015 808 ad
2050 756 2291 814 fratrem
2322 760 2769 833 inquirendum,
2806 778 2925 817 non
2970 761 3223 818 debebat
3265 762 3360 817 hic
3404 760 3589 817 videri

1936 857 2144 900 carens
2175 848 2368 919 specie
2403 851 2543 917 veri,
2576 866 2712 907 cum
2743 851 3057 908 adhibetur
3084 851 3162 906 ad
3201 865 3584 906 communem

1937 932 2242 1006 utriusque
2274 942 2497 1007 patrem
2534 940 3010 1009 investigandum
3044 956 3058 994 :
3089 944 3251 1010 pater
3276 939 3435 994 enim
3461 937 3589 993 istis

1934 1026 2348 1091 cognomentis
2372 1028 2431 1081 in
2467 1028 2727 1097 genitivo
2751 1028 2956 1099 positis
2974 1027 3122 1083 solet
3145 1026 3489 1096 signiﬁcari,
3523 1029 3591 1081 ut

1937 1108 2140 1165 Simon
2197 1114 2462 1181 Joannis,
2532 1115 2595 1171 id
2646 1120 2740 1171 est
2792 1115 2951 1171 ﬁlius
2998 1115 3266 1180 Joannis,
3326 1112 3588 1170 Iacobus

1934 1197 2220 1266 Zebedei,
2276 1201 2335 1255 id
2389 1208 2476 1258 est
2525 1203 2682 1258 ﬁlius
2712 1204 2998 1266 Zebedei,
3048 1219 3170 1259 non
3208 1202 3389 1258 frater
3439 1205 3589 1267 ;aut

1935 1291 2088 1340 certe
2120 1302 2240 1343 non
2270 1290 2551 1360 produxit
2588 1291 2995 1347 Tillemoutius
3028 1290 3214 1346 ullum
3246 1289 3586 1361 exemplum

1935 1372 2129 1429 fratris
2158 1392 2261 1447 per
2287 1378 2398 1433 tale
2424 1394 2758 1448 cognomen
2790 1379 3050 1435 indicati.

2005 1464 2093 1517 27.
2128 1464 2331 1537 itaque
2382 1467 2625 1523 minime
2655 1468 3160 1523 contemnendum
3188 1468 3373 1523 videri
3413 1466 3591 1522 debet

1933 1560 2401 1620 argumentum:
2452 1570 2562 1611 nec
2592 1555 2790 1621 credo,
2837 1555 2950 1611 tale
2995 1557 3184 1611 visum
3240 1570 3373 1611 esse
3418 1555 3589 1610 Tille-

1932 1640 2183 1695 montio.
2210 1646 2284 1696 At
2307 1641 2521 1698 habuit
2543 1643 2727 1699 aliam
2749 1643 3040 1700 rationem
3063 1643 3346 1713 negandi,
3376 1643 3587 1698 fratres

164 1738 397 1803 patrem
428 1728 652 1796 statuit,
678 1743 818 1799 pag.
846 1728 970 1793 355,
1002 1727 1281 1782 eamdem
1308 1726 1622 1797 amplexus
1653 1730 1741 1781 est
1768 1728 1823 1779 et
1854 1734 1896 1793 Β
1935 1725 2123 1782 fuisse
2155 1729 2498 1786 Mattheum
2530 1736 2588 1787 et
2613 1732 2904 1787 Iacobum
2936 1731 3187 1803 Alphei,
3213 1746 3491 1803 eamque,
3526 1734 3589 1786 ut

164 1819 547 1876 conﬁrmavit
571 1818 944 1875 sententiam.
966 1815 1135 1873 Ratio
1163 1818 1501 1871 Grecorum
1529 1813 1693 1870 haud
1712 1812 1822 1868 du-

167 1907 261 1963 bie
289 1913 397 1972 est,
430 1906 595 1980 quod
627 1904 889 1961 Iacobus
932 1920 1106 1978 eque
1134 1920 1203 1961 ac
1252 1904 1560 1960 Mattheus
1590 1908 1821 1973 patrem

163 1995 443 2052 habuerit
493 1995 825 2066 Alpheum,
886 2010 996 2050 nec
1046 1993 1164 2049 ulla
1229 1992 1305 2049 sit
1356 1993 1509 2048 ratio
1564 1990 1820 2057 dicendi,

168 2083 363 2140 alium
391 2083 572 2140 fuisse
599 2082 911 2153 Alpheum
956 2086 1184 2154 patrem
1214 2081 1488 2147 Matthei,
1512 2080 1695 2136 alium
1723 2094 1825 2151 pa-

168 2177 321 2229 trem
372 2172 600 2230 Iacobi.
656 2171 1066 2228 Tillemontius
1119 2171 1181 2227 in
1212 2170 1481 2226 Mattheo
1529 2168 1822 2239 agnoscit,

166 2262 687 2334 Cbrysostomum,
705 2260 1166 2325 Tbeodoretum,
1181 2260 1657 2330 recentioresque
1675 2258 1826 2314 Gre-

162 2366 269 2407 cos
328 2365 540 2407 omnes
594 2348 653 2404 in
712 2364 846 2404 eam
915 2350 1294 2419 conspirasse
1339 2346 1710 2411 sententiam,
1763 2349 1827 2402 ut

161 2438 262 2495 SS.
308 2437 646 2494 Mattheum
682 2442 738 2492 et
778 2436 1071 2491 Iacobum
1114 2435 1336 2506 Alphei
1381 2435 1594 2491 fratres
1624 2434 1821 2490 crede-

161 2530 316 2592 rent,
340 2525 485 2597 quia
504 2524 689 2581 ambo
713 2522 994 2579 dicuntur
1018 2522 1245 2595 Alphei
1271 2523 1474 2595 utique
1492 2521 1619 2578 ﬁlii.
1652 2526 1824 2577 Asse-

160 2614 235 2670 rit
259 2620 460 2670 tamen
497 2615 785 2670 Laconica
814 2613 1119 2677 brevitate,
1150 2611 1378 2667 nullam
1409 2627 1479 2667 ea
1509 2610 1571 2666 in
1602 2627 1662 2666 re
1692 2626 1821 2666 esse

162 2704 290 2759 veri
328 2703 610 2773 speciem.
652 2701 1003 2759 Tillemoutii
1047 2700 1474 2756 Laconismum
1514 2698 1824 2771 adoptavit

166 2792 467 2848 Calmetus
516 2790 686 2847 initio
738 2789 1105 2862 prefationis
1165 2804 1290 2844 sue
1343 2790 1404 2843 in
1458 2790 1819 2854 Mattheum,

162 2881 380 2935 eadem
413 2879 589 2951 plane
619 2880 916 2943 dicens,et
940 2876 1141 2932 locum
1168 2876 1374 2947 Operis
1400 2876 1582 2931 nostri
1612 2874 1821 2930 vitiose

164 2968 546 3037 assignatum
564 2965 727 3037 apud
738 2964 1199 3028 Tillemoutium,
1213 2962 1429 3020 eodem
1444 2963 1619 3032 plane
1642 2961 1823 3017 modo

1933 1816 2229 1883 existimo,
2248 1818 2432 1874 noluit
2446 1819 2731 1877 indicare.
2750 1821 3142 1884 Sustinuerat,
3157 1825 3367 1875 contra
3387 1822 3588 1874 aucto-

1932 1905 2169 1961 ritatem
2193 1906 2617 1978 plerorumque
2644 1910 2901 1974 Patrum,
2930 1913 2986 1964 et
3004 1913 3213 1963 contra
3235 1908 3379 1962 satis
3404 1906 3587 1971 clara,

1935 1998 1993 2049 ut
2021 1993 2273 2059 videtur,
2306 2011 2492 2051 sacre
2524 1995 2845 2067 Scripture
2881 2001 3256 2067 argumenta,
3297 1994 3586 2051 Iacobum

1936 2080 2157 2154 Alphei
2187 2084 2467 2139 eumdem
2499 2099 2629 2139 esse
2661 2100 2798 2140 cum
2836 2084 3061 2140 Iacobo
3108 2083 3285 2139 fratre
3329 2082 3585 2138 Domini.

1935 2171 2124 2236 Quare
2149 2187 2289 2228 cum
2309 2178 2537 2228 certum
2549 2174 2645 2241 sit,
2673 2173 3009 2229 Mattheum
3038 2187 3157 2227 non
3180 2187 3312 2229 esse
3339 2170 3579 2227 fratrem

1930 2259 2136 2315 Iacobi
2166 2259 2361 2317 fratris
2388 2260 2643 2327 Domini,
2668 2277 2791 2317 non
2816 2264 3046 2331 poterat
3072 2260 3334 2333 amplius
3364 2259 3581 2318 dicere.

1934 2348 2176 2405 fratrem
2199 2364 2332 2405 esse
2360 2348 2568 2405 Jacobi
2600 2349 2822 2420 Alphei
2852 2369 2866 2418 ;
2890 2349 3145 2422 ideoque
3176 2347 3385 2403 maluit
3414 2362 3590 2417 argu-

1939 2443 2143 2493 menta
2196 2437 2547 2493 Henschenii
2601 2438 2992 2509 contemptim
3063 2436 3342 2507 abjicere,
3403 2450 3590 2508 quam

1933 2523 2161 2580 difficili
2192 2541 2483 2597 responso
2511 2525 2585 2582 iis
2606 2525 2967 2582 satisfacere.
2994 2528 3204 2581 Verum
3238 2524 3399 2581 illam
3426 2539 3593 2596 que-

1936 2612 2193 2679 stionem
2225 2622 2352 2670 tum
2390 2614 2506 2670 hac
2541 2614 2618 2670 de
2662 2629 2866 2677 causa,
2902 2619 3028 2669 tum
3059 2617 3138 2669 ob
3170 2615 3228 2669 S.
3267 2612 3593 2683 Cleopham

1931 2715 2071 2756 cum
2101 2702 2313 2758 eadem
2332 2717 2691 2767 connexum,
2724 2701 3063 2759 examinavi
3090 2703 3149 2757 in
3176 2701 3595 2756 Dissertatione

1932 2790 2177 2861 previa,
2210 2790 2507 2864 credoque
2538 2806 2633 2846 me
2676 2791 2818 2847 satis
2861 2790 3191 2847 ostendisse
3241 2789 3593 2845 sententiam

1931 2877 2281 2932 Tillemoutii
2304 2893 2410 2933 nec
2433 2894 2573 2934 cum
2595 2878 2777 2934 sacris
2801 2878 3034 2934 Litteris
3056 2877 3360 2934 conciliari
3387 2891 3592 2948 posse,

1935 2972 1990 3020 et
2017 2965 2286 3020 Patribus
2336 2970 2498 3022 certo
2528 2966 2888 3023 contrariam
2929 2982 3075 3031 esse,
3105 2981 3179 3021 ne
3230 2964 3376 3020 nihil
3423 2964 3597 3036 plane

166 3056 681 3124 assignans,utne
697 3053 912 3126 legisse
925 3053 1168 3125 quidem
1187 3051 1456 3107 videatur
1469 3054 1825 3120 argumenta
1862 3077 1905 3136 ο
1936 3067 2008 3107 ex
2037 3052 2139 3107 illa
2162 3053 2368 3108 haberi
2401 3055 2594 3126 possit
2627 3061 2833 3112 contra
2858 3055 3312 3125 germanitatem
3345 3052 3596 3109 Matthei

174 3142 527 3202 Henschenii
558 3143 618 3198 in
650 3144 839 3213 Opere
870 3145 1095 3197 nostro.

245 3236 331 3289 26.
377 3230 434 3287 Si
491 3230 703 3287 eadem
762 3230 1049 3287 brevitate
1098 3229 1321 3293 dixero,
1362 3227 1631 3299 ineptam
1695 3242 1827 3283 esse

174 3323 355 3378 istam
370 3319 721 3377 Tillemoutii
743 3319 966 3385 crisim,
985 3334 1174 3392 quam
1190 3316 1824 3389 adoptavitCalmetus,

174 3410 378 3468 nullus
398 3408 459 3466 id
475 3424 632 3480 egre
644 3408 794 3465 ferre
808 3407 1040 3481 poterit,
1065 3408 1227 3479 quia,
1248 3406 1398 3461 sicut
1414 3404 1619 3478 opinio
1640 3406 1829 3477 majo-

173 3515 313 3557 rum
329 3504 670 3555 nostrorum
692 3496 818 3553 visa
840 3502 928 3553 est
956 3496 1069 3566 ipsi
1087 3510 1285 3551 carere
1306 3493 1422 3550 veri
1441 3494 1660 3565 specie,
1679 3494 1761 3550 ita
1774 3498 1832 3549 et

176 3588 326 3644 mihi
346 3594 641 3644 assertum
674 3585 841 3645 istud
870 3586 1035 3640 omni
1059 3583 1291 3639 videtur
1330 3580 1559 3637 ratione
1589 3581 1830 3637 destitu-

174 3682 329 3740 tum,
363 3676 620 3747 ideoque
658 3673 1118 3744 ineptissimum.
1174 3671 1369 3727 Nolim
1404 3678 1602 3726 tamen
1634 3669 1829 3725 solum

177 3766 398 3828 dicere,
429 3769 485 3819 et
522 3763 668 3818 nihil
700 3761 973 3833 probare.
1010 3761 1204 3826 Quare
1232 3758 1492 3815 rationes
1530 3757 1703 3813 latius
1743 3757 1828 3812 vi-

177 3853 412 3909 dendae
432 3850 575 3906 locis
605 3864 789 3920 supra
817 3850 986 3905 dictis
1014 3848 1272 3903 breviter
1292 3846 1541 3918 explico.
1563 3845 1832 3902 Admittit

179 3939 603 4002 Tillemoutius,
661 3943 869 3994 sancto
921 3937 1180 3994 Mattheo
1230 3950 1564 4007 cognomen
1610 3932 1830 4005 Alphei

177 4045 313 4086 esse
346 4026 736 4085 verisimiliter
766 4043 801 4083 a
832 4025 1293 4099 patre.Iacobus
1322 4032 1522 4080 autem
1552 4023 1612 4079 in
1643 4024 1832 4080 omni-

176 4123 293 4176 bus
321 4123 581 4192 quatuor
617 4115 1025 4188 apostolorum
1050 4114 1356 4184 catalogis.
1392 4113 1454 4169 id
1492 4121 1600 4179 est,
1632 4112 1827 4170 Matth.

176 4224 233 4273 ι,
266 4207 441 4272 Marc,
475 4222 556 4272 ιιι,
591 4207 723 4261 Luc.
749 4221 824 4264 vi.
855 4210 911 4260 et
932 4208 1059 4260 Act.
1088 4208 1470 4259 tconstanter
1490 4202 1833 4256 nominatur

174 4295 434 4352 Iacobus
473 4294 721 4365 Alphei,
774 4309 881 4348 nec
923 4307 1192 4364 unquam
1262 4291 1320 4345 in
1374 4290 1558 4344 sacris
1610 4288 1833 4343 Litteris

1937 3144 1996 3196 et
2030 3140 2257 3196 Iacobi.
2308 3143 2520 3207 Quero
2567 3142 2765 3214 itaque
2816 3144 3111 3200 rationem
3156 3142 3435 3197 idoneam
3493 3155 3598 3196 cur

1936 3228 2145 3285 fratres
2163 3244 2292 3284 esse
2330 3229 2948 3299 nequeantMattheus
2977 3236 3033 3285 et
3058 3230 3321 3285 Iacobus
3347 3227 3596 3298 Alphei,

1936 3323 1993 3374 et
2022 3317 2244 3373 nullam
2304 3316 2479 3388 plane
2534 3317 2792 3372 invenio.
2837 3319 3063 3374 Etenim
3119 3333 3256 3372 cum
3288 3315 3601 3372 Mattheus

1938 3405 2280 3461 convivium
2311 3404 2543 3461 Christo
2572 3406 2946 3471 exstruxerit,
2976 3406 3072 3461 cui
3100 3421 3238 3460 cum
3270 3405 3470 3461 multis
3495 3419 3603 3475 pu-

1937 3494 2188 3550 blicanis
2222 3494 2510 3550 interesse
2540 3493 2823 3563 dignatus
2864 3498 2954 3550 est
2983 3493 3272 3549 Dominus
3304 3509 3320 3560 ;
3353 3493 3494 3548 satis
3518 3500 3605 3547 est

1940 3581 2271 3650 verisimile,
2313 3581 2615 3654 quosdam
2644 3598 2715 3637 ex
2744 3581 3015 3637 convivis
3046 3580 3230 3636 fuisse
3260 3595 3601 3647 conversos,

1939 3675 1995 3725 et
2023 3669 2098 3726 ad
2132 3670 2344 3725 Christi
2390 3669 2826 3741 discipulatum
2858 3676 3206 3741 pertractos,
3237 3677 3294 3725 et
3332 3669 3604 3726 nomina-

1940 3759 2043 3815 tim
2070 3759 2365 3815 Iacobum
2391 3758 2612 3830 Alphei
2666 3775 2739 3814 ea
2770 3758 3084 3814 occasione
3125 3762 3422 3812 secutum.
3451 3759 3602 3814 Mur-

1941 3846 2315 3903 murantibus
2365 3847 2440 3903 de
2470 3846 2572 3903 illo
2613 3847 2885 3903 convivio
2944 3847 3255 3903 Phariseis
3295 3845 3605 3915 respondit

1940 3936 2236 3993 Christus:
2260 3957 2288 3987 «
2305 3938 2431 3992 Non
2450 3936 2586 3991 veni
2604 3951 2815 3990 vocare
2833 3936 3051 4005 justos,
3070 3934 3171 3989 sed
3194 3938 3557 4004 peccatores.
3576 3953 3605 3983 ιι

1940 4027 2056 4082 Cur
2084 4024 2263 4094 igitur
2293 4024 2596 4096 suspicari
2626 4040 2746 4079 non
2794 4040 3139 4096 possumus,
3171 4024 3230 4078 in
3272 4021 3370 4077 illo
3400 4021 3606 4077 convi-

1941 4114 2033 4169 vio
2056 4118 2162 4169 aut
2191 4112 2344 4167 illius
2371 4113 2688 4168 occasione
2714 4116 2993 4168 vocatum
3031 4126 3167 4166 esse
3197 4111 3487 4165 Iacobum
3514 4109 3604 4165 Al-

1942 4201 2116 4273 phei,
2155 4201 2258 4270 qui
2297 4200 2357 4253 in
2410 4200 2681 4267 catalogo
2733 4200 3142 4270 apostolorum
3172 4198 3373 4254 Matth.
3413 4215 3450 4253 κ
3492 4204 3605 4255 sta-

1941 4290 2047 4345 tim
2074 4287 2554 4359 postMattheum
2576 4287 2863 4359 sequitur,
2878 4287 3394 4359 quemadmodum
3415 4286 3597 4342 etiam

180 4385 299 4441 alio
325 4384 567 4440 nomine
608 4382 980 4451 designatur.
1028 4379 1213 4474 Velim
1259 4376 1448 4474 modo
1495 4376 1640 4474 scire
1678 4374 1833 4473 unde
1868 4417 1913 4474 Β
1945 4378 2009 4434 ﬁt
2038 4382 2167 4433 Act.
2208 4392 2226 4431 ι
2254 4375 2281 4430 ‘l
2313 4374 2628 4474 lnduqbus
2648 4375 2800 4431 alliis
2824 4374 3112 4443 catalogis
3130 4375 3387 4431 Thomas
3415 4374 3487 4430 iis
3520 4374 3607 4430 in-

180 4473 409 4544 Alphei
435 4486 658 4527 nomen
685 4476 805 4525 tam
820 4473 1164 4523 constanter
1175 4464 1397 4520 habeat
1420 4464 1702 4525 Iacobus.
1722 4462 1833 4518 nisi
1868 4462 1910 4474 ’”
1945 4465 2271 4536 terponitur
2290 4466 2475 4519 solus.
2495 4463 2701 4536 Itaque
2716 4463 2940 4536 ubique
2976 4464 3035 4518 in
3058 4463 3340 4533 catalogis
3363 4468 3606 4534 aposto-

189 4579 227 4619 a
258 4567 450 4632 patre.
486 4561 649 4616 Certe
682 4557 847 4614 nulla
895 4556 1043 4611 ratio
1075 4553 1319 4610 dabitur
1360 4552 1580 4609 idonea
1628 4558 1838 4625 preter

187 4651 365 4706 hanc.
396 4651 526 4705 Iam
558 4661 699 4703 vero
728 4646 993 4708 adverto,
1028 4643 1250 4715 Alphei
1284 4657 1503 4698 nomen
1536 4641 1742 4697 nullibi
1777 4642 1836 4697 in

190 4737 377 4794 sacris
409 4735 638 4792 Litteris
663 4734 927 4806 reperiri,
970 4733 1082 4790 nisi
1119 4732 1219 4788 ubi
1243 4731 1440 4800 agitur
1466 4731 1542 4787 de
1568 4730 1838 4788 Mattheo

190 4832 296 4885 aut
330 4824 576 4889 Iacobo,
614 4829 675 4880 ut
713 4823 958 4880 minime
1004 4822 1197 4877 dicere
1248 4819 1568 4893 possimus,
1620 4835 1839 4875 nomen

191 4918 379 4974 fuisse
406 4914 607 4970 multis
651 4927 971 4969 commune
1012 4929 1025 4965 :
1077 4916 1136 4967 et
1173 4911 1284 4966 hac
1326 4908 1401 4965 de
1447 4925 1631 4966 causa
1674 4912 1839 4964 tanto

191 5001 575 5061 verisimilius
586 5006 693 5067 est,
707 5001 991 5057 eumdem
1005 5000 1186 5056 fuisse
1206 4998 1542 5070 Alpheum,
1555 4997 1658 5070 qui
1676 5003 1842 5070 pater

190 5100 319 5151 erat
352 5093 601 5150 Matthei
632 5097 689 5147 et
711 5088 940 5154 Iacobi,
988 5093 1163 5160 prout
1193 5086 1372 5143 Greci
1402 5102 1611 5142 omnes
1647 5085 1841 5142 existi-

198 5189 364 5240 mant
394 5187 527 5255 post
566 5182 1059 5251 Chrysostomum
1086 5182 1143 5231 et
1179 5176 1635 5233 Theodoretum.
1678 5175 1840 5231 Ratio

194 5273 293 5330 illa
325 5288 394 5328 ex
444 5271 755 5340 utriusque
803 5267 1160 5340 cognomine
1210 5268 1392 5336 petita
1430 5280 1551 5320 non
1584 5263 1843 5320 debebat

193 5368 347 5418 certe
374 5366 496 5417 tam
526 5357 841 5416 imbecillis
865 5354 1051 5411 videri
1076 5354 1466 5417 Tillemoutio,
1497 5353 1601 5424 qui
1630 5352 1842 5409 eadem

200 5451 282 5507 uti
330 5449 514 5506 voluit
554 5454 695 5504 nota
722 5451 754 5502 2
794 5446 855 5501 in
885 5449 1158 5501 sanctum
1205 5442 1421 5498 Iudam
1449 5440 1671 5509 Iacobi,
1719 5444 1844 5497 aut-

196 5539 565 5597 Thaddeum
584 5579 599 5605 ,
614 5536 716 5593 ubi
732 5533 1184 5593 disseritcontra
1197 5532 1707 5602 Chrysostomum,
1723 5529 1845 5586 dis-

1944 4555 2139 4610 lorum
2183 4552 2442 4609 Iacobus
2488 4552 2716 4623 Alphei
2759 4552 3029 4624 sequitur
3077 4566 3196 4607 non
3246 4550 3423 4622 longe
3472 4554 3609 4623 post

1946 4643 2302 4707 Mattheum,
2352 4646 2414 4695 ut
2458 4639 2965 4696 verisimillimum
3009 4638 3107 4695 ﬁat
3139 4639 3428 4696 Iacobum
3486 4653 3607 4695 non

1947 4731 2049 4787 diu
2079 4735 2217 4804 post
2243 4729 2584 4786 Mattheum
2606 4745 2643 4785 a
2667 4729 2900 4785 Christo
2922 4729 2999 4783 ad
3014 4728 3397 4800 sequendum
3428 4726 3607 4782 fuisse

1952 4824 2255 4876 vocatum.

2020 4913 2107 4965 '28.
2143 4907 2301 4964 Dicet
2326 4906 2578 4962 fortasse
2605 4920 2930 4971 nonnemo,
2972 4903 3308 4959 Mattheum
3336 4907 3393 4958 et
3431 4903 3607 4959 Iaco-

1949 4998 2096 5053 bum
2138 4995 2370 5067 Alphei
2418 4994 2627 5050 nullibi
2659 4994 2717 5049 in
2764 4992 3084 5062 Evangelio
3130 4991 3336 5047 fratres
3382 4991 3606 5057 vocari,

1951 5091 2124 5158 prout
2154 5084 2361 5140 fratres
2380 5083 2635 5140 subinde
2665 5087 2954 5139 vocantur
2984 5084 3188 5137 Petrus
3226 5085 3283 5135 et
3316 5079 3608 5147 Andreas,

1947 5177 2205 5231 Ioannes
2234 5177 2290 5228 et
2311 5172 2591 5228 Iacobus.
2626 5173 2840 5228 Verum
2872 5170 2930 5226 id
2971 5169 3178 5241 nequit
3224 5167 3402 5240 obiici
3433 5184 3469 5223 a
3497 5167 3606 5223 Til-

1952 5263 2235 5319 leinontio
2274 5268 2333 5318 et
2379 5261 2659 5327 Calmeto,
2706 5276 2811 5316 nec
2857 5262 2934 5315 ab
2989 5257 3121 5314 ullis
3182 5258 3287 5330 qui
3315 5256 3605 5314 Iacobum

1950 5352 2175 5423 Alphei
2214 5351 2423 5408 dicunt
2477 5349 2717 5405 fratrem
2771 5349 2938 5404 Iude
2986 5347 3286 5405 Thaddei.
3346 5346 3402 5403 Si
3441 5346 3605 5402 enim

1952 5443 2215 5506 credant,
2245 5440 2357 5495 hos
2405 5437 2611 5493 fratres
2659 5452 2790 5493 esse
2841 5436 3129 5507 potuisse,
3162 5434 3391 5492 etiamsi
3419 5434 3476 5489 in
3514 5448 3613 5489 ca-

1952 5528 2167 5599 talogis
2198 5526 2608 5600 apostolorum
2651 5539 2963 5599 nunquam
3005 5523 3215 5583 fratres
3256 5524 3549 5581 vocantur
3591 5535 3606 5575 :
