4124 6270
605 289 714 347 ’16⁸1

1920 292 2068 348 ΜΕΝ
2074 289 2179 347 SlS
2224 286 2675 347 SEPTEMBER.

3939 292 4031 350 768

606 414 906 470 immerito
931 412 1089 469 idem
1117 414 1421 484 negabunt
1437 414 1511 469 de
1534 416 1804 472 Mattheeo
1828 421 1885 472 et
1910 416 2133 472 Jacobo
2159 415 2250 469 ΑΙ·
2282 412 2330 466 Α
2362 415 2473 468 bus
2528 415 2961 486 apostolorum.
3033 414 3212 471 Varia
3277 420 3483 471 tamen
3535 416 3901 471 referuntur
3965 421 4025 473 de

607 502 782 573 phiei.
814 506 938 558 lmo
969 519 1085 557 non
1125 503 1313 559 deerit
1342 504 1511 569 ratio,
1548 520 1669 576 qua
1705 505 1919 560 horum
1952 504 2250 577 germani—

608 596 788 646 tatem
815 593 1085 646 omittere
1138 593 1433 662 potuerint
1476 593 1870 665 evangelistas.
1917 597 2060 650 Nam
2110 594 2252 648 Mat-

606 679 796 734 thmus
824 694 893 733 ex
933 680 1174 751 proprio
1207 680 1524 750 Evangelio
1577 690 1752 738 notus
1786 689 1931 749 erat,
1973 688 2035 738 ut
2062 681 2247 753 publi-

607 782 812 821 canus.
874 768 1068 833 Quare
1122 768 1167 822 si
1235 771 1614 838 evangelista:
1674 772 1965 827 Jacobum
2022 771 2247 842 Alpbaei

607 854 903 909 dixissent
958 856 1203 912 Matthmi
1265 858 1527 923 fratrem,
1607 861 2011 915 insinuassent
2071 860 2248 915 simul

606 943 995 1013 publicanum
1052 945 1254 1014 fuisse,
1290 952 1391 1001 aut
1433 955 1587 1003 certe
1641 949 1949 1021 publicani
1984 949 2243 1005 fratrem.

606 1031 807 1102 Atqui,
826 1039 885 1086 ut
903 1032 1297 1089 observarunt
1311 1036 1773 1108 Chrysostomus
1786 1044 1840 1093 et
1856 1040 2247 1110 Hieronymus

606 1121 831 1174 Marcus
863 1124 922 1174 et
966 1122 1170 1187 Lucas,
1202 1123 1450 1192 quando
1490 1132 1731 1180 narrant
1782 1126 2025 1181 Mattbwi
2077 1141 2247 1181 voca-

603 1207 845 1271 tionem,
879 1207 1075 1277 ipsum
1098 1208 1227 1263 Levi
1248 1217 1480 1275 vocant,
1501 1226 1573 1265 ne
1591 1212 1871 1274 indicent,
1908 1213 2244 1268 Matthaeum

604 1292 786 1348 fuisse
854 1295 1257 1365 publicanum.
1318 1300 1434 1353 Cur
1499 1299 1675 1367 igitur
1737 1316 1853 1354 non
1927 1306 2248 1370 potuerunt

604 1396 815 1436 omnes
848 1385 920 1437 de
941 1382 1167 1439 honore
1185 1387 1371 1441 sancti
1392 1386 1594 1442 Jacobi
1624 1387 1845 1459 Alphtei
1873 1404 2042 1460 teque
2070 1388 2245 1443 fuisse

606 1469 859 1535 solliciti,
893 1471 1146 1543 ideoque
1177 1474 1344 1529 silere
1395 1474 1629 1531 fratrem
1663 1476 1845 1531 fuisse
1888 1476 2248 1547 publicani?

606 1559 899 1613 Sententia
935 1558 1117 1627 igitur
1148 1561 1568 1633 Chrysostomi,
1600 1564 1948 1620 Theodoreti
1980 1572 2036 1620 et
2066 1568 2244 1621 totius

604 1646 937 1703 Graecorum
994 1650 1281 1718 Ecclesiae,
1334 1652 1474 1707 mihi
1524 1653 1853 1709 admodum
1908 1655 2243 1710 verisimilis

2358 504 2940 573 apostolisomnibus
2969 505 3318 575 generatim,
3350 503 3626 559 videlicet
3665 504 3848 576 quod
3880 506 4023 561 Chri-

2359 598 2484 646 stus
2508 593 2672 663 ipsos
2703 594 3013 649 donaverit
3038 600 3323 666 potestate
3343 594 3685 665 expellendi
3713 593 4019 651 damones

2358 680 2748 753 inﬁrmosque
2766 683 3040 749 sanandi,
3065 700 3134 738 ac
3156 683 3459 755 praeclaris
3475 684 3817 738 instructos
3848 689 4016 740 moni-

2356 770 2452 834 tis,
2481 771 2557 825 ad
2598 771 3051 841 praedicandum
3082 787 3186 842 per
3224 773 3497 827 Judasam
3531 774 3774 827 miserit
3815 787 3832 837 ;
3869 777 4014 845 quod

2357 859 2413 913 in
2448 858 2653 915 ultima
2682 875 2855 915 coena
2892 876 3030 915 cum
3062 860 3290 915 Christo
3320 861 3559 926 fuerint,
3594 861 4013 934 exiverintque

2356 946 2434 1001 ad
2464 948 2667 1003 villam
2694 948 3095 1014 Gethsemani,
3135 954 3192 1004 et
3229 948 3469 1012 deinde,
3500 965 3572 1004 eo
3617 956 3837 1020 capto,
3873 950 4011 1019 fuge-

2356 1036 2487 1101 rint,
2521 1036 2685 1105 quod
2719 1036 3012 1092 Christum
3062 1037 3244 1092 variis
3290 1037 3517 1092 vicibus
3566 1037 3850 1093 viderint
3902 1049 4011 1109 post

2355 1124 2867 1187 resurrectionem,
2893 1130 2949 1179 et
2973 1124 3217 1180 demum
3248 1125 3306 1179 in
3334 1126 3551 1181 cmlum
3581 1126 4006 1183 ascendentem

2355 1212 2793 1281 conspexerint,
2824 1212 2987 1283 quod
3018 1215 3376 1268 unanimiter
3404 1215 3459 1268 in
3501 1216 3790 1270 oratione
3828 1230 4013 1286 perse-

2355 1300 2685 1355 veraverint
2703 1316 2840 1356 cum
2862 1303 3042 1357 Maria
3062 1302 3242 1358 Matre
3271 1305 3364 1359 Dei
3389 1309 3445 1359 et
3466 1303 3597 1359 aliis
3622 1303 4007 1376 quibusdam,

2358 1388 2456 1443 ubi
2489 1394 2547 1444 et
2597 1388 2847 1445 Mathias
2903 1389 3072 1445 Iudae
3124 1393 3496 1456 substitutus,
3557 1393 3761 1449 donec
3804 1394 4009 1449 ibidem

2358 1478 2637 1548 Spiritum
2670 1486 2944 1535 sanctum
2994 1483 3349 1551 acceperint.
3396 1482 3530 1537 Haec
3551 1489 3715 1537 certo
3744 1482 3841 1538 de
3886 1498 4011 1553 apo-

2358 1565 2525 1620 stolis
2557 1569 2882 1636 generatim
2918 1574 3255 1634 narrantur,
3289 1574 3344 1624 et
3391 1570 3466 1624 de
3493 1576 3701 1625 sancto
3741 1571 4009 1627 Matthiae

2357 1670 2493 1709 vera
2522 1662 2677 1711 sunt.
2714 1656 2807 1713 Sic
2838 1657 3066 1712 videtur
3089 1658 3163 1712 de
3188 1658 3471 1714 omnibus
3504 1659 3825 1730 apostolis,
3844 1665 3962 1714 Act.
3985 1677 4008 1709 τ

604 1744 846 1805 apparet
875 1741 930 1791 et
960 1738 1307 1807 probabilis,
1340 1756 1477 1794 cum
1518 1743 1662 1812 quia
1694 1743 1887 1799 solido
1927 1744 2125 1799 nititur
2150 1760 2245 1800 ar-
2283 1754 2327 1812 Β
2358 1744 2612 1809 narrari,
2634 1747 2856 1800 carceri
2888 1746 3139 1801 infectos
3168 1746 3345 1802 fuisse
3376 1762 3413 1802 a
3438 1747 3710 1819 principe
3737 1749 4007 1803 sacerdo-

605 1829 890 1891 gumento
917 1840 986 1880 ex
1013 1826 1315 1898 utriusque
1346 1829 1597 1899 apostoli
1631 1833 1988 1901 cognomine
2020 1834 2246 1905 Alphaei

603 1909 882 1977 deducto,
912 1917 1035 1968 tum
1067 1915 1210 1986 quia
1242 1915 1434 1971 nullas
1462 1919 1679 1988 patitur
1698 1918 2095 1975 difﬁcultates.
2126 1922 2248 1977 Cal-

602 2005 790 2053 metus
821 2000 1067 2072 quidem
1099 2003 1156 2057 in
1207 2004 1563 2060 Dictionario
1610 2006 1828 2062 Biblico
1858 2008 2010 2063 duos
2043 2010 2249 2066 statuit

601 2087 897 2159 Alphasos.
931 2089 1177 2145 alterum
1213 2094 1399 2149 sancti
1434 2080 1684 2151 Matthei
1714 2102 1962 2166 patrem,
1993 2098 2246 2155 alterum

600 2182 829 2247 patrem
864 2180 918 2234 S.
950 2180 1153 2235 Jacobi
1168 2180 1412 2253 Alphesi,
1434 2199 1693 2255 eumque
1716 2186 1839 2241 vult
1865 2186 1981 2241 alio
2005 2190 2245 2243 nomine

599 2262 920 2335 Cleopham
951 2266 1195 2323 dictum.
1228 2275 1297 2324 At
1336 2272 1690 2342 respondeo,
1719 2272 1943 2329 nullam
1987 2291 2115 2330 esse
2148 2291 2246 2332 ne-

597 2352 926 2408 cessitatem
960 2357 1253 2412 statuendi
1306 2358 1459 2414 duos
1508 2359 1802 2431 Alphesos,
1837 2368 1938 2418 aut
1983 2364 2240 2436 dicendi,

597 2440 915 2512 Cleopham
950 2443 1066 2499 alio
1095 2446 1337 2501 nomine
1365 2447 1670 2519 Alphmum
1692 2449 1939 2514 dictum.
1972 2453 2082 2507 nisi
2104 2454 2238 2521 illis,

594 2529 696 2599 qui
717 2536 921 2585 contra
957 2535 1444 2591 sanctos'Patres
1472 2538 1763 2595 Iacobum
1820 2540 2049 2611 Alphea,
2101 2559 2240 2599 cum

591 2616 814 2673 Jacobo
848 2618 1021 2674 fratre
1052 2621 1282 2677 Domini
1305 2625 1700 2691 confundunt,
1736 2628 2105 2701 minimeque
2135 2632 2241 2685 du-

591 2702 780 2760 bitare
815 2722 927 2775 me,
960 2710 1104 2780 quin
1136 2711 1327 2767 statim
1361 2722 1769 2782 agnoscerent,
1812 2717 2017 2772 fratres
2054 2719 2239 2775 videri

593 2794 924 2851 Matthmum
966 2803 1020 2853 et
1043 2799 1329 2855 Iacobum
1361 2801 1605 2873 Alphmi,
1643 2805 1755 2861 nisi
1795 2806 1955 2861 hunc
2000 2807 2235 2864 fratrem

596 2883 827 2938 Domini
859 2900 987 2941 esse
1017 2886 1251 2943 vellent.

663 2973 748 3026 29.
784 2977 1017 3028 Annum
1054 2980 1109 3030 et
1150 2991 1435 3044 mensem,
1468 2995 1591 3051 quo
1630 2982 1878 3051 contigit
1916 2986 2146 3041 vocatio
2179 2987 2232 3041 S.

592 3058 862 3129 Matthmi,
890 3076 1009 3117 non
1054 3063 1309 3135 inquiro,
1343 3082 1416 3121 ne
1456 3083 1639 3136 cogar
1684 3073 2052 3142 quaestiones
2086 3074 2235 3129 alias

589 3152 968 3215 pertractare.
1004 3150 1082 3205 De
1108 3152 1316 3208 ordine
1347 3154 1564 3223 solum,
1584 3172 1707 3229 quo
1734 3160 1883 3215 inter
1912 3161 2233 3218 duodecim

590 3241 835 3290 vocatus
864 3244 968 3302 est,
1003 3254 1191 3311 pauca
1217 3241 1359 3297 libet
1380 3241 1601 3301 dicere.
1636 3248 1759 3301 Non
1802 3247 1908 3303 fuit
1937 3250 2088 3305 inter
2118 3250 2232 3321 pri-

589 3336 719 3377 mos
768 3331 1007 3381 vocatus
1055 3335 1294 3384 sanctus
1334 3332 1634 3389 Mattheus
1669 3352 1681 3388 :
1715 3351 1857 3392 nam
1886 3344 2046 3392 certo
2082 3353 2234 3409 pras-

585 3422 887 3470 cesserant
949 3417 1237 3485 Andreas,
1318 3420 1540 3483 Petrus.
1616 3424 1891 3489 Iacobus,
1946 3425 2228 3493 Joannes,

588 3500 888 3573 Philippus
913 3509 968 3559 et
1000 3507 1323 3562 Nathanael
1354 3511 1475 3564 sive
1508 3512 1993 3579 Bartholommus,
2026 3517 2127 3587 qui
2174 3517 2229 3573 in

585 3590 867 3647 omnibus
879 3608 1119 3665 quoque
1133 3596 1527 3666 apostolorum
1542 3601 1828 3669 catalogis
1842 3612 2233 3662 numerantur

587 3682 722 3731 ante
753 3680 1104 3735 Matthaaum.
1150 3684 1229 3737 De
1272 3686 1498 3741 Thoma
1546 3688 1803 3745 dubitari
1854 3698 2062 3761 potest,
2110 3694 2228 3751 fue.

584 3764 732 3819 ritne
760 3772 917 3831 ante,
957 3783 1032 3821 an
1086 3776 1219 3839 post
1263 3774 1619 3839 Matthaeum,
1670 3776 1977 3850 discipulis
2018 3783 2227 3840 Christi

582 3859 1033 3908 annumeratus.
1066 3856 1369 3914 Matthaeus
1396 3861 1520 3931 ipse
1543 3864 1830 3921 Thomam
1856 3867 1968 3923 sibi
2000 3884 2219 3940 praepo-

582 3939 685 4003 nit,
742 3946 797 3994 et
826 3943 948 3996 Act.
979 3959 1013 4011 ι,
1064 3944 1320 4001 Thomas
1365 3963 1482 4003 non
1530 3951 1723 4007 solum
1774 3956 2060 4021 Matthaeo,
2122 3939 2225 4015 sed

581 4026 756 4082 etiam
777 4029 1208 4088 Bartholomeeo
1226 4038 1609 4104 przeponitur.
1628 4042 1793 4109 Apud
1810 4043 2069 4100 Marcum
2087 4062 2224 4103 vero

580 4119 635 4168 et
665 4116 879 4173 Lucam
912 4118 967 4173 in
1002 4121 1330 4192 Evangeliis
1371 4125 1626 4182 Thomas
1658 4128 1989 4187 Matthaaum
2024 4136 2226 4206 sequi-

579 4206 688 4257 tur.
724 4203 948 4276 ltaque,
980 4222 1118 4264 cum
1151 4213 1379 4266 vocatio
1407 4214 1647 4272 Thomas
1678 4233 1797 4273 non
1839 4220 1913 4275 sit
1950 4203 2223 4294 exposita

579 4290 636 4345 in
674 4294 1026 4362 Evangeliis,
1060 4304 1117 4353 et
1145 4301 1321 4356 modo
1349 4311 1732 4375 prmponatur
1770 4308 1950 4364 modo
1984 4290 2223 4383 postpo-

2358 1836 2506 1896 tum,
2531 1848 2636 1903 per
2655 1834 2935 1903 angelum
2959 1851 3101 1890 vero
3116 1835 3399 1900 eductos;
3427 1836 3768 1909 iterumque
3810 1845 4004 1910 captos

2358 1926 2414 1976 et
2452 1939 2655 1988 caesos,
2691 1930 2869 1995 atque
2902 1925 2979 1979 ita
3008 1926 3305 1980 dimissos.
3344 1925 3481 1982 Post
3515 1942 3651 1997 quas
3684 1928 3814 1981 sub
3862 1930 4005 1997 ungi-

2357 2018 2469 2075 tur,
2502 2027 2550 2065 v.
2578 2012 2639 2066 41
2679 2029 2692 2066 :
2733 2033 2755 2061 ι
2790 2011 3208 2085 Etilliquidem
3230 2014 3532 2086 (apostoli)
3554 2014 3723 2070 ibant
3747 2017 4003 2084 gauden-

2358 2104 2445 2154 tes
2475 2115 2510 2154 a
2540 2106 2860 2171 conspectu
2891 2102 3449 2175 concilii,quoniam
3471 2104 3859 2171 dignihabiti
3884 2112 4000 2160 sunt

2356 2203 2464 2259 pro
2496 2190 2736 2244 nomine
2765 2189 2904 2245 Jesu
2934 2191 3357 2247 contumeliam
3401 2192 3543 2263 pati.
3582 2193 3771 2249 Omni
3818 2200 3998 2249 autem

2354 2276 2448 2331 die
2474 2292 2595 2331 non
2626 2278 2940 2333 cessabant
2967 2280 3024 2333 in
3047 2279 3268 2351 templo
3281 2286 3337 2335 et
3361 2280 3518 2336 circa
3543 2281 3767 2337 domos
3792 2283 3995 2339 docen-

2352 2368 2439 2420 tes
2468 2370 2524 2421 et
2551 2366 3029 2435 evangelizantes
3055 2368 3349 2425 Christum
3367 2371 3593 2425 Iesum.
3629 2391 3658 2423 ››
3692 2373 3860 2427 Mitto
3900 2373 3997 2427 alia

2353 2469 2473 2508 non
2505 2470 2675 2526 aeque
2702 2461 2861 2511 certo
2885 2456 2960 2510 de
2986 2458 3269 2512 omnibus
3298 2459 3477 2514 dicta.

2350 2550 2378 2622 δ
2415 2550 2504 2605 ΙΙΙ.
2535 2553 2928 2623 Evangelium
2966 2554 3249 2637 scriptum
3286 2573 3297 2637 ς
3359 2556 3694 2623 spectantia
3723 2559 3808 2615 ad
3842 2561 3992 2618 illud

2944 2634 3397 2682 examinantur.

2420 2719 2508 2774 30.
2546 2723 2622 2776 De
2633 2723 2951 2791 Evangelio
2966 2738 3070 2793 per
3081 2729 3357 2781 sanctum
3374 2727 3711 2784 Matthaaum
3735 2730 3963 2785 conseri
3976 2760 3989 2771 -

2349 2812 2469 2879 pto,
2487 2808 2840 2880 priusquam
2861 2812 3072 2868 Judma
3092 2814 3418 2883 excederet,
3443 2815 3576 2871 aliis
3588 2832 3812 2889 quoque
3841 2833 3986 2889 gen-

2349 2897 2507 2952 tibus
2536 2899 2992 2969 praadicaturus,
3037 2901 3339 2972 Eusebius,
3375 2903 3477 2959 lib.
3522 2921 3599 2969 HI,
3639 2922 3759 2976 cap.
3793 2909 3859 2960 2L
3894 2906 3978 2960 ita

2347 2984 2644 3057 loquitur:
2680 3009 2708 3037 «
2742 2989 3046 3045 Mattheus
3068 3006 3205 3046 cum
3234 2992 3493 3048 Hebraeis
3528 2995 3775 3065 primum
3806 2994 3985 3049 ﬁdem
4076 2990 4077 2999 “

2273 3102 2314 3160 C
2347 3075 2889 3145 prmdicassetﬁnde
2904 3078 2981 3133 ad
2994 3079 3141 3135 alias
3153 3096 3387 3152 quoque
3400 3088 3603 3152 gentes
3616 3083 3984 3154 profecturus,

2350 3163 2734 3233 Evangelium
2757 3181 2933 3222 suum
2961 3168 3148 3237 patrio
3180 3185 3459 3225 sermone
3480 3173 3879 3238 conscribens,
3912 3173 3983 3239 id,

2344 3253 2510 3322 quod
2543 3254 2867 3322 praesentiae
2896 3270 3019 3311 suae
3060 3257 3259 3313 adhuc
3298 3275 3617 3331 superesse
3660 3260 3982 3327 videbatur,

2346 3338 2565 3409 scripto
2594 3340 2727 3406 illis,
2778 3358 2935 3413 quos
2986 3345 3382 3419 relinquebat,
3430 3349 3755 3419 supplevit.
3789 3370 3819 3402 in
3856 3350 3987 3405 insi-

2343 3432 2491 3482 nuat
2510 3427 2773 3497 allegatis
2797 3432 2992 3487 verbis
3007 3435 3659 3500 Eusebius,Mattbaaum
3690 3440 3985 3510 scripsisse

2344 3530 2615 3571 sermone
2649 3518 2951 3585 Hebraico,
2985 3523 3182 3593 qualis
3217 3530 3358 3579 tunc
3386 3534 3513 3581 erat
3544 3528 3808 3583 usitatus
3840 3528 3984 3600 apud

2340 3603 2601 3671 Judasos,
2644 3622 2762 3663 non
2794 3611 3039 3680 quidem
3071 3627 3225 3683 puro
3255 3618 3310 3669 et
3339 3621 3591 3681 vetusto,
3634 3617 3741 3671 sed
3786 3620 3987 3672 nonni—

2343 3692 2423 3748 hil
2453 3702 2729 3766 corrupto
2755 3713 2825 3752 ex
2872 3698 3192 3757 Chaldaico
3244 3709 3298 3757 et
3328 3704 3590 3774 Syriaco,
3645 3710 3709 3760 ut
3740 3705 3847 3761 alii
3873 3707 3983 3777 jam

2339 3781 2747 3840 observarunt.
2774 3785 2968 3843 Innuit
3002 3796 3301 3857 praeterea,
3328 3791 3588 3863 primum
3614 3795 3900 3851 omnium
3926 3810 3985 3850 ex

2336 3872 2717 3939 evangelistis
2744 3875 3048 3944 scripsisse
3068 3879 3426 3947 Matthasum;
3448 3897 3586 3936 mox
3609 3883 3777 3938 enim
3803 3884 3979 3947 addit,

2336 3964 2547 4027 postea
2590 3962 2892 4032 scripsisse
2934 3967 3192 4021 Marcum
3244 3971 3304 4023 et
3346 3970 3585 4038 Lucam,
3627 3986 3699 4026 ac
3742 3973 3985 4028 demum

2335 4045 2648 4103 Joannem.
2694 4051 2913 4108 Deinde
2944 4069 3077 4125 cap.
3107 4055 3177 4111 38
3203 4055 3329 4113 haec
3368 4056 3585 4127 allegat
3636 4060 3861 4132 Papia,
3893 4065 3986 4134 qui

2334 4151 2472 4191 cum
2502 4136 2809 4209 discipulis
2833 4145 3242 4214 apostolorum
3266 4148 3494 4205 vixerat
3518 4150 3593 4204 de
3617 4157 3838 4208 sancto
3862 4154 3988 4208 Mat-

2333 4223 2489 4280 thteo
2522 4227 2700 4284 verba
2730 4248 2743 4282 :
2777 4252 2805 4279 «
2838 4233 3142 4288 Mattheeus
3167 4234 3431 4307 quidem,
3458 4238 3673 4309 inquit,
3703 4239 3987 4297 Hebraico

2332 4330 2606 4372 sermone
2635 4317 2838 4374 divina
2868 4322 3220 4393 conscripsit
3249 4325 3493 4381 oracula
3521 4342 3534 4381 :
3565 4327 3989 4399 interpretatus

579 4385 754 4435 natur
811 4384 1099 4451 Matthaao,
1134 4388 1309 4459 plane
1361 4390 1612 4448 dubium
1671 4404 1755 4449 est
1799 4402 1853 4450 et
1908 4398 2216 4467 incertum,
2252 4409 2299 4467 ι)
2330 4409 2419 4457 est
2449 4410 2648 4460 autem
2693 4384 3120 4480 unusquisque.
3148 4410 3263 4479 illa,
3310 4420 3487 4484 prout
3530 4384 3739 4485 potuit:

576 4474 705 4522 uter
735 4484 801 4523 ex
828 4470 935 4524 illis
960 4482 1202 4528 vocatus
1221 4479 1294 4529 sit
1315 4478 1491 4546 prior.
1520 4481 1743 4551 Reliqui
1777 4499 1915 4539 vero
1936 4494 2215 4559 quatuor,

575 4553 854 4611 nimirum
868 4556 1411 4632 JacobusAlpheasi,
1430 4564 1614 4622 Judas
1633 4553 1991 4639 Thaddaaus,
2009 4553 2217 4633 Simon

576 4641 966 4707 Chananteus,
991 4653 1043 4702 et
1063 4648 1092 4702 J
1101 4649 1248 4705 udas
1273 4650 1579 4708 Iscariotes
1608 4660 1891 4728 proditor,
1918 4678 2055 4719 cum
2079 4681 2215 4722 con-

573 4736 795 4786 stanter
826 4732 881 4787 in
915 4736 1197 4791 omnibus
1229 4740 1516 4807 catalogis
1565 4751 1701 4816 post
1756 4747 2092 4807 Matthasum
2121 4770 2213 4810 re-

573 4827 940 4890 censeantur,
992 4826 1170 4880 etiam
1221 4827 1604 4887 verisimiliter
1646 4841 1783 4903 post
1832 4837 2027 4908 ipsum
2076 4850 2215 4898 sunt

570 4910 783 4977 vocati,
835 4912 913 4966 ita
967 4918 1029 4966 ut
1080 4915 1381 4971 Mattheus
1434 4920 1705 4976 videatur
1770 4927 2056 4996 septimus
2110 4938 2212 4988 aut

490 5016 507 5023 -
569 5000 813 5051 octavus
839 4998 1019 5055 fuisse
1060 5002 1210 5057 inter
1250 5004 1563 5063 duodecim
1606 5014 1947 5081 apostOIOs:
1980 5016 2035 5071 in
2063 5018 2211 5074 duo-

572 5080 683 5136 bus
708 5086 865 5140 enim
901 5091 1188 5159 catalogis
1220 5109 1299 5147 se:
1329 5094 1506 5149 timus
1540 5080 1795 5168 ponitur,
1823 5102 1881 5157 in
1909 5104 2040 5160 aliis
2066 5109 2208 5164 duo-

571 5169 674 5223 bus
702 5178 970 5231 octavus.
1003 5178 1177 5234 Porro
1206 5182 1415 5237 electio
1444 5183 1763 5243 duodecim
1794 5195 2207 5261 apostolorum

567 5270 604 5309 a
636 5256 818 5348 tribus
843 5268 1218 5333 evangelistis
1251 5270 1494 5326 refertur
1519 5289 1635 5329 non
1658 5276 1759 5330 diu
1790 5256 1921 5348 post
1950 5285 2205 5340 vocatio-

568 5356 704 5440 nem
743 5346 1009 5413 Mattbaei,
1044 5360 1439 5423 praetermissa
1474 5346 2074 5437 vocatione‘quatuor
2105 5388 2206 5442 po-

567 5430 909 5525 steriorum,
934 5440 1013 5491 uti
1054 5448 1107 5496 et
1134 5445 1393 5503 Thomas.
1429 5449 1644 5506 Deinde
1685 5430 2203 5525 nihil-particulam

565 5513 639 5570 de
669 5515 725 5570 S.
760 5518 1028 5579 Mattbmo
1060 5538 1332 5589 narratur
1368 5536 1429 5592 in
1455 5540 1786 5610 Evangeliis
1824 5513 1927 5599 aut
1954 5545 2011 5601 in

2328 4493 2515 4548 sancti
2544 4496 2745 4551 [reneri
2792 4496 3072 4553 laudatus
3102 4500 3414 4567 Eusebius,
3448 4502 3550 4559 lib.
3591 4520 3650 4571 v,
3684 4520 3825 4576 cap.
3856 4512 3893 4563 8
3920 4510 3989 4564 de

2328 4581 2590 4637 Mattbteo
2635 4584 2881 4640 adducit
2934 4587 3043 4642 hoc
3096 4590 3276 4645 modo
3326 4593 3699 4665 :Matthasus,
3764 4595 3985 4669 inquit,

2323 4668 2485 4739 apud
2517 4670 2786 4726 Hebraeos
2818 4674 3059 4743 propria
3084 4691 3289 4732 eorum
3322 4678 3529 4750 lingua
3560 4668 3985 4755 conscriptum

2324 4758 2710 4826 Evangelium
2757 4762 2964 4826 edidit,
2994 4763 3141 4821 dum
3173 4769 3375 4822 Petrus
3401 4784 3472 4823 ac
3507 4770 3727 4826 Paulus
3780 4775 3990 4830 Rome

2320 4845 2616 4903 Christum
2675 4849 3065 4921 pradicarent
3132 4860 3190 4908 et
3238 4857 3513 4912 Ecclesiae
3580 4858 3989 4918 fundamenta

2315 4934 2597 5002 jacerent.
2635 4957 2661 4985 η
2708 4938 2857 4994 Data
2901 4941 3078 4997 verba
3127 4943 3405 5012 leguntur
3443 4948 3605 5017 apud
3654 4948 3987 5017 Irenaeum,

2318 5020 2418 5076 lib.
2449 5038 2504 5078 ιιι
2524 5023 2743 5081 Contra
2766 5026 3025 5093 haereses,
3053 5046 3178 5101 cap.
3205 5049 3241 5095 ι,
3272 5034 3366 5088 ubi
3389 5035 3658 5091 similiter
3680 5036 3987 5103 innuitur,

2319 5110 2581 5179 primum
2610 5112 2758 5169 inter
2787 5117 3182 5186 evangelistas
3217 5120 3395 5175 fuisse
3423 5123 3763 5180 Matthasum
3802 5142 3817 5191 ;
3846 5127 3994 5185 licet

2318 5197 2462 5252 alias
2496 5213 2615 5254 non
2646 5209 2889 5259 careant
2926 5205 3127 5277 aliqua
3156 5208 3504 5266 difﬁcultate
3556 5227 3665 5284 pro
3708 5220 3991 5286 tempore

2316 5288 2617 5357 Evangelii
2649 5306 2684 5345 a
2717 5291 2990 5349 Matthmo
3018 5296 3241 5367 scripti,
3271 5305 3333 5353 ut
3368 5304 3573 5369 postea
3601 5302 3985 5360 videbimus.

2314 5375 2573 5431 Adducit
2614 5380 2920 5446 Eusebius,
2952 5383 3046 5437 lib.
3075 5400 3149 5449 vr,
3180 5401 3287 5457 cap
3318 5388 3386 5441 25
3423 5389 3601 5444 etiam
3630 5390 3817 5448 verba
3845 5392 3992 5449 Ori-

2313 5465 2497 5532 gcnis,
2556 5467 2808 5523 dicentis
2864 5486 2930 5527 ex
2979 5474 3313 5543 traditione,
3354 5497 3383 5531 ,α
3430 5480 3691 5549 primum
3743 5483 3988 5540 scilicet

2312 5555 2697 5623 Evangelium
2737 5558 3024 5630 scriptum
3054 5578 3183 5619 esse
3222 5580 3258 5620 a
3290 5565 3647 5633 Mattheo,...
3671 5569 3779 5643 qui
3820 5570 3985 5629 illud
