4124 6270
152 287 267 343 769

1534 284 1701 341 VITA
1740 285 1799 342 S.
1841 285 2198 343 MATTH/EI.

3460 292 3567 348 770

151 414 440 471 Hebraico
483 426 761 468 sermone
791 410 1199 484 conscriptum
1240 410 1461 467 Iudaeis
1513 410 1591 467 ad
1625 409 1808 465 ﬁdem
1842 409 1886 463 Α
1921 408 2133 466 fatetur
2152 428 2507 469 consensum
2531 411 2911 485 antiquorum
2936 412 3026 468 his
3047 413 3241 470 verbis
3267 436 3279 468 :
3303 434 3331 467 α
3352 413 3567 484 Magna

150 504 456 559 conversis
484 500 823 573 publicavit.
870 521 894 549 ι

227 598 313 649 3t.
348 594 403 648 S.
440 591 832 661 Hieronymus
862 588 922 643 in
989 588 1270 657 Catalogo
1322 587 1671 658 scriptorum
1722 602 1812 641 ec-

153 681 626 738 clesiasticarum
654 677 727 733 de
755 685 960 733 sancto
992 677 1261 733 Matthaeo
1288 677 1365 732 ita
1378 675 1559 731 habet
1587 695 1599 734 :
1625 698 1647 725 ι
1670 674 1810 729 Mat-

158 770 370 833 thteus,
403 768 507 838 qui
538 774 593 821 et
629 766 863 833 Levi,ex
890 766 1202 837 publicano
1229 764 1555 836 apostolus,
1586 765 1812 836 primus

159 860 223 914 in
249 857 455 913 Judaea
501 862 738 926 propter
777 871 899 919 eos,
934 854 1037 925 qui
1092 871 1162 910 ex
1219 852 1673 910 Circumcisione
1726 852 1811 921 (id

161 953 267 1013 est,
317 962 387 1001 ex
438 944 673 1015 Judeeis)
713 943 1108 1008 crediderant,
1170 943 1551 1012 Evangelium
1606 941 1813 998 Christi

163 1034 465 1090 Hebraicis
498 1032 699 1087 litteris
726 1030 1042 1103 verbisque
1073 1034 1429 1104 composuit.
1459 1031 1628 1096 Quod
1678 1034 1814 1103 quis

166 1129 371 1196 pOstea
398 1124 456 1177 in
497 1121 770 1177 Graecum
813 1119 1197 1185 transtulerit,
1248 1135 1370 1176 non
1399 1120 1540 1175 satis
1589 1126 1816 1175 certum

165 1217 270 1268 est.
305 1212 485 1266 Porro
516 1209 712 1281 ipsum
746 1208 1097 1264 Hebraicum
1130 1208 1387 1264 habetur
1419 1223 1611 1279 usque
1641 1207 1818 1263 hodie

166 1300 226 1355 in
258 1298 601 1355 Caesariensi
626 1296 1005 1362 bibliotheca,
1024 1314 1208 1369 quam
1225 1296 1570 1368 Pamphilus
1595 1301 1819 1368 martyr

166 1388 597 1444 studiosissime
629 1385 899 1441 confecit.
934 1386 1067 1443 Mihi
1111 1401 1351 1457 quoque
1409 1401 1445 1440 a
1501 1384 1816 1449 Nazaraeis,

164 1478 345 1550 quiin
376 1476 579 1531 Bertea
604 1474 747 1529 urbe
797 1475 980 1545 Syriae
1028 1475 1141 1530 hoc
1202 1472 1503 1529 volumine
1551 1477 1815 1537 utuntur,

165 1563 534 1619 describendi
564 1562 814 1619 facultas
834 1562 1029 1617 fuit.ln
1054 1577 1175 1634 quo
1189 1561 1814 1627 animadvertendum,

164 1652 349 1725 quod,
382 1653 723 1723 ubicunque
748 1650 1130 1720 evangelista,
1160 1650 1278 1705 sive
1308 1666 1380 1705 ex
1401 1665 1655 1720 persona
1686 1664 1810 1718 sua,

1919 500 2304 572 antiquorum
2364 502 2633 558 omnium
2687 502 3053 573 conspiratio
3106 508 3212 570 est,
3274 503 3566 559 Hebraico

1919 604 2192 644 sermone
2234 590 2617 659 Evangelium
2668 589 2918 646 Mattbeei
2952 590 3132 646 fuisse
3170 591 3497 661 vulgatum.
3534 612 3563 640 »

1919 678 2061 732 Tum
2084 678 2318 734 subdit:
2349 700 2373 731 α
2394 682 2532 744 Quae
2556 680 2799 734 eruditis
2825 679 2979 734 bene
3004 679 3202 735 multis
3231 680 3561 735 etiamnum

1919 766 2187 821 arridens
2218 767 2477 831 traditio,
2501 783 2620 823 non
2647 767 2831 838 aequis
2863 783 3009 823 sane
3035 768 3283 823 auribus
3310 784 3347 823 a
3390 766 3564 824 nobis

1921 854 2171 910 auditur.
2207 877 2235 906 »
2271 857 2503 911 Fatetur
2530 855 2704 927 igitur
2735 856 3078 925 Basnagius,
3114 872 3188 911 ne
3217 857 3405 928 aequis
3433 856 3565 928 qui-

1920 944 2052 998 dem
2080 942 2328 998 auribus
2366 959 2401 999 a
2431 959 2492 999 se
2519 944 2724 1010 audiri,
2754 944 2911 1015 quod
2943 944 3041 998 toti
3070 942 3291 1014 placuit
3310 944 3565 1015 antiqui-

1922 1031 2043 1085 tati.
2085 1031 2414 1087 Audiamus
2443 1048 2513 1088 ac
2543 1033 2616 1087 de
2656 1048 2717 1088 re
2742 1031 3033 1102 judicium
3074 1032 3311 1087 alterius
3339 1032 3567 1089 hetero-

1922 1119 2084 1185 doxi,
2100 1119 2369 1191 videlicet
2394 1119 2665 1177 Guilelmi
2692 1122 2843 1177 Cave
2873 1120 2932 1175 in
2953 1120 3218 1176 Historia
3246 1120 3564 1186 lateraria,

1925 1223 2058 1263 saec.
2095 1224 2134 1273 ι,
2176 1224 2309 1279 pag.
2347 1212 2398 1273 6,
2427 1209 2487 1263 in
2515 1210 2572 1264 S.
2599 1209 2902 1264 Matthmo:
2945 1230 2973 1258 ‹‹
3009 1210 3074 1263 Et
3097 1208 3342 1279 quidem
3376 1208 3567 1265 Histo-

1926 1294 2073 1350 riam
2093 1312 2266 1351 suam
2285 1296 2687 1366 evangelicam
2709 1296 2992 1353 Hebraice
3014 1297 3341 1368 scripsisse,
3358 1297 3564 1368 inquit,

1928 1385 2077 1438 miro
2101 1400 2243 1440 sane
2257 1400 2551 1440 consensu
2584 1385 2824 1440 tradunt
2848 1388 3093 1449 veteres,
3128 1385 3280 1441 adeo
3302 1391 3363 1440 ut
3388 1384 3565 1441 totius

1926 1488 2076 1543 pene
2130 1472 2497 1545 antiquitatis
2554 1472 2894 1529 testimonio
2932 1474 3215 1543 refragari
3250 1472 3378 1529 haec
3415 1474 3476 1529 in
3506 1489 3567 1529 re

1924 1559 2088 1615 nefas
2112 1561 2204 1615 sit.
2248 1582 2273 1611 ι)
2306 1566 2374 1616 At
2403 1576 2511 1630 ego
2540 1578 2659 1617 non
2699 1562 3058 1633 expendam,
3103 1569 3345 1634 quanta
3385 1564 3458 1617 sit
3488 1566 3568 1617 te-

1924 1650 2209 1703 meritatis
2260 1665 2297 1705 a
2329 1654 2448 1705 tota
2503 1651 2850 1723 antiquitate
2905 1666 3076 1707 sacra
3103 1650 3396 1719 recedere,
3428 1665 3567 1705 cum

166 1741 287 1797 sive
327 1757 398 1797 ex
428 1756 683 1813 persona
725 1738 961 1795 Domini
1018 1738 1357 1806 Salvatoris,
1402 1737 1609 1793 veteris
1666 1736 1816 1792 Scri—
1848 1741 1893 1797 Β
1924 1736 2190 1793 noverim
2238 1737 2632 1794 heterodoxos
2673 1738 2733 1794 id
2776 1739 2966 1795 facere
3018 1739 3221 1794 solitos
3276 1739 3334 1793 in
3389 1738 3569 1793 rebus

166 1836 355 1901 pturaa
384 1828 737 1885 testimoniis
771 1828 1053 1899 abutitur,
1082 1843 1204 1883 non
1245 1832 1531 1898 sequatur
1576 1828 1814 1897 Septua-

168 1919 332 1988 ginta
355 1918 771 1973 translatorum
797 1917 1229 1978 auctoritatem,
1252 1914 1348 1971 sed
1380 1914 1750 1971 Hebraicam.
1776 1917 1814 1970 E

167 2006 791 2077 quibusillasuntzuEx
808 2003 1058 2077 lEgypto
1083 2003 1292 2059 vocavi
1309 2003 1513 2058 Filium
1544 2019 1764 2060 meum.
1782 2027 1810 2055 ››

169 2093 237 2150 Et
268 2110 281 2149 :
314 2117 335 2144 ι
364 2094 656 2161 Quoniam
697 2096 1009 2149 Nazarseus
1038 2091 1368 2149 vocabitur.
1409 2114 1437 2145 ››
1472 2091 1817 2164 Chrysosto-

169 2199 323 2249 mus,
356 2185 519 2238 hom.
548 2201 587 2250 ι,
610 2182 667 2236 iu
693 2182 1029 2238 Matthaeum
1068 2183 1143 2236 de
1165 2180 1378 2236 iisdem
1410 2181 1536 2236 haec
1566 2182 1771 2237 scribit
1799 2198 1812 2237 :

166 2289 197 2322 ι(
247 2275 525 2327 Narratur
580 2286 779 2341 porro,
839 2270 1197 2336 Matthteum,
1247 2269 1669 2325 accedentibus
1728 2287 1818 2326 ro-

160 2359 568 2431 gantibusque
595 2357 944 2428 Judmis,qui
969 2357 1365 2421 crediderant,
1387 2373 1457 2413 ea
1470 2374 1605 2429 quae
1629 2358 1819 2413 verbis

159 2447 507 2518 protulerat,
540 2446 745 2501 litteris
774 2444 1073 2516 descripta
1121 2444 1331 2500 iisdem
1371 2445 1702 2517 reliquisse,
1762 2451 1819 2502 et

154 2535 442 2591 Hebraice
492 2533 879 2604 Evangelium
934 2533 1267 2605 scripsisse.
1310 2534 1492 2600 Idem,
1555 2534 1717 2589 hom.
1760 2537 1813 2600 4,

157 2623 426 2688 advertit,
461 2622 720 2695 primum
770 2638 838 2677 ex
883 2620 1261 2692 evangelistis
1318 2621 1631 2693 scripsisse
1676 2624 1816 2677 Mat-

157 2714 405 2773 thmum.
446 2713 700 2768 Sanctus
740 2711 1123 2782 Augustinus,
1179 2710 1283 2765 lib.
1315 2726 1334 2765 ι
1392 2712 1478 2766 De
1528 2726 1814 2767 consensu

155 2801 681 2873 evangelistarum,
713 2802 1159 2870 cap.2,caeteris
1175 2800 1467 2853 consentit
1492 2799 1565 2852 de
1596 2800 1814 2870 scripto

154 2892 424 2965 primum
458 2905 494 2944 a
529 2889 798 2943 Matthaeo
840 2887 1179 2955 Evangelio,
1214 2893 1271 2941 et
1299 2886 1372 2939 de
1389 2901 1814 2957 sermone,quo

155 2978 307 3034 illud
347 2976 720 3047 conscripsit,
762 2976 881 3029 ait:
914 2995 940 3024 «
964 2976 1181 3029 Horum
1217 2989 1359 3029 sane
1385 2978 1635 3041 quatuor
1656 2973 1817 3028 solus

1925 1824 2112 1881 multo
2143 1826 2514 1895 gravioribus
2544 1845 2559 1895 ;
2582 1826 2687 1897 sed
2707 1826 2900 1882 solum
2926 1825 3304 1891 examinabo,
3324 1840 3400 1880 an
3414 1826 3571 1895 ejus-

1926 1915 2085 1971 modi
2110 1914 2225 1970 sint
2250 1918 2507 1971 rationes
2536 1915 2830 1985 Basnagii,
2873 1921 2936 1969 ut
2962 1920 3117 1971 natae
3158 1914 3271 1970 sint
3303 1913 3567 1986 prudens

1924 2002 2189 2073 ingerere
2242 2002 2529 2059 dubium:
2571 2002 2720 2060 alios
2762 2018 2921 2067 vero,
2961 2002 3067 2074 qui
3118 2005 3256 2057 ante
3295 2006 3396 2056 aut
3434 2006 3570 2072 post

1926 2090 2291 2162 Basnagium
2319 2091 2502 2146 simili
2542 2091 2722 2147 modo
2753 2090 3063 2161 antiquam
3092 2093 3429 2145 sanctorum
3467 2089 3570 2144 Pa-

1926 2185 2082 2233 trum
2135 2178 2489 2234 sententiam
2548 2178 2896 2249 rejecerunt,
2932 2192 3176 2248 prorsus
3232 2173 3568 2247 relinquam

1925 2269 2200 2337 indictos,
2241 2284 2315 2323 ne
2373 2268 2699 2341 disputatio
2751 2267 2855 2323 ﬁat
2916 2266 3201 2339 prolixior
3250 2280 3436 2337 quam
3496 2263 3572 2319 sit

1926 2373 2188 2423 necesse,
2217 2362 2272 2413 et
2300 2357 2444 2429 quia
2501 2356 2767 2414 omnium
2808 2370 2990 2427 opera
3033 2354 3111 2410 ad
3166 2369 3416 2409 manum
3447 2367 3569 2408 non

1925 2447 2141 2503 habeo.

1944 2574 1949 2577 -
1994 2539 2081 2589 33.
2132 2536 2346 2604 Accipe
2376 2534 2571 2604 igitur,
2601 2533 2803 2597 lector,
2837 2530 3203 2601 objectiones
3256 2527 3564 2599 Basnagii:

1925 2621 2102 2686 Fons,
2135 2622 2348 2693 inquit,
2388 2621 2715 2676 traditionis
2746 2620 2919 2689 hujus
2970 2618 3208 2688 Papias,
3266 2615 3569 2688 pertenuis

1922 2709 2145 2781 ingenii
2207 2708 2600 2780 credulusque
2654 2706 2995 2777 scriptor....
3074 2708 3252 2761 Tenet
3305 2711 3364 2760 et
3406 2703 3571 2760 fama

1924 2798 2270 2854 Panttenum
2292 2798 2351 2853 in
2370 2797 2535 2853 india
2565 2794 2949 2865 Evangelium
2972 2793 3224 2850 Matthaei
3256 2794 3570 2865 reperisse,

1925 2889 2084 2959 quod
2114 2885 2581 2942 Bartholomaeus
2609 2882 3131 2940 Hebraicislitteris
3160 2882 3570 2953 conscriptum

1925 2975 2260 3045 reliquerat,
2290 2975 2450 3045 quod
2502 2976 2578 3029 ad
2619 2971 2893 3044 praedicta
2924 2987 3114 3043 usque
3159 2976 3430 3042 tempora
3454 2986 3572 3025 ser-

160 3064 469 3122 Matthseus
501 3063 740 3117 Hebrteo
773 3060 1081 3132 scripsisse
1131 3058 1473 3132 perhibetur
1498 3059 1756 3130 eloquio.
1788 3080 1817 3110 η
1846 3080 1892 3139 α
1928 3066 2132 3118 vatum
2159 3078 2284 3117 esse
2324 3074 2706 3119 memoratur.
2753 3060 3076 3129 Pigmentis
3129 3058 3382 3115 Eusebio
3412 3059 3570 3114 inco-

161 3152 355 3211 Missis
383 3151 644 3222 aliis,qui
667 3151 825 3206 idem
857 3147 1181 3218 afﬁrmant,
1210 3152 1409 3204 solum
1438 3146 1593 3204 addo
1633 3148 1819 3204 verba

164 3244 226 3299 S.
256 3240 803 3312 Epiphaniiﬂazres.
865 3240 954 3303 51,
996 3252 1127 3308 cap.
1185 3237 1240 3302 5,
1309 3238 1388 3293 ita
1447 3236 1757 3291 scribentis
1798 3253 1813 3291 :

161 3348 192 3381 ‹‹
234 3330 544 3399 Matthaaus
572 3327 750 3396 igitur
769 3325 994 3397 primus
1022 3323 1322 3395 Evangelii
1345 3324 1645 3380 scribendi
1676 3339 1814 3395 pro-

160 3418 425 3475 vinciam
484 3423 694 3472 nactus
730 3420 839 3481 est,
900 3418 966 3468 ut
1016 3413 1310 3480 diximus;
1371 3412 1549 3487 idque
1584 3413 1635 3468 ei
1686 3414 1815 3483 jure

159 3508 376 3565 merito
406 3504 673 3573 contigit.
708 3502 1029 3575 Oportebat
1060 3502 1241 3567 enim,
1275 3518 1410 3575 eum
1452 3504 1676 3573 ipsum,
1718 3502 1815 3573 qui

157 3595 245 3653 ad
272 3593 710 3650 conciliandam
738 3591 1004 3647 humano
1035 3591 1238 3660 generi
1276 3591 1524 3647 salutem
1546 3592 1814 3663 advene-

158 3688 276 3747 rat,
306 3684 527 3754 quique
558 3681 640 3736 ita
667 3680 929 3734 dixerat:
964 3697 994 3731 ‹
1021 3681 1148 3734 Νοιι
1185 3679 1321 3747 veni
1358 3694 1568 3733 vocare
1592 3679 1813 3749 justos,

161 3771 278 3828 sed
307 3774 647 3841 peccatores
679 3766 756 3821 ad
796 3765 1237 3841 pmnitentiam:
1273 3786 1303 3818 (ι
1342 3766 1409 3820 ad
1452 3783 1680 3839 eorum,
1710 3765 1815 3839 qui

162 3857 448 3915 servandi
488 3862 655 3911 erant
683 3854 1050 3925 exemplum,
1084 3854 1135 3909 ei
1163 3854 1395 3910 homini
1433 3856 1813 3927 potissimum

162 3946 557 4020 praedicanda
589 3944 794 3999 salutis
824 3958 1045 3998 munus
1074 3943 1405 4012 injungere,
1428 3944 1529 4014 qui
1550 3943 1814 3999 abinnu-

158 4035 351 4094 meris
381 4035 1055 4106 peccatisconversus.et
1081 4047 1118 4087 a
1148 4031 1361 4087 telonio
1387 4033 1677 4088 suscitans
1691 4033 1814 4087 fue-

160 4131 283 4190 rat,
316 4140 385 4179 ac
418 4139 481 4178 se
511 4121 589 4178 ab
632 4121 797 4177 omni
823 4120 1040 4175 scelere
1069 4124 1127 4175 et
1148 4120 1438 4190 injustitia
1474 4130 1808 4187 revocarat;

164 4219 235 4270 ut
258 4215 332 4267 ab
352 4211 469 4276 illo,
504 4216 731 4283 quanta
763 4209 869 4264 sibi
902 4212 1057 4263 esset
1080 4210 1337 4264 adventu
1366 4209 1573 4263 Christi
1605 4210 1814 4264 huma-

162 4302 329 4359 nitas
372 4300 604 4365 collata,
632 4298 910 4355 mortales
941 4298 1305 4352 discerent...
1342 4297 1442 4350 Hic
1481 4296 1653 4365 igitur
1679 4299 1814 4351 Mat-

1928 3150 2106 3221 gnitis
2121 3149 2494 3207 traditionem
2508 3148 2685 3204 istam
2704 3148 3067 3220 Hieronymo
3081 3147 3298 3203 armari
3314 3145 3531 3217 placuit
3556 3162 3570 3201 :

1927 3240 2264 3303 Pantaenus,
2297 3236 2509 3305 inquit,
2549 3237 2792 3292 Matthaei
2826 3235 3233 3305 Evangelium,
3270 3234 3570 3290 Hebraicis

1926 3328 2131 3384 litteris
2163 3326 2472 3397 scriptum,
2491 3330 2789 3380 revertens
2814 3322 3229 3378 Alexandriam
3254 3338 3457 3378 secum
3485 3337 3570 3377 re-

1928 3416 2075 3473 tulit.
2111 3418 2241 3471 Haac
2284 3414 2603 3482 Basnagius
2643 3427 2751 3483 pro
2808 3426 2919 3466 sua
2968 3409 3027 3464 in
3086 3414 3324 3465 sanctos
3373 3413 3569 3464 Patres

1926 3507 2274 3571 reverentia,
2328 3520 2399 3558 ne
2457 3501 2677 3566 dicam,
2718 3499 2896 3555 stulta
2936 3498 3315 3555 conﬁdentia.
3350 3500 3569 3554 Omnes

1929 3598 2122 3649 Patres
2142 3594 2203 3649 in
2228 3607 2489 3655 errorem
2523 3594 2905 3661 pertrectatos
2936 3602 2973 3642 a
2994 3586 3175 3657 Papia
3204 3585 3415 3651 innuit,
3460 3586 3565 3642 Pa-

1928 3683 2213 3754 piamque
2245 3680 2541 3752 pertenuis
2567 3678 2784 3748 ingenii
2817 3677 3161 3746 scriptorem
3193 3673 3352 3739 dicit,
3386 3678 3446 3729 ut
3483 3674 3570 3730 in-

1928 3773 2142 3836 sinuet,
2160 3770 2356 3841 ipsum
2378 3783 2621 3840 quoque
2643 3764 2813 3821 facile
2831 3764 2977 3819 eain
3000 3778 3062 3817 re
3077 3778 3271 3817 errare
3284 3767 3563 3833 potuisse.

1924 3865 1995 3915 At
2024 3860 2251 3930 Papias,
2279 3858 2382 3929 qui
2416 3872 2554 3911 cum
2607 3851 2924 3923 discipulis
2959 3850 3368 3922 apostolorum
3403 3850 3563 3916 vixit,

1924 3947 2001 4003 ab
2033 3947 2221 4019 iisque
2270 3950 2462 4017 petere
2504 3942 2729 3999 solebat
2766 3940 2913 4013 quid
2967 3938 3261 4003 Andreas,
3293 3938 3437 4009 quid
3471 3941 3568 3995 Pe-

1924 4041 2072 4101 trus,
2102 4036 2247 4108 quid
2278 4033 2606 4104 Philippus,
2639 4029 2782 4102 quid
2815 4028 3096 4089 Thomas.
3119 4026 3265 4098 quid
3290 4027 3564 4092 Jacobus,

1924 4123 2073 4195 quid
2102 4123 2386 4185 Joannes,
2405 4121 2551 4191 quid
2578 4118 2905 4183 Matthwus,
2936 4114 3081 4187 quid
3107 4115 3303 4170 caeteri
3333 4114 3568 4171 Domini

1925 4209 2202 4279 discipuli
2248 4209 2440 4262 dicere
2476 4206 2775 4269 solebant,
2813 4211 2873 4258 ut
2925 4204 3052 4273 ipse
3107 4201 3371 4273 loquitur
3400 4201 3567 4272 apud

1927 4295 2247 4357 Eusebium
2277 4294 2381 4350 lib.
2408 4309 2490 4356 ιιι,
2516 4307 2649 4362 cap.
2679 4294 2766 4355 38,
2792 4289 3002 4345 saltem
3027 4288 3174 4343 satis
3189 4289 3451 4344 habebat
3476 4288 3571 4343 in-

160 4391 362 4448 thaeus
386 4387 892 4455 Hebraicalingua
913 4385 1147 4455 scripsit
1172 4400 1243 4438 ac
1274 4382 1810 4455 prmdicavitEvan-
1852 4425 1897 4481 Β
1927 4383 2177 4455 geniiad
2207 4380 2711 4451 interrogandum,
2741 4393 2863 4450 quo
2886 4392 3157 4432 sermone
3187 4376 3566 4448 Evangelium

160 4478 415 4550 gelium,
460 4496 488 4527 ι)
518 4479 631 4530 etc.

242 4570 335 4621 32.
366 4567 442 4618 De
475 4562 697 4634 scripto
731 4577 834 4634 per
871 4560 1200 4618 Matthmum
1235 4559 1570 4629 Evangelia,
1605 4566 1659 4617 et
1688 4563 1817 4634 qui-

162 4654 304 4711 dem
353 4656 677 4723 antequam
736 4648 832 4705 alii
891 4647 1270 4717 evaugelistaa
1303 4647 1647 4716 scriberent,
1679 4666 1818 4705 cou-

161 4746 488 4800 senserunt
526 4737 948 4811 posterioribus
980 4736 1186 4793 saltem
1217 4738 1447 4792 saeculis
1472 4737 1552 4794 ita
1581 4755 1816 4810 omnes,

164 4836 240 4890 ut.
308 4844 548 4885 necesse
600 4844 717 4883 non
771 4828 843 4882 sit
892 4826 1064 4899 plura
1107 4827 1180 4881 de
1222 4827 1293 4881 iis
1331 4825 1548 4881 dicere.
1580 4829 1814 4895 Verum,

160 4924 646 4994 quantacunque
701 4915 879 4971 etiam
919 4916 992 4970 sit
1028 4916 1347 4971 auctoritas
1390 4920 1447 4971 et
1496 4916 1819 4989 antiquitas

160 5010 418 5081 Patrum
450 5004 963 5067 consentientium,
1009 5004 1294 5074 scriptum
1326 5002 1511 5059 fuisse
1544 5021 1817 5062 sermone

163 5095 488 5163 Hebraico,
527 5094 765 5149 fuerunt
803 5092 1145 5147 heterodoxi
1184 5091 1477 5157 nonnulli,
1507 5093 1611 5165 qui
1652 5093 1814 5150 illam

157 5185 326 5244 adeo
367 5197 753 5238 communem
793 5181 1032 5235 Patrum
1079 5179 1435 5236 sententiam
1467 5197 1817 5254 oppugnare

160 5289 295 5331 non
333 5269 703 5337 dubitarunt,
746 5274 802 5323 et
830 5267 1167 5323 existimare
1218 5268 1573 5334 maluerunt,
1617 5271 1817 5327 Graece

154 5361 375 5437 potius
398 5360 683 5431 scriptum
715 5356 892 5413 fuisse
919 5355 1304 5425 Evangelium
1333 5374 1362 5413 a
1410 5360 1697 5415 Matthaao.
1728 5361 1817 5416 In-

156 5460 252 5509 ter
288 5449 403 5504 hos
442 5456 526 5503 est
578 5445 816 5503 Samuel
855 5444 1208 5513 Basnagius,
1240 5446 1343 5516 qui
1374 5445 1434 5500 in
1478 5449 1816 5506 Annalibus

155 5534 849 5612 politiae-ecclesiasticis
868 5534 943 5590 ad
962 5549 1197 5605 annum
1214 5533 1444 5590 Domini
1457 5536 1546 5601 64,
1567 5554 1732 5594 num.
1754 5542 1818 5595 t3

1856 4465 1895 4499 '”
1926 4489 2099 4530 suum
2127 4470 2457 4543 scripsisset
2507 4468 2835 4530 Matthseus,
2870 4469 2928 4520 et
2971 4465 3112 4520 satis
3138 4465 3314 4521 bona;
3340 4465 3480 4521 ﬁdei
3513 4471 3570 4521 et

1921 4563 2127 4635 judicii
2157 4561 2226 4616 ad
2255 4559 2400 4615 illud
2425 4554 2847 4622 enarrandum,
2876 4554 3023 4609 sicut
3061 4552 3135 4609 ab
3156 4553 3568 4625 apostolorum

1925 4651 2230 4723 discipulis
2263 4664 2381 4704 non
2413 4662 2568 4713 raro,
2591 4651 2645 4701 et
2674 4642 2924 4698 subinde
2955 4642 3132 4697 etiam
3163 4658 3299 4696 cum
3325 4642 3566 4697 ﬁliabus

1926 4740 2181 4811 Philippi
2211 4741 2617 4797 conversatus,
2646 4745 3009 4803 cognoscere
3048 4735 3271 4799 posset,
3299 4746 3417 4801 quo
3449 4745 3568 4784 ser-

1929 4844 2105 4885 mone
2129 4828 2191 4882 in
2221 4824 2537 4881 scribendo
2579 4838 2721 4876 usus
2747 4819 2975 4874 fuisset.
3002 4819 3062 4873 S.
3097 4817 3423 4887 Matthaaus,
3454 4815 3569 4871 He-

1926 4917 2200 4973 braicone
2246 4929 2321 4969 an
2381 4911 2602 4975 Graeco,
2670 4923 2790 4980 quo
2842 4906 3049 4977 Papias
3096 4904 3218 4974 ipse
3271 4902 3563 4970 utebatur,

1926 5004 2115 5063 multo
2149 5000 2429 5058 tenuioris
2479 4995 2681 5069 judicii
2744 4993 2952 5050 merito
3014 4991 3326 5061 videbitur,
3378 5007 3565 5059 quam

1925 5094 2145 5165 ingenii
2168 5090 2340 5148 fuerit
2360 5088 2590 5159 Papias.
2625 5087 2998 5155 Quapropter
3023 5080 3343 5136 auctoritas
3371 5078 3566 5151 Papia

1925 5197 2311 5255 nequaquam
2366 5173 2801 5233 contemnenda
2836 5176 2921 5225 est
2973 5170 3030 5223 in
3085 5184 3146 5222 re
3197 5174 3321 5222 tam
3377 5166 3567 5222 facilis

1926 5254 2300 5343 cognitionis,
2332 5266 2437 5322 sed
2476 5263 2671 5336 potius
2720 5258 2965 5314 maximi
3018 5256 3290 5311 facienda
3338 5254 3416 5311 ob
3460 5255 3566 5313 viri

1926 5360 2355 5432 antiquitatem,
2409 5350 2737 5425 praesertim
2776 5363 2915 5403 cum
2961 5345 3153 5401 eidem
3184 5343 3382 5399 nullus
3427 5358 3567 5399 con-

1927 5448 2262 5507 tradixerit:
2317 5457 2512 5514 neque
2570 5438 2728 5493 enim
2788 5436 3028 5491 deerant
3101 5432 3199 5489 alii
3252 5433 3565 5504 scriptores

1925 5533 2331 5597 ecclesiastici,
2365 5530 2467 5603 qui
2514 5525 2915 5584 contradicere
2945 5528 3238 5597 poterant,
3280 5521 3330 5576 si
3352 5519 3565 5576 falsum
