4124 6270
563 311 667 367 771

1896 296 2157 355 MENSIS
2198 287 2649 353 SEPTEMBER.

3905 289 4018 342 772

563 434 825 490 dixisset.
853 433 954 488 Vel
981 431 1065 486 sic
1091 435 1292 485 tamen
1331 427 1666 483 existimare
1723 441 1843 481 non
1889 424 2203 487 debemus,
2241 421 2286 475 A
2322 427 2454 492 ptos
2482 422 2659 477 fuisse
2701 425 2919 483 Patres,
2944 419 3118 489 idque
3150 416 3227 472 ab
3253 415 3364 472 illis
3392 419 3711 488 sumptum
3740 430 3859 484 pro
3903 431 4018 468 au-

563 539 629 578 ex
660 523 785 577 solo
818 522 1013 592 Papiae
1043 518 1378 573 testimonio
1436 515 1793 587 profluxisse
1825 515 2024 570 omnia
2076 528 2208 584 qua:

565 613 638 666 de
671 611 952 665 Hebraico
984 607 1231 662 Matthtei
1256 605 1576 675 Evangelio
1598 605 1797 660 Patres
1816 602 2204 664 tradiderunt,

567 704 629 754 ut
649 699 800 753 infra
836 695 1170 751 ostendam.

637 791 722 842 34.
766 789 834 840 At
864 785 1027 854 prius
1085 782 1399 837 elucidabo
1458 785 1900 853 argumentum,
1943 778 2106 850 quod
2138 792 2210 831 ex

565 876 806 930 invento
837 888 941 944 per
975 875 1315 926 Pantrenum
1345 870 1663 940 Evangelio
1693 869 1962 924 habetur.
1993 864 2211 922 Floruit

569 965 884 1018 Pantaenus
958 959 1176 1028 insigni
1254 959 1596 1013 eruditionis
1665 959 1842 1023 fama,
1900 962 1955 1011 et
1999 955 2210 1010 scholae

568 1050 975 1106 Alexandrinae
1007 1048 1240 1119 praefuit
1271 1047 1511 1101 ineunte
1572 1046 1790 1101 saeculo
1822 1061 1900 1100 ui.
1947 1047 2110 1100 Hunc
2140 1044 2211 1099 ad

567 1140 742 1194 Indos
799 1137 1124 1209 profectum
1179 1136 1261 1191 ait
1328 1136 1628 1199 Eusebius,
1690 1135 1791 1190 lib.
1852 1152 1904 1199 v,
1939 1151 2065 1205 cap.
2128 1137 2206 1198 10,

566 1225 768 1294 ibique
817 1223 1108 1276 invenisse
1139 1221 1400 1276 relictum
1437 1237 1468 1274 a
1499 1220 1557 1274 S.
1600 1219 2032 1275 Bartholomaeo
2069 1233 2206 1288 apo-

568 1311 717 1366 stolo
776 1332 803 1362 «
838 1310 1084 1366 Matthaei
1140 1308 1548 1377 Evangelium,
1605 1308 1903 1363 Hebraicis
1957 1307 2214 1362 conscri-

567 1406 736 1471 ptum
791 1399 1014 1454 litteris.
1053 1421 1077 1446 η
1109 1403 1178 1453 At
1231 1413 1350 1452 non
1409 1398 1594 1460 addit.
1656 1397 1814 1452 istud
1845 1413 1878 1451 a
1930 1397 2213 1450 redeunte

571 1491 848 1544 Pantaeno
888 1487 1298 1542 Alexandriam
1327 1492 1647 1557 portatum,
1681 1486 1782 1540 sed
1817 1484 2011 1540 solum
2040 1484 2209 1539 dicit:

572 1576 788 1641 «Quod
823 1577 1064 1647 quidem
1110 1574 1187 1630 ad
1207 1575 1489 1646 predirta
1509 1591 1691 1646 usque
1736 1579 2216 1643 temporaserva-

572 1669 697 1720 tum
727 1680 854 1719 esse
883 1670 1264 1728 memoratur,
1292 1684 1318 1714 ιθ
1374 1664 1428 1718 id
1479 1668 1584 1727 est,
1620 1679 1808 1735 usque
1837 1663 1911 1718 ad
1943 1665 2216 1733 tempora

2319 511 2577 565 thentico
2629 510 2901 565 Matthtei.
2937 509 3111 563 Sexto
3143 507 3385 561 demum
3447 506 3530 561 ait
3576 504 3848 560 Matthmi
3908 519 4014 556 au-

2318 599 2680 668 tographum
2714 596 3165 666 diligentissime
3198 595 3378 650 fuisse
3405 593 3892 649 custodiendum
3933 593 4009 645 ab

2319 686 2570 742 Ecclesia
2603 684 3157 756 Hierosolymitana,
3195 684 3241 739 si
3265 683 3324 738 in
3357 685 3610 753 gratiam
3638 682 4004 737 Judaeorum

2321 777 2603 830 Hebraice
2644 773 3340 847 scripsissetMatthteus;
3374 788 3494 827 non
3541 771 3732 826 fuisse
3789 776 4000 824 autem

2320 871 2754 927 conservatum,
2800 862 2910 918 nisi
2945 861 3330 930 Evangelium
3362 865 3818 924 Nazaraeorum,
3865 859 4004 914 hoc-

2320 971 2435 1025 que
2464 954 2802 1025 suspicatur
2823 951 3004 1006 fuisse
3023 967 3141 1005 non
3159 951 3270 1006 nisi
3294 952 3610 1022 antiquam
3645 949 3996 1003 versionem

2322 1058 2393 1097 ex
2434 1049 2590 1097 textu
2621 1041 2824 1096 (ἂι-εθοο
2865 1039 3116 1096 Matthaai
3153 1038 3393 1094 factam.
3429 1042 3527 1094 Ha:
3549 1043 3690 1092 sunt
3722 1037 3999 1092 rationes

2322 1137 2423 1186 aut
2445 1132 2899 1200 imaginationes
2925 1128 3221 1197 Basnagii,
3247 1130 3347 1199 qui
3373 1145 3492 1184 non
3518 1127 3761 1183 dubitat
3789 1128 3998 1182 Patres

2323 1219 2660 1292 frequenter
2688 1219 2901 1274 erroris
2934 1233 3201 1287 arguere,
3238 1225 3298 1272 ut
3332 1216 3582 1272 somniis
3611 1216 3738 1271 suis
3769 1215 3995 1288 proba-

2322 1308 2604 1364 bilitatem
2648 1307 2912 1378 aliquam
2950 1306 3238 1362 conciliet.
3279 1311 3481 1378 Itaque
3526 1305 3884 1369 videamus,
3921 1321 3992 1358 an

2323 1403 2553 1454 tantum
2607 1395 2781 1452 fuerit
2838 1395 3115 1465 Basnagii
3155 1410 3431 1459 acumen,
3491 1399 3555 1449 ut
3613 1394 3745 1464 ipse
3802 1393 3997 1447 multa

2322 1488 2655 1559 perspicere
2677 1484 2948 1556 potuerit,
2973 1500 3107 1555 quae
3139 1482 3497 1538 doctissimis
3524 1482 3830 1547 Patribus,
3866 1481 3996 1535 loco

2325 1582 2380 1630 et
2408 1582 2673 1643 tempore
2693 1574 2869 1628 rebus
2887 1573 3203 1645 disputatis
3219 1572 3394 1640 longe
3417 1570 3995 1644 propinquioribus,

2325 1665 2384 1719 in
2419 1669 2678 1719 mentem
2701 1677 2821 1717 non
2847 1665 3172 1726 venerunt;
3203 1667 3258 1715 et
3280 1660 3355 1716 ad
3386 1664 3753 1730 argumenta
3773 1659 3992 1731 ipsius,

571 1753 850 1808 Pantaeni.
887 1754 942 1806 S.
979 1755 1368 1823 Hieronymus
1417 1752 1473 1805 in
1507 1752 1785 1821 Catalogo
1836 1751 2214 1820 scriptorum,
2252 1769 2296 1824 Β
2326 1770 2461 1827 quas
2495 1751 2793 1807 brevitatis
2820 1766 3006 1806 causa
3032 1750 3378 1805 summatim
3401 1753 3637 1805 tantum
3673 1750 3990 1820 proposui,

571 1857 696 1911 cap.
745 1840 831 1909 36,
876 1839 1214 1910 plusculum
1262 1841 1533 1905 asseruit,
1579 1841 1827 1912 quando
1872 1839 2106 1910 scripsit
2144 1840 2217 1894 de

573 1932 870 1993 Pantteno,
902 1947 931 1978 ‹‹
965 1927 1133 1994 Quod
1187 1928 1483 1983 Hebraicis
1532 1929 1735 1982 litteris
1793 1929 2092 2000 scriptum.
2133 1943 2218 1983 re-

574 2023 805 2072 vertens
860 2017 1298 2085 Alexandriam,
1355 2033 1557 2071 secum
1597 2017 1880 2072 detulit.»
1917 2020 2044 2072 Htec
2091 2015 2214 2070 Hie-

571 2106 809 2176 ronymi
840 2106 1146 2177 pigmenta
1181 2105 1434 2160 Eusebio
1465 2106 1766 2173 incognita
1796 2111 1965 2162 vocat
2011 2105 2215 2160 mode-

575 2194 869 2248 stissimus
890 2193 1230 2261 Basnagius.
1259 2195 1325 2247 At
1343 2209 1453 2262 ego
1476 2209 1593 2249 non
1624 2194 1791 2250 video
1818 2211 1922 2249 cur
1943 2193 2218 2266 pluscula

573 2282 646 2336 de
678 2282 764 2335 his
793 2298 1150 2350 cognoscere
1182 2297 1300 2336 non
1326 2283 2006 2354 potueritHieronymus,
2031 2297 2214 2354 quam

577 2369 798 2441 scripta
829 2375 994 2424 erant
1019 2369 1092 2423 ab
1127 2369 1398 2424 Eusebio.
1434 2372 1599 2425 Certe
1632 2371 1958 2425 admodum
2019 2369 2219 2424 verisi-

575 2458 712 2514 mile
761 2464 868 2522 est,
903 2473 1021 2513 non
1053 2458 1321 2512 relictum
1351 2459 1408 2512 in
1439 2458 1606 2513 India
1650 2476 1685 2514 a
1718 2459 1995 2515 Pantaano
2031 2462 2221 2514 Evan-

575 2545 796 2614 gelium
838 2545 1218 2608 Hebraicum,
1275 2546 1379 2600 sed
1430 2546 1849 2602 Alexandriam
1910 2547 2215 2612 delatum;

574 2634 755 2705 idque
786 2635 875 2688 vel
931 2649 998 2687 ex
1043 2635 1496 2688 Commentariis
1551 2635 1808 2689 Pantaeni
1864 2635 2069 2704 ipsius,
2130 2635 2221 2690 vel

573 2723 813 2778 aliunde
830 2722 1103 2776 didicisse
1135 2722 1577 2793 Hieronymum.
1598 2723 2001 2795 Undecunque
2023 2729 2221 2779 autem

574 2811 633 2866 id
666 2817 906 2866 sanctus
959 2811 1161 2865 doctor
1213 2809 1582 2877 intellexerit,
1639 2818 1812 2867 tanta;
1854 2813 1959 2867 fuit
1987 2813 2223 2882 integri-

577 2900 729 2965 tatis,
775 2905 838 2953 ut
887 2898 1097 2954 dicenti
1153 2898 1334 2954 ﬁdem
1389 2899 1611 2954 habere
1660 2906 1946 2971 oporteat,
1998 2907 2054 2956 et
2103 2917 2222 2956 non

577 2987 688 3041 nisi
712 3003 817 3058 per
829 3002 1129 3041 summam
1144 2986 1576 3058 impudentiam
1593 2989 1787 3044 dicere
1804 2989 2126 3059 possimus,
2145 2990 2222 3044 ab

577 3075 930 3145 Hieronymo
973 3075 1032 3128 id
1064 3075 1242 3130 fuisse
1291 3076 1632 3132 conﬁctum.
1660 3077 1791 3131 Jam
1831 3093 1972 3132 vero
2003 3077 2049 3132 si
2081 3081 2223 3132 Pan-

577 3168 769 3220 taanus
811 3163 870 3217 in
915 3163 1081 3219 India
1142 3163 1477 3219 invenerit:
1513 3165 1893 3233 Evangelium
1951 3165 2220 3223 Matthwia

576 3251 877 3306 Hebraicis
901 3251 1106 3307 litteris
1125 3253 1434 3323 scriptum,
1455 3273 1479 3303 ι)
1505 3253 1562 3308 in
1584 3253 1697 3309 hoc
1720 3253 2005 3308 Eusebius
2031 3255 2220 3308 Hiero-

573 3354 915 3411 nymusque
973 3342 1380 3406 consentiunt;
1416 3341 1606 3397 fuerat
1659 3342 1838 3412 igitur
1866 3342 2149 3397 Hebraice
2188 3359 2224 3396 a

573 3427 845 3483 Mattheeo
881 3429 1188 3500 scriptum,
1233 3433 1294 3484 ut
1332 3431 1641 3486 communi
1680 3445 1982 3485 consensu
2025 3431 2224 3486 Patres

573 3513 899 3570 afﬁrmant.
1935 3532 1943 3538 ‘

647 3607 740 3658 35.
777 3620 806 3654 ‹‹
835 3603 1022 3659 Multis
1059 3620 1196 3661 vero
1227 3606 1299 3660 de
1346 3606 1562 3672 causis,
1612 3606 1844 3677 reponit
1869 3605 2220 3678 Basnagius,

573 3696 837 3746 veterum
869 3708 939 3747 ea
969 3694 1206 3748 traditio
1233 3694 1414 3749 ﬁdem
1451 3710 1486 3748 a
1513 3696 1682 3750 nobis
1723 3710 1842 3750 non
1873 3695 2168 3766 impetrat.
2196 3716 2221 3748 ν

574 3780 794 3834 Causas
850 3779 1025 3847 igitur
1074 3783 1507 3836 examinemus.
1578 3805 1596 3831 ι
1637 3783 1894 3838 Primum
1928 3785 2223 3850 omnium,

574 3867 781 3938 inquit,
811 3867 1047 3923 Patrum
1079 3869 1278 3923 nullus
1328 3875 1431 3934 est,
1480 3871 1580 3940 qui
1633 3876 1786 3926 certe
1841 3878 2116 3945 certoque
2149 3879 2229 3929 te-

589 3961 789 4019 stetur,
824 3971 886 4009 se
915 3956 1193 4010 manibus
1249 3957 1504 4011 oculisve
1557 3959 1782 4014 trivisse
1840 3962 2090 4016 Matthaei
2125 3964 2229 4016 He-

573 4043 846 4099 braicum
870 4043 1012 4097 illud
1047 4044 1455 4114 Evangelium,
1487 4047 1647 4117 quod
1675 4053 1871 4102 tamen
1903 4049 2229 4107 aChristia-

574 4133 665 4186 nis
725 4131 977 4187 Hebraeis
1031 4133 1393 4204 descriptum
1449 4134 1524 4188 ad
1608 4134 1949 4204 legendum,
2006 4138 2228 4210 ubique

570 4235 860 4290 locorum,
894 4222 996 4292 qui
1055 4221 1338 4277 Hebraice
1392 4222 1682 4288 sciebant,
1715 4224 2050 4296 dispersum
2083 4226 2224 4282 fuis-

573 4313 674 4363 set.
703 4328 731 4359 »
786 4311 903 4364 Hoc
934 4310 1192 4380 primum
1226 4311 1498 4380 Basnagii
1532 4321 1974 4381 argumentum.
2010 4316 2229 4385 Objicit

574 4399 859 4463 secundo,
903 4403 1109 4452 sancto
1152 4399 1512 4470 Hieronymo
1542 4401 1599 4453 in
1628 4403 2010 4458 emendando
2042 4407 2224 4460 Evan-

571 4485 859 4556 geliorum
887 4491 1047 4538 textu
1079 4485 1282 4539 Latino
1331 4502 1450 4540 non
1497 4487 1832 4556 praeluxisse
1867 4491 2221 4549 Hebraicum

567 4573 821 4628 Matthmi
853 4572 1177 4641 exemplar,
1214 4574 1317 4626 sed
1345 4575 1630 4628 Graecum.
1664 4579 1854 4632 Tertio
1878 4578 1992 4634 late
2013 4581 2222 4649 probat

568 4661 834 4730 linguam
872 4662 1136 4715 Graecam
1169 4660 1343 4714 fuisse
1398 4663 1588 4732 magis
1630 4664 1931 4732 vulgarem
1961 4671 2019 4722 et
2045 4667 2219 4738 longe

569 4748 842 4820 pluribus
873 4747 1150 4818 gentibus
1183 4750 1483 4816 usitatam,
1516 4765 1699 4820 quam
1732 4753 2100 4821 Hebraicam,
2135 4758 2217 4813 ἰη-

568 4837 764 4909 deque
804 4837 1015 4892 inferre
1069 4837 1270 4891 nititur
1319 4838 1652 4894 Matthasum
1704 4841 1984 4897 debuisse
2025 4847 2216 4914 potius

571 4927 766 4980 Graece
810 4941 992 4996 quam
1072 4925 1356 4981 Hebraice
1416 4928 1690 4992 scribere,
1758 4946 1895 4986 cum
1962 4936 2215 5002 apostoli

571 5021 770 5069 essent
795 5015 946 5084 jussi
970 5016 1182 5070 docere
1210 5031 1421 5071 omnes
1455 5023 1678 5085 gentes.
1711 5021 1929 5083 Quarto
1944 5023 2218 5081 observat

570 5118 744 5155 usum
772 5102 953 5156 videri
979 5103 1311 5158 Matthaeum
1346 5103 1548 5178 lingua
1572 5113 1708 5161 tunc
1735 5109 1949 5162 Iudaeis
1977 5114 2213 5180 usitata,

567 5204 684 5242 non
716 5189 890 5242 veteri
956 5206 1222 5261 puraque
1273 5193 1494 5260 lingua,
1547 5196 1592 5248 si
1627 5196 1916 5252 Hebraice
1963 5201 2212 5270 scripsit.

570 5274 913 5342 Suspicatur
946 5281 1140 5331 tamen
1174 5283 1366 5335 Patres
1393 5283 1690 5352 cogitasse
1711 5284 1783 5337 de
1812 5285 2017 5353 lingua
2064 5305 2214 5358 pura

564 5359 879 5413 Hebraica:
917 5381 944 5411 ‹‹
979 5365 1054 5415 Ex
1078 5381 1197 5434 quo
1229 5367 1587 5438 intelligitur,
1613 5371 1823 5442 inquit,
1858 5374 1915 5426 in
1948 5382 2208 5430 veterum

566 5461 636 5499 ea
666 5445 739 5498 de
773 5460 830 5497 re
860 5449 1190 5505 testimonio
1224 5471 1336 5509 non
1372 5458 1622 5513 multum
1677 5475 1803 5514 esse
1864 5465 2141 5531 praesidii.
2179 5487 2205 5517 ››

569 5532 783 5596 Quinto
811 5534 1142 5603 suspicatur
1199 5542 1518 5612 Evangelio
1573 5550 1984 5606 Nazarazorum
2034 5552 2208 5608 dece-

2326 1841 2701 1897 discutienda
2731 1839 3178 1910 aggrediamur.

2397 1930 2493 1986 36.
2534 1928 2889 2000 Respondeo
2941 1929 3118 1997 igitur
3171 1926 3435 1998 primum
3479 1926 3763 1996 Basnagii
3820 1943 3984 1997 argu-

2329 2025 2592 2074 mentum
2613 2015 3113 2074 absolutefalsum
3139 2032 3299 2086 esse;
3323 2031 3466 2070 nam
3489 2017 3545 2072 S.
3564 2015 3980 2088 Hieronymus,

2327 2124 2492 2163 num.
2547 2106 2606 2161 3t
2665 2107 2957 2171 laudatus,
3005 2110 3058 2160 et
3110 2120 3248 2159 mox
3315 2103 3556 2159 uberius
3617 2104 3979 2171 laudandus,

2327 2201 2573 2252 testatur
2613 2195 2958 2251 Hebraicum
2991 2194 3050 2249 S.
3081 2193 3336 2249 Matthaei
3372 2193 3770 2262 Evangelium
3803 2209 3866 2248 se
3916 2194 3978 2247 vi-

2326 2285 2480 2340 disse
2508 2284 2955 2355 interpretatum
2997 2298 3144 2344 esse,
3200 2281 3482 2353 idemque
3535 2281 3830 2345 afﬁrmat,
3870 2282 3970 2336 ussii

2327 2374 2466 2430 illud
2501 2372 2680 2428 fuisse
2711 2371 2968 2442 Origeni,
3003 2375 3058 2427 et
3093 2371 3288 2426 visum
3328 2387 3363 2425 a
3409 2373 3706 2425 Pantaano.
3748 2373 3968 2442 Accipe.

2331 2462 2594 2518 studiose
2637 2461 2837 2526 lector,
2882 2460 3064 2514 alium
3099 2475 3169 2514 ex
3239 2460 3294 2514 S.
3352 2459 3706 2529 Hieronymo
3774 2459 3982 2513 locum

2330 2568 2398 2607 ex
2442 2549 2700 2621 Epistola
2731 2549 2807 2604 ad
2866 2549 3186 2603 Damasum
3224 2548 3298 2602 de
3341 2546 3565 2602 duobus
3617 2545 3752 2599 ﬁliis
3806 2545 3980 2615 (quae

2330 2639 2471 2694 olim
2499 2645 2619 2693 erat
2650 2641 2766 2702 149,
2800 2636 2859 2692 in
2891 2636 3148 2691 editione
3180 2634 3497 2691 Veronensi
3517 2639 3597 2689 est
3633 2637 3725 2698 2t)
3758 2653 3773 2702 ;
3810 2652 3840 2683 (ι
3865 2633 3978 2687 De-

2331 2727 2511 2799 nique
2563 2725 2886 2790 Matthaeus,
2925 2725 3137 2796 inquit,
3179 2724 3280 2795 qui
3301 2722 3683 2793 Evangelium
3715 2721 3973 2776 Hebraeo

2333 2831 2608 2870 sermone
2638 2814 3011 2884 conscripsit,
3032 2813 3112 2868 ita
3143 2812 3372 2885 posuit:
3411 2811 3973 2874 Hosannabarama,

2332 2906 2390 2960 id
2422 2909 2527 2967 est,
2561 2906 2843 2958 Hosanna
2869 2903 2926 2957 in
2959 2902 3223 2958 excelsis.
3257 2925 3284 2952 »
3313 2900 3631 2968 Quomodo
3658 2899 3842 2955 verba
3876 2899 3977 2953 He-

2331 2993 2536 3050 braica
2565 2992 2814 3048 Mattbaei
2847 2991 3073 3056 recitat.
3118 2993 3166 3047 si
3201 2991 3586 3061 Evangelium
3639 2989 3830 3061 ipsius
3880 2988 3976 3042 He-

2332 3082 2600 3137 braicum
2652 3097 2770 3136 non
2814 3080 3073 3138 viderit?
3132 3080 3218 3136 Ad
3263 3081 3596 3136 secundum
3654 3077 3978 3149 respondeo

2333 3177 2601 3225 sanctum
2627 3169 3051 3240 Hieronymum
3093 3186 3211 3225 non
3243 3170 3569 3224 correxisse
3605 3173 3824 3223 textum
3878 3166 3982 3220 La-

2332 3259 2522 3313 tinum
2545 3274 2614 3313 ex
2645 3257 2951 3320 Hebraico,
2983 3257 3083 3312 sed
3107 3274 3175 3312 ex
3209 3258 3431 3325 Graeco,
3451 3257 3596 3328 quia
3630 3258 3826 3311 minus
3856 3261 3982 3310 erat

2332 3351 2517 3402 certus
2540 3346 2613 3401 de
2643 3345 2973 3414 integritate
3025 3352 3081 3402 et
3135 3346 3386 3417 puritate
3448 3351 3647 3402 textus
3691 3343 3978 3413 Hebraici,

2331 3450 2510 3506 quam
2573 3434 2781 3490 Graeci.
2842 3435 2924 3489 Ad
2975 3435 3211 3490 tertium
3259 3433 3393 3490 dico
3440 3434 3734 3489 usitatam
3791 3448 3984 3488 revera

2333 3525 2528 3593 magis
2559 3523 2740 3579 fuisse
2783 3525 3035 3580 Matthtei
3063 3529 3328 3596 tempore
3387 3522 3662 3594 linguam
3696 3523 3981 3583 Graecam,

2332 3629 2515 3685 quam
2573 3611 2944 3678 Hebraicam,
2998 3612 3058 3668 in
3106 3612 3368 3669 mundo:
3414 3612 3518 3667 sed
3549 3611 3833 3682 linguam
3890 3613 3985 3666 He-

2333 3702 2597 3758 braicam
2635 3701 3200 3759 fuisseJudaaorum.
3232 3704 3624 3772 Quapropter,
3661 3717 3806 3755 cum
3843 3700 3985 3755 Chri-

2336 3797 2462 3847 stus
2507 3791 2789 3846 Dominus
2847 3790 3103 3846 voluerit
3143 3797 3206 3845 ut
3245 3789 3503 3862 apostoli
3551 3789 3827 3861 primum
3855 3805 3981 3860 prie-

2336 3880 2601 3935 dicarent
2629 3879 2811 3935 ﬁdem
2840 3879 3079 3944 ludseis,
3101 3879 3314 3935 deinde
3345 3878 3643 3948 gentibus,
3676 3878 3768 3932 uti
3792 3893 3982 3933 revera

2341 3967 2643 4024 fecerunt:
2675 3968 2756 4024 sic
2792 3974 2914 4024 erat
2947 3984 3278 4037 congruum
3320 3974 3381 4021 ut
3421 3967 3689 4038 primum
3725 3969 3979 4036 Evange-

2338 4055 2479 4110 lium
2508 4057 2566 4111 in
2594 4057 2845 4125 gratiam
2885 4057 3223 4112 Iudaeorum
3273 4055 3651 4120 scriberetur,
3689 4061 3746 4109 et
3779 4071 3976 4111 conse-

2338 4150 2582 4216 quenter
2625 4161 2694 4201 eo
2744 4162 3017 4201 sermone
3074 4161 3253 4217 quem
3294 4159 3503 4200 omnes
3543 4143 3978 4213 intelligebant,

2339 4239 2490 4288 certe
2519 4233 2575 4288 in
2603 4235 2822 4288 Judaaa.
2858 4234 3023 4300 Quod
3053 4239 3268 4305 quarto
3327 4233 3720 4288 irreverenter
3751 4234 3896 4287 dicit
3926 4233 3976 4285 in

2339 4326 2555 4387 Patres,
2599 4329 2754 4378 certo
2804 4323 3017 4378 falsum
3073 4329 3162 4376 est
3193 4322 3266 4376 de
3308 4322 3695 4392 Hieronymo,
3729 4321 3977 4391 Epipha-

2337 4412 2456 4477 nio,
2492 4411 2761 4480 Origene,
2804 4411 3102 4475 Pantaano,
3154 4409 3354 4480 Papia,
3391 4411 3667 4475 Eusebio,
3693 4411 3790 4479 qui
3845 4424 3965 4461 non

2335 4500 2711 4570 ignorabant,
2745 4505 2845 4554 aut
2872 4499 3143 4567 ignorare
3177 4504 3467 4569 poterant,
3499 4499 3838 4569 qualingua
3853 4501 3972 4550 ute-

2333 4593 2532 4641 rentur
2577 4587 3038 4657 Judwi,quando
3062 4585 3447 4656 Evangelium
3480 4588 3974 4657 scripsitsauctus

2331 4676 2656 4731 Matthaaus.
2701 4679 2819 4730 lmo
2850 4675 3071 4738 nullus,
3113 4677 3346 4746 opinor,
3406 4674 3643 4729 Patrum
3679 4675 3980 4729 existima-

2334 4764 2431 4827 vit,
2464 4764 2581 4819 alia
2626 4763 2830 4832 lingua
2883 4763 3160 4818 Hebraica
3209 4780 3384 4817 usum
3445 4777 3579 4817 esse
3612 4763 3977 4825 Matthmum,

2328 4868 2504 4923 quam
2567 4853 2779 4907 usitata
2830 4868 2936 4906 suo
2995 4857 3281 4923 tempore.
3344 4851 3514 4916 Quod
3571 4868 3710 4906 vero
3772 4852 3983 4907 deinde

2329 4940 2533 5012 quinto
2585 4946 2640 4995 et
2697 4947 2859 4996 sexto
2921 4941 3128 5012 objicit
3197 4944 3520 5009 llasnagius
3553 4940 3627 4994 de
3665 4942 3986 5010 Evangelio

2329 5032 2762 5096 Nazarteorum,
2822 5029 3002 5099 paulo
3054 5028 3332 5099 prolixius
3392 5029 3838 5099 explicandum
3884 5035 3986 5090 est,

2328 5117 2470 5187 quia
2538 5117 2613 5171 ad
2669 5117 3041 5188 propositum
3126 5123 3394 5172 nostrum
3469 5123 3722 5186 spectat,
3796 5125 3859 5173 et
3931 5135 3991 5173 ea

2325 5206 2689 5274 expositione
2714 5206 2788 5259 ad
2821 5205 2968 5260 alias
3000 5222 3240 5276 quoque
3281 5204 3698 5260 dubitationes
3734 5222 3995 5278 respon-

2324 5292 2500 5346 debo.

2391 5380 2482 5434 37.
2545 5383 2620 5434 De
2681 5379 2994 5447 Evangelio
3063 5383 3500 5446 Nazaraeorum,
3593 5380 3768 5451 quod
3847 5383 3996 5437 alias

2324 5468 2686 5536 vocatjuxta
2727 5467 3018 5534 Hebraeos,
3077 5483 3194 5520 non
3246 5483 3379 5519 raro
3415 5467 3680 5537 loquitur
3736 5482 3996 5525 sanctus

2325 5556 2740 5626 Hieronymus,
2776 5559 2831 5611 et
2863 5554 3029 5610 varia
3059 5571 3129 5610 ex
3158 5553 3253 5609 illo
3283 5553 3528 5611 adducit
3585 5554 3735 5613 locis
3782 5560 3995 5622 variis,
