4124 6270
168 258 275 313 773

1543 271 1709 329 VlTA
1753 271 1814 327 s.
1856 256 2223 327 Murum.

3481 280 3589 337 774

150 398 291 454 qua
322 398 444 439 non
490 383 768 453 leguntur
804 386 864 442 in
908 390 1227 461 Evangelio
1257 396 1496 467 vulgato
1542 395 1814 453 Matthaai.
1851 398 1898 452 A
1929 394 2016 451 Ad
2057 396 2184 452 hac
2224 396 2403 452 verba
2428 398 2780 468 notandum,
2813 399 2871 455 S.
2904 397 3310 471 Epiphanium
3338 419 3456 459 non
3484 420 3587 461 vo-

151 473 432 528 Attamen
491 473 725 529 nullum
776 475 1008 533 videtur
1059 496 1190 537 esse
1250 485 1518 553 dubium,
1574 488 1712 558 quin
1760 489 1814 543 S.

155 561 553 634 Hieronymus
593 564 1038 633 existimaverit,
1085 570 1503 630 Nazarmorum
1554 575 1677 629 sive
1720 577 1820 629 He-

155 648 461 706 braeorum
516 652 906 721 Evangelium
963 672 998 710 a
1048 666 1257 717 sancto
1315 664 1585 719 Matthteo
1639 663 1818 717 fuisse

156 738 468 809 scriptum,
525 740 629 795 sed
684 741 758 796 ab
814 743 927 798 illis
978 752 1279 820 utcunque
1327 757 1695 823 corruptum.
1754 750 1816 805 In

159 827 443 897 Catalogo
515 830 891 900 scriptorum,
962 850 1088 906 cap.
1152 854 1210 905 ιι,
1272 839 1417 895 illud
1472 839 1676 895 laudat
1728 840 1818 895 his

157 915 399 972 verbis:
438 937 463 968 α
500 919 887 988 Evangelium
947 939 1210 997 quoque,
1261 928 1425 999 quod
1484 929 1818 1000 appellatur

158 1005 493 1060 secundum
544 1006 842 1077 Hebraeos,
898 1016 954 1065 et
994 1028 1031 1066 a
1079 1031 1175 1068 me
1222 1031 1411 1087 nuper
1445 1017 1506 1072 in
1548 1020 1815 1074 Graecum

162 1093 550 1165 Latinumque
608 1111 948 1153 sermonem
1002 1102 1359 1160 translatum
1415 1111 1523 1173 est,
1581 1123 1704 1177 quo
1762 1111 1818 1162 et.

160 1196 316 1251 saepe
370 1183 566 1248 utitur,
597 1190 703 1239 etc.
741 1204 769 1236 »
821 1188 944 1241 Non
1004 1197 1235 1260 poterat
1268 1208 1387 1247 non
1424 1196 1644 1264 Optime
1676 1194 1819 1248 illud

158 1284 339 1324 nosse
391 1270 806 1344 Hieronymus,
860 1277 909 1329 si
964 1277 1023 1331 in
1096 1278 1363 1336 Grmcum
1428 1282 1819 1354 Latinumque

160 1374 519 1423 sermonem,
577 1365 637 1415 ut
685 1362 961 1429 afﬁrmat,
1013 1365 1153 1421 illud
1200 1375 1589 1425 converterat.
1642 1372 1814 1441 Atqui

165 1462 306 1501 mox
336 1462 467 1517 cap.
500 1448 552 1512 3,
582 1448 639 1502 in
672 1451 940 1507 Matthaeo
966 1469 1085 1510 non
1111 1455 1371 1528 loquitur
1390 1458 1463 1514 de
1489 1458 1605 1513 alio
1633 1458 1817 1514 Evan—

162 1533 336 1606 gelio,
388 1536 636 1607 quando
684 1537 869 1595 dicit:
901 1560 930 1593 α
983 1543 1166 1600 Porro
1214 1547 1409 1617 ipsum
1458 1546 1809 1602 Hebraicum

162 1624 472 1695 (Matthmi)
519 1625 776 1683 habetjr
817 1645 1006 1702 usque
1036 1633 1211 1689 hodie
1255 1635 1313 1689 in
1357 1636 1699 1691 Caesariensi
1732 1634 1819 1691 bi-

1930 501 2064 540 care
2099 486 2479 554 Evangelium
2538 486 2695 543 istud
2735 486 3278 557 absolutissimum,
3312 491 3435 547 sive
3464 494 3585 564 ple-

1930 574 2244 629 nissimum
2288 574 2374 645 (ut
2424 581 2641 629 sonant
2698 575 2879 630 verba
2937 576 3125 647 ipsius
3172 579 3389 649 Graeca)
3439 581 3587 652 quia

1928 662 2328 727 existimabat,
2390 662 2533 717 nihil
2590 662 2763 734 plane
2836 666 3234 734 corruptionis
3293 668 3353 721 in
3437 668 3578 724 illud

1928 749 2254 820 irrepsisse,
2297 751 2398 805 sed
2457 752 2598 819 quia
2636 750 2933 815 credebat,
2983 754 3342 825 exemplaria
3406 758 3587 812 Naza-

1930 854 2183 893 rteorum
2214 838 2410 893 minus
2435 855 2561 895 esse
2593 843 2886 910 corrupta,
2929 855 3110 912 quam
3165 841 3419 899 aliorum
3467 845 3589 901 bse-

1926 927 2263 982 reticorum.
2308 930 2430 984 Mox
2460 928 2618 983 enim
2668 928 2978 999 subjungit
3005 928 3131 983 haec
3162 931 3342 987 verba
3374 948 3389 987 :
3419 955 3447 982 «
3478 934 3587 989 Ve-

1926 1031 2059 1070 rum
2091 1015 2233 1070 illud
2275 1016 2496 1084 nescio,
2548 1032 2690 1072 num
2722 1016 3098 1088 genealogias
3133 1018 3263 1074 illas
3312 1027 3586 1093 amputa-

1926 1106 2060 1171 rint,
2088 1121 2222 1176 quas
2254 1104 2325 1159 ab
2357 1104 2691 1161 Abrahamo
2714 1106 2791 1161 ad
2813 1103 3113 1161 Christum
3149 1124 3336 1180 usque
3368 1110 3586 1180 perdu-

1928 1200 2034 1248 ctae
2066 1198 2221 1247 sunt.
2255 1212 2285 1245 »
2323 1193 2476 1248 Talis
2517 1198 2717 1249 autem
2758 1193 3049 1249 dubitatio
3080 1197 3239 1250 clare
3290 1196 3583 1264 insinuat,

1929 1281 2238 1336 Nazaraaos
2297 1297 2538 1354 quoque
2616 1289 2924 1353 suspectos
3002 1284 3331 1354 Epiphanio
3403 1287 3584 1343 fuisse

1931 1371 2325 1441 corruptionis
2374 1371 2432 1425 in
2492 1370 2876 1440 Evangelium
2960 1372 3209 1428 Matthaei
3277 1373 3533 1431 inductas
3564 1394 3583 1447 ;

1930 1458 2129 1513 minus
2162 1464 2381 1524 tamen,
2412 1475 2595 1529 quam
2626 1458 2948 1523 Ebionitas,
2993 1460 3217 1516 aliosve
3248 1462 3575 1529 haereticos,

1927 1547 2027 1617 qui
2049 1547 2205 1601 idem
2232 1546 2423 1615 magis
2447 1553 2853 1617 corruperant.
2884 1549 3183 1604 Laudatus
3219 1550 3585 1621 Epiphanius

1926 1651 2058 1706 cap.
2094 1641 2124 1690 ’ἵ
2169 1635 2415 1702 dixerat,
2463 1636 2873 1691 Nazarasorum
2910 1643 3137 1693 sectam
3192 1638 3251 1692 in
3292 1638 3585 1695 Berceensi

166 1711 529 1769 bliotheca...
562 1715 696 1771 Mihi
727 1733 965 1790 quoque
994 1737 1029 1777 a
1059 1724 1364 1793 Nazaraeis,
1400 1726 1503 1796 qui
1530 1726 1587 1779 in
1618 1726 1817 1780 Beroea
1853 1745 1897 1798 Β
1926 1723 2159 1779 civitate
2219 1724 2593 1795 potissimum
2652 1727 2868 1792 vigere.
2930 1725 3094 1781 Unde
3146 1726 3380 1799 colligo,
3438 1728 3585 1783 illud

164 1800 312 1856 urbe
343 1802 527 1873 Syriae
553 1804 667 1859 hoc
696 1806 994 1864 volumine
1027 1814 1291 1878 utuntur,
1320 1812 1694 1869 describendi
1726 1815 1807 1869 fa-

161 1890 348 1945 cultas
381 1890 506 1946 fuit.
538 1913 564 1940 ››
600 1894 696 1949 Hic
730 1904 920 1963 vocat,
954 1899 1313 1957 Hebraicum
1340 1901 1627 1968 Matt/tati,
1650 1902 1813 1974 quod

164 1994 349 2049 supra
399 1982 717 2037 secundum
763 1984 1054 2051 Hebraeos,
1094 2003 1335 2060 quoque
1390 1990 1465 2043 uti
1511 1992 1815 2044 Nazarmos

164 2066 445 2122 afﬁrmat.
498 2069 701 2141 Liquet
746 2072 861 2128 hoc
891 2090 962 2129 ex
995 2075 1083 2138 iis,
1120 2092 1255 2148 quas
1286 2076 1466 2132 habet
1493 2078 1621 2132 aliis
1649 2077 1812 2144 locis.

164 2156 333 2221 Nam,
366 2155 466 2211 lib.
492 2172 550 2212 ιιι
577 2159 878 2216 Adversus
898 2163 1262 2233 Pelagianos,
1287 2166 1445 2221 circa
1474 2166 1706 2220 initium
1734 2166 1815 2220 sic

163 2240 470 2314 loquitur:
513 2262 543 2295 α
591 2244 652 2298 lu
712 2249 1033 2317 Evangelio
1077 2251 1248 2321 juxta
1301 2252 1600 2321 Hebraeos,
1653 2253 1815 2325 quod

166 2329 484 2387 Chaldaico
513 2332 751 2404 quidem
784 2337 1046 2408 Syroque
1068 2355 1361 2404 sermone,
1397 2341 1499 2395 sed
1524 2341 1818 2397 Hebraicis

164 2417 370 2473 litteris
395 2421 679 2492 scriptum
719 2430 826 2489 est,
859 2441 982 2496 quo
1008 2432 1257 2484 utuntur
1284 2444 1473 2500 usque
1504 2429 1680 2485 hodie
1712 2433 1821 2485 Na-

163 2512 402 2573 zarasni,
430 2511 765 2567 secundum
793 2515 1123 2585 apostolos,
1157 2517 1296 2581 sive,
1330 2523 1389 2572 ut
1420 2518 1686 2589 plerique
1717 2534 1817 2573 au-

166 2602 420 2662 tumant,
446 2597 613 2669 juxta
653 2601 989 2657 Matthaeum
1022 2619 1038 2671 ;
1086 2606 1250 2677 quod
1280 2611 1337 2661 et
1376 2606 1433 2661 in
1477 2605 1819 2661 Caesariensi

163 2684 419 2741 habetur
440 2686 820 2755 bibliotheca,
842 2710 870 2741 »
896 2698 1005 2747 etc.
1036 2698 1344 2749 Assertum
1367 2694 1441 2748 de
1474 2693 1820 2749 Ctesariensi

163 2772 525 2830 bibliotheca
555 2776 713 2831 clare
743 2780 1026 2844 insinuat,
1068 2780 1211 2835 illud
1246 2782 1447 2853 ipsum
1487 2799 1634 2849 esse,
1660 2781 1819 2854 quod

166 2877 351 2933 supra
382 2869 555 2918 vocat
582 2864 943 2921 Hebraicum
977 2868 1267 2923 Matt/tari.

238 2953 329 3005 38.
366 2953 618 3005 Rursum
649 2952 707 3005 in
739 2954 991 3008 Matthaai
1042 2971 1174 3026 cap.
1222 2971 1321 3023 xu,
1353 2954 1510 3010 idem
1562 2957 1826 3023 Evange-

165 3038 316 3093 lium
352 3038 436 3135 sic
462 3037 667 3135 laudat
700 3054 782 3135 :.«
816 3045 877 3135 In
921 3042 1262 3135 Evangelio,
1294 3058 1417 3115 quo
1442 3048 1690 3098 utuntur
1718 3046 1822 3135 Na-
1860 3080 1902 3135 Ο

164 3126 381 3182 zareeni
428 3133 485 3182 et
533 3127 815 3183 Ebionitaa
858 3129 1046 3201 (quod
1097 3146 1284 3202 nuper
1333 3132 1391 3187 in
1446 3132 1708 3188 Graecum
1752 3132 1826 3186 de

168 3214 416 3271 Hebrmo
446 3231 723 3272 sermone
766 3218 1197 3284 transtulimus,
1231 3224 1288 3274 et
1315 3220 1481 3292 quod
1520 3228 1764 3276 vocatur
1792 3236 1829 3276 a

171 3303 467 3376 plerisque
522 3304 775 3361 Matthaai
823 3307 1254 3373 authenticum,
1288 3330 1317 3359 »
1348 3310 1483 3381 etc).
1538 3309 1684 3365 Cum
1732 3309 1828 3364 hic

168 3392 246 3448 de
296 3392 681 3449 translatione
730 3410 841 3449 sua
881 3401 1140 3463 testetur,
1200 3396 1428 3453 clarum
1465 3403 1572 3464 est,
1629 3399 1827 3470 ipsum

170 3481 386 3537 iterum
436 3480 511 3538 de
555 3483 767 3539 eodem
817 3483 984 3557 loqui
1036 3486 1369 3555 Evangelio,
1430 3486 1575 3543 illud
1628 3487 1828 3558 ipsum

172 3586 235 3625 se
262 3571 640 3626 transtulisse
671 3572 815 3627 dicit
843 3574 899 3627 in
933 3589 1065 3645 cap.
1100 3590 1173 3630 vn
1206 3575 1483 3640 Michaam,
1521 3576 1621 3630 ubi
1660 3580 1829 3631 vocat

172 3659 561 3729 Evangelium
583 3661 908 3717 secundum
927 3663 1457 3719 Hebraeoseditum.
1488 3667 1735 3719 Demum
1768 3664 1827 3718 in

172 3762 309 3819 cap.
326 3763 403 3801 vn
416 3747 585 3802 Isaiae
600 3748 811 3803 eodem
828 3748 956 3805 loco
984 3750 1139 3805 clare
1152 3750 1413 3807 insinuat
1435 3752 1830 3824 Hieronymus

176 3839 441 3891 mentem
481 3851 676 3900 suam,
720 3836 866 3892 dum
910 3838 991 3894 ita
1021 3838 1216 3894 scribit
1250 3854 1263 3892 :
1312 3860 1335 3889 ι
1368 3840 1537 3895 Juxta
1570 3840 1832 3912 Evange-

175 3924 345 3988 lium,
377 3924 540 3996 quod
582 3924 822 3981 Hebraeo
855 3942 1128 3983 sermone
1176 3929 1578 4001 conscriptum
1626 3928 1831 3998 legunt

179 4013 435 4068 Nazarrei
462 4030 475 4067 :
508 4032 535 4061 ››
562 4014 856 4071 Descende
881 4031 1059 4085 super
1094 4031 1223 4072 eum
1263 4016 1607 4089 (Christum)
1641 4017 1830 4073 omnis

169 4102 315 4171 fons
341 4102 607 4169 Spiritus
626 4103 841 4160 sancti.
876 4106 937 4159 Et
964 4121 1101 4159 mox
1135 4120 1147 4159 :
1186 4125 1211 4155 α
1241 4108 1302 4160 In
1333 4106 1544 4161 eodem
1580 4106 1828 4161 Mattheei

177 4188 483 4245 volumine
524 4189 778 4259 legimus
833 4190 1001 4261 illud,
1039 4191 1203 4263 quod
1236 4193 1294 4247 in
1326 4193 1830 4264 consequentibus

177 4276 493 4333 scribitur:
544 4279 691 4335 Ecce
738 4279 890 4335 Puer
924 4294 1106 4344 meus,
1135 4295 1304 4350 quem
1360 4280 1519 4350 elegi,
1568 4286 1676 4334 etc.
1730 4280 1829 4335 Hic

177 4365 331 4421 idem
384 4366 783 4435 Evangelium,
813 4368 976 4438 quod
1031 4368 1235 4435 legunt
1266 4366 1543 4431 Nazareni,
1592 4368 1830 4437 apertis-

179 4455 329 4508 sime
369 4461 541 4508 vocat
586 4454 833 4509 Matthtei
883 4457 1186 4509 volumen.
1247 4457 1445 4525 Itaque
1484 4460 1709 4510 constat
1754 4455 1829 4511 de

182 4547 381 4596 mente
413 4542 468 4596 S.
503 4541 983 4613 Hieronymi,qui
1014 4542 1559 4613 Evangelium,quo
1588 4543 1831 4599 uteban-

181 4634 281 4685 tur
337 4630 607 4692 Nazaraai,
684 4635 741 4683 et
794 4629 959 4701 quod
1032 4628 1179 4685 alias
1256 4635 1427 4686 vocat
1498 4633 1827 4687 secundum

182 4716 482 4780 Hebraaos,
540 4732 646 4787 pro
706 4717 837 4788 ipso
888 4720 943 4774 S.
1002 4718 1252 4774 Matthtei
1309 4718 1589 4776 Hebraico
1644 4720 1826 4777 Evan-

181 4803 340 4877 gelio
378 4802 608 4868 habuit,
650 4820 768 4861 non
809 4812 1008 4862 autem
1053 4822 1164 4878 pro
1207 4823 1379 4878 puro,
1414 4812 1477 4863 ut
1508 4825 1640 4865 mox
1670 4810 1831 4865 vide-

179 4893 409 4949 bimus.

257 4982 342 5037 39.
378 4982 676 5038 Sententia
706 4982 763 5037 S.
817 4983 1120 5055 Epiphanii
1164 4999 1283 5040 non
1336 4985 1451 5041 alia
1490 4990 1599 5052 est,
1645 5003 1831 5059 quam

176 5071 544 5139 Hieronymi.
594 5073 736 5126 Nam
796 5072 1004 5127 haeresi
1062 5076 1150 5137 29,
1201 5089 1334 5145 quas
1388 5080 1475 5130 est
1533 5078 1836 5131 Nazareo-

177 5176 338 5225 rum,
370 5175 500 5229 cap.
532 5159 565 5213 9
594 5160 672 5215 ita
699 5160 877 5215 habet
907 5176 921 5215 :
956 5180 985 5212 ‹‹
1031 5161 1124 5216 Est
1150 5178 1289 5217 vero
1319 5178 1497 5233 penes
1545 5163 1673 5219 illos
1704 5164 1836 5236 (Na-

176 5248 426 5319 zarasos)
449 5248 828 5318 Evangelium
847 5249 1181 5305 secundum
1206 5250 1536 5306 Matthaaum
1558 5253 1835 5308 Hebraico

180 5339 491 5407 scriptum,
540 5343 596 5392 et
637 5336 884 5409 quidem
938 5338 1468 5395 absolutissimum.
1522 5342 1635 5395 Hoc
1675 5342 1834 5396 enim

180 5423 529 5490 certissime,
568 5433 743 5496 prout
774 5425 1065 5481 Hebraicis
1105 5426 1311 5483 litteris
1340 5427 1508 5483 initio
1548 5430 1834 5497 scriptum

181 5517 301 5577 est,
357 5511 418 5568 in
471 5513 828 5570 hodiernum
868 5529 1052 5586 usque
1102 5520 1339 5588 tempus
1386 5523 1758 5573 conservant.
1811 5536 1841 5566 η

1857 4425 1904 4480 D

1928 1813 2127 1883 ipsum
2181 1812 2485 1891 exemplar
2531 1812 2911 1876 Hebraicum,
2943 1814 3017 1867 de
3047 1830 3169 1885 quo
3194 1814 3475 1887 loquitur,
3506 1816 3584 1873 ab

1927 1902 2285 1973 Hieronymo
2327 1900 2507 1955 fuisse
2532 1902 2910 1972 exscriptum.
2946 1902 3268 1975 Griecoque
3296 1908 3352 1959 et
3383 1905 3586 1961 Latino

1926 2005 2199 2045 sermone
2229 1990 2518 2045 donatum
2550 2006 2562 2045 :
2592 2006 2767 2045 suum
2800 1992 2955 2045 enim
2994 1993 3206 2047 Hermas
3237 2008 3272 2047 a
3300 1993 3587 2049 Nazaraais

1926 2078 2655 2151 acceperatHieronymus.
2672 2079 2922 2134 Rursum
2942 2079 3327 2152 Epiphanius,
3341 2080 3477 2136 haar.
3495 2084 3583 2146 30,

1926 2185 2061 2241 quas
2100 2175 2189 2223 est
2219 2167 2647 2233 Ebionitarum,
2680 2184 2814 2238 cap.
2859 2168 2890 2222 3
2922 2167 3205 2232 afﬁrmat,
3232 2168 3415 2224 hosce
3442 2185 3591 2240 quo—

1928 2273 2044 2329 que
2072 2257 2355 2313 Hebraico
2384 2255 2643 2311 Matthtei
2678 2256 2992 2326 Evangelio
3023 2273 3160 2312 usos
3185 2273 3339 2324 esse,
3368 2264 3423 2312 et
3460 2257 3588 2329 qui-

1929 2347 2067 2401 dem
2138 2342 2266 2400 solo
2319 2343 2831 2400 Cerinthianorum
2892 2345 2979 2400 vel
3058 2344 3585 2403 Merinthianorum

1930 2435 2136 2499 instar,
2189 2439 2367 2505 atque
2420 2431 2565 2488 illud
2623 2448 2865 2489 vocasse
2932 2433 3248 2489 secundum
3310 2434 3584 2490 Hebraeos.

1930 2522 2149 2577 Deinde
2180 2538 2311 2592 cap.
2348 2522 2411 2578 13
2438 2521 2512 2576 de
2554 2522 2778 2592 majore
2808 2521 2969 2591 apud
3000 2522 3164 2592 ipsos
3211 2522 3588 2593 corruptione

1930 2609 2085 2666 illius
2118 2608 2415 2679 Evangelii
2449 2609 2532 2664 sic
2580 2609 2842 2680 loquitur
2874 2626 2887 2663 :
2926 2630 2949 2659 α
2978 2611 3156 2681 Igitur
3185 2612 3244 2665 in
3277 2627 3367 2677 eo,
3425 2610 3589 2683 quod

1934 2714 2114 2771 penes
2142 2698 2272 2753 illos
2303 2702 2411 2762 est,
2463 2697 2709 2754 Matthaai
2748 2698 3064 2769 Evangelio
3112 2714 3465 2771 quanquam
3515 2715 3590 2755 ne

1935 2788 2230 2856 integrum
2253 2785 2497 2857 quidem
2526 2784 2672 2840 illud
2693 2784 2938 2851 habent,
2965 2786 3069 2841 sed
3101 2786 3497 2842 adulteratum
3532 2793 3591 2842 et

1935 2874 2229 2938 mutilum,
2264 2873 2442 2945 idque
2472 2874 2669 2944 ipsum
2703 2874 3055 2929 Hebraicum
3082 2880 3316 2941 vocant,
3339 2875 3417 2929 ita
3451 2874 3592 2930 scri-

1936 2965 2101 3031 ptum
2127 2965 2215 3015 est
2248 2982 2269 3009 ι
2300 2969 2407 3016 etc.
2441 2963 2731 3016 Hactenus
2770 2960 3160 3033 Epiphanius,
3190 2978 3221 3016 e
3259 2962 3432 3033 cujus
3460 2978 3594 3017 ver-

1937 3048 2028 3102 bis
2064 3047 2444 3103 manifestum
2486 3053 2591 3113 est,
2627 3064 2746 3103 non
2779 3049 3113 3114 dubitasse,
3146 3049 3291 3120 quin
3336 3052 3591 3118 Evange-

1937 3136 2079 3190 lium
2114 3134 2463 3190 Hebraicum
2503 3136 2752 3191 Matthaei
2783 3142 2940 3192 esset
2982 3142 3395 3193 conservatum
3429 3137 3591 3209 apud

1938 3226 2269 3287 Nazarasos,
2305 3222 2408 3277 sed
2449 3228 2797 3293 suspectum
2853 3224 3137 3279 habuisse
3175 3224 3249 3278 de
3300 3224 3592 3280 nonnulla

1939 3311 2339 3381 corruptione,
2403 3315 2578 3381 prout
2617 3309 3021 3366 Ebionitarum
3069 3311 3591 3383 corruptissimum

1938 3414 2066 3455 esse
2089 3404 2251 3455 certo
2282 3404 2545 3454 noverat.

2010 3491 2097 3543 40.
2128 3487 2404 3543 Similiter
2442 3493 2681 3542 sanctus
2710 3486 3127 3559 Hieronymus,
3159 3488 3267 3543 etsi
3294 3490 3594 3543 Nazaraao-

1939 3591 2073 3630 rum
2097 3573 2481 3644 Evangelium
2504 3589 2620 3628 non
2649 3590 2781 3629 raro
2800 3573 3031 3644 alleget.
3050 3590 3361 3646 nunquam
3389 3580 3591 3631 tamen

1942 3668 2168 3719 tantam
2216 3663 2329 3734 ipsi
2369 3662 2780 3718 auctoritatem
2813 3661 3027 3731 tribuit,
3076 3669 3365 3734 quantam
3401 3661 3591 3718 textui

1942 3753 2139 3808 Graeco
2168 3751 2258 3805 vel
2302 3751 2504 3805 Latino
2536 3750 2613 3805 ab
2658 3748 2915 3805 Ecclesia
2959 3754 3215 3821 recepto.
3251 3750 3313 3806 td
3345 3752 3474 3823 ipse
3506 3750 3593 3806 in-

1940 3840 2157 3903 sinuat,
2178 3839 2278 3894 lib.
2312 3855 2394 3906 III,
2425 3839 2644 3894 Contra
2676 3837 3051 3908 Pelagianos,
3079 3838 3180 3894 ubi
3205 3838 3489 3895 nonnulla
3520 3854 3591 3895 ex

1939 3928 2040 3983 illo
2072 3927 2410 3997 Evangelio,
2465 3933 2519 3982 et
2564 3926 2760 3982 locum
2807 3925 3073 3998 aliquem
3102 3929 3159 3983 S.
3194 3927 3402 3997 lgnatii
3433 3942 3587 3983 mar-

1940 4017 2081 4087 tyris
2129 4016 2360 4089 allegat,
2410 4020 2466 4070 et
2504 4030 2641 4069 mox
2672 4013 2909 4083 subjicit
2944 4037 2955 4068 :
2986 4035 3013 4064 «
3063 4014 3291 4079 Quibus
3320 4016 3591 4071 testimo-

1939 4104 2050 4157 niis
2107 4104 2305 4157 sinon
2340 4103 2515 4156 uteris
2568 4101 2639 4157 ad
2678 4102 3108 4165 auctoritatem,
3174 4109 3328 4157 utere
3379 4103 3589 4158 saltem

1937 4192 2015 4243 ad
2073 4192 2507 4261 antiquitatem,
2565 4189 2709 4261 quid
2774 4205 2985 4244 omnes
3044 4189 3425 4246 ecclesiastici
3484 4192 3591 4246 viri

1938 4276 2306 4331 senserint.»
2361 4277 2479 4331 Hac
2522 4275 2595 4330 de
2647 4291 2832 4331 causa
2877 4282 3119 4331 sanctus
3170 4277 3584 4350 Hieronymus,

1936 4364 2446 4438 quandojubente
2474 4368 2678 4419 sancto
2704 4363 2962 4419 Damaso
2983 4364 3165 4435 Papa,
3194 4371 3415 4421 textum
3450 4366 3593 4421 Lati-

1937 4469 2081 4509 num
2104 4459 2361 4525 quatuor
2393 4450 2840 4522 Evangeliorum
2865 4451 3287 4522 corrigendum
3310 4454 3590 4526 suscepit,

1936 4557 2058 4597 non
2080 4545 2165 4596 est
2197 4556 2340 4595 usus
2361 4540 2686 4611 exemplari
2709 4538 2994 4596 Hebraico
3016 4539 3156 4607 ullo,
3179 4540 3342 4613 quod
3363 4542 3589 4597 nullum

1937 4629 2107 4685 sciret
2133 4629 2273 4684 satis
2328 4628 2783 4699 incorruptum:
2829 4627 2932 4683 sed
2986 4628 3232 4685 vetustis
3284 4630 3592 4685 codicibus

1939 4719 2172 4785 Graecis,
2206 4724 2269 4773 ut
2295 4718 2417 4789 ipse
2445 4717 2645 4773 scribit
2680 4717 2755 4772 ad
2785 4719 3130 4772 Damasum.
3166 4720 3225 4771 ln
3257 4717 3467 4773 eadem
3501 4723 3592 4774 ta-

1941 4822 2079 4862 men
2110 4806 2185 4861 ad
2210 4808 2533 4862 Damasum
2566 4805 2911 4875 praefatione
2940 4804 3132 4869 docet,
3174 4805 3470 4861 Hebraicis
3498 4805 3594 4861 lit-

1942 4896 2078 4952 teris
2105 4910 2283 4950 usum
2310 4910 2437 4949 esse
2461 4893 2815 4958 Matthasum,
2850 4894 2930 4949 ita
2959 4893 3224 4948 scribens
3259 4909 3272 4948 :
3320 4893 3396 4949 De
3427 4896 3590 4950 Novo

1940 4999 2101 5041 nunc
2125 4983 2338 5055 loquor
2366 4985 2738 5038 Testamento
2772 4997 2784 5036 :
2818 4981 2980 5053 quod
3020 4981 3291 5036 Graecum
3317 4997 3446 5037 esse
3471 4997 3593 5037 non

1941 5072 2193 5128 dubium
2214 5076 2321 5135 est,
2350 5077 2595 5142 excepto
2613 5069 2883 5143 apostolo
2909 5068 3201 5133 Matthseo,
3227 5070 3328 5141 qui
3363 5070 3593 5142 primus

1942 5164 2001 5218 in
2067 5161 2268 5218 Iudaea
2322 5159 2705 5229 Evangelium
2781 5158 2986 5213 Christi
3038 5158 3338 5213 Hebraicis
3391 5158 3593 5215 litteris

1943 5250 2146 5305 edidit.
2187 5268 2216 5301 τ)
2251 5252 2413 5305 Nunc
2442 5249 2620 5303 lector
2646 5246 2950 5301 studiosus
2974 5244 3201 5317 judicet
3253 5246 3326 5300 de
3356 5247 3591 5302 ratioci-

1945 5339 2056 5394 niis
2113 5336 2406 5406 Basnagii,
2438 5336 2682 5407 ejusque
2754 5334 2815 5388 in
2872 5333 3275 5389 ratiocinando
3329 5335 3588 5390 assertis.

1950 5428 2101 5483 Vidit
2130 5432 2372 5482 sanctus
2403 5426 2796 5495 Hieronymus
2820 5421 3175 5478 Hebraicum
3209 5422 3589 5491 Evangelium

1947 5531 2069 5589 quo
2102 5514 2423 5571 utebantur
2454 5512 2730 5579 Nazaraei,
2763 5510 3153 5584 Graecumque
3179 5509 3322 5567 illud
3359 5514 3417 5566 et
3446 5508 3595 5566 Lati-
