4124 6270
497 299 601 352 775

1817 273 2077 334 MENSIS
2117 271 2392 328 SEPTEM
2407 271 2565 326 BER.

3798 253 3921 309 776

497 433 644 473 num
670 413 947 480 reddidit,
980 416 1038 468 et
1078 414 1208 482 post
1229 423 1478 464 examen
1499 410 1622 462 tam
1653 406 1950 465 exactum,
1978 397 2132 469 judi-
2172 398 2212 450 A
2248 388 3144 466 tumest,primumexomnibus
3162 381 3540 482 evangelistis
3559 380 3900 482 scripsisse,

500 506 659 562 cavit
707 521 842 560 cum
903 505 960 558 S.
1045 497 1391 572 Epiphanio,
1451 496 1638 566 ipsum
1694 507 1820 546 esse
1888 485 2137 543 Matthaei

502 595 877 660 Hebraicum,
911 590 1011 645 sed
1045 589 1270 658 aliquot
1308 585 1451 640 locis
1499 587 1861 651 corruptum,
1888 577 2141 648 ideoque

502 682 700 738 debita
753 679 1095 736 auctoritate
1143 689 1346 730 carens
1390 669 1763 739 ;Basnagius
1825 681 1986 731 vero,
2038 663 2140 734 qui

504 785 814 840 nunquam
854 765 998 821 illud
1031 764 1196 832 vidit,
1229 760 1532 816 contendit
1574 755 1954 826 Evangelium
1994 748 2142 806 illud

503 873 725 913 meram
756 856 935 909 fuisse
963 854 1300 908 versionem
1331 866 1402 905 ex
1423 849 1627 903 Graeco
1655 844 1899 902 Matthaai
1934 845 2095 896 textu
2127 856 2142 904 ;

503 946 583 1011 id,
640 946 908 1015 inquam,
940 940 1242 997 contendit
1309 943 1512 992 contra
1579 934 1850 989 omnium
1909 932 2144 985 Patrum

504 1035 934 1094 auctoritatem,
995 1035 1050 1084 et
1087 1031 1210 1083 sine
1244 1027 1360 1082 ullo
1404 1024 1614 1081 vetusti
1659 1019 1962 1093 scriptoris
1995 1016 2148 1072 testi-

508 1121 730 1178 monio.
767 1123 884 1188 Ego
912 1134 1053 1172 sane
1095 1132 1213 1172 non
1246 1115 1418 1186 capio
1447 1129 1567 1185 quo
1620 1111 1764 1166 illud
1785 1108 2016 1181 judicio
2049 1122 2146 1161 co-

508 1212 691 1280 gitare
720 1207 994 1280 potuerit,
1045 1221 1164 1276 qua
1208 1204 1395 1258 fronte
1439 1218 1615 1256 ausus
1646 1198 1818 1254 fuerit
1878 1197 2145 1259 edicere;

508 1294 994 1370 quandoquidem
1069 1297 1300 1347 tantum
1356 1305 1472 1344 non
1531 1291 1730 1358 aperte
1781 1283 2147 1356 pronuntiat,

506 1386 718 1441 rectius
740 1383 1007 1453 judicare
1025 1397 1086 1434 se
1114 1379 1372 1450 potuisse
1395 1377 1468 1432 de
1493 1374 1808 1443 Evangelio
1841 1387 2149 1444 nunquam

507 1474 632 1529 viso
667 1493 678 1530 :
714 1488 898 1543 quam
937 1469 1345 1524 doctissimum
1373 1465 1796 1534 Hieronymum
1838 1460 1912 1516 de
1938 1460 2149 1514 eodem

509 1563 841 1634 frequenter
859 1559 1113 1630 perlecto
1133 1555 1470 1627 collatoque
1484 1569 1621 1608 cum
1635 1550 1846 1608 Graacis
1864 1555 1917 1605 et
1937 1548 2152 1604 Latinis

509 1648 968 1718 exemplaribus.

2249 491 2304 540 et
2336 484 2717 553 Evangelium
2749 477 3184 550 composuisse,
3211 473 3564 545 priusquam
3591 485 3663 525 ex
3695 468 3916 524 Judaaa

2250 573 2575 628 discederet
2596 571 2670 626 ad
2705 566 3156 641 praedicandum
3204 561 3338 618 aliis
3369 559 3665 630 gentibus.
3699 557 3756 613 S.
3791 558 3918 613 ire—

2252 677 2417 716 naeus
2485 659 2582 717 lib.
2657 675 2714 714 ui
2766 659 2993 713 Contra
3043 655 3317 715 Haereses,
3375 665 3509 721 cap.
3561 653 3608 714 1,
3677 647 3918 702 videtur

2252 749 2633 822 scriptionem
2691 744 3146 816 Evangeliorum
3212 739 3400 795 serius
3451 737 3655 806 ﬁgere,
3717 751 3914 808 quam

2254 839 2463 910 reliqui
2494 839 2718 906 Patres,
2752 834 2864 891 nisi
2893 832 3074 888 verba
3109 830 3296 902 ipsius
3335 828 3452 883 alio
3493 842 3670 882 sensu
3701 825 3915 880 forsan

2256 928 2470 1000 exponi
2513 927 2765 982 valeant.
2835 923 3038 978 Latina
3081 916 3483 990 interpretatio
3537 915 3595 970 in
3645 914 3786 968 editi
3834 928 3917 968 ne

2257 1017 2584 1072 novissima
2613 1017 2695 1068 sic
2725 1013 2941 1068 habet:
2996 1029 3024 1061 (ι
3061 1012 3141 1063 Ita
3195 1005 3496 1063 Matthmus
3546 1003 3609 1058 in
3647 1002 3914 1058 Hebraeis

2257 1107 2528 1176 ipsorum
2561 1104 2763 1172 lingua
2793 1101 3153 1171 scripturam
3198 1095 3374 1151 edidit
3411 1091 3733 1162 Evangelii,
3769 1107 3914 1146 cum

2261 1194 2465 1248 Petrus
2494 1198 2549 1246 et
2583 1190 2804 1249 Paulus
2857 1191 3053 1243 Romae
3097 1183 3586 1253 evangelizarent,
3617 1185 3673 1236 et
3699 1180 3912 1236 funda—

2260 1288 2391 1338 rent
2416 1281 2758 1336 Ecclesiam.
2792 1301 2816 1330 »
2853 1277 3143 1334 Omnibus
3195 1280 3350 1329 certe
3378 1272 3648 1328 Patribus
3675 1274 3917 1325 contra-

2260 1372 2384 1426 rius
2413 1369 2518 1425 erit
2551 1374 2824 1433 lreneus,
2864 1368 2911 1420 si
2944 1367 3024 1421 ita
3074 1364 3145 1418 sit
3185 1361 3572 1434 explicandus
3607 1364 3668 1413 ut
3697 1358 3912 1414 eodem

2263 1467 2522 1532 tempore
2571 1457 2871 1528 scripserit
2901 1454 3224 1516 Matthaeus,
3257 1466 3379 1522 quo
3410 1450 3612 1503 Romae
3643 1447 3911 1516 Evange-

2261 1549 2404 1603 lium
2462 1545 2870 1618 praedicabant
2921 1545 3120 1598 Petrus
3159 1545 3216 1597 et
3263 1537 3495 1595 Paulus.
3539 1539 3610 1591 At
3649 1536 3922 1607 suspicor

2263 1637 2524 1693 noluisse
2543 1636 2832 1689 Irenaeum
2847 1633 2906 1687 id
2925 1631 3210 1694 indicare,
3231 1628 3335 1683 sed
3357 1626 3550 1682 solum
3580 1625 3918 1681 insinuasse

581 1715 777 1791 MJNe
812 1740 1008 1790 tamen
1073 1733 1215 1788 nihil
1267 1731 1562 1786 videretur
1600 1744 1672 1782 ex
1720 1725 1980 1798 antiquis
2011 1723 2150 1778 alle-
2186 1737 2228 1792 Β
2261 1727 2511 1798 quinam
2563 1727 2762 1779 essent
2819 1726 3087 1778 auctores
3130 1716 3603 1786 Evangeliorum,
3663 1715 3915 1785 quinam

513 1841 687 1895 gasse
753 1822 1100 1890 Basnagius,
1156 1820 1352 1875 locum
1415 1817 1659 1874 adducit
1711 1831 1779 1870 ex
1830 1812 2155 1884 Epiphanio

515 1913 730 1968 Haeres.
757 1911 843 1976 30,
888 1926 1017 1981 cap.
1054 1913 1105 1971 3,
1136 1916 1195 1963 ut
1226 1909 1434 1979 probet
1467 1910 1693 1961 Novum
1715 1905 2154 1960 Testamentum

513 2017 585 2058 ex
633 2003 832 2056 Graeco
874 1998 1048 2053 fuisse
1105 1997 1378 2052 Hebraice
1412 1993 1728 2050 redditum.
1758 1988 2012 2046 Af’feram
2044 2004 2155 2057 ego

510 2090 709 2146 locum
762 2089 1056 2157 integrum
1097 2101 1277 2157 quem
1302 2084 1395 2139 ille
1453 2081 1737 2144 medium,
1781 2078 2064 2144 recitavit,
2098 2082 2157 2131 ut

516 2178 713 2232 videat
744 2175 922 2230 lector
967 2175 1120 2229 hunc
1166 2173 1367 2244 ipsum
1399 2186 1529 2226 esse
1565 2169 1853 2235 Basnagio
1900 2167 2156 2221 maxime

515 2264 901 2320 contrarium.
945 2284 969 2313 α
1022 2262 1269 2327 Etenim,
1317 2259 1508 2330 inquit
1559 2256 1982 2329 Ephiphanius,
2028 2269 2157 2308 vere

517 2353 659 2408 illud
685 2350 979 2406 afﬁrmare
1002 2366 1344 2422 possumus,
1389 2363 1573 2401 unum
1601 2361 1671 2400 ex
1699 2343 1980 2399 omnibus
2010 2342 2158 2397 Novi

512 2440 866 2497 Testamenti
935 2439 1320 2509 scriptoribus
1371 2436 1704 2491 Matthaaum
1755 2431 2033 2486 Hebraice
2090 2446 2160 2487 ac

517 2529 716 2584 litteris
750 2528 1043 2584 Hebraicis
1085 2526 1490 2592 evangelicam
1523 2521 1834 2579 historiam
1884 2520 2154 2575 texuisse.

519 2621 632 2673 Nec
659 2617 890 2672 defuere
938 2616 1039 2688 qui
1095 2615 1166 2668 de
1197 2613 1442 2668 Joannis
1493 2610 1803 2678 Evangelio
1848 2607 2163 2663 confirma-

515 2711 661 2770 rent,
739 2703 879 2759 illud
959 2703 1237 2758 Hebraice
1311 2699 1652 2754 translatum
1728 2695 2027 2753 Tiberiade
2103 2697 2160 2750 in

514 2792 854 2847 Iudaeorum
910 2789 1347 2862 gazophylaciis
1378 2787 1668 2843 asservari
1698 2791 1752 2840 et
1800 2785 1858 2839 in
1890 2784 2160 2838 secretio-

516 2881 679 2937 ribus
717 2878 1088 2951 quibusdam
1143 2876 1543 2949 penetralibus
1578 2874 1816 2930 recondi
1851 2889 1863 2927 :
1918 2871 1969 2926 id
2002 2871 2160 2943 quod

518 2967 784 3023 nonnulli
831 2967 996 3034 mihi,
1030 2966 1129 3037 qui
1160 2982 1219 3020 se
1251 2968 1324 3020 ad
1355 2965 1561 3021 Christi
1587 2963 1763 3018 ﬁdem
1794 2977 1824 3016 e
1853 2961 2161 3015 Judaismo

520 3058 954 3119 transtulerant,
1007 3056 1445 3111 accuratissime
1488 3052 1881 3108 declararunt.
1933 3055 2054 3105 lmo
2109 3056 2161 3105 et

521 3144 928 3216 apostolorum
959 3149 1134 3198 Actus
1165 3143 1223 3196 in
1276 3141 1630 3196 Hebraicum
1671 3154 2007 3194 sermonem
2037 3153 2162 3205 per-

515 3232 652 3286 inde
678 3247 994 3286 couversos
1025 3246 1054 3284 e
1082 3228 1279 3285 Grazco
1309 3229 1514 3283 iisdem
1545 3227 1602 3282 in
1630 3226 1923 3281 thesauris
1959 3225 2163 3280 haberi

517 3320 838 3375 multorum
865 3334 1138 3373 sermone
1184 3316 1544 3388 percrebruit
1578 3334 1589 3368 ι
1637 3322 1692 3370 et
1715 3315 1814 3386 qui
1847 3314 2019 3369 nobis
2051 3316 2164 3368 ista

516 3410 856 3471 narrabant,
903 3405 1164 3462 indidem
1199 3406 1540 3461 Christianae
1571 3402 1996 3474 amplectenda:
2028 3401 2162 3455 fidei

517 3497 892 3552 occasionem
949 3499 1319 3566 acceperunt.
1378 3517 1396 3542 ο
1461 3494 1594 3547 Haec
1649 3489 2031 3562 Epiphanius.
2085 3492 2164 3544 Ex

520 3601 590 3640 eo
630 3590 826 3639 autem
858 3583 985 3638 loco
1038 3583 1263 3638 discere
1294 3581 1552 3638 debebat
1582 3579 1926 3647 Basnagius,
1962 3579 2162 3633 Patres

519 3673 850 3729 distinxisse
889 3671 1039 3726 inter
1066 3671 1245 3728 libros
1275 3672 1535 3742 primum
1578 3667 1852 3724 Hebraice
1893 3668 2162 3738 scriptos,

521 3767 575 3816 et
604 3761 751 3825 illos,
795 3761 895 3830 qui
949 3776 1019 3814 ex
1045 3759 1260 3815 Graecis
1295 3758 1498 3812 redditi
1551 3764 1689 3811 sunt
1733 3757 1999 3811 Hebraici
2044 3772 2056 3819 ;
2108 3761 2163 3811 et

520 3849 1101 3916 longeaccuratiores
1133 3863 1259 3900 esse
1282 3847 1338 3900 in
1363 3846 1524 3900 factis
1572 3845 1941 3907 enarrandis,
1975 3860 2160 3915 quam

520 3942 583 3990 ut
618 3937 882 4006 ipsorum
909 3933 1318 3989 auctoritatem
1354 3939 1570 3987 temere
1599 3932 1849 4001 abjicere
1871 3936 2158 4001 oporteat.

521 4026 669 4079 Nam
712 4040 782 4079 ex
806 4022 1050 4094 allegato
1077 4021 1207 4075 loco
1239 4020 1450 4075 inferre
1489 4021 1663 4076 etiam
1699 4020 1951 4075 Matthaai
1979 4021 2160 4075 Evan-

521 4113 743 4184 gelium
791 4127 860 4166 ex
901 4111 1106 4165 Graeco
1147 4108 1498 4163 Hebraicum
1557 4125 1685 4164 esse
1733 4107 2048 4170 redditum.
2103 4108 2162 4163 id

522 4203 772 4257 amentis
795 4201 987 4272 potius
1010 4205 1115 4262 est,
1135 4213 1318 4269 quam
1341 4197 1763 4252 ratiocinantis.
1781 4197 1962 4261 Quale
1985 4197 2162 4252 etiam

522 4295 626 4357 est,
652 4290 813 4360 quod
841 4288 1023 4352 addit,
1060 4303 1129 4341 ex
1155 4284 1569 4358 antiquissima
1587 4286 1852 4340 versione
1887 4285 2164 4340 Hebraica

520 4385 708 4433 ortam
741 4394 867 4432 esse
901 4375 1274 4430 traditionem
1314 4376 1388 4430 de
1420 4377 1635 4445 scripto
1667 4373 1943 4429 Hebraice
1975 4376 2161 4428 Evan-

522 4467 692 4536 gelio.
747 4467 859 4521 Nisi
893 4466 1050 4519 enim
1110 4467 1302 4518 Patres
1350 4479 1558 4517 omnes
1618 4462 1964 4517 intolerabili
2016 4463 2163 4517 fastu

527 4555 775 4609 velimus
807 4559 1198 4613 contemnere,
1240 4567 1312 4606 ne
1347 4551 1636 4620 suspicari
1677 4551 1918 4622 quidam
1954 4552 2163 4622 poteri—

525 4660 676 4707 mus,
709 4641 859 4697 adeo
892 4657 1101 4695 omnes
1146 4639 1323 4694 fuisse
1362 4639 1659 4710 deceptos,
1711 4644 1772 4694 ut
1794 4657 1985 4713 neque
2017 4641 2164 4694 anti-

519 4729 792 4804 quissimi
822 4735 876 4785 et
908 4728 1310 4800 apostolorum
1348 4729 1713 4798 temporibus
1742 4728 1996 4800 proximi
2018 4730 2163 4784 scire

521 4819 817 4890 potuerint
841 4833 962 4888 qua
990 4817 1188 4886 lingua
1219 4816 1276 4869 in
1312 4815 1622 4869 scribendo
1649 4832 1788 4870 usus
1832 4816 2005 4870 fuerit
2031 4819 2160 4872 Mat-

521 4908 728 4976 thaaus,
759 4904 1198 4960 necdoctissimi
1223 4904 1480 4968 illorum,
1502 4904 1836 4976 linguaeque
1867 4905 2164 4961 Hebraice

519 4995 881 5066 peritissimi,
915 4993 1145 5064 (quales
1177 4992 1414 5046 fuerunt
1468 4998 1625 5047 certo
1685 4995 2075 5063 Hieronymus
2109 4999 2163 5048 et

521 5084 804 5152 Origines,
839 5086 958 5137 imo
991 5087 1047 5136 et
1080 5081 1465 5152 Epiphanius)
1495 5082 1934 5152 deprehendere
1968 5082 2162 5136 volue-

519 5172 655 5235 rint,
706 5188 772 5225 ex
830 5170 1030 5224 Graeco
1081 5170 1330 5225 Mattheei
1413 5186 1586 5224 usum
1638 5177 1723 5222 est
1783 5170 2158 5239 Evangelium

522 5258 895 5322 Hebraicum,
924 5258 1080 5327 quod
1124 5257 1428 5312 habebant
1457 5257 1728 5312 Nazartei.
1765 5259 1972 5311 Verum
2030 5256 2161 5327 plus

522 5362 706 5417 quam
750 5347 892 5399 satis
924 5346 996 5399 de
1028 5345 1266 5414 ineptiis
1301 5345 1595 5407 Basnagii.

591 5433 679 5487 42.
722 5431 802 5485 De
832 5447 1012 5493 anno,
1039 5448 1160 5503 quo
1182 5437 1427 5487 sanctus
1459 5433 1757 5488 Mattheus
1782 5431 2161 5499 Evangelium

521 5517 889 5590 conscripsit,
932 5517 1076 5574 nihil
1115 5518 1254 5575 certi
1288 5519 1542 5576 aﬂertur.
1601 5520 1748 5576 Illud
1803 5525 2001 5576 tamen
2042 5535 2163 5576 cer-

2235 2793 2370 2865 ,φῆν
2461 2787 2720 2857 ἐξήνεγκεν
2800 2785 3134 2855 Εὐαγγελίου,

2266 1831 2399 1870 vero
2427 1813 2757 1870 traditionis
2784 1814 3067 1866 Romanas
3101 1806 3391 1870 Ecclesiae,
3417 1820 3608 1877 eaque
3637 1804 3710 1858 de
3730 1819 3921 1860 causa

2264 1902 2344 1957 sic
2374 1906 2639 1957 locutum
2670 1915 2816 1954 esse.
2874 1901 3038 1954 Certe
3067 1893 3378 1951 haereticos
3411 1893 3467 1948 in
3513 1892 3610 1947 illo
3641 1891 3792 1947 libro
3827 1908 3919 1947 re-

2266 1990 2414 2046 futat
2467 2006 2539 2044 ex
2593 1987 2903 2044 traditione
2957 1985 3219 2056 primum
3283 1985 3563 2037 Romanae
3619 1980 3906 2044 Ecclesiae,

2265 2079 2433 2149 cujus
2465 2085 2734 2134 auctores
2800 2075 3037 2130 Petrum
3090 2071 3294 2128 statuit
3321 2076 3377 2126 et
3431 2069 3684 2125 Paulum
3714 2086 3728 2135 ;
3761 2077 3817 2124 et
3845 2085 3918 2124 ex

2267 2167 2574 2238 Scripturis
2628 2165 2777 2220 Novi
2813 2162 3190 2227 Testamenti,
3242 2177 3314 2216 ex
3367 2159 3590 2231 quibus
3652 2157 3915 2230 primum

2267 2256 2407 2311 dicit
2437 2254 2816 2324 Evangelium
2842 2252 3116 2307 Matthaai.
3162 2253 3223 2305 Et
3278 2264 3420 2304 sane
3455 2252 3649 2303 textus
3680 2247 3922 2302 Graecus

2270 2360 2389 2399 non
2419 2350 2503 2398 est
2534 2342 2867 2399 necessario
2897 2339 3285 2411 exponendus
3314 2353 3386 2394 eo
3417 2352 3616 2401 sensu,
3649 2342 3709 2390 ut
3734 2338 3924 2390 Evan-

2269 2433 2486 2502 gelium
2508 2431 2719 2487 eodem
2747 2430 2922 2502 plane
2942 2435 3203 2500 tempore
3218 2426 3502 2498 scriptum
3531 2424 3784 2491 dicatur,
3801 2440 3926 2497 quo

2272 2525 2471 2576 Petrus
2505 2527 2560 2576 et
2580 2521 2792 2575 Paulus
2820 2520 3022 2574 Romae
3080 2515 3500 2589 praadicarunt.
3562 2513 3752 2569 Verba
3779 2529 3921 2569 cum

2271 2610 2505 2666 litterati
2535 2609 2920 2681 explicatione
2951 2607 3082 2674 subj
3096 2621 3293 2676 ungo:
3325 2604 3382 2657 Ὀ
3413 2608 3503 2676 μὲν
3550 2600 3616 2662 δή
3657 2605 3928 2665 Ματθαῖος

2271 2699 2318 2751 ἐν
2358 2705 2466 2760 τοῖς
2518 2697 2772 2773 Ἑϐραίοις
2823 2704 2884 2768 τῇ
2957 2693 3072 2767 ἰδίᾳ
3131 2691 3385 2765 διαλέκτῳ
3435 2693 3603 2745 αὐτῶν
3655 2699 3742 2745 καὶ
3792 2712 3921 2766 γρα-

3213 2791 3302 2835 τοῦ
3382 2789 3574 2854 Harpax;
3656 2786 3745 2833 καί
3830 2789 3927 2834 τοῦ

2273 2876 2477 2928 Παύλου
2531 2875 2578 2926 ἐν
2649 2875 2817 2946 Ῥώμῃ
2876 2873 3341 2945 εὐαγγελιζομένων
3395 2877 3482 2924 καὶ
3557 2870 3920 2941 θεμελιούντων

2272 2970 2364 3024 τὴν
2425 2964 2755 3022 Ἐκκλησίαν.
2807 2985 2830 3014 α
2892 2963 3196 3018 Matthaeus
3244 2962 3484 3034 quidem
3545 2959 3603 3014 in
3665 2959 3920 3014 Hebraeis

2199 3081 2238 3138 ρ
2273 3055 2512 3127 propria
2581 3055 2848 3125 ipsorum
2897 3053 3102 3121 lingua
3155 3059 3210 3107 et
3269 3051 3619 3121 scripturam
3678 3047 3923 3119 protulit

2276 3143 2596 3214 Evangelii,
2631 3145 2793 3197 Petro
2839 3146 2892 3195 et
2931 3140 3112 3195 Paulo
3155 3143 3353 3195 Romae
3385 3135 3926 3209 evangelizantibus

2274 3237 2329 3287 et
2369 3231 2680 3285 Ecclesiam
2735 3229 3143 3284 fundantibus.
3197 3248 3224 3280 »
3259 3228 3387 3282 Haec
3422 3228 3607 3281 verba
3648 3224 3805 3280 facile
3839 3224 3926 3280 sic

2273 3324 2525 3391 possunt
2556 3317 2818 3386 intelligi,
2843 3323 2903 3371 ut
2925 3322 3166 3372 sanctus
3183 3317 3438 3371 lrenaaus
3455 3314 3708 3370 noluerit
3728 3314 3922 3368 dicere

2276 3413 2592 3478 utrumque
2616 3405 2824 3460 eodem
2855 3410 3123 3476 tempore
3157 3404 3395 3460 factum.
3436 3407 3508 3458 At
3541 3401 3928 3458 libensfateor

2277 3495 2468 3566 magis
2514 3494 2826 3549 difﬁculter
2856 3493 3072 3564 exponi
3109 3509 3286 3564 posse
3327 3492 3504 3548 verba
3544 3492 3750 3547 lrenaai
3785 3507 3924 3545 mox

2273 3584 2581 3655 sequentia
2593 3583 2664 3637 de
2678 3581 2914 3653 reliquis
2927 3581 3468 3650 evangelistis,nam
3485 3581 3718 3635 videtur
3730 3580 3924 3634 dicere

2274 3673 2405 3728 illos
2462 3687 2671 3727 omnes
2705 3670 3010 3739 scripsisse
3057 3675 3186 3742 post
3241 3677 3488 3725 mortem
3550 3671 3649 3726 SS.
3687 3669 3836 3724 Petri
3870 3674 3926 3725 et

2275 3762 2453 3822 Pauli.
2489 3762 2594 3815 nisi
2626 3767 2816 3815 textus
2857 3761 2928 3813 sit
2968 3765 3301 3830 corruptus,
3333 3766 3393 3814 ut
3431 3759 3772 3829 suspicatur
3810 3758 3925 3813 Til-

2270 3850 2610 3914 lemonitus,
2643 3854 2782 3902 tom.
2831 3847 2900 3912 lI,
2963 3852 3103 3901 nota
3151 3851 3180 3902 3
3212 3847 3272 3901 in
3330 3852 3600 3901 sanctum
3632 3845 3920 3901 Marcum.

2273 3936 2574 4008 Quidquid
2614 3937 2705 4004 sit,
2761 3937 2810 3990 si
2859 3951 2930 3990 ea
2979 3936 3052 3990 sit
3109 3936 3296 3990 sancti
3356 3935 3548 3990 lrenai
3609 3935 3922 3997 sententia,

2271 4025 2458 4097 qualis
2484 4029 2755 4096 apparet,
2784 4024 2984 4080 malim
3006 4024 3260 4087 credere,
3287 4024 3485 4094 ipsum
3517 4023 3714 4078 minus
3738 4028 3926 4078 atten-

2272 4114 2428 4169 disse
2459 4113 2535 4167 ad
2566 4118 2832 4168 exactam
2867 4112 3102 4167 illorum
3152 4113 3420 4167 omnium
3482 4111 3918 4176 chronotaxim,

2273 4201 2435 4273 quod
2462 4201 2561 4255 illa
2581 4201 2659 4256 ad
2691 4201 3058 4272 propositum
3091 4199 3280 4272 ipsius
3313 4216 3524 4271 parum
3564 4201 3922 4254 conduceret

2272 4306 2450 4362 quam
2477 4290 2551 4344 ad
2588 4307 2678 4344 res
2708 4289 2869 4360 ipsas
2899 4306 3050 4361 quas
3074 4289 3183 4344 sibi
3212 4289 3462 4344 habebat
3477 4289 3812 4359 propositas
3838 4293 3920 4342 :et

2274 4379 2361 4433 sic
2392 4383 2720 4432 reverenter
2760 4377 2837 4432 ab
2893 4377 3025 4448 ipso
3055 4379 3346 4442 recedere,
3394 4392 3577 4448 quam
3610 4392 3646 4431 a
3673 4374 3916 4447 reliquis

2273 4467 2582 4522 omnibus.

2342 4555 2430 4610 43.
2492 4554 2773 4609 Baronius
2827 4556 2883 4609 in
2941 4555 3268 4610 Annalibus
3319 4553 3605 4623 scriptum
3667 4552 3922 4608 Matthaai

2275 4643 2656 4713 Evangelium
2683 4641 2858 4695 refert
2889 4643 2962 4695 ad
2987 4658 3212 4696 annum
3238 4642 3450 4698 Christi
3482 4645 3541 4695 41
3571 4657 3584 4706 ;
3619 4641 3742 4705 sed,
3785 4657 3922 4695 cum

2272 4732 2437 4787 illum
2471 4733 2740 4785 numeret
2790 4730 2902 4782 Caii
2936 4730 3308 4800 imperatoris
3341 4731 3598 4797 tertium,
3650 4729 3922 4800 designa-

2274 4826 2365 4876 tur
2399 4837 2470 4874 ex
2526 4818 2869 4873 chronotaxi
2915 4818 3086 4887 Pagii.
3146 4824 3200 4872 et
3250 4819 3500 4874 aliorum
3551 4834 3742 4875 annus
3788 4832 3916 4870 aera

2275 4909 2616 4963 Christianae
2640 4906 2969 4961 tricesimus
2989 4921 3206 4962 nouus.
3252 4908 3475 4962 Laudat
3504 4907 3776 4962 Baronius
3807 4919 3917 4976 pro

2274 4996 2588 5064 designato
2641 5011 2799 5050 anno
2843 4995 2957 5050 Caii
3015 4997 3180 5051 tertio
3221 4996 3547 5051 Chronicon
3585 4993 3830 5057 Eusebii.
3860 4995 3923 5048 in

2273 5100 2395 5154 quo
2449 5083 2590 5137 illud
2622 5082 2852 5154 legitur.
2906 5089 3081 5154 prout
3109 5083 3329 5138 editum
3362 5084 3560 5138 Latine
3612 5088 3735 5138 erat
3789 5086 3926 5136 ante

2279 5175 2606 5227 Baronium.
2668 5177 2753 5232 At.
2811 5172 3325 5243 quemadmodum
3383 5172 3713 5227 observavit
3764 5169 3922 5226 Tille-

2277 5259 2552 5323 montius,
2598 5275 2714 5313 non
2749 5259 3021 5327 leguntur
3073 5260 3230 5316 eain
3263 5261 3520 5316 editione
3552 5261 3778 5322 Graeca,
3821 5275 3928 5314 nec

2275 5348 2332 5401 in
2373 5346 2583 5400 Latina
2632 5348 2923 5417 Scaligeri,
2964 5364 3157 5421 neque
3196 5351 3374 5404 etiam
3409 5349 3466 5403 in
3495 5350 3784 5403 Chronico
3825 5348 3925 5403 La-

2275 5435 2400 5490 tino
2432 5451 2544 5490 ms.
2593 5435 2844 5500 Eusebii,
2878 5437 3040 5507 quod
3073 5444 3340 5491 servatur
3367 5440 3426 5491 in
3459 5438 3661 5491 Museo
3702 5440 3926 5491 nostro.

2276 5524 2466 5588 Quare
2507 5522 2716 5579 saltem
2758 5524 3018 5582 dubitari
3048 5529 3233 5596 potest
3263 5540 3339 5580 an
3367 5525 3431 5580 id
3480 5540 3799 5598 nunquam
3855 5525 3932 5582 de
