4124 6270
241 330 346 385 777

1595 331 1760 386 VITA
1800 331 1860 386 S.
1899 331 2272 392 MATTH/El.

3542 344 3644 398 778

241 449 489 508 Matthsei
548 447 865 519 Evangelio
909 449 1207 521 scripserit
1245 451 1549 520 Eusebius,
1585 456 1671 512 vel
1713 457 1891 513 etiam
1924 463 1967 513 Δ
1997 473 2151 523 rum,
2184 476 2288 532 qui
2317 465 2418 516 aut
2448 464 2653 516 sancto
2691 460 2899 515 Joanni
2942 461 3234 530 apostolo,
3283 466 3385 518 aut
3434 470 3643 521 sancto

239 540 530 611 interpres
544 539 940 610 Hieronymus
963 559 976 604 ;
996 544 1490 613 etconsequenter
1504 544 1692 601 multo
1714 548 1892 603 etiam

240 631 521 686 incertius
595 633 705 696 est,
750 644 827 684 an
886 628 985 683 illo
1042 645 1202 685 anno
1246 630 1419 687 fuerit
1461 634 1889 707 conscriptum.

240 717 664 783 Tillemontius,
724 722 865 773 tom.
902 718 923 772 Ι
962 718 1022 773 in
1081 719 1276 775 Indice
1307 721 1729 794 chronologico
1768 731 1889 782 tam

242 808 678 880 dispersionem
697 805 1107 878 apostolorum
1127 823 1313 880 quam
1348 812 1731 883 Evangelium
1754 814 1894 870 Mat-

242 898 380 952 thaai
438 896 566 966 ﬁgit
610 895 764 950 circa
821 910 1048 951 annum
1100 896 1189 953 36.
1258 898 1364 954 Alii
1414 900 1642 957 malunt
1698 902 1888 969 fateri,

242 1001 468 1040 annum
524 998 652 1038 esse
704 982 1017 1046 incertum.
1098 993 1269 1056 prout
1327 1004 1519 1043 annus
1585 989 1891 1046 divisionis

242 1072 650 1145 apostolorum
702 1071 908 1143 nequit
944 1072 1117 1128 certis
1173 1074 1465 1144 assignari
1506 1081 1890 1147 argumentis.

240 1162 415 1235 Apud
470 1176 580 1216 nos
610 1160 685 1214 ad
728 1165 790 1214 t5
844 1160 978 1215 Julii
1037 1161 1112 1217 de
1150 1162 1445 1219 divisione
1485 1166 1893 1237 apostolorum

237 1238 442 1308 actum
497 1253 606 1314 est,
640 1248 845 1320 ibique
884 1264 954 1304 ea
984 1248 1104 1307 ﬁxa
1122 1266 1282 1307 anno
1305 1268 1433 1308 aera:
1451 1253 1714 1323 vulgaris
1744 1271 1892 1327 qua-

240 1339 583 1409 dragesimo
639 1337 970 1393 secundum
1050 1339 1465 1396 chronotaxim
1545 1344 1895 1401 Hsnschenii

241 1428 445 1492 nostri,
480 1442 603 1499 qua
648 1427 855 1481 Christi
883 1426 1116 1483 Domini
1148 1427 1343 1485 obitus
1373 1430 1574 1499 ﬁgitur
1612 1432 1727 1488 sub
1755 1448 1895 1488 con-

240 1518 432 1571 sulatu
492 1515 750 1570 duorum
804 1516 1209 1583 Geminorum,
1259 1518 1379 1574 sive
1435 1535 1595 1575 anno
1654 1525 1720 1577 29
1759 1536 1893 1577 aera:

242 1606 519 1675 vulgaris,
538 1605 616 1660 ita
634 1610 695 1660 ut
710 1604 1072 1661 duodecimo
1086 1613 1221 1677 post
1241 1606 1449 1663 Christi
1468 1611 1891 1667 Ascensionem

237 1711 397 1751 anno
417 1700 670 1767 ponatur
694 1693 1101 1766 apostolorum
1134 1694 1367 1752 divisio.
1396 1695 1595 1753 Videri
1617 1703 1895 1770 poterunt

1997 546 2199 615 Paulo,
2228 554 2330 604 aut
2360 555 2565 605 sancto
2596 548 2901 613 Barnabas,
2940 555 3044 604 aut
3073 558 3279 605 sancto
3318 552 3510 621 Lucae,
3544 556 3643 610 aut

1998 635 2111 706 ipsi
2140 638 2404 694 Matthaao
2423 638 2750 693 versionem
2773 635 3039 692 Grmcam
3062 637 3477 706 attribuerunt,
3503 646 3644 697 teste

1998 724 2258 782 Calmeto
2306 728 2365 782 in
2417 725 2765 798 praefatione
2812 726 2889 781 ad
2942 727 3300 791 Matthaaum,
3362 742 3501 799 pag.
3551 730 3640 786 26.

1999 816 2144 870 Nam
2176 821 2379 871 auctor
2429 814 2731 886 Synopsis,
2773 814 2878 870 etsi
2933 813 3077 870 forte
3118 830 3237 869 non
3276 815 3347 870 sit
3385 816 3642 874 Athana-

2000 902 2138 967 sius,
2174 902 2383 959 saltem
2411 902 2675 959 eruditus
2704 903 3033 959 admodum
3083 901 3212 967 fuit,
3242 907 3301 958 et
3339 904 3645 977 antiquior

1999 991 2230 1047 videtur
2281 992 2529 1047 aliarum
2580 989 3009 1046 sententiarum
3059 991 3345 1062 patronis.
3397 992 3639 1059 Verum,

1997 1079 2271 1151 quisquis
2310 1080 2481 1136 fuerit
2518 1080 2829 1149 interpres,
2880 1082 3105 1134 certum
3172 1079 3424 1146 videtur,
3468 1081 3641 1137 inter-

2000 1168 2391 1240 pretationem
2444 1170 2705 1224 Graecam
2744 1166 3151 1237 apostolorum
3198 1172 3462 1241 tempore
3510 1185 3641 1226 esse

1999 1255 2240 1311 factam.

2069 1344 2158 1400 45.
2188 1343 2531 1399 Theodorus
2560 1343 2763 1412 lector,
2793 1343 2895 1398 lib.
2938 1358 2994 1409 ii,
3037 1358 3175 1414 pag.
3223 1347 3325 1400 557
3366 1344 3642 1403 editionis

2001 1432 2213 1488 Valesii
2244 1432 2302 1487 in
2329 1432 2561 1487 Zenone
2590 1431 2718 1487 hac
2743 1430 2942 1486 scribit
2977 1449 3039 1484 ια
3072 1433 3355 1487 Barnabas
3387 1433 3640 1504 apostoli

2000 1519 2262 1593 reliquiae
2290 1519 2350 1574 in
2383 1521 2574 1591 Cypro
2603 1519 2716 1573 sub
2746 1518 2957 1574 arbore
2981 1518 3195 1591 siliqua
3216 1527 3461 1592 repertae
3483 1528 3641 1577 sunt.

2002 1611 2190 1680 Super
2254 1608 2426 1679 cujus
2478 1613 2713 1679 pectore
2752 1612 2873 1662 erat
2917 1607 3301 1677 Evangelium
3368 1611 3639 1679 Matthaei,

2000 1698 2186 1768 ipsius
2207 1696 2495 1752 Bai-nast
2520 1696 3147 1765 manudescriptum...
3181 1695 3238 1751 Id
3262 1696 3642 1767 Evangelium

237 1783 396 1838 dicta
435 1784 508 1838 de
546 1782 833 1838 divisione
873 1782 1307 1854 apostolorum,
1349 1790 1405 1840 et
1445 1785 1705 1843 Diatriba
1743 1790 1885 1843 Hen-
1922 1805 1964 1859 Β
2000 1788 2154 1842 Zeno
2181 1786 2455 1857 deposuit
2488 1785 2546 1841 in
2586 1784 2829 1857 palatio,
2882 1785 2942 1838 in
2981 1783 3108 1839 aede
3158 1786 3214 1841 S.
3273 1786 3568 1855 Stephani.
3613 1809 3641 1837 »

240 1869 461 1926 schenii
489 1877 623 1925 ante
637 1874 868 1925 tomum
899 1870 1144 1942 [Aprilis
1171 1887 1185 1937 ;
1217 1887 1409 1944 neque
1433 1875 1590 1929 enim
1617 1874 1711 1930 hic
1725 1875 1892 1931 locus

241 1959 437 2029 exigit,
464 1964 810 2030 utrepetam
839 1958 977 2014 alibi
1004 1959 1328 2031 disputata.
1356 1961 1582 2021 Dixisse
1611 1963 1887 2030 sufﬁciat,

241 2047 396 2103 circa
449 2047 609 2102 idem
656 2051 891 2119 tempus
932 2064 967 2103 a
1029 2048 1300 2104 Matthaao
1376 2051 1660 2123 scriptum
1711 2051 1891 2109 fuisse

240 2134 641 2205 Evangelium,
675 2140 776 2190 aut
806 2134 983 2207 paulo
1028 2143 1182 2202 ante,
1236 2136 1591 2211 priusquam
1632 2141 1891 2212 separati

238 2232 406 2281 erant
437 2223 712 2295 apostoli.

307 2315 394 2369 44.
422 2316 596 2368 Porro
629 2312 918 2367 incertum
950 2327 1123 2384 aeque
1148 2318 1253 2378 est,
1287 2315 1422 2385 quis
1456 2316 1686 2387 primus
1718 2318 1891 2376 fuerit

233 2404 524 2473 interpres
558 2403 792 2457 Graecus
826 2400 1124 2470 Evangelii
1165 2403 1496 2458 secundum
1531 2406 1884 2462 Mattbaeum.

230 2492 293 2547 In
328 2490 577 2562 Synopsi
595 2495 796 2544 sancto
813 2489 1136 2545 Athanasio
1172 2490 1347 2560 vulgo
1362 2492 1660 2559 attributa,
1680 2494 1885 2549 tom.II

233 2580 494 2651 Operum
543 2579 734 2633 sancti
791 2577 1099 2632 Athanasii
1148 2579 1425 2634 editionis
1464 2582 1882 2650 Montfauconi,

228 2683 371 2741 pag.
413 2669 518 2722 202
562 2666 691 2722 haec
719 2666 998 2735 leguntur
1029 2684 1042 2722 :
1078 2688 1105 2717 «
1136 2668 1522 2739 Evangelium
1551 2671 1882 2728 secundum

228 2758 566 2813 Matthmum
587 2755 664 2811 ab
695 2755 825 2825 ipso
853 2755 1128 2810 Matthaeo
1161 2756 1446 2811 Hebraico
1467 2758 1717 2815 dialecto
1747 2776 1886 2816 con-

229 2846 518 2915 scriptum
572 2849 679 2909 est,
708 2847 766 2896 et
804 2842 1026 2897 editum
1070 2842 1511 2913 Hierosolymis,
1544 2847 1884 2917 interpreta-

232 2939 481 3002 tumque
534 2937 625 2984 est
673 2946 708 2985 a
758 2930 983 2984 Jacobo
1024 2929 1200 2984 fratre
1256 2930 1488 2986 Domini
1555 2935 1887 2989 secundum

233 3034 499 3083 carnem,
526 3018 627 3090 qui
660 3024 715 3072 et
746 3017 974 3089 primus
997 3016 1547 3088 Hierosolymorum
1568 3019 1889 3093 episcopus

2001 1876 2176 1931 Plura
2204 1876 2278 1930 de
2318 1874 2408 1930 his
2446 1874 2647 1929 scribit
2675 1873 3000 1928 Alexander
3032 1873 3363 1929 monachus
3395 1873 3645 1946 Cyprius

2000 1964 2063 2019 in
2089 1965 2244 2019 Actis
2296 1964 2481 2018 sancti
2530 1962 2823 2027 Barnabas,
2879 1962 3039 2032 apud
3088 1976 3198 2017 nos
3248 1961 3417 2017 editis
3457 1962 3533 2019 ad
3577 1964 3634 2018 11

1997 2053 2173 2107 Junii.
2230 2052 2378 2107 Nam
2433 2067 2566 2121 pag.
2617 2050 2741 2115 450,
2796 2054 3035 2105 sanctus
3080 2049 3377 2105 Barnabas
3433 2049 3644 2107 dicitur

1998 2140 2350 2213 apparuisse
2399 2137 2713 2194 Anthemio
2764 2136 3081 2193 Salaminis
3110 2136 3416 2209 episcopo,
3470 2137 3644 2210 eique

1998 2229 2294 2284 indicasse
2341 2226 2444 2282 ubi
2470 2226 2803 2298 depositum
2857 2230 3012 2281 esset
3048 2241 3265 2296 corpus
3296 2241 3472 2281 suum
3505 2242 3639 2281 cum

1998 2316 2316 2387 Evangelio
2366 2316 2556 2372 sancti
2585 2314 2860 2370 Matthaai.
2920 2312 3112 2369 Verba
3150 2313 3458 2379 nonnulla,
3515 2330 3644 2385 quae

1998 2410 2240 2461 sanctus
2273 2404 2573 2460 Barnabas
2603 2403 2915 2457 Anthemio
2946 2401 3164 2457 dixisse
3197 2400 3491 2466 scribitur,
3526 2402 3643 2459 huc

2000 2493 2313 2549 transfero:
2331 2515 2359 2543 «
2382 2491 2502 2547 Sub
2519 2490 2731 2547 arbore
2750 2490 2965 2562 siliqua
2986 2488 3235 2544 effodias
3258 2505 3271 2544 :
3294 2489 3642 2559 speluncam

1997 2581 2156 2636 enim
2212 2585 2391 2652 atque
2432 2595 2632 2635 arcam
2675 2576 2954 2643 invenies,
2988 2578 3277 2649 quoniam
3310 2576 3422 2632 illic
3455 2582 3642 2634 totum

1996 2684 2215 2740 corpus
2240 2683 2443 2723 meum
2489 2665 2800 2722 conditum
2830 2670 2934 2729 est,
2964 2670 3017 2720 et
3050 2664 3427 2736 Evangelium
3460 2682 3647 2722 manu

1996 2756 2237 2829 propria
2263 2756 2568 2827 scriptum,
2594 2753 2758 2827 quod
2788 2770 2823 2809 a
2853 2759 3059 2810 sancto
3085 2752 3353 2824 apostolo
3379 2757 3435 2809 et
3468 2769 3646 2809 evan-

1997 2849 2206 2918 gelista
2230 2848 2495 2903 Matthaao
2526 2846 2743 2917 excepi.
2780 2866 2807 2895 ››
2842 2847 2907 2901 Et
2926 2860 3064 2900 mox
3091 2845 3354 2916 corporis
3384 2843 3645 2901 inventio

1998 2934 2264 2999 refertur,
2324 2940 2380 2989 et
2427 2932 2501 2989 de
2544 2932 2863 3004 Evangelio
2892 2933 3133 2988 additur
3183 2948 3256 2986 τα
3289 2932 3646 2989 Invenerunt

1998 3024 2176 3077 etiam
2208 3021 2589 3091 Evangelium
2648 3037 2829 3093 supra
2863 3020 3146 3077 Barnabm
3215 3027 3421 3093 pectus
3452 3021 3643 3093 impo-

236 3108 588 3164 constitutus
618 3112 705 3161 est
734 3122 769 3161 a
800 3107 1019 3160 sanctis
1045 3107 1352 3176 apostolis.
1391 3111 1513 3162 Non
1544 3108 1733 3179 placet
1764 3109 1887 3165 hinc
1926 3100 1967 3157 C
1998 3109 2198 3163 situm.
2228 3127 2256 3158 δ)
2293 3107 2513 3162 Deinde
2538 3124 2699 3174 vero,
2724 3125 2860 3163 cum
2889 3108 3238 3163 Anthemius
3268 3124 3392 3163 rem
3412 3113 3641 3177 gestam

237 3195 528 3253 sententia
563 3194 931 3250 Tillemontio
962 3201 1103 3249 nota
1140 3198 1172 3249 2
1198 3192 1257 3249 in
1289 3195 1647 3251 Matthmum.
1696 3200 1888 3254 Primo

234 3285 335 3350 ait,
356 3284 481 3339 haac
502 3282 695 3339 solum
716 3282 828 3351 legi
849 3282 907 3335 in
938 3281 1243 3337 additione
1262 3284 1517 3354 Synopsi
1539 3284 1793 3355 adjecta.
1816 3289 1887 3341 At

231 3372 453 3430 nullam
485 3371 701 3441 allegat
731 3371 1162 3434 rationem,cur
1178 3369 1739 3435 existimet,illanon
1759 3389 1887 3429 esse

230 3460 503 3532 ejusdem
522 3462 856 3531 Synopscos
888 3463 1148 3529 partem:
1180 3475 1287 3515 nec
1309 3475 1421 3529 ego
1444 3461 1622 3517 ullam
1648 3462 1885 3519 invenio

229 3549 397 3622 apud
431 3548 929 3606 Montfauconum.
969 3548 1242 3604 Secundo
1262 3548 1363 3614 ait,
1390 3565 1593 3605 vocem
1615 3550 1884 3607 Graecam

226 3639 531 3713 ἡρμηνεύθη
581 3653 751 3708 posse
800 3637 1018 3705 exponi
1070 3652 1241 3708 asque
1285 3638 1358 3692 de
1417 3639 1581 3694 nuda
1632 3641 1887 3711 explica-

228 3730 413 3792 tione,
440 3741 623 3798 quam
648 3725 719 3779 de
745 3722 1131 3778 translatione
1148 3723 1206 3779 in
1232 3724 1413 3781 aliam
1431 3726 1722 3796 linguam.
1746 3731 1885 3785 Vere

226 3818 350 3873 hoc
380 3814 495 3869 dici
527 3813 601 3867 de
633 3827 775 3867 voce
806 3813 1010 3867 Graeca
1045 3811 1236 3867 libens
1268 3829 1531 3883 agnosco
1562 3833 1577 3884 ;
1608 3817 1712 3871 sed
1742 3834 1882 3874 cum

226 3905 519 3974 adjuncta
548 3901 753 3957 omnia
782 3906 838 3954 et
859 3900 1039 3972 paulo
1070 3907 1196 3972 post
1216 3905 1521 3973 sequentia
1542 3905 1882 3973 ostendant,

227 3994 335 4065 agi
365 3992 438 4046 de
472 3990 855 4046 translatione
887 3988 943 4044 in
977 3988 1247 4060 linguam
1298 3990 1586 4059 Graecam,
1626 4010 1745 4050 non
1798 4002 1885 4051 est

230 4082 382 4138 satis
397 4076 1065 4148 fundatailla'objectio,
1094 4082 1194 4133 aut
1200 4078 1363 4149 justa
1376 4082 1649 4154 suspicio,
1681 4099 1884 4139 vocem

227 4171 335 4227 hic
362 4169 439 4223 ita
470 4166 916 4235 intelligendam
950 4182 962 4219 :
997 4182 1138 4221 nam
1170 4168 1380 4223 eadem
1412 4186 1523 4224 vox
1552 4170 1887 4242 frequenter

230 4259 487 4315 recurrit
514 4254 587 4310 de
618 4254 1006 4310 translatione
1026 4257 1082 4309 in
1113 4255 1289 4310 aliam
1305 4256 1594 4326 linguam,
1611 4257 1684 4311 de
1697 4274 1887 4330 eaque

230 4346 323 4403 ibi
367 4345 530 4399 unice
563 4341 775 4412 agitur.
822 4341 1016 4395 Tertio
1064 4341 1145 4396 ait
1185 4341 1635 4397 Tillemontius:
1672 4363 1699 4394 «
1745 4347 1886 4400 san.

1996 3196 2375 3268 exposuisset
2421 3194 2636 3249 Zenoni
2666 3195 3029 3266 imperatori,
3066 3202 3120 3251 et
3165 3196 3539 3263 obtinuisset,
3582 3201 3645 3252 ut

1997 3285 2227 3357 Cyprus
2266 3298 2385 3339 non
2426 3282 2693 3337 subesset
2744 3283 3092 3353 patriarchae
3123 3282 3513 3347 Antiocheno,
3546 3299 3645 3353 pe-

1998 3373 2084 3429 tiit
2145 3370 2407 3427 vicissim
2436 3373 2611 3435 Zeno,
2658 3374 2720 3425 ut
2745 3370 2823 3425 ad
2875 3386 2936 3425 se
2985 3369 3306 3426 mitteretur
3334 3370 3641 3427 inventum

1996 3460 2248 3517 Matthaei
2291 3458 2694 3529 Evangelium.
2726 3478 2755 3511 «
2786 3459 3079 3513 Assensus
3109 3464 3196 3513 est
3219 3458 3348 3527 ejus
3378 3457 3643 3530 petitioni

1995 3551 2330 3622 episcopus,
2361 3550 2442 3604 ait
2487 3546 2834 3613 Alexander,
2870 3562 3034 3602 num.
3069 3546 3157 3611 44,
3210 3552 3266 3602 et
3312 3546 3641 3619 quemdam

1994 3654 2064 3694 ex
2098 3639 2189 3704 iis,
2218 3652 2373 3709 quos
2410 3651 2609 3691 secum
2632 3634 2894 3690 habebat
2919 3633 3492 3705 (Constantinopoli),
3522 3650 3645 3692 una

1996 3743 2133 3783 cum
2172 3723 2519 3780 ﬁdelissimo
2567 3722 2943 3794 imperatoris
2977 3722 3246 3778 ministro
3287 3720 3642 3795 episcopum

1995 3814 2172 3879 misit,
2214 3812 2319 3885 qui
2352 3811 2732 3881 Evangelium
2771 3809 2915 3865 illud
2964 3808 3025 3865 in
3068 3808 3277 3865 urbem
3317 3808 3645 3865 Constanti-

1994 3901 2261 3974 nopolim
2331 3899 2669 3956 attulerunt.
2744 3900 2923 3954 Erant
2974 3902 3174 3953 autem
3226 3896 3358 3953 libri
3414 3896 3642 3954 tabellas

1996 3989 2212 4063 thyinis
2241 3988 2415 4054 lignis
2447 3988 2813 4059 compositae.
2857 3985 3241 4056 Evangelium
3272 3985 3414 4041 illud
3457 3986 3644 4058 impe-

1994 4086 2151 4134 rator
2190 4079 2250 4131 in
2277 4075 2814 4145 manumsumpsit,
2843 4081 2898 4129 et
2927 4072 3306 4128 deosculatus
3331 4078 3437 4139 est,
3470 4091 3640 4131 auro~

1995 4182 2110 4237 que
2134 4164 2322 4218 multo
2353 4167 2707 4217 exornatum
2740 4163 2799 4216 in
2843 4161 3061 4232 palatio
3086 4176 3195 4216 suo
3226 4162 3507 4233 reposuit,
3543 4163 3645 4220 ubi

1996 4252 2073 4307 ad
2103 4250 2451 4306 hodiernum
2505 4264 2690 4320 usque
2717 4248 2873 4302 diem
2916 4253 3201 4315 servatur,
3248 4254 3302 4304 et
3334 4249 3392 4304 in
3426 4265 3646 4321 magna

1995 4340 2207 4412 quinta
2237 4337 2475 4394 Paschas
2505 4336 2647 4393 feria
2693 4335 3014 4407 quotannis
3045 4335 3104 4391 in
3154 4337 3355 4408 palatii
3387 4340 3645 4396 oratorio

232 4436 377 4492 ctus
408 4430 682 4494 Jacobus,
714 4427 806 4482 cui
835 4443 979 4482 cura
994 4427 1068 4481 de
1096 4427 1312 4482 Iudaeis
1348 4427 1891 4501 Hierosolymitanis
1920 4436 1965 4489 D
2000 4427 2376 4500 Evangelium
2432 4444 2500 4483 ex
2554 4442 2622 4482 eo
2652 4424 2804 4480 libro
2842 4422 3141 4482 recitatur.
3208 4445 3236 4475 »
3287 4426 3420 4482 Haec
3472 4426 3645 4485 lectio

232 4522 375 4577 erat
403 4516 751 4579 commissa,
784 4514 832 4568 is
865 4520 988 4568 erat
1018 4514 1169 4568 inter
1198 4529 1405 4570 omnes
1434 4517 1756 4589 apostolos,
1791 4519 1887 4575 cui

239 4606 444 4663 minor
468 4609 593 4658 erat
617 4601 1031 4674 Opportunitas
1061 4608 1115 4658 et
1146 4602 1467 4660 necessitas
1494 4607 1889 4664 transferendi

239 4690 637 4760 Evangelium
667 4689 858 4745 sancti
900 4690 1158 4747 Matthtei
1209 4692 1269 4747 in
1309 4692 1489 4749 aliam
1527 4694 1816 4764 linguam.
1862 4717 1890 4750 ››

237 4787 321 4840 At
354 4794 465 4849 ego
494 4794 615 4834 non
657 4777 850 4843 video,
899 4779 1033 4851 quis
1075 4781 1481 4852 apostolorum
1519 4783 1573 4837 id
1625 4783 1889 4841 ofﬁcium

238 4867 443 4938 magis
467 4874 800 4939 opportune
821 4871 878 4922 et
908 4869 1223 4924 commode
1252 4869 1417 4926 obire
1444 4873 1715 4943 potuerit.
1742 4877 1890 4931 Nam

234 4956 511 5016 Jacobus
561 4955 837 5011 manebat
877 4956 1295 5029 Hierosolymis
1337 4974 1350 5025 ;
1391 4960 1647 5031 apostoli
1680 4978 1892 5019 omnes

235 5046 327 5104 ad
359 5043 509 5101 alias
548 5043 1079 5117 proﬁciscebantur
1110 5046 1459 5115 provincias,
1489 5065 1597 5104 nec
1623 5051 1769 5106 scire
1790 5068 1893 5125 po-

239 5138 461 5196 terant,
502 5132 770 5204 quandiu
827 5132 887 5187 in
930 5132 1175 5202 singulis
1220 5134 1550 5191 civitatibus
1583 5146 1683 5193 aut
1712 5141 1893 5197 etiam

237 5220 570 5294 provinciis
611 5226 936 5276 manerent.
973 5219 1263 5276 Habitanti
1292 5227 1492 5278 autem
1523 5224 1583 5279 in
1607 5242 1726 5282 una
1753 5242 1893 5283 con-

237 5313 475 5366 stanter
500 5307 734 5363 civitate
752 5308 1128 5363 commodius
1154 5315 1238 5363 est
1267 5308 1477 5365 librum
1512 5314 1766 5369 scribere
1793 5320 1895 5370 aut

234 5395 643 5466 interpretari,
675 5411 862 5465 quam
893 5397 962 5451 de
1015 5395 1248 5452 civitate
1286 5398 1345 5452 in
1382 5398 1673 5455 civitatem
1702 5406 1888 5458 trans-

233 5484 412 5543 eunti
432 5490 489 5539 et
526 5490 814 5557 perpetuo
852 5483 1269 5556 peregrinanti.
1300 5486 1502 5559 Itaque
1532 5487 1630 5545 illa
1662 5496 1896 5546 senten-

232 5574 334 5633 tia
361 5570 571 5629 saltem
600 5588 722 5629 non
750 5573 949 5629 minus
989 5572 1324 5631 verisimilis
1370 5578 1478 5642 est,
1533 5592 1717 5648 quam
1748 5578 1896 5638 alio-

572 5672 808 5727 PATROL.
851 5669 956 5728 Gn.
999 5669 1165 5727 CXV.

1998 4517 2389 4583 demonstrat,
2415 4517 2609 4572 Graece
2629 4513 2915 4585 scriptum
2934 4512 3112 4568 fuisse
3132 4512 3296 4570 istud
3318 4515 3645 4587 exemplar,

1998 4622 2135 4661 cum
2164 4605 2291 4660 sola
2317 4604 2521 4674 lingua
2550 4606 2751 4660 Graeca
2799 4601 3312 4673 Constantinopoli
3338 4610 3493 4659 esset
3524 4604 3648 4660 vul-

1999 4694 2194 4765 garis;
2253 4693 2510 4765 indeque
2567 4691 2974 4756 conﬁrmatur,
3034 4690 3365 4748 versionem
3405 4691 3647 4748 Grecam

1999 4780 2398 4854 apostolorum
2429 4786 2692 4851 tempore
2724 4778 2941 4833 factam
2968 4792 3125 4833 esse.

2069 4875 2157 4928 46.
2193 4869 2629 4941 Papebrochius
2673 4872 2871 4923 noster
2918 4867 2979 4921 in
3008 4864 3317 4921 Adnotatis
3360 4866 3437 4922 ad
3469 4866 3648 4925 verba

1994 4960 2122 5032 jam
2149 4959 2290 5015 data
2318 4958 2658 5031 apparentis
2683 4956 2869 5011 Barns
2881 4954 2972 5010 bas
2998 4954 3274 5009 observat
3297 4956 3602 5026 sequentia
3627 4972 3642 5013 :

2005 5069 2034 5102 (ι
2063 5048 2304 5105 Nativus
2336 5046 2652 5102 verborum
2685 5059 2893 5099 sensus
2922 5041 3489 5114 videturesse,quod
3513 5042 3650 5100 Bar-

2001 5139 2192 5194 nabas
2240 5133 2642 5205 Evangelium,
2699 5131 2971 5204 primitus
3057 5129 3333 5185 Hebraice
3398 5130 3647 5199 editum,

2002 5226 2243 5298 propria
2294 5240 2475 5280 manu
2517 5221 2811 5292 exceperit
2862 5236 2929 5275 ex
2973 5234 3072 5275 ore
3124 5218 3434 5291 ipsiusmet
3462 5220 3652 5278 sancti

2002 5312 2273 5377 Matthasi,
2324 5312 2468 5367 illud
2512 5312 2708 5367 Grasse
2755 5308 3054 5373 dictantis,
3088 5314 3145 5362 et
3174 5322 3378 5363 secum
3429 5308 3644 5375 tulerit,

2002 5402 2350 5457 sicutetiam
2408 5400 2612 5455 fecisse
2655 5396 2867 5452 dicitur
2893 5400 3135 5451 sanctus
3186 5396 3648 5453 Bartholomaaus

2003 5491 2099 5563 (dc
2131 5489 2414 5546 Hebraico
2463 5486 2797 5556 nimirum),
2856 5484 3054 5556 plures
3106 5483 3355 5541 forsitan
3382 5484 3504 5549 alii,
3534 5500 3650 5541 uno

2006 5580 2340 5651 eodemque
2358 5582 2556 5635 tenore
2579 5580 2636 5633 et
2677 5578 2964 5646 tempore,
3005 5574 3151 5631 citra
3184 5572 3364 5631 ultam
3377 5572 3649 5631 differen-

3274 5671 3343 5725 25
