4124 6270
230 240 330 297 781

1595 243 1765 301 VITA
1806 246 1865 303 S.
1908 246 2269 304 ΜΑῬΤΗΑΞΙ.

3530 263 3639 319 782

231 366 293 421 in
323 365 615 420 honorem
648 363 834 420 sancti
866 363 1117 421 Matthei
1140 370 1372 422 exstare
1395 366 1576 424 habet
1600 383 1668 423 ex
1695 369 1877 426 tradi-
1908 372 1955 426 Α
1988 371 2291 429 Candaces
2314 373 2534 443 regina:
2554 374 2737 431 fuisse
2767 374 3022 450 Egypto
3049 378 3389 449 proximum
3415 385 3472 439 et
3493 398 3637 441 con-

229 453 494 511 tionibus
554 453 898 524 lEthiopum
965 452 1043 524 (et
1097 452 1302 509 litteris
1366 456 1874 515 missionariorum

231 541 513 615 quamvis
537 556 638 596 eas
656 557 775 596 non
795 540 1018 611 laudet)
1063 541 1422 599 Corneliusa
1441 544 1659 616 Lepide
1681 561 1814 619 cap.
1849 552 1878 605 3

233 631 509 687 Procemii
541 633 600 685 in
642 630 1000 687 Matthaaum.
1052 634 1320 703 Regnum
1368 632 1512 688 illud
1548 634 1877 706 AZthiopiaa,

232 721 393 793 quod
419 719 499 775 illi
528 720 782 786 Sonnar,
816 719 915 775 alii
949 722 1177 777 Sennar
1205 721 1538 786 nominant,
1573 722 1749 779 situm
1794 730 1881 782 est

231 810 381 865 inter
410 809 732 880 Egyptum
763 814 1085 881 etregnum
1109 809 1463 866 hodiernum
1489 811 1874 869 Habessinim.

229 896 414 953 Jobus
466 895 775 962 Ludolfus,
830 896 887 952 in
958 898 1227 954 Historia
1278 898 1630 969 Ethiopica,
1686 900 1787 957 lib.
1837 919 1873 971 ι,

232 1000 359 1057 cap.
405 988 459 1049 2,
493 985 589 1040 ait.
634 1000 888 1054 regnum
913 986 1135 1042 Sennar
1191 1003 1318 1042 esse
1373 993 1604 1060 partem
1661 990 1877 1046 veteris

233 1073 454 1129 Nubiaa.
486 1072 812 1130 Martiniere
842 1074 902 1128 in
934 1074 1289 1131 Dictionario
1316 1077 1716 1148 geographico
1740 1081 1879 1134 Sen-

234 1177 342 1217 nar
369 1176 617 1229 regnum
651 1177 786 1216 cum
814 1177 1000 1232 regno
1030 1163 1235 1220 Nubim
1275 1165 1431 1220 idem
1462 1164 1621 1222 facit.
1664 1168 1876 1222 Verum

233 1265 476 1305 necesse
507 1264 625 1305 non
649 1255 734 1304 est
759 1250 838 1306 ad
874 1253 1252 1323 propositum
1293 1259 1559 1308 nostrum
1583 1254 1763 1309 latius
1817 1254 1879 1310 id

230 1338 538 1408 indagare.
565 1338 716 1394 Satis
750 1344 837 1395 est
865 1340 1163 1397 indicasse
1194 1357 1446 1411 regnum
1489 1344 1718 1399 Sennar
1747 1359 1878 1400 esse

231 1428 291 1482 in
352 1432 517 1498 parte
594 1428 1032 1498 septentrionali
1094 1429 1405 1501 Ethiopian
1460 1436 1516 1486 et
1604 1433 1879 1502 proxima

229 1516 502 1588 Egypto.
538 1518 601 1571 ιιι
627 1516 839 1571 eadem
856 1532 1100 1589 quoque
1129 1518 1435 1590 Ethiopiai
1464 1524 1627 1589 parte
1640 1525 1878 1590 aposto-

231 1604 423 1660 lorum
438 1605 807 1677 temporibus
831 1620 1112 1674 regnasse
1130 1604 1447 1663 Candacen
1460 1609 1751 1676 reginam,
1771 1624 1873 1664 cu-

1984 462 2325 526 terminum,
2355 477 2489 517 cum
2529 463 2798 520 Candace
2846 465 3172 537 aliquando
3198 467 3325 523 sine
3381 472 3631 529 transitu

1987 547 2226 604 alterius
2250 549 2491 605 ditionis
2520 551 2578 606 in
2607 551 2928 623 Egyptum
2959 569 3031 609 ex
3061 569 3244 623 regno
3274 573 3387 612 suo
3408 560 3635 616 exerci-

1986 641 2114 693 tum
2140 638 2391 707 duxerit,
2418 644 2477 693 et
2504 655 2738 696 rursum
2772 642 3019 697 Romani
3049 643 3315 699 similiter
3344 645 3631 704 ditionem

1986 722 2175 795 ipsius
2199 725 2525 781 invaserint
2571 743 2643 783 ex
2680 728 2955 799 Egypto.
3009 730 3138 795 Qua
3191 730 3370 799 igitur
3401 734 3633 792 ratione

1986 827 2205 883 negare
2262 814 2455 885 potuit
2484 813 2663 872 ﬁdem
2726 817 2784 871 in
2824 815 3115 888 [Ethiopia
3164 821 3631 890 septemtrionali

1984 903 2370 974 prmdicatam
2402 902 2583 958 fuisse
2609 909 2748 960 ante
2781 904 3064 961 saeculum
3098 922 3151 962 ιν
3180 905 3207 959 7

2059 994 2146 1046 5'2.
2179 990 2504 1046 Audiamus
2549 991 2750 1059 modo,
2791 1009 2914 1065 qua
2969 994 3197 1049 ratione
3227 995 3632 1055 Tillemontius

1985 1079 2199 1150 probet
2236 1078 2293 1133 in
2337 1080 2690 1145 Frumentio,
2724 1085 2869 1137 tom.
2904 1083 3014 1147 VII,
3048 1089 3189 1139 nota
3218 1088 3270 1149 2,
3300 1084 3484 1142 ﬁdem
3510 1102 3632 1143 non

1986 1165 2166 1222 fuisse
2196 1166 2649 1237 prsedicatamin
2670 1167 2959 1238 EthiOpia
2988 1171 3460 1241 septemtrionali
3493 1180 3631 1230 ante

1987 1267 2103 1308 saec
2113 1252 2275 1309 ulum
2301 1270 2372 1309 iv.
2405 1256 2655 1310 Sanctus
2672 1257 3037 1313 Frumentius
3054 1257 3273 1314 staculo
3286 1275 3361 1323 iv,
3389 1260 3635 1317 testibus

1988 1342 2201 1398 Ruﬁno
2218 1342 2384 1412 lib.x,
2404 1358 2538 1415 cap.
2563 1346 2614 1408 9,
2643 1345 2879 1400 Socrate
2909 1344 3366 1417 aliisque,ﬁdem
3404 1364 3633 1405 annun-

1986 1429 2151 1485 tiavit
2177 1430 2472 1500 gentibus,
2503 1446 2654 1503 quos
2674 1431 2753 1488 illi
2780 1441 2995 1489 vocant
3026 1433 3201 1489 lndos
3226 1434 3552 1503 ulteriores,
3582 1443 3637 1493 et

1985 1517 2205 1588 quibus
2247 1518 2429 1574 ﬁdem
2477 1525 2614 1575 ante
2650 1534 2962 1591 nunquam
3013 1519 3400 1592 pradicatam
3456 1523 3637 1581 fuisse

1986 1609 2293 1662 testantur.
2330 1609 2409 1662 Ex
2448 1607 2650 1663 litteris
2697 1623 2839 1664 vero
2893 1609 3217 1666 Constantii
3256 1610 3636 1680 imperatoris

226 1694 326 1765 jus
338 1694 646 1749 eunuchus
677 1712 711 1751 a
742 1701 948 1751 sancto
969 1694 1237 1767 Philippo
1268 1694 1524 1751 diacono
1541 1696 1877 1769 baptizatus
1917 1710 1957 1766 Β
1985 1693 2148 1764 apud
2161 1702 2432 1751 sanctum
2452 1696 2853 1753 Athanasium
2872 1698 2928 1752 in
2951 1697 3241 1769 Apologia
3255 1700 3332 1755 ad
3349 1700 3639 1756 Constan-

232 1789 341 1851 est,
375 1785 615 1840 abunde
640 1784 934 1855 colligitur
962 1802 1034 1843 ex
1064 1785 1233 1841 dictis
1254 1788 1281 1855 §
1305 1787 1331 1841 1
1358 1802 1372 1855 ;
1406 1792 1466 1842 at
1494 1803 1730 1843 rursum
1755 1802 1876 1844 non

230 1873 466 1946 inquiro
514 1890 589 1929 an
647 1873 744 1929 illa
794 1873 971 1930 latius
1031 1881 1135 1931 aut
1185 1876 1385 1931 minus
1420 1875 1536 1931 late
1580 1884 1874 1946 regnaret.

233 1960 535 2017 Sententia
562 1966 761 2018 autem
816 1963 1077 2029 illorum,
1128 1964 1232 2036 qui
1274 1964 1620 2020 existimant
1676 1966 1736 2020 in
1778 1964 1880 2021 illa

234 2055 401 2122 parte
431 2049 735 2121 {Ethiopizn
783 2051 1141 2122 praedicasse
1188 2060 1463 2107 sanctum
1516 2053 1875 2120 Matthaaum,

236 2138 378 2195 mihi
409 2139 741 2195 admodum
775 2140 1102 2210 probabilis
1130 2145 1381 2212 apparet
1419 2148 1477 2197 et
1507 2141 1876 2198 verisimilis:

231 2243 371 2285 cum
398 2228 539 2301 quia
580 2229 850 2298 proxima
881 2233 1008 2283 erat
1038 2231 1306 2285 Romano
1333 2230 1585 2301 imperio
1612 2246 1683 2286 ex
1716 2234 1882 2301 parte

232 2316 487 2388 Egypti,
512 2319 639 2372 tum
661 2331 701 2387 q
717 2315 813 2369 uia
839 2316 1150 2371 eunuchus
1182 2318 1402 2388 regine
1425 2318 1726 2374 Candaces
1756 2321 1883 2374 erat

229 2419 577 2468 conversus,
603 2410 660 2459 et
688 2404 760 2459 de
777 2403 931 2459 illius
962 2405 1348 2459 conversione
1375 2412 1534 2460 certo
1564 2406 1885 2462 constabat

231 2491 538 2564 apostolis,
560 2498 685 2549 tum
715 2492 857 2565 quia
881 2492 1144 2548 ecclesias
1159 2493 1347 2549 sancti
1371 2494 1644 2559 Matthmi,
1660 2494 1881 2549 ibidem

229 2581 508 2650 inventas,
522 2581 828 2637 insinuant
842 2580 1044 2652 populi
1062 2582 1372 2653 antiquam
1390 2582 1787 2648 traditionem,
1812 2598 1884 2639 ac

231 2672 479 2725 demum
510 2670 654 2742 quia
682 2670 996 2740 scriptores
1020 2674 1308 2725 testantur
1326 2669 1680 2742 Ethiopiam
1702 2670 1883 2727 fuisse

232 2759 506 2815 Matthaao
533 2758 902 2826 assignatam
933 2774 946 2817 :
974 2772 1081 2811 nec
1096 2757 1217 2812 ulla
1236 2760 1399 2825 regio
1433 2759 1624 2826 magis
1646 2759 1884 2829 proprie

233 2844 531 2917 IEthiopia
569 2844 679 2899 fuit
699 2850 928 2909 vocata,
951 2859 1125 2917 quam
1146 2844 1262 2908 illa,
1288 2844 1383 2898 cui
1413 2860 1634 2898 nomen
1676 2845 1884 2901 Ethio-

232 2934 351 3005 pias
376 2932 671 2986 dederunt
692 2946 902 2986 omnes
922 2932 1251 3004 geographi
1281 2931 1526 3002 antiqui.

307 3022 397 3076 51.
426 3021 841 3075 Verumtamen
873 3036 945 3075 ea
986 3020 1190 3092 opinio
1226 3018 1527 3091 displicuit
1571 3018 1882 3077 Tillemon-
1912 3046 1954 3104 ρ

240 3109 347 3167 tio:
372 3124 512 3163 nam
526 3108 643 3176 hic,
674 3113 816 3163 nota
830 3112 861 3162 2
888 3108 949 3164 in
961 3108 1296 3166 Matthmum
1307 3151 1320 3177 ,
1335 3107 1589 3178 allegata
1599 3108 1883 3180 opinione

236 3197 484 3255 Cornelii
516 3212 553 3252 a
577 3195 812 3267 Lepide,
830 3212 1011 3268 quam
1037 3195 1425 3253 Florentinius
1437 3196 1630 3252 retulit
1660 3197 1878 3269 potius,

235 3302 422 3359 quam
456 3290 692 3341 secutus
722 3290 828 3351 est,
860 3286 1114 3341 rotunde
1143 3284 1321 3342 edicit
1369 3300 1491 3341 non
1522 3285 1883 3357 prmdicasse

237 3380 509 3430 sanctum
543 3373 875 3430 Matthmum
925 3372 987 3428 in
1034 3371 1335 3445 Ethiopia
1389 3372 1880 3445 septemtrionali.

237 3460 513 3519 Bailletus
544 3460 792 3517 ﬁdeliter
822 3465 1058 3517 secutus
1098 3466 1186 3517 est
1205 3462 1664 3518 Tillemontium.
1701 3462 1884 3519 Unica

236 3550 549 3622 utriusque
578 3550 748 3615 ratio,
775 3566 966 3623 eaque
1018 3566 1088 3605 ex
1149 3565 1345 3606 errore
1399 3556 1562 3614 nata,
1608 3550 1736 3605 haec
1774 3556 1880 3618 est,

238 3639 402 3712 quod
416 3638 713 3709 )Ethiopia
725 3637 1303 3711 septemtrionalis,et
1326 3640 1572 3711 Egypto
1586 3640 1881 3710 proxima,

240 3742 363 3783 non
387 3727 681 3797 exceperit
700 3724 882 3781 ﬁdem
899 3725 1318 3791 Christianam,
1340 3726 1448 3781 nisi
1464 3726 1684 3783 smculo
1701 3742 1757 3783 ιν
1783 3743 1888 3799 per

244 3817 301 3872 S.
339 3815 764 3870 Frumentium.
820 3814 1110 3870 Promittit
1166 3821 1364 3871 autem
1420 3823 1669 3888 uterque
1716 3816 1777 3871 id
1824 3832 1887 3872 se

241 3907 628 3960 ostensurum
660 3904 720 3959 in
754 3902 883 3958 Vita
919 3903 1108 3959 sancti
1142 3904 1452 3959 Frumenti.
1494 3906 1707 3959 Verum
1766 3920 1887 3961 non

244 3991 457 4048 dubito
478 3991 690 4047 eadem
720 3990 1006 4047 brevitate
1040 3991 1418 4063 respondere,
1451 4008 1521 4047 ex
1557 3992 1686 4049 sola
1719 3993 1888 4063 igno-

244 4078 441 4136 rantia
461 4085 517 4135 et
533 4095 730 4135 errore
763 4080 1090 4152 profectam
1120 4096 1248 4135 esse
1274 4084 1584 4153 utriusque
1606 4082 1886 4151 objectio-

244 4184 407 4237 nem,
447 4167 612 4240 quod
652 4183 904 4238 regnum
931 4168 1296 4224 Habessinias
1335 4169 1712 4224 confuderint
1752 4184 1886 4223 cum

246 4254 539 4327 Ethiopia
580 4255 1096 4328 septemtrionali;
1146 4256 1459 4311 historiam
1509 4270 1649 4309 vero
1703 4253 1891 4309 sancti

1985 1780 2156 1847 tium,
2217 1787 2361 1838 tom.
2396 1784 2430 1846 i,
2485 1799 2624 1855 pag.
2683 1787 2807 1853 315,
2851 1785 3189 1841 ostenditur
3243 1789 3637 1846 Frumentium

1986 1870 2171 1927 fuisse
2195 1872 2545 1943 episcopum
2571 1874 3039 1930 Auxumitanum
3063 1874 3186 1931 sive
3211 1876 3638 1934 Axumitanum

1985 1960 2048 2015 in
2106 1958 2416 2033 Ethiopia.
2473 1963 2577 2017 Per
2622 1960 2798 2017 ludos
2847 1961 3028 2032 igitur
3085 1962 3450 2033 intelligendi
3502 1969 3641 2022 sunt

1986 2048 2302 2121 Ethiopes,
2335 2054 2392 2104 et
2420 2050 2820 2121 consequitur,
2855 2056 2918 2105 ut
2958 2049 3053 2106 his
3087 2050 3271 2107 ﬁdem
3326 2067 3637 2125 nunquam

1987 2142 2126 2193 ante
2156 2136 2444 2192 smculum
2474 2153 2533 2194 iv
2562 2138 2946 2210 praedicatam
2997 2137 3182 2194 fuisse
3206 2139 3505 2196 dicamus.
3539 2142 3642 2196 Re-

1990 2225 2259 2298 spondeo
2292 2230 2479 2281 totum
2501 2226 2615 2281 hoc
2633 2225 3005 2282 ratiocinium
3032 2226 3335 2283 tolerabile
3352 2227 3638 2292 futurum,

1989 2314 2038 2369 si
2073 2323 2301 2369 Axuma
2326 2320 2477 2369 esset
2504 2314 2563 2369 in
2589 2312 2885 2386 Ethiopia
2914 2315 3402 2387 septemtrionali.
3427 2317 3639 2372 Verum

1990 2408 2225 2459 Axuma
2253 2408 2338 2459 est
2368 2402 2429 2457 in
2465 2401 2830 2468 Habessinia,
2873 2403 3046 2475 cujus
3096 2402 3240 2459 olim
3269 2402 3380 2460 fuit
3424 2409 3639 2462 metro-

1990 2489 2171 2562 polis,
2200 2505 2309 2545 nec
2338 2495 2425 2546 est
2454 2491 2513 2545 in
2541 2490 3207 2562 parteseptemtrionali
3235 2490 3542 2563 Ethiopas,
3564 2492 3640 2551 de

1990 2593 2114 2651 qua
2132 2577 2531 2650 disputamus.
2564 2580 2771 2634 Totum
2802 2593 3048 2648 regnum
3097 2579 3342 2646 Sennar,
3375 2584 3437 2637 ut
3461 2579 3640 2636 hodie

1988 2671 2258 2727 vocatur.
2287 2668 2409 2722 sive
2438 2666 2737 2724 Nubiense
2784 2682 3059 2739 regnum,
3094 2672 3197 2723 aut
3252 2682 3505 2737 regnum
3534 2670 3642 2726 Me-

1991 2771 2143 2819 roes,
2174 2755 2272 2810 ubi
2303 2755 2441 2810 olim
2474 2755 2679 2827 regina
2693 2756 2966 2812 Candace
2989 2754 3104 2811 late
3120 2755 3477 2828 imperabat,
3494 2756 3643 2813 inter

1992 2841 2317 2913 Egyptum
2348 2849 2404 2898 et
2450 2850 2825 2899 Auxumense
2863 2843 2957 2899 vel
3006 2848 3348 2899 Axumense
3389 2859 3639 2914 regnum

1992 2934 2083 2985 est
2112 2929 2551 2995 intermedium,
2584 2931 2734 2987 sicut
2761 2931 2944 2987 modo
2983 2946 3235 3001 regnum
3268 2934 3494 2990 Sennar
3531 2932 3643 2989 Ha-

1991 3017 2318 3073 bessiniam
2363 3019 2513 3073 inter
2534 3025 2589 3075 et
2613 3019 2931 3092 Egyptum
2940 3021 3113 3090 jacet.
3135 3022 3506 3093 Quapropter
3528 3021 3641 3079 tale

1991 3113 2081 3163 est
2107 3108 2355 3162 omnino
2372 3113 2791 3175 argumentum
2807 3109 3184 3173 Tillemontii,
3216 3126 3284 3165 ac
3299 3110 3344 3164 si
3357 3109 3493 3181 quis
3509 3125 3642 3181 pro-

1992 3195 2192 3252 basset
2219 3194 2401 3249 ﬁdem
2439 3208 2558 3249 non
2588 3193 2768 3250 fuisse
2799 3196 3185 3267 praedicatam
3208 3197 3267 3252 in
3301 3198 3481 3253 Frisia
3504 3204 3641 3255 ante

1992 3284 2276 3339 saeculum
2307 3298 2406 3347 vu,
2438 3281 2697 3356 indeque
2745 3282 2959 3339 inferre
2982 3283 3156 3340 vellet
3200 3289 3478 3340 eamdem
3519 3300 3640 3344 non

1995 3371 2174 3428 fuisse
2204 3375 2339 3427 ante
2365 3370 2591 3427 dictum
2619 3371 2903 3427 seculum
2931 3371 2989 3427 in
3017 3371 3210 3428 Gallia
3232 3372 3637 3445 praedicatam.

1994 3460 2599 3532 PrincepsAuxumas,
2633 3460 2795 3531 apud
2810 3476 2993 3532 quem
3028 3464 3296 3533 tempore
3322 3461 3643 3519 Constantii

1994 3555 2049 3605 et
2079 3547 2385 3604 Athanasii
2398 3547 2579 3603 fidem
2610 3548 3218 3620 prmdicavitsanctus
3243 3550 3640 3617 Frumentius,

1996 3642 2226 3711 poterat
2241 3636 2485 3708 quidem
2500 3651 2709 3707 pacem
2724 3652 2859 3692 cum
2873 3636 3155 3692 Romanis
3170 3642 3273 3692 aut
3301 3635 3645 3694 inimicitias

1997 3740 2284 3788 exercere,
2316 3724 2455 3795 quia
2495 3723 2924 3780 dominabatur
2945 3724 3022 3780 ad
3055 3723 3250 3781 sinum
3281 3724 3641 3793 Arabicum;

1996 3814 2100 3870 sed
2127 3813 2273 3868 alias
2304 3812 2480 3881 longe
2509 3811 2717 3867 aberat
2746 3827 2783 3867 a
2811 3810 3032 3867 ﬁnibus
3062 3812 3295 3884 imperii
3353 3814 3642 3882 Romani;

1996 3902 2098 3959 sed
2125 3903 2254 3957 hac
2278 3900 2452 3957 latius
2478 3899 2885 3956 examinanda
2909 3900 3151 3955 venient
3181 3901 3241 3956 in
3267 3905 3478 3957 sancto
3510 3903 3647 3958 Fru-

2000 3990 2220 4046 mentio
2240 3988 2319 4045 ad
2348 3988 2415 4042 27
2447 3988 2738 4053 Octobris,
2802 3986 2905 4042 ubi
2956 3986 3131 4043 simul
3180 3988 3529 4059 inquiretur,
3568 4004 3646 4047 an

1998 4076 2338 4132 rectelndia
2366 4080 2579 4129 vocata
2607 4073 2783 4128 fuerit
2810 4076 2975 4144 regio
3031 4089 3137 4146 per
3174 4080 3451 4133 sanctum
3514 4078 3651 4134 Fru-

1999 4163 2286 4219 mentium
2312 4175 2618 4215 conversa.

2072 4254 2159 4306 53.
2212 4247 2383 4314 Quod
2435 4252 2859 4317 argumentum
2910 4248 3262 4305 Tillemontii
3323 4255 3649 4324 utcumque

246 4344 569 4401 Frumentii
603 4344 751 4400 adeo
793 4360 915 4399 non
935 4344 1173 4397 obstare
1205 4344 1389 4398 sancti
1410 4340 1879 4415 Matthmiprasdi-
1927 4353 1970 4408 D
1990 4336 2238 4406 evincit,
2261 4341 2317 4393 et
2346 4336 2521 4392 latius
2537 4336 2744 4407 probat
2766 4335 2952 4392 Jobus
2984 4336 3266 4394 Ludolfus
3295 4339 3355 4395 in
3398 4340 3652 4399 Historia

247 4432 467 4488 cationi
487 4432 546 4486 in
581 4432 875 4503 Ethiopia
909 4430 1392 4501 septemtrionali,
1428 4434 1489 4484 ut
1534 4430 1728 4501 potius
1767 4430 1896 4488 haec

248 4518 598 4592 prmdicatio
628 4516 1010 4574 verisimilior
1042 4516 1144 4573 ﬁat
1174 4533 1244 4573 ex
1278 4518 1375 4574 illa
1415 4518 1676 4574 historia.
1713 4520 1896 4574 Prius-

251 4622 437 4680 quam
471 4613 669 4662 tamen
696 4612 1114 4677 argumentum
1144 4605 1333 4678 ipsius
1357 4606 1701 4674 discutiam,
1734 4606 1899 4664 lubet

253 4694 466 4768 paucis
495 4692 810 4749 ostendere
831 4709 1014 4765 quam
1029 4693 1172 4748 belle
1194 4709 1400 4750 secum
1430 4695 1558 4766 ipse
1578 4694 1894 4752 cohaereat.

253 4781 695 4847 Tillemontius,
719 4786 863 4837 tom.
889 4781 935 4836 ll
954 4781 1015 4837 in
1044 4782 1384 4856 S.Philippo
1407 4782 1684 4849 diacono,
1714 4798 1896 4855 expo-

251 4873 340 4929 nit
359 4877 525 4940 gesta
544 4870 800 4926 eunuchi
820 4869 1377 4941 reginaCandaces,
1398 4887 1579 4943 quem
1595 4870 1899 4943 Philippus

253 4959 546 5016 diaconus
570 4959 751 5015 ﬁdem
804 4957 1194 5015 Christianam
1221 4958 1422 5015 docuit
1474 4964 1529 5015 et
1556 4959 1898 5032 baptizavit.

257 5050 384 5104 Act.
404 5050 455 5103 8.
482 5048 707 5103 Laudat
728 5046 809 5102 ibi
824 5051 1095 5102 sanctum
1116 5050 1422 5114 Irenaeum,
1441 5047 1629 5113 lib.iii,
1658 5064 1792 5120 cap.
1816 5052 1900 5115 l2,

261 5142 537 5193 sanctum
575 5134 855 5210 Cyrillum
888 5134 1482 5208 Hierosolymitanum
1516 5138 1637 5194 Cat.
1678 5137 1757 5201 t7,
1780 5137 1906 5192 Hie-

257 5241 578 5298 ronymum
590 5266 603 5288 ,
626 5224 937 5280 Eusebium
955 5223 1238 5297 aliosque,
1254 5223 1549 5290 docentes,
1563 5225 1903 5280 eunuchum

258 5315 429 5371 illum
444 5315 504 5369 in
527 5311 884 5384 [Ethiopiam
908 5310 1087 5366 fuisse
1098 5314 1344 5367 missum
1359 5312 1434 5368 ad
1456 5311 1908 5384 praedicandum

265 5401 651 5472 Evangelium
682 5418 696 5469 ;
726 5400 915 5473 iisque
943 5400 1280 5465 assentitur,
1309 5404 1414 5455 aut
1440 5407 1593 5457 certe
1623 5416 1745 5456 non
1772 5415 1911 5457 con-

261 5491 505 5548 tradicit
532 5489 958 5547 Tillemontius.
1006 5488 1183 5563 Atqui
1233 5495 1461 5546 certum
1499 5497 1604 5557 est,
1657 5503 1910 5563 regnum

2001 4425 2334 4498 Ethiopica
2372 4424 2494 4480 sive
2512 4424 2679 4493 regni
2708 4424 3195 4492 Habessinorum,
3212 4425 3311 4482 lib.
3331 4442 3413 4494 ιιι,
3435 4442 3568 4500 cap.
3595 4432 3649 4494 2,

2002 4516 2184 4572 ﬁdem
2201 4512 2554 4585 Apostoloru
2565 4528 2622 4567 m
2640 4517 2753 4568 tem
2762 4528 2903 4584 pore
2923 4513 3310 4584 prmdicatam
3324 4530 3444 4571 non
3471 4514 3651 4572 fuisse

2004 4604 2065 4659 in
2084 4617 2270 4672 regno
2300 4599 2757 4657 Auxumitarum
2789 4600 2915 4656 sive
2946 4600 3436 4668 Habessinorum,
3462 4604 3654 4674 magis

2005 4690 2372 4747 verisimilem
2386 4687 2524 4744 facit
2543 4688 3012 4760 praedicationem
3033 4690 3343 4747 S.Mattha3i
3362 4690 3421 4747 in
3440 4688 3655 4748 Ethio-

2007 4781 2107 4852 pia
2121 4779 2373 4851 lEgypto
2404 4777 2794 4832 contermina.
2825 4775 2968 4832 Hinc
2983 4776 3261 4835 laudatus
3290 4777 3573 4834 Ludolfus
3595 4778 3655 4833 in

2009 4866 2314 4924 Annotatis
2344 4865 2420 4921 ad
2445 4864 2547 4920 lib.
2578 4879 2657 4929 ut,
2700 4879 2841 4935 cap.
2880 4869 2933 4928 2,
2958 4879 3097 4935 pag.
3127 4868 3232 4921 280
3284 4880 3357 4921 ex
3401 4865 3660 4923 Historia

2009 4954 2349 5027 Ethiopica
2375 4952 2727 5009 Balthasaris
2776 4951 3020 5016 Tellezii,
3055 4967 3241 5024 quam
3308 4952 3661 5025 frequentis-

2011 5046 2158 5102 sime
2176 5045 2400 5109 laudat,
2425 5041 2553 5098 hsec
2568 5040 2879 5097 adducitet
2905 5040 3173 5112 sequitur
3194 5041 3408 5100 verba:
3441 5064 3468 5097 ι
3487 5043 3659 5108 Quod

2013 5132 2282 5190 nonnulli
2323 5131 2522 5187 dicunt
2561 5135 2834 5186 sanctum
2881 5129 3219 5186 Mamurium
3272 5130 3658 5203 Evangelium

2012 5221 2359 5294 predicasse
2398 5218 2457 5274 in
2469 5216 2790 5287 Ethiopia,
2819 5232 2912 5272 res
2940 5220 3091 5273 inter
3122 5217 3479 5275 Habessinos
3510 5235 3661 5277 nova

2014 5316 2124 5379 est,
2150 5315 2207 5365 et
2237 5307 2625 5364 fundamento
2654 5310 2833 5361 caret.
2860 5306 3007 5361 Cum
3033 5304 3290 5376 religiosi
3323 5307 3507 5363 nostri
3538 5307 3657 5365 illis

2016 5415 2086 5455 ex
2127 5396 2383 5453 historiis
2413 5394 2631 5449 nostris
2665 5393 2725 5449 id
2766 5399 3094 5460 narrarent,
3128 5395 3561 5465 responderunt
3582 5395 3661 5467 (et

2016 5486 2264 5561 quidem
2289 5487 2466 5549 recte,
2490 5483 2574 5539 ait
2594 5481 2907 5556 Ludolfus)
2931 5481 3513 5555 hocintelligendum
3537 5498 3668 5543 esse
