4124 6270
564 270 671 324 783

1897 253 2156 311 MENSIS
2197 251 2470 308 SEPTEM
2482 250 2641 308 BER.

3875 249 3980 304 784

564 395 639 450 de
671 389 1237 464 Ethiopiainferiori
1261 385 1579 460 (scilicetet
1601 382 1834 456 proprie
1851 379 2206 451 dicta,addit
2237 379 2277 432 A
2320 379 2695 464 Fortunatus,
2731 373 3071 464 Eu_cheriu_s,
3093 369 3570 464 Ado,_thuardus
3593 370 3979 464 etRabanus,

565 478 871 549 Ludoltus)
903 494 1034 548 qua
1089 475 1422 532 extenditur
1459 490 1494 529 a
1537 476 1851 544 Suaquena
1892 484 2082 540 usque
2147 467 2205 522 in

565 564 1399 640 )Egyptumﬂuandoquidem
1417 562 1632 616 nullam
1652 575 1916 632 unquam
1934 555 2205 613 notitiam

565 657 804 724 habent,
840 654 1002 726 quod
1030 660 1269 708 sanctus
1294 646 2029 719 Matthausautapostolus
2053 644 2205 700 alius

563 743 970 800 Habessiniam
992 741 1290 796 intraverit
1309 740 1465 810 (ante
1488 733 2202 796 sanctumFrumentium,

562 839 624 888 ut
653 847 889 887 rursum
923 830 1087 884 addit
1147 827 1452 899 Ludolfus)
1486 826 1562 881 uti
1623 829 1782 880 certo
1833 824 2048 878 docent
2071 819 2205 876 libri

561 921 792 976 illorum
827 925 1003 990 atque
1032 917 1134 970 viri
1154 917 1388 971 illorum
1410 914 1586 978 docti,
1613 912 1717 985 qui
1752 912 2010 966 maxime
2036 907 2206 978 gnari

562 1007 985 1062 sibi-videntur
1011 1021 1138 1060 esse
1179 1003 1568 1075 antiquitatis.
1595 1025 1622 1052 ››
1652 999 1859 1057 Subdit
1885 997 2200 1054 Ludolfus:

560 1120 587 1146 ‹‹
623 1097 889 1151 Proxime
924 1094 1104 1162 igitur
1135 1093 1210 1147 ad
1263 1093 1564 1146 veritatem
1607 1089 1886 1144 accedere
1929 1087 2206 1140 videntur

560 1185 620 1251 ii,
655 1183 752 1255 qui
788 1183 989 1238 Nubia
1005 1180 1456 1236 conversionem
1474 1178 1742 1233 Matthao
1767 1175 2037 1245 apostolo
2062 1173 2205 1227 assi-

561 1282 1062 1343 gnaverunt,qua
1094 1268 1336 1323 indubie
1364 1265 1669 1336 Ethiopia
1697 1265 1955 1335 antiqua
1987 1265 2045 1317 et
2075 1276 2205 1331 pro-

563 1362 685 1433 prie
725 1361 894 1415 dicta
923 1375 1060 1429 pars
1092 1361 1198 1412 est.
1231 1377 1256 1406 »
1291 1358 1366 1410 Ex
1395 1356 1552 1410 hisce
1575 1353 1750 1422 igitur
1772 1352 1972 1423 liquet,
1998 1350 2205 1405 rEthio-

559 1449 722 1520 piam
781 1447 1034 1518 lEgypto
1085 1447 1444 1516 proximam,
1484 1459 1620 1514 qua
1662 1441 1905 1496 nomine
1949 1438 2205 1494 maxime

561 1536 802 1608 proprio
829 1533 1124 1604 Ethiopia
1159 1532 1264 1587 fuit
1301 1533 1456 1587 dicta
1515 1536 1773 1601 tempore
1827 1527 2014 1583 sancti
2075 1529 2205 1583 Mat-

560 1625 716 1689 thai,
752 1629 806 1677 et
841 1623 937 1676 ubi
971 1621 1177 1676 incola
1209 1621 1378 1689 nigro
1407 1626 1543 1674 sunt
1568 1618 1761 1674 colore
1795 1618 1986 1685 magis
2018 1631 2201 1687 quam

2315 465 2642 520 Matthaum
2687 463 2744 516 in
2772 461 3068 531 fEthiOpia
3099 460 3459 530 pradicasse
3492 459 3758 525 tradunt,
3793 460 3979 532 idque

2313 550 2869 623 probabilissimum
2911 553 3075 619 puto,
3107 549 3156 602 si
3189 562 3311 602 non
3337 549 3516 602 etiam
3544 547 3819 603 historice
3857 565 3976 604 cer-

2315 644 2440 693 tum
2484 638 2682 694 dicere
2713 641 3002 709 oporteat.

2387 733 2472 784 55.
2501 730 2917 782 Verumtamen
2961 725 3347 780 nominantur
3373 729 3428 778 et
3460 723 3591 779 alia
3624 725 3970 796 provincia,

2315 819 2370 874 in
2404 817 2625 888 quibus
2655 815 3190 888 pradicaverit,aut
3221 817 3470 868 mortem
3499 813 3708 868 obierit
3729 821 3973 869 sanctus

2314 908 2642 963 Matthaus.
2662 905 2721 960 S.
2747 904 3174 960 Ambrosiusin
3206 905 3508 959 Psalmum
3537 919 3669 966 va,
3692 919 3860 958 num.
3884 905 3966 968 20,

2314 996 2412 1060 ait,
2444 996 2712 1050 Matthao
2743 995 3004 1049 Persiam
3039 992 3322 1064 patuisse,
3359 999 3413 1045 et
3439 993 3680 1047 Thoma
3717 994 3968 1060 Indiam,

2315 1083 2625 1138 insinuans
2665 1083 2840 1137 ﬁdem
2865 1101 2900 1137 a
2933 1090 3142 1136 sancto
3168 1082 3438 1137 Matthao
3471 1082 3525 1136 in
3560 1081 3798 1136 Perside
3827 1098 3968 1152 pra-

2314 1173 2596 1226 dicatam.
2637 1173 2884 1226 Sanctus
2914 1171 3190 1226 Paulinus
3219 1171 3478 1225 Nolanus
3511 1171 3571 1225 in
3601 1173 3882 1226 Poemate
3906 1174 3966 1228 19

2314 1260 2430 1315 ait:
2479 1280 2506 1312 (ι
2539 1259 2769 1314 Parthia
2801 1260 3146 1315 Matthaum
3178 1259 3605 1330 complectitur.
3642 1276 3672 1313 ι)
3697 1262 3962 1316 Consen-

2314 1349 2886 1420 tiuntMartyrologia
2905 1350 3365 1420 Hieronymiana
3379 1348 3619 1403 inferius
3635 1348 3963 1414 laudanda,

2314 1438 2372 1492 in
2403 1439 2626 1509 quibus
2649 1453 2811 1492 mors
2837 1437 3025 1492 sancti
3042 1438 3097 1491 in
3132 1436 3364 1492 Perside
3389 1436 3733 1506 ﬁgitur.Alii
3769 1437 3964 1492 viden-

2315 1528 2408 1580 tur
2434 1525 2627 1580 dicere
2660 1527 2716 1581 in
2746 1525 2986 1581 Parthia
3026 1531 3295 1580 sanctum
3325 1541 3454 1580 esse
3487 1529 3793 1580 mortuum
3824 1542 3838 1589 ;
3867 1526 3959 1580 sed

2314 1613 2741 1669 censendisunt
2764 1614 3065 1669 Parthiam
3094 1631 3209 1669 non
3235 1614 3574 1669 distinxisse
3595 1630 3630 1668 a
3655 1617 3960 1670 Persarum

559 1711 616 1766 in
650 1710 1022 1772 Habessinia,
1048 1708 1204 1763 nullo
1230 1713 1584 1776 argumento
1625 1706 1930 1761 exclusam
1963 1704 2144 1760 fuisse
2169 1719 2203 1759 a
2238 1718 2282 1774 Β
2311 1702 2583 1774 imperio,
2615 1704 2777 1776 quod
2813 1703 3005 1759 Parthi
3070 1707 3327 1773 tempore
3377 1703 3623 1758 Matthai
3687 1702 3954 1759 domina-

559 1799 980 1872 pradicatione
1007 1796 1187 1851 sancti
1231 1796 1502 1851 Matthai.

629 1887 718 1943 54.
752 1890 927 1942 Porro
953 1884 1310 1956 Ethiopiam
1345 1883 1521 1938 fuisse
1552 1898 1905 1938 conversam
1936 1881 2039 1936 diu
2066 1885 2201 1937 ante

558 1974 869 2032 concilium
893 1975 1214 2036 Nicanum,
1248 1972 1477 2026 videtur
1499 1969 1741 2043 probari
1767 1987 1834 2025 ex
1869 1969 2202 2025 canonibus

560 2063 823 2119 Arabicis
862 2061 1342 2127 conciliiNicani,
1372 2076 1518 2133 quos
1543 2060 1836 2115 habemus
1863 2058 2023 2130 apud
2055 2057 2202 2114 Lab-

557 2151 737 2207 beum
779 2157 920 2205 tom.
964 2149 1449 2216 IIConciliorum;
1514 2164 1654 2203 nam
1683 2148 1740 2202 in
1790 2146 1880 2200 his
1946 2162 2076 2218 cap.
2111 2147 2198 2212 36,

557 2239 670 2296 col.
702 2239 823 2301 302,
881 2239 962 2292 ita
1002 2238 1250 2307 legitur:
1311 2258 1338 2287 «
1372 2236 1444 2290 Ut
1492 2252 1610 2291 non
1636 2237 1862 2308 possint
1902 2233 2200 2305 )Ethiopes

557 2343 756 2385 creare
778 2342 884 2382 nec
901 2327 1112 2395 eligere
1136 2323 1532 2396 patriarcham
1558 2343 1570 2392 ;
1605 2323 1752 2396 quin
1779 2323 1971 2395 potius
1992 2337 2199 2378 eorum

557 2416 834 2489 pralatus
875 2415 988 2469 sub
1016 2418 1302 2486 potestate
1350 2412 1482 2484 ejus
1511 2412 1604 2476 sit,
1643 2413 1745 2482 qui
1803 2415 1962 2466 tenet
1996 2411 2198 2465 sedem

557 2504 940 2561 Alexandria.
969 2503 1050 2560 Sit
1087 2508 1285 2557 tamen
1317 2501 1479 2573 apud
1521 2517 1620 2555 eos
1652 2501 1781 2554 loco
1821 2498 2196 2571 patriarcha,

558 2598 615 2649 et
649 2591 978 2665 appelletur
1029 2590 1380 2646 catholicus.
1422 2589 1547 2644 Non
1605 2594 1800 2643 tamen
1843 2588 1939 2657 jus
1979 2587 2202 2642 habeat

559 2680 950 2738 constituendi
982 2679 1484 2751 archiepiscopos,
1519 2684 1580 2732 ut
1611 2677 1787 2732 habet
1818 2675 2196 2748 patriarcha:

558 2769 853 2842 siquidem
881 2784 1000 2824 non
1034 2767 1213 2823 habet
1248 2766 1592 2838 patriarcha
1631 2766 1920 2821 honorem
1950 2780 2057 2819 nec
2093 2778 2198 2835 po-

559 2863 847 2914 testatem.
883 2856 1052 2922 Quod
1085 2857 1129 2910 si
1162 2855 1437 2911 acciderit
1474 2860 1534 2909 ut
1573 2853 1890 2909 concilium
1931 2852 1988 2906 in
2049 2854 2196 2908 Gra-

558 2947 648 3002 cia
676 2946 988 3009 habeatur,
1065 2944 1357 3016 fueritque
1410 2958 1672 3014 prasens
1754 2941 1848 2996 hic
1916 2939 2196 3012 pralatus

559 3034 916 3106 Ethiopum,
958 3032 1176 3088 habeat
1191 3032 1508 3104 septimum
1525 3030 1721 3086 locum
1742 3035 1870 3100 post
1885 3030 2195 3101 pralatum

557 3125 853 3182 Seleucia.
891 3126 953 3178 Et
1004 3123 1250 3195 quando
1289 3122 1444 3178 facta
1485 3120 1656 3176 fuerit
1685 3120 1736 3176 ei
1769 3125 2030 3193 potestas
2061 3136 2199 3175 con-

557 3211 834 3268 stituendi
863 3211 1339 3283 archiepiscopos
1357 3211 1415 3266 in
1439 3210 1743 3283 provincia
1769 3226 1895 3278 sua,
1923 3225 2039 3264 non
2062 3209 2196 3264 lice-

553 3300 640 3358 bit
665 3300 740 3356 illi
771 3301 1127 3356 constituere
1158 3299 1416 3371 aliquem
1455 3315 1525 3354 ex
1554 3297 1666 3352 illis
1696 3314 1707 3350 :
1753 3303 1806 3352 et
1830 3297 2196 3369 quicumque

555 3405 674 3444 non
707 3389 989 3460 paruerit,
1018 3387 1285 3460 synodus
1317 3403 1452 3441 eum
1494 3385 1997 3441 excommunicat.
2029 3405 2055 3432 ››
2088 3387 2198 3440 No-

554 3477 659 3534 lim
683 3482 882 3532 tamen
901 3476 1275 3539 contendere,
1303 3477 1460 3532 hunc
1477 3491 1769 3531 canonem
1785 3473 1960 3529 fuisse
1975 3473 2196 3528 factum

555 3582 591 3621 a
605 3565 854 3621 concilio
875 3564 1109 3620 Nicano
1130 3581 1143 3630 ;
1164 3580 1297 3618 cum
1314 3580 1432 3619 non
1456 3565 1748 3632 ignorem,
1765 3578 2026 3618 canones
2059 3568 2196 3617 Ara-

556 3655 722 3710 bicos
761 3653 839 3707 ab
867 3652 1112 3706 eruditis
1139 3653 1361 3723 passim
1389 3653 1570 3722 rejici.
1605 3653 1668 3705 Id
1703 3667 1888 3706 unum
1921 3651 2194 3716 observo,

557 3755 873 3804 canonem,
900 3739 945 3791 si
975 3738 1122 3810 quid
1149 3740 1322 3805 valet,
1373 3740 1543 3793 unice
1599 3739 1792 3793 valere
1846 3754 1952 3808 pro
1982 3739 2191 3804 Nubia,

557 3829 678 3884 sive
706 3843 813 3898 pro
843 3825 1144 3896 zEthiopia
1174 3825 1321 3880 inter
1353 3825 1759 3880 Habessiniam
1793 3832 1847 3880 et
1880 3829 2194 3897 .Egyptum

559 3916 776 3970 media.
811 3913 1090 3969 Attulerat
1111 3913 1390 3968 eumdem
1413 3912 1691 3968 Ludolfus
1719 3916 1774 3968 in
1808 3913 2059 3969 Historia
2087 3931 2196 3969 sua

558 4005 634 4061 ad
666 4003 1116 4059 conversionem
1151 4002 1512 4057 Habessinia
1541 4002 2069 4072 probandamgsed
2095 4019 2188 4074 po-

558 4098 682 4147 stea
712 4093 770 4146 in
803 4092 1111 4147 Adnotatis
1143 4105 1282 4162 pag.
1319 4094 1423 4145 282
1459 4090 1596 4145 vidit
1635 4095 1692 4144 et
1733 4090 2020 4146 indicavit
2055 4107 2194 4147 ana-

556 4181 985 4245 chronismum,
1019 4197 1153 4234 cum
1199 4178 1725 4234 Habessiniafuerit
1751 4196 2036 4236 conversa
2063 4187 2195 4251 post

556 4269 873 4325 concilium
919 4269 1240 4334 Nicanum,
1276 4275 1334 4322 ut
1363 4269 1488 4338 ipse
1521 4269 1790 4337 agnoscit
1844 4270 2192 4340 Lequienus,

554 4363 696 4412 tom.
731 4357 772 4410 II
815 4357 1062 4412 Orientis
1096 4357 1422 4423 Christiani,
1452 4372 1586 4427 pag.
1628 4358 1720 4410 641
1752 4357 2029 4411 eumdem
2063 4374 2194 4429 pro-

553 4445 714 4500 ducit
735 4458 1025 4498 canonem
1067 4457 1173 4512 pro
1205 4443 1587 4497 conversione
1620 4444 2105 4513 Habessinorum,
2140 4453 2194 4500 et

553 4531 648 4587 vel
680 4531 764 4585 sic
791 4547 998 4586 eorum
1055 4532 1503 4585 conversionem
1541 4532 1809 4586 attribuit
1859 4535 2192 4589 Frumentio

551 4626 685 4693 post
710 4618 1025 4675 concilium
1056 4619 1357 4674 Nicanum
1388 4619 1679 4674 ordinato.
1721 4623 1932 4676 Verum
1989 4623 2193 4695 nequit

551 4725 659 4780 pro
691 4708 942 4765 aliorum
971 4705 1315 4777 Ethiopum
1348 4707 1464 4761 ﬁde
1505 4723 1698 4762 canon
1725 4708 1816 4763 ille
1873 4709 2114 4778 adduci,
2144 4712 2188 4766 si

551 4799 821 4853 Nicanus
862 4795 1154 4858 credatur,
1187 4811 1372 4866 quam
1405 4811 1512 4867 pro
1537 4795 1912 4869 IEthiopibus
1937 4799 2189 4873 rEgypto

549 4884 856 4956 proximis,
886 4888 940 4938 et
987 4899 1056 4938 eo
1083 4883 1322 4938 nomine
1351 4884 1606 4938 maxime
1646 4886 1797 4939 notis
1828 4887 1988 4957 apud
2041 4890 2186 4944 anti-

519 4989 722 5045 quos.
755 4975 866 5027 Hos
893 4976 1092 5026 autem
1119 4971 1259 5025 olim
1307 4972 1483 5026 fuisse
1533 4973 1892 5029 Christianos
1935 4982 2182 5044 constat,

547 5077 654 5116 nec
686 5061 824 5116 satis
850 5060 1120 5124 innotuit,
1173 5075 1206 5113 a
1237 5075 1358 5131 quo
1397 5059 1612 5115 fuerint
1650 5063 1936 5119 conversi.
1996 5066 2188 5120 Eunu-

544 5147 724 5201 chum
766 5148 980 5216 regina
1039 5147 1365 5212 Candaces,
1402 5163 1534 5219 qua
1566 5155 1721 5203 certo
1755 5150 1811 5204 in
1869 5150 1967 5206 illa
2025 5159 2184 5222 parte

544 5231 853 5302 Ethiopia
893 5234 1182 5302 regnavit,
1233 5237 1425 5290 Patres
1467 5235 1632 5290 multi
1687 5236 1906 5291 ibidem
1959 5238 2183 5294 faciunt

544 5318 887 5389 apostolum
925 5340 936 5372 :
967 5327 1026 5374 at
1055 5326 1208 5376 certe
1249 5324 1557 5378 eunuchus
1583 5323 1676 5378 ille
1709 5325 1886 5388 solus,
1921 5342 2050 5380 cum
2080 5327 2183 5381 lai-

541 5421 647 5462 cus
671 5411 846 5468 esset,
871 5407 1148 5462 ecclesias
1180 5409 1261 5463 ibi
1293 5410 1590 5467 instituere
1644 5429 1760 5468 non
1795 5414 1998 5484 potuit.
2031 5416 2182 5469 Ruti-

539 5507 659 5550 nus
689 5496 746 5547 et
783 5492 1071 5558 Socrates,
1112 5495 1332 5566 quibus
1365 5503 1739 5557 consentiunt
1778 5504 1833 5558 S.
1867 5501 2180 5574 Gregorius

2310 1798 2530 1846 rentur.
2551 1790 2852 1846 Indiculus
2877 1790 3173 1862 Hippolyti
3202 1791 3351 1861 apud
3371 1790 3798 1846 Combeﬁsium
3828 1798 3959 1847 tom-

2312 1880 2398 1947 IIl,
2419 1880 2529 1935 col.
2553 1884 2676 1945 831,
2706 1880 2785 1935 ita
2805 1879 2984 1935 habet
3007 1897 3019 1934 :
3051 1900 3078 1932 «
3095 1880 3418 1944 Matthaus,
3437 1896 3563 1935 cum
3583 1880 3955 1948 Evangelium

2313 1969 2592 2024 Hebraice
2607 1968 2961 2040 scripsisset,
2985 1968 3409 2038 Hierosolymis
3431 1968 3632 2033 edidit,
3658 1968 3956 2024 obdormi-

2309 2057 2510 2128 vitque
2542 2057 2761 2112 Hierea
2785 2055 3134 2112 Parthorum
3163 2057 3418 2113 civitate.
3451 2078 3478 2105 η
3511 2059 3720 2111 Verum
3748 2058 3954 2128 exigua

2309 2151 2504 2218 potest
2529 2162 2654 2200 esse
2677 2148 3000 2201 auctoritas
3035 2145 3189 2200 illius
3218 2145 3710 2217 lndiculi,apertis
3733 2146 3952 2218 aliquot

2309 2234 2609 2290 erroribus
2639 2234 2864 2303 fadati,
2900 2235 3070 2305 cujus
3101 2240 3306 2290 auctor
3352 2242 3437 2290 est
3471 2234 3748 2291 incertus.
3787 2236 3951 2292 Addit

2311 2322 2706 2380 Combeﬁsius
2739 2324 2796 2377 in
2825 2324 3132 2378 Annotatis
3165 2339 3176 2376 :
3209 2342 3238 2374 «
3267 2325 3453 2378 Etiam
3480 2324 3814 2380 Dorotheus
3839 2325 3949 2381 Hie-

2306 2411 2494 2483 ropoli
2517 2411 2763 2468 Parthia
2777 2412 2990 2468 obiisse
3017 2413 3210 2467 tradit.
3235 2433 3262 2463 »
3282 2412 3946 2484 Atpseudo-Dorotheus

2307 2500 2494 2554 nihilo
2527 2501 2736 2555 melior
2782 2506 2869 2555 est
2901 2499 3232 2572 Hippolyto.
3279 2501 3659 2573 Freculphus,
3689 2503 3748 2557 in
3783 2503 3940 2558 Chro-

2308 2591 2458 2653 nico,
2492 2589 2592 2643 lib.
2621 2594 2679 2652 ll,
2713 2590 2915 2660 cap.4,
2935 2595 3070 2661 post
3092 2588 3348 2658 elogium
3382 2590 3630 2648 Matthai
3664 2608 3734 2647 ex
3753 2599 3940 2647 sancto

2310 2677 2667 2748 Hieronymo
2699 2677 2906 2733 datum
2947 2679 3075 2733 hac
3115 2678 3279 2733 addit
3307 2697 3318 2736 :
3355 2678 3453 2734 «Is
3486 2681 3748 2751 primum
3777 2681 3830 2735 in
3854 2683 3937 2736 Ju-

2307 2765 2440 2820 daa
2460 2766 2906 2835 evangelizavit,
2941 2767 3320 2837 postmodum
3353 2769 3413 2823 in
3445 2769 3780 2825 Macedonia
3802 2785 3932 2838 pra-

2307 2853 2554 2922 dicavit;
2587 2854 2900 2926 requiescit
2931 2857 2988 2910 in
3015 2856 3318 2912 montibus
3335 2857 3701 2914 Parthorum.
3725 2880 3743 2907 ι
3771 2855 3926 2921 Quod

2306 2942 2378 2997 de
2395 2944 2734 2999 Macedonia
2760 2943 2994 3011 dicitur,
3022 2945 3163 3000 mihi
3197 2961 3317 3001 non
3349 2947 3492 3002 satis
3515 2946 3581 3003 ﬁt
3615 2946 3924 3013 verisimile,

2305 3031 2446 3103 quia
2485 3032 2682 3087 notius
2712 3031 2771 3086 id
2804 3032 3008 3088 fuisset
3037 3033 3269 3100 Gracis,
3303 3036 3348 3089 si
3377 3035 3593 3092 factum
3628 3042 3787 3091 esset.
3828 3038 3928 3091 Ea-

2304 3119 2441 3174 dem
2477 3121 2551 3175 de
2581 3137 2759 3177 causa
2785 3121 3016 3186 dubito,
3049 3139 3122 3177 an
3156 3123 3295 3178 satis
3338 3124 3649 3194 probabilis
3692 3127 3762 3178 sit
3791 3126 3930 3180 Mat-

2305 3207 2437 3262 thai
2468 3209 2806 3278 pradicatio
2830 3211 3120 3281 Hierapoli
3155 3211 3213 3266 in
3255 3214 3446 3285 Syria,
3476 3228 3651 3285 quam
3684 3211 3926 3267 adstruit

2304 3295 2536 3350 Nicetas
2554 3295 2878 3368 Paphlago,
2905 3299 2964 3352 in
2995 3299 3202 3356 eadem
3229 3301 3403 3356 etiam
3439 3301 3580 3356 urbe
3600 3300 3927 3356 defunctum

2303 3383 2590 3439 scribens.

2375 3477 2460 3528 56.
2507 3473 2927 3544 Metaphrastes
2989 3476 3235 3532 Parthos
3311 3477 3711 3550 pradicationi
3760 3477 3932 3550 ipsius

2304 3561 2586 3625 attribuit,
2621 3563 2724 3616 sed
2767 3563 3120 3634 Ethiopian]
3179 3567 3448 3622 ultimam
3495 3567 3636 3623 facit
3665 3567 3934 3638 pradica-

2305 3650 2476 3705 tionis
2507 3650 2751 3706 Matthai
2784 3657 2839 3707 et
2894 3654 3162 3725 martyrii
3194 3655 3553 3725 palastram.
3585 3655 3751 3729 Apud
3783 3663 3933 3711 Asse-

2305 3755 2548 3793 manum
2581 3740 2639 3794 in
2671 3741 3031 3798 Bibliotheca
3062 3744 3364 3806 Orientali,
3415 3751 3555 3800 tom.
3589 3748 3677 3811 III,
3715 3753 3857 3816 part.
3880 3761 3929 3808 ιι,

2305 3842 2442 3898 pag.
2463 3833 2512 3891 5,
2547 3835 2780 3895 Amrus,
2807 3831 3058 3902 scriptor
3086 3833 3282 3887 saculi
3310 3851 3423 3897 xiv,
3458 3834 3525 3888 de
3550 3835 3818 3890 Matthao
3832 3835 3927 3888 ait:

2305 3932 2332 3962 α
2365 3917 2575 3969 Ferunt
2605 3917 2938 3973 Matthaum
2971 3920 3399 3990 evangelistam
3433 3923 3661 3977 Indiam
3686 3923 3928 3995 petiisse,

2303 4002 2501 4074 ibique
2533 4004 2902 4076 praedicasse.
2932 4030 2958 4057 »
3001 4011 3210 4065 Verum
3246 4026 3352 4064 nec
3383 4011 3538 4066 Amri
3565 4011 3721 4066 illius
3749 4018 3929 4067 aucto.

2301 4092 2443 4146 ritas
2470 4097 2632 4147 tanta
2655 4100 2761 4162 est,
2796 4101 2856 4150 ut
2883 4098 3240 4166 persuadere
3265 4099 3430 4154 nobis
3464 4100 3649 4170 possit
3676 4117 3858 4172 usque
3881 4100 3927 4153 in

2304 4180 2521 4235 Indiam
2541 4183 2769 4237 venisse
2785 4191 3050 4238 sanctum
3067 4188 3778 4244 Matthaum.Assemanus
3797 4191 3925 4260 ipse,

2302 4285 2438 4340 pag.
2472 4275 2521 4334 3,
2556 4270 2893 4327 observata
2921 4276 3080 4345 Syris
3122 4280 3177 4330 et
3221 4276 3508 4331 Chaldais
3546 4278 3722 4332 etiam
3744 4291 3930 4332 nume-

2224 4401 2269 4455 D
2304 4358 2418 4412 rari
2449 4359 2784 4415 Matthaum
2820 4362 2969 4415 inter
2998 4363 3298 4431 apostolos
3319 4365 3420 4436 qui
3455 4365 3850 4435 pradicarunt
3879 4366 3927 4418 in

2303 4447 2469 4517 Syria
2483 4448 2832 4505 etChaldaa
2849 4465 2861 4514 ;
2881 4465 2997 4504 non
3017 4457 3211 4505 tamen
3231 4454 3614 4508 annumerari
3630 4452 3928 4526 praecipuis

2301 4533 2533 4590 illarum
2564 4536 3002 4606 provinciarum
3035 4541 3340 4610 apostolis.
3377 4541 3542 4607 Quod
3576 4544 3925 4614 Nicephorus

2299 4638 2435 4677 cum
2459 4624 2683 4678 Menais
2709 4624 3040 4680 Matthaum
3087 4628 3378 4684 Mirmena
3423 4629 3584 4701 apud
3617 4632 3931 4700 Anthropo-

2300 4713 2524 4783 phagos
2542 4711 2622 4766 ait
2641 4713 2994 4784 pradicasse
3014 4720 3068 4770 et
3089 4718 3460 4783 occubuisse,
3487 4718 3583 4774 vix
3604 4719 3802 4774 referri
3823 4734 3928 4773 me-

2296 4806 2472 4870 retur,
2499 4817 2636 4856 cum
2667 4801 2893 4856 oriatur
2922 4817 2992 4857 ex
3015 4803 3257 4859 historia
3283 4804 3555 4862 fabulosa
3581 4811 3636 4862 et
3667 4807 3833 4878 plane
3855 4805 3923 4859 ri-

2295 4889 2511 4945 dicula.
2557 4889 2720 4944 Videt
2761 4892 3060 4946 studiosus
3087 4893 3284 4958 lector,
3318 4900 3614 4966 quantum
3645 4895 3927 4956 existimo,

2295 4979 2494 5032 omnia
2516 4977 2614 5032 illa
2638 4978 2712 5033 de
2755 4980 2998 5034 Matthai
3038 4981 3450 5051 pradicatione
3493 4985 3688 5056 magis
3716 4984 3932 5039 incerta

2293 5081 2444 5134 esse,
2476 5082 2654 5136 quam
2683 5073 2743 5121 ut
2766 5067 2986 5140 aliquid
3016 5073 3142 5123 tuto
3160 5069 3442 5126 aﬁirmari
3466 5074 3655 5143 possit
3689 5090 3702 5138 ;
3738 5073 3931 5144 plures

2293 5159 2488 5208 tamen
2527 5157 2856 5211 consentire
2887 5159 2942 5210 in
2979 5159 3278 5214 Persidem
3306 5168 3405 5214 aut
3443 5162 3767 5227 Parthiam,
3803 5176 3932 5234 qua

2292 5243 2631 5312 provincia,
2665 5243 2795 5299 licet
2827 5246 3116 5302 distincta
3149 5248 3282 5311 sint,
3316 5248 3485 5304 facile
3517 5250 3805 5306 confundi
3842 5267 3934 5321 po-

2293 5337 2542 5392 tuerunt.
2571 5348 2705 5386 cum
2733 5334 2898 5403 quod
2920 5335 3172 5391 invicem
3217 5337 3422 5393 vicina
3454 5339 3588 5402 sint,
3623 5345 3749 5394 tum
3775 5338 3934 5412 quod

2290 5424 2554 5490 tempore
2585 5421 2769 5475 sancti
2808 5423 3055 5477 Matthai
3088 5425 3402 5495 imperium
3431 5434 3588 5482 esset
3609 5429 3778 5498 apud
3814 5432 3938 5483 Par-

2291 5507 2444 5576 thos,
2468 5506 2632 5578 quod
2674 5516 2881 5578 postea
2911 5511 3097 5567 Persa
3128 5522 3496 5584 receperunt.
