4124 6270
230 294 339 350 785

1608 298 1773 356 VITA
1815 300 1875 355 S.
1919 302 2271 365 ΜΑΤΤΗΑΞΙ.

3541 316 3649 372 786

302 424 389 511 87.
422 420 501 475 De
533 419 664 476 loco
692 418 898 511 mortis
925 425 1027 476 aut
1054 424 1321 496 martyrii
1355 441 1475 482 non
1502 426 1699 483 minus
1726 426 1893 483 varia
1922 426 1968 481 A
1999 430 2361 503 Regum,lib.
2386 451 2460 505 ιν,
2480 452 2612 511 cap.
2637 441 2690 505 4,
2716 455 2881 496 num.
2904 444 3274 507 l3,sanctum
3300 439 3643 498 Matthaum

224 516 284 568 et
310 510 567 565 invicem
599 507 893 565 contraria
923 512 1317 582 reperiuntur.
1352 514 1415 569 In
1464 516 1890 587 Martyrologiis
1997 527 2165 576 vocat
2213 522 2517 597 Ethiopia
2548 507 3018 598 pradicatorem.
3052 530 3109 586 8.
3160 528 3487 586 Venantius
3512 531 3644 585 For-

229 597 705 690 Hieronymianis
722 603 983 690 quatuor
1010 598 1223 690 diebus
1248 604 1535 659 memoria
1550 605 1605 659 8.
1640 604 1889 661 Matthai
1996 611 2239 667 tunatus
2256 610 2535 683 Gregorio
2548 597 3108 689 contemporaneus,
3134 617 3237 673 lib.
3254 634 3306 684 v,
3327 634 3459 690 cap.
3494 621 3547 684 2,
3563 618 3643 674 ita

226 686 649 753 annuntiatur;
678 686 783 741 sed
809 686 1049 743 duobus
1080 688 1566 759 locusomittitur,
1601 692 1731 748 aliis
1751 709 1886 749 vero
1993 697 2148 752 canit
2172 715 2184 752 :

221 777 463 833 duobus
480 776 846 846 adjungitur.
865 776 950 831 Ad
974 778 1132 833 hunc
1146 778 1303 835 diem
1332 785 1529 837 textus
1546 781 1880 839 Florentinii
1990 786 2303 863 Matthaas
2332 790 2639 863 xEthiopes
2677 796 3030 863 attemperat
3060 808 3162 851 ore
3186 808 3457 863 vapores,

226 865 309 919 sic
339 864 557 923 habet:
598 884 627 915 «
680 864 742 919 In
787 865 1023 921 Persida
1066 868 1297 924 civitate
1331 871 1614 926 Tarseum
1668 870 1881 926 natalis

227 954 417 1009 sancti
451 952 703 1008 Matthai
737 953 992 1025 apostoli
1031 962 1086 1010 et
1136 956 1592 1026 evangelista.»
1646 963 1706 1014 In
1749 960 1882 1014 Cor—

226 1041 455 1098 beiensi
482 1058 494 1096 :
518 1061 545 1093 «
576 1042 640 1097 In
666 1042 908 1099 Persida
934 1044 1171 1099 civitate
1202 1044 1490 1101 Tarrium.
1528 1067 1555 1098 »
1585 1048 1650 1103 In
1684 1050 1879 1119 Epter-

226 1130 469 1187 nacensi
527 1130 657 1186 aliis
726 1131 1059 1205 antiquiore
1085 1132 1279 1189 solum
1310 1134 1544 1204 legitur,
1592 1156 1619 1187 «
1651 1138 1713 1191 In
1747 1139 1876 1192 Per-

227 1220 376 1285 sida,
404 1243 431 1269 ››
464 1221 687 1275 omissa
709 1221 965 1287 civitate;
989 1222 1068 1277 uti
1095 1223 1274 1278 etiam
1305 1223 1369 1279 ﬁt
1390 1223 1449 1279 in
1496 1225 1877 1280 Rhinoviensi

224 1308 390 1382 apud
409 1324 535 1364 nos.
570 1309 1035 1367 Richenoviense
1052 1326 1190 1367 vero
1203 1318 1490 1369 consonat
1514 1312 1874 1378 Corbeiensi,

224 1398 522 1471 habetque
553 1398 783 1454 civitate
811 1399 1099 1466 Tarrium,
1132 1401 1649 1473 quemadmodum
1679 1404 1876 1459 etCor-

225 1486 462 1543 beiense
487 1487 750 1543 brevius.
779 1487 1025 1560 Reliqua
1071 1489 1645 1562 Hieronymianaaut
1679 1492 1874 1548 solum

223 1576 522 1632 Persidem
543 1576 945 1641 indicant,aut
975 1576 1173 1634 locum
1193 1594 1433 1651 prorsus
1469 1580 1873 1635 omittunt.Sic

221 1665 300 1720 ad
342 1682 392 1721 vi
433 1665 589 1730 Maii,
634 1666 703 1721 In
742 1666 986 1723 Persida
1025 1668 1415 1723 annuntiatur
1454 1674 1695 1724 sanctus
1736 1671 1873 1725 Mat-

2075 858 2324 931 Vivaque
2364 861 2428 917 in
2486 858 2692 919 exusto
2726 858 2973 933 ﬂuniina
3007 864 3171 932 fudit
3223 858 3384 934 agro.

2057 962 2218 1019 ldem
2245 981 2500 1036 rursum,
2530 968 2637 1025 lib.
2658 972 2708 1039 8,
2735 984 2920 1025 carm.
2954 973 3016 1025 4:

1986 1049 2133 1108 Inde
2160 1054 2625 1123 triumphantem
2652 1057 2776 1125 fert
2806 1056 2984 1113 India
3004 1058 3528 1123 Bartholomasum,

2056 1140 2406 1198 Matthasum
2432 1144 2705 1200 eximium
2738 1145 3055 1203 Naddaver
3078 1146 3204 1202 alta
3242 1146 3457 1202 virum.

1988 1226 2050 1281 In
2084 1229 2352 1300 sequenti
2373 1231 2636 1287 carmine
2659 1232 2733 1287 de
2766 1233 3080 1289 Naddaver
3101 1250 3338 1289 rursum
3368 1233 3637 1290 meminit

1988 1316 2359 1381 Fortunatus,
2396 1319 2710 1375 insinuans
2752 1321 3081 1377 Matthaum
3112 1322 3193 1377 ibi
3239 1328 3541 1377 mortuum
3580 1326 3637 1379 et

1983 1404 2292 1475 sepultum,
2320 1408 2835 1478 quemadmodum
2853 1409 3121 1464 Andreas
3148 1410 3353 1474 Patris,
3377 1412 3636 1467 Joannes

1984 1492 2195 1563 Ephesi
2252 1494 2487 1550 fuerunt
2544 1495 2806 1551 defuncti
2863 1500 2922 1551 et
2987 1498 3221 1569 sepulti.
3294 1497 3633 1554 Versiculus

1979 1579 2076 1635 hic
2108 1588 2193 1635 est
2227 1597 2239 1637 :

2052 1669 2204 1737 Quos
2232 1671 2437 1735 Patra,
2461 1688 2601 1743 quos
2621 1672 2912 1741 Ephesus,
2936 1674 3259 1731 Naddaver
3287 1689 3424 1731 arce
3454 1681 3631 1732 tenet.

220 1753 437 1818 thaus,
479 1771 598 1811 non
629 1754 944 1826 designato
972 1757 1216 1828 pr0pius
1250 1758 1508 1828 martyrii
1540 1756 1692 1812 loco.
1748 1756 1871 1813 Flo-
1905 1762 1949 1818 Β
1980 1759 2112 1813 Hac
2136 1758 2510 1827 Fortunatus,
2538 1761 2641 1833 qui
2663 1762 2870 1833 procul
2903 1762 3089 1818 dubio
3115 1762 3364 1818 credidit
3397 1763 3633 1819 Nadda-

220 1844 506 1899 rentinius
545 1845 603 1898 in
638 1844 941 1899 Annotatis
972 1845 1046 1899 ad
1080 1845 1239 1900 hunc
1269 1844 1429 1900 diem
1450 1845 1553 1900 dat
1568 1846 1871 1917 conjectu-

218 1947 349 1987 ram
390 1937 737 2005 sequentem
782 1948 795 1987 :
842 1952 865 1983 ι
900 1931 1183 1989 Tarsiana
1225 1933 1364 1988 urbs
1404 1932 1734 1991 Carmania
1766 1952 1869 1991 seu

223 2020 436 2075 Persia
483 2021 788 2077 Ptolemao
819 2027 925 2087 est,
968 2026 1024 2077 et
1069 2023 1335 2078 Tarsium
1387 2024 1717 2079 Carmania
1764 2039 1869 2081 seu

220 2110 429 2165 Persia
445 2110 1464 2184 promontorium,deqqurrianus
1488 2111 1547 2166 in
1578 2111 1812 2168 Indicis.
1842 2135 1862 2162 ι

218 2198 647 2253 EstCarmania
670 2198 886 2253 Persidi
914 2199 1149 2270 proprie
1175 2199 1345 2255 dicta
1389 2199 1760 2256 contermina
1790 2200 1867 2257 ad

216 2284 414 2341 sinum
449 2286 745 2342 Persicum
779 2280 984 2342 versus
1009 2286 1263 2354 Indiam,
1288 2294 1532 2360 eratque
1566 2290 1881 2361 provincia

213 2373 445 2446 imperii
466 2374 699 2441 Persici,
732 2374 956 2431 habens
970 2375 1046 2430 ad
1061 2376 1218 2431 latus
1234 2377 1615 2447 septemtrion
1625 2378 1715 2433 ale
1730 2378 1869 2434 Par-

206 2463 414 2529 thiam,
443 2464 523 2519 ita
564 2470 626 2519 ut
656 2463 821 2520 facile
854 2465 939 2519 sic
964 2464 1245 2536 explicari
1291 2472 1535 2535 possent
1573 2466 1863 2537 Martyro-

204 2551 383 2625 logia,
407 2568 543 2625 qua
567 2558 816 2609 mortem
838 2552 1036 2609 Sancti
1070 2558 1301 2624 ponunt
1329 2553 1388 2608 in
1415 2554 1647 2609 Perside
1679 2560 1781 2611 aut
1802 2555 1860 2609 in

212 2642 518 2698 montibus
552 2642 920 2707 Parthorum,
953 2656 1213 2713 quorum
1241 2644 1383 2696 tunc
1414 2646 1538 2698 erat
1568 2642 1862 2698 Persicum

213 2730 552 2802 imperium.
569 2733 765 2785 Posset
782 2730 990 2785 similis
1002 2728 1125 2784 fieri
1144 2730 1487 2799 conjectura
1499 2730 1573 2785 de
1603 2732 1860 2787 Tariana

211 2824 314 2875 aut
341 2820 629 2875 Tarsiana
642 2818 898 2882 civitate,
930 2834 1114 2888 quam
1147 2816 1204 2871 in
1224 2818 1498 2882 Susiana,
1523 2817 1706 2873 altera
1733 2821 1861 2873 Per-

214 2906 321 2961 sici
338 2905 572 2978 imperii
592 2904 917 2976 provincia,
941 2910 1207 2958 recenset
1228 2904 1508 2959 Cellarius
1540 2905 1597 2958 in
1612 2906 1862 2973 Geogra-

215 2994 359 3066 phia
388 2994 632 3064 antiqua
645 3007 784 3064 pag.
810 2995 932 3048 488.
954 2990 1150 3047 Neutri
1172 2991 1527 3061 conjectura
1540 2990 1867 3047 obstabunt

1979 1862 2083 1901 ver
2103 1862 2231 1901 esse
2254 1847 2462 1904 urbem
2480 1848 2805 1920 IEthiopia,
2847 1865 2985 1905 cum
3029 1849 3161 1905 loco
3192 1850 3454 1921 primum
3488 1850 3634 1907 alle-

1979 1940 2116 2005 gato
2147 1952 2266 1991 non
2297 1936 2465 2003 alios,
2497 1953 2680 2009 quam
2706 1938 3010 2011 Ethiopes
3044 1939 3354 1995 docentem
3388 1938 3633 1996 inducat

1980 2023 2315 2080 Matthaum
2327 2064 2339 2077 .

2050 2116 2135 2169 59.
2165 2118 2435 2169 Attamen
2466 2114 2776 2169 contraria
2817 2114 3117 2187 opinionis
3163 2119 3254 2170 est
3284 2114 3630 2171 Muratorius

1978 2199 2039 2255 in
2068 2200 2374 2255 Annotatis
2405 2200 2483 2256 ad
2526 2202 2583 2257 S.
2629 2201 2939 2257 Paulinum
2985 2202 3097 2257 col.
3136 2205 3262 2265 451,
3298 2201 3399 2257 ubi
3424 2202 3564 2258 dicit
3612 2218 3626 2258 :

2049 2307 2079 2340 ‹‹
2105 2288 2321 2345 Urbem
2343 2288 2747 2345 Naddaverem
2772 2289 2830 2345 in
2863 2290 3094 2345 Parthia
3109 2290 3366 2362 positam
3385 2290 3628 2346 arbitra-

1975 2392 2090 2440 rer,
2133 2392 2256 2449 quo
2288 2376 2478 2432 sancti
2508 2376 2761 2432 Matthai
2792 2392 2931 2433 ossa
2963 2382 3097 2448 post
3129 2384 3377 2434 mortem
3414 2377 3629 2435 fuerint

1976 2464 2280 2520 translata.
2318 2486 2341 2515 ι
2374 2467 2491 2521 Hoc
2525 2464 2638 2529 illr,
2676 2471 2738 2521 ut
2767 2471 3038 2520 sanctum
3082 2466 3391 2522 Paulinum
3431 2467 3632 2523 conci-

1972 2551 2071 2607 liet
2118 2568 2255 2607 cum
2304 2558 2510 2608 sancto
2555 2554 2839 2610 Venantio
2887 2556 3223 2622 Fortunato,
3279 2554 3524 2610 credens
3569 2555 3629 2611 in

1975 2644 2226 2712 utroque
2241 2654 2422 2710 regno
2444 2641 2801 2713 pradicasse
2826 2642 3181 2712 Matthaum,
3214 2644 3318 2697 sed
3344 2642 3401 2698 in
3416 2642 3629 2698 [Ethio—

1971 2727 2070 2799 pia
2086 2726 2457 2792 defunctum,
2486 2743 2826 2800 corpusque
2839 2744 2907 2784 ex
2935 2727 3300 2800 Ethiopiain
3330 2729 3628 2786 Parthiam

1973 2822 2073 2870 aut
2103 2816 2397 2871 Persidem
2426 2832 2460 2870 a
2483 2815 2798 2889 discipulis
2829 2816 3201 2873 translatum.
3244 2817 3460 2873 Verum
3489 2834 3627 2874 cum

1971 2903 2145 2957 venia
2190 2903 2296 2957 viri
2350 2904 2746 2971 eruditissimi,
2787 2921 2823 2961 a
2860 2905 3069 2977 paucis
3120 2906 3293 2961 annis
3340 2904 3624 2971 defuncti,

1973 2990 2316 3059 conjectura
2353 2990 2453 3046 illa
2483 2991 2629 3047 mihi
2670 2992 2835 3048 omni
2872 2992 3404 3049 verisimilitudinis
3434 2993 3625 3063 specie

216 3082 318 3145 illi,
353 3084 456 3154 qui
488 3081 763 3136 dixerunt
805 3080 1145 3136 Matthaum
1175 3079 1530 3135 occubuisse
1564 3078 1622 3134 in
1657 3079 1866 3135 monti-
1896 3091 1938 3148 (ι
1974 3077 2253 3134 destituta
2288 3078 2532 3147 videtur,
2572 3080 2860 3152 omnique
2891 3096 3090 3137 carere
3123 3079 3531 3136 fundamento.
3567 3080 3626 3137 Si

215 3170 330 3227 bus
353 3170 723 3235 Parthorum,
760 3174 822 3225 ut
848 3167 1213 3240 Freculphus
1244 3167 1537 3239 superius,
1581 3172 1636 3223 et
1662 3168 1867 3223 Petrus

214 3259 289 3315 de
333 3257 639 3315 Natalibus
669 3257 769 3313 lib.
800 3275 915 3321 vui,
968 3272 1099 3328 cap.
1149 3260 1265 3312 100.
1298 3258 1653 3328 Anonymus
1699 3256 1865 3329 apud

215 3347 667 3411 (Ecumenium,
718 3348 819 3419 qui
869 3345 1207 3402 Matthaum
1274 3344 1474 3401 scribit
1531 3346 1752 3401 obiisse
1805 3346 1865 3400 in

214 3438 382 3493 Hiera
408 3436 641 3492 civitate
675 3435 941 3502 Parthia,
975 3439 1121 3490 teste
1153 3432 1530 3499 Florentinio,
1556 3450 1695 3506 pag.
1745 3439 1861 3501 t59,

213 3524 297 3581 uti
330 3529 386 3580 et
416 3540 598 3597 supra
648 3523 1021 3595 Hippolytus,
1081 3528 1136 3576 et
1192 3522 1516 3577 Dorotbeus
1570 3521 1864 3594 Hieropoli

212 3613 488 3679 Parthia,
540 3613 855 3668 nominant
886 3612 1084 3667 locum
1127 3610 1305 3681 plane
1340 3610 1613 3679 ignotum
1645 3610 1703 3664 in
1738 3613 1864 3665 Par-

212 3700 451 3756 thorum
504 3701 767 3771 imperio.
814 3703 926 3755 Nec
970 3714 1332 3769 magnopere
1360 3697 1690 3753 audiendos
1723 3704 1864 3769 puto

210 3789 363 3854 illos,
420 3790 523 3862 qui
576 3788 866 3860 Hierapoli
912 3787 971 3842 in
1035 3788 1204 3858 Syria
1260 3802 1446 3858 prope
1508 3787 1863 3857 Euphratem

212 3878 434 3933 obiisse
478 3877 745 3932 scribunt
789 3875 1146 3941 Matthaum,
1182 3881 1243 3931 ut
1279 3874 1508 3930 Nicetas
1541 3875 1859 3946 Paphlago,

211 3971 486 4021 etauctor
508 3965 817 4036 Menologii
853 3964 1143 4020 Basiliani.
1175 3964 1400 4019 Etenim
1432 3979 1549 4018 non
1589 3963 1863 4019 videntur

211 4054 519 4120 Eusebius,
565 4054 981 4126 Hieronymus,
1013 4054 1490 4125 Chrysostomus,
1535 4051 1862 4107 Theodore-

209 4148 325 4210 tus,
357 4142 573 4217 aliique
600 4146 819 4211 Patres,
852 4144 955 4217 qui
994 4143 1054 4198 in
1088 4142 1257 4215 Syria
1286 4146 1390 4197 aut
1422 4141 1730 4196 Palastina
1756 4139 1861 4195 ﬂo-

208 4240 471 4299 ruerunt,
495 4233 1043 4304 omnesignoraturi
1067 4238 1169 4288 aut
1196 4231 1425 4287 tacituri
1453 4229 1633 4284 fuisse
1659 4229 1856 4283 locum

209 4324 562 4378 mortualein
605 4322 793 4378 sancti
847 4320 1121 4390 Matthai,
1166 4322 1213 4374 si
1257 4316 1551 4387 Hierapoli
1586 4318 1644 4371 in
1690 4316 1859 4388 Syria

206 4411 568 4554 Obgfelticta
624 4496 859 4552 edenda
930 4492 1156 4550 habent
1199 4496 1473 4548 sanctum
1522 4491 1855 4549 Matthaum

209 4585 496 4657 martyrio
526 4588 878 4640 coronatum
919 4599 1049 4638 esse
1081 4582 1139 4638 in
1183 4580 1499 4653 Ethiopia,
1535 4581 1595 4636 in
1624 4580 1857 4638 civitate

208 4674 391 4743 regia,
435 4689 569 4746 qua
598 4672 819 4728 ibidem
840 4671 1171 4739 Natdaber,
1194 4670 1343 4727 alias
1365 4669 1693 4726 Naddaber
1720 4670 1856 4725 scri-

207 4763 387 4819 bitur.
438 4760 736 4818 Sententia
785 4767 983 4816 autem
1039 4760 1165 4815 hac
1204 4760 1279 4814 de
1330 4758 1748 4830 pradicatione
1801 4764 1857 4815 et

210 4858 399 4908 morte
442 4850 631 4906 sancti
660 4850 908 4907 Matthai
935 4849 996 4905 in
1035 4849 1337 4921 Ethiopia
1389 4846 1588 4919 plures
1632 4848 1857 4903 videtur

206 4940 429 4997 habere
460 4945 740 5011 patronos
778 4943 838 4994 et
864 4938 1154 5001 meliores,
1181 4954 1364 5010 quam
1390 4935 1508 4993 ulla
1537 4935 1672 4992 alia.
1705 4938 1853 4991 Nam

206 5034 421 5102 prater
452 5027 731 5084 Rufinum
776 5032 833 5082 et
878 5028 1200 5093 Socratem,
1241 5032 1480 5081 sanctus
1534 5024 1853 5081 Eucherius

209 5117 642 5188 Lugdunensis,
693 5115 944 5187 scriptor
977 5114 1179 5169 saculi
1217 5131 1266 5177 v,
1303 5114 1359 5168 in
1392 5128 1570 5185 opere
1595 5114 1680 5168 De
1706 5128 1851 5184 qua:-

203 5206 496 5264 stionibus
520 5205 660 5261 novi
685 5203 1057 5270 Testamenti,
1088 5209 1229 5257 tom.
1252 5202 1321 5256 VI
1344 5202 1728 5258 Bibliotheca
1742 5202 1853 5257 Pa-

206 5303 364 5351 trum
393 5294 529 5349 edit.
564 5292 837 5363 Lugdun.
879 5306 1014 5364 pag.
1056 5294 1177 5355 852,
1210 5291 1290 5345 ita
1315 5290 1577 5363 loquitur
1608 5308 1621 5344 :
1651 5312 1678 5338 ‹‹
1720 5291 1854 5345 Bar-

206 5382 559 5439 tholomaus
589 5382 648 5436 in
676 5381 873 5449 Indos,
899 5380 1155 5436 Thomas
1184 5378 1426 5433 tetendit
1452 5380 1510 5433 in
1547 5378 1792 5433 Parthos
1836 5394 1848 5433 :

206 5471 507 5529 Matthaus
537 5469 1130 5541 Ethiopes,Andreas
1159 5467 1405 5537 Scythas
1437 5465 1851 5537 pradicatione

206 5559 475 5625 mollivit,
515 5578 545 5612 ν
599 5564 709 5615 etc.
759 5559 814 5614 S.
857 5555 1174 5627 Gregorius
1227 5557 1286 5610 in
1343 5553 1559 5610 librum
1590 5553 1851 5627 primum

1977 3167 2331 3222 Fortunatus
2384 3166 2593 3222 urbem
2643 3168 2957 3224 Naddaver
3000 3170 3061 3224 in
3107 3168 3340 3225 Parthia
3367 3168 3625 3241 positam

1977 3253 2337 3320 credidisset,
2388 3259 2705 3326 postquam
2752 3257 3066 3311 docentem
3120 3257 3418 3329 Ethiopes
3466 3254 3627 3312 exhi-

1973 3342 2187 3398 buerat
2217 3343 2573 3407 Matthaum,
2610 3343 2873 3398 translati
2912 3342 3177 3414 corporis
3212 3343 3387 3398 etiam
3416 3343 3627 3399 memi-

1974 3430 2181 3494 nisset,
2217 3447 2290 3487 ne
2328 3430 2576 3486 lectores
2606 3445 2747 3486 suos
2784 3432 2842 3485 in
2874 3446 3135 3487 errorem
3163 3429 3487 3486 induceret.
3519 3431 3625 3486 Fa-

1973 3518 2141 3573 cilius
2172 3519 2373 3591 itaque
2395 3524 2451 3574 et
2495 3518 2876 3574 verisimilius
2917 3518 3033 3574 dici
3086 3523 3300 3590 potest,
3346 3524 3621 3575 sanctum

1975 3606 2288 3661 Paulinum
2318 3610 2421 3662 aut
2440 3605 2630 3663 solum
2647 3606 2809 3679 loqui
2827 3606 2901 3662 de
2934 3606 3355 3678 pradicatione
3371 3606 3624 3663 Matthai

1974 3693 2137 3763 apud
2162 3695 2423 3759 Parthos,
2471 3693 2570 3749 ubi
2601 3694 2873 3765 ejusdem
2904 3695 3063 3767 aqud
3095 3698 3300 3750 Persas
3333 3694 3623 3766 pradica-

1973 3783 2195 3838 tionem
2210 3782 2590 3839 solummodo
2602 3781 2860 3838 aﬂirmat
2873 3788 3112 3838 sanctus
3131 3783 3478 3838 Ambrosius
3494 3788 3624 3846 :aut

1974 3872 2200 3943 utrique
2258 3871 2457 3927 minus
2507 3874 2849 3942 perspectas
2907 3870 3084 3926 fuisse
3128 3873 3398 3942 regiones
3451 3877 3619 3928 extra

1972 3963 2308 4017 Romanum
2348 3958 2666 4030 imperium
2716 3960 2959 4030 positas,
3001 3959 3257 4031 ideoque
3304 3964 3624 4030 utrumque

1971 4049 2209 4103 credere
2248 4049 2524 4119 potuisse,
2572 4047 2907 4104 Matthaum
2952 4047 3009 4101 in
3062 4046 3364 4118 provincia
3412 4047 3617 4118 aliqua

1970 4135 2349 4191 famosissimi
2415 4135 2644 4204 imperii
2698 4136 2904 4189 Persici
2968 4141 3071 4189 aut
3130 4134 3379 4189 Parthici
3449 4150 3623 4190 occu-

1968 4223 2188 4279 buisse.
2234 4224 2349 4275 Hoc
2393 4228 2618 4276 certum
2648 4226 2753 4288 est,
2795 4228 3069 4277 neutrum
3108 4221 3356 4287 edicere,
3404 4222 3462 4277 in
3497 4238 3620 4293 qua

1968 4315 2136 4383 parte
2164 4309 2435 4365 latissimi
2490 4307 2644 4363 illius
2698 4308 2932 4380 imperii
2991 4308 3163 4364 fuerit
3209 4315 3448 4364 sanctus
3484 4312 3623 4365 Mat-

1892 4374 1938 4431 D
1965 4374 2156 4458 thaus
2184 4419 2196 4455 :
2230 4399 2483 4471 ideoque
2507 4398 2743 4454 illorum
2771 4374 3180 4454 auctoritatem
3215 4414 3336 4454 non
3365 4413 3493 4454 esse
3522 4399 3619 4455 hic

1967 4491 2111 4547 tanti
2138 4488 2493 4553 faciendam,
2518 4487 2727 4560 quanti
2739 4487 2904 4553 foret,
2931 4488 2978 4543 si
3004 4488 3201 4543 minus
3232 4502 3381 4558 vage
3414 4489 3614 4560 loque-

1965 4583 2186 4635 rentur.

2035 4672 2122 4724 60.
2153 4665 2279 4721 Ado
2311 4664 2369 4721 in
2398 4664 2598 4720 libello
2631 4665 2714 4721 De
2736 4664 3166 4734 festivitatibus
3187 4664 3613 4732 apostolorum,

1966 4771 2105 4827 pag.
2135 4757 2203 4812 34
2229 4752 2577 4825 martyrium
2596 4753 2784 4809 sancti
2812 4752 3056 4808 Matthai
3087 4751 3349 4806 similiter
3362 4750 3615 4806 collocat

1963 4860 2021 4917 in
2052 4842 2362 4914 Ethiopia,
2386 4841 2592 4897 dicens
2625 4860 2638 4899 :
2672 4840 2823 4906 «Qui
2846 4842 3073 4912 primus
3101 4839 3156 4893 in
3187 4838 3395 4893 Judaa
3426 4840 3614 4893 Evan-

1963 4931 2186 5003 gelium
2226 4930 2428 4986 Christi
2471 4929 2715 4985 Hebrao
2758 4943 3029 4983 sermone
3070 4925 3439 4998 conscripsit.
3484 4927 3619 4984 Post

1962 5037 2099 5077 vero
2113 5017 2274 5091 apud
2284 5015 2476 5073 Ethio
2483 5017 2642 5089 piam
2657 5014 3370 5087 pradicans,martyrium
3400 5028 3615 5085 passus

1961 5115 2071 5166 est.
2102 5130 2130 5161 ι)
2161 5107 2544 5164 Consentiunt
2571 5104 2854 5162 Rabanus
2874 5110 2931 5159 et
2960 5102 3261 5160 Usuardus
3295 5101 3369 5157 de
3403 5100 3615 5173 pradi-

1960 5197 2190 5255 catione
2236 5199 2292 5251 et
2332 5192 2620 5264 martyrio
2664 5193 2727 5247 in
2773 5191 3083 5263 Ethiopia,
3133 5191 3611 5262 recentioresque

1960 5286 2221 5359 plurimi.
2246 5282 2538 5340 Omnibus
2568 5286 2766 5336 autem
2798 5279 3185 5335 consideratis
3223 5283 3279 5333 et
3308 5277 3613 5350 expensis,

1959 5375 2087 5431 hac
2115 5373 2258 5429 mihi
2289 5372 2580 5426 sententia
2603 5367 2965 5442 probabilior
2994 5367 3241 5436 videtur,
3261 5381 3450 5439 quam
3472 5380 3610 5438 qua

1959 5465 2018 5520 in
2080 5461 2312 5519 Perside
2360 5462 2463 5515 aut
2513 5456 2749 5515 Parthia
2801 5456 3149 5513 defunctum
3193 5455 3390 5513 tradit.
3442 5453 3610 5511 Ratio

1960 5552 2156 5626 prima
2196 5555 2302 5614 est,
2346 5546 2511 5619 quod
2547 5544 2839 5618 Ethiopia
2883 5550 3040 5603 esset
3084 5548 3335 5618 Egypto
3382 5547 3612 5599 conter-
